|raw|<div class="broadcast-blue"><strong>This battle is required to be public due to a player having a name prefixed by 'LT71LX'.</div>
|j|☆LT71LX John W
|j|‽LT71LX EGC
|t:|1597358392
|player|p1|LT71LX John W|cyclistf-gen4|2124
|player|p2|LT71LX EGC|unknown|2115
|teamsize|p1|6
|teamsize|p2|6
|gametype|singles
|gen|8
|tier|[Gen 8] OU
|rated|
|clearpoke
|poke|p1|Kyurem|
|poke|p1|Corviknight, F|
|poke|p1|Ditto|
|poke|p1|Toxapex, M|
|poke|p1|Clefable, F|
|poke|p1|Blissey, F|
|poke|p2|Skarmory, F|
|poke|p2|Clefable, M|
|poke|p2|Bisharp, F|
|poke|p2|Dragapult, F|
|poke|p2|Togekiss, M|
|poke|p2|Seismitoad, F|
|rule|Sleep Clause Mod: Limit one foe put to sleep
|rule|Species Clause: Limit one of each Pokémon
|rule|OHKO Clause: OHKO moves are banned
|rule|Evasion Moves Clause: Evasion moves are banned
|rule|Endless Battle Clause: Forcing endless battles is banned
|rule|HP Percentage Mod: HP is shown in percentages
|rule|Dynamax Clause: You cannot dynamax
|teampreview
|j| Destro16
|j| LT71LXJaggermaster
|j| LT71LX Sam
|j| zedhatool
|j| Sagiri I.
|j| LT71LX Luthier
|j| quinomak
|j| r/chonkers
|j| Boulicrok
|j| lt71lx juuls
|j| whyad
|j| best interest
|j|+Cdumas
|j| LT71LX Ciudadanos
|j| WG Hitman
|j| RNN YasuKe
|j| Mannat
|j| Livio ElTito
|j| lt71lx tace
|l| lt71lx juuls
|j| studying in tab
|j| LT71LX XVR
|j| ShadowPork
|j| Theo Mani Fan Club
|j| 10 bucks shot
|j| LT71LX Doom
|l| studying in tab
|j| LT71LX Ant
|j| brouha
|j| cleann
|j| LLLiolae
|j| SOULWIND
|j| 67463sfggh
|j| The Resolute One
|j| 64 squares
|j| Yuic
|j|+Sacri
|j| o v e r g o d
|j| ayevon
|j| LT71LX VTFroakies
|l|+Sacri
|j| lt71lx bfl
|j| Ox the Fox
|j| LT71LX PK
|j|+mj
|j| Iarimm
|j| GOATDON
|j| lt71lx cuzzie
|j| Glizzy Goat Ves
|j| Sebilin1125
|j| NDUUG Ninho
|j| duppyduppy
|l| lt71lx cuzzie
|j| Bdlc
|j| Black_Knight777
|inactive|Battle timer is ON: inactive players will automatically lose when time's up. (requested by LT71LX John W)
|
|t:|1597358453
|start
|switch|p1a: Clefable|Clefable, F|100/100
|switch|p2a: Dragapult|Dragapult, F|100/100
|turn|1
|j|+ShinyAzelf
|j| LowGxeDoritos
|j| Skruun
|l| LowGxeDoritos
|
|t:|1597358464
|move|p2a: Dragapult|Thunder Wave|p1a: Clefable
|-status|p1a: Clefable|par
|move|p1a: Clefable|Moonblast|p2a: Dragapult
|-supereffective|p2a: Dragapult
|-damage|p2a: Dragapult|28/100
|
|upkeep
|turn|2
|j| Jey2
|j|+Perry
|j| starmie5432
|j| Saltompero
|
|t:|1597358470
|switch|p1a: Toxapex|Toxapex, M|100/100
|move|p2a: Dragapult|U-turn|p1a: Toxapex
|-resisted|p1a: Toxapex
|-damage|p1a: Toxapex|95/100
|-damage|p2a: Dragapult|11/100|[from] item: Rocky Helmet|[of] p1a: Toxapex
|j| PepeDuce
|j| mofuke
|j| Chapoa
|
|t:|1597358482
|switch|p2a: Seismitoad|Seismitoad, F|100/100|[from]move: U-turn
|
|upkeep
|turn|3
|j| Vessev
|
|t:|1597358488
|move|p2a: Seismitoad|Stealth Rock|p1a: Toxapex
|-sidestart|p1: LT71LX John W|move: Stealth Rock
|move|p1a: Toxapex|Knock Off|p2a: Seismitoad
|-damage|p2a: Seismitoad|83/100
|-enditem|p2a: Seismitoad|Leftovers|[from] move: Knock Off|[of] p1a: Toxapex
|
|upkeep
|turn|4
|
|t:|1597358492
|switch|p2a: Skarmory|Skarmory, F|100/100
|switch|p1a: Kyurem|Kyurem|100/100
|-ability|p1a: Kyurem|Pressure
|
|upkeep
|turn|5
|j| sergefgwefsefs<ef
|l| Vessev
|j| bro tang
|
|t:|1597358502
|switch|p1a: Corviknight|Corviknight, F|100/100
|-damage|p1a: Corviknight|88/100|[from] Stealth Rock
|-ability|p1a: Corviknight|Pressure
|move|p2a: Skarmory|Spikes|p1a: Corviknight
|-sidestart|p1: LT71LX John W|Spikes
|
|upkeep
|turn|6
|l| Yuic
|
|t:|1597358508
|move|p2a: Skarmory|Taunt|p1a: Corviknight
|-start|p1a: Corviknight|move: Taunt
|cant|p1a: Corviknight|move: Taunt|Defog
|
|upkeep
|turn|7
|j| QuilavaBest
|
|t:|1597358511
|move|p2a: Skarmory|Spikes|p1a: Corviknight
|-sidestart|p1: LT71LX John W|Spikes
|move|p1a: Corviknight|U-turn|p2a: Skarmory
|-resisted|p2a: Skarmory
|-damage|p2a: Skarmory|98/100
|j| BoomBoomBoo
|
|t:|1597358516
|switch|p1a: Toxapex|Toxapex, M|100/100|[from]move: U-turn
|-damage|p1a: Toxapex|88/100|[from] Stealth Rock
|-damage|p1a: Toxapex|72/100|[from] Spikes
|
|upkeep
|turn|8
|j| Devil Patchy
|
|t:|1597358520
|move|p2a: Skarmory|Spikes|p1a: Toxapex
|-sidestart|p1: LT71LX John W|Spikes
|move|p1a: Toxapex|Scald|p2a: Skarmory
|-damage|p2a: Skarmory|77/100
|-status|p2a: Skarmory|brn
|
|-damage|p2a: Skarmory|71/100 brn|[from] brn
|upkeep
|turn|9
|
|t:|1597358530
|move|p2a: Skarmory|Roost|p2a: Skarmory
|-heal|p2a: Skarmory|100/100 brn
|-singleturn|p2a: Skarmory|move: Roost
|move|p1a: Toxapex|Knock Off|p2a: Skarmory
|-damage|p2a: Skarmory|92/100 brn
|-enditem|p2a: Skarmory|Shed Shell|[from] move: Knock Off|[of] p1a: Toxapex
|
|-damage|p2a: Skarmory|86/100 brn|[from] brn
|upkeep
|turn|10
|
|t:|1597358532
|move|p1a: Toxapex|Knock Off|p2a: Skarmory
|-damage|p2a: Skarmory|80/100 brn
|move|p2a: Skarmory|Whirlwind|p1a: Toxapex
|drag|p1a: Ditto|Ditto, shiny|100/100
|-damage|p1a: Ditto|88/100|[from] Stealth Rock
|-damage|p1a: Ditto|63/100|[from] Spikes
|-transform|p1a: Ditto|p2a: Skarmory|[from] ability: Imposter
|
|-damage|p2a: Skarmory|74/100 brn|[from] brn
|upkeep
|turn|11
|j| LT71LX ayouko
|j| sup kid
|
|t:|1597358544
|switch|p2a: Bisharp|Bisharp, F|100/100
|move|p1a: Ditto|Spikes|p2a: Bisharp
|-sidestart|p2: LT71LX EGC|Spikes
|
|upkeep
|turn|12
|
|t:|1597358552
|switch|p1a: Corviknight|Corviknight, F|88/100
|-damage|p1a: Corviknight|76/100|[from] Stealth Rock
|-ability|p1a: Corviknight|Pressure
|move|p2a: Bisharp|Swords Dance|p2a: Bisharp
|-boost|p2a: Bisharp|atk|2
|
|upkeep
|turn|13
|j| SpikeUpOnTheSwitch
|l| SpikeUpOnTheSwitch
|j| Jun10w
|j| LT71LX Jyt
|j| S-Baleno
|l| Jun10w
|
|t:|1597358573
|switch|p2a: Dragapult|Dragapult, F|11/100
|move|p1a: Corviknight|Body Press|p2a: Dragapult
|-immune|p2a: Dragapult
|
|upkeep
|turn|14
|j| olt fasting
|
|t:|1597358578
|move|p2a: Dragapult|Will-O-Wisp|p1a: Corviknight
|-status|p1a: Corviknight|brn
|move|p1a: Corviknight|Defog|p2a: Dragapult
|-unboost|p2a: Dragapult|evasion|1
|-sideend|p2: LT71LX EGC|Spikes|[from] move: Defog|[of] p1a: Corviknight
|-sideend|p1: LT71LX John W|Spikes|[from] move: Defog|[of] p1a: Corviknight
|-sideend|p1: LT71LX John W|Stealth Rock|[from] move: Defog|[of] p1a: Corviknight
|
|-damage|p1a: Corviknight|70/100 brn|[from] brn
|upkeep
|turn|15
|
|t:|1597358582
|switch|p1a: Toxapex|Toxapex, M|100/100
|move|p2a: Dragapult|Hex|p1a: Toxapex
|-damage|p1a: Toxapex|82/100
|
|upkeep
|turn|16
|
|t:|1597358589
|switch|p2a: Seismitoad|Seismitoad, F|83/100
|switch|p1a: Kyurem|Kyurem|100/100
|-ability|p1a: Kyurem|Pressure
|
|upkeep
|turn|17
|l| sup kid
|
|t:|1597358594
|switch|p2a: Clefable|Clefable, M|100/100
|move|p1a: Kyurem|Freeze-Dry|p2a: Clefable
|-damage|p2a: Clefable|71/100
|
|-heal|p2a: Clefable|77/100|[from] item: Leftovers
|upkeep
|turn|18
|
|t:|1597358598
|move|p1a: Kyurem|Icicle Spear|p2a: Clefable
|-damage|p2a: Clefable|68/100
|-damage|p2a: Clefable|58/100
|-damage|p2a: Clefable|48/100
|-damage|p2a: Clefable|39/100
|-hitcount|p2a: Clefable|4
|move|p2a: Clefable|Calm Mind|p2a: Clefable
|-boost|p2a: Clefable|spa|1
|-boost|p2a: Clefable|spd|1
|
|-heal|p2a: Clefable|45/100|[from] item: Leftovers
|upkeep
|turn|19
|
|t:|1597358605
|move|p1a: Kyurem|Icicle Spear|p2a: Clefable
|-damage|p2a: Clefable|35/100
|-damage|p2a: Clefable|26/100
|-hitcount|p2a: Clefable|2
|move|p2a: Clefable|Soft-Boiled|p2a: Clefable
|-heal|p2a: Clefable|76/100
|
|-heal|p2a: Clefable|82/100|[from] item: Leftovers
|upkeep
|turn|20
|l| QuilavaBest
|
|t:|1597358609
|switch|p1a: Toxapex|Toxapex, M|100/100
|move|p2a: Clefable|Thunder Wave|p1a: Toxapex
|-status|p1a: Toxapex|par
|
|-heal|p2a: Clefable|89/100|[from] item: Leftovers
|upkeep
|turn|21
|
|t:|1597358615
|switch|p2a: Seismitoad|Seismitoad, F|83/100
|cant|p1a: Toxapex|par
|
|upkeep
|turn|22
|
|t:|1597358619
|switch|p1a: Corviknight|Corviknight, F|70/100 brn
|-ability|p1a: Corviknight|Pressure
|move|p2a: Seismitoad|Stealth Rock|p1a: Corviknight
|-sidestart|p1: LT71LX John W|move: Stealth Rock
|
|-damage|p1a: Corviknight|64/100 brn|[from] brn
|upkeep
|turn|23
|j| Mahanon
|
|t:|1597358621
|switch|p2a: Bisharp|Bisharp, F|100/100
|move|p1a: Corviknight|Defog|p2a: Bisharp
|-unboost|p2a: Bisharp|evasion|1
|-ability|p2a: Bisharp|Defiant
|-boost|p2a: Bisharp|atk|2
|-sideend|p1: LT71LX John W|Stealth Rock|[from] move: Defog|[of] p1a: Corviknight
|
|-damage|p1a: Corviknight|58/100 brn|[from] brn
|upkeep
|turn|24
|
|t:|1597358626
|move|p2a: Bisharp|Knock Off|p1a: Corviknight
|-damage|p1a: Corviknight|0 fnt
|-enditem|p1a: Corviknight|Shed Shell|[from] move: Knock Off|[of] p2a: Bisharp
|faint|p1a: Corviknight
|
|upkeep
|
|t:|1597358628
|switch|p1a: Ditto|Ditto, shiny|63/100
|-transform|p1a: Ditto|p2a: Bisharp|[from] ability: Imposter
|turn|25
|j| Zenadark
|j| LT71LX Chati
|
|t:|1597358637
|move|p1a: Ditto|Knock Off|p2a: Bisharp
|-resisted|p2a: Bisharp
|-damage|p2a: Bisharp|47/100
|-enditem|p2a: Bisharp|Leftovers|[from] move: Knock Off|[of] p1a: Ditto
|move|p2a: Bisharp|Knock Off|p1a: Ditto
|-resisted|p1a: Ditto
|-damage|p1a: Ditto|3/100
|-enditem|p1a: Ditto|Choice Scarf|[from] move: Knock Off|[of] p2a: Bisharp
|
|upkeep
|turn|26
|j| LT71LX Lyster 123
|
|t:|1597358653
|move|p1a: Ditto|Sucker Punch|p2a: Bisharp
|-resisted|p2a: Bisharp
|-damage|p2a: Bisharp|8/100
|move|p2a: Bisharp|Knock Off|p1a: Ditto
|-resisted|p1a: Ditto
|-damage|p1a: Ditto|0 fnt
|faint|p1a: Ditto
|
|upkeep
|
|t:|1597358657
|switch|p1a: Kyurem|Kyurem|100/100
|-ability|p1a: Kyurem|Pressure
|turn|27
|
|t:|1597358659
|move|p1a: Kyurem|Freeze-Dry|p2a: Bisharp
|-resisted|p2a: Bisharp
|-damage|p2a: Bisharp|0 fnt
|faint|p2a: Bisharp
|
|upkeep
|
|t:|1597358661
|switch|p2a: Dragapult|Dragapult, F|11/100
|turn|28
|j| Wertsd26
|j| strealet❄
|j| Pidgey Gordito
|
|t:|1597358669
|switch|p1a: Toxapex|Toxapex, M|100/100 par
|move|p2a: Dragapult|Thunder Wave|p1a: Toxapex
|-fail|p1a: Toxapex|par
|
|upkeep
|turn|29
|
|t:|1597358675
|switch|p1a: Kyurem|Kyurem|100/100
|-ability|p1a: Kyurem|Pressure
|move|p2a: Dragapult|Thunder Wave|p1a: Kyurem
|-status|p1a: Kyurem|par
|
|upkeep
|turn|30
|j| theopheno
|l| LT71LX Chati
|c| LT71LXJaggermaster|pa casa PETEEEE
|c| Sagiri I.|JESUCRISTOOOOOOOO
|c| Chapoa|Very cool play
|l| Mahanon
|inactive|LT71LX EGC has 120 seconds left.
|l| 64 squares
|c| Theo Mani Fan Club|EGC is like anti-stall stall
|n| LYSTER|lt71lxlyster123
|
|t:|1597358711
|move|p2a: Dragapult|Hex|p1a: Kyurem
|-damage|p1a: Kyurem|59/100 par
|move|p1a: Kyurem|Freeze-Dry|p2a: Dragapult
|-supereffective|p2a: Dragapult
|-damage|p2a: Dragapult|0 fnt
|faint|p2a: Dragapult
|
|upkeep
|c| LYSTER|Go Edgar
|
|t:|1597358714
|switch|p2a: Clefable|Clefable, M|89/100
|turn|31
|l| Wertsd26
|
|t:|1597358718
|switch|p1a: Toxapex|Toxapex, M|100/100 par
|move|p2a: Clefable|Moonblast|p1a: Toxapex
|-resisted|p1a: Toxapex
|-damage|p1a: Toxapex|89/100 par
|
|-heal|p2a: Clefable|95/100|[from] item: Leftovers
|upkeep
|turn|32
|
|t:|1597358722
|switch|p2a: Seismitoad|Seismitoad, F|83/100
|move|p1a: Toxapex|Knock Off|p2a: Seismitoad
|-damage|p2a: Seismitoad|72/100
|
|upkeep
|turn|33
|l| The Resolute One
|
|t:|1597358727
|switch|p1a: Clefable|Clefable, F|100/100 par
|move|p2a: Seismitoad|Earthquake|p1a: Clefable
|-damage|p1a: Clefable|74/100 par
|
|-heal|p1a: Clefable|80/100 par|[from] item: Leftovers
|upkeep
|turn|34
|l| LYSTER
|
|t:|1597358731
|move|p2a: Seismitoad|Stealth Rock|p1a: Clefable
|-sidestart|p1: LT71LX John W|move: Stealth Rock
|cant|p1a: Clefable|par
|
|-heal|p1a: Clefable|86/100 par|[from] item: Leftovers
|upkeep
|turn|35
|c| Chapoa|Clef probably wins long term
|
|t:|1597358750
|move|p2a: Seismitoad|Earthquake|p1a: Clefable
|-damage|p1a: Clefable|62/100 par
|move|p1a: Clefable|Stealth Rock|p2a: Seismitoad
|-sidestart|p2: LT71LX EGC|move: Stealth Rock
|
|-heal|p1a: Clefable|68/100 par|[from] item: Leftovers
|upkeep
|turn|36
|
|t:|1597358754
|move|p2a: Seismitoad|Earthquake|p1a: Clefable
|-crit|p1a: Clefable
|-damage|p1a: Clefable|28/100 par
|move|p1a: Clefable|Soft-Boiled|p1a: Clefable
|-heal|p1a: Clefable|78/100 par
|
|-heal|p1a: Clefable|84/100 par|[from] item: Leftovers
|upkeep
|turn|37
|
|t:|1597358757
|move|p2a: Seismitoad|Earthquake|p1a: Clefable
|-damage|p1a: Clefable|60/100 par
|move|p1a: Clefable|Moonblast|p2a: Seismitoad
|-damage|p2a: Seismitoad|51/100
|
|-heal|p1a: Clefable|66/100 par|[from] item: Leftovers
|upkeep
|turn|38
|
|t:|1597358759
|switch|p2a: Togekiss|Togekiss, M|100/100
|move|p1a: Clefable|Soft-Boiled|p1a: Clefable
|-heal|p1a: Clefable|100/100 par
|
|upkeep
|turn|39
|j| LYSTER
|
|t:|1597358764
|switch|p1a: Blissey|Blissey, F|100/100
|move|p2a: Togekiss|Nasty Plot|p2a: Togekiss
|-boost|p2a: Togekiss|spa|2
|
|upkeep
|turn|40
|c| Chapoa|Or this
|
|t:|1597358767
|move|p2a: Togekiss|Nasty Plot|p2a: Togekiss
|-boost|p2a: Togekiss|spa|2
|move|p1a: Blissey|Toxic|p2a: Togekiss
|-status|p2a: Togekiss|tox
|
|-damage|p2a: Togekiss|94/100 tox|[from] psn
|upkeep
|turn|41
|
|t:|1597358770
|move|p2a: Togekiss|Air Slash|p1a: Blissey|[miss]
|-miss|p2a: Togekiss|p1a: Blissey
|move|p1a: Blissey|Toxic|p2a: Togekiss
|-fail|p2a: Togekiss|tox
|
|-damage|p2a: Togekiss|82/100 tox|[from] psn
|upkeep
|turn|42
|
|t:|1597358772
|switch|p2a: Clefable|Clefable, M|95/100
|move|p1a: Blissey|Seismic Toss|p2a: Clefable
|-damage|p2a: Clefable|69/100
|
|-heal|p2a: Clefable|75/100|[from] item: Leftovers
|upkeep
|turn|43
|c| Sagiri I.|VAMOS ESPAÑA PEGA CON FUERZA
|
|t:|1597358778
|switch|p1a: Clefable|Clefable, F|100/100 par
|move|p2a: Clefable|Calm Mind|p2a: Clefable
|-boost|p2a: Clefable|spa|1
|-boost|p2a: Clefable|spd|1
|
|-heal|p2a: Clefable|81/100|[from] item: Leftovers
|upkeep
|turn|44
|
|t:|1597358781
|move|p2a: Clefable|Calm Mind|p2a: Clefable
|-boost|p2a: Clefable|spa|1
|-boost|p2a: Clefable|spd|1
|move|p1a: Clefable|Knock Off|p2a: Clefable
|-resisted|p2a: Clefable
|-damage|p2a: Clefable|75/100
|-enditem|p2a: Clefable|Leftovers|[from] move: Knock Off|[of] p1a: Clefable
|
|upkeep
|turn|45
|
|t:|1597358783
|switch|p1a: Toxapex|Toxapex, M|100/100 par
|-damage|p1a: Toxapex|88/100 par|[from] Stealth Rock
|move|p2a: Clefable|Calm Mind|p2a: Clefable
|-boost|p2a: Clefable|spa|1
|-boost|p2a: Clefable|spd|1
|
|upkeep
|turn|46
|
|t:|1597358785
|move|p2a: Clefable|Moonblast|p1a: Toxapex
|-resisted|p1a: Toxapex
|-crit|p1a: Toxapex
|-damage|p1a: Toxapex|43/100 par
|move|p1a: Toxapex|Haze|p1a: Toxapex
|-clearallboost
|
|upkeep
|turn|47
|
|t:|1597358788
|move|p2a: Clefable|Calm Mind|p2a: Clefable
|-boost|p2a: Clefable|spa|1
|-boost|p2a: Clefable|spd|1
|move|p1a: Toxapex|Recover|p1a: Toxapex
|-heal|p1a: Toxapex|93/100 par
|
|upkeep
|turn|48
|l| r/chonkers
|
|t:|1597358790
|move|p2a: Clefable|Calm Mind|p2a: Clefable
|-boost|p2a: Clefable|spa|1
|-boost|p2a: Clefable|spd|1
|move|p1a: Toxapex|Haze|p1a: Toxapex
|-clearallboost
|
|upkeep
|turn|49
|
|t:|1597358793
|switch|p2a: Skarmory|Skarmory, F|74/100 brn
|-damage|p2a: Skarmory|62/100 brn|[from] Stealth Rock
|move|p1a: Toxapex|Knock Off|p2a: Skarmory
|-damage|p2a: Skarmory|56/100 brn
|
|-damage|p2a: Skarmory|50/100 brn|[from] brn
|upkeep
|turn|50
|
|t:|1597358796
|switch|p1a: Kyurem|Kyurem|59/100 par
|-ability|p1a: Kyurem|Pressure
|move|p2a: Skarmory|Spikes|p1a: Kyurem
|-sidestart|p1: LT71LX John W|Spikes
|
|-damage|p2a: Skarmory|44/100 brn|[from] brn
|upkeep
|turn|51
|j| Lanceybear
|
|t:|1597358801
|move|p2a: Skarmory|Roost|p2a: Skarmory
|-heal|p2a: Skarmory|94/100 brn
|-singleturn|p2a: Skarmory|move: Roost
|move|p1a: Kyurem|Freeze-Dry|p2a: Skarmory
|-resisted|p2a: Skarmory
|-damage|p2a: Skarmory|73/100 brn
|
|-damage|p2a: Skarmory|67/100 brn|[from] brn
|upkeep
|turn|52
|
|t:|1597358804
|move|p2a: Skarmory|Roost|p2a: Skarmory
|-heal|p2a: Skarmory|100/100 brn
|-singleturn|p2a: Skarmory|move: Roost
|move|p1a: Kyurem|Freeze-Dry|p2a: Skarmory
|-resisted|p2a: Skarmory
|-damage|p2a: Skarmory|79/100 brn
|
|-damage|p2a: Skarmory|73/100 brn|[from] brn
|upkeep
|turn|53
|
|t:|1597358807
|move|p2a: Skarmory|Spikes|p1a: Kyurem
|-sidestart|p1: LT71LX John W|Spikes
|move|p1a: Kyurem|Roost|p1a: Kyurem
|-heal|p1a: Kyurem|100/100 par
|-singleturn|p1a: Kyurem|move: Roost
|
|-damage|p2a: Skarmory|67/100 brn|[from] brn
|upkeep
|turn|54
|
|t:|1597358811
|move|p2a: Skarmory|Roost|p2a: Skarmory
|-heal|p2a: Skarmory|100/100 brn
|-singleturn|p2a: Skarmory|move: Roost
|move|p1a: Kyurem|Freeze-Dry|p2a: Skarmory
|-resisted|p2a: Skarmory
|-damage|p2a: Skarmory|77/100 brn
|
|-damage|p2a: Skarmory|71/100 brn|[from] brn
|upkeep
|turn|55
|l| lt71lx bfl
|
|t:|1597358816
|move|p2a: Skarmory|Spikes|p1a: Kyurem
|-sidestart|p1: LT71LX John W|Spikes
|move|p1a: Kyurem|Freeze-Dry|p2a: Skarmory
|-damage|p2a: Skarmory|24/100 brn
|
|-damage|p2a: Skarmory|18/100 brn|[from] brn
|upkeep
|turn|56
|
|t:|1597358819
|move|p2a: Skarmory|Roost|p2a: Skarmory
|-heal|p2a: Skarmory|68/100 brn
|-singleturn|p2a: Skarmory|move: Roost
|move|p1a: Kyurem|Freeze-Dry|p2a: Skarmory
|-resisted|p2a: Skarmory
|-damage|p2a: Skarmory|45/100 brn
|
|-damage|p2a: Skarmory|39/100 brn|[from] brn
|upkeep
|turn|57
|
|t:|1597358824
|move|p2a: Skarmory|Roost|p2a: Skarmory
|-heal|p2a: Skarmory|89/100 brn
|-singleturn|p2a: Skarmory|move: Roost
|move|p1a: Kyurem|Freeze-Dry|p2a: Skarmory
|-resisted|p2a: Skarmory
|-damage|p2a: Skarmory|66/100 brn
|
|-damage|p2a: Skarmory|60/100 brn|[from] brn
|upkeep
|turn|58
|n| 67463sfggh|67463sfggh
|
|t:|1597358828
|move|p2a: Skarmory|Roost|p2a: Skarmory
|-heal|p2a: Skarmory|100/100 brn
|-singleturn|p2a: Skarmory|move: Roost
|move|p1a: Kyurem|Freeze-Dry|p2a: Skarmory
|-resisted|p2a: Skarmory
|-damage|p2a: Skarmory|79/100 brn
|
|-damage|p2a: Skarmory|73/100 brn|[from] brn
|upkeep
|turn|59
|l| Lanceybear
|
|t:|1597358830
|move|p1a: Kyurem|Freeze-Dry|p2a: Skarmory
|-damage|p2a: Skarmory|31/100 brn
|move|p2a: Skarmory|Whirlwind|p1a: Kyurem
|drag|p1a: Toxapex|Toxapex, M|100/100 par
|-damage|p1a: Toxapex|76/100 par|[from] Spikes
|-damage|p1a: Toxapex|64/100 par|[from] Stealth Rock
|
|-damage|p2a: Skarmory|25/100 brn|[from] brn
|upkeep
|turn|60
|
|t:|1597358835
|switch|p1a: Kyurem|Kyurem|100/100 par
|-ability|p1a: Kyurem|Pressure
|move|p2a: Skarmory|Roost|p2a: Skarmory
|-heal|p2a: Skarmory|75/100 brn
|-singleturn|p2a: Skarmory|move: Roost
|
|-damage|p2a: Skarmory|69/100 brn|[from] brn
|upkeep
|turn|61
|
|t:|1597358845
|move|p2a: Skarmory|Roost|p2a: Skarmory
|-heal|p2a: Skarmory|100/100 brn
|-singleturn|p2a: Skarmory|move: Roost
|move|p1a: Kyurem|Freeze-Dry|p2a: Skarmory
|-resisted|p2a: Skarmory
|-damage|p2a: Skarmory|79/100 brn
|
|-damage|p2a: Skarmory|73/100 brn|[from] brn
|upkeep
|turn|62
|l| Jey2
|
|t:|1597358849
|move|p1a: Kyurem|Freeze-Dry|p2a: Skarmory
|-damage|p2a: Skarmory|32/100 brn
|move|p2a: Skarmory|Whirlwind|p1a: Kyurem
|drag|p1a: Blissey|Blissey, F|100/100
|
|-damage|p2a: Skarmory|26/100 brn|[from] brn
|upkeep
|turn|63
|
|t:|1597358855
|move|p2a: Skarmory|Roost|p2a: Skarmory
|-heal|p2a: Skarmory|76/100 brn
|-singleturn|p2a: Skarmory|move: Roost
|move|p1a: Blissey|Seismic Toss|p2a: Skarmory
|-damage|p2a: Skarmory|46/100 brn
|
|-damage|p2a: Skarmory|40/100 brn|[from] brn
|upkeep
|turn|64
|
|t:|1597358860
|move|p2a: Skarmory|Roost|p2a: Skarmory
|-heal|p2a: Skarmory|90/100 brn
|-singleturn|p2a: Skarmory|move: Roost
|move|p1a: Blissey|Seismic Toss|p2a: Skarmory
|-damage|p2a: Skarmory|60/100 brn
|
|-damage|p2a: Skarmory|54/100 brn|[from] brn
|upkeep
|turn|65
|
|t:|1597358864
|switch|p2a: Clefable|Clefable, M|75/100
|move|p1a: Blissey|Seismic Toss|p2a: Clefable
|-damage|p2a: Clefable|50/100
|
|upkeep
|turn|66
|
|t:|1597358867
|move|p2a: Clefable|Soft-Boiled|p2a: Clefable
|-heal|p2a: Clefable|99/100
|move|p1a: Blissey|Seismic Toss|p2a: Clefable
|-damage|p2a: Clefable|75/100
|
|upkeep
|turn|67
|
|t:|1597358869
|move|p2a: Clefable|Calm Mind|p2a: Clefable
|-boost|p2a: Clefable|spa|1
|-boost|p2a: Clefable|spd|1
|move|p1a: Blissey|Seismic Toss|p2a: Clefable
|-damage|p2a: Clefable|49/100
|
|upkeep
|turn|68
|
|t:|1597358874
|move|p2a: Clefable|Calm Mind|p2a: Clefable
|-boost|p2a: Clefable|spa|1
|-boost|p2a: Clefable|spd|1
|move|p1a: Blissey|Teleport|p1a: Blissey
|
|t:|1597358875
|switch|p1a: Toxapex|Toxapex, M|97/100 par|[from]move: Teleport
|-damage|p1a: Toxapex|72/100 par|[from] Spikes
|-damage|p1a: Toxapex|60/100 par|[from] Stealth Rock
|
|upkeep
|turn|69
|
|t:|1597358877
|move|p2a: Clefable|Moonblast|p1a: Toxapex
|-resisted|p1a: Toxapex
|-damage|p1a: Toxapex|37/100 par
|-unboost|p1a: Toxapex|spa|1
|move|p1a: Toxapex|Haze|p1a: Toxapex
|-clearallboost
|
|upkeep
|turn|70
|
|t:|1597358881
|move|p2a: Clefable|Soft-Boiled|p2a: Clefable
|-heal|p2a: Clefable|99/100
|move|p1a: Toxapex|Recover|p1a: Toxapex
|-heal|p1a: Toxapex|87/100 par
|
|upkeep
|turn|71
|
|t:|1597358886
|move|p2a: Clefable|Calm Mind|p2a: Clefable
|-boost|p2a: Clefable|spa|1
|-boost|p2a: Clefable|spd|1
|move|p1a: Toxapex|Haze|p1a: Toxapex
|-clearallboost
|
|upkeep
|turn|72
|
|t:|1597358890
|switch|p2a: Togekiss|Togekiss, M|82/100 tox
|move|p1a: Toxapex|Scald|p2a: Togekiss
|-damage|p2a: Togekiss|70/100 tox
|
|-damage|p2a: Togekiss|64/100 tox|[from] psn
|upkeep
|turn|73
|c| Livio ElTito|¿Hay algún español con posibilidades aparte de egal y SW?
|l| Ox the Fox
|
|t:|1597358895
|switch|p1a: Blissey|Blissey, F|100/100
|move|p2a: Togekiss|Heal Bell|p2a: Togekiss
|-activate|p2a: Togekiss|move: Heal Bell
|-curestatus|p2a: Togekiss|tox|[msg]
|-curestatus|p2: Skarmory|brn|[msg]
|
|upkeep
|turn|74
|c| LT71LXJaggermaster|NO
|
|t:|1597358899
|switch|p2a: Clefable|Clefable, M|99/100
|move|p1a: Blissey|Toxic|p2a: Clefable
|-status|p2a: Clefable|tox
|
|upkeep
|turn|75
|c| LT71LXJaggermaster|yo para el dos
|
|t:|1597358903
|move|p2a: Clefable|Calm Mind|p2a: Clefable
|-boost|p2a: Clefable|spa|1
|-boost|p2a: Clefable|spd|1
|move|p1a: Blissey|Seismic Toss|p2a: Clefable
|-damage|p2a: Clefable|74/100 tox
|
|upkeep
|turn|76
|c| LT71LXJaggermaster|me reservo pete
|
|t:|1597358906
|switch|p1a: Toxapex|Toxapex, M|100/100 par
|-damage|p1a: Toxapex|88/100 par|[from] Stealth Rock
|-damage|p1a: Toxapex|64/100 par|[from] Spikes
|move|p2a: Clefable|Calm Mind|p2a: Clefable
|-boost|p2a: Clefable|spa|1
|-boost|p2a: Clefable|spd|1
|
|upkeep
|turn|77
|c| LYSTER|Yako para cuando clasificas
|
|t:|1597358913
|move|p2a: Clefable|Moonblast|p1a: Toxapex
|-resisted|p1a: Toxapex
|-damage|p1a: Toxapex|39/100 par
|move|p1a: Toxapex|Haze|p1a: Toxapex
|-clearallboost
|
|upkeep
|turn|78
|j| MS3D
|
|t:|1597358915
|move|p2a: Clefable|Calm Mind|p2a: Clefable
|-boost|p2a: Clefable|spa|1
|-boost|p2a: Clefable|spd|1
|move|p1a: Toxapex|Recover|p1a: Toxapex
|-heal|p1a: Toxapex|89/100 par
|
|upkeep
|turn|79
|c| LT71LX XVR|sagiri 1000 games noo
|
|t:|1597358919
|move|p2a: Clefable|Moonblast|p1a: Toxapex
|-resisted|p1a: Toxapex
|-damage|p1a: Toxapex|72/100 par
|-unboost|p1a: Toxapex|spa|1
|move|p1a: Toxapex|Haze|p1a: Toxapex
|-clearallboost
|
|upkeep
|turn|80
|c| LT71LXJaggermaster|a ver soy malo en gen 8
|
|t:|1597358923
|move|p2a: Clefable|Calm Mind|p2a: Clefable
|-boost|p2a: Clefable|spa|1
|-boost|p2a: Clefable|spd|1
|cant|p1a: Toxapex|par
|
|upkeep
|turn|81
|
|t:|1597358925
|move|p2a: Clefable|Moonblast|p1a: Toxapex
|-resisted|p1a: Toxapex
|-damage|p1a: Toxapex|55/100 par
|move|p1a: Toxapex|Haze|p1a: Toxapex
|-clearallboost
|
|upkeep
|turn|82
|j| 64 squares
|
|t:|1597358928
|move|p2a: Clefable|Calm Mind|p2a: Clefable
|-boost|p2a: Clefable|spa|1
|-boost|p2a: Clefable|spd|1
|move|p1a: Toxapex|Recover|p1a: Toxapex
|-heal|p1a: Toxapex|100/100 par
|
|upkeep
|turn|83
|l| SOULWIND
|
|t:|1597358930
|move|p2a: Clefable|Thunder Wave|p1a: Toxapex|[miss]
|-miss|p2a: Clefable|p1a: Toxapex
|cant|p1a: Toxapex|par
|
|upkeep
|turn|84
|c| LT71LXJaggermaster|pero bueno tocara darle
|
|t:|1597358932
|move|p2a: Clefable|Thunder Wave|p1a: Toxapex
|-fail|p1a: Toxapex|par
|cant|p1a: Toxapex|par
|
|upkeep
|turn|85
|
|t:|1597358934
|move|p2a: Clefable|Calm Mind|p2a: Clefable
|-boost|p2a: Clefable|spa|1
|-boost|p2a: Clefable|spd|1
|move|p1a: Toxapex|Haze|p1a: Toxapex
|-clearallboost
|
|upkeep
|turn|86
|j| QuilavaBest
|
|t:|1597358937
|move|p2a: Clefable|Soft-Boiled|p2a: Clefable
|-heal|p2a: Clefable|100/100 tox
|move|p1a: Toxapex|Scald|p2a: Clefable
|-damage|p2a: Clefable|86/100 tox
|
|upkeep
|turn|87
|
|t:|1597358939
|move|p2a: Clefable|Calm Mind|p2a: Clefable
|-boost|p2a: Clefable|spa|1
|-boost|p2a: Clefable|spd|1
|move|p1a: Toxapex|Scald|p2a: Clefable
|-damage|p2a: Clefable|76/100 tox
|
|upkeep
|turn|88
|
|t:|1597358942
|move|p2a: Clefable|Moonblast|p1a: Toxapex
|-resisted|p1a: Toxapex
|-damage|p1a: Toxapex|81/100 par
|move|p1a: Toxapex|Haze|p1a: Toxapex
|-clearallboost
|
|upkeep
|turn|89
|c| Livio ElTito|XD
|
|t:|1597358944
|move|p2a: Clefable|Calm Mind|p2a: Clefable
|-boost|p2a: Clefable|spa|1
|-boost|p2a: Clefable|spd|1
|cant|p1a: Toxapex|par
|
|upkeep
|turn|90
|
|t:|1597358946
|move|p2a: Clefable|Thunder Wave|p1a: Toxapex
|-fail|p1a: Toxapex|par
|move|p1a: Toxapex|Haze|p1a: Toxapex
|-clearallboost
|
|upkeep
|turn|91
|
|t:|1597358948
|move|p2a: Clefable|Thunder Wave|p1a: Toxapex
|-fail|p1a: Toxapex|par
|cant|p1a: Toxapex|par
|
|upkeep
|turn|92
|j| tdnt nao e legal
|c| Sagiri I.|noo los 1000 games
|l|+Perry
|
|t:|1597358955
|move|p2a: Clefable|Calm Mind|p2a: Clefable
|-boost|p2a: Clefable|spa|1
|-boost|p2a: Clefable|spd|1
|move|p1a: Toxapex|Knock Off|p2a: Clefable
|-resisted|p2a: Clefable
|-damage|p2a: Clefable|72/100 tox
|
|upkeep
|turn|93
|
|t:|1597358958
|move|p2a: Clefable|Thunder Wave|p1a: Toxapex
|-fail|p1a: Toxapex|par
|cant|p1a: Toxapex|par
|
|upkeep
|turn|94
|j| VvvV1250
|
|t:|1597358960
|move|p2a: Clefable|Moonblast|p1a: Toxapex
|-resisted|p1a: Toxapex
|-damage|p1a: Toxapex|63/100 par
|move|p1a: Toxapex|Haze|p1a: Toxapex
|-clearallboost
|
|upkeep
|turn|95
|c| Sagiri I.|para ciclo 2 2000
|
|t:|1597358968
|switch|p2a: Seismitoad|Seismitoad, F|51/100
|-damage|p2a: Seismitoad|45/100|[from] Stealth Rock
|move|p1a: Toxapex|Recover|p1a: Toxapex
|-heal|p1a: Toxapex|100/100 par
|
|upkeep
|turn|96
|
|t:|1597358972
|switch|p1a: Kyurem|Kyurem|100/100 par
|-ability|p1a: Kyurem|Pressure
|move|p2a: Seismitoad|Earthquake|p1a: Kyurem
|-damage|p1a: Kyurem|69/100 par
|
|upkeep
|turn|97
|c| LT71LX XVR|no hay polla
|
|t:|1597358978
|move|p2a: Seismitoad|Rock Slide|p1a: Kyurem
|-supereffective|p1a: Kyurem
|-damage|p1a: Kyurem|35/100 par
|cant|p1a: Kyurem|par
|
|upkeep
|turn|98
|c| Sagiri I.|OSTIA MESSI
|
|t:|1597358986
|move|p2a: Seismitoad|Rock Slide|p1a: Kyurem
|-supereffective|p1a: Kyurem
|-damage|p1a: Kyurem|3/100 par
|move|p1a: Kyurem|Freeze-Dry|p2a: Seismitoad
|-supereffective|p2a: Seismitoad
|-crit|p2a: Seismitoad
|-damage|p2a: Seismitoad|0 fnt
|faint|p2a: Seismitoad
|
|upkeep
|c| LT71LX XVR|xd
|j| mad goonery
|c| LT71LX XVR|puto egal tio
|
|t:|1597359009
|switch|p2a: Clefable|Clefable, M|72/100 tox
|turn|99
|
|t:|1597359013
|switch|p1a: Toxapex|Toxapex, M|100/100 par
|-damage|p1a: Toxapex|76/100 par|[from] Spikes
|-damage|p1a: Toxapex|64/100 par|[from] Stealth Rock
|move|p2a: Clefable|Calm Mind|p2a: Clefable
|-boost|p2a: Clefable|spa|1
|-boost|p2a: Clefable|spd|1
|
|upkeep
|turn|100
|
|t:|1597359015
|move|p2a: Clefable|Moonblast|p1a: Toxapex
|-resisted|p1a: Toxapex
|-damage|p1a: Toxapex|47/100 par
|move|p1a: Toxapex|Haze|p1a: Toxapex
|-clearallboost
|
|upkeep
|turn|101
|j| AltCauseImInsecure
|l| whyad
|
|t:|1597359021
|switch|p2a: Togekiss|Togekiss, M|64/100
|move|p1a: Toxapex|Recover|p1a: Toxapex
|-heal|p1a: Toxapex|98/100 par
|
|upkeep
|turn|102
|
|t:|1597359024
|switch|p1a: Blissey|Blissey, F|100/100
|move|p2a: Togekiss|Nasty Plot|p2a: Togekiss
|-boost|p2a: Togekiss|spa|2
|
|upkeep
|turn|103
|
|t:|1597359027
|move|p2a: Togekiss|Air Slash|p1a: Blissey
|-damage|p1a: Blissey|77/100
|cant|p1a: Blissey|flinch
|
|upkeep
|turn|104
|l| AltCauseImInsecure
|
|t:|1597359030
|move|p2a: Togekiss|Air Slash|p1a: Blissey
|-damage|p1a: Blissey|55/100
|cant|p1a: Blissey|flinch
|
|upkeep
|turn|105
|
|t:|1597359033
|move|p2a: Togekiss|Air Slash|p1a: Blissey
|-damage|p1a: Blissey|34/100
|move|p1a: Blissey|Soft-Boiled|p1a: Blissey
|-heal|p1a: Blissey|84/100
|
|upkeep
|turn|106
|j| yeying
|l| brouha
|
|t:|1597359036
|move|p2a: Togekiss|Air Slash|p1a: Blissey
|-damage|p1a: Blissey|61/100
|cant|p1a: Blissey|flinch
|
|upkeep
|turn|107
|l| yeying
|
|t:|1597359039
|move|p2a: Togekiss|Air Slash|p1a: Blissey
|-damage|p1a: Blissey|38/100
|move|p1a: Blissey|Soft-Boiled|p1a: Blissey
|-heal|p1a: Blissey|88/100
|
|upkeep
|turn|108
|
|t:|1597359043
|move|p2a: Togekiss|Air Slash|p1a: Blissey
|-damage|p1a: Blissey|68/100
|cant|p1a: Blissey|flinch
|
|upkeep
|turn|109
|j| yeying
|
|t:|1597359046
|move|p2a: Togekiss|Nasty Plot|p2a: Togekiss
|-boost|p2a: Togekiss|spa|2
|move|p1a: Blissey|Toxic|p2a: Togekiss
|-status|p2a: Togekiss|tox
|
|-damage|p2a: Togekiss|58/100 tox|[from] psn
|upkeep
|turn|110
|
|t:|1597359051
|move|p2a: Togekiss|Heal Bell|p2a: Togekiss
|-activate|p2a: Togekiss|move: Heal Bell
|-curestatus|p2a: Togekiss|tox|[msg]
|-curestatus|p2: Clefable|tox|[msg]
|move|p1a: Blissey|Soft-Boiled|p1a: Blissey
|-heal|p1a: Blissey|100/100
|
|upkeep
|turn|111
|
|t:|1597359053
|move|p2a: Togekiss|Air Slash|p1a: Blissey|[miss]
|-miss|p2a: Togekiss|p1a: Blissey
|move|p1a: Blissey|Toxic|p2a: Togekiss
|-status|p2a: Togekiss|tox
|
|-damage|p2a: Togekiss|52/100 tox|[from] psn
|upkeep
|turn|112
|
|t:|1597359057
|move|p2a: Togekiss|Heal Bell|p2a: Togekiss
|-activate|p2a: Togekiss|move: Heal Bell
|-curestatus|p2a: Togekiss|tox|[msg]
|move|p1a: Blissey|Seismic Toss|p2a: Togekiss
|-damage|p2a: Togekiss|25/100
|
|upkeep
|turn|113
|j| Crawdunked
|
|t:|1597359059
|move|p2a: Togekiss|Roost|p2a: Togekiss
|-heal|p2a: Togekiss|75/100
|-singleturn|p2a: Togekiss|move: Roost
|move|p1a: Blissey|Toxic|p2a: Togekiss
|-status|p2a: Togekiss|tox
|
|-damage|p2a: Togekiss|69/100 tox|[from] psn
|upkeep
|turn|114
|
|t:|1597359061
|move|p2a: Togekiss|Air Slash|p1a: Blissey
|-damage|p1a: Blissey|69/100
|cant|p1a: Blissey|flinch
|
|-damage|p2a: Togekiss|57/100 tox|[from] psn
|upkeep
|turn|115
|
|t:|1597359065
|move|p2a: Togekiss|Heal Bell|p2a: Togekiss
|-activate|p2a: Togekiss|move: Heal Bell
|-curestatus|p2a: Togekiss|tox|[msg]
|move|p1a: Blissey|Toxic|p2a: Togekiss
|-status|p2a: Togekiss|tox
|
|-damage|p2a: Togekiss|51/100 tox|[from] psn
|upkeep
|turn|116
|
|t:|1597359070
|move|p2a: Togekiss|Roost|p2a: Togekiss
|-heal|p2a: Togekiss|100/100 tox
|-singleturn|p2a: Togekiss|move: Roost
|move|p1a: Blissey|Seismic Toss|p2a: Togekiss
|-damage|p2a: Togekiss|74/100 tox
|
|-damage|p2a: Togekiss|61/100 tox|[from] psn
|upkeep
|turn|117
|
|t:|1597359074
|move|p2a: Togekiss|Heal Bell|p2a: Togekiss
|-activate|p2a: Togekiss|move: Heal Bell
|-curestatus|p2a: Togekiss|tox|[msg]
|move|p1a: Blissey|Toxic|p2a: Togekiss
|-status|p2a: Togekiss|tox
|
|-damage|p2a: Togekiss|55/100 tox|[from] psn
|upkeep
|turn|118
|j| outu so done
|
|t:|1597359081
|move|p2a: Togekiss|Air Slash|p1a: Blissey
|-crit|p1a: Blissey
|-damage|p1a: Blissey|21/100
|cant|p1a: Blissey|flinch
|
|-damage|p2a: Togekiss|43/100 tox|[from] psn
|upkeep
|turn|119
|c| LT71LX XVR|chale te umiyaron
|
|t:|1597359089
|move|p2a: Togekiss|Air Slash|p1a: Blissey
|-damage|p1a: Blissey|0 fnt
|faint|p1a: Blissey
|
|-damage|p2a: Togekiss|24/100 tox|[from] psn
|upkeep
|
|t:|1597359093
|switch|p1a: Kyurem|Kyurem|3/100 par
|-ability|p1a: Kyurem|Pressure
|turn|120
|
|t:|1597359098
|switch|p2a: Clefable|Clefable, M|72/100
|move|p1a: Kyurem|Icicle Spear|p2a: Clefable
|-damage|p2a: Clefable|62/100
|-damage|p2a: Clefable|53/100
|-damage|p2a: Clefable|44/100
|-hitcount|p2a: Clefable|3
|
|upkeep
|turn|121
|
|t:|1597359106
|move|p2a: Clefable|Moonblast|p1a: Kyurem
|-supereffective|p1a: Kyurem
|-damage|p1a: Kyurem|0 fnt
|faint|p1a: Kyurem
|
|upkeep
|
|t:|1597359107
|switch|p1a: Toxapex|Toxapex, M|100/100 par
|-damage|p1a: Toxapex|88/100 par|[from] Stealth Rock
|-damage|p1a: Toxapex|64/100 par|[from] Spikes
|turn|122
|
|t:|1597359116
|switch|p2a: Skarmory|Skarmory, F|54/100
|-damage|p2a: Skarmory|42/100|[from] Stealth Rock
|move|p1a: Toxapex|Scald|p2a: Skarmory
|-damage|p2a: Skarmory|20/100
|
|upkeep
|turn|123
|l| sergefgwefsefs<ef
|
|t:|1597359121
|move|p2a: Skarmory|Taunt|p1a: Toxapex
|-start|p1a: Toxapex|move: Taunt
|cant|p1a: Toxapex|par
|
|upkeep
|turn|124
|l| starmie5432
|
|t:|1597359124
|move|p2a: Skarmory|Spikes||[still]
|-fail|p2a: Skarmory
|cant|p1a: Toxapex|par
|
|upkeep
|turn|125
|
|t:|1597359126
|move|p2a: Skarmory|Taunt||[still]
|-fail|p2a: Skarmory
|move|p1a: Toxapex|Scald|p2a: Skarmory
|-damage|p2a: Skarmory|0 fnt
|faint|p2a: Skarmory
|
|-end|p1a: Toxapex|move: Taunt
|upkeep
|
|t:|1597359128
|switch|p2a: Togekiss|Togekiss, M|24/100 tox
|turn|126
|
|t:|1597359132
|move|p2a: Togekiss|Roost|p2a: Togekiss
|-heal|p2a: Togekiss|74/100 tox
|-singleturn|p2a: Togekiss|move: Roost
|move|p1a: Toxapex|Scald|p2a: Togekiss
|-crit|p2a: Togekiss
|-damage|p2a: Togekiss|56/100 tox
|
|-damage|p2a: Togekiss|50/100 tox|[from] psn
|upkeep
|turn|127
|j| Briitt
|
|t:|1597359136
|move|p2a: Togekiss|Heal Bell|p2a: Togekiss
|-activate|p2a: Togekiss|move: Heal Bell
|-curestatus|p2a: Togekiss|tox|[msg]
|move|p1a: Toxapex|Scald|p2a: Togekiss
|-damage|p2a: Togekiss|38/100
|
|upkeep
|turn|128
|l| 67463sfggh
|
|t:|1597359138
|move|p2a: Togekiss|Roost|p2a: Togekiss
|-heal|p2a: Togekiss|88/100
|-singleturn|p2a: Togekiss|move: Roost
|move|p1a: Toxapex|Scald|p2a: Togekiss
|-damage|p2a: Togekiss|76/100
|
|upkeep
|turn|129
|-message|LT71LX John W forfeited.
|
|win|LT71LX EGC
|l|☆LT71LX John W
|l| best interest
|l| WG Hitman
|l| zedhatool
|l| olt fasting
|l| Mannat
|l|+ShinyAzelf
|c| LT71LXJaggermaster|pA CASA PETEEEE
|c| LT71LXJaggermaster|VAMOS
|l| Devil Patchy
|l| mad goonery
|l| Glizzy Goat Ves
|l| LT71LX ayouko
|c| LT71LX Ciudadanos|DI GG Puto
|l| o v e r g o d
|l| outu so done
|raw|LT71LX John W's rating: 2124 &rarr; <strong>2104</strong><br />(-20 for losing)
|raw|LT71LX EGC's rating: 2115 &rarr; <strong>2135</strong><br />(+20 for winning)
|l| LT71LX Doom
|c| Briitt|tá
