|j|☆Fusien
|j|☆supersam10001
|inactive|Battle timer is ON: inactive players will automatically lose when time's up.
|t:|1611132101
|player|p1|Fusien|roxie|
|player|p2|supersam10001|wallace|
|teamsize|p1|6
|teamsize|p2|6
|gametype|singles
|gen|8
|tier|[Gen 8] OU
|rated|Tournament battle
|clearpoke
|poke|p1|Tapu Koko|
|poke|p1|Regieleki|
|poke|p1|Zeraora|
|poke|p1|Magnezone|
|poke|p1|Slowking-Galar, F|
|poke|p1|Urshifu-*, F|
|poke|p2|Zapdos|
|poke|p2|Cinderace, F|
|poke|p2|Tyranitar, F|
|poke|p2|Excadrill, M|
|poke|p2|Tangrowth, M|
|poke|p2|Slowbro, F|
|rule|Sleep Clause Mod: Limit one foe put to sleep
|rule|Species Clause: Limit one of each Pokémon
|rule|OHKO Clause: OHKO moves are banned
|rule|Evasion Moves Clause: Evasion moves are banned
|rule|Endless Battle Clause: Forcing endless battles is banned
|rule|HP Percentage Mod: HP is shown in percentages
|rule|Dynamax Clause: You cannot dynamax
|rule|Inverse Mod: Weaknesses become resistances, while resistances and immunities become weaknesses.
|teampreview
|inactive|supersam10001 also wants the timer to be on.
|inactive|Fusien also wants the timer to be on.
|c|☆supersam10001|hf man
|c|☆Fusien|Glhf
|c|☆supersam10001|lemme lose rq ?
|
|t:|1611132114
|start
|switch|p1a: Tapu Koko|Tapu Koko|100/100
|switch|p2a: Zappy|Zapdos|100/100
|-fieldstart|move: Electric Terrain|[from] ability: Electric Surge|[of] p1a: Tapu Koko
|turn|1
|j|#moondazing
|
|t:|1611132125
|move|p1a: Tapu Koko|Volt Switch|p2a: Zappy
|-damage|p2a: Zappy|53/100
|j| VvvV1250
|
|t:|1611132128
|switch|p1a: Urshifu|Urshifu-Rapid-Strike, F|100/100|[from]move: Volt Switch
|move|p2a: Zappy|Volt Switch|p1a: Urshifu
|-resisted|p1a: Urshifu
|-damage|p1a: Urshifu|60/100
|
|t:|1611132135
|switch|p2a: Messi|Cinderace, F|100/100|[from]move: Volt Switch
|
|upkeep
|turn|2
|j| Lamarillo Benkai
|
|t:|1611132138
|switch|p1a: Slowking|Slowking-Galar, F|100/100
|move|p2a: Messi|Sucker Punch||[still]
|-fail|p2a: Messi
|
|upkeep
|turn|3
|
|t:|1611132143
|move|p2a: Messi|High Jump Kick|p1a: Slowking
|-start|p2a: Messi|typechange|Fighting|[from] ability: Libero
|-supereffective|p1a: Slowking
|-damage|p1a: Slowking|0 fnt
|faint|p1a: Slowking
|
|upkeep
|c| Lamarillo Benkai|4x super effective
|c|☆Fusien|Shit I forgot LOL
|c| Lamarillo Benkai|very sexy
|c|☆supersam10001|yeah
|
|t:|1611132156
|switch|p1a: Regieleki|Regieleki|100/100
|turn|4
|j| kenny2edgy
|
|t:|1611132166
|switch|p2a: Amnesiac|Slowbro, F|100/100
|move|p1a: Regieleki|Rising Voltage|p2a: Amnesiac
|-resisted|p2a: Amnesiac
|-damage|p2a: Amnesiac|14/100
|
|upkeep
|turn|5
|j| TheManiacPKMN
|c|☆supersam10001|...
|c| kenny2edgy|damn
|
|t:|1611132181
|move|p1a: Regieleki|Rising Voltage|p2a: Amnesiac
|-resisted|p2a: Amnesiac
|-damage|p2a: Amnesiac|0 fnt
|faint|p2a: Amnesiac
|
|upkeep
|c| kenny2edgy|dat still did so much
|
|t:|1611132186
|switch|p2a: Godzilla|Tyranitar, F|100/100
|-weather|Sandstorm|[from] ability: Sand Stream|[of] p2a: Godzilla
|turn|6
|
|t:|1611132191
|move|p1a: Regieleki|Rising Voltage|p2a: Godzilla
|-damage|p2a: Godzilla|27/100
|move|p2a: Godzilla|Crunch|p1a: Regieleki
|-damage|p1a: Regieleki|32/100
|
|-weather|Sandstorm|[upkeep]
|-damage|p1a: Regieleki|26/100|[from] Sandstorm
|-heal|p2a: Godzilla|33/100|[from] item: Leftovers
|upkeep
|turn|7
|c| TheManiacPKMN|pog match
|
|t:|1611132199
|move|p1a: Regieleki|Rising Voltage|p2a: Godzilla
|-damage|p2a: Godzilla|0 fnt
|faint|p2a: Godzilla
|
|-weather|Sandstorm|[upkeep]
|-damage|p1a: Regieleki|20/100|[from] Sandstorm
|upkeep
|
|t:|1611132202
|switch|p2a: Mole|Excadrill, M|100/100
|turn|8
|
|t:|1611132211
|switch|p1a: Zeraora|Zeraora|100/100
|move|p2a: Mole|Iron Head|p1a: Zeraora
|-supereffective|p1a: Zeraora
|-damage|p1a: Zeraora|0 fnt
|faint|p1a: Zeraora
|
|-weather|Sandstorm|[upkeep]
|-fieldend|move: Electric Terrain
|upkeep
|c| kenny2edgy|what happens if it's immune?
|
|t:|1611132215
|switch|p1a: Tapu Koko|Tapu Koko|100/100
|-fieldstart|move: Electric Terrain|[from] ability: Electric Surge|[of] p1a: Tapu Koko
|turn|9
|c| TheManiacPKMN|immune becomes super effective
|
|t:|1611132224
|move|p2a: Mole|Iron Head|p1a: Tapu Koko
|-damage|p1a: Tapu Koko|44/100
|cant|p1a: Tapu Koko|flinch
|
|-weather|Sandstorm|[upkeep]
|-damage|p1a: Tapu Koko|38/100|[from] Sandstorm
|upkeep
|turn|10
|c| kenny2edgy|nice
|c|☆supersam10001|mb
|c|#moondazing|unfort
|c| TheManiacPKMN|I shadow balled a porygon2 and its super effective
|
|t:|1611132233
|switch|p1a: Magnezone|Magnezone|100/100
|move|p2a: Mole|Iron Head|p1a: Magnezone
|-supereffective|p1a: Magnezone
|-damage|p1a: Magnezone|0 fnt
|faint|p1a: Magnezone
|
|-weather|none
|upkeep
|
|t:|1611132235
|switch|p1a: Regieleki|Regieleki|20/100
|turn|11
|
|t:|1611132240
|switch|p2a: Larry|Tangrowth, M|100/100
|move|p1a: Regieleki|Rising Voltage|p2a: Larry
|-supereffective|p2a: Larry
|-damage|p2a: Larry|0 fnt
|faint|p2a: Larry
|
|upkeep
|c|☆Fusien|All g
|
|t:|1611132242
|switch|p2a: Messi|Cinderace, F|100/100
|turn|12
|
|t:|1611132246
|switch|p1a: Tapu Koko|Tapu Koko|38/100
|move|p2a: Messi|Sucker Punch||[still]
|-fail|p2a: Messi
|
|upkeep
|turn|13
|
|t:|1611132249
|move|p2a: Messi|Sucker Punch||[still]
|-fail|p2a: Messi
|move|p1a: Tapu Koko|Toxic|p2a: Messi
|-status|p2a: Messi|tox
|
|-damage|p2a: Messi|95/100 tox|[from] psn
|upkeep
|turn|14
|
|t:|1611132258
|switch|p1a: Urshifu|Urshifu-Rapid-Strike, F|60/100
|move|p2a: Messi|U-turn|p1a: Urshifu
|-start|p2a: Messi|typechange|Bug|[from] ability: Libero
|-supereffective|p1a: Urshifu
|-damage|p1a: Urshifu|0 fnt
|faint|p1a: Urshifu
|c| TheManiacPKMN|wait Fusien how did u use urshifu
|
|t:|1611132263
|switch|p2a: Mole|Excadrill, M|100/100|[from]move: U-turn
|
|upkeep
|c| kenny2edgy|damn
|
|t:|1611132268
|switch|p1a: Regieleki|Regieleki|20/100
|turn|15
|c| TheManiacPKMN|isnt urshifu banned?
|
|t:|1611132271
|move|p1a: Regieleki|Rising Voltage|p2a: Mole
|-supereffective|p2a: Mole
|-damage|p2a: Mole|0 fnt
|faint|p2a: Mole
|
|upkeep
|
|t:|1611132275
|switch|p2a: Messi|Cinderace, F|95/100 tox
|turn|16
|c| kenny2edgy|the dark urshifu
|
|t:|1611132278
|switch|p2a: Zappy|Zapdos|53/100
|move|p1a: Regieleki|Rising Voltage|p2a: Zappy
|-damage|p2a: Zappy|0 fnt
|faint|p2a: Zappy
|
|-fieldend|move: Electric Terrain
|upkeep
|
|t:|1611132283
|switch|p2a: Messi|Cinderace, F|95/100 tox
|turn|17
|c| kenny2edgy|i think rapid urshifu still allowed
|j|+myjava@!
|c| TheManiacPKMN|rapid is still OU?
|c|☆Fusien|It’s water shifu
|c| TheManiacPKMN|ooo
|c|☆Fusien|water Shifu is allowed
|c|☆supersam10001|this close
|
|t:|1611132295
|move|p2a: Messi|Sucker Punch|p1a: Regieleki
|-start|p2a: Messi|typechange|Dark|[from] ability: Libero
|-damage|p1a: Regieleki|0 fnt
|faint|p1a: Regieleki
|
|-damage|p2a: Messi|89/100 tox|[from] psn
|upkeep
|c| TheManiacPKMN|ah ok
|
|t:|1611132297
|switch|p1a: Tapu Koko|Tapu Koko|38/100
|-fieldstart|move: Electric Terrain|[from] ability: Electric Surge|[of] p1a: Tapu Koko
|turn|18
|
|t:|1611132303
|move|p2a: Messi|Sucker Punch||[still]
|-fail|p2a: Messi
|move|p1a: Tapu Koko|Toxic|p2a: Messi
|-fail|p2a: Messi|tox
|
|-damage|p2a: Messi|77/100 tox|[from] psn
|upkeep
|turn|19
|c| kenny2edgy|roost
|
|t:|1611132306
|move|p1a: Tapu Koko|Thunderbolt|p2a: Messi
|-damage|p2a: Messi|8/100 tox
|move|p2a: Messi|U-turn|p1a: Tapu Koko
|-start|p2a: Messi|typechange|Bug|[from] ability: Libero
|-supereffective|p1a: Tapu Koko
|-damage|p1a: Tapu Koko|0 fnt
|faint|p1a: Tapu Koko
|
|win|supersam10001
|n|☆Fusien|fusien
|n|☆supersam10001|supersam10001
|n|+moondazing|moondazing
|n| VvvV1250|vvvv1250
|n| Lamarillo Benkai|lamarillobenkai
|n| kenny2edgy|kenny2edgy
|n| TheManiacPKMN|themaniacpkmn
|n| myjava@!|myjava
|c|☆supersam10001|gg bro
|c|☆Fusien|Weak ass koko
|c|☆Fusien|gg
|c| TheManiacPKMN|close match
|c| kenny2edgy|NICE
|c| TheManiacPKMN|close match
|l|+moondazing
|l| VvvV1250
|l|☆supersam10001
|l| myjava
|c| kenny2edgy|wp
|l| kenny2edgy
|l| TheManiacPKMN
