|j|☆Red rushun
|j|☆TerranGodofEarth
|t:|1655565194
|gametype|singles
|player|p1|Red rushun|clair|1349
|player|p2|TerranGodofEarth|red|1333
|teamsize|p1|6
|teamsize|p2|6
|gen|8
|tier|[Gen 8] OU
|rated|
|rule|Sleep Clause Mod: Limit one foe put to sleep
|rule|Species Clause: Limit one of each Pokémon
|rule|OHKO Clause: OHKO moves are banned
|rule|Evasion Moves Clause: Evasion moves are banned
|rule|Endless Battle Clause: Forcing endless battles is banned
|rule|HP Percentage Mod: HP is shown in percentages
|rule|Dynamax Clause: You cannot dynamax
|clearpoke
|poke|p1|Alakazam, F|
|poke|p1|Dragonite, M|
|poke|p1|Swampert, F|
|poke|p1|Buzzwole|
|poke|p1|Kartana|
|poke|p1|Tornadus-Therian, M|
|poke|p2|Salamence, M|
|poke|p2|Ferrothorn, F|
|poke|p2|Garchomp, F|
|poke|p2|Bisharp, M|
|poke|p2|Tapu Fini|
|poke|p2|Gardevoir, F|
|teampreview
|inactive|Battle timer is ON: inactive players will automatically lose when time's up. (requested by Red rushun)
|
|t:|1655565248
|start
|switch|p1a: Swampert|Swampert, F|100/100
|switch|p2a: Ferrothorn|Ferrothorn, F|100/100
|turn|1
|
|t:|1655565259
|move|p1a: Swampert|Stealth Rock|p2a: Ferrothorn
|-sidestart|p2: TerranGodofEarth|move: Stealth Rock
|move|p2a: Ferrothorn|Knock Off|p1a: Swampert
|-damage|p1a: Swampert|80/100
|-enditem|p1a: Swampert|Leftovers|[from] move: Knock Off|[of] p2a: Ferrothorn
|
|upkeep
|turn|2
|
|t:|1655565268
|move|p1a: Swampert|Yawn|p2a: Ferrothorn
|-start|p2a: Ferrothorn|move: Yawn|[of] p1a: Swampert
|move|p2a: Ferrothorn|Knock Off|p1a: Swampert
|-damage|p1a: Swampert|68/100
|
|upkeep
|turn|3
|
|t:|1655565275
|switch|p2a: Garchomp|Garchomp, F|100/100
|-damage|p2a: Garchomp|94/100|[from] Stealth Rock
|move|p1a: Swampert|Flip Turn|p2a: Garchomp
|-damage|p2a: Garchomp|70/100
|-damage|p1a: Swampert|55/100|[from] ability: Rough Skin|[of] p2a: Garchomp
|
|t:|1655565305
|switch|p1a: Buzzwole|Buzzwole|100/100|[from]move: Flip Turn
|
|-heal|p2a: Garchomp|76/100|[from] item: Leftovers
|upkeep
|turn|4
|
|t:|1655565325
|switch|p2a: Ferrothorn|Ferrothorn, F|100/100
|-damage|p2a: Ferrothorn|94/100|[from] Stealth Rock
|move|p1a: Buzzwole|Bulk Up|p1a: Buzzwole
|-boost|p1a: Buzzwole|atk|1
|-boost|p1a: Buzzwole|def|1
|
|-heal|p2a: Ferrothorn|100/100|[from] item: Leftovers
|upkeep
|turn|5
|
|t:|1655565339
|move|p1a: Buzzwole|Bulk Up|p1a: Buzzwole
|-boost|p1a: Buzzwole|atk|1
|-boost|p1a: Buzzwole|def|1
|move|p2a: Ferrothorn|Knock Off|p1a: Buzzwole
|-resisted|p1a: Buzzwole
|-crit|p1a: Buzzwole
|-damage|p1a: Buzzwole|91/100
|-damage|p2a: Ferrothorn|84/100|[from] item: Rocky Helmet|[of] p1a: Buzzwole
|-enditem|p1a: Buzzwole|Rocky Helmet|[from] move: Knock Off|[of] p2a: Ferrothorn
|
|-heal|p2a: Ferrothorn|90/100|[from] item: Leftovers
|upkeep
|turn|6
|
|t:|1655565348
|move|p1a: Buzzwole|Drain Punch|p2a: Ferrothorn
|-supereffective|p2a: Ferrothorn
|-damage|p2a: Ferrothorn|0 fnt
|-heal|p1a: Buzzwole|100/100|[from] drain|[of] p2a: Ferrothorn
|-damage|p1a: Buzzwole|88/100|[from] ability: Iron Barbs|[of] p2a: Ferrothorn
|faint|p2a: Ferrothorn
|-ability|p1a: Buzzwole|Beast Boost|boost
|-boost|p1a: Buzzwole|atk|1
|
|upkeep
|
|t:|1655565353
|switch|p2a: Gardevoir|Gardevoir, F|100/100
|-damage|p2a: Gardevoir|88/100|[from] Stealth Rock
|-ability|p2a: Gardevoir|Beast Boost|[from] ability: Trace|[of] p1a: Buzzwole
|turn|7
|
|t:|1655565368
|switch|p1a: Kartana|Kartana, shiny|100/100
|move|p2a: Gardevoir|Psychic|p1a: Kartana
|-resisted|p1a: Kartana
|-damage|p1a: Kartana|29/100
|
|upkeep
|turn|8
|
|t:|1655565385
|move|p1a: Kartana|Smart Strike|p2a: Gardevoir
|-supereffective|p2a: Gardevoir
|-damage|p2a: Gardevoir|0 fnt
|faint|p2a: Gardevoir
|-ability|p1a: Kartana|Beast Boost|boost
|-boost|p1a: Kartana|atk|1
|
|upkeep
|
|t:|1655565392
|switch|p2a: Garchomp|Garchomp, F|76/100
|-damage|p2a: Garchomp|70/100|[from] Stealth Rock
|turn|9
|
|t:|1655565399
|move|p1a: Kartana|Smart Strike|p2a: Garchomp
|-crit|p2a: Garchomp
|-damage|p2a: Garchomp|0 fnt
|-damage|p1a: Kartana|16/100|[from] ability: Rough Skin|[of] p2a: Garchomp
|faint|p2a: Garchomp
|-ability|p1a: Kartana|Beast Boost|boost
|-boost|p1a: Kartana|atk|1
|
|upkeep
|
|t:|1655565406
|switch|p2a: Bisharp|Bisharp, M|100/100
|-damage|p2a: Bisharp|95/100|[from] Stealth Rock
|turn|10
|
|t:|1655565418
|switch|p1a: Buzzwole|Buzzwole|88/100
|move|p2a: Bisharp|Sucker Punch||[still]
|-fail|p2a: Bisharp
|
|upkeep
|turn|11
|
|t:|1655565427
|move|p2a: Bisharp|Iron Head|p1a: Buzzwole
|-damage|p1a: Buzzwole|62/100
|move|p1a: Buzzwole|Drain Punch|p2a: Bisharp
|-supereffective|p2a: Bisharp
|-damage|p2a: Bisharp|0 fnt
|-heal|p1a: Buzzwole|93/100|[from] drain|[of] p2a: Bisharp
|faint|p2a: Bisharp
|-ability|p1a: Buzzwole|Beast Boost|boost
|-boost|p1a: Buzzwole|atk|1
|
|upkeep
|
|t:|1655565430
|switch|p2a: Tapu Fini|Tapu Fini|100/100
|-damage|p2a: Tapu Fini|88/100|[from] Stealth Rock
|-fieldstart|move: Misty Terrain|[from] ability: Misty Surge|[of] p2a: Tapu Fini
|turn|12
|
|t:|1655565445
|move|p2a: Tapu Fini|Scald|p1a: Buzzwole
|-damage|p1a: Buzzwole|57/100
|move|p1a: Buzzwole|Drain Punch|p2a: Tapu Fini
|-resisted|p2a: Tapu Fini
|-crit|p2a: Tapu Fini
|-damage|p2a: Tapu Fini|54/100
|-heal|p1a: Buzzwole|72/100|[from] drain|[of] p2a: Tapu Fini
|
|-heal|p2a: Tapu Fini|60/100|[from] item: Leftovers
|upkeep
|turn|13
|
|t:|1655565455
|move|p2a: Tapu Fini|Draining Kiss|p1a: Buzzwole
|-supereffective|p1a: Buzzwole
|-damage|p1a: Buzzwole|28/100
|-heal|p2a: Tapu Fini|99/100|[from] drain|[of] p1a: Buzzwole
|move|p1a: Buzzwole|Bulk Up|p1a: Buzzwole
|-boost|p1a: Buzzwole|atk|1
|-boost|p1a: Buzzwole|def|1
|
|-heal|p2a: Tapu Fini|100/100|[from] item: Leftovers
|upkeep
|turn|14
|
|t:|1655565464
|move|p2a: Tapu Fini|Draining Kiss|p1a: Buzzwole
|-supereffective|p1a: Buzzwole
|-damage|p1a: Buzzwole|0 fnt
|faint|p1a: Buzzwole
|
|upkeep
|
|t:|1655565487
|switch|p1a: Tornadus|Tornadus-Therian, M, shiny|100/100
|turn|15
|
|t:|1655565496
|move|p1a: Tornadus|Knock Off|p2a: Tapu Fini
|-resisted|p2a: Tapu Fini
|-damage|p2a: Tapu Fini|94/100
|-enditem|p2a: Tapu Fini|Leftovers|[from] move: Knock Off|[of] p1a: Tornadus
|move|p2a: Tapu Fini|Taunt|p1a: Tornadus
|-start|p1a: Tornadus|move: Taunt
|
|upkeep
|turn|16
|
|t:|1655565508
|move|p1a: Tornadus|Hurricane|p2a: Tapu Fini
|-damage|p2a: Tapu Fini|61/100
|move|p2a: Tapu Fini|Calm Mind|p2a: Tapu Fini
|-boost|p2a: Tapu Fini|spa|1
|-boost|p2a: Tapu Fini|spd|1
|
|-fieldend|Misty Terrain
|upkeep
|turn|17
|
|t:|1655565516
|move|p1a: Tornadus|U-turn|p2a: Tapu Fini
|-resisted|p2a: Tapu Fini
|-damage|p2a: Tapu Fini|55/100
|
|t:|1655565528
|switch|p1a: Kartana|Kartana, shiny|16/100|[from]move: U-turn
|move|p2a: Tapu Fini|Calm Mind|p2a: Tapu Fini
|-boost|p2a: Tapu Fini|spa|1
|-boost|p2a: Tapu Fini|spd|1
|
|upkeep
|turn|18
|
|t:|1655565538
|move|p1a: Kartana|Leaf Blade|p2a: Tapu Fini
|-supereffective|p2a: Tapu Fini
|-damage|p2a: Tapu Fini|0 fnt
|faint|p2a: Tapu Fini
|-ability|p1a: Kartana|Beast Boost|boost
|-boost|p1a: Kartana|atk|1
|
|upkeep
|
|t:|1655565541
|switch|p2a: Salamence|Salamence, M|100/100
|turn|19
|
|t:|1655565550
|move|p1a: Kartana|Leaf Blade|p2a: Salamence
|-resisted|p2a: Salamence
|-damage|p2a: Salamence|73/100
|move|p2a: Salamence|Dragon Dance|p2a: Salamence
|-boost|p2a: Salamence|atk|1
|-boost|p2a: Salamence|spe|1
|
|upkeep
|turn|20
|
|t:|1655565571
|switch|p1a: Alakazam|Alakazam, F|100/100
|move|p2a: Salamence|Dragon Dance|p2a: Salamence
|-boost|p2a: Salamence|atk|1
|-boost|p2a: Salamence|spe|1
|
|upkeep
|turn|21
|
|t:|1655565581
|move|p2a: Salamence|Dual Wingbeat|p1a: Alakazam
|-enditem|p1a: Alakazam|Focus Sash
|-damage|p1a: Alakazam|1/100
|-damage|p1a: Alakazam|0 fnt
|faint|p1a: Alakazam
|-ability|p2a: Salamence|Moxie|boost
|-boost|p2a: Salamence|atk|1
|-hitcount|p1: Alakazam|2
|
|upkeep
|inactive|Red rushun has 120 seconds left.
|
|t:|1655565613
|switch|p1a: Tornadus|Tornadus-Therian, M, shiny|100/100
|turn|22
|
|t:|1655565621
|move|p2a: Salamence|Dual Wingbeat|p1a: Tornadus
|-damage|p1a: Tornadus|36/100
|-damage|p1a: Tornadus|0 fnt
|faint|p1a: Tornadus
|-ability|p2a: Salamence|Moxie|boost
|-boost|p2a: Salamence|atk|1
|-hitcount|p1: Tornadus|2
|
|upkeep
|
|t:|1655565630
|switch|p1a: Kartana|Kartana, shiny|16/100
|turn|23
|
|t:|1655565635
|move|p2a: Salamence|Fire Fang|p1a: Kartana
|-supereffective|p1a: Kartana
|-damage|p1a: Kartana|0 fnt
|faint|p1a: Kartana
|-ability|p2a: Salamence|Moxie|boost
|-boost|p2a: Salamence|atk|1
|
|upkeep
|inactive|Red rushun has 120 seconds left.
|
|t:|1655565646
|switch|p1a: Dragonite|Dragonite, M, shiny|100/100
|turn|24
|inactive|Red rushun has 120 seconds left.
|
|t:|1655565653
|move|p2a: Salamence|Dual Wingbeat|p1a: Dragonite
|-damage|p1a: Dragonite|62/100
|-damage|p1a: Dragonite|0 fnt
|faint|p1a: Dragonite
|-ability|p2a: Salamence|Moxie|boost
|-boost|p2a: Salamence|atk|1
|-hitcount|p1: Dragonite|2
|
|upkeep
|inactive|Red rushun has 120 seconds left.
|
|t:|1655565659
|switch|p1a: Swampert|Swampert, F|55/100
|turn|25
|
|t:|1655565662
|move|p2a: Salamence|Dual Wingbeat|p1a: Swampert
|-damage|p1a: Swampert|0 fnt
|faint|p1a: Swampert
|-hitcount|p1: Swampert|1
|
|win|TerranGodofEarth
|raw|Red rushun's rating: 1349 &rarr; <strong>1328</strong><br />(-21 for losing)
|raw|TerranGodofEarth's rating: 1333 &rarr; <strong>1354</strong><br />(+21 for winning)
|l|☆Red rushun
||Ladder isn't responding, score probably updated but might not have (Request timeout).
