|html|<div class="broadcast-blue"><strong>[Gen 8] OU is currently suspecting Melmetal! For information on how to participate check out the <a href="https://www.smogon.com/forums/threads/np-ss-ou-suspect-process-round-12-monster-mash.3709234/">suspect thread</a>.</strong></div>
|j|☆FENDINI
|j|☆Gocubsgo
|t:|1666910864
|gametype|singles
|player|p1|FENDINI|ethan-masters|1689
|player|p2|Gocubsgo|265|1708
|teamsize|p1|6
|teamsize|p2|6
|gen|8
|tier|[Gen 8] OU
|rated|
|rule|Sleep Clause Mod: Limit one foe put to sleep
|rule|Species Clause: Limit one of each Pokémon
|rule|OHKO Clause: OHKO moves are banned
|rule|Evasion Items Clause: Evasion items are banned
|rule|Evasion Moves Clause: Evasion moves are banned
|rule|Endless Battle Clause: Forcing endless battles is banned
|rule|HP Percentage Mod: HP is shown in percentages
|rule|Dynamax Clause: You cannot dynamax
|clearpoke
|poke|p1|Rillaboom, F|
|poke|p1|Tornadus-Therian, M|
|poke|p1|Blaziken, F|
|poke|p1|Melmetal|
|poke|p1|Garchomp, M|
|poke|p1|Slowbro, F|
|poke|p2|Lanturn, M|
|poke|p2|Tapu Bulu|
|poke|p2|Heatran, F|
|poke|p2|Clefable, M|
|poke|p2|Tornadus-Therian, M|
|poke|p2|Kartana|
|teampreview
|inactive|Battle timer is ON: inactive players will automatically lose when time's up. (requested by FENDINI)
|inactive|Gocubsgo also wants the timer to be on.
|inactive|Gocubsgo has 120 seconds left.
|
|t:|1666910900
|start
|switch|p1a: Tornadus|Tornadus-Therian, M|100/100
|switch|p2a: Tapu Bulu|Tapu Bulu|100/100
|-fieldstart|move: Grassy Terrain|[from] ability: Grassy Surge|[of] p2a: Tapu Bulu
|turn|1
|
|t:|1666910907
|switch|p2a: Lanturn|Lanturn, M|100/100
|move|p1a: Tornadus|Knock Off|p2a: Lanturn
|-damage|p2a: Lanturn|77/100
|-enditem|p2a: Lanturn|Leftovers|[from] move: Knock Off|[of] p1a: Tornadus
|
|-heal|p2a: Lanturn|83/100|[from] Grassy Terrain
|upkeep
|turn|2
|
|t:|1666910916
|move|p1a: Tornadus|U-turn|p2a: Lanturn
|-damage|p2a: Lanturn|67/100
|
|t:|1666910918
|switch|p1a: Garchomp|Garchomp, M|100/100|[from]move: U-turn
|move|p2a: Lanturn|Scald|p1a: Garchomp
|-damage|p1a: Garchomp|85/100
|
|-heal|p1a: Garchomp|92/100|[from] Grassy Terrain
|-heal|p1a: Garchomp|98/100|[from] item: Leftovers
|-heal|p2a: Lanturn|74/100|[from] Grassy Terrain
|upkeep
|turn|3
|
|t:|1666910928
|move|p1a: Garchomp|Stealth Rock|p2a: Lanturn
|-sidestart|p2: Gocubsgo|move: Stealth Rock
|move|p2a: Lanturn|Scald|p1a: Garchomp
|-damage|p1a: Garchomp|84/100
|-status|p1a: Garchomp|brn
|
|-heal|p1a: Garchomp|90/100 brn|[from] Grassy Terrain
|-heal|p1a: Garchomp|96/100 brn|[from] item: Leftovers
|-heal|p2a: Lanturn|80/100|[from] Grassy Terrain
|-damage|p1a: Garchomp|90/100 brn|[from] brn
|upkeep
|turn|4
|
|t:|1666910939
|switch|p2a: Tornadus|Tornadus-Therian, M|100/100
|move|p1a: Garchomp|Toxic|p2a: Tornadus
|-status|p2a: Tornadus|tox
|
|-heal|p1a: Garchomp|96/100 brn|[from] Grassy Terrain
|-heal|p1a: Garchomp|100/100 brn|[from] item: Leftovers
|-damage|p2a: Tornadus|94/100 tox|[from] psn
|-damage|p1a: Garchomp|94/100 brn|[from] brn
|upkeep
|turn|5
|
|t:|1666910953
|switch|p1a: Slowbro|Slowbro, F|100/100
|move|p2a: Tornadus|Defog|p1a: Slowbro
|-unboost|p1a: Slowbro|evasion|1
|-sideend|p2: Gocubsgo|Stealth Rock|[from] move: Defog|[of] p2a: Tornadus
|-fieldend|move: Grassy Terrain
|
|-damage|p2a: Tornadus|82/100 tox|[from] psn
|upkeep
|turn|6
|
|t:|1666910961
|move|p2a: Tornadus|U-turn|p1a: Slowbro
|-supereffective|p1a: Slowbro
|-damage|p1a: Slowbro|82/100
|-damage|p2a: Tornadus|66/100 tox|[from] item: Rocky Helmet|[of] p1a: Slowbro
|
|t:|1666910966
|switch|p2a: Tapu Bulu|Tapu Bulu|100/100|[from]move: U-turn
|-fieldstart|move: Grassy Terrain|[from] ability: Grassy Surge|[of] p2a: Tapu Bulu
|move|p1a: Slowbro|Future Sight|p2a: Tapu Bulu
|-start|p1a: Slowbro|move: Future Sight
|
|-heal|p1a: Slowbro|88/100|[from] Grassy Terrain
|upkeep
|turn|7
|
|t:|1666910974
|switch|p2a: Heatran|Heatran, F|100/100
|switch|p1a: Tornadus|Tornadus-Therian, M|100/100
|
|upkeep
|turn|8
|
|t:|1666910980
|move|p1a: Tornadus|Knock Off|p2a: Heatran
|-damage|p2a: Heatran|88/100
|-enditem|p2a: Heatran|Leftovers|[from] move: Knock Off|[of] p1a: Tornadus
|move|p2a: Heatran|Stealth Rock|p1a: Tornadus
|-sidestart|p1: FENDINI|move: Stealth Rock
|
|-end|p2a: Heatran|move: Future Sight
|-resisted|p2a: Heatran
|-damage|p2a: Heatran|72/100
|-heal|p2a: Heatran|78/100|[from] Grassy Terrain
|upkeep
|turn|9
|
|t:|1666910989
|move|p1a: Tornadus|Defog|p2a: Heatran
|-unboost|p2a: Heatran|evasion|1
|-sideend|p1: FENDINI|Stealth Rock|[from] move: Defog|[of] p1a: Tornadus
|-fieldend|move: Grassy Terrain
|move|p2a: Heatran|Toxic|p1a: Tornadus
|-status|p1a: Tornadus|tox
|
|-damage|p1a: Tornadus|94/100 tox|[from] psn
|upkeep
|turn|10
|
|t:|1666910997
|switch|p1a: Garchomp|Garchomp, M|94/100 brn
|move|p2a: Heatran|Stealth Rock|p1a: Garchomp
|-sidestart|p1: FENDINI|move: Stealth Rock
|
|-heal|p1a: Garchomp|100/100 brn|[from] item: Leftovers
|-damage|p1a: Garchomp|94/100 brn|[from] brn
|upkeep
|turn|11
|
|t:|1666911006
|switch|p2a: Tapu Bulu|Tapu Bulu|100/100
|-fieldstart|move: Grassy Terrain|[from] ability: Grassy Surge|[of] p2a: Tapu Bulu
|move|p1a: Garchomp|Stealth Rock|p2a: Tapu Bulu
|-sidestart|p2: Gocubsgo|move: Stealth Rock
|
|-heal|p1a: Garchomp|100/100 brn|[from] Grassy Terrain
|-damage|p1a: Garchomp|94/100 brn|[from] brn
|upkeep
|turn|12
|
|t:|1666911019
|move|p1a: Garchomp|Toxic|p2a: Tapu Bulu
|-status|p2a: Tapu Bulu|tox
|move|p2a: Tapu Bulu|Horn Leech|p1a: Garchomp
|-damage|p1a: Garchomp|48/100 brn
|-damage|p2a: Tapu Bulu|88/100 tox|[from] ability: Rough Skin|[of] p1a: Garchomp
|
|-heal|p1a: Garchomp|54/100 brn|[from] Grassy Terrain
|-heal|p1a: Garchomp|61/100 brn|[from] item: Leftovers
|-heal|p2a: Tapu Bulu|94/100 tox|[from] Grassy Terrain
|-heal|p2a: Tapu Bulu|100/100 tox|[from] item: Leftovers
|-damage|p2a: Tapu Bulu|94/100 tox|[from] psn
|-damage|p1a: Garchomp|54/100 brn|[from] brn
|upkeep
|turn|13
|
|t:|1666911035
|switch|p1a: Melmetal|Melmetal|100/100
|-damage|p1a: Melmetal|94/100|[from] Stealth Rock
|move|p2a: Tapu Bulu|Horn Leech|p1a: Melmetal
|-resisted|p1a: Melmetal
|-damage|p1a: Melmetal|77/100
|-heal|p2a: Tapu Bulu|100/100 tox|[from] drain|[of] p1a: Melmetal
|
|-heal|p1a: Melmetal|83/100|[from] Grassy Terrain
|-heal|p1a: Melmetal|89/100|[from] item: Leftovers
|-damage|p2a: Tapu Bulu|88/100 tox|[from] psn
|upkeep
|turn|14
|
|t:|1666911047
|switch|p2a: Heatran|Heatran, F|78/100
|-damage|p2a: Heatran|65/100|[from] Stealth Rock
|move|p1a: Melmetal|Superpower|p2a: Heatran
|-supereffective|p2a: Heatran
|-damage|p2a: Heatran|5/100
|-unboost|p1a: Melmetal|atk|1
|-unboost|p1a: Melmetal|def|1
|-status|p1a: Melmetal|brn|[from] ability: Flame Body|[of] p2a: Heatran
|
|-heal|p2a: Heatran|11/100|[from] Grassy Terrain
|-heal|p1a: Melmetal|96/100 brn|[from] Grassy Terrain
|-heal|p1a: Melmetal|100/100 brn|[from] item: Leftovers
|-damage|p1a: Melmetal|94/100 brn|[from] brn
|upkeep
|turn|15
|
|t:|1666911064
|switch|p1a: Slowbro|Slowbro, F|100/100
|-damage|p1a: Slowbro|88/100|[from] Stealth Rock
|move|p2a: Heatran|Lava Plume|p1a: Slowbro
|-resisted|p1a: Slowbro
|-damage|p1a: Slowbro|71/100
|-status|p1a: Slowbro|brn
|
|-heal|p2a: Heatran|18/100|[from] Grassy Terrain
|-heal|p1a: Slowbro|77/100 brn|[from] Grassy Terrain
|-damage|p1a: Slowbro|71/100 brn|[from] brn
|-fieldend|move: Grassy Terrain
|upkeep
|turn|16
|
|t:|1666911077
|switch|p2a: Kartana|Kartana|100/100
|-damage|p2a: Kartana|94/100|[from] Stealth Rock
|move|p1a: Slowbro|Future Sight|p2a: Kartana
|-start|p1a: Slowbro|move: Future Sight
|
|-damage|p1a: Slowbro|65/100 brn|[from] brn
|upkeep
|turn|17
|
|t:|1666911089
|switch|p1a: Melmetal|Melmetal|94/100 brn
|-damage|p1a: Melmetal|88/100 brn|[from] Stealth Rock
|move|p2a: Kartana|Knock Off|p1a: Melmetal
|-damage|p1a: Melmetal|50/100 brn
|-enditem|p1a: Melmetal|Leftovers|[from] move: Knock Off|[of] p2a: Kartana
|
|-damage|p1a: Melmetal|43/100 brn|[from] brn
|upkeep
|turn|18
|
|t:|1666911102
|switch|p2a: Tornadus|Tornadus-Therian, M|99/100 tox
|move|p1a: Melmetal|Double Iron Bash|p2a: Tornadus
|-damage|p2a: Tornadus|78/100 tox
|-damage|p2a: Tornadus|56/100 tox
|-hitcount|p2a: Tornadus|2
|
|-end|p2a: Tornadus|move: Future Sight
|-damage|p2a: Tornadus|10/100 tox
|-damage|p2a: Tornadus|4/100 tox|[from] psn
|-damage|p1a: Melmetal|37/100 brn|[from] brn
|upkeep
|turn|19
|
|t:|1666911123
|switch|p2a: Lanturn|Lanturn, M|80/100
|-damage|p2a: Lanturn|67/100|[from] Stealth Rock
|move|p1a: Melmetal|Superpower|p2a: Lanturn
|-damage|p2a: Lanturn|38/100
|-unboost|p1a: Melmetal|atk|1
|-unboost|p1a: Melmetal|def|1
|
|-damage|p1a: Melmetal|31/100 brn|[from] brn
|upkeep
|turn|20
|inactive|Gocubsgo has 120 seconds left.
|
|t:|1666911147
|switch|p2a: Clefable|Clefable, M|100/100
|switch|p1a: Garchomp|Garchomp, M|54/100 brn
|-damage|p1a: Garchomp|48/100 brn|[from] Stealth Rock
|
|-heal|p1a: Garchomp|54/100 brn|[from] item: Leftovers
|-damage|p1a: Garchomp|48/100 brn|[from] brn
|upkeep
|turn|21
|
|t:|1666911156
|switch|p1a: Melmetal|Melmetal|31/100 brn
|-damage|p1a: Melmetal|25/100 brn|[from] Stealth Rock
|move|p2a: Clefable|Wish|p2a: Clefable
|
|-damage|p1a: Melmetal|18/100 brn|[from] brn
|upkeep
|turn|22
|
|t:|1666911170
|move|p2a: Clefable|Moonblast|p1a: Melmetal
|-resisted|p1a: Melmetal
|-damage|p1a: Melmetal|5/100 brn
|-unboost|p1a: Melmetal|spa|1
|move|p1a: Melmetal|Superpower|p2a: Clefable
|-resisted|p2a: Clefable
|-damage|p2a: Clefable|86/100
|-unboost|p1a: Melmetal|atk|1
|-unboost|p1a: Melmetal|def|1
|
|-heal|p2a: Clefable|100/100|[from] move: Wish|[wisher] Clefable
|-damage|p1a: Melmetal|0 fnt|[from] brn
|faint|p1a: Melmetal
|upkeep
|
|t:|1666911179
|switch|p1a: Rillaboom|Rillaboom, F|100/100
|-damage|p1a: Rillaboom|88/100|[from] Stealth Rock
|-fieldstart|move: Grassy Terrain|[from] ability: Grassy Surge|[of] p1a: Rillaboom
|turn|23
|
|t:|1666911191
|move|p2a: Clefable|Protect|p2a: Clefable
|-singleturn|p2a: Clefable|Protect
|move|p1a: Rillaboom|Swords Dance|p1a: Rillaboom
|-boost|p1a: Rillaboom|atk|2
|
|-heal|p1a: Rillaboom|94/100|[from] Grassy Terrain
|-heal|p1a: Rillaboom|100/100|[from] item: Leftovers
|upkeep
|turn|24
|
|t:|1666911199
|switch|p2a: Heatran|Heatran, F|18/100
|-damage|p2a: Heatran|5/100|[from] Stealth Rock
|move|p1a: Rillaboom|Grassy Glide|p2a: Heatran
|-resisted|p2a: Heatran
|-damage|p2a: Heatran|0 fnt
|faint|p2a: Heatran
|
|upkeep
|
|t:|1666911208
|switch|p2a: Kartana|Kartana|94/100
|-damage|p2a: Kartana|88/100|[from] Stealth Rock
|turn|25
|
|t:|1666911212
|move|p2a: Kartana|Leaf Blade|p1a: Rillaboom
|-resisted|p1a: Rillaboom
|-damage|p1a: Rillaboom|46/100
|move|p1a: Rillaboom|Drain Punch|p2a: Kartana
|-supereffective|p2a: Kartana
|-damage|p2a: Kartana|0 fnt
|-heal|p1a: Rillaboom|75/100|[from] drain|[of] p2a: Kartana
|faint|p2a: Kartana
|
|-heal|p1a: Rillaboom|81/100|[from] Grassy Terrain
|-heal|p1a: Rillaboom|87/100|[from] item: Leftovers
|upkeep
|-message|Gocubsgo forfeited.
|
|win|FENDINI
|raw|FENDINI's rating: 1689 &rarr; <strong>1710</strong><br />(+21 for winning)
|raw|Gocubsgo's rating: 1708 &rarr; <strong>1687</strong><br />(-21 for losing)
