|j|☆JimmyfromLinkedIn
|j|☆gaijineagle
|t:|1617522977
|gametype|singles
|player|p1|JimmyfromLinkedIn|skyla|
|player|p2|gaijineagle|169|
|teamsize|p1|6
|teamsize|p2|6
|gen|8
|tier|[Gen 8] OU
|clearpoke
|poke|p1|Rillaboom, F|
|poke|p1|Swampert, M|
|poke|p1|Dragapult, F|
|poke|p1|Tapu Lele|
|poke|p1|Mandibuzz, F|
|poke|p1|Magnezone|
|poke|p2|Landorus-Therian, M|
|poke|p2|Kyurem|
|poke|p2|Urshifu-*, M|
|poke|p2|Tornadus-Therian, M|
|poke|p2|Dragapult, M|
|poke|p2|Aegislash, M|
|rule|Sleep Clause Mod: Limit one foe put to sleep
|rule|Species Clause: Limit one of each Pokémon
|rule|OHKO Clause: OHKO moves are banned
|rule|Evasion Moves Clause: Evasion moves are banned
|rule|Endless Battle Clause: Forcing endless battles is banned
|rule|HP Percentage Mod: HP is shown in percentages
|rule|Dynamax Clause: You cannot dynamax
|teampreview
|c|☆gaijineagle|cool
|c|☆JimmyfromLinkedIn|I think we need to link the match and what not
|c|☆gaijineagle|gl hf bro
|c|☆JimmyfromLinkedIn|also glhf bro
|j| MINA miteite kurre
|j| CroagunkIsTheBest
|
|t:|1617523143
|start
|switch|p1a: Dragapult|Dragapult, F|100/100
|switch|p2a: Kyurem|Kyurem, shiny|100/100
|-ability|p2a: Kyurem|Pressure
|turn|1
|
|t:|1617523171
|move|p2a: Kyurem|Freeze-Dry|p1a: Dragapult
|-supereffective|p1a: Dragapult
|-damage|p1a: Dragapult|0 fnt
|faint|p1a: Dragapult
|
|upkeep
|
|t:|1617523180
|switch|p1a: Magnezone|Magnezone|100/100
|turn|2
|
|t:|1617523225
|switch|p2a: Aegislash|Aegislash, M, shiny|100/100
|switch|p1a: Swampert|Swampert, M|100/100
|
|upkeep
|turn|3
|
|t:|1617523269
|switch|p2a: Tornadus|Tornadus-Therian, M|100/100
|move|p1a: Swampert|Stealth Rock|p2a: Tornadus
|-sidestart|p2: gaijineagle|move: Stealth Rock
|
|upkeep
|turn|4
|j| cuzzie
|
|t:|1617523286
|move|p2a: Tornadus|Defog|p1a: Swampert
|-unboost|p1a: Swampert|evasion|1
|-sideend|p2: gaijineagle|Stealth Rock|[from] move: Defog|[of] p2a: Tornadus
|move|p1a: Swampert|Toxic|p2a: Tornadus|[miss]
|-miss|p1a: Swampert|p2a: Tornadus
|
|upkeep
|turn|5
|
|t:|1617523306
|move|p2a: Tornadus|U-turn|p1a: Swampert
|-damage|p1a: Swampert|87/100
|
|t:|1617523309
|switch|p2a: Landorus|Landorus-Therian, M|100/100|[from]move: U-turn
|-ability|p2a: Landorus|Intimidate|boost
|-unboost|p1a: Swampert|atk|1
|move|p1a: Swampert|Toxic|p2a: Landorus
|-status|p2a: Landorus|tox
|
|-heal|p1a: Swampert|94/100|[from] item: Leftovers
|-damage|p2a: Landorus|94/100 tox|[from] psn
|upkeep
|turn|6
|
|t:|1617523331
|move|p2a: Landorus|U-turn|p1a: Swampert
|-damage|p1a: Swampert|56/100
|
|t:|1617523354
|switch|p2a: Tornadus|Tornadus-Therian, M|100/100|[from]move: U-turn
|move|p1a: Swampert|Flip Turn|p2a: Tornadus
|-damage|p2a: Tornadus|84/100
|
|t:|1617523361
|switch|p1a: Tapu Lele|Tapu Lele|100/100|[from]move: Flip Turn
|-fieldstart|move: Psychic Terrain|[from] ability: Psychic Surge|[of] p1a: Tapu Lele
|
|upkeep
|turn|7
|
|t:|1617523405
|move|p2a: Tornadus|U-turn|p1a: Tapu Lele
|-damage|p1a: Tapu Lele|77/100
|
|t:|1617523407
|switch|p2a: Aegislash|Aegislash, M, shiny|100/100|[from]move: U-turn
|move|p1a: Tapu Lele|Thunderbolt|p2a: Aegislash
|-damage|p2a: Aegislash|51/100
|-status|p2a: Aegislash|par
|
|upkeep
|turn|8
|
|t:|1617523414
|move|p1a: Tapu Lele|Thunderbolt|p2a: Aegislash
|-damage|p2a: Aegislash|3/100 par
|-formechange|p2a: Aegislash|Aegislash-Blade||[from] ability: Stance Change
|move|p2a: Aegislash|Shadow Ball|p1a: Tapu Lele
|-supereffective|p1a: Tapu Lele
|-damage|p1a: Tapu Lele|0 fnt
|faint|p1a: Tapu Lele
|
|upkeep
|
|t:|1617523431
|switch|p1a: Swampert|Swampert, M|56/100
|turn|9
|
|t:|1617523461
|move|p1a: Swampert|Flip Turn|p2a: Aegislash
|-damage|p2a: Aegislash|0 fnt
|faint|p2a: Aegislash
|
|t:|1617523477
|switch|p1a: Rillaboom|Rillaboom, F|100/100|[from]move: Flip Turn
|-fieldstart|move: Grassy Terrain|[from] ability: Grassy Surge|[of] p1a: Rillaboom
|
|upkeep
|
|t:|1617523519
|switch|p2a: Tornadus|Tornadus-Therian, M|100/100
|turn|10
|
|t:|1617523543
|switch|p1a: Magnezone|Magnezone|100/100
|move|p2a: Tornadus|U-turn|p1a: Magnezone
|-resisted|p1a: Magnezone
|-damage|p1a: Magnezone|93/100
|
|t:|1617523632
|switch|p2a: Kyurem|Kyurem, shiny|100/100|[from]move: U-turn
|-ability|p2a: Kyurem|Pressure
|
|-heal|p1a: Magnezone|99/100|[from] Grassy Terrain
|upkeep
|turn|11
|
|t:|1617523664
|switch|p1a: Swampert|Swampert, M|56/100
|move|p2a: Kyurem|Earth Power|p1a: Swampert
|-damage|p1a: Swampert|32/100
|
|-heal|p1a: Swampert|38/100|[from] Grassy Terrain
|-heal|p1a: Swampert|44/100|[from] item: Leftovers
|upkeep
|turn|12
|
|t:|1617523707
|switch|p2a: Dragapult|Dragapult, M|100/100
|move|p1a: Swampert|Toxic|p2a: Dragapult
|-status|p2a: Dragapult|tox
|
|-heal|p1a: Swampert|50/100|[from] Grassy Terrain
|-heal|p1a: Swampert|56/100|[from] item: Leftovers
|-damage|p2a: Dragapult|95/100 tox|[from] psn
|upkeep
|turn|13
|
|t:|1617523723
|switch|p1a: Mandibuzz|Mandibuzz, F|100/100
|move|p2a: Dragapult|Dragon Darts|p1a: Mandibuzz
|-damage|p1a: Mandibuzz|80/100
|-anim|p2a: Dragapult|Dragon Darts|p1a: Mandibuzz
|-damage|p1a: Mandibuzz|58/100
|-damage|p2a: Dragapult|85/100 tox|[from] item: Life Orb
|
|-heal|p2a: Dragapult|91/100 tox|[from] Grassy Terrain
|-fieldend|move: Grassy Terrain
|-damage|p2a: Dragapult|79/100 tox|[from] psn
|upkeep
|turn|14
|
|t:|1617523749
|move|p2a: Dragapult|Dragon Darts|p1a: Mandibuzz
|-damage|p1a: Mandibuzz|35/100
|-anim|p2a: Dragapult|Dragon Darts|p1a: Mandibuzz
|-damage|p1a: Mandibuzz|12/100
|-damage|p2a: Dragapult|69/100 tox|[from] item: Life Orb
|move|p1a: Mandibuzz|Roost|p1a: Mandibuzz
|-heal|p1a: Mandibuzz|62/100
|-singleturn|p1a: Mandibuzz|move: Roost
|
|-damage|p2a: Dragapult|51/100 tox|[from] psn
|upkeep
|turn|15
|
|t:|1617523760
|switch|p2a: Landorus|Landorus-Therian, M|94/100 tox
|-ability|p2a: Landorus|Intimidate|boost
|-unboost|p1a: Mandibuzz|atk|1
|move|p1a: Mandibuzz|Foul Play|p2a: Landorus
|-damage|p2a: Landorus|27/100 tox
|
|-damage|p2a: Landorus|21/100 tox|[from] psn
|upkeep
|turn|16
|
|t:|1617523780
|switch|p1a: Swampert|Swampert, M|56/100
|move|p2a: Landorus|Explosion||[still]
|cant|p1a: Swampert|ability: Damp|Explosion|[of] p2a: Landorus
|
|-heal|p1a: Swampert|63/100|[from] item: Leftovers
|-damage|p2a: Landorus|9/100 tox|[from] psn
|upkeep
|turn|17
|c| MINA miteite kurre|:o
|
|t:|1617523798
|switch|p2a: Dragapult|Dragapult, M|51/100 tox
|move|p1a: Swampert|Stealth Rock|p2a: Dragapult
|-sidestart|p2: gaijineagle|move: Stealth Rock
|
|-heal|p1a: Swampert|69/100|[from] item: Leftovers
|-damage|p2a: Dragapult|45/100 tox|[from] psn
|upkeep
|turn|18
|
|t:|1617523809
|switch|p2a: Kyurem|Kyurem, shiny|100/100
|-damage|p2a: Kyurem|76/100|[from] Stealth Rock
|-ability|p2a: Kyurem|Pressure
|switch|p1a: Magnezone|Magnezone|99/100
|
|upkeep
|turn|19
|
|t:|1617523824
|move|p2a: Kyurem|Earth Power|p1a: Magnezone
|-supereffective|p1a: Magnezone
|-damage|p1a: Magnezone|0 fnt
|faint|p1a: Magnezone
|
|upkeep
|
|t:|1617523829
|switch|p1a: Swampert|Swampert, M|69/100
|turn|20
|c| cuzzie|:o
|
|t:|1617523839
|switch|p2a: Landorus|Landorus-Therian, M|9/100 tox
|-damage|p2a: Landorus|0 fnt|[from] Stealth Rock
|faint|p2a: Landorus
|move|p1a: Swampert|Earthquake|p2: Landorus|[notarget]
|-fail|p1a: Swampert
|
|-heal|p1a: Swampert|75/100|[from] item: Leftovers
|upkeep
|
|t:|1617523842
|switch|p2a: Dragapult|Dragapult, M|45/100 tox
|-damage|p2a: Dragapult|33/100 tox|[from] Stealth Rock
|turn|21
|
|t:|1617523858
|move|p2a: Dragapult|Dragon Darts|p1a: Swampert
|-damage|p1a: Swampert|44/100
|-anim|p2a: Dragapult|Dragon Darts|p1a: Swampert
|-damage|p1a: Swampert|9/100
|-damage|p2a: Dragapult|23/100 tox|[from] item: Life Orb
|move|p1a: Swampert|Flip Turn|p2a: Dragapult
|-resisted|p2a: Dragapult
|-damage|p2a: Dragapult|6/100 tox
|
|t:|1617523873
|switch|p1a: Mandibuzz|Mandibuzz, F|62/100|[from]move: Flip Turn
|
|-damage|p2a: Dragapult|0 fnt|[from] psn
|faint|p2a: Dragapult
|upkeep
|
|t:|1617523889
|switch|p2a: Tornadus|Tornadus-Therian, M|100/100
|turn|22
|
|t:|1617523896
|move|p2a: Tornadus|Defog|p1a: Mandibuzz
|-unboost|p1a: Mandibuzz|evasion|1
|-sideend|p2: gaijineagle|Stealth Rock|[from] move: Defog|[of] p2a: Tornadus
|move|p1a: Mandibuzz|Foul Play|p2a: Tornadus
|-damage|p2a: Tornadus|65/100
|
|upkeep
|turn|23
|
|t:|1617523913
|move|p2a: Tornadus|Hurricane|p1a: Mandibuzz
|-damage|p1a: Mandibuzz|34/100
|move|p1a: Mandibuzz|Roost|p1a: Mandibuzz
|-heal|p1a: Mandibuzz|84/100
|-singleturn|p1a: Mandibuzz|move: Roost
|
|upkeep
|turn|24
|
|t:|1617523920
|move|p2a: Tornadus|U-turn|p1a: Mandibuzz
|-damage|p1a: Mandibuzz|75/100
|
|t:|1617523923
|switch|p2a: Urshifu|Urshifu-Rapid-Strike, M|100/100|[from]move: U-turn
|move|p1a: Mandibuzz|Foul Play|p2a: Urshifu
|-resisted|p2a: Urshifu
|-damage|p2a: Urshifu|75/100
|
|upkeep
|turn|25
|
|t:|1617523933
|move|p2a: Urshifu|Surging Strikes|p1a: Mandibuzz
|-crit|p1a: Mandibuzz
|-damage|p1a: Mandibuzz|61/100
|-crit|p1a: Mandibuzz
|-damage|p1a: Mandibuzz|48/100
|-crit|p1a: Mandibuzz
|-damage|p1a: Mandibuzz|35/100
|-hitcount|p1a: Mandibuzz|3
|move|p1a: Mandibuzz|U-turn|p2a: Urshifu
|-resisted|p2a: Urshifu
|-damage|p2a: Urshifu|70/100
|
|t:|1617523941
|switch|p1a: Rillaboom|Rillaboom, F|100/100|[from]move: U-turn
|-fieldstart|move: Grassy Terrain|[from] ability: Grassy Surge|[of] p1a: Rillaboom
|
|-heal|p2a: Urshifu|76/100|[from] Grassy Terrain
|upkeep
|turn|26
|
|t:|1617523955
|switch|p2a: Tornadus|Tornadus-Therian, M|98/100
|move|p1a: Rillaboom|Grassy Glide|p2a: Tornadus
|-resisted|p2a: Tornadus
|-damage|p2a: Tornadus|57/100
|
|upkeep
|turn|27
|
|t:|1617523962
|switch|p1a: Swampert|Swampert, M|9/100
|move|p2a: Tornadus|U-turn|p1a: Swampert
|-damage|p1a: Swampert|0 fnt
|faint|p1a: Swampert
|
|t:|1617523964
|switch|p2a: Kyurem|Kyurem, shiny|76/100|[from]move: U-turn
|-ability|p2a: Kyurem|Pressure
|
|-heal|p2a: Kyurem|82/100|[from] Grassy Terrain
|upkeep
|
|t:|1617523973
|switch|p1a: Mandibuzz|Mandibuzz, F|35/100
|turn|28
|
|t:|1617523981
|move|p2a: Kyurem|Ice Beam|p1a: Mandibuzz
|-supereffective|p1a: Mandibuzz
|-damage|p1a: Mandibuzz|0 fnt
|faint|p1a: Mandibuzz
|
|-heal|p2a: Kyurem|88/100|[from] Grassy Terrain
|upkeep
|c|☆JimmyfromLinkedIn|gg
|
|t:|1617523987
|switch|p1a: Rillaboom|Rillaboom, F|100/100
|turn|29
|
|t:|1617523990
|move|p1a: Rillaboom|Grassy Glide|p2a: Kyurem
|-resisted|p2a: Kyurem
|-damage|p2a: Kyurem|53/100
|move|p2a: Kyurem|Ice Beam|p1a: Rillaboom
|-supereffective|p1a: Rillaboom
|-damage|p1a: Rillaboom|0 fnt
|faint|p1a: Rillaboom
|
|win|gaijineagle
|c|☆gaijineagle|gg bro
|c|☆gaijineagle|gl in the next ones
|l| cuzzie
|l| MINA miteite kurre
|c|☆JimmyfromLinkedIn|thank you, you as well
|j| hirejou tenne
|j| Yung $teve Harvey
|l| Yung $teve Harvey
|l| hirejou tenne
|l|☆gaijineagle
|j| Shooriken
|l| Shooriken
|j|☆gaijineagle
|player|p2|gaijineagle|169
|l|☆JimmyfromLinkedIn
|n| CroagunkIsTheBest@!|croagunkisthebest
|j| GDPB
