|html|<div class="broadcast-blue"><strong>[Gen 8] OU is currently suspecting Kyurem! For information on how to participate check out the <a href="https://www.smogon.com/forums/threads/np-ss-ou-suspect-process-round-11-break-the-ice.3694129/">suspect thread</a>.</strong></div>
|j|☆Trade Away Hope
|j|☆NeoNaruto®++
|inactive|Battle timer is ON: inactive players will automatically lose when time's up.
|t:|1639267712
|gametype|singles
|player|p1|Trade Away Hope|teamrocket|
|player|p2|NeoNaruto®++|medium|
|teamsize|p1|6
|teamsize|p2|6
|gen|8
|tier|[Gen 8] OU
|rated|Tournament battle
|rule|Sleep Clause Mod: Limit one foe put to sleep
|rule|Species Clause: Limit one of each Pokémon
|rule|OHKO Clause: OHKO moves are banned
|rule|Evasion Moves Clause: Evasion moves are banned
|rule|Endless Battle Clause: Forcing endless battles is banned
|rule|HP Percentage Mod: HP is shown in percentages
|rule|Dynamax Clause: You cannot dynamax
|clearpoke
|poke|p1|Melmetal|
|poke|p1|Pelipper, M|
|poke|p1|Volcanion|
|poke|p1|Seismitoad, M|
|poke|p1|Dragonite, M|
|poke|p1|Barraskewda, M|
|poke|p2|Landorus-Therian, M|
|poke|p2|Slowbro, F|
|poke|p2|Tapu Koko|
|poke|p2|Dragonite, F|
|poke|p2|Darmanitan, F|
|poke|p2|Tyranitar, F|
|teampreview
|inactive|NeoNaruto®++ also wants the timer to be on.
|j| Kyurem
|j| Clemensthelemon
|j| yaboiAshK.
|inactive|Trade Away Hope has 120 seconds left.
|
|t:|1639267751
|start
|switch|p1a: oh|Pelipper, M, shiny|100/100
|switch|p2a: VODECi|Tyranitar, F|100/100
|-weather|RainDance|[from] ability: Drizzle|[of] p1a: oh
|-weather|Sandstorm|[from] ability: Sand Stream|[of] p2a: VODECi
|turn|1
|
|t:|1639267758
|move|p1a: oh|U-turn|p2a: VODECi
|-supereffective|p2a: VODECi
|-damage|p2a: VODECi|86/100
|j| Urmal
|l| Urmal
|
|t:|1639267780
|switch|p1a: huh|Melmetal, shiny|100/100|[from]move: U-turn
|move|p2a: VODECi|Stone Edge|p1a: huh
|-resisted|p1a: huh
|-damage|p1a: huh|88/100
|
|-weather|Sandstorm|[upkeep]
|upkeep
|turn|2
|j| Throw Games
|
|t:|1639267806
|switch|p2a: spvceghvstpvrrp|Slowbro, F, shiny|100/100
|switch|p1a: oh|Pelipper, M, shiny|100/100
|-weather|RainDance|[from] ability: Drizzle|[of] p1a: oh
|
|-weather|RainDance|[upkeep]
|upkeep
|turn|3
|
|t:|1639267814
|move|p1a: oh|U-turn|p2a: spvceghvstpvrrp
|-supereffective|p2a: spvceghvstpvrrp
|-damage|p2a: spvceghvstpvrrp|90/100
|-damage|p1a: oh|84/100|[from] item: Rocky Helmet|[of] p2a: spvceghvstpvrrp
|
|t:|1639267819
|switch|p1a: wow|Volcanion|100/100|[from]move: U-turn
|move|p2a: spvceghvstpvrrp|Teleport|p2a: spvceghvstpvrrp
|
|t:|1639267821
|switch|p2a: VODECi|Tyranitar, F|86/100|[from]move: Teleport
|-weather|Sandstorm|[from] ability: Sand Stream|[of] p2a: VODECi
|
|-weather|Sandstorm|[upkeep]
|-damage|p1a: wow|95/100|[from] Sandstorm
|upkeep
|turn|4
|
|t:|1639267828
|move|p1a: wow|Steam Eruption|p2a: VODECi
|-supereffective|p2a: VODECi
|-damage|p2a: VODECi|27/100
|-status|p2a: VODECi|brn
|move|p2a: VODECi|Earthquake|p1a: wow
|-supereffective|p1a: wow
|-damage|p1a: wow|65/100
|
|-weather|Sandstorm|[upkeep]
|-damage|p1a: wow|59/100|[from] Sandstorm
|-damage|p2a: VODECi|20/100 brn|[from] brn
|upkeep
|turn|5
|
|t:|1639267836
|switch|p1a: oh|Pelipper, M, shiny|84/100
|-weather|RainDance|[from] ability: Drizzle|[of] p1a: oh
|switch|p2a: spvceghvstpvrrp|Slowbro, F, shiny|100/100
|
|-weather|RainDance|[upkeep]
|upkeep
|turn|6
|
|t:|1639267850
|switch|p1a: wow|Volcanion|59/100
|move|p2a: spvceghvstpvrrp|Teleport|p2a: spvceghvstpvrrp
|
|t:|1639267859
|switch|p2a: Tapu Koko|Tapu Koko|100/100|[from]move: Teleport
|-fieldstart|move: Electric Terrain|[from] ability: Electric Surge|[of] p2a: Tapu Koko
|
|-weather|RainDance|[upkeep]
|upkeep
|turn|7
|j| outh tentempiee
|l| outh tentempiee
|
|t:|1639267865
|switch|p1a: hi|Seismitoad, M, shiny|100/100
|move|p2a: Tapu Koko|Thunderbolt|p1a: hi
|-immune|p1a: hi
|
|-weather|RainDance|[upkeep]
|upkeep
|turn|8
|
|t:|1639267870
|switch|p2a: spvceghvstpvrrp|Slowbro, F, shiny|100/100
|move|p1a: hi|Weather Ball|p2a: spvceghvstpvrrp
|-resisted|p2a: spvceghvstpvrrp
|-damage|p2a: spvceghvstpvrrp|60/100
|-damage|p1a: hi|91/100|[from] item: Life Orb
|
|-weather|RainDance|[upkeep]
|upkeep
|turn|9
|
|t:|1639267873
|move|p1a: hi|Earth Power|p2a: spvceghvstpvrrp
|-damage|p2a: spvceghvstpvrrp|7/100
|-damage|p1a: hi|81/100|[from] item: Life Orb
|move|p2a: spvceghvstpvrrp|Teleport|p2a: spvceghvstpvrrp
|
|t:|1639267876
|switch|p2a: VODECi|Tyranitar, F|20/100 brn|[from]move: Teleport
|-weather|Sandstorm|[from] ability: Sand Stream|[of] p2a: VODECi
|
|-weather|Sandstorm|[upkeep]
|-damage|p2a: VODECi|14/100 brn|[from] brn
|upkeep
|turn|10
|j| gatorskk
|j| uiop_ladder1x
|
|t:|1639267891
|switch|p2a: spvceghvstpvrrp|Slowbro, F, shiny|41/100
|move|p1a: hi|Earth Power|p2a: spvceghvstpvrrp
|-damage|p2a: spvceghvstpvrrp|0 fnt
|faint|p2a: spvceghvstpvrrp
|-damage|p1a: hi|71/100|[from] item: Life Orb
|
|-weather|Sandstorm|[upkeep]
|-fieldend|move: Electric Terrain
|upkeep
|c| uiop_ladder1x|sound sound effect
|
|t:|1639267907
|switch|p2a: Bernie Landers|Landorus-Therian, M|100/100
|-ability|p2a: Bernie Landers|Intimidate|boost
|-unboost|p1a: hi|atk|1
|turn|11
|
|t:|1639267913
|switch|p1a: oh|Pelipper, M, shiny|84/100
|-weather|RainDance|[from] ability: Drizzle|[of] p1a: oh
|move|p2a: Bernie Landers|Stealth Rock|p1a: oh
|-sidestart|p1: Trade Away Hope|move: Stealth Rock
|
|-weather|RainDance|[upkeep]
|upkeep
|turn|12
|
|t:|1639267925
|move|p2a: Bernie Landers|Knock Off|p1a: oh
|-damage|p1a: oh|59/100
|-enditem|p1a: oh|Damp Rock|[from] move: Knock Off|[of] p2a: Bernie Landers
|move|p1a: oh|Defog|p2a: Bernie Landers
|-unboost|p2a: Bernie Landers|evasion|1
|-sideend|p1: Trade Away Hope|Stealth Rock|[from] move: Defog|[of] p1a: oh
|
|-weather|RainDance|[upkeep]
|upkeep
|turn|13
|
|t:|1639267929
|move|p2a: Bernie Landers|Stealth Rock|p1a: oh
|-sidestart|p1: Trade Away Hope|move: Stealth Rock
|move|p1a: oh|Scald|p2a: Bernie Landers
|-supereffective|p2a: Bernie Landers
|-damage|p2a: Bernie Landers|20/100
|
|-weather|RainDance|[upkeep]
|upkeep
|turn|14
|
|t:|1639267933
|switch|p2a: Tapu Koko|Tapu Koko|100/100
|-fieldstart|move: Electric Terrain|[from] ability: Electric Surge|[of] p2a: Tapu Koko
|move|p1a: oh|Defog|p2a: Tapu Koko
|-unboost|p2a: Tapu Koko|evasion|1
|-sideend|p1: Trade Away Hope|Stealth Rock|[from] move: Defog|[of] p1a: oh
|-fieldend|move: Electric Terrain
|
|-weather|RainDance|[upkeep]
|upkeep
|turn|15
|
|t:|1639267940
|switch|p1a: huh|Melmetal, shiny|88/100
|move|p2a: Tapu Koko|Dazzling Gleam|p1a: huh
|-resisted|p1a: huh
|-damage|p1a: huh|68/100
|
|-weather|RainDance|[upkeep]
|upkeep
|turn|16
|
|t:|1639267948
|switch|p2a: VODECi|Tyranitar, F|14/100 brn
|-weather|Sandstorm|[from] ability: Sand Stream|[of] p2a: VODECi
|move|p1a: huh|Double Iron Bash|p2a: VODECi
|-supereffective|p2a: VODECi
|-damage|p2a: VODECi|0 fnt
|faint|p2a: VODECi
|-hitcount|p2: VODECi|1
|
|-weather|Sandstorm|[upkeep]
|upkeep
|
|t:|1639267951
|switch|p2a: Bernie Landers|Landorus-Therian, M|20/100
|-ability|p2a: Bernie Landers|Intimidate|boost
|-unboost|p1a: huh|atk|1
|turn|17
|c| uiop_ladder1x|.>bernie landers
|
|t:|1639267954
|move|p2a: Bernie Landers|Stealth Rock|p1a: huh
|-sidestart|p1: Trade Away Hope|move: Stealth Rock
|move|p1a: huh|Ice Punch|p2a: Bernie Landers
|-supereffective|p2a: Bernie Landers
|-damage|p2a: Bernie Landers|0 fnt
|-damage|p1a: huh|52/100|[from] item: Rocky Helmet|[of] p2a: Bernie Landers
|faint|p2a: Bernie Landers
|
|-weather|Sandstorm|[upkeep]
|upkeep
|c| uiop_ladder1x|.>BASED??
|
|t:|1639267956
|switch|p2a: PURRP FOR SALE|Darmanitan, F|100/100
|turn|18
|j| HeartThieves
|j| xyzhoe
|j| Mikirae
|c| yaboiAshK.|i just caught that name too LMAO
|
|t:|1639267984
|switch|p1a: oh|Pelipper, M, shiny|59/100
|-damage|p1a: oh|34/100|[from] Stealth Rock
|-weather|RainDance|[from] ability: Drizzle|[of] p1a: oh
|move|p2a: PURRP FOR SALE|Flare Blitz|p1a: oh
|-resisted|p1a: oh
|-damage|p1a: oh|9/100
|-damage|p2a: PURRP FOR SALE|93/100|[from] Recoil
|
|-weather|RainDance|[upkeep]
|upkeep
|turn|19
|
|t:|1639267995
|move|p2a: PURRP FOR SALE|Flare Blitz|p1a: oh
|-resisted|p1a: oh
|-damage|p1a: oh|0 fnt
|faint|p1a: oh
|-damage|p2a: PURRP FOR SALE|90/100|[from] Recoil
|
|-weather|RainDance|[upkeep]
|upkeep
|
|t:|1639268001
|switch|p1a: hi|Seismitoad, M, shiny|71/100
|-damage|p1a: hi|65/100|[from] Stealth Rock
|turn|20
|c| uiop_ladder1x|9
|
|t:|1639268013
|move|p1a: hi|Weather Ball|p2a: PURRP FOR SALE
|-supereffective|p2a: PURRP FOR SALE
|-damage|p2a: PURRP FOR SALE|0 fnt
|faint|p2a: PURRP FOR SALE
|-damage|p1a: hi|55/100|[from] item: Life Orb
|
|-weather|RainDance|[upkeep]
|upkeep
|
|t:|1639268015
|switch|p2a: Fat Charizard|Dragonite, F, shiny|100/100
|turn|21
|c| uiop_ladder1x|whats dnites nickname Trade Away Hope
|c|☆Trade Away Hope|die
|c| uiop_ladder1x|lol..
|inactive|Trade Away Hope has 120 seconds left.
|c| uiop_ladder1x|so the team is
|c| uiop_ladder1x|"huh oh wow hi die bye"
|inactive|Trade Away Hope has 90 seconds left.
|c|☆Trade Away Hope|i had to change them all before the tourney since they were illegal lmao
|l| uiop_ladder1x
|inactive|Trade Away Hope has 60 seconds left.
|
|t:|1639268102
|switch|p1a: huh|Melmetal, shiny|52/100
|-damage|p1a: huh|46/100|[from] Stealth Rock
|move|p2a: Fat Charizard|Dragon Dance|p2a: Fat Charizard
|-boost|p2a: Fat Charizard|atk|1
|-boost|p2a: Fat Charizard|spe|1
|
|-weather|RainDance|[upkeep]
|upkeep
|turn|22
|
|t:|1639268109
|move|p2a: Fat Charizard|Earthquake|p1a: huh
|-supereffective|p1a: huh
|-damage|p1a: huh|0 fnt
|faint|p1a: huh
|
|-weather|none
|upkeep
|l| xyzhoe
|inactive|Trade Away Hope has 60 seconds left.
|
|t:|1639268128
|switch|p1a: die|Dragonite, M, shiny|100/100
|turn|23
|
|t:|1639268131
|move|p2a: Fat Charizard|Dual Wingbeat|p1a: die|[miss]
|-miss|p2a: Fat Charizard|p1a: die
|move|p1a: die|Ice Punch|p2a: Fat Charizard
|-supereffective|p2a: Fat Charizard
|-damage|p2a: Fat Charizard|40/100
|-status|p2a: Fat Charizard|frz
|
|upkeep
|turn|24
|-message|NeoNaruto®++ forfeited.
|
|win|Trade Away Hope
|n|☆Trade Away Hope|tradeawayhope
|n|☆NeoNaruto®++|neonaruto
|n| Kyurem|kyurem
|n| Clemensthelemon|clemensthelemon
|n| yaboiAshK.|yaboiashk
|n| Throw Games|throwgames
|n| gatorskk|gatorskk
|n| HeartThieves|heartthieves
|n| Mikirae|mikirae
|l|☆NeoNaruto®++
|l| yaboiAshK.
|c|☆Trade Away Hope|omfg
|c| Throw Games|that is hularious
|c|☆Trade Away Hope|pure luck
|c| gatorskk|oof
|l| HeartThieves
|l|☆Trade Away Hope
