|j|☆Orangesss
|j|☆Bluffish
|t:|1641254217
|gametype|singles
|player|p1|Orangesss|silver|1609
|player|p2|Bluffish|wallace|1614
|teamsize|p1|6
|teamsize|p2|6
|gen|8
|tier|[Gen 8] OU
|rated|
|rule|Sleep Clause Mod: Limit one foe put to sleep
|rule|Species Clause: Limit one of each Pokémon
|rule|OHKO Clause: OHKO moves are banned
|rule|Evasion Moves Clause: Evasion moves are banned
|rule|Endless Battle Clause: Forcing endless battles is banned
|rule|HP Percentage Mod: HP is shown in percentages
|rule|Dynamax Clause: You cannot dynamax
|clearpoke
|poke|p1|Pelipper, M|
|poke|p1|Barraskewda, M|
|poke|p1|Ferrothorn, F|
|poke|p1|Seismitoad, F|
|poke|p1|Tapu Koko|
|poke|p1|Tornadus-Therian, M|
|poke|p2|Tapu Lele|
|poke|p2|Weavile, F|
|poke|p2|Swampert, M|
|poke|p2|Scizor, M|
|poke|p2|Corviknight, F|
|poke|p2|Toxapex, F|
|teampreview
|c|☆Bluffish|glhf
|inactive|Battle timer is ON: inactive players will automatically lose when time's up. (requested by Orangesss)
|
|t:|1641254228
|start
|switch|p1a: Speed Overdose|Tapu Koko|100/100
|switch|p2a: Tapu Lele|Tapu Lele, shiny|100/100
|-fieldstart|move: Electric Terrain|[from] ability: Electric Surge|[of] p1a: Speed Overdose
|-fieldstart|move: Psychic Terrain|[from] ability: Psychic Surge|[of] p2a: Tapu Lele
|turn|1
|
|t:|1641254232
|switch|p2a: Swampert|Swampert, M|100/100
|move|p1a: Speed Overdose|Volt Switch|p2a: Swampert
|-immune|p2a: Swampert
|
|upkeep
|turn|2
|
|t:|1641254236
|switch|p1a: Hates rain|Ferrothorn, F|100/100
|switch|p2a: Scizor|Scizor, M|100/100
|
|upkeep
|turn|3
|
|t:|1641254244
|move|p2a: Scizor|U-turn|p1a: Hates rain
|-damage|p1a: Hates rain|82/100
|-damage|p2a: Scizor|88/100|[from] ability: Iron Barbs|[of] p1a: Hates rain
|
|t:|1641254249
|switch|p2a: Toxapex|Toxapex, F|100/100|[from]move: U-turn
|move|p1a: Hates rain|Spikes|p2a: Toxapex
|-sidestart|p2: Bluffish|Spikes
|
|-heal|p1a: Hates rain|89/100|[from] item: Leftovers
|upkeep
|turn|4
|
|t:|1641254252
|move|p2a: Toxapex|Toxic Spikes|p1a: Hates rain
|-sidestart|p1: Orangesss|move: Toxic Spikes
|move|p1a: Hates rain|Knock Off|p2a: Toxapex
|-damage|p2a: Toxapex|86/100
|-damage|p1a: Hates rain|72/100|[from] item: Rocky Helmet|[of] p2a: Toxapex
|-enditem|p2a: Toxapex|Rocky Helmet|[from] move: Knock Off|[of] p1a: Hates rain
|
|-heal|p1a: Hates rain|78/100|[from] item: Leftovers
|upkeep
|turn|5
|
|t:|1641254256
|move|p2a: Toxapex|Toxic Spikes|p1a: Hates rain
|-sidestart|p1: Orangesss|move: Toxic Spikes
|move|p1a: Hates rain|Leech Seed|p2a: Toxapex
|-start|p2a: Toxapex|move: Leech Seed
|
|-heal|p1a: Hates rain|85/100|[from] item: Leftovers
|-damage|p2a: Toxapex|74/100|[from] Leech Seed|[of] p1a: Hates rain
|-heal|p1a: Hates rain|95/100|[silent]
|-fieldend|move: Psychic Terrain
|upkeep
|turn|6
|
|t:|1641254260
|switch|p2a: Corviknight|Corviknight, F|100/100
|-ability|p2a: Corviknight|Pressure
|switch|p1a: Lando Black sheep|Tornadus-Therian, M|100/100
|
|upkeep
|turn|7
|
|t:|1641254263
|move|p1a: Lando Black sheep|Defog|p2a: Corviknight
|-unboost|p2a: Corviknight|evasion|1
|-sideend|p2: Bluffish|Spikes|[from] move: Defog|[of] p1a: Lando Black sheep
|-sideend|p1: Orangesss|Toxic Spikes|[from] move: Defog|[of] p1a: Lando Black sheep
|move|p2a: Corviknight|U-turn|p1a: Lando Black sheep
|-resisted|p1a: Lando Black sheep
|-damage|p1a: Lando Black sheep|92/100
|
|t:|1641254266
|switch|p2a: Weavile|Weavile, F|100/100|[from]move: U-turn
|-ability|p2a: Weavile|Pressure
|
|upkeep
|turn|8
|
|t:|1641254269
|switch|p1a: Hates rain|Ferrothorn, F|95/100
|move|p2a: Weavile|Knock Off|p1a: Hates rain
|-damage|p1a: Hates rain|66/100
|-damage|p2a: Weavile|88/100|[from] ability: Iron Barbs|[of] p1a: Hates rain
|-enditem|p1a: Hates rain|Leftovers|[from] move: Knock Off|[of] p2a: Weavile
|
|upkeep
|turn|9
|
|t:|1641254279
|switch|p2a: Toxapex|Toxapex, F|100/100
|move|p1a: Hates rain|Leech Seed|p2a: Toxapex
|-start|p2a: Toxapex|move: Leech Seed
|
|-damage|p2a: Toxapex|88/100|[from] Leech Seed|[of] p1a: Hates rain
|-heal|p1a: Hates rain|77/100|[silent]
|upkeep
|turn|10
|
|t:|1641254284
|switch|p1a: Lando Black sheep|Tornadus-Therian, M|100/100
|move|p2a: Toxapex|Toxic Spikes|p1a: Lando Black sheep
|-sidestart|p1: Orangesss|move: Toxic Spikes
|
|-damage|p2a: Toxapex|75/100|[from] Leech Seed|[of] p1a: Lando Black sheep
|upkeep
|turn|11
|
|t:|1641254289
|move|p1a: Lando Black sheep|Defog|p2a: Toxapex
|-unboost|p2a: Toxapex|evasion|1
|-sideend|p1: Orangesss|Toxic Spikes|[from] move: Defog|[of] p1a: Lando Black sheep
|move|p2a: Toxapex|Knock Off|p1a: Lando Black sheep
|-damage|p1a: Lando Black sheep|86/100
|-enditem|p1a: Lando Black sheep|Heavy-Duty Boots|[from] move: Knock Off|[of] p2a: Toxapex
|
|-damage|p2a: Toxapex|63/100|[from] Leech Seed|[of] p1a: Lando Black sheep
|-heal|p1a: Lando Black sheep|97/100|[silent]
|upkeep
|turn|12
|
|t:|1641254296
|switch|p2a: Corviknight|Corviknight, F|100/100
|-ability|p2a: Corviknight|Pressure
|move|p1a: Lando Black sheep|Hurricane|p2a: Corviknight
|-resisted|p2a: Corviknight
|-damage|p2a: Corviknight|81/100
|-start|p2a: Corviknight|confusion
|
|-heal|p2a: Corviknight|87/100|[from] item: Leftovers
|upkeep
|turn|13
|
|t:|1641254303
|move|p1a: Lando Black sheep|Hurricane|p2a: Corviknight
|-resisted|p2a: Corviknight
|-damage|p2a: Corviknight|69/100
|-activate|p2a: Corviknight|confusion
|move|p2a: Corviknight|U-turn|p1a: Lando Black sheep
|-resisted|p1a: Lando Black sheep
|-damage|p1a: Lando Black sheep|90/100
|
|t:|1641254307
|switch|p2a: Weavile|Weavile, F|88/100|[from]move: U-turn
|-ability|p2a: Weavile|Pressure
|
|upkeep
|turn|14
|
|t:|1641254315
|switch|p1a: Hates rain|Ferrothorn, F|77/100
|move|p2a: Weavile|Triple Axel|p1a: Hates rain
|-damage|p1a: Hates rain|71/100
|-damage|p2a: Weavile|76/100|[from] ability: Iron Barbs|[of] p1a: Hates rain
|-damage|p1a: Hates rain|59/100
|-damage|p2a: Weavile|63/100|[from] ability: Iron Barbs|[of] p1a: Hates rain
|-damage|p1a: Hates rain|43/100
|-damage|p2a: Weavile|51/100|[from] ability: Iron Barbs|[of] p1a: Hates rain
|-hitcount|p1a: Hates rain|3
|
|upkeep
|turn|15
|
|t:|1641254332
|switch|p2a: Scizor|Scizor, M|88/100
|move|p1a: Hates rain|Gyro Ball|p2a: Scizor
|-resisted|p2a: Scizor
|-crit|p2a: Scizor
|-damage|p2a: Scizor|66/100
|
|upkeep
|turn|16
|
|t:|1641254335
|move|p2a: Scizor|Roost|p2a: Scizor
|-heal|p2a: Scizor|100/100
|-singleturn|p2a: Scizor|move: Roost
|move|p1a: Hates rain|Leech Seed|p2a: Scizor
|-start|p2a: Scizor|move: Leech Seed
|
|-damage|p2a: Scizor|88/100|[from] Leech Seed|[of] p1a: Hates rain
|-heal|p1a: Hates rain|54/100|[silent]
|upkeep
|turn|17
|
|t:|1641254340
|move|p2a: Scizor|U-turn|p1a: Hates rain
|-damage|p1a: Hates rain|37/100
|-damage|p2a: Scizor|76/100|[from] ability: Iron Barbs|[of] p1a: Hates rain
|
|t:|1641254345
|switch|p2a: Tapu Lele|Tapu Lele, shiny|100/100|[from]move: U-turn
|-fieldstart|move: Psychic Terrain|[from] ability: Psychic Surge|[of] p2a: Tapu Lele
|move|p1a: Hates rain|Spikes|p2a: Tapu Lele
|-sidestart|p2: Bluffish|Spikes
|
|upkeep
|turn|18
|
|t:|1641254350
|move|p2a: Tapu Lele|Focus Blast|p1a: Hates rain|[miss]
|-miss|p2a: Tapu Lele|p1a: Hates rain
|move|p1a: Hates rain|Gyro Ball|p2a: Tapu Lele
|-supereffective|p2a: Tapu Lele
|-damage|p2a: Tapu Lele|0 fnt
|faint|p2a: Tapu Lele
|
|upkeep
|-message|Bluffish forfeited.
|
|win|Orangesss
|raw|Orangesss's rating: 1609 &rarr; <strong>1629</strong><br />(+20 for winning)
|raw|Bluffish's rating: 1614 &rarr; <strong>1594</strong><br />(-20 for losing)
|l|☆Bluffish
|c|☆Orangesss|Shouldn't have wish me gl
