|j|☆Rorschach I
|j|☆BOX CRUSHER
|player|p1|Rorschach I|cynthia|1557
|player|p2|BOX CRUSHER|fisherman|1481
|teamsize|p1|6
|teamsize|p2|6
|gametype|singles
|gen|8
|tier|[Gen 8] OU
|rated|
|clearpoke
|poke|p1|Terrakion|
|poke|p1|Aegislash, M|
|poke|p1|Crawdaunt, F|
|poke|p1|Zeraora|
|poke|p1|Kyurem|
|poke|p1|Togekiss, F|
|poke|p2|Torkoal, M|
|poke|p2|Venusaur, F|
|poke|p2|Mr. Rime, F|
|poke|p2|Rotom-Heat|
|poke|p2|Ferrothorn, F|
|poke|p2|Clefable, F|
|rule|Sleep Clause Mod: Limit one foe put to sleep
|rule|Species Clause: Limit one of each Pokémon
|rule|OHKO Clause: OHKO moves are banned
|rule|Evasion Moves Clause: Evasion moves are banned
|rule|Endless Battle Clause: Forcing endless battles is banned
|rule|HP Percentage Mod: HP is shown in percentages
|rule|Dynamax Clause: You cannot dynamax
|teampreview
|inactive|Battle timer is ON: inactive players will automatically lose when time's up. (requested by BOX CRUSHER)
|
|start
|switch|p1a: Kyurem|Kyurem|100/100
|switch|p2a: Mr. Rime|Mr. Rime, F, shiny|100/100
|-ability|p1a: Kyurem|Pressure
|turn|1
|
|move|p2a: Mr. Rime|Focus Blast|p1a: Kyurem
|-supereffective|p1a: Kyurem
|-damage|p1a: Kyurem|34/100
|-unboost|p1a: Kyurem|spd|1
|move|p1a: Kyurem|Draco Meteor|p2a: Mr. Rime|[miss]
|-miss|p1a: Kyurem|p2a: Mr. Rime
|
|upkeep
|turn|2
|
|switch|p2a: Clefable|Clefable, F, shiny|100/100
|switch|p1a: Aegislash|Aegislash, M|100/100
|-item|p1a: Aegislash|Air Balloon
|
|upkeep
|turn|3
|inactive|BOX CRUSHER has 120 seconds left.
|
|switch|p2a: Ferrothorn|Ferrothorn, F, shiny|100/100
|move|p1a: Aegislash|Swords Dance|p1a: Aegislash
|-boost|p1a: Aegislash|atk|2
|
|upkeep
|turn|4
|
|move|p2a: Ferrothorn|Endure|p2a: Ferrothorn
|-singleturn|p2a: Ferrothorn|move: Endure
|-formechange|p1a: Aegislash|Aegislash-Blade||[from] ability: Stance Change
|move|p1a: Aegislash|Close Combat|p2a: Ferrothorn
|-supereffective|p2a: Ferrothorn
|-activate|p2a: Ferrothorn|move: Endure
|-damage|p2a: Ferrothorn|1/100
|-unboost|p1a: Aegislash|def|1
|-unboost|p1a: Aegislash|spd|1
|-damage|p1a: Aegislash|88/100|[from] ability: Iron Barbs|[of] p2a: Ferrothorn
|-damage|p1a: Aegislash|72/100|[from] item: Rocky Helmet|[of] p2a: Ferrothorn
|
|upkeep
|turn|5
|
|move|p2a: Ferrothorn|Endure|p2a: Ferrothorn
|-singleturn|p2a: Ferrothorn|move: Endure
|move|p1a: Aegislash|Shadow Sneak|p2a: Ferrothorn
|-activate|p2a: Ferrothorn|move: Endure
|-damage|p2a: Ferrothorn|1/100
|-damage|p1a: Aegislash|60/100|[from] ability: Iron Barbs|[of] p2a: Ferrothorn
|-damage|p1a: Aegislash|43/100|[from] item: Rocky Helmet|[of] p2a: Ferrothorn
|
|upkeep
|turn|6
|
|move|p2a: Ferrothorn|Endure||[still]
|-fail|p2a: Ferrothorn
|move|p1a: Aegislash|Shadow Sneak|p2a: Ferrothorn
|-damage|p2a: Ferrothorn|0 fnt
|-damage|p1a: Aegislash|31/100|[from] ability: Iron Barbs|[of] p2a: Ferrothorn
|-damage|p1a: Aegislash|14/100|[from] item: Rocky Helmet|[of] p2a: Ferrothorn
|faint|p2a: Ferrothorn
|
|upkeep
|
|switch|p2a: Torkoal|Torkoal, M|100/100
|-weather|SunnyDay|[from] ability: Drought|[of] p2a: Torkoal
|turn|7
|
|move|p1a: Aegislash|Close Combat|p2a: Torkoal
|-damage|p2a: Torkoal|46/100
|-unboost|p1a: Aegislash|def|1
|-unboost|p1a: Aegislash|spd|1
|move|p2a: Torkoal|Lava Plume|p1a: Aegislash
|-supereffective|p1a: Aegislash
|-damage|p1a: Aegislash|0 fnt
|-enditem|p1a: Aegislash|Air Balloon
|faint|p1a: Aegislash
|
|-weather|SunnyDay|[upkeep]
|upkeep
|
|switch|p1a: Terrakion|Terrakion|100/100
|turn|8
|
|switch|p2a: Clefable|Clefable, F, shiny|100/100
|move|p1a: Terrakion|Stone Edge|p2a: Clefable
|-damage|p2a: Clefable|64/100
|
|-weather|SunnyDay|[upkeep]
|upkeep
|turn|9
|
|switch|p1a: Togekiss|Togekiss, F|100/100
|move|p2a: Clefable|Moonblast|p1a: Togekiss
|-damage|p1a: Togekiss|60/100
|
|-weather|SunnyDay|[upkeep]
|upkeep
|turn|10
|
|switch|p2a: Rotom|Rotom-Heat|100/100
|move|p1a: Togekiss|Air Slash|p2a: Rotom
|-resisted|p2a: Rotom
|-damage|p2a: Rotom|76/100
|
|-weather|SunnyDay|[upkeep]
|upkeep
|turn|11
|
|move|p1a: Togekiss|Air Slash|p2a: Rotom
|-resisted|p2a: Rotom
|-damage|p2a: Rotom|49/100
|move|p2a: Rotom|Overheat|p1a: Togekiss
|-damage|p1a: Togekiss|0 fnt
|-unboost|p2a: Rotom|spa|2
|faint|p1a: Togekiss
|
|-weather|SunnyDay|[upkeep]
|upkeep
|
|switch|p1a: Terrakion|Terrakion|100/100
|turn|12
|
|switch|p2a: Mr. Rime|Mr. Rime, F, shiny|100/100
|move|p1a: Terrakion|Close Combat|p2a: Mr. Rime
|-damage|p2a: Mr. Rime|12/100
|-unboost|p1a: Terrakion|def|1
|-unboost|p1a: Terrakion|spd|1
|
|-weather|SunnyDay|[upkeep]
|upkeep
|turn|13
|
|switch|p1a: Crawdaunt|Crawdaunt, F|100/100
|move|p2a: Mr. Rime|Psychic|p1a: Crawdaunt
|-immune|p1a: Crawdaunt
|
|-weather|SunnyDay|[upkeep]
|upkeep
|turn|14
|
|switch|p2a: Clefable|Clefable, F, shiny|64/100
|move|p1a: Crawdaunt|Knock Off|p2a: Clefable
|-resisted|p2a: Clefable
|-damage|p2a: Clefable|32/100
|-enditem|p2a: Clefable|Life Orb|[from] move: Knock Off|[of] p1a: Crawdaunt
|-damage|p1a: Crawdaunt|91/100|[from] item: Life Orb
|
|-weather|none
|upkeep
|turn|15
|
|move|p1a: Crawdaunt|Aqua Jet|p2a: Clefable
|-damage|p2a: Clefable|7/100
|-damage|p1a: Crawdaunt|81/100|[from] item: Life Orb
|move|p2a: Clefable|Moonblast|p1a: Crawdaunt
|-supereffective|p1a: Crawdaunt
|-damage|p1a: Crawdaunt|0 fnt
|faint|p1a: Crawdaunt
|
|upkeep
|
|switch|p1a: Zeraora|Zeraora|100/100
|turn|16
|
|move|p1a: Zeraora|Plasma Fists|p2a: Clefable
|-damage|p2a: Clefable|0 fnt
|-fieldactivate|move: Ion Deluge
|-damage|p1a: Zeraora|91/100|[from] item: Life Orb
|faint|p2a: Clefable
|
|upkeep
|
|switch|p2a: Mr. Rime|Mr. Rime, F, shiny|12/100
|turn|17
|
|move|p1a: Zeraora|Plasma Fists|p2a: Mr. Rime
|-damage|p2a: Mr. Rime|0 fnt
|-fieldactivate|move: Ion Deluge
|-damage|p1a: Zeraora|81/100|[from] item: Life Orb
|faint|p2a: Mr. Rime
|
|upkeep
|
|switch|p2a: Torkoal|Torkoal, M|46/100
|-weather|SunnyDay|[from] ability: Drought|[of] p2a: Torkoal
|turn|18
|
|switch|p1a: Kyurem|Kyurem|34/100
|-ability|p1a: Kyurem|Pressure
|move|p2a: Torkoal|Lava Plume|p1a: Kyurem
|-damage|p1a: Kyurem|1/100
|
|-weather|SunnyDay|[upkeep]
|upkeep
|turn|19
|
|move|p1a: Kyurem|Earth Power|p2a: Torkoal
|-supereffective|p2a: Torkoal
|-damage|p2a: Torkoal|0 fnt
|faint|p2a: Torkoal
|
|-weather|SunnyDay|[upkeep]
|upkeep
|
|switch|p2a: Venusaur|Venusaur, F|100/100
|turn|20
|
|move|p2a: Venusaur|Giga Drain|p1a: Kyurem
|-resisted|p1a: Kyurem
|-damage|p1a: Kyurem|0 fnt
|-damage|p2a: Venusaur|91/100|[from] item: Life Orb
|faint|p1a: Kyurem
|
|-weather|SunnyDay|[upkeep]
|upkeep
|
|switch|p1a: Terrakion|Terrakion|100/100
|turn|21
|
|move|p2a: Venusaur|Giga Drain|p1a: Terrakion
|-supereffective|p1a: Terrakion
|-enditem|p1a: Terrakion|Focus Sash
|-damage|p1a: Terrakion|1/100
|-heal|p2a: Venusaur|100/100|[from] drain|[of] p1a: Terrakion
|-damage|p2a: Venusaur|91/100|[from] item: Life Orb
|move|p1a: Terrakion|Stone Edge|p2a: Venusaur
|-damage|p2a: Venusaur|19/100
|
|-weather|SunnyDay|[upkeep]
|upkeep
|turn|22
|
|move|p2a: Venusaur|Giga Drain|p1a: Terrakion
|-supereffective|p1a: Terrakion
|-damage|p1a: Terrakion|0 fnt
|-heal|p2a: Venusaur|19/100|[from] drain|[of] p1a: Terrakion
|-damage|p2a: Venusaur|9/100|[from] item: Life Orb
|faint|p1a: Terrakion
|
|-weather|SunnyDay|[upkeep]
|upkeep
|
|switch|p1a: Zeraora|Zeraora|81/100
|turn|23
|
|move|p2a: Venusaur|Weather Ball|p1a: Zeraora
|-damage|p1a: Zeraora|0 fnt
|-damage|p2a: Venusaur|0 fnt|[from] item: Life Orb
|faint|p1a: Zeraora
|faint|p2a: Venusaur
|
|win|BOX CRUSHER
|l|☆Rorschach I
||Ladder (probably) updated, but score could not be retrieved (Response not received).
