|j|☆monstass
|j|☆GGeorgie
|t:|1668035535
|gametype|singles
|player|p1|monstass|brycenman|1410
|player|p2|GGeorgie|hiker-gen2|1474
|teamsize|p1|6
|teamsize|p2|6
|gen|8
|tier|[Gen 8] OU
|rated|
|rule|Sleep Clause Mod: Limit one foe put to sleep
|rule|Species Clause: Limit one of each Pokémon
|rule|OHKO Clause: OHKO moves are banned
|rule|Evasion Items Clause: Evasion items are banned
|rule|Evasion Moves Clause: Evasion moves are banned
|rule|Endless Battle Clause: Forcing endless battles is banned
|rule|HP Percentage Mod: HP is shown in percentages
|rule|Dynamax Clause: You cannot dynamax
|clearpoke
|poke|p1|Dragapult, F|
|poke|p1|Moltres-Galar|
|poke|p1|Kartana|
|poke|p1|Blacephalon|
|poke|p1|Metagross|
|poke|p1|Tyranitar, F|
|poke|p2|Zapdos|
|poke|p2|Tyranitar, F|
|poke|p2|Landorus-Therian, M|
|poke|p2|Excadrill, F|
|poke|p2|Clefable, M|
|poke|p2|Ferrothorn, F|
|teampreview
|inactive|Battle timer is ON: inactive players will automatically lose when time's up. (requested by monstass)
|
|t:|1668035548
|start
|switch|p1a: Dragapult|Dragapult, F|100/100
|switch|p2a: Landorus|Landorus-Therian, M|100/100
|-ability|p2a: Landorus|Intimidate|boost
|-fail|p1a: Dragapult|unboost|[from] ability: Clear Body|[of] p1a: Dragapult
|turn|1
|
|t:|1668035572
|move|p2a: Landorus|U-turn|p1a: Dragapult
|-resisted|p1a: Dragapult
|-damage|p1a: Dragapult|84/100
|
|t:|1668035574
|switch|p2a: Clefable|Clefable, M|100/100|[from]move: U-turn
|move|p1a: Dragapult|Reflect|p1a: Dragapult
|-sidestart|p1: monstass|Reflect
|
|upkeep
|turn|2
|
|t:|1668035584
|move|p1a: Dragapult|Light Screen|p1a: Dragapult
|-sidestart|p1: monstass|move: Light Screen
|move|p2a: Clefable|Moonblast|p1a: Dragapult
|-supereffective|p1a: Dragapult
|-damage|p1a: Dragapult|35/100
|
|upkeep
|turn|3
|inactive|GGeorgie has 120 seconds left.
|
|t:|1668035615
|move|p1a: Dragapult|Curse|p2a: Clefable
|-start|p2a: Clefable|Curse|[of] p1a: Dragapult
|-damage|p1a: Dragapult|0 fnt
|faint|p1a: Dragapult
|move|p2a: Clefable|Moonblast|p1: Dragapult|[notarget]
|-fail|p2a: Clefable
|
|upkeep
|
|t:|1668035624
|switch|p1a: Kartana|Kartana|100/100
|turn|4
|
|t:|1668035635
|move|p1a: Kartana|Knock Off|p2a: Clefable
|-resisted|p2a: Clefable
|-damage|p2a: Clefable|76/100
|-enditem|p2a: Clefable|Life Orb|[from] move: Knock Off|[of] p1a: Kartana
|move|p2a: Clefable|Moonblast|p1a: Kartana
|-resisted|p1a: Kartana
|-damage|p1a: Kartana|77/100
|
|upkeep
|turn|5
|
|t:|1668035639
|switch|p1a: Metagross|Metagross, shiny|100/100
|move|p2a: Clefable|Moonblast|p1a: Metagross
|-resisted|p1a: Metagross
|-damage|p1a: Metagross|92/100
|
|upkeep
|turn|6
|
|t:|1668035644
|switch|p2a: Zapdos|Zapdos|100/100
|move|p1a: Metagross|Agility|p1a: Metagross
|-boost|p1a: Metagross|spe|2
|
|upkeep
|turn|7
|
|t:|1668035660
|move|p1a: Metagross|Thunder Punch|p2a: Zapdos
|-damage|p2a: Zapdos|63/100
|move|p2a: Zapdos|Thunderbolt|p1a: Metagross
|-damage|p1a: Metagross|49/100
|
|upkeep
|turn|8
|
|t:|1668035671
|move|p1a: Metagross|Thunder Punch|p2a: Zapdos
|-damage|p2a: Zapdos|25/100
|move|p2a: Zapdos|Thunderbolt|p1a: Metagross
|-damage|p1a: Metagross|6/100
|
|-sideend|p1: monstass|Reflect
|upkeep
|turn|9
|
|t:|1668035679
|switch|p2a: Ferrothorn|Ferrothorn, F, shiny|100/100
|move|p1a: Metagross|Thunder Punch|p2a: Ferrothorn
|-resisted|p2a: Ferrothorn
|-damage|p2a: Ferrothorn|92/100
|-damage|p1a: Metagross|0 fnt|[from] ability: Iron Barbs|[of] p2a: Ferrothorn
|faint|p1a: Metagross
|
|-sideend|p1: monstass|move: Light Screen
|upkeep
|
|t:|1668035685
|switch|p1a: Blacephalon|Blacephalon|100/100
|turn|10
|
|t:|1668035691
|switch|p2a: Zapdos|Zapdos|25/100
|move|p1a: Blacephalon|Overheat|p2a: Zapdos
|-damage|p2a: Zapdos|0 fnt
|-unboost|p1a: Blacephalon|spa|2
|faint|p2a: Zapdos
|-ability|p1a: Blacephalon|Beast Boost|boost
|-boost|p1a: Blacephalon|spa|1
|
|upkeep
|
|t:|1668035693
|switch|p2a: Landorus|Landorus-Therian, M|100/100
|-ability|p2a: Landorus|Intimidate|boost
|-unboost|p1a: Blacephalon|atk|1
|turn|11
|
|t:|1668035696
|switch|p1a: Moltres|Moltres-Galar, shiny|100/100
|move|p2a: Landorus|Stone Edge|p1a: Moltres
|-supereffective|p1a: Moltres
|-damage|p1a: Moltres|11/100
|-enditem|p1a: Moltres|Weakness Policy
|-boost|p1a: Moltres|atk|2|[from] item: Weakness Policy
|-boost|p1a: Moltres|spa|2|[from] item: Weakness Policy
|-ability|p1a: Moltres|Berserk|boost
|-boost|p1a: Moltres|spa|1
|
|upkeep
|turn|12
|
|t:|1668035703
|move|p2a: Landorus|Stone Edge|p1a: Moltres|[miss]
|-miss|p2a: Landorus|p1a: Moltres
|move|p1a: Moltres|Agility|p1a: Moltres
|-boost|p1a: Moltres|spe|2
|
|upkeep
|turn|13
|
|t:|1668035711
|switch|p2a: Tyranitar|Tyranitar, F, shiny|100/100
|-weather|Sandstorm|[from] ability: Sand Stream|[of] p2a: Tyranitar
|move|p1a: Moltres|Fiery Wrath|p2a: Tyranitar
|-resisted|p2a: Tyranitar
|-damage|p2a: Tyranitar|63/100
|
|-weather|Sandstorm|[upkeep]
|-damage|p1a: Moltres|5/100|[from] Sandstorm
|upkeep
|turn|14
|
|t:|1668035727
|move|p1a: Moltres|Air Slash|p2a: Tyranitar
|-resisted|p2a: Tyranitar
|-damage|p2a: Tyranitar|33/100
|move|p2a: Tyranitar|Stone Edge|p1a: Moltres|[miss]
|-miss|p2a: Tyranitar|p1a: Moltres
|
|-weather|Sandstorm|[upkeep]
|-damage|p1a: Moltres|0 fnt|[from] Sandstorm
|faint|p1a: Moltres
|upkeep
|
|t:|1668035738
|switch|p1a: Kartana|Kartana|77/100
|turn|15
|
|t:|1668035744
|switch|p2a: Ferrothorn|Ferrothorn, F, shiny|92/100
|move|p1a: Kartana|Sacred Sword|p2a: Ferrothorn
|-supereffective|p2a: Ferrothorn
|-damage|p2a: Ferrothorn|23/100
|-damage|p1a: Kartana|64/100|[from] ability: Iron Barbs|[of] p2a: Ferrothorn
|-damage|p1a: Kartana|48/100|[from] item: Rocky Helmet|[of] p2a: Ferrothorn
|
|-weather|Sandstorm|[upkeep]
|upkeep
|turn|16
|
|t:|1668035748
|switch|p2a: Landorus|Landorus-Therian, M|100/100
|-ability|p2a: Landorus|Intimidate|boost
|-unboost|p1a: Kartana|atk|1
|move|p1a: Kartana|Sacred Sword|p2a: Landorus
|-resisted|p2a: Landorus
|-damage|p2a: Landorus|77/100
|
|-weather|Sandstorm|[upkeep]
|upkeep
|turn|17
|
|t:|1668035751
|switch|p1a: Tyranitar|Tyranitar, F|100/100
|move|p2a: Landorus|Earthquake|p1a: Tyranitar
|-supereffective|p1a: Tyranitar
|-damage|p1a: Tyranitar|0 fnt
|faint|p1a: Tyranitar
|
|-weather|none
|upkeep
|
|t:|1668035755
|switch|p1a: Blacephalon|Blacephalon|100/100
|turn|18
|
|t:|1668035768
|move|p1a: Blacephalon|Shadow Ball|p2a: Landorus
|-damage|p2a: Landorus|22/100
|move|p2a: Landorus|Earthquake|p1a: Blacephalon
|-supereffective|p1a: Blacephalon
|-damage|p1a: Blacephalon|0 fnt
|faint|p1a: Blacephalon
|
|upkeep
|
|t:|1668035782
|switch|p1a: Kartana|Kartana|48/100
|turn|19
|-message|monstass forfeited.
|
|win|GGeorgie
|raw|monstass's rating: 1410 &rarr; <strong>1395</strong><br />(-15 for losing)
|raw|GGeorgie's rating: 1496 &rarr; <strong>1511</strong><br />(+15 for winning)
|l|☆monstass
