|j|☆JooshP
|j|☆Highv0ltag3
|t:|1651921677
|gametype|singles
|player|p1|JooshP|red|1572
|player|p2|Highv0ltag3|ingo|1579
|teamsize|p1|6
|teamsize|p2|6
|gen|8
|tier|[Gen 8] OU
|rated|
|rule|Sleep Clause Mod: Limit one foe put to sleep
|rule|Species Clause: Limit one of each Pokémon
|rule|OHKO Clause: OHKO moves are banned
|rule|Evasion Moves Clause: Evasion moves are banned
|rule|Endless Battle Clause: Forcing endless battles is banned
|rule|HP Percentage Mod: HP is shown in percentages
|rule|Dynamax Clause: You cannot dynamax
|clearpoke
|poke|p1|Tapu Koko|
|poke|p1|Skarmory, F|
|poke|p1|Urshifu-*, M|
|poke|p1|Slowking-Galar, F|
|poke|p1|Landorus-Therian, M|
|poke|p1|Kartana|
|poke|p2|Xatu, M|
|poke|p2|Corviknight, F|
|poke|p2|Mandibuzz, F|
|poke|p2|Quagsire, M|
|poke|p2|Toxapex, F|
|poke|p2|Slowking-Galar, F|
|teampreview
|
|t:|1651921694
|start
|switch|p1a: Kartana|Kartana|100/100
|switch|p2a: Slowking|Slowking-Galar, F|100/100
|turn|1
|
|t:|1651921707
|switch|p2a: Mandibuzz|Mandibuzz, F|100/100
|move|p1a: Kartana|Knock Off|p2a: Mandibuzz
|-resisted|p2a: Mandibuzz
|-damage|p2a: Mandibuzz|83/100
|-enditem|p2a: Mandibuzz|Leftovers|[from] move: Knock Off|[of] p1a: Kartana
|
|upkeep
|turn|2
|
|t:|1651921715
|switch|p1a: Slowking|Slowking-Galar, F|100/100
|move|p2a: Mandibuzz|Knock Off|p1a: Slowking
|-supereffective|p1a: Slowking
|-crit|p1a: Slowking
|-damage|p1a: Slowking|26/100
|-enditem|p1a: Slowking|Assault Vest|[from] move: Knock Off|[of] p2a: Mandibuzz
|
|upkeep
|turn|3
|
|t:|1651921721
|switch|p1a: Skarmory|Skarmory, F|100/100
|move|p2a: Mandibuzz|Knock Off|p1a: Skarmory
|-damage|p1a: Skarmory|87/100
|-damage|p2a: Mandibuzz|66/100|[from] item: Rocky Helmet|[of] p1a: Skarmory
|-enditem|p1a: Skarmory|Rocky Helmet|[from] move: Knock Off|[of] p2a: Mandibuzz
|
|upkeep
|turn|4
|inactive|Battle timer is ON: inactive players will automatically lose when time's up. (requested by Highv0ltag3)
|
|t:|1651921727
|switch|p1a: Slowking|Slowking-Galar, F|59/100
|move|p2a: Mandibuzz|Roost|p2a: Mandibuzz
|-heal|p2a: Mandibuzz|100/100
|-singleturn|p2a: Mandibuzz|move: Roost
|
|upkeep
|turn|5
|
|t:|1651921732
|move|p2a: Mandibuzz|Knock Off|p1a: Slowking
|-supereffective|p1a: Slowking
|-damage|p1a: Slowking|26/100
|move|p1a: Slowking|Sludge Bomb|p2a: Mandibuzz
|-damage|p2a: Mandibuzz|77/100
|
|upkeep
|turn|6
|
|t:|1651921737
|switch|p1a: Skarmory|Skarmory, F|87/100
|move|p2a: Mandibuzz|Toxic|p1a: Skarmory
|-immune|p1a: Skarmory
|
|upkeep
|turn|7
|
|t:|1651921741
|switch|p2a: Xatu|Xatu, M|100/100
|move|p1a: Skarmory|Roost|p1a: Skarmory
|-heal|p1a: Skarmory|100/100
|-singleturn|p1a: Skarmory|move: Roost
|
|upkeep
|turn|8
|
|t:|1651921750
|switch|p1a: Slowking|Slowking-Galar, F|59/100
|move|p2a: Xatu|Calm Mind|p2a: Xatu
|-boost|p2a: Xatu|spa|1
|-boost|p2a: Xatu|spd|1
|
|upkeep
|turn|9
|
|t:|1651921758
|move|p2a: Xatu|Calm Mind|p2a: Xatu
|-boost|p2a: Xatu|spa|1
|-boost|p2a: Xatu|spd|1
|move|p1a: Slowking|Sludge Bomb|p2a: Xatu
|-damage|p2a: Xatu|84/100
|-status|p2a: Xatu|psn
|
|-heal|p2a: Xatu|90/100 psn|[from] item: Leftovers
|-damage|p2a: Xatu|78/100 psn|[from] psn
|upkeep
|turn|10
|
|t:|1651921761
|move|p2a: Xatu|Calm Mind|p2a: Xatu
|-boost|p2a: Xatu|spa|1
|-boost|p2a: Xatu|spd|1
|move|p1a: Slowking|Future Sight|p2a: Xatu
|-start|p1a: Slowking|move: Future Sight
|
|-heal|p2a: Xatu|84/100 psn|[from] item: Leftovers
|-damage|p2a: Xatu|71/100 psn|[from] psn
|upkeep
|turn|11
|
|t:|1651921774
|switch|p1a: Kartana|Kartana|100/100
|move|p2a: Xatu|Stored Power|p1a: Kartana
|-resisted|p1a: Kartana
|-damage|p1a: Kartana|0 fnt
|faint|p1a: Kartana
|
|-heal|p2a: Xatu|77/100 psn|[from] item: Leftovers
|-damage|p2a: Xatu|65/100 psn|[from] psn
|upkeep
|
|t:|1651921777
|switch|p1a: Landorus|Landorus-Therian, M|100/100
|-ability|p1a: Landorus|Intimidate|boost
|-unboost|p2a: Xatu|atk|1
|turn|12
|
|t:|1651921786
|switch|p2a: Corviknight|Corviknight, F|100/100
|-ability|p2a: Corviknight|Pressure
|move|p1a: Landorus|Stone Edge|p2a: Corviknight
|-damage|p2a: Corviknight|74/100
|
|-end|p2a: Corviknight|move: Future Sight
|-resisted|p2a: Corviknight
|-damage|p2a: Corviknight|51/100
|upkeep
|turn|13
|
|t:|1651921790
|move|p1a: Landorus|Swords Dance|p1a: Landorus
|-boost|p1a: Landorus|atk|2
|move|p2a: Corviknight|Roost|p2a: Corviknight
|-heal|p2a: Corviknight|100/100
|-singleturn|p2a: Corviknight|move: Roost
|
|upkeep
|turn|14
|
|t:|1651921794
|move|p1a: Landorus|Earthquake|p2a: Corviknight
|-immune|p2a: Corviknight
|move|p2a: Corviknight|Iron Defense|p2a: Corviknight
|-boost|p2a: Corviknight|def|2
|
|upkeep
|turn|15
|
|t:|1651921797
|switch|p1a: Tapu Koko|Tapu Koko|100/100
|-fieldstart|move: Electric Terrain|[from] ability: Electric Surge|[of] p1a: Tapu Koko
|move|p2a: Corviknight|Iron Defense|p2a: Corviknight
|-boost|p2a: Corviknight|def|2
|
|upkeep
|turn|16
|
|t:|1651921802
|switch|p2a: Slowking|Slowking-Galar, F|100/100
|move|p1a: Tapu Koko|U-turn|p2a: Slowking
|-damage|p2a: Slowking|84/100
|
|t:|1651921808
|switch|p1a: Urshifu|Urshifu-Rapid-Strike, M|100/100|[from]move: U-turn
|
|-heal|p2a: Slowking|90/100|[from] item: Black Sludge
|upkeep
|turn|17
|j| jeanmilapipe
|
|t:|1651921814
|switch|p2a: Toxapex|Toxapex, F|100/100
|move|p1a: Urshifu|U-turn|p2a: Toxapex
|-resisted|p2a: Toxapex
|-damage|p2a: Toxapex|89/100
|
|t:|1651921816
|switch|p1a: Landorus|Landorus-Therian, M|100/100|[from]move: U-turn
|-ability|p1a: Landorus|Intimidate|boost
|-unboost|p2a: Toxapex|atk|1
|
|-heal|p2a: Toxapex|96/100|[from] item: Black Sludge
|upkeep
|turn|18
|
|t:|1651921821
|move|p1a: Landorus|Earthquake|p2a: Toxapex
|-supereffective|p2a: Toxapex
|-damage|p2a: Toxapex|25/100
|move|p2a: Toxapex|Scald|p1a: Landorus
|-supereffective|p1a: Landorus
|-damage|p1a: Landorus|64/100
|-status|p1a: Landorus|brn
|
|-heal|p1a: Landorus|70/100 brn|[from] item: Leftovers
|-heal|p2a: Toxapex|31/100|[from] item: Black Sludge
|-damage|p1a: Landorus|64/100 brn|[from] brn
|upkeep
|turn|19
|-message|JooshP forfeited.
|
|win|Highv0ltag3
|raw|JooshP's rating: 1572 &rarr; <strong>1552</strong><br />(-20 for losing)
|raw|Highv0ltag3's rating: 1579 &rarr; <strong>1599</strong><br />(+20 for winning)
|l|☆JooshP
