|j|☆quixana
|j|☆showdownpied
|inactive|Battle timer is ON: inactive players will automatically lose when time's up.
|t:|1667250329
|gametype|singles
|player|p1|quixana|266|
|player|p2|showdownpied|tuberf|
|teamsize|p1|6
|teamsize|p2|6
|gen|8
|tier|[Gen 8] OU
|rated|Tournament battle
|rule|Sleep Clause Mod: Limit one foe put to sleep
|rule|Species Clause: Limit one of each Pokémon
|rule|OHKO Clause: OHKO moves are banned
|rule|Evasion Items Clause: Evasion items are banned
|rule|Evasion Moves Clause: Evasion moves are banned
|rule|Endless Battle Clause: Forcing endless battles is banned
|rule|HP Percentage Mod: HP is shown in percentages
|rule|Dynamax Clause: You cannot dynamax
|clearpoke
|poke|p1|Kartana|
|poke|p1|Buzzwole|
|poke|p1|Tapu Lele|
|poke|p1|Landorus-Therian, M|
|poke|p1|Slowbro, F|
|poke|p1|Blissey, F|
|poke|p2|Barraskewda, M|
|poke|p2|Pelipper, F|
|poke|p2|Kingdra, M|
|poke|p2|Ferrothorn, F|
|poke|p2|Zapdos|
|poke|p2|Crawdaunt, M|
|teampreview
|j| PoobleMaster945
|inactive|quixana has 120 seconds left.
|
|t:|1667250359
|start
|switch|p1a: Tapu Lele|Tapu Lele|100/100
|switch|p2a: Pelipper|Pelipper, F|100/100
|-fieldstart|move: Psychic Terrain|[from] ability: Psychic Surge|[of] p1a: Tapu Lele
|-weather|RainDance|[from] ability: Drizzle|[of] p2a: Pelipper
|turn|1
|
|t:|1667250368
|switch|p2a: Ferrothorn|Ferrothorn, F|100/100
|move|p1a: Tapu Lele|Moonblast|p2a: Ferrothorn
|-resisted|p2a: Ferrothorn
|-damage|p2a: Ferrothorn|76/100
|
|-weather|RainDance|[upkeep]
|-heal|p2a: Ferrothorn|82/100|[from] item: Leftovers
|upkeep
|turn|2
|inactive|showdownpied has 120 seconds left.
|
|t:|1667250399
|switch|p1a: Buzzwole|Buzzwole|100/100
|move|p2a: Ferrothorn|Stealth Rock|p1a: Buzzwole
|-sidestart|p1: quixana|move: Stealth Rock
|
|-weather|RainDance|[upkeep]
|-heal|p2a: Ferrothorn|88/100|[from] item: Leftovers
|upkeep
|turn|3
|inactive|quixana has 120 seconds left.
|
|t:|1667250426
|switch|p2a: Zapdos|Zapdos|100/100
|move|p1a: Buzzwole|Close Combat|p2a: Zapdos
|-resisted|p2a: Zapdos
|-damage|p2a: Zapdos|77/100
|-unboost|p1a: Buzzwole|def|1
|-unboost|p1a: Buzzwole|spd|1
|
|-weather|RainDance|[upkeep]
|upkeep
|turn|4
|inactive|quixana has 120 seconds left.
|inactive|showdownpied has 120 seconds left.
|
|t:|1667250454
|switch|p1a: Landorus|Landorus-Therian, M|100/100
|-damage|p1a: Landorus|88/100|[from] Stealth Rock
|-ability|p1a: Landorus|Intimidate|boost
|-unboost|p2a: Zapdos|atk|1
|switch|p2a: Crawdaunt|Crawdaunt, M|100/100
|
|-weather|RainDance|[upkeep]
|-heal|p1a: Landorus|94/100|[from] item: Leftovers
|upkeep
|turn|5
|inactive|showdownpied has 90 seconds left.
|
|t:|1667250495
|move|p2a: Crawdaunt|Crabhammer|p1a: Landorus
|-supereffective|p1a: Landorus
|-damage|p1a: Landorus|0 fnt
|faint|p1a: Landorus
|-damage|p2a: Crawdaunt|91/100|[from] item: Life Orb
|
|-weather|RainDance|[upkeep]
|-fieldend|move: Psychic Terrain
|upkeep
|
|t:|1667250499
|switch|p1a: Tapu Lele|Tapu Lele|100/100
|-damage|p1a: Tapu Lele|88/100|[from] Stealth Rock
|-fieldstart|move: Psychic Terrain|[from] ability: Psychic Surge|[of] p1a: Tapu Lele
|turn|6
|inactive|showdownpied has 90 seconds left.
|
|t:|1667250513
|switch|p1a: Buzzwole|Buzzwole|100/100
|-damage|p1a: Buzzwole|88/100|[from] Stealth Rock
|switch|p2a: Ferrothorn|Ferrothorn, F|88/100
|
|-weather|RainDance|[upkeep]
|-heal|p2a: Ferrothorn|95/100|[from] item: Leftovers
|upkeep
|turn|7
|
|t:|1667250526
|switch|p2a: Zapdos|Zapdos|77/100
|move|p1a: Buzzwole|Close Combat|p2a: Zapdos
|-resisted|p2a: Zapdos
|-damage|p2a: Zapdos|53/100
|-unboost|p1a: Buzzwole|def|1
|-unboost|p1a: Buzzwole|spd|1
|
|-weather|RainDance|[upkeep]
|upkeep
|turn|8
|
|t:|1667250537
|switch|p1a: Blissey|Blissey, F|100/100
|move|p2a: Zapdos|Roost|p2a: Zapdos
|-heal|p2a: Zapdos|100/100
|-singleturn|p2a: Zapdos|move: Roost
|
|-weather|none
|upkeep
|turn|9
|
|t:|1667250547
|switch|p2a: Crawdaunt|Crawdaunt, M|91/100
|move|p1a: Blissey|Stealth Rock|p2a: Crawdaunt
|-sidestart|p2: showdownpied|move: Stealth Rock
|
|upkeep
|turn|10
|inactive|quixana has 120 seconds left.
|inactive|showdownpied has 90 seconds left.
|inactive|quixana has 90 seconds left.
|inactive|quixana has 60 seconds left.
|
|t:|1667250641
|switch|p1a: Kartana|Kartana|100/100
|-damage|p1a: Kartana|94/100|[from] Stealth Rock
|move|p2a: Crawdaunt|Swords Dance|p2a: Crawdaunt
|-boost|p2a: Crawdaunt|atk|2
|
|-fieldend|move: Psychic Terrain
|upkeep
|turn|11
|
|t:|1667250653
|switch|p2a: Zapdos|Zapdos|100/100
|move|p1a: Kartana|Knock Off|p2a: Zapdos
|-damage|p2a: Zapdos|51/100
|-enditem|p2a: Zapdos|Heavy-Duty Boots|[from] move: Knock Off|[of] p1a: Kartana
|
|upkeep
|turn|12
|
|t:|1667250665
|switch|p1a: Tapu Lele|Tapu Lele|88/100
|-damage|p1a: Tapu Lele|76/100|[from] Stealth Rock
|-fieldstart|move: Psychic Terrain|[from] ability: Psychic Surge|[of] p1a: Tapu Lele
|move|p2a: Zapdos|Roost|p2a: Zapdos
|-heal|p2a: Zapdos|100/100
|-singleturn|p2a: Zapdos|move: Roost
|
|upkeep
|turn|13
|inactive|showdownpied has 60 seconds left.
|
|t:|1667250713
|switch|p2a: Ferrothorn|Ferrothorn, F|95/100
|-damage|p2a: Ferrothorn|88/100|[from] Stealth Rock
|move|p1a: Tapu Lele|Moonblast|p2a: Ferrothorn
|-resisted|p2a: Ferrothorn
|-damage|p2a: Ferrothorn|63/100
|-unboost|p2a: Ferrothorn|spa|1
|
|-heal|p2a: Ferrothorn|69/100|[from] item: Leftovers
|upkeep
|turn|14
|inactive|quixana has 60 seconds left.
|
|t:|1667250722
|switch|p1a: Buzzwole|Buzzwole|88/100
|-damage|p1a: Buzzwole|76/100|[from] Stealth Rock
|move|p2a: Ferrothorn|Knock Off|p1a: Buzzwole
|-resisted|p1a: Buzzwole
|-damage|p1a: Buzzwole|68/100
|-enditem|p1a: Buzzwole|Choice Scarf|[from] move: Knock Off|[of] p2a: Ferrothorn
|
|-heal|p2a: Ferrothorn|75/100|[from] item: Leftovers
|upkeep
|turn|15
|inactive|quixana has 60 seconds left.
|
|t:|1667250742
|switch|p2a: Zapdos|Zapdos|100/100
|-damage|p2a: Zapdos|75/100|[from] Stealth Rock
|move|p1a: Buzzwole|Close Combat|p2a: Zapdos
|-resisted|p2a: Zapdos
|-damage|p2a: Zapdos|50/100
|-unboost|p1a: Buzzwole|def|1
|-unboost|p1a: Buzzwole|spd|1
|
|upkeep
|turn|16
|j| ViviCetus
|inactive|quixana has 60 seconds left.
|
|t:|1667250751
|move|p1a: Buzzwole|Ice Punch|p2a: Zapdos
|-supereffective|p2a: Zapdos
|-damage|p2a: Zapdos|9/100
|move|p2a: Zapdos|Roost|p2a: Zapdos
|-heal|p2a: Zapdos|59/100
|-singleturn|p2a: Zapdos|move: Roost
|
|-fieldend|move: Psychic Terrain
|upkeep
|turn|17
|inactive|quixana has 60 seconds left.
|
|t:|1667250781
|switch|p1a: Blissey|Blissey, F|100/100
|move|p2a: Zapdos|Roost|p2a: Zapdos
|-heal|p2a: Zapdos|100/100
|-singleturn|p2a: Zapdos|move: Roost
|
|upkeep
|turn|18
|inactive|showdownpied has 60 seconds left.
|
|t:|1667250791
|switch|p2a: Crawdaunt|Crawdaunt, M|91/100
|-damage|p2a: Crawdaunt|78/100|[from] Stealth Rock
|switch|p1a: Tapu Lele|Tapu Lele|76/100
|-damage|p1a: Tapu Lele|63/100|[from] Stealth Rock
|-fieldstart|move: Psychic Terrain|[from] ability: Psychic Surge|[of] p1a: Tapu Lele
|
|upkeep
|turn|19
|inactive|showdownpied has 60 seconds left.
|inactive|quixana has 30 seconds left.
|inactive|quixana has 20 seconds left.
|inactive|quixana has 15 seconds left.
|inactive|showdownpied has 30 seconds left.
|
|t:|1667250840
|switch|p2a: Ferrothorn|Ferrothorn, F|75/100
|-damage|p2a: Ferrothorn|69/100|[from] Stealth Rock
|move|p1a: Tapu Lele|Moonblast|p2a: Ferrothorn
|-resisted|p2a: Ferrothorn
|-damage|p2a: Ferrothorn|43/100
|
|-heal|p2a: Ferrothorn|50/100|[from] item: Leftovers
|upkeep
|turn|20
|inactive|quixana has 25 seconds left this turn.
|inactive|quixana has 20 seconds left.
|inactive|showdownpied has 30 seconds left.
|inactive|quixana has 15 seconds left.
|inactive|quixana has 10 seconds left.
|
|t:|1667250857
|move|p1a: Tapu Lele|Moonblast|p2a: Ferrothorn
|-resisted|p2a: Ferrothorn
|-crit|p2a: Ferrothorn
|-damage|p2a: Ferrothorn|11/100
|-unboost|p2a: Ferrothorn|spa|1
|move|p2a: Ferrothorn|Leech Seed|p1a: Tapu Lele
|-start|p1a: Tapu Lele|move: Leech Seed
|
|-heal|p2a: Ferrothorn|17/100|[from] item: Leftovers
|-damage|p1a: Tapu Lele|51/100|[from] Leech Seed|[of] p2a: Ferrothorn
|-heal|p2a: Ferrothorn|27/100|[silent]
|upkeep
|turn|21
|inactive|quixana has 20 seconds left this turn.
|inactive|quixana has 15 seconds left.
|
|t:|1667250866
|switch|p1a: Buzzwole|Buzzwole|68/100
|-damage|p1a: Buzzwole|55/100|[from] Stealth Rock
|move|p2a: Ferrothorn|Leech Seed|p1a: Buzzwole
|-start|p1a: Buzzwole|move: Leech Seed
|
|-heal|p2a: Ferrothorn|33/100|[from] item: Leftovers
|-damage|p1a: Buzzwole|43/100|[from] Leech Seed|[of] p2a: Ferrothorn
|-heal|p2a: Ferrothorn|46/100|[silent]
|upkeep
|turn|22
|inactive|quixana has 25 seconds left this turn.
|inactive|quixana has 20 seconds left.
|inactive|quixana has 15 seconds left.
|inactive|quixana has 10 seconds left.
|
|t:|1667250883
|switch|p1a: Tapu Lele|Tapu Lele|51/100
|-damage|p1a: Tapu Lele|38/100|[from] Stealth Rock
|switch|p2a: Pelipper|Pelipper, F|100/100
|-damage|p2a: Pelipper|76/100|[from] Stealth Rock
|-weather|RainDance|[from] ability: Drizzle|[of] p2a: Pelipper
|
|-weather|RainDance|[upkeep]
|-fieldend|move: Psychic Terrain
|upkeep
|turn|23
|inactive|quixana has 20 seconds left this turn.
|inactive|showdownpied has 30 seconds left.
|
|t:|1667250906
|switch|p2a: Ferrothorn|Ferrothorn, F|46/100
|-damage|p2a: Ferrothorn|40/100|[from] Stealth Rock
|move|p1a: Tapu Lele|Moonblast|p2a: Ferrothorn
|-resisted|p2a: Ferrothorn
|-damage|p2a: Ferrothorn|14/100
|-unboost|p2a: Ferrothorn|spa|1
|
|-weather|RainDance|[upkeep]
|-heal|p2a: Ferrothorn|20/100|[from] item: Leftovers
|upkeep
|turn|24
|inactive|quixana has 30 seconds left this turn.
|inactive|showdownpied has 30 seconds left.
|
|t:|1667250915
|move|p1a: Tapu Lele|Moonblast|p2a: Ferrothorn
|-resisted|p2a: Ferrothorn
|-damage|p2a: Ferrothorn|0 fnt
|faint|p2a: Ferrothorn
|
|-weather|RainDance|[upkeep]
|upkeep
|inactive|showdownpied has 30 seconds left.
|
|t:|1667250923
|switch|p2a: Barraskewda|Barraskewda, M|100/100
|-damage|p2a: Barraskewda|88/100|[from] Stealth Rock
|turn|25
|
|t:|1667250927
|switch|p1a: Slowbro|Slowbro, F, shiny|100/100
|-damage|p1a: Slowbro|88/100|[from] Stealth Rock
|move|p2a: Barraskewda|Flip Turn|p1a: Slowbro
|-resisted|p1a: Slowbro
|-damage|p1a: Slowbro|66/100
|-damage|p2a: Barraskewda|72/100|[from] item: Rocky Helmet|[of] p1a: Slowbro
|
|t:|1667250934
|switch|p2a: Crawdaunt|Crawdaunt, M|78/100|[from]move: Flip Turn
|-damage|p2a: Crawdaunt|66/100|[from] Stealth Rock
|
|-weather|RainDance|[upkeep]
|upkeep
|turn|26
|
|t:|1667250946
|switch|p1a: Buzzwole|Buzzwole|43/100
|-damage|p1a: Buzzwole|30/100|[from] Stealth Rock
|move|p2a: Crawdaunt|Knock Off|p1a: Buzzwole
|-resisted|p1a: Buzzwole
|-damage|p1a: Buzzwole|8/100
|-damage|p2a: Crawdaunt|56/100|[from] item: Life Orb
|
|-weather|RainDance|[upkeep]
|upkeep
|turn|27
|
|t:|1667250953
|move|p2a: Crawdaunt|Aqua Jet|p1a: Buzzwole
|-damage|p1a: Buzzwole|0 fnt
|faint|p1a: Buzzwole
|-damage|p2a: Crawdaunt|47/100|[from] item: Life Orb
|
|-weather|RainDance|[upkeep]
|upkeep
|
|t:|1667250958
|switch|p1a: Tapu Lele|Tapu Lele|38/100
|-damage|p1a: Tapu Lele|26/100|[from] Stealth Rock
|-fieldstart|move: Psychic Terrain|[from] ability: Psychic Surge|[of] p1a: Tapu Lele
|turn|28
|inactive|showdownpied has 60 seconds left.
|
|t:|1667250983
|switch|p2a: Barraskewda|Barraskewda, M|72/100
|-damage|p2a: Barraskewda|60/100|[from] Stealth Rock
|move|p1a: Tapu Lele|Moonblast|p2a: Barraskewda
|-damage|p2a: Barraskewda|0 fnt
|faint|p2a: Barraskewda
|
|-weather|RainDance|[upkeep]
|upkeep
|
|t:|1667250990
|switch|p2a: Kingdra|Kingdra, M|100/100
|-damage|p2a: Kingdra|88/100|[from] Stealth Rock
|turn|29
|inactive|quixana has 60 seconds left.
|
|t:|1667251016
|switch|p2a: Crawdaunt|Crawdaunt, M|47/100
|-damage|p2a: Crawdaunt|34/100|[from] Stealth Rock
|switch|p1a: Slowbro|Slowbro, F, shiny|99/100
|-damage|p1a: Slowbro|87/100|[from] Stealth Rock
|
|-weather|none
|upkeep
|turn|30
|inactive|showdownpied has 60 seconds left.
|inactive|quixana has 60 seconds left.
|
|t:|1667251032
|move|p2a: Crawdaunt|Knock Off|p1a: Slowbro
|-supereffective|p1a: Slowbro
|-damage|p1a: Slowbro|0 fnt
|-damage|p2a: Crawdaunt|18/100|[from] item: Rocky Helmet|[of] p1a: Slowbro
|-enditem|p1a: Slowbro|Rocky Helmet|[from] move: Knock Off|[of] p2a: Crawdaunt
|faint|p1a: Slowbro
|-damage|p2a: Crawdaunt|8/100|[from] item: Life Orb
|
|upkeep
|
|t:|1667251045
|switch|p1a: Kartana|Kartana|94/100
|-damage|p1a: Kartana|88/100|[from] Stealth Rock
|turn|31
|inactive|showdownpied has 60 seconds left.
|
|t:|1667251058
|switch|p2a: Zapdos|Zapdos|100/100
|-damage|p2a: Zapdos|75/100|[from] Stealth Rock
|move|p1a: Kartana|Knock Off|p2a: Zapdos
|-damage|p2a: Zapdos|45/100
|
|upkeep
|turn|32
|inactive|quixana has 60 seconds left.
|inactive|showdownpied has 60 seconds left.
|
|t:|1667251065
|switch|p1a: Blissey|Blissey, F|100/100
|switch|p2a: Pelipper|Pelipper, F|76/100
|-damage|p2a: Pelipper|51/100|[from] Stealth Rock
|-weather|RainDance|[from] ability: Drizzle|[of] p2a: Pelipper
|
|-weather|RainDance|[upkeep]
|-fieldend|move: Psychic Terrain
|upkeep
|turn|33
|inactive|quixana has 60 seconds left.
|
|t:|1667251085
|move|p2a: Pelipper|Defog|p1a: Blissey
|-unboost|p1a: Blissey|evasion|1
|-sideend|p1: quixana|Stealth Rock|[from] move: Defog|[of] p2a: Pelipper
|-sideend|p2: showdownpied|Stealth Rock|[from] move: Defog|[of] p2a: Pelipper
|move|p1a: Blissey|Toxic|p2a: Pelipper
|-status|p2a: Pelipper|tox
|
|-weather|RainDance|[upkeep]
|-damage|p2a: Pelipper|45/100 tox|[from] psn
|upkeep
|turn|34
|
|t:|1667251094
|switch|p2a: Crawdaunt|Crawdaunt, M|8/100
|move|p1a: Blissey|Seismic Toss|p2a: Crawdaunt
|-damage|p2a: Crawdaunt|0 fnt
|faint|p2a: Crawdaunt
|
|-weather|RainDance|[upkeep]
|upkeep
|c|☆showdownpied|gg
|-message|showdownpied forfeited.
|
|win|quixana
|n|☆quixana|quixana
|n|☆showdownpied|showdownpied
|n| PoobleMaster945|pooblemaster945
|n| ViviCetus|vivicetus
|l|☆showdownpied
|c|☆quixana|Gg
