|j|☆Greengamer12
|j|☆bbsimononmyneck
|t:|1646973887
|gametype|singles
|player|p1|Greengamer12|101|1412
|player|p2|bbsimononmyneck|winona|1497
|teamsize|p1|6
|teamsize|p2|6
|gen|8
|tier|[Gen 8] OU
|rated|
|rule|Sleep Clause Mod: Limit one foe put to sleep
|rule|Species Clause: Limit one of each Pokémon
|rule|OHKO Clause: OHKO moves are banned
|rule|Evasion Moves Clause: Evasion moves are banned
|rule|Endless Battle Clause: Forcing endless battles is banned
|rule|HP Percentage Mod: HP is shown in percentages
|rule|Dynamax Clause: You cannot dynamax
|clearpoke
|poke|p1|Regieleki|
|poke|p1|Landorus-Therian, M|
|poke|p1|Weavile, F|
|poke|p1|Ferrothorn, M|
|poke|p1|Zapdos-Galar|
|poke|p1|Slowbro, F|
|poke|p2|Kartana|
|poke|p2|Tapu Lele|
|poke|p2|Tornadus-Therian, M|
|poke|p2|Hippowdon, F|
|poke|p2|Umbreon, M|
|poke|p2|Toxapex, M|
|teampreview
|inactive|Battle timer is ON: inactive players will automatically lose when time's up. (requested by Greengamer12)
|inactive|bbsimononmyneck has 120 seconds left.
|
|t:|1646973932
|start
|switch|p1a: Ferrothorn|Ferrothorn, M|100/100
|switch|p2a: Tornadus|Tornadus-Therian, M|100/100
|turn|1
|
|t:|1646973943
|switch|p1a: Slowbro|Slowbro, F|100/100
|move|p2a: Tornadus|Hurricane|p1a: Slowbro|[miss]
|-miss|p2a: Tornadus|p1a: Slowbro
|
|upkeep
|turn|2
|
|t:|1646973949
|move|p2a: Tornadus|U-turn|p1a: Slowbro
|-supereffective|p1a: Slowbro
|-damage|p1a: Slowbro|83/100
|
|t:|1646973955
|switch|p2a: Toxapex|Toxapex, M|100/100|[from]move: U-turn
|move|p1a: Slowbro|Teleport|p1a: Slowbro
|
|t:|1646973967
|switch|p1a: Regieleki|Regieleki|100/100|[from]move: Teleport
|
|upkeep
|turn|3
|
|t:|1646973973
|switch|p1a: Weavile|Weavile, F|100/100
|-ability|p1a: Weavile|Pressure
|switch|p2a: Hippowdon|Hippowdon, F|100/100
|-weather|Sandstorm|[from] ability: Sand Stream|[of] p2a: Hippowdon
|
|-weather|Sandstorm|[upkeep]
|-damage|p1a: Weavile|94/100|[from] Sandstorm
|upkeep
|turn|4
|
|t:|1646973985
|move|p1a: Weavile|Triple Axel|p2a: Hippowdon
|-supereffective|p2a: Hippowdon
|-damage|p2a: Hippowdon|87/100
|-supereffective|p2a: Hippowdon
|-damage|p2a: Hippowdon|61/100
|-supereffective|p2a: Hippowdon
|-damage|p2a: Hippowdon|23/100
|-hitcount|p2a: Hippowdon|3
|move|p2a: Hippowdon|Stealth Rock|p1a: Weavile
|-sidestart|p1: Greengamer12|move: Stealth Rock
|
|-weather|Sandstorm|[upkeep]
|-damage|p1a: Weavile|88/100|[from] Sandstorm
|-heal|p2a: Hippowdon|30/100|[from] item: Leftovers
|upkeep
|turn|5
|inactive|bbsimononmyneck has 120 seconds left.
|c|☆Greengamer12|interesting
|c|☆Greengamer12|phys def hippo
|inactive|bbsimononmyneck has 90 seconds left.
|
|t:|1646974051
|switch|p2a: Umbreon|Umbreon, M|100/100
|move|p1a: Weavile|Knock Off|p2a: Umbreon
|-resisted|p2a: Umbreon
|-crit|p2a: Umbreon
|-damage|p2a: Umbreon|79/100
|-enditem|p2a: Umbreon|Leftovers|[from] move: Knock Off|[of] p1a: Weavile
|
|-weather|Sandstorm|[upkeep]
|-damage|p1a: Weavile|82/100|[from] Sandstorm
|-damage|p2a: Umbreon|73/100|[from] Sandstorm
|upkeep
|turn|6
|inactive|bbsimononmyneck has 90 seconds left.
|
|t:|1646974063
|switch|p1a: Ferrothorn|Ferrothorn, M|100/100
|-damage|p1a: Ferrothorn|94/100|[from] Stealth Rock
|move|p2a: Umbreon|Foul Play|p1a: Ferrothorn
|-damage|p1a: Ferrothorn|71/100
|-damage|p2a: Umbreon|60/100|[from] ability: Iron Barbs|[of] p1a: Ferrothorn
|
|-weather|Sandstorm|[upkeep]
|-damage|p2a: Umbreon|54/100|[from] Sandstorm
|-heal|p1a: Ferrothorn|77/100|[from] item: Leftovers
|upkeep
|turn|7
|inactive|bbsimononmyneck has 90 seconds left.
|
|t:|1646974077
|switch|p2a: Tornadus|Tornadus-Therian, M|100/100
|move|p1a: Ferrothorn|Spikes|p2a: Tornadus
|-sidestart|p2: bbsimononmyneck|Spikes
|
|-weather|none
|-heal|p1a: Ferrothorn|84/100|[from] item: Leftovers
|upkeep
|turn|8
|
|t:|1646974084
|move|p2a: Tornadus|Hurricane|p1a: Ferrothorn
|-damage|p1a: Ferrothorn|60/100
|-start|p1a: Ferrothorn|confusion
|-activate|p1a: Ferrothorn|confusion
|move|p1a: Ferrothorn|Leech Seed|p2a: Tornadus
|-start|p2a: Tornadus|move: Leech Seed
|
|-heal|p1a: Ferrothorn|66/100|[from] item: Leftovers
|-damage|p2a: Tornadus|88/100|[from] Leech Seed|[of] p1a: Ferrothorn
|-heal|p1a: Ferrothorn|79/100|[silent]
|upkeep
|turn|9
|
|t:|1646974097
|switch|p1a: Slowbro|Slowbro, F|100/100
|move|p2a: Tornadus|Heat Wave|p1a: Slowbro
|-resisted|p1a: Slowbro
|-damage|p1a: Slowbro|89/100
|-status|p1a: Slowbro|brn
|
|-damage|p2a: Tornadus|76/100|[from] Leech Seed|[of] p1a: Slowbro
|-heal|p1a: Slowbro|99/100 brn|[silent]
|-damage|p1a: Slowbro|94/100 brn|[from] brn
|upkeep
|turn|10
|
|t:|1646974107
|move|p2a: Tornadus|U-turn|p1a: Slowbro
|-supereffective|p1a: Slowbro
|-damage|p1a: Slowbro|76/100 brn
|
|t:|1646974114
|switch|p2a: Toxapex|Toxapex, M|100/100|[from]move: U-turn
|-damage|p2a: Toxapex|88/100|[from] Spikes
|move|p1a: Slowbro|Future Sight|p2a: Toxapex
|-start|p1a: Slowbro|move: Future Sight
|
|-damage|p1a: Slowbro|70/100 brn|[from] brn
|upkeep
|turn|11
|
|t:|1646974121
|move|p2a: Toxapex|Knock Off|p1a: Slowbro
|-supereffective|p1a: Slowbro
|-damage|p1a: Slowbro|53/100 brn
|-enditem|p1a: Slowbro|Heavy-Duty Boots|[from] move: Knock Off|[of] p2a: Toxapex
|move|p1a: Slowbro|Teleport|p1a: Slowbro
|
|t:|1646974131
|switch|p1a: Regieleki|Regieleki|100/100|[from]move: Teleport
|
|upkeep
|turn|12
|
|t:|1646974140
|switch|p2a: Hippowdon|Hippowdon, F|30/100
|-damage|p2a: Hippowdon|17/100|[from] Spikes
|-weather|Sandstorm|[from] ability: Sand Stream|[of] p2a: Hippowdon
|move|p1a: Regieleki|Volt Switch|p2a: Hippowdon
|-immune|p2a: Hippowdon
|
|-weather|Sandstorm|[upkeep]
|-damage|p1a: Regieleki|95/100|[from] Sandstorm
|-end|p2a: Hippowdon|move: Future Sight
|-damage|p2a: Hippowdon|0 fnt
|faint|p2a: Hippowdon
|upkeep
|inactive|bbsimononmyneck has 90 seconds left.
|-message|bbsimononmyneck forfeited.
|
|win|Greengamer12
|raw|Greengamer12's rating: 1412 &rarr; <strong>1437</strong><br />(+25 for winning)
|raw|bbsimononmyneck's rating: 1497 &rarr; <strong>1472</strong><br />(-25 for losing)
|l|☆bbsimononmyneck
