|j|☆minimax_ai
|j|☆Steez Ibanez
|t:|1667801765
|gametype|singles
|player|p1|minimax_ai|169|1701
|player|p2|Steez Ibanez|acetrainer-gen7|1811
|teamsize|p1|6
|teamsize|p2|6
|gen|8
|tier|[Gen 8] OU
|rated|
|rule|Sleep Clause Mod: Limit one foe put to sleep
|rule|Species Clause: Limit one of each Pokémon
|rule|OHKO Clause: OHKO moves are banned
|rule|Evasion Items Clause: Evasion items are banned
|rule|Evasion Moves Clause: Evasion moves are banned
|rule|Endless Battle Clause: Forcing endless battles is banned
|rule|HP Percentage Mod: HP is shown in percentages
|rule|Dynamax Clause: You cannot dynamax
|clearpoke
|poke|p1|Rotom-Wash|
|poke|p1|Weavile, M|
|poke|p1|Landorus-Therian, M|
|poke|p1|Heatran, M|
|poke|p1|Tangrowth, M|
|poke|p1|Melmetal|
|poke|p2|Aegislash, M|
|poke|p2|Hydreigon, M|
|poke|p2|Slowbro, M|
|poke|p2|Hippowdon, M|
|poke|p2|Zapdos|
|poke|p2|Ferrothorn, M|
|teampreview
|inactive|Battle timer is ON: inactive players will automatically lose when time's up. (requested by Steez Ibanez)
|c|☆minimax_ai|hf
|inactive|minimax_ai also wants the timer to be on.
|
|t:|1667801769
|start
|switch|p1a: Heatran|Heatran, M|100/100
|switch|p2a: Hades|Hydreigon, M|100/100
|-item|p1a: Heatran|Air Balloon
|turn|1
|
|t:|1667801773
|switch|p1a: Melmetal|Melmetal|100/100
|move|p2a: Hades|Substitute|p2a: Hades
|-start|p2a: Hades|Substitute
|-damage|p2a: Hades|76/100
|
|-heal|p2a: Hades|82/100|[from] item: Leftovers
|upkeep
|turn|2
|
|t:|1667801784
|switch|p2a: Abomination|Ferrothorn, M|100/100
|move|p1a: Melmetal|Ice Punch|p2a: Abomination
|-damage|p2a: Abomination|82/100
|-damage|p1a: Melmetal|88/100|[from] ability: Iron Barbs|[of] p2a: Abomination
|-damage|p1a: Melmetal|71/100|[from] item: Rocky Helmet|[of] p2a: Abomination
|
|upkeep
|turn|3
|
|t:|1667801786
|move|p1a: Melmetal|Double Iron Bash|p2a: Abomination
|-resisted|p2a: Abomination
|-damage|p2a: Abomination|69/100
|-damage|p1a: Melmetal|59/100|[from] ability: Iron Barbs|[of] p2a: Abomination
|-damage|p1a: Melmetal|42/100|[from] item: Rocky Helmet|[of] p2a: Abomination
|-resisted|p2a: Abomination
|-damage|p2a: Abomination|58/100
|-damage|p1a: Melmetal|30/100|[from] ability: Iron Barbs|[of] p2a: Abomination
|-damage|p1a: Melmetal|13/100|[from] item: Rocky Helmet|[of] p2a: Abomination
|-hitcount|p2a: Abomination|2
|cant|p2a: Abomination|flinch
|
|upkeep
|turn|4
|
|t:|1667801788
|move|p1a: Melmetal|Double Iron Bash|p2a: Abomination
|-resisted|p2a: Abomination
|-damage|p2a: Abomination|47/100
|-damage|p1a: Melmetal|1/100|[from] ability: Iron Barbs|[of] p2a: Abomination
|-damage|p1a: Melmetal|0 fnt|[from] item: Rocky Helmet|[of] p2a: Abomination
|faint|p1a: Melmetal
|-hitcount|p2a: Abomination|1
|move|p2a: Abomination|Spikes|p1: Melmetal
|-sidestart|p1: minimax_ai|Spikes
|
|upkeep
|
|t:|1667801788
|switch|p1a: Heatran|Heatran, M|100/100
|-item|p1a: Heatran|Air Balloon
|turn|5
|
|t:|1667801791
|switch|p2a: Hades|Hydreigon, M|82/100
|move|p1a: Heatran|Eruption|p2a: Hades
|-resisted|p2a: Hades
|-damage|p2a: Hades|38/100
|
|-heal|p2a: Hades|44/100|[from] item: Leftovers
|upkeep
|turn|6
|
|t:|1667801793
|move|p2a: Hades|Dark Pulse|p1a: Heatran
|-damage|p1a: Heatran|57/100
|-enditem|p1a: Heatran|Air Balloon
|move|p1a: Heatran|Magma Storm|p2a: Hades|[miss]
|-miss|p1a: Heatran|p2a: Hades
|
|-heal|p2a: Hades|51/100|[from] item: Leftovers
|upkeep
|turn|7
|
|t:|1667801798
|switch|p1a: landorustherian|Landorus-Therian, M|100/100
|-ability|p1a: landorustherian|Intimidate|boost
|-unboost|p2a: Hades|atk|1
|move|p2a: Hades|Dark Pulse|p1a: landorustherian
|-damage|p1a: landorustherian|72/100
|
|-heal|p2a: Hades|57/100|[from] item: Leftovers
|-heal|p1a: landorustherian|78/100|[from] item: Leftovers
|upkeep
|turn|8
|
|t:|1667801800
|move|p2a: Hades|Dark Pulse|p1a: landorustherian
|-damage|p1a: landorustherian|46/100
|move|p1a: landorustherian|Defog|p2a: Hades
|-unboost|p2a: Hades|evasion|1
|-sideend|p1: minimax_ai|Spikes|[from] move: Defog|[of] p1a: landorustherian
|
|-heal|p2a: Hades|63/100|[from] item: Leftovers
|-heal|p1a: landorustherian|52/100|[from] item: Leftovers
|upkeep
|turn|9
|
|t:|1667801802
|switch|p2a: Abomination|Ferrothorn, M|47/100
|move|p1a: landorustherian|U-turn|p2a: Abomination
|-damage|p2a: Abomination|33/100
|-damage|p1a: landorustherian|40/100|[from] ability: Iron Barbs|[of] p2a: Abomination
|-damage|p1a: landorustherian|24/100|[from] item: Rocky Helmet|[of] p2a: Abomination
|
|t:|1667801802
|switch|p1a: Weavile|Weavile, M|100/100|[from]move: U-turn
|-ability|p1a: Weavile|Pressure
|
|upkeep
|turn|10
|
|t:|1667801804
|move|p1a: Weavile|Knock Off|p2a: Abomination
|-damage|p2a: Abomination|0 fnt
|-damage|p1a: Weavile|88/100|[from] ability: Iron Barbs|[of] p2a: Abomination
|-damage|p1a: Weavile|72/100|[from] item: Rocky Helmet|[of] p2a: Abomination
|-enditem|p2a: Abomination|Rocky Helmet|[from] move: Knock Off|[of] p1a: Weavile
|faint|p2a: Abomination
|
|upkeep
|j| down it
|
|t:|1667801807
|switch|p2a: Slowbruh|Slowbro, M|100/100
|turn|11
|
|t:|1667801809
|move|p1a: Weavile|Knock Off|p2a: Slowbruh
|-supereffective|p2a: Slowbruh
|-enditem|p2a: Slowbruh|Colbur Berry|[eat]
|-enditem|p2a: Slowbruh|Colbur Berry|[weaken]
|-damage|p2a: Slowbruh|58/100
|move|p2a: Slowbruh|Body Press|p1a: Weavile
|-supereffective|p1a: Weavile
|-damage|p1a: Weavile|0 fnt
|faint|p1a: Weavile
|
|upkeep
|
|t:|1667801809
|switch|p1a: Heatran|Heatran, M|57/100
|turn|12
|
|t:|1667801812
|move|p1a: Heatran|Magma Storm|p2a: Slowbruh|[miss]
|-miss|p1a: Heatran|p2a: Slowbruh
|move|p2a: Slowbruh|Body Press|p1a: Heatran
|-supereffective|p1a: Heatran
|-damage|p1a: Heatran|4/100
|
|upkeep
|turn|13
|
|t:|1667801814
|move|p1a: Heatran|Magma Storm|p2a: Slowbruh
|-resisted|p2a: Slowbruh
|-damage|p2a: Slowbruh|30/100
|-activate|p2a: Slowbruh|move: Magma Storm|[of] p1a: Heatran
|move|p2a: Slowbruh|Body Press|p1a: Heatran
|-supereffective|p1a: Heatran
|-damage|p1a: Heatran|0 fnt
|faint|p1a: Heatran
|
|-end|p2a: Slowbruh|Magma Storm|[partiallytrapped]|[silent]
|upkeep
|
|t:|1667801814
|switch|p1a: rotomwash|Rotom-Wash|100/100
|turn|14
|
|t:|1667801816
|switch|p2a: Pumba|Hippowdon, M|100/100
|-weather|Sandstorm|[from] ability: Sand Stream|[of] p2a: Pumba
|move|p1a: rotomwash|Hydro Pump|p2a: Pumba
|-supereffective|p2a: Pumba
|-damage|p2a: Pumba|34/100
|
|-weather|Sandstorm|[upkeep]
|-damage|p1a: rotomwash|94/100|[from] Sandstorm
|-heal|p1a: rotomwash|100/100|[from] item: Leftovers
|-heal|p2a: Pumba|40/100|[from] item: Leftovers
|upkeep
|turn|15
|
|t:|1667801819
|move|p1a: rotomwash|Nasty Plot|p1a: rotomwash
|-boost|p1a: rotomwash|spa|2
|move|p2a: Pumba|Toxic|p1a: rotomwash|[miss]
|-miss|p2a: Pumba|p1a: rotomwash
|
|-weather|Sandstorm|[upkeep]
|-damage|p1a: rotomwash|94/100|[from] Sandstorm
|-heal|p1a: rotomwash|100/100|[from] item: Leftovers
|-heal|p2a: Pumba|47/100|[from] item: Leftovers
|upkeep
|turn|16
|
|t:|1667801821
|move|p1a: rotomwash|Nasty Plot|p1a: rotomwash
|-boost|p1a: rotomwash|spa|2
|move|p2a: Pumba|Slack Off|p2a: Pumba
|-heal|p2a: Pumba|97/100
|
|-weather|Sandstorm|[upkeep]
|-damage|p1a: rotomwash|94/100|[from] Sandstorm
|-heal|p1a: rotomwash|100/100|[from] item: Leftovers
|-heal|p2a: Pumba|100/100|[from] item: Leftovers
|upkeep
|turn|17
|
|t:|1667801823
|move|p1a: rotomwash|Hydro Pump|p2a: Pumba
|-supereffective|p2a: Pumba
|-crit|p2a: Pumba
|-damage|p2a: Pumba|0 fnt
|faint|p2a: Pumba
|
|-weather|Sandstorm|[upkeep]
|-damage|p1a: rotomwash|94/100|[from] Sandstorm
|-heal|p1a: rotomwash|100/100|[from] item: Leftovers
|upkeep
|
|t:|1667801825
|switch|p2a: Arthur|Aegislash, M|100/100
|turn|18
|
|t:|1667801827
|move|p1a: rotomwash|Hydro Pump|p2a: Arthur
|-damage|p2a: Arthur|0 fnt
|faint|p2a: Arthur
|
|-weather|none
|upkeep
|
|t:|1667801830
|switch|p2a: Bolt|Zapdos|100/100
|turn|19
|
|t:|1667801831
|move|p1a: rotomwash|Hydro Pump|p2a: Bolt
|-damage|p2a: Bolt|0 fnt
|faint|p2a: Bolt
|
|upkeep
|
|t:|1667801834
|switch|p2a: Hades|Hydreigon, M|63/100
|turn|20
|
|t:|1667801836
|move|p2a: Hades|Dark Pulse|p1a: rotomwash
|-damage|p1a: rotomwash|56/100
|move|p1a: rotomwash|Thunderbolt|p2a: Hades
|-resisted|p2a: Hades
|-damage|p2a: Hades|2/100
|
|-heal|p2a: Hades|8/100|[from] item: Leftovers
|-heal|p1a: rotomwash|62/100|[from] item: Leftovers
|upkeep
|turn|21
|
|t:|1667801838
|move|p2a: Hades|Dark Pulse|p1a: rotomwash
|-damage|p1a: rotomwash|23/100
|move|p1a: rotomwash|Thunderbolt|p2a: Hades
|-resisted|p2a: Hades
|-damage|p2a: Hades|0 fnt
|faint|p2a: Hades
|
|-heal|p1a: rotomwash|29/100|[from] item: Leftovers
|upkeep
|-message|Steez Ibanez forfeited.
|
|win|minimax_ai
|raw|minimax_ai's rating: 1701 &rarr; <strong>1727</strong><br />(+26 for winning)
|raw|Steez Ibanez's rating: 1811 &rarr; <strong>1785</strong><br />(-26 for losing)
|c|☆minimax_ai|gg
|l|☆Steez Ibanez
