|j|☆minimax_ai
|j|☆Arcangel666
|t:|1667873747
|gametype|singles
|player|p1|minimax_ai|169|1601
|player|p2|Arcangel666|ghetsis|1751
|teamsize|p1|6
|teamsize|p2|6
|gen|8
|tier|[Gen 8] OU
|rated|
|rule|Sleep Clause Mod: Limit one foe put to sleep
|rule|Species Clause: Limit one of each Pokémon
|rule|OHKO Clause: OHKO moves are banned
|rule|Evasion Items Clause: Evasion items are banned
|rule|Evasion Moves Clause: Evasion moves are banned
|rule|Endless Battle Clause: Forcing endless battles is banned
|rule|HP Percentage Mod: HP is shown in percentages
|rule|Dynamax Clause: You cannot dynamax
|clearpoke
|poke|p1|Rotom-Wash|
|poke|p1|Weavile, F|
|poke|p1|Landorus-Therian, M|
|poke|p1|Heatran, M|
|poke|p1|Tangrowth, M|
|poke|p1|Melmetal|
|poke|p2|Garchomp, F|
|poke|p2|Melmetal|
|poke|p2|Rillaboom, M|
|poke|p2|Tapu Fini|
|poke|p2|Zapdos-Galar|
|poke|p2|Regieleki|
|teampreview
|c|☆minimax_ai|hf
|inactive|Battle timer is ON: inactive players will automatically lose when time's up. (requested by minimax_ai)
|
|t:|1667873752
|start
|switch|p1a: Tangrowth|Tangrowth, M|100/100
|switch|p2a: Zapdos|Zapdos-Galar, shiny|100/100
|turn|1
|
|t:|1667873757
|switch|p2a: Garchomp|Garchomp, F|100/100
|move|p1a: Tangrowth|Sleep Powder|p2a: Garchomp
|-status|p2a: Garchomp|slp|[from] move: Sleep Powder
|
|upkeep
|turn|2
|
|t:|1667873763
|switch|p2a: Zapdos|Zapdos-Galar, shiny|100/100
|move|p1a: Tangrowth|Giga Drain|p2a: Zapdos
|-resisted|p2a: Zapdos
|-damage|p2a: Zapdos|85/100
|
|upkeep
|turn|3
|
|t:|1667873768
|move|p2a: Zapdos|U-turn|p1a: Tangrowth
|-supereffective|p1a: Tangrowth
|-damage|p1a: Tangrowth|60/100
|-damage|p2a: Zapdos|68/100|[from] item: Rocky Helmet|[of] p1a: Tangrowth
|
|t:|1667873775
|switch|p2a: Rillaboom|Rillaboom, M, shiny|100/100|[from]move: U-turn
|-fieldstart|move: Grassy Terrain|[from] ability: Grassy Surge|[of] p2a: Rillaboom
|move|p1a: Tangrowth|Knock Off|p2a: Rillaboom
|-damage|p2a: Rillaboom|74/100
|-enditem|p2a: Rillaboom|Life Orb|[from] move: Knock Off|[of] p1a: Tangrowth
|
|-heal|p2a: Rillaboom|81/100|[from] Grassy Terrain
|-heal|p1a: Tangrowth|66/100|[from] Grassy Terrain
|upkeep
|turn|4
|
|t:|1667873783
|move|p2a: Rillaboom|Swords Dance|p2a: Rillaboom
|-boost|p2a: Rillaboom|atk|2
|move|p1a: Tangrowth|Giga Drain|p2a: Rillaboom
|-resisted|p2a: Rillaboom
|-damage|p2a: Rillaboom|58/100
|-heal|p1a: Tangrowth|76/100|[from] drain|[of] p2a: Rillaboom
|
|-heal|p2a: Rillaboom|64/100|[from] Grassy Terrain
|-heal|p1a: Tangrowth|82/100|[from] Grassy Terrain
|upkeep
|turn|5
|
|t:|1667873787
|move|p2a: Rillaboom|Knock Off|p1a: Tangrowth
|-damage|p1a: Tangrowth|42/100
|-damage|p2a: Rillaboom|47/100|[from] item: Rocky Helmet|[of] p1a: Tangrowth
|-enditem|p1a: Tangrowth|Rocky Helmet|[from] move: Knock Off|[of] p2a: Rillaboom
|move|p1a: Tangrowth|Giga Drain|p2a: Rillaboom
|-resisted|p2a: Rillaboom
|-damage|p2a: Rillaboom|24/100
|-heal|p1a: Tangrowth|52/100|[from] drain|[of] p2a: Rillaboom
|
|-heal|p2a: Rillaboom|30/100|[from] Grassy Terrain
|-heal|p1a: Tangrowth|59/100|[from] Grassy Terrain
|upkeep
|turn|6
|
|t:|1667873794
|switch|p2a: Zapdos|Zapdos-Galar, shiny|68/100
|move|p1a: Tangrowth|Focus Blast|p2a: Zapdos|[miss]
|-miss|p1a: Tangrowth|p2a: Zapdos
|
|-heal|p1a: Tangrowth|65/100|[from] Grassy Terrain
|upkeep
|turn|7
|
|t:|1667873797
|switch|p1a: rotomwash|Rotom-Wash|100/100
|move|p2a: Zapdos|Brave Bird|p1a: rotomwash
|-resisted|p1a: rotomwash
|-damage|p1a: rotomwash|50/100
|-damage|p2a: Zapdos|53/100|[from] Recoil
|
|-heal|p1a: rotomwash|56/100|[from] item: Leftovers
|-fieldend|move: Grassy Terrain
|upkeep
|turn|8
|
|t:|1667873803
|switch|p2a: Garchomp|Garchomp, F|100/100 slp
|move|p1a: rotomwash|Thunderbolt|p2a: Garchomp
|-immune|p2a: Garchomp
|
|-heal|p1a: rotomwash|62/100|[from] item: Leftovers
|upkeep
|turn|9
|
|t:|1667873807
|cant|p2a: Garchomp|slp
|move|p1a: rotomwash|Hydro Pump|p2a: Garchomp
|-damage|p2a: Garchomp|64/100 slp
|
|-heal|p1a: rotomwash|68/100|[from] item: Leftovers
|upkeep
|turn|10
|
|t:|1667873810
|cant|p2a: Garchomp|slp
|move|p1a: rotomwash|Hydro Pump|p2a: Garchomp|[miss]
|-miss|p1a: rotomwash|p2a: Garchomp
|
|-heal|p1a: rotomwash|75/100|[from] item: Leftovers
|upkeep
|turn|11
|
|t:|1667873813
|-curestatus|p2a: Garchomp|slp|[msg]
|move|p2a: Garchomp|Stealth Rock|p1a: rotomwash
|-sidestart|p1: minimax_ai|move: Stealth Rock
|move|p1a: rotomwash|Hydro Pump|p2a: Garchomp|[miss]
|-miss|p1a: rotomwash|p2a: Garchomp
|
|-heal|p1a: rotomwash|81/100|[from] item: Leftovers
|upkeep
|turn|12
|
|t:|1667873815
|move|p2a: Garchomp|Toxic|p1a: rotomwash
|-status|p1a: rotomwash|tox
|move|p1a: rotomwash|Thunderbolt|p2a: Garchomp
|-immune|p2a: Garchomp
|
|-heal|p1a: rotomwash|87/100 tox|[from] item: Leftovers
|-damage|p1a: rotomwash|81/100 tox|[from] psn
|upkeep
|turn|13
|
|t:|1667873821
|move|p2a: Garchomp|Fire Blast|p1a: rotomwash
|-resisted|p1a: rotomwash
|-damage|p1a: rotomwash|71/100 tox
|move|p1a: rotomwash|Thunderbolt|p2a: Garchomp
|-immune|p2a: Garchomp
|
|-heal|p1a: rotomwash|77/100 tox|[from] item: Leftovers
|-damage|p1a: rotomwash|65/100 tox|[from] psn
|upkeep
|turn|14
|
|t:|1667873826
|move|p2a: Garchomp|Earthquake|p1a: rotomwash
|-immune|p1a: rotomwash|[from] ability: Levitate
|move|p1a: rotomwash|Thunderbolt|p2a: Garchomp
|-immune|p2a: Garchomp
|
|-heal|p1a: rotomwash|71/100 tox|[from] item: Leftovers
|-damage|p1a: rotomwash|52/100 tox|[from] psn
|upkeep
|turn|15
|
|t:|1667873830
|move|p2a: Garchomp|Earthquake|p1a: rotomwash
|-immune|p1a: rotomwash|[from] ability: Levitate
|move|p1a: rotomwash|Hydro Pump|p2a: Garchomp
|-damage|p2a: Garchomp|24/100
|
|-heal|p1a: rotomwash|59/100 tox|[from] item: Leftovers
|-damage|p1a: rotomwash|34/100 tox|[from] psn
|upkeep
|turn|16
|
|t:|1667873835
|move|p2a: Garchomp|Earthquake|p1a: rotomwash
|-immune|p1a: rotomwash|[from] ability: Levitate
|move|p1a: rotomwash|Hydro Pump|p2a: Garchomp
|-damage|p2a: Garchomp|0 fnt
|faint|p2a: Garchomp
|
|-heal|p1a: rotomwash|40/100 tox|[from] item: Leftovers
|-damage|p1a: rotomwash|9/100 tox|[from] psn
|upkeep
|
|t:|1667873838
|switch|p2a: Rillaboom|Rillaboom, M, shiny|30/100
|-fieldstart|move: Grassy Terrain|[from] ability: Grassy Surge|[of] p2a: Rillaboom
|turn|17
|
|t:|1667873842
|switch|p1a: landorustherian|Landorus-Therian, M|100/100
|-damage|p1a: landorustherian|88/100|[from] Stealth Rock
|-ability|p1a: landorustherian|Intimidate|boost
|-unboost|p2a: Rillaboom|atk|1
|move|p2a: Rillaboom|Grassy Glide|p1a: landorustherian
|-damage|p1a: landorustherian|58/100
|
|-heal|p2a: Rillaboom|36/100|[from] Grassy Terrain
|-heal|p1a: landorustherian|64/100|[from] item: Leftovers
|upkeep
|turn|18
|
|t:|1667873845
|move|p2a: Rillaboom|Grassy Glide|p1a: landorustherian
|-damage|p1a: landorustherian|32/100
|move|p1a: landorustherian|Defog|p2a: Rillaboom
|-unboost|p2a: Rillaboom|evasion|1
|-sideend|p1: minimax_ai|Stealth Rock|[from] move: Defog|[of] p1a: landorustherian
|-fieldend|move: Grassy Terrain
|
|-heal|p1a: landorustherian|38/100|[from] item: Leftovers
|upkeep
|turn|19
|
|t:|1667873848
|move|p2a: Rillaboom|Grassy Glide|p1a: landorustherian
|-damage|p1a: landorustherian|11/100
|move|p1a: landorustherian|Toxic|p2a: Rillaboom
|-status|p2a: Rillaboom|tox
|
|-heal|p1a: landorustherian|17/100|[from] item: Leftovers
|-damage|p2a: Rillaboom|30/100 tox|[from] psn
|upkeep
|turn|20
|
|t:|1667873852
|switch|p1a: Tangrowth|Tangrowth, M|98/100
|move|p2a: Rillaboom|Knock Off|p1a: Tangrowth
|-damage|p1a: Tangrowth|89/100
|
|-damage|p2a: Rillaboom|18/100 tox|[from] psn
|upkeep
|turn|21
|
|t:|1667873854
|switch|p2a: Zapdos|Zapdos-Galar, shiny|53/100
|move|p1a: Tangrowth|Sleep Powder|p2a: Zapdos
|-status|p2a: Zapdos|slp|[from] move: Sleep Powder
|
|upkeep
|turn|22
|
|t:|1667873858
|switch|p2a: Melmetal|Melmetal, shiny|100/100
|switch|p1a: rotomwash|Rotom-Wash|9/100 tox
|
|-heal|p1a: rotomwash|15/100 tox|[from] item: Leftovers
|-damage|p1a: rotomwash|9/100 tox|[from] psn
|upkeep
|turn|23
|
|t:|1667873861
|switch|p2a: Tapu Fini|Tapu Fini, shiny|100/100
|-fieldstart|move: Misty Terrain|[from] ability: Misty Surge|[of] p2a: Tapu Fini
|move|p1a: rotomwash|Pain Split|p2a: Tapu Fini
|-sethp|p2a: Tapu Fini|54/100|[from] move: Pain Split|[silent]
|-sethp|p1a: rotomwash|61/100 tox|[from] move: Pain Split
|
|-heal|p1a: rotomwash|67/100 tox|[from] item: Leftovers
|-heal|p2a: Tapu Fini|60/100|[from] item: Leftovers
|-damage|p1a: rotomwash|55/100 tox|[from] psn
|upkeep
|turn|24
|
|t:|1667873863
|switch|p1a: Melmetal|Melmetal|100/100
|move|p2a: Tapu Fini|Draining Kiss|p1a: Melmetal
|-resisted|p1a: Melmetal
|-crit|p1a: Melmetal
|-damage|p1a: Melmetal|94/100
|-heal|p2a: Tapu Fini|66/100|[from] drain|[of] p1a: Melmetal
|
|-heal|p2a: Tapu Fini|72/100|[from] item: Leftovers
|upkeep
|turn|25
|
|t:|1667873867
|switch|p2a: Melmetal|Melmetal, shiny|100/100
|move|p1a: Melmetal|Double Iron Bash|p2a: Melmetal
|-resisted|p2a: Melmetal
|-damage|p2a: Melmetal|90/100
|-resisted|p2a: Melmetal
|-damage|p2a: Melmetal|80/100
|-hitcount|p2a: Melmetal|2
|
|upkeep
|turn|26
|
|t:|1667873871
|move|p1a: Melmetal|Double Iron Bash|p2a: Melmetal
|-resisted|p2a: Melmetal
|-damage|p2a: Melmetal|69/100
|-resisted|p2a: Melmetal
|-damage|p2a: Melmetal|59/100
|-hitcount|p2a: Melmetal|2
|cant|p2a: Melmetal|flinch
|
|upkeep
|turn|27
|
|t:|1667873874
|move|p1a: Melmetal|Earthquake|p2a: Melmetal
|-supereffective|p2a: Melmetal
|-damage|p2a: Melmetal|22/100
|move|p2a: Melmetal|Earthquake|p1a: Melmetal
|-supereffective|p1a: Melmetal
|-damage|p1a: Melmetal|46/100
|
|-fieldend|Misty Terrain
|upkeep
|turn|28
|
|t:|1667873879
|move|p1a: Melmetal|Double Iron Bash|p2a: Melmetal
|-resisted|p2a: Melmetal
|-damage|p2a: Melmetal|11/100
|-resisted|p2a: Melmetal
|-damage|p2a: Melmetal|1/100
|-hitcount|p2a: Melmetal|2
|cant|p2a: Melmetal|flinch
|
|upkeep
|turn|29
|
|t:|1667873884
|move|p1a: Melmetal|Double Iron Bash|p2a: Melmetal
|-resisted|p2a: Melmetal
|-damage|p2a: Melmetal|0 fnt
|faint|p2a: Melmetal
|-hitcount|p2: Melmetal|1
|
|upkeep
|
|t:|1667873888
|switch|p2a: Rillaboom|Rillaboom, M, shiny|18/100 tox
|-fieldstart|move: Grassy Terrain|[from] ability: Grassy Surge|[of] p2a: Rillaboom
|turn|30
|
|t:|1667873891
|switch|p1a: Tangrowth|Tangrowth, M|100/100
|move|p2a: Rillaboom|Superpower|p1a: Tangrowth
|-damage|p1a: Tangrowth|78/100
|-unboost|p2a: Rillaboom|atk|1
|-unboost|p2a: Rillaboom|def|1
|
|-heal|p2a: Rillaboom|24/100 tox|[from] Grassy Terrain
|-heal|p1a: Tangrowth|84/100|[from] Grassy Terrain
|-damage|p2a: Rillaboom|18/100 tox|[from] psn
|upkeep
|turn|31
|
|t:|1667873895
|switch|p2a: Zapdos|Zapdos-Galar, shiny|53/100 slp
|move|p1a: Tangrowth|Knock Off|p2a: Zapdos
|-resisted|p2a: Zapdos
|-damage|p2a: Zapdos|40/100 slp
|-enditem|p2a: Zapdos|Choice Band|[from] move: Knock Off|[of] p1a: Tangrowth
|
|-heal|p1a: Tangrowth|90/100|[from] Grassy Terrain
|upkeep
|turn|32
|
|t:|1667873898
|cant|p2a: Zapdos|slp
|move|p1a: Tangrowth|Giga Drain|p2a: Zapdos
|-resisted|p2a: Zapdos
|-damage|p2a: Zapdos|18/100 slp
|-heal|p1a: Tangrowth|99/100|[from] drain|[of] p2a: Zapdos
|
|-heal|p1a: Tangrowth|100/100|[from] Grassy Terrain
|upkeep
|turn|33
|
|t:|1667873900
|cant|p2a: Zapdos|slp
|move|p1a: Tangrowth|Giga Drain|p2a: Zapdos
|-resisted|p2a: Zapdos
|-damage|p2a: Zapdos|0 fnt
|faint|p2a: Zapdos
|
|upkeep
|
|t:|1667873904
|switch|p2a: Regieleki|Regieleki, shiny|100/100
|turn|34
|
|t:|1667873906
|switch|p1a: landorustherian|Landorus-Therian, M|17/100
|-ability|p1a: landorustherian|Intimidate|boost
|-unboost|p2a: Regieleki|atk|1
|move|p2a: Regieleki|Electro Ball|p1a: landorustherian
|-immune|p1a: landorustherian
|
|-heal|p1a: landorustherian|23/100|[from] item: Leftovers
|-fieldend|move: Grassy Terrain
|upkeep
|turn|35
|
|t:|1667873908
|move|p2a: Regieleki|Rapid Spin|p1a: landorustherian
|-damage|p1a: landorustherian|16/100
|-boost|p2a: Regieleki|spe|1
|move|p1a: landorustherian|Earthquake|p2a: Regieleki
|-supereffective|p2a: Regieleki
|-damage|p2a: Regieleki|0 fnt
|faint|p2a: Regieleki
|
|-heal|p1a: landorustherian|22/100|[from] item: Leftovers
|upkeep
|
|t:|1667873911
|switch|p2a: Rillaboom|Rillaboom, M, shiny|18/100 tox
|-fieldstart|move: Grassy Terrain|[from] ability: Grassy Surge|[of] p2a: Rillaboom
|turn|36
|
|t:|1667873913
|switch|p1a: Tangrowth|Tangrowth, M|100/100
|move|p2a: Rillaboom|Swords Dance|p2a: Rillaboom
|-boost|p2a: Rillaboom|atk|2
|
|-heal|p2a: Rillaboom|24/100 tox|[from] Grassy Terrain
|-damage|p2a: Rillaboom|18/100 tox|[from] psn
|upkeep
|turn|37
|
|t:|1667873915
|move|p2a: Rillaboom|Superpower|p1a: Tangrowth
|-damage|p1a: Tangrowth|55/100
|-unboost|p2a: Rillaboom|atk|1
|-unboost|p2a: Rillaboom|def|1
|move|p1a: Tangrowth|Giga Drain|p2a: Rillaboom
|-resisted|p2a: Rillaboom
|-damage|p2a: Rillaboom|0 fnt
|-heal|p1a: Tangrowth|63/100|[from] drain|[of] p2a: Rillaboom
|faint|p2a: Rillaboom
|
|-heal|p1a: Tangrowth|69/100|[from] Grassy Terrain
|upkeep
|-message|Arcangel666 forfeited.
|
|win|minimax_ai
|raw|minimax_ai's rating: 1601 &rarr; <strong>1629</strong><br />(+28 for winning)
|raw|Arcangel666's rating: 1751 &rarr; <strong>1723</strong><br />(-28 for losing)
|c|☆minimax_ai|gg
|l|☆Arcangel666
