|j|☆2(H2O)
|j|☆Road to 1.7k elo
|t:|1658951729
|gametype|singles
|player|p1|2(H2O)|chase|1575
|player|p2|Road to 1.7k elo|waiter-gen4|1662
|teamsize|p1|6
|teamsize|p2|6
|gen|8
|tier|[Gen 8] OU
|rated|
|rule|Sleep Clause Mod: Limit one foe put to sleep
|rule|Species Clause: Limit one of each Pokémon
|rule|OHKO Clause: OHKO moves are banned
|rule|Evasion Moves Clause: Evasion moves are banned
|rule|Endless Battle Clause: Forcing endless battles is banned
|rule|HP Percentage Mod: HP is shown in percentages
|rule|Dynamax Clause: You cannot dynamax
|clearpoke
|poke|p1|Weavile, M|
|poke|p1|Landorus-Therian, M|
|poke|p1|Tyranitar, M|
|poke|p1|Corviknight, M|
|poke|p1|Kartana|
|poke|p1|Slowbro, M|
|poke|p2|Ninetales-Alola, M|
|poke|p2|Corviknight, F|
|poke|p2|Blaziken, F|
|poke|p2|Dragapult, F|
|poke|p2|Tapu Fini|
|poke|p2|Garchomp, F|
|teampreview
|
|t:|1658951751
|start
|switch|p1a: Kartana|Kartana|100/100
|switch|p2a: Tapu Fini|Tapu Fini|100/100
|-fieldstart|move: Misty Terrain|[from] ability: Misty Surge|[of] p2a: Tapu Fini
|turn|1
|inactive|Battle timer is ON: inactive players will automatically lose when time's up. (requested by 2(H2O))
|
|t:|1658951756
|switch|p2a: Corviknight|Corviknight, F|100/100
|-ability|p2a: Corviknight|Pressure
|move|p1a: Kartana|Knock Off|p2a: Corviknight
|-damage|p2a: Corviknight|76/100
|-damage|p1a: Kartana|84/100|[from] item: Rocky Helmet|[of] p2a: Corviknight
|-enditem|p2a: Corviknight|Rocky Helmet|[from] move: Knock Off|[of] p1a: Kartana
|
|upkeep
|turn|2
|
|t:|1658951765
|switch|p1a: Slowbro|Slowbro, M|100/100
|move|p2a: Corviknight|U-turn|p1a: Slowbro
|-supereffective|p1a: Slowbro
|-damage|p1a: Slowbro|83/100
|
|t:|1658951778
|switch|p2a: Dragapult|Dragapult, F|100/100|[from]move: U-turn
|
|upkeep
|turn|3
|
|t:|1658951783
|switch|p2a: Tapu Fini|Tapu Fini|100/100
|switch|p1a: Landorus|Landorus-Therian, M|100/100
|-ability|p1a: Landorus|Intimidate|boost
|-unboost|p2a: Tapu Fini|atk|1
|
|upkeep
|turn|4
|
|t:|1658951796
|move|p2a: Tapu Fini|Scald|p1a: Landorus
|-supereffective|p1a: Landorus
|-damage|p1a: Landorus|53/100
|move|p1a: Landorus|Earthquake|p2a: Tapu Fini
|-damage|p2a: Tapu Fini|58/100
|
|-heal|p2a: Tapu Fini|64/100|[from] item: Leftovers
|-heal|p1a: Landorus|59/100|[from] item: Leftovers
|upkeep
|turn|5
|
|t:|1658951807
|move|p2a: Tapu Fini|Scald|p1a: Landorus
|-supereffective|p1a: Landorus
|-damage|p1a: Landorus|11/100
|move|p1a: Landorus|Earthquake|p2a: Tapu Fini
|-damage|p2a: Tapu Fini|19/100
|
|-heal|p2a: Tapu Fini|25/100|[from] item: Leftovers
|-heal|p1a: Landorus|17/100|[from] item: Leftovers
|-fieldend|Misty Terrain
|upkeep
|turn|6
|
|t:|1658951813
|switch|p1a: Slowbro|Slowbro, M|100/100
|move|p2a: Tapu Fini|Draining Kiss|p1a: Slowbro
|-damage|p1a: Slowbro|78/100
|-heal|p2a: Tapu Fini|45/100|[from] drain|[of] p1a: Slowbro
|
|-heal|p2a: Tapu Fini|51/100|[from] item: Leftovers
|upkeep
|turn|7
|
|t:|1658951823
|switch|p1a: Kartana|Kartana|84/100
|move|p2a: Tapu Fini|Calm Mind|p2a: Tapu Fini
|-boost|p2a: Tapu Fini|spa|1
|-boost|p2a: Tapu Fini|spd|1
|
|-heal|p2a: Tapu Fini|57/100|[from] item: Leftovers
|upkeep
|turn|8
|
|t:|1658951828
|switch|p1a: Slowbro|Slowbro, M|100/100
|switch|p2a: Corviknight|Corviknight, F|76/100
|-ability|p2a: Corviknight|Pressure
|
|upkeep
|turn|9
|
|t:|1658951833
|move|p2a: Corviknight|U-turn|p1a: Slowbro
|-supereffective|p1a: Slowbro
|-damage|p1a: Slowbro|83/100
|
|t:|1658951837
|switch|p2a: Ninetales|Ninetales-Alola, M|100/100|[from]move: U-turn
|-weather|Hail|[from] ability: Snow Warning|[of] p2a: Ninetales
|move|p1a: Slowbro|Teleport|p1a: Slowbro
|
|t:|1658951860
|switch|p1a: Tyranitar|Tyranitar, M|100/100|[from]move: Teleport
|-weather|Sandstorm|[from] ability: Sand Stream|[of] p1a: Tyranitar
|
|-weather|Sandstorm|[upkeep]
|-damage|p2a: Ninetales|94/100|[from] Sandstorm
|upkeep
|turn|10
|
|t:|1658951881
|switch|p2a: Corviknight|Corviknight, F|76/100
|-ability|p2a: Corviknight|Pressure
|move|p1a: Tyranitar|Stone Edge|p2a: Corviknight|[miss]
|-miss|p1a: Tyranitar|p2a: Corviknight
|
|-weather|Sandstorm|[upkeep]
|upkeep
|turn|11
|
|t:|1658951887
|switch|p1a: Landorus|Landorus-Therian, M|17/100
|-ability|p1a: Landorus|Intimidate|boost
|-unboost|p2a: Corviknight|atk|1
|move|p2a: Corviknight|U-turn|p1a: Landorus
|-resisted|p1a: Landorus
|-damage|p1a: Landorus|12/100
|
|t:|1658951894
|switch|p2a: Ninetales|Ninetales-Alola, M|94/100|[from]move: U-turn
|-weather|Hail|[from] ability: Snow Warning|[of] p2a: Ninetales
|
|-weather|Hail|[upkeep]
|-damage|p1a: Landorus|6/100|[from] Hail
|-heal|p1a: Landorus|12/100|[from] item: Leftovers
|upkeep
|turn|12
|
|t:|1658951899
|move|p2a: Ninetales|Blizzard|p1a: Landorus
|-supereffective|p1a: Landorus
|-damage|p1a: Landorus|0 fnt
|faint|p1a: Landorus
|
|-weather|Hail|[upkeep]
|upkeep
|
|t:|1658951901
|switch|p1a: Tyranitar|Tyranitar, M|100/100
|-weather|Sandstorm|[from] ability: Sand Stream|[of] p1a: Tyranitar
|turn|13
|
|t:|1658951906
|switch|p2a: Corviknight|Corviknight, F|76/100
|-ability|p2a: Corviknight|Pressure
|move|p1a: Tyranitar|Stone Edge|p2a: Corviknight|[miss]
|-miss|p1a: Tyranitar|p2a: Corviknight
|
|-weather|Sandstorm|[upkeep]
|upkeep
|turn|14
|c|☆Road to 1.7k elo|mbad
|
|t:|1658951913
|move|p1a: Tyranitar|Stone Edge|p2a: Corviknight
|-crit|p2a: Corviknight
|-damage|p2a: Corviknight|0 fnt
|faint|p2a: Corviknight
|
|-weather|Sandstorm|[upkeep]
|upkeep
|
|t:|1658951918
|switch|p2a: Ninetales|Ninetales-Alola, M|94/100
|-weather|Hail|[from] ability: Snow Warning|[of] p2a: Ninetales
|turn|15
|
|t:|1658951925
|switch|p1a: Slowbro|Slowbro, M|100/100
|move|p2a: Ninetales|Aurora Veil|p2a: Ninetales
|-sidestart|p2: Road to 1.7k elo|move: Aurora Veil
|
|-weather|Hail|[upkeep]
|-damage|p1a: Slowbro|94/100|[from] Hail
|upkeep
|turn|16
|
|t:|1658951931
|switch|p2a: Tapu Fini|Tapu Fini|57/100
|-fieldstart|move: Misty Terrain|[from] ability: Misty Surge|[of] p2a: Tapu Fini
|move|p1a: Slowbro|Teleport|p1a: Slowbro
|
|t:|1658951935
|switch|p1a: Kartana|Kartana|84/100|[from]move: Teleport
|
|-weather|Hail|[upkeep]
|-damage|p1a: Kartana|78/100|[from] Hail
|-damage|p2a: Tapu Fini|51/100|[from] Hail
|-heal|p2a: Tapu Fini|57/100|[from] item: Leftovers
|upkeep
|turn|17
|
|t:|1658951938
|switch|p2a: Blaziken|Blaziken, F|100/100
|-item|p2a: Blaziken|Air Balloon
|move|p1a: Kartana|Leaf Blade|p2a: Blaziken
|-resisted|p2a: Blaziken
|-crit|p2a: Blaziken
|-damage|p2a: Blaziken|40/100
|-enditem|p2a: Blaziken|Air Balloon
|
|-weather|Hail|[upkeep]
|-damage|p1a: Kartana|72/100|[from] Hail
|-damage|p2a: Blaziken|34/100|[from] Hail
|upkeep
|turn|18
|
|t:|1658951948
|switch|p1a: Slowbro|Slowbro, M|100/100
|move|p2a: Blaziken|Swords Dance|p2a: Blaziken
|-boost|p2a: Blaziken|atk|2
|
|-weather|Hail|[upkeep]
|-damage|p2a: Blaziken|28/100|[from] Hail
|-damage|p1a: Slowbro|94/100|[from] Hail
|-ability|p2a: Blaziken|Speed Boost|boost
|-boost|p2a: Blaziken|spe|1
|upkeep
|turn|19
|
|t:|1658951952
|move|p2a: Blaziken|Thunder Punch|p1a: Slowbro
|-supereffective|p1a: Slowbro
|-damage|p1a: Slowbro|36/100
|move|p1a: Slowbro|Scald|p2a: Blaziken
|-supereffective|p2a: Blaziken
|-damage|p2a: Blaziken|0 fnt
|faint|p2a: Blaziken
|
|-weather|none
|upkeep
|
|t:|1658951965
|switch|p2a: Garchomp|Garchomp, F|100/100
|turn|20
|
|t:|1658951970
|move|p2a: Garchomp|Swords Dance|p2a: Garchomp
|-boost|p2a: Garchomp|atk|2
|move|p1a: Slowbro|Teleport|p1a: Slowbro
|
|t:|1658951972
|switch|p1a: Weavile|Weavile, M|100/100|[from]move: Teleport
|-ability|p1a: Weavile|Pressure
|
|-fieldend|Misty Terrain
|upkeep
|turn|21
|
|t:|1658951977
|switch|p2a: Ninetales|Ninetales-Alola, M|94/100
|-weather|Hail|[from] ability: Snow Warning|[of] p2a: Ninetales
|move|p1a: Weavile|Triple Axel|p2a: Ninetales
|-resisted|p2a: Ninetales
|-damage|p2a: Ninetales|89/100
|-resisted|p2a: Ninetales
|-damage|p2a: Ninetales|80/100
|-resisted|p2a: Ninetales
|-damage|p2a: Ninetales|64/100
|-hitcount|p2a: Ninetales|3
|-damage|p1a: Weavile|91/100|[from] item: Life Orb
|
|-weather|Hail|[upkeep]
|upkeep
|turn|22
|
|t:|1658951991
|switch|p1a: Corviknight|Corviknight, M|100/100
|-ability|p1a: Corviknight|Pressure
|move|p2a: Ninetales|Moonblast|p1a: Corviknight
|-resisted|p1a: Corviknight
|-damage|p1a: Corviknight|86/100
|-unboost|p1a: Corviknight|spa|1
|
|-weather|Hail|[upkeep]
|-damage|p1a: Corviknight|80/100|[from] Hail
|-sideend|p2: Road to 1.7k elo|move: Aurora Veil
|upkeep
|turn|23
|
|t:|1658951997
|switch|p1a: Tyranitar|Tyranitar, M|100/100
|-weather|Sandstorm|[from] ability: Sand Stream|[of] p1a: Tyranitar
|move|p2a: Ninetales|Aurora Veil||[still]
|-fail|p2a: Ninetales
|
|-weather|Sandstorm|[upkeep]
|-damage|p2a: Ninetales|58/100|[from] Sandstorm
|upkeep
|turn|24
|
|t:|1658952004
|move|p2a: Ninetales|Moonblast|p1a: Tyranitar
|-supereffective|p1a: Tyranitar
|-damage|p1a: Tyranitar|64/100
|move|p1a: Tyranitar|Fire Punch|p2a: Ninetales
|-supereffective|p2a: Ninetales
|-damage|p2a: Ninetales|0 fnt
|faint|p2a: Ninetales
|
|-weather|Sandstorm|[upkeep]
|upkeep
|
|t:|1658952010
|switch|p2a: Garchomp|Garchomp, F|100/100
|turn|25
|
|t:|1658952016
|switch|p1a: Weavile|Weavile, M|91/100
|-ability|p1a: Weavile|Pressure
|move|p2a: Garchomp|Scale Shot|p1a: Weavile
|-damage|p1a: Weavile|67/100
|-damage|p1a: Weavile|44/100
|-hitcount|p1a: Weavile|2
|-unboost|p2a: Garchomp|def|1
|-boost|p2a: Garchomp|spe|1
|
|-weather|Sandstorm|[upkeep]
|-damage|p1a: Weavile|38/100|[from] Sandstorm
|upkeep
|turn|26
|
|t:|1658952023
|switch|p2a: Tapu Fini|Tapu Fini|57/100
|-fieldstart|move: Misty Terrain|[from] ability: Misty Surge|[of] p2a: Tapu Fini
|move|p1a: Weavile|Swords Dance|p1a: Weavile
|-boost|p1a: Weavile|atk|2
|
|-weather|Sandstorm|[upkeep]
|-damage|p1a: Weavile|32/100|[from] Sandstorm
|-damage|p2a: Tapu Fini|51/100|[from] Sandstorm
|-heal|p2a: Tapu Fini|57/100|[from] item: Leftovers
|upkeep
|turn|27
|
|t:|1658952027
|move|p1a: Weavile|Triple Axel|p2a: Tapu Fini
|-resisted|p2a: Tapu Fini
|-damage|p2a: Tapu Fini|46/100
|-resisted|p2a: Tapu Fini
|-crit|p2a: Tapu Fini
|-damage|p2a: Tapu Fini|8/100
|-resisted|p2a: Tapu Fini
|-damage|p2a: Tapu Fini|0 fnt
|faint|p2a: Tapu Fini
|-hitcount|p2: Tapu Fini|3
|-damage|p1a: Weavile|22/100|[from] item: Life Orb
|
|-weather|none
|upkeep
|
|t:|1658952035
|switch|p2a: Dragapult|Dragapult, F|100/100
|turn|28
|
|t:|1658952040
|switch|p1a: Tyranitar|Tyranitar, M|64/100
|-weather|Sandstorm|[from] ability: Sand Stream|[of] p1a: Tyranitar
|move|p2a: Dragapult|U-turn|p1a: Tyranitar
|-supereffective|p1a: Tyranitar
|-damage|p1a: Tyranitar|34/100
|
|t:|1658952043
|switch|p2a: Garchomp|Garchomp, F|100/100|[from]move: U-turn
|
|-weather|Sandstorm|[upkeep]
|upkeep
|turn|29
|
|t:|1658952053
|move|p2a: Garchomp|Swords Dance|p2a: Garchomp
|-boost|p2a: Garchomp|atk|2
|move|p1a: Tyranitar|Crunch|p2a: Garchomp
|-damage|p2a: Garchomp|36/100
|-damage|p1a: Tyranitar|22/100|[from] ability: Rough Skin|[of] p2a: Garchomp
|
|-weather|Sandstorm|[upkeep]
|-heal|p2a: Garchomp|43/100|[from] item: Leftovers
|upkeep
|turn|30
|
|t:|1658952055
|move|p2a: Garchomp|Scale Shot|p1a: Tyranitar
|-damage|p1a: Tyranitar|12/100
|-damage|p1a: Tyranitar|1/100
|-hitcount|p1a: Tyranitar|2
|-unboost|p2a: Garchomp|def|1
|-boost|p2a: Garchomp|spe|1
|move|p1a: Tyranitar|Crunch|p2a: Garchomp
|-damage|p2a: Garchomp|0 fnt
|-damage|p1a: Tyranitar|0 fnt|[from] ability: Rough Skin|[of] p2a: Garchomp
|faint|p2a: Garchomp
|faint|p1a: Tyranitar
|
|-weather|Sandstorm|[upkeep]
|-fieldend|Misty Terrain
|upkeep
|
|t:|1658952071
|switch|p2a: Dragapult|Dragapult, F|100/100
|switch|p1a: Kartana|Kartana|72/100
|turn|31
|
|t:|1658952073
|move|p1a: Kartana|Knock Off|p2a: Dragapult
|-supereffective|p2a: Dragapult
|-damage|p2a: Dragapult|0 fnt
|-enditem|p2a: Dragapult|Choice Specs|[from] move: Knock Off|[of] p1a: Kartana
|faint|p2a: Dragapult
|
|win|2(H2O)
|raw|2(H2O)'s rating: 1575 &rarr; <strong>1600</strong><br />(+25 for winning)
|raw|Road to 1.7k elo's rating: 1662 &rarr; <strong>1637</strong><br />(-25 for losing)
|l|☆Road to 1.7k elo
|l|☆2(H2O)
||Ladder isn't responding, score probably updated but might not have (Request timeout).
|j|☆2(H2O)
|player|p1|2(H2O)|chase
