|raw|<div class="broadcast-blue"><strong>This battle is required to be public due to a player having a name starting with 'lt94je'.</div>
|j|☆N30N3
|j|☆LT94JEwhyaddicted
|t:|1661352480
|gametype|singles
|player|p1|N30N3|266|1745
|player|p2|LT94JEwhyaddicted|169|1786
|teamsize|p1|6
|teamsize|p2|6
|gen|8
|tier|[Gen 8] OU
|rated|
|rule|Sleep Clause Mod: Limit one foe put to sleep
|rule|Species Clause: Limit one of each Pokémon
|rule|OHKO Clause: OHKO moves are banned
|rule|Evasion Items Clause: Evasion items are banned
|rule|Evasion Moves Clause: Evasion moves are banned
|rule|Endless Battle Clause: Forcing endless battles is banned
|rule|HP Percentage Mod: HP is shown in percentages
|rule|Dynamax Clause: You cannot dynamax
|clearpoke
|poke|p1|Garchomp, M|
|poke|p1|Moltres-Galar|
|poke|p1|Melmetal|
|poke|p1|Urshifu-*, M|
|poke|p1|Rillaboom, M|
|poke|p1|Latias, F|
|poke|p2|Tapu Lele|
|poke|p2|Urshifu-*, M|
|poke|p2|Heatran, M|
|poke|p2|Landorus-Therian, M|
|poke|p2|Rotom-Wash|
|poke|p2|Weavile, M|
|teampreview
|inactive|Battle timer is ON: inactive players will automatically lose when time's up. (requested by LT94JEwhyaddicted)
|
|t:|1661352523
|start
|switch|p1a: Urshifu|Urshifu-Rapid-Strike, M|100/100
|switch|p2a: Tapu Lele|Tapu Lele|100/100
|-fieldstart|move: Psychic Terrain|[from] ability: Psychic Surge|[of] p2a: Tapu Lele
|turn|1
|
|t:|1661352531
|move|p1a: Urshifu|U-turn|p2a: Tapu Lele
|-damage|p2a: Tapu Lele|63/100
|
|t:|1661352534
|switch|p1a: Melmetal|Melmetal|100/100|[from]move: U-turn
|move|p2a: Tapu Lele|Moonblast|p1a: Melmetal
|-resisted|p1a: Melmetal
|-damage|p1a: Melmetal|80/100
|
|-heal|p1a: Melmetal|86/100|[from] item: Leftovers
|upkeep
|turn|2
|
|t:|1661352546
|switch|p2a: Landorus|Landorus-Therian, M|100/100
|-ability|p2a: Landorus|Intimidate|boost
|-unboost|p1a: Melmetal|atk|1
|switch|p1a: Rillaboom|Rillaboom, M|100/100
|-fieldstart|move: Grassy Terrain|[from] ability: Grassy Surge|[of] p1a: Rillaboom
|
|upkeep
|turn|3
|
|t:|1661352553
|switch|p1a: Garchomp|Garchomp, M|100/100
|move|p2a: Landorus|U-turn|p1a: Garchomp
|-damage|p1a: Garchomp|86/100
|-damage|p2a: Landorus|88/100|[from] ability: Rough Skin|[of] p1a: Garchomp
|-damage|p2a: Landorus|72/100|[from] item: Rocky Helmet|[of] p1a: Garchomp
|
|t:|1661352556
|switch|p2a: Weavile|Weavile, M|100/100|[from]move: U-turn
|-ability|p2a: Weavile|Pressure
|
|-heal|p1a: Garchomp|93/100|[from] Grassy Terrain
|upkeep
|turn|4
|
|t:|1661352561
|switch|p1a: Urshifu|Urshifu-Rapid-Strike, M|100/100
|move|p2a: Weavile|Icicle Crash|p1a: Urshifu
|-resisted|p1a: Urshifu
|-damage|p1a: Urshifu|77/100
|
|-heal|p1a: Urshifu|83/100|[from] Grassy Terrain
|upkeep
|turn|5
|
|t:|1661352570
|switch|p2a: Rotom|Rotom-Wash|100/100
|move|p1a: Urshifu|U-turn|p2a: Rotom
|-damage|p2a: Rotom|76/100
|
|t:|1661352574
|switch|p1a: Rillaboom|Rillaboom, M|100/100|[from]move: U-turn
|
|-heal|p2a: Rotom|82/100|[from] item: Leftovers
|upkeep
|turn|6
|j| Spitfire arcanine
|
|t:|1661352589
|move|p1a: Rillaboom|Grassy Glide|p2a: Rotom
|-supereffective|p2a: Rotom
|-damage|p2a: Rotom|0 fnt
|faint|p2a: Rotom
|
|-fieldend|move: Grassy Terrain
|upkeep
|
|t:|1661352592
|switch|p2a: Heatran|Heatran, M|100/100
|-item|p2a: Heatran|Air Balloon
|turn|7
|j| Plasmeek
|
|t:|1661352598
|switch|p1a: Melmetal|Melmetal|86/100
|move|p2a: Heatran|Stealth Rock|p1a: Melmetal
|-sidestart|p1: N30N3|move: Stealth Rock
|
|-heal|p1a: Melmetal|92/100|[from] item: Leftovers
|upkeep
|turn|8
|
|t:|1661352619
|switch|p1a: Urshifu|Urshifu-Rapid-Strike, M|83/100
|-damage|p1a: Urshifu|77/100|[from] Stealth Rock
|move|p2a: Heatran|Eruption|p1a: Urshifu
|-resisted|p1a: Urshifu
|-damage|p1a: Urshifu|15/100
|
|upkeep
|turn|9
|
|t:|1661352625
|switch|p2a: Urshifu|Urshifu-Rapid-Strike, M|100/100
|move|p1a: Urshifu|U-turn|p2a: Urshifu
|-resisted|p2a: Urshifu
|-damage|p2a: Urshifu|88/100
|
|t:|1661352627
|switch|p1a: Garchomp|Garchomp, M|93/100|[from]move: U-turn
|-damage|p1a: Garchomp|86/100|[from] Stealth Rock
|
|upkeep
|turn|10
|
|t:|1661352631
|move|p2a: Urshifu|Close Combat|p1a: Garchomp
|-damage|p1a: Garchomp|31/100
|-unboost|p2a: Urshifu|def|1
|-unboost|p2a: Urshifu|spd|1
|-damage|p2a: Urshifu|76/100|[from] ability: Rough Skin|[of] p1a: Garchomp
|-damage|p2a: Urshifu|60/100|[from] item: Rocky Helmet|[of] p1a: Garchomp
|move|p1a: Garchomp|Stealth Rock|p2a: Urshifu
|-sidestart|p2: LT94JEwhyaddicted|move: Stealth Rock
|
|upkeep
|turn|11
|
|t:|1661352635
|switch|p1a: Latias|Latias, F|100/100
|-damage|p1a: Latias|88/100|[from] Stealth Rock
|move|p2a: Urshifu|Close Combat|p1a: Latias
|-resisted|p1a: Latias
|-damage|p1a: Latias|33/100
|-unboost|p2a: Urshifu|def|1
|-unboost|p2a: Urshifu|spd|1
|
|upkeep
|turn|12
|
|t:|1661352640
|move|p1a: Latias|Psychic|p2a: Urshifu
|-supereffective|p2a: Urshifu
|-damage|p2a: Urshifu|0 fnt
|faint|p2a: Urshifu
|
|upkeep
|
|t:|1661352642
|switch|p2a: Weavile|Weavile, M|100/100
|-ability|p2a: Weavile|Pressure
|turn|13
|
|t:|1661352650
|switch|p1a: Garchomp|Garchomp, M|31/100
|-damage|p1a: Garchomp|25/100|[from] Stealth Rock
|move|p2a: Weavile|Knock Off|p1a: Garchomp
|-damage|p1a: Garchomp|0 fnt
|-damage|p2a: Weavile|88/100|[from] ability: Rough Skin|[of] p1a: Garchomp
|-damage|p2a: Weavile|72/100|[from] item: Rocky Helmet|[of] p1a: Garchomp
|-enditem|p1a: Garchomp|Rocky Helmet|[from] move: Knock Off|[of] p2a: Weavile
|faint|p1a: Garchomp
|
|upkeep
|
|t:|1661352654
|switch|p1a: Melmetal|Melmetal|92/100
|-damage|p1a: Melmetal|86/100|[from] Stealth Rock
|turn|14
|
|t:|1661352669
|switch|p2a: Landorus|Landorus-Therian, M|72/100
|-damage|p2a: Landorus|59/100|[from] Stealth Rock
|-ability|p2a: Landorus|Intimidate|boost
|-unboost|p1a: Melmetal|atk|1
|move|p1a: Melmetal|Body Press|p2a: Landorus
|-resisted|p2a: Landorus
|-crit|p2a: Landorus
|-damage|p2a: Landorus|45/100
|
|-heal|p2a: Landorus|51/100|[from] item: Leftovers
|-heal|p1a: Melmetal|92/100|[from] item: Leftovers
|upkeep
|turn|15
|
|t:|1661352674
|move|p2a: Landorus|U-turn|p1a: Melmetal
|-resisted|p1a: Melmetal
|-damage|p1a: Melmetal|87/100
|
|t:|1661352676
|switch|p2a: Heatran|Heatran, M|100/100|[from]move: U-turn
|-damage|p2a: Heatran|88/100|[from] Stealth Rock
|-item|p2a: Heatran|Air Balloon
|move|p1a: Melmetal|Double Iron Bash|p2a: Heatran
|-resisted|p2a: Heatran
|-damage|p2a: Heatran|83/100
|-enditem|p2a: Heatran|Air Balloon
|-resisted|p2a: Heatran
|-damage|p2a: Heatran|77/100
|-hitcount|p2a: Heatran|2
|
|-heal|p1a: Melmetal|93/100|[from] item: Leftovers
|upkeep
|turn|16
|
|t:|1661352681
|switch|p1a: Moltres|Moltres-Galar|100/100
|-damage|p1a: Moltres|76/100|[from] Stealth Rock
|move|p2a: Heatran|Magma Storm|p1a: Moltres|[miss]
|-miss|p2a: Heatran|p1a: Moltres
|
|upkeep
|turn|17
|
|t:|1661352686
|move|p2a: Heatran|Magma Storm|p1a: Moltres
|-damage|p1a: Moltres|32/100
|-activate|p1a: Moltres|move: Magma Storm|[of] p2a: Heatran
|-ability|p1a: Moltres|Berserk|boost
|-boost|p1a: Moltres|spa|1
|move|p1a: Moltres|Nasty Plot|p1a: Moltres
|-boost|p1a: Moltres|spa|2
|
|-damage|p1a: Moltres|20/100|[from] move: Magma Storm|[partiallytrapped]
|upkeep
|turn|18
|
|t:|1661352691
|move|p2a: Heatran|Eruption|p1a: Moltres
|-damage|p1a: Moltres|0 fnt
|faint|p1a: Moltres
|
|upkeep
|
|t:|1661352695
|switch|p1a: Latias|Latias, F|33/100
|-damage|p1a: Latias|21/100|[from] Stealth Rock
|turn|19
|j| Jongruenwald
|
|t:|1661352715
|switch|p2a: Tapu Lele|Tapu Lele|63/100
|-damage|p2a: Tapu Lele|51/100|[from] Stealth Rock
|-fieldstart|move: Psychic Terrain|[from] ability: Psychic Surge|[of] p2a: Tapu Lele
|move|p1a: Latias|Healing Wish|p1a: Latias
|faint|p1a: Latias
|
|upkeep
|
|t:|1661352717
|switch|p1a: Urshifu|Urshifu-Rapid-Strike, M|15/100
|-heal|p1a: Urshifu|100/100|[from] move: Healing Wish
|-damage|p1a: Urshifu|94/100|[from] Stealth Rock
|turn|20
|
|t:|1661352723
|switch|p2a: Heatran|Heatran, M|77/100
|-damage|p2a: Heatran|65/100|[from] Stealth Rock
|move|p1a: Urshifu|Surging Strikes|p2a: Heatran
|-supereffective|p2a: Heatran
|-crit|p2a: Heatran
|-damage|p2a: Heatran|24/100
|-supereffective|p2a: Heatran
|-crit|p2a: Heatran
|-damage|p2a: Heatran|0 fnt
|faint|p2a: Heatran
|-hitcount|p2: Heatran|2
|
|upkeep
|c|☆N30N3|Gg
|-message|LT94JEwhyaddicted forfeited.
|
|win|N30N3
|raw|N30N3's rating: 1745 &rarr; <strong>1767</strong><br />(+22 for winning)
|raw|LT94JEwhyaddicted's rating: 1786 &rarr; <strong>1764</strong><br />(-22 for losing)
|l|☆LT94JEwhyaddicted
|l| Plasmeek
|l|☆N30N3
