|j|☆lizmydad
|j|☆Arcangel666
|t:|1661936341
|gametype|singles
|player|p1|lizmydad|rosa|1519
|player|p2|Arcangel666|piers|1591
|teamsize|p1|6
|teamsize|p2|6
|gen|8
|tier|[Gen 8] OU
|rated|
|rule|Sleep Clause Mod: Limit one foe put to sleep
|rule|Species Clause: Limit one of each Pokémon
|rule|OHKO Clause: OHKO moves are banned
|rule|Evasion Items Clause: Evasion items are banned
|rule|Evasion Moves Clause: Evasion moves are banned
|rule|Endless Battle Clause: Forcing endless battles is banned
|rule|HP Percentage Mod: HP is shown in percentages
|rule|Dynamax Clause: You cannot dynamax
|clearpoke
|poke|p1|Dragapult, M|
|poke|p1|Urshifu-*, F|
|poke|p1|Tapu Lele|
|poke|p1|Landorus-Therian, M|
|poke|p1|Ferrothorn, M|
|poke|p1|Tyranitar, M|
|poke|p2|Rillaboom, M|
|poke|p2|Regieleki|
|poke|p2|Garchomp, M|
|poke|p2|Melmetal|
|poke|p2|Tapu Fini|
|poke|p2|Zapdos-Galar|
|teampreview
|
|t:|1661936365
|start
|switch|p1a: Dragapult|Dragapult, M|100/100
|switch|p2a: Regieleki|Regieleki, shiny|100/100
|turn|1
|inactive|Battle timer is ON: inactive players will automatically lose when time's up. (requested by lizmydad)
|j| LT_Alt1
|
|t:|1661936376
|move|p2a: Regieleki|Volt Switch|p1a: Dragapult
|-resisted|p1a: Dragapult
|-damage|p1a: Dragapult|61/100
|
|t:|1661936380
|switch|p2a: Tapu Fini|Tapu Fini, shiny|100/100|[from]move: Volt Switch
|-fieldstart|move: Misty Terrain|[from] ability: Misty Surge|[of] p2a: Tapu Fini
|move|p1a: Dragapult|Shadow Ball|p2a: Tapu Fini
|-damage|p2a: Tapu Fini|64/100
|
|-heal|p2a: Tapu Fini|71/100|[from] item: Leftovers
|upkeep
|turn|2
|
|t:|1661936388
|switch|p1a: Ferrothorn|Ferrothorn, M|100/100
|switch|p2a: Zapdos|Zapdos-Galar, shiny|100/100
|
|upkeep
|turn|3
|
|t:|1661936398
|move|p2a: Zapdos|Brave Bird|p1a: Ferrothorn
|-damage|p1a: Ferrothorn|48/100
|-damage|p2a: Zapdos|88/100|[from] ability: Iron Barbs|[of] p1a: Ferrothorn
|-damage|p2a: Zapdos|69/100|[from] Recoil
|move|p1a: Ferrothorn|Leech Seed|p2a: Zapdos
|-start|p2a: Zapdos|move: Leech Seed
|
|-heal|p1a: Ferrothorn|54/100|[from] item: Leftovers
|-damage|p2a: Zapdos|57/100|[from] Leech Seed|[of] p1a: Ferrothorn
|-heal|p1a: Ferrothorn|65/100|[silent]
|upkeep
|turn|4
|
|t:|1661936406
|move|p1a: Ferrothorn|Protect|p1a: Ferrothorn
|-singleturn|p1a: Ferrothorn|Protect
|move|p2a: Zapdos|Brave Bird|p1a: Ferrothorn
|-activate|p1a: Ferrothorn|move: Protect
|
|-heal|p1a: Ferrothorn|72/100|[from] item: Leftovers
|-damage|p2a: Zapdos|44/100|[from] Leech Seed|[of] p1a: Ferrothorn
|-heal|p1a: Ferrothorn|83/100|[silent]
|upkeep
|turn|5
|
|t:|1661936415
|move|p2a: Zapdos|Brave Bird|p1a: Ferrothorn
|-damage|p1a: Ferrothorn|35/100
|-damage|p2a: Zapdos|32/100|[from] ability: Iron Barbs|[of] p1a: Ferrothorn
|-damage|p2a: Zapdos|14/100|[from] Recoil
|move|p1a: Ferrothorn|Spikes|p2a: Zapdos
|-sidestart|p2: Arcangel666|Spikes
|
|-heal|p1a: Ferrothorn|41/100|[from] item: Leftovers
|-damage|p2a: Zapdos|2/100|[from] Leech Seed|[of] p1a: Ferrothorn
|-heal|p1a: Ferrothorn|52/100|[silent]
|-fieldend|Misty Terrain
|upkeep
|turn|6
|
|t:|1661936427
|switch|p2a: Regieleki|Regieleki, shiny|100/100
|-damage|p2a: Regieleki|88/100|[from] Spikes
|move|p1a: Ferrothorn|Protect||[still]
|-fail|p1a: Ferrothorn
|
|-heal|p1a: Ferrothorn|59/100|[from] item: Leftovers
|upkeep
|turn|7
|
|t:|1661936433
|move|p2a: Regieleki|Rapid Spin|p1a: Ferrothorn
|-resisted|p1a: Ferrothorn
|-damage|p1a: Ferrothorn|55/100
|-boost|p2a: Regieleki|spe|1
|-damage|p2a: Regieleki|76/100|[from] ability: Iron Barbs|[of] p1a: Ferrothorn
|-sideend|p2: Arcangel666|Spikes|[from] move: Rapid Spin|[of] p2a: Regieleki
|move|p1a: Ferrothorn|Gyro Ball|p2a: Regieleki
|-resisted|p2a: Regieleki
|-damage|p2a: Regieleki|26/100
|
|-heal|p1a: Ferrothorn|62/100|[from] item: Leftovers
|upkeep
|turn|8
|j| ch5
|
|t:|1661936443
|move|p2a: Regieleki|Electro Ball|p1a: Ferrothorn
|-resisted|p1a: Ferrothorn
|-damage|p1a: Ferrothorn|11/100
|move|p1a: Ferrothorn|Spikes|p2a: Regieleki
|-sidestart|p2: Arcangel666|Spikes
|
|-heal|p1a: Ferrothorn|18/100|[from] item: Leftovers
|upkeep
|turn|9
|
|t:|1661936457
|switch|p1a: Landorus|Landorus-Therian, M|100/100
|-ability|p1a: Landorus|Intimidate|boost
|-unboost|p2a: Regieleki|atk|1
|move|p2a: Regieleki|Electro Ball|p1a: Landorus
|-immune|p1a: Landorus
|
|upkeep
|turn|10
|
|t:|1661936463
|move|p2a: Regieleki|Rapid Spin|p1a: Landorus
|-damage|p1a: Landorus|94/100
|-boost|p2a: Regieleki|spe|1
|-sideend|p2: Arcangel666|Spikes|[from] move: Rapid Spin|[of] p2a: Regieleki
|move|p1a: Landorus|Stealth Rock|p2a: Regieleki
|-sidestart|p2: Arcangel666|move: Stealth Rock
|
|-heal|p1a: Landorus|100/100|[from] item: Leftovers
|upkeep
|turn|11
|
|t:|1661936470
|move|p2a: Regieleki|Rapid Spin|p1a: Landorus
|-damage|p1a: Landorus|94/100
|-boost|p2a: Regieleki|spe|1
|-sideend|p2: Arcangel666|Stealth Rock|[from] move: Rapid Spin|[of] p2a: Regieleki
|move|p1a: Landorus|U-turn|p2a: Regieleki
|-damage|p2a: Regieleki|0 fnt
|faint|p2a: Regieleki
|
|t:|1661936483
|switch|p1a: Dragapult|Dragapult, M|61/100|[from]move: U-turn
|
|upkeep
|
|t:|1661936485
|switch|p2a: Melmetal|Melmetal, shiny|100/100
|turn|12
|
|t:|1661936489
|move|p1a: Dragapult|U-turn|p2a: Melmetal
|-resisted|p2a: Melmetal
|-damage|p2a: Melmetal|96/100
|
|t:|1661936493
|switch|p1a: Ferrothorn|Ferrothorn, M|18/100|[from]move: U-turn
|move|p2a: Melmetal|Earthquake|p1a: Ferrothorn
|-damage|p1a: Ferrothorn|0 fnt
|faint|p1a: Ferrothorn
|
|upkeep
|
|t:|1661936500
|switch|p1a: Landorus|Landorus-Therian, M|94/100
|-ability|p1a: Landorus|Intimidate|boost
|-unboost|p2a: Melmetal|atk|1
|turn|13
|
|t:|1661936509
|move|p1a: Landorus|Stealth Rock|p2a: Melmetal
|-sidestart|p2: Arcangel666|move: Stealth Rock
|move|p2a: Melmetal|Ice Punch|p1a: Landorus
|-supereffective|p1a: Landorus
|-damage|p1a: Landorus|16/100
|
|-heal|p1a: Landorus|22/100|[from] item: Leftovers
|upkeep
|turn|14
|
|t:|1661936518
|move|p1a: Landorus|Earthquake|p2a: Melmetal
|-supereffective|p2a: Melmetal
|-damage|p2a: Melmetal|43/100
|move|p2a: Melmetal|Ice Punch|p1a: Landorus
|-supereffective|p1a: Landorus
|-damage|p1a: Landorus|0 fnt
|faint|p1a: Landorus
|
|upkeep
|
|t:|1661936522
|switch|p1a: Dragapult|Dragapult, M|61/100
|turn|15
|
|t:|1661936528
|switch|p2a: Zapdos|Zapdos-Galar, shiny|2/100
|-damage|p2a: Zapdos|0 fnt|[from] Stealth Rock
|faint|p2a: Zapdos
|move|p1a: Dragapult|Shadow Ball|p2: Zapdos|[notarget]
|-fail|p1a: Dragapult
|
|upkeep
|
|t:|1661936539
|switch|p2a: Melmetal|Melmetal, shiny|43/100
|-damage|p2a: Melmetal|37/100|[from] Stealth Rock
|turn|16
|
|t:|1661936541
|move|p1a: Dragapult|Shadow Ball|p2a: Melmetal
|-damage|p2a: Melmetal|0 fnt
|faint|p2a: Melmetal
|
|upkeep
|
|t:|1661936545
|switch|p2a: Tapu Fini|Tapu Fini, shiny|71/100
|-damage|p2a: Tapu Fini|58/100|[from] Stealth Rock
|-fieldstart|move: Misty Terrain|[from] ability: Misty Surge|[of] p2a: Tapu Fini
|turn|17
|
|t:|1661936562
|switch|p1a: Tapu Lele|Tapu Lele|100/100
|-fieldstart|move: Psychic Terrain|[from] ability: Psychic Surge|[of] p1a: Tapu Lele
|move|p2a: Tapu Fini|Calm Mind|p2a: Tapu Fini
|-boost|p2a: Tapu Fini|spa|1
|-boost|p2a: Tapu Fini|spd|1
|
|-heal|p2a: Tapu Fini|64/100|[from] item: Leftovers
|upkeep
|turn|18
|
|t:|1661936568
|move|p1a: Tapu Lele|Psyshock|p2a: Tapu Fini
|-damage|p2a: Tapu Fini|20/100
|move|p2a: Tapu Fini|Draining Kiss|p1a: Tapu Lele
|-crit|p1a: Tapu Lele
|-damage|p1a: Tapu Lele|60/100
|-heal|p2a: Tapu Fini|45/100|[from] drain|[of] p1a: Tapu Lele
|
|-heal|p2a: Tapu Fini|51/100|[from] item: Leftovers
|upkeep
|turn|19
|
|t:|1661936574
|switch|p2a: Rillaboom|Rillaboom, M, shiny|100/100
|-damage|p2a: Rillaboom|88/100|[from] Stealth Rock
|-fieldstart|move: Grassy Terrain|[from] ability: Grassy Surge|[of] p2a: Rillaboom
|move|p1a: Tapu Lele|Psyshock|p2a: Rillaboom
|-damage|p2a: Rillaboom|40/100
|
|-heal|p1a: Tapu Lele|66/100|[from] Grassy Terrain
|-heal|p2a: Rillaboom|47/100|[from] Grassy Terrain
|upkeep
|turn|20
|
|t:|1661936585
|switch|p1a: Tyranitar|Tyranitar, M|100/100
|-weather|Sandstorm|[from] ability: Sand Stream|[of] p1a: Tyranitar
|move|p2a: Rillaboom|Grassy Glide|p1a: Tyranitar
|-supereffective|p1a: Tyranitar
|-damage|p1a: Tyranitar|0 fnt
|faint|p1a: Tyranitar
|
|-weather|Sandstorm|[upkeep]
|-damage|p2a: Rillaboom|40/100|[from] Sandstorm
|-heal|p2a: Rillaboom|47/100|[from] Grassy Terrain
|upkeep
|
|t:|1661936595
|switch|p1a: Dragapult|Dragapult, M|61/100
|turn|21
|
|t:|1661936601
|switch|p2a: Garchomp|Garchomp, M|100/100
|-damage|p2a: Garchomp|94/100|[from] Stealth Rock
|move|p1a: Dragapult|Shadow Ball|p2a: Garchomp
|-damage|p2a: Garchomp|44/100
|
|-weather|Sandstorm|[upkeep]
|-damage|p1a: Dragapult|55/100|[from] Sandstorm
|-heal|p1a: Dragapult|61/100|[from] Grassy Terrain
|-heal|p2a: Garchomp|50/100|[from] Grassy Terrain
|upkeep
|turn|22
|
|t:|1661936610
|move|p1a: Dragapult|Shadow Ball|p2a: Garchomp
|-damage|p2a: Garchomp|0 fnt
|faint|p2a: Garchomp
|
|-weather|Sandstorm|[upkeep]
|-damage|p1a: Dragapult|55/100|[from] Sandstorm
|-heal|p1a: Dragapult|61/100|[from] Grassy Terrain
|upkeep
|
|t:|1661936611
|switch|p2a: Tapu Fini|Tapu Fini, shiny|51/100
|-damage|p2a: Tapu Fini|39/100|[from] Stealth Rock
|-fieldstart|move: Misty Terrain|[from] ability: Misty Surge|[of] p2a: Tapu Fini
|turn|23
|
|t:|1661936617
|move|p1a: Dragapult|Shadow Ball|p2a: Tapu Fini
|-damage|p2a: Tapu Fini|5/100
|-unboost|p2a: Tapu Fini|spd|1
|move|p2a: Tapu Fini|Draining Kiss|p1a: Dragapult
|-supereffective|p1a: Dragapult
|-damage|p1a: Dragapult|16/100
|-heal|p2a: Tapu Fini|37/100|[from] drain|[of] p1a: Dragapult
|
|-weather|Sandstorm|[upkeep]
|-damage|p1a: Dragapult|10/100|[from] Sandstorm
|-damage|p2a: Tapu Fini|31/100|[from] Sandstorm
|-heal|p2a: Tapu Fini|37/100|[from] item: Leftovers
|upkeep
|turn|24
|
|t:|1661936623
|move|p1a: Dragapult|Shadow Ball|p2a: Tapu Fini
|-damage|p2a: Tapu Fini|0 fnt
|faint|p2a: Tapu Fini
|
|-weather|none
|upkeep
|
|t:|1661936625
|switch|p2a: Rillaboom|Rillaboom, M, shiny|47/100
|-damage|p2a: Rillaboom|34/100|[from] Stealth Rock
|-fieldstart|move: Grassy Terrain|[from] ability: Grassy Surge|[of] p2a: Rillaboom
|turn|25
|
|t:|1661936630
|move|p2a: Rillaboom|Grassy Glide|p1a: Dragapult
|-resisted|p1a: Dragapult
|-damage|p1a: Dragapult|0 fnt
|faint|p1a: Dragapult
|
|-heal|p2a: Rillaboom|40/100|[from] Grassy Terrain
|upkeep
|
|t:|1661936633
|switch|p1a: Tapu Lele|Tapu Lele|66/100
|-fieldstart|move: Psychic Terrain|[from] ability: Psychic Surge|[of] p1a: Tapu Lele
|turn|26
|
|t:|1661936638
|move|p1a: Tapu Lele|Psyshock|p2a: Rillaboom
|-damage|p2a: Rillaboom|0 fnt
|faint|p2a: Rillaboom
|
|win|lizmydad
|raw|lizmydad's rating: 1519 &rarr; <strong>1543</strong><br />(+24 for winning)
|raw|Arcangel666's rating: 1591 &rarr; <strong>1567</strong><br />(-24 for losing)
|l|☆Arcangel666
