|j|☆maxinyuuu
|j|☆mosty_kant
|t:|1664597937
|gametype|singles
|player|p1|maxinyuuu|lusamine-nihilego|
|player|p2|mosty_kant|policeman-gen4|
|teamsize|p1|6
|teamsize|p2|6
|gen|8
|tier|[Gen 8] OU
|rule|Sleep Clause Mod: Limit one foe put to sleep
|rule|Species Clause: Limit one of each Pokémon
|rule|OHKO Clause: OHKO moves are banned
|rule|Evasion Items Clause: Evasion items are banned
|rule|Evasion Moves Clause: Evasion moves are banned
|rule|Endless Battle Clause: Forcing endless battles is banned
|rule|HP Percentage Mod: HP is shown in percentages
|rule|Dynamax Clause: You cannot dynamax
|clearpoke
|poke|p1|Melmetal|
|poke|p1|Porygon2|
|poke|p1|Cresselia, F|
|poke|p1|Marowak-Alola, F|
|poke|p1|Hatterene, F|
|poke|p1|Crawdaunt, M|
|poke|p2|Ninetales-Alola, F|
|poke|p2|Arctozolt|
|poke|p2|Heatran, F|
|poke|p2|Corviknight, M|
|poke|p2|Dragapult, M|
|poke|p2|Urshifu-*, F|
|teampreview
|
|t:|1664597951
|start
|switch|p1a: Melmetal|Melmetal|100/100
|switch|p2a: Dragapult|Dragapult, M|100/100
|turn|1
|
|t:|1664597958
|move|p2a: Dragapult|Fire Blast|p1a: Melmetal
|-supereffective|p1a: Melmetal
|-damage|p1a: Melmetal|14/100
|-damage|p2a: Dragapult|91/100|[from] item: Life Orb
|move|p1a: Melmetal|Double Iron Bash|p2a: Dragapult
|-damage|p2a: Dragapult|0 fnt
|faint|p2a: Dragapult
|-hitcount|p2: Dragapult|1
|
|upkeep
|
|t:|1664597974
|switch|p2a: Heatran|Heatran, F|100/100
|turn|2
|
|t:|1664597979
|switch|p1a: Porygon2|Porygon2|100/100
|-ability|p1a: Porygon2|Flash Fire|[from] ability: Trace|[of] p2a: Heatran
|move|p2a: Heatran|Earth Power|p1a: Porygon2
|-damage|p1a: Porygon2|85/100
|
|upkeep
|turn|3
|
|t:|1664597993
|switch|p1a: Hatterene|Hatterene, F|100/100
|move|p2a: Heatran|Flash Cannon|p1a: Hatterene
|-supereffective|p1a: Hatterene
|-damage|p1a: Hatterene|17/100
|
|upkeep
|turn|4
|
|t:|1664598007
|switch|p1a: Porygon2|Porygon2|85/100
|-ability|p1a: Porygon2|Flash Fire|[from] ability: Trace|[of] p2a: Heatran
|move|p2a: Heatran|Flash Cannon|p1a: Porygon2
|-damage|p1a: Porygon2|67/100
|
|upkeep
|turn|5
|
|t:|1664598021
|switch|p2a: Corviknight|Corviknight, M|100/100
|-ability|p2a: Corviknight|Pressure
|move|p1a: Porygon2|Trick Room|p1a: Porygon2
|-fieldstart|move: Trick Room|[of] p1a: Porygon2
|
|upkeep
|turn|6
|
|t:|1664598030
|move|p2a: Corviknight|U-turn|p1a: Porygon2
|-damage|p1a: Porygon2|57/100
|
|t:|1664598036
|switch|p2a: Heatran|Heatran, F|100/100|[from]move: U-turn
|move|p1a: Porygon2|Teleport|p1a: Porygon2
|
|t:|1664598039
|switch|p1a: Crawdaunt|Crawdaunt, M|100/100|[from]move: Teleport
|
|upkeep
|turn|7
|
|t:|1664598055
|switch|p2a: Urshifu|Urshifu-Rapid-Strike, F|100/100
|move|p1a: Crawdaunt|Crabhammer|p2a: Urshifu|[miss]
|-miss|p1a: Crawdaunt|p2a: Urshifu
|
|upkeep
|turn|8
|
|t:|1664598067
|switch|p1a: Cresselia|Cresselia, F|100/100
|move|p2a: Urshifu|U-turn|p1a: Cresselia
|-supereffective|p1a: Cresselia
|-damage|p1a: Cresselia|74/100
|-damage|p2a: Urshifu|84/100|[from] item: Rocky Helmet|[of] p1a: Cresselia
|
|t:|1664598074
|switch|p2a: Heatran|Heatran, F|100/100|[from]move: U-turn
|
|upkeep
|turn|9
|
|t:|1664598079
|switch|p1a: Porygon2|Porygon2|57/100
|-ability|p1a: Porygon2|Flash Fire|[from] ability: Trace|[of] p2a: Heatran
|move|p2a: Heatran|Magma Storm|p1a: Porygon2
|-start|p1a: Porygon2|ability: Flash Fire
|
|-fieldend|move: Trick Room
|upkeep
|turn|10
|
|t:|1664598092
|move|p2a: Heatran|Flash Cannon|p1a: Porygon2
|-damage|p1a: Porygon2|38/100
|-unboost|p1a: Porygon2|spd|1
|move|p1a: Porygon2|Recover|p1a: Porygon2
|-heal|p1a: Porygon2|88/100
|
|upkeep
|turn|11
|
|t:|1664598100
|move|p2a: Heatran|Flash Cannon|p1a: Porygon2
|-damage|p1a: Porygon2|59/100
|move|p1a: Porygon2|Trick Room|p1a: Porygon2
|-fieldstart|move: Trick Room|[of] p1a: Porygon2
|
|upkeep
|turn|12
|
|t:|1664598106
|-end|p1a: Porygon2|ability: Flash Fire|[silent]
|switch|p1a: Crawdaunt|Crawdaunt, M|100/100
|move|p2a: Heatran|Flash Cannon|p1a: Crawdaunt
|-resisted|p1a: Crawdaunt
|-damage|p1a: Crawdaunt|65/100
|
|upkeep
|turn|13
|
|t:|1664598117
|switch|p2a: Urshifu|Urshifu-Rapid-Strike, F|84/100
|move|p1a: Crawdaunt|Crabhammer|p2a: Urshifu
|-resisted|p2a: Urshifu
|-damage|p2a: Urshifu|35/100
|-damage|p1a: Crawdaunt|55/100|[from] item: Life Orb
|
|upkeep
|turn|14
|
|t:|1664598129
|switch|p2a: Corviknight|Corviknight, M|100/100
|-ability|p2a: Corviknight|Pressure
|move|p1a: Crawdaunt|Knock Off|p2a: Corviknight
|-damage|p2a: Corviknight|28/100
|-damage|p1a: Crawdaunt|39/100|[from] item: Rocky Helmet|[of] p2a: Corviknight
|-enditem|p2a: Corviknight|Rocky Helmet|[from] move: Knock Off|[of] p1a: Crawdaunt
|-damage|p1a: Crawdaunt|29/100|[from] item: Life Orb
|
|upkeep
|turn|15
|
|t:|1664598142
|move|p1a: Crawdaunt|Knock Off|p2a: Corviknight
|-damage|p2a: Corviknight|0 fnt
|faint|p2a: Corviknight
|-damage|p1a: Crawdaunt|19/100|[from] item: Life Orb
|
|-fieldend|move: Trick Room
|upkeep
|
|t:|1664598151
|switch|p2a: Urshifu|Urshifu-Rapid-Strike, F|35/100
|turn|16
|
|t:|1664598156
|switch|p1a: Cresselia|Cresselia, F|74/100
|move|p2a: Urshifu|U-turn|p1a: Cresselia
|-supereffective|p1a: Cresselia
|-damage|p1a: Cresselia|51/100
|-damage|p2a: Urshifu|18/100|[from] item: Rocky Helmet|[of] p1a: Cresselia
|
|t:|1664598163
|switch|p2a: Arctozolt|Arctozolt|100/100|[from]move: U-turn
|
|upkeep
|turn|17
|
|t:|1664598171
|switch|p2a: Heatran|Heatran, F|100/100
|move|p1a: Cresselia|Trick Room|p1a: Cresselia
|-fieldstart|move: Trick Room|[of] p1a: Cresselia
|
|upkeep
|turn|18
|
|t:|1664598180
|switch|p1a: Hatterene|Hatterene, F|17/100
|move|p2a: Heatran|Magma Storm|p1a: Hatterene|[miss]
|-miss|p2a: Heatran|p1a: Hatterene
|
|upkeep
|turn|19
|
|t:|1664598188
|move|p1a: Hatterene|Misty Explosion|p2a: Heatran
|-resisted|p2a: Heatran
|-damage|p2a: Heatran|93/100
|faint|p1a: Hatterene
|move|p2a: Heatran|Flash Cannon|p1: Hatterene|[notarget]
|-fail|p2a: Heatran
|
|upkeep
|
|t:|1664598196
|switch|p1a: Melmetal|Melmetal|14/100
|turn|20
|
|t:|1664598202
|switch|p2a: Ninetales|Ninetales-Alola, F|100/100
|-weather|Hail|[from] ability: Snow Warning|[of] p2a: Ninetales
|move|p1a: Melmetal|Earthquake|p2a: Ninetales
|-damage|p2a: Ninetales|24/100
|
|-weather|Hail|[upkeep]
|-damage|p1a: Melmetal|8/100|[from] Hail
|upkeep
|turn|21
|
|t:|1664598213
|move|p1a: Melmetal|Earthquake|p2a: Ninetales
|-damage|p2a: Ninetales|0 fnt
|faint|p2a: Ninetales
|
|-weather|Hail|[upkeep]
|-damage|p1a: Melmetal|2/100|[from] Hail
|-fieldend|move: Trick Room
|upkeep
|
|t:|1664598222
|switch|p2a: Arctozolt|Arctozolt|100/100
|turn|22
|
|t:|1664598231
|switch|p2a: Urshifu|Urshifu-Rapid-Strike, F|18/100
|switch|p1a: Marowak|Marowak-Alola, F|100/100
|
|-weather|Hail|[upkeep]
|-damage|p2a: Urshifu|12/100|[from] Hail
|-damage|p1a: Marowak|94/100|[from] Hail
|upkeep
|turn|23
|
|t:|1664598242
|switch|p1a: Cresselia|Cresselia, F|51/100
|move|p2a: Urshifu|Surging Strikes|p1a: Cresselia
|-crit|p1a: Cresselia
|-damage|p1a: Cresselia|40/100
|-damage|p2a: Urshifu|0 fnt|[from] item: Rocky Helmet|[of] p1a: Cresselia
|faint|p2a: Urshifu
|-hitcount|p1a: Cresselia|1
|
|-weather|Hail|[upkeep]
|-damage|p1a: Cresselia|34/100|[from] Hail
|upkeep
|
|t:|1664598253
|switch|p2a: Heatran|Heatran, F|93/100
|turn|24
|
|t:|1664598257
|switch|p1a: Porygon2|Porygon2|59/100
|-ability|p1a: Porygon2|Flash Fire|[from] ability: Trace|[of] p2a: Heatran
|move|p2a: Heatran|Dark Pulse|p1a: Porygon2
|-damage|p1a: Porygon2|46/100
|
|-weather|none
|upkeep
|turn|25
|
|t:|1664598266
|move|p2a: Heatran|Dark Pulse|p1a: Porygon2
|-damage|p1a: Porygon2|33/100
|cant|p1a: Porygon2|flinch
|
|upkeep
|turn|26
|
|t:|1664598272
|move|p2a: Heatran|Dark Pulse|p1a: Porygon2
|-damage|p1a: Porygon2|21/100
|move|p1a: Porygon2|Trick Room|p1a: Porygon2
|-fieldstart|move: Trick Room|[of] p1a: Porygon2
|
|upkeep
|turn|27
|
|t:|1664598286
|switch|p1a: Cresselia|Cresselia, F|34/100
|move|p2a: Heatran|Flash Cannon|p1a: Cresselia
|-damage|p1a: Cresselia|7/100
|
|upkeep
|turn|28
|
|t:|1664598296
|move|p2a: Heatran|Earth Power|p1a: Cresselia
|-immune|p1a: Cresselia|[from] ability: Levitate
|move|p1a: Cresselia|Lunar Dance|p1a: Cresselia
|faint|p1a: Cresselia
|
|upkeep
|
|t:|1664598298
|switch|p1a: Melmetal|Melmetal|2/100
|-heal|p1a: Melmetal|100/100|[from] move: Lunar Dance
|turn|29
|
|t:|1664598308
|switch|p2a: Arctozolt|Arctozolt|100/100
|move|p1a: Melmetal|Earthquake|p2a: Arctozolt
|-supereffective|p2a: Arctozolt
|-damage|p2a: Arctozolt|0 fnt
|faint|p2a: Arctozolt
|
|upkeep
|
|t:|1664598316
|switch|p2a: Heatran|Heatran, F|93/100
|turn|30
|
|t:|1664598320
|move|p1a: Melmetal|Earthquake|p2a: Heatran
|-supereffective|p2a: Heatran
|-damage|p2a: Heatran|0 fnt
|faint|p2a: Heatran
|
|win|maxinyuuu
