|html|<div class="broadcast-blue"><strong>[Gen 8] OU is currently suspecting Melmetal! For information on how to participate check out the <a href="https://www.smogon.com/forums/threads/np-ss-ou-suspect-process-round-12-monster-mash.3709234/">suspect thread</a>.</strong></div>
|j|☆Thedebatablereaper
|j|‽minimax_ai
|t:|1665698748
|gametype|singles
|player|p1|Thedebatablereaper|1|1640
|player|p2|minimax_ai|101|1792
|teamsize|p1|6
|teamsize|p2|6
|gen|8
|tier|[Gen 8] OU
|rated|
|rule|Sleep Clause Mod: Limit one foe put to sleep
|rule|Species Clause: Limit one of each Pokémon
|rule|OHKO Clause: OHKO moves are banned
|rule|Evasion Items Clause: Evasion items are banned
|rule|Evasion Moves Clause: Evasion moves are banned
|rule|Endless Battle Clause: Forcing endless battles is banned
|rule|HP Percentage Mod: HP is shown in percentages
|rule|Dynamax Clause: You cannot dynamax
|clearpoke
|poke|p1|Dragapult, F|
|poke|p1|Heatran, F|
|poke|p1|Sharpedo, F|
|poke|p1|Rillaboom, M|
|poke|p1|Landorus-Therian, M|
|poke|p1|Kartana|
|poke|p2|Rotom-Wash|
|poke|p2|Weavile, M|
|poke|p2|Landorus-Therian, M|
|poke|p2|Heatran, M|
|poke|p2|Tangrowth, F|
|poke|p2|Melmetal|
|teampreview
|inactive|Battle timer is ON: inactive players will automatically lose when time's up. (requested by minimax_ai)
|
|t:|1665698755
|start
|switch|p1a: Dragapult|Dragapult, F|100/100
|switch|p2a: Tangrowth|Tangrowth, F|100/100
|turn|1
|
|t:|1665698762
|switch|p2a: Melmetal|Melmetal|100/100
|move|p1a: Dragapult|U-turn|p2a: Melmetal
|-resisted|p2a: Melmetal
|-damage|p2a: Melmetal|96/100
|
|t:|1665698768
|switch|p1a: Landorus|Landorus-Therian, M|100/100|[from]move: U-turn
|-ability|p1a: Landorus|Intimidate|boost
|-unboost|p2a: Melmetal|atk|1
|
|upkeep
|turn|2
|
|t:|1665698774
|move|p1a: Landorus|U-turn|p2a: Melmetal
|-resisted|p2a: Melmetal
|-damage|p2a: Melmetal|89/100
|
|t:|1665698777
|switch|p1a: Heatran|Heatran, F|100/100|[from]move: U-turn
|move|p2a: Melmetal|Ice Punch|p1a: Heatran
|-resisted|p1a: Heatran
|-damage|p1a: Heatran|96/100
|
|-heal|p1a: Heatran|100/100|[from] item: Leftovers
|upkeep
|turn|3
|
|t:|1665698785
|switch|p1a: Landorus|Landorus-Therian, M|100/100
|-ability|p1a: Landorus|Intimidate|boost
|-unboost|p2a: Melmetal|atk|1
|move|p2a: Melmetal|Earthquake|p1a: Landorus
|-immune|p1a: Landorus
|
|upkeep
|turn|4
|
|t:|1665698791
|move|p1a: Landorus|Earthquake|p2a: Melmetal
|-supereffective|p2a: Melmetal
|-damage|p2a: Melmetal|36/100
|move|p2a: Melmetal|Ice Punch|p1a: Landorus
|-supereffective|p1a: Landorus
|-damage|p1a: Landorus|57/100
|
|-heal|p1a: Landorus|63/100|[from] item: Leftovers
|upkeep
|turn|5
|
|t:|1665698799
|switch|p2a: Rotom|Rotom-Wash|100/100
|move|p1a: Landorus|U-turn|p2a: Rotom
|-damage|p2a: Rotom|78/100
|
|t:|1665698804
|switch|p1a: Dragapult|Dragapult, F|100/100|[from]move: U-turn
|
|-heal|p2a: Rotom|84/100|[from] item: Leftovers
|upkeep
|turn|6
|
|t:|1665698809
|switch|p2a: Landorus|Landorus-Therian, M|100/100
|-ability|p2a: Landorus|Intimidate|boost
|-unboost|p1a: Dragapult|atk|1
|move|p1a: Dragapult|Shadow Ball|p2a: Landorus
|-damage|p2a: Landorus|58/100
|-unboost|p2a: Landorus|spd|1
|
|-heal|p2a: Landorus|64/100|[from] item: Leftovers
|upkeep
|turn|7
|
|t:|1665698818
|move|p1a: Dragapult|Shadow Ball|p2a: Landorus
|-damage|p2a: Landorus|9/100
|move|p2a: Landorus|U-turn|p1a: Dragapult
|-resisted|p1a: Dragapult
|-damage|p1a: Dragapult|85/100
|
|t:|1665698818
|switch|p2a: Weavile|Weavile, M|100/100|[from]move: U-turn
|-ability|p2a: Weavile|Pressure
|
|upkeep
|turn|8
|
|t:|1665698836
|switch|p1a: Heatran|Heatran, F|100/100
|move|p2a: Weavile|Knock Off|p1a: Heatran
|-damage|p1a: Heatran|43/100
|-enditem|p1a: Heatran|Leftovers|[from] move: Knock Off|[of] p2a: Weavile
|
|upkeep
|turn|9
|
|t:|1665698842
|switch|p2a: Rotom|Rotom-Wash|84/100
|move|p1a: Heatran|Stealth Rock|p2a: Rotom
|-sidestart|p2: minimax_ai|move: Stealth Rock
|
|-heal|p2a: Rotom|90/100|[from] item: Leftovers
|upkeep
|turn|10
|
|t:|1665698850
|switch|p1a: Rillaboom|Rillaboom, M|100/100
|-fieldstart|move: Grassy Terrain|[from] ability: Grassy Surge|[of] p1a: Rillaboom
|move|p2a: Rotom|Thunderbolt|p1a: Rillaboom
|-resisted|p1a: Rillaboom
|-damage|p1a: Rillaboom|77/100
|
|-heal|p2a: Rotom|97/100|[from] item: Leftovers
|-heal|p1a: Rillaboom|83/100|[from] Grassy Terrain
|upkeep
|turn|11
|
|t:|1665698861
|switch|p2a: Tangrowth|Tangrowth, F|100/100
|-damage|p2a: Tangrowth|88/100|[from] Stealth Rock
|switch|p1a: Heatran|Heatran, F|43/100
|
|-heal|p1a: Heatran|49/100|[from] Grassy Terrain
|-heal|p2a: Tangrowth|94/100|[from] Grassy Terrain
|upkeep
|turn|12
|
|t:|1665698871
|switch|p2a: Rotom|Rotom-Wash|97/100
|-damage|p2a: Rotom|84/100|[from] Stealth Rock
|move|p1a: Heatran|Magma Storm|p2a: Rotom
|-resisted|p2a: Rotom
|-damage|p2a: Rotom|60/100
|-activate|p2a: Rotom|move: Magma Storm|[of] p1a: Heatran
|
|-heal|p2a: Rotom|67/100|[from] item: Leftovers
|-heal|p1a: Heatran|55/100|[from] Grassy Terrain
|-damage|p2a: Rotom|54/100|[from] move: Magma Storm|[partiallytrapped]
|upkeep
|turn|13
|
|t:|1665698883
|move|p2a: Rotom|Pain Split|p1a: Heatran
|-sethp|p1a: Heatran|49/100|[from] move: Pain Split|[silent]
|-sethp|p2a: Rotom|62/100|[from] move: Pain Split
|move|p1a: Heatran|Magma Storm|p2a: Rotom
|-resisted|p2a: Rotom
|-damage|p2a: Rotom|39/100
|
|-heal|p2a: Rotom|46/100|[from] item: Leftovers
|-heal|p1a: Heatran|55/100|[from] Grassy Terrain
|-damage|p2a: Rotom|33/100|[from] move: Magma Storm|[partiallytrapped]
|upkeep
|turn|14
|
|t:|1665698895
|move|p2a: Rotom|Pain Split|p1a: Heatran
|-sethp|p1a: Heatran|41/100|[from] move: Pain Split|[silent]
|-sethp|p2a: Rotom|51/100|[from] move: Pain Split
|move|p1a: Heatran|Magma Storm|p2a: Rotom
|-resisted|p2a: Rotom
|-damage|p2a: Rotom|30/100
|
|-heal|p2a: Rotom|36/100|[from] item: Leftovers
|-heal|p1a: Heatran|47/100|[from] Grassy Terrain
|-damage|p2a: Rotom|24/100|[from] move: Magma Storm|[partiallytrapped]
|-fieldend|move: Grassy Terrain
|upkeep
|turn|15
|
|t:|1665698905
|move|p2a: Rotom|Pain Split|p1a: Heatran
|-sethp|p1a: Heatran|33/100|[from] move: Pain Split|[silent]
|-sethp|p2a: Rotom|41/100|[from] move: Pain Split
|move|p1a: Heatran|Magma Storm|p2a: Rotom|[miss]
|-miss|p1a: Heatran|p2a: Rotom
|
|-heal|p2a: Rotom|48/100|[from] item: Leftovers
|-damage|p2a: Rotom|35/100|[from] move: Magma Storm|[partiallytrapped]
|upkeep
|turn|16
|
|t:|1665698915
|switch|p1a: Rillaboom|Rillaboom, M|83/100
|-fieldstart|move: Grassy Terrain|[from] ability: Grassy Surge|[of] p1a: Rillaboom
|move|p2a: Rotom|Pain Split|p1a: Rillaboom
|-sethp|p1a: Rillaboom|57/100|[from] move: Pain Split|[silent]
|-sethp|p2a: Rotom|64/100|[from] move: Pain Split
|
|-heal|p2a: Rotom|70/100|[from] item: Leftovers
|-heal|p1a: Rillaboom|63/100|[from] Grassy Terrain
|-end|p2a: Rotom|Magma Storm|[partiallytrapped]|[silent]
|upkeep
|turn|17
|
|t:|1665698924
|switch|p2a: Tangrowth|Tangrowth, F|100/100
|-damage|p2a: Tangrowth|88/100|[from] Stealth Rock
|move|p1a: Rillaboom|Knock Off|p2a: Tangrowth
|-damage|p2a: Tangrowth|62/100
|-damage|p1a: Rillaboom|47/100|[from] item: Rocky Helmet|[of] p2a: Tangrowth
|-enditem|p2a: Tangrowth|Rocky Helmet|[from] move: Knock Off|[of] p1a: Rillaboom
|-damage|p1a: Rillaboom|37/100|[from] item: Life Orb
|
|-heal|p1a: Rillaboom|43/100|[from] Grassy Terrain
|-heal|p2a: Tangrowth|68/100|[from] Grassy Terrain
|upkeep
|turn|18
|
|t:|1665698936
|switch|p1a: Heatran|Heatran, F|33/100
|move|p2a: Tangrowth|Giga Drain|p1a: Heatran
|-resisted|p1a: Heatran
|-damage|p1a: Heatran|27/100
|-heal|p2a: Tangrowth|71/100|[from] drain|[of] p1a: Heatran
|
|-heal|p1a: Heatran|33/100|[from] Grassy Terrain
|-heal|p2a: Tangrowth|77/100|[from] Grassy Terrain
|upkeep
|turn|19
|
|t:|1665698946
|switch|p2a: Rotom|Rotom-Wash|70/100
|-damage|p2a: Rotom|58/100|[from] Stealth Rock
|move|p1a: Heatran|Magma Storm|p2a: Rotom
|-resisted|p2a: Rotom
|-damage|p2a: Rotom|36/100
|-activate|p2a: Rotom|move: Magma Storm|[of] p1a: Heatran
|
|-heal|p2a: Rotom|42/100|[from] item: Leftovers
|-heal|p1a: Heatran|39/100|[from] Grassy Terrain
|-damage|p2a: Rotom|30/100|[from] move: Magma Storm|[partiallytrapped]
|upkeep
|turn|20
|
|t:|1665698956
|move|p2a: Rotom|Pain Split|p1a: Heatran
|-sethp|p1a: Heatran|31/100|[from] move: Pain Split|[silent]
|-sethp|p2a: Rotom|40/100|[from] move: Pain Split
|move|p1a: Heatran|Magma Storm|p2a: Rotom|[miss]
|-miss|p1a: Heatran|p2a: Rotom
|
|-heal|p2a: Rotom|46/100|[from] item: Leftovers
|-heal|p1a: Heatran|38/100|[from] Grassy Terrain
|-damage|p2a: Rotom|33/100|[from] move: Magma Storm|[partiallytrapped]
|-fieldend|move: Grassy Terrain
|upkeep
|turn|21
|
|t:|1665698966
|move|p2a: Rotom|Pain Split|p1a: Heatran
|-sethp|p1a: Heatran|32/100|[from] move: Pain Split|[silent]
|-sethp|p2a: Rotom|40/100|[from] move: Pain Split
|move|p1a: Heatran|Magma Storm|p2a: Rotom
|-resisted|p2a: Rotom
|-damage|p2a: Rotom|20/100
|
|-heal|p2a: Rotom|26/100|[from] item: Leftovers
|-damage|p2a: Rotom|13/100|[from] move: Magma Storm|[partiallytrapped]
|upkeep
|turn|22
|
|t:|1665698975
|move|p2a: Rotom|Pain Split|p1a: Heatran
|-sethp|p1a: Heatran|21/100|[from] move: Pain Split|[silent]
|-sethp|p2a: Rotom|27/100|[from] move: Pain Split
|move|p1a: Heatran|Magma Storm|p2a: Rotom|[miss]
|-miss|p1a: Heatran|p2a: Rotom
|
|-heal|p2a: Rotom|33/100|[from] item: Leftovers
|-damage|p2a: Rotom|21/100|[from] move: Magma Storm|[partiallytrapped]
|upkeep
|turn|23
|
|t:|1665698985
|move|p2a: Rotom|Pain Split|p1a: Heatran
|-sethp|p1a: Heatran|19/100|[from] move: Pain Split|[silent]
|-sethp|p2a: Rotom|24/100|[from] move: Pain Split
|move|p1a: Heatran|Stealth Rock||[still]
|-fail|p1a: Heatran
|
|-heal|p2a: Rotom|30/100|[from] item: Leftovers
|-end|p2a: Rotom|Magma Storm|[partiallytrapped]
|upkeep
|turn|24
|
|t:|1665698994
|move|p2a: Rotom|Pain Split|p1a: Heatran
|-sethp|p1a: Heatran|21/100|[from] move: Pain Split|[silent]
|-sethp|p2a: Rotom|26/100|[from] move: Pain Split
|move|p1a: Heatran|Taunt|p2a: Rotom
|-start|p2a: Rotom|move: Taunt
|
|-heal|p2a: Rotom|33/100|[from] item: Leftovers
|upkeep
|turn|25
|
|t:|1665699006
|switch|p1a: Dragapult|Dragapult, F|85/100
|move|p2a: Rotom|Thunderbolt|p1a: Dragapult
|-resisted|p1a: Dragapult
|-damage|p1a: Dragapult|60/100
|
|-heal|p2a: Rotom|39/100|[from] item: Leftovers
|upkeep
|turn|26
|
|t:|1665699013
|switch|p2a: Landorus|Landorus-Therian, M|9/100
|-damage|p2a: Landorus|0 fnt|[from] Stealth Rock
|faint|p2a: Landorus
|move|p1a: Dragapult|Shadow Ball|p2: Landorus|[notarget]
|-fail|p1a: Dragapult
|
|upkeep
|
|t:|1665699013
|switch|p2a: Weavile|Weavile, M|100/100
|-damage|p2a: Weavile|76/100|[from] Stealth Rock
|-ability|p2a: Weavile|Pressure
|turn|27
|
|t:|1665699023
|switch|p1a: Heatran|Heatran, F|21/100
|move|p2a: Weavile|Knock Off|p1a: Heatran
|-damage|p1a: Heatran|0 fnt
|faint|p1a: Heatran
|
|upkeep
|
|t:|1665699038
|switch|p1a: Dragapult|Dragapult, F|60/100
|turn|28
|
|t:|1665699043
|switch|p2a: Melmetal|Melmetal|36/100
|-damage|p2a: Melmetal|30/100|[from] Stealth Rock
|move|p1a: Dragapult|Draco Meteor|p2a: Melmetal
|-resisted|p2a: Melmetal
|-damage|p2a: Melmetal|6/100
|-unboost|p1a: Dragapult|spa|2
|
|upkeep
|turn|29
|
|t:|1665699051
|move|p1a: Dragapult|Draco Meteor|p2a: Melmetal
|-resisted|p2a: Melmetal
|-damage|p2a: Melmetal|0 fnt
|-unboost|p1a: Dragapult|spa|2
|faint|p2a: Melmetal
|
|upkeep
|
|t:|1665699051
|switch|p2a: Heatran|Heatran, M|100/100
|-damage|p2a: Heatran|88/100|[from] Stealth Rock
|-item|p2a: Heatran|Air Balloon
|turn|30
|
|t:|1665699067
|switch|p1a: Rillaboom|Rillaboom, M|43/100
|-fieldstart|move: Grassy Terrain|[from] ability: Grassy Surge|[of] p1a: Rillaboom
|move|p2a: Heatran|Eruption|p1a: Rillaboom
|-supereffective|p1a: Rillaboom
|-damage|p1a: Rillaboom|0 fnt
|faint|p1a: Rillaboom
|
|upkeep
|
|t:|1665699075
|switch|p1a: Dragapult|Dragapult, F|60/100
|turn|31
|
|t:|1665699078
|move|p1a: Dragapult|Shadow Ball|p2a: Heatran
|-damage|p2a: Heatran|35/100
|-enditem|p2a: Heatran|Air Balloon
|move|p2a: Heatran|Magma Storm|p1a: Dragapult
|-resisted|p1a: Dragapult
|-damage|p1a: Dragapult|23/100
|-activate|p1a: Dragapult|move: Magma Storm|[of] p2a: Heatran
|
|-heal|p1a: Dragapult|29/100|[from] Grassy Terrain
|-heal|p2a: Heatran|41/100|[from] Grassy Terrain
|-damage|p1a: Dragapult|17/100|[from] move: Magma Storm|[partiallytrapped]
|upkeep
|turn|32
|
|t:|1665699089
|switch|p2a: Tangrowth|Tangrowth, F|100/100
|-damage|p2a: Tangrowth|88/100|[from] Stealth Rock
|move|p1a: Dragapult|Shadow Ball|p2a: Tangrowth
|-damage|p2a: Tangrowth|6/100
|
|-heal|p1a: Dragapult|23/100|[from] Grassy Terrain
|-heal|p2a: Tangrowth|12/100|[from] Grassy Terrain
|-end|p1a: Dragapult|Magma Storm|[partiallytrapped]|[silent]
|upkeep
|turn|33
|
|t:|1665699098
|move|p1a: Dragapult|Shadow Ball|p2a: Tangrowth
|-damage|p2a: Tangrowth|0 fnt
|faint|p2a: Tangrowth
|
|-heal|p1a: Dragapult|29/100|[from] Grassy Terrain
|upkeep
|
|t:|1665699098
|switch|p2a: Weavile|Weavile, M|76/100
|-damage|p2a: Weavile|51/100|[from] Stealth Rock
|-ability|p2a: Weavile|Pressure
|turn|34
|
|t:|1665699112
|switch|p1a: Landorus|Landorus-Therian, M|63/100
|-ability|p1a: Landorus|Intimidate|boost
|-unboost|p2a: Weavile|atk|1
|move|p2a: Weavile|Triple Axel|p1a: Landorus
|-supereffective|p1a: Landorus
|-damage|p1a: Landorus|34/100
|-supereffective|p1a: Landorus
|-damage|p1a: Landorus|0 fnt
|faint|p1a: Landorus
|-hitcount|p1: Landorus|2
|
|-heal|p2a: Weavile|57/100|[from] Grassy Terrain
|-fieldend|move: Grassy Terrain
|upkeep
|
|t:|1665699122
|switch|p1a: Kartana|Kartana|100/100
|turn|35
|
|t:|1665699125
|move|p1a: Kartana|Sacred Sword|p2a: Weavile
|-supereffective|p2a: Weavile
|-damage|p2a: Weavile|0 fnt
|faint|p2a: Weavile
|-ability|p1a: Kartana|Beast Boost|boost
|-boost|p1a: Kartana|atk|1
|
|upkeep
|
|t:|1665699125
|switch|p2a: Heatran|Heatran, M|41/100
|-damage|p2a: Heatran|29/100|[from] Stealth Rock
|turn|36
|
|t:|1665699133
|move|p1a: Kartana|Sacred Sword|p2a: Heatran
|-supereffective|p2a: Heatran
|-damage|p2a: Heatran|0 fnt
|faint|p2a: Heatran
|-ability|p1a: Kartana|Beast Boost|boost
|-boost|p1a: Kartana|atk|1
|
|upkeep
|
|t:|1665699133
|switch|p2a: Rotom|Rotom-Wash|39/100
|-damage|p2a: Rotom|26/100|[from] Stealth Rock
|turn|37
|
|t:|1665699141
|move|p1a: Kartana|Sacred Sword|p2a: Rotom
|-damage|p2a: Rotom|0 fnt
|faint|p2a: Rotom
|
|win|Thedebatablereaper
|raw|Thedebatablereaper's rating: 1640 &rarr; <strong>1668</strong><br />(+28 for winning)
|raw|minimax_ai's rating: 1792 &rarr; <strong>1764</strong><br />(-28 for losing)
