|j|☆stopthreat
|j|☆Only_Pseudos
|t:|1663388125
|gametype|singles
|player|p1|stopthreat|skier|1731
|player|p2|Only_Pseudos|red-gen2|1765
|teamsize|p1|6
|teamsize|p2|6
|gen|8
|tier|[Gen 8] OU
|rated|
|rule|Sleep Clause Mod: Limit one foe put to sleep
|rule|Species Clause: Limit one of each Pokémon
|rule|OHKO Clause: OHKO moves are banned
|rule|Evasion Items Clause: Evasion items are banned
|rule|Evasion Moves Clause: Evasion moves are banned
|rule|Endless Battle Clause: Forcing endless battles is banned
|rule|HP Percentage Mod: HP is shown in percentages
|rule|Dynamax Clause: You cannot dynamax
|clearpoke
|poke|p1|Umbreon, M|
|poke|p1|Slowking-Galar, F|
|poke|p1|Weavile, M|
|poke|p1|Tornadus-Therian, M|
|poke|p1|Buzzwole|
|poke|p1|Landorus-Therian, M|
|poke|p2|Dragonite, M|
|poke|p2|Tyranitar, M|
|poke|p2|Metagross|
|poke|p2|Garchomp, M|
|poke|p2|Hydreigon, M|
|poke|p2|Kommo-o, M|
|teampreview
|c|☆Only_Pseudos|hf
|j| TJ Too Smooth
|j| i lik8 cats
|c|☆stopthreat|u 2
|inactive|Battle timer is ON: inactive players will automatically lose when time's up. (requested by stopthreat)
|
|t:|1663388145
|start
|switch|p1a: Landorus|Landorus-Therian, M|100/100
|switch|p2a: Getting Ahead|Hydreigon, M|100/100
|-ability|p1a: Landorus|Intimidate|boost
|-unboost|p2a: Getting Ahead|atk|1
|turn|1
|
|t:|1663388155
|move|p2a: Getting Ahead|U-turn|p1a: Landorus
|-resisted|p1a: Landorus
|-damage|p1a: Landorus|94/100
|
|t:|1663388156
|switch|p2a: Quakes when I move|Garchomp, M|100/100|[from]move: U-turn
|move|p1a: Landorus|U-turn|p2a: Quakes when I move
|-damage|p2a: Quakes when I move|64/100
|-damage|p1a: Landorus|82/100|[from] ability: Rough Skin|[of] p2a: Quakes when I move
|
|t:|1663388159
|switch|p1a: Weavile|Weavile, M|100/100|[from]move: U-turn
|-ability|p1a: Weavile|Pressure
|
|upkeep
|turn|2
|
|t:|1663388167
|switch|p2a: See me grossing|Metagross|100/100
|move|p1a: Weavile|Triple Axel|p2a: See me grossing
|-resisted|p2a: See me grossing
|-crit|p2a: See me grossing
|-damage|p2a: See me grossing|94/100
|-resisted|p2a: See me grossing
|-damage|p2a: See me grossing|87/100
|-resisted|p2a: See me grossing
|-damage|p2a: See me grossing|74/100
|-hitcount|p2a: See me grossing|3
|
|upkeep
|turn|3
|j| ders2001
|
|t:|1663388177
|switch|p2a: Quakes when I move|Garchomp, M|64/100
|move|p1a: Weavile|Knock Off|p2a: Quakes when I move
|-damage|p2a: Quakes when I move|12/100
|-damage|p1a: Weavile|88/100|[from] ability: Rough Skin|[of] p2a: Quakes when I move
|-enditem|p2a: Quakes when I move|Life Orb|[from] move: Knock Off|[of] p1a: Weavile
|
|upkeep
|turn|4
|c|☆Only_Pseudos|oh ig people just don't fear cb bullet punch anymore
|c|☆Only_Pseudos|lol
|c|☆stopthreat|my b
|inactive|Only_Pseudos has 120 seconds left.
|j| rlmuru
|
|t:|1663388212
|move|p1a: Weavile|Triple Axel|p2a: Quakes when I move
|-supereffective|p2a: Quakes when I move
|-damage|p2a: Quakes when I move|0 fnt
|-damage|p1a: Weavile|76/100|[from] ability: Rough Skin|[of] p2a: Quakes when I move
|faint|p2a: Quakes when I move
|-hitcount|p2: Quakes when I move|1
|
|upkeep
|
|t:|1663388221
|switch|p2a: Getting Ahead|Hydreigon, M|100/100
|turn|5
|
|t:|1663388227
|switch|p1a: Umbreon|Umbreon, M|100/100
|move|p2a: Getting Ahead|U-turn|p1a: Umbreon
|-supereffective|p1a: Umbreon
|-damage|p1a: Umbreon|83/100
|
|t:|1663388232
|switch|p2a: See the 9 flash|Tyranitar, M|100/100|[from]move: U-turn
|-weather|Sandstorm|[from] ability: Sand Stream|[of] p2a: See the 9 flash
|
|-weather|Sandstorm|[upkeep]
|-damage|p1a: Umbreon|77/100|[from] Sandstorm
|-heal|p1a: Umbreon|83/100|[from] item: Leftovers
|upkeep
|turn|6
|c| rlmuru|I don't think people relaly think of bullet punch
|
|t:|1663388239
|switch|p1a: Buzzwole|Buzzwole|100/100
|move|p2a: See the 9 flash|Stone Edge|p1a: Buzzwole
|-damage|p1a: Buzzwole|57/100
|
|-weather|Sandstorm|[upkeep]
|-damage|p1a: Buzzwole|51/100|[from] Sandstorm
|upkeep
|turn|7
|c| rlmuru|when see metagross
|c| rlmuru|Anymore
|
|t:|1663388247
|switch|p2a: Blaze been crazy|Kommo-o, M|100/100
|move|p1a: Buzzwole|Roost|p1a: Buzzwole
|-heal|p1a: Buzzwole|100/100
|-singleturn|p1a: Buzzwole|move: Roost
|
|-weather|Sandstorm|[upkeep]
|-damage|p2a: Blaze been crazy|94/100|[from] Sandstorm
|-damage|p1a: Buzzwole|94/100|[from] Sandstorm
|upkeep
|turn|8
|
|t:|1663388252
|move|p2a: Blaze been crazy|Clangorous Soul|p2a: Blaze been crazy
|-boost|p2a: Blaze been crazy|atk|1
|-boost|p2a: Blaze been crazy|def|1
|-boost|p2a: Blaze been crazy|spa|1
|-boost|p2a: Blaze been crazy|spd|1
|-boost|p2a: Blaze been crazy|spe|1
|-damage|p2a: Blaze been crazy|61/100
|-enditem|p2a: Blaze been crazy|Throat Spray
|-boost|p2a: Blaze been crazy|spa|1|[from] item: Throat Spray
|move|p1a: Buzzwole|Ice Punch|p2a: Blaze been crazy
|-supereffective|p2a: Blaze been crazy
|-damage|p2a: Blaze been crazy|33/100
|
|-weather|Sandstorm|[upkeep]
|-damage|p2a: Blaze been crazy|27/100|[from] Sandstorm
|-damage|p1a: Buzzwole|88/100|[from] Sandstorm
|upkeep
|turn|9
|
|t:|1663388268
|switch|p1a: Slowking|Slowking-Galar, F|100/100
|move|p2a: Blaze been crazy|Clanging Scales|p1a: Slowking
|-damage|p1a: Slowking|51/100
|-unboost|p2a: Blaze been crazy|def|1
|
|-weather|none
|upkeep
|turn|10
|
|t:|1663388277
|move|p2a: Blaze been crazy|Clanging Scales|p1a: Slowking
|-damage|p1a: Slowking|1/100
|-unboost|p2a: Blaze been crazy|def|1
|move|p1a: Slowking|Future Sight|p2a: Blaze been crazy
|-start|p1a: Slowking|move: Future Sight
|
|upkeep
|turn|11
|
|t:|1663388283
|switch|p1a: Tornadus|Tornadus-Therian, M|100/100
|move|p2a: Blaze been crazy|Clanging Scales|p1a: Tornadus
|-damage|p1a: Tornadus|2/100
|-unboost|p2a: Blaze been crazy|def|1
|
|upkeep
|turn|12
|c|☆Only_Pseudos|thanks for the rolls game jeez
|
|t:|1663388295
|switch|p1a: Umbreon|Umbreon, M|83/100
|move|p2a: Blaze been crazy|Clanging Scales|p1a: Umbreon
|-damage|p1a: Umbreon|16/100
|-unboost|p2a: Blaze been crazy|def|1
|
|-end|p2a: Blaze been crazy|move: Future Sight
|-supereffective|p2a: Blaze been crazy
|-damage|p2a: Blaze been crazy|0 fnt
|faint|p2a: Blaze been crazy
|-heal|p1a: Umbreon|22/100|[from] item: Leftovers
|upkeep
|
|t:|1663388312
|switch|p2a: See the 9 flash|Tyranitar, M|100/100
|-weather|Sandstorm|[from] ability: Sand Stream|[of] p2a: See the 9 flash
|turn|13
|j| LT_Alt1
|
|t:|1663388316
|move|p1a: Umbreon|Protect|p1a: Umbreon
|-singleturn|p1a: Umbreon|Protect
|move|p2a: See the 9 flash|Stone Edge|p1a: Umbreon
|-activate|p1a: Umbreon|move: Protect
|
|-weather|Sandstorm|[upkeep]
|-damage|p1a: Umbreon|16/100|[from] Sandstorm
|-heal|p1a: Umbreon|22/100|[from] item: Leftovers
|upkeep
|turn|14
|
|t:|1663388330
|switch|p1a: Tornadus|Tornadus-Therian, M|35/100
|move|p2a: See the 9 flash|Stone Edge|p1a: Tornadus
|-supereffective|p1a: Tornadus
|-damage|p1a: Tornadus|0 fnt
|faint|p1a: Tornadus
|
|-weather|Sandstorm|[upkeep]
|upkeep
|
|t:|1663388334
|switch|p1a: Landorus|Landorus-Therian, M|82/100
|-ability|p1a: Landorus|Intimidate|boost
|-unboost|p2a: See the 9 flash|atk|1
|turn|15
|l| i lik8 cats
|
|t:|1663388352
|switch|p2a: See me grossing|Metagross|74/100
|move|p1a: Landorus|U-turn|p2a: See me grossing
|-damage|p2a: See me grossing|43/100
|
|t:|1663388356
|switch|p1a: Weavile|Weavile, M|76/100|[from]move: U-turn
|-ability|p1a: Weavile|Pressure
|
|-weather|Sandstorm|[upkeep]
|-damage|p1a: Weavile|70/100|[from] Sandstorm
|upkeep
|turn|16
|
|t:|1663388360
|move|p2a: See me grossing|Bullet Punch|p1a: Weavile
|-supereffective|p1a: Weavile
|-damage|p1a: Weavile|0 fnt
|faint|p1a: Weavile
|
|-weather|Sandstorm|[upkeep]
|upkeep
|
|t:|1663388362
|switch|p1a: Landorus|Landorus-Therian, M|82/100
|-ability|p1a: Landorus|Intimidate|boost
|-fail|p2a: See me grossing|unboost|[from] ability: Clear Body|[of] p2a: See me grossing
|turn|17
|
|t:|1663388369
|move|p1a: Landorus|Knock Off|p2a: See me grossing
|-supereffective|p2a: See me grossing
|-damage|p2a: See me grossing|0 fnt
|-enditem|p2a: See me grossing|Assault Vest|[from] move: Knock Off|[of] p1a: Landorus
|faint|p2a: See me grossing
|
|-weather|none
|upkeep
|
|t:|1663388374
|switch|p2a: Getting Ahead|Hydreigon, M|100/100
|turn|18
|
|t:|1663388401
|switch|p1a: Slowking|Slowking-Galar, F|34/100
|move|p2a: Getting Ahead|Draco Meteor|p1a: Slowking
|-damage|p1a: Slowking|0 fnt
|-unboost|p2a: Getting Ahead|spa|2
|faint|p1a: Slowking
|
|upkeep
|
|t:|1663388407
|switch|p1a: Umbreon|Umbreon, M|22/100
|turn|19
|
|t:|1663388415
|switch|p2a: See the 9 flash|Tyranitar, M|100/100
|-weather|Sandstorm|[from] ability: Sand Stream|[of] p2a: See the 9 flash
|move|p1a: Umbreon|Protect||[still]
|-fail|p1a: Umbreon
|
|-weather|Sandstorm|[upkeep]
|-damage|p1a: Umbreon|16/100|[from] Sandstorm
|-heal|p1a: Umbreon|22/100|[from] item: Leftovers
|upkeep
|turn|20
|
|t:|1663388422
|switch|p1a: Buzzwole|Buzzwole|88/100
|move|p2a: See the 9 flash|Stone Edge|p1a: Buzzwole|[miss]
|-miss|p2a: See the 9 flash|p1a: Buzzwole
|
|-weather|Sandstorm|[upkeep]
|-damage|p1a: Buzzwole|82/100|[from] Sandstorm
|upkeep
|turn|21
|
|t:|1663388433
|switch|p2a: Save ya if I wanna|Dragonite, M|100/100
|move|p1a: Buzzwole|Leech Life|p2a: Save ya if I wanna
|-resisted|p2a: Save ya if I wanna
|-damage|p2a: Save ya if I wanna|91/100
|-heal|p1a: Buzzwole|86/100|[from] drain|[of] p2a: Save ya if I wanna
|
|-weather|Sandstorm|[upkeep]
|-damage|p2a: Save ya if I wanna|85/100|[from] Sandstorm
|-damage|p1a: Buzzwole|79/100|[from] Sandstorm
|upkeep
|turn|22
|j| i lik8 cats
|
|t:|1663388446
|move|p2a: Save ya if I wanna|Dragon Claw|p1a: Buzzwole
|-damage|p1a: Buzzwole|59/100
|-damage|p2a: Save ya if I wanna|68/100|[from] item: Rocky Helmet|[of] p1a: Buzzwole
|move|p1a: Buzzwole|Ice Punch|p2a: Save ya if I wanna
|-supereffective|p2a: Save ya if I wanna
|-damage|p2a: Save ya if I wanna|0 fnt
|faint|p2a: Save ya if I wanna
|-ability|p1a: Buzzwole|Beast Boost|boost
|-boost|p1a: Buzzwole|def|1
|
|-weather|Sandstorm|[upkeep]
|-damage|p1a: Buzzwole|52/100|[from] Sandstorm
|upkeep
|c|☆Only_Pseudos|wish I was dwb
|
|t:|1663388458
|switch|p2a: Getting Ahead|Hydreigon, M|100/100
|turn|23
|l| i lik8 cats
|
|t:|1663388465
|switch|p1a: Umbreon|Umbreon, M|22/100
|move|p2a: Getting Ahead|Fire Blast|p1a: Umbreon
|-damage|p1a: Umbreon|0 fnt
|faint|p1a: Umbreon
|
|-weather|none
|upkeep
|j| Celtis
|
|t:|1663388469
|switch|p1a: Landorus|Landorus-Therian, M|82/100
|-ability|p1a: Landorus|Intimidate|boost
|-unboost|p2a: Getting Ahead|atk|1
|turn|24
|
|t:|1663388476
|move|p2a: Getting Ahead|Fire Blast|p1a: Landorus
|-damage|p1a: Landorus|37/100
|move|p1a: Landorus|U-turn|p2a: Getting Ahead
|-supereffective|p2a: Getting Ahead
|-damage|p2a: Getting Ahead|7/100
|
|t:|1663388483
|switch|p1a: Buzzwole|Buzzwole|52/100|[from]move: U-turn
|
|upkeep
|turn|25
|
|t:|1663388485
|move|p2a: Getting Ahead|Fire Blast|p1a: Buzzwole
|-supereffective|p1a: Buzzwole
|-damage|p1a: Buzzwole|0 fnt
|faint|p1a: Buzzwole
|
|upkeep
|
|t:|1663388487
|switch|p1a: Landorus|Landorus-Therian, M|37/100
|-ability|p1a: Landorus|Intimidate|boost
|-unboost|p2a: Getting Ahead|atk|1
|turn|26
|
|t:|1663388494
|switch|p2a: See the 9 flash|Tyranitar, M|100/100
|-weather|Sandstorm|[from] ability: Sand Stream|[of] p2a: See the 9 flash
|move|p1a: Landorus|U-turn|p2a: See the 9 flash
|-supereffective|p2a: See the 9 flash
|-damage|p2a: See the 9 flash|36/100
|
|-weather|Sandstorm|[upkeep]
|upkeep
|turn|27
|
|t:|1663388496
|move|p1a: Landorus|U-turn|p2a: See the 9 flash
|-supereffective|p2a: See the 9 flash
|-damage|p2a: See the 9 flash|0 fnt
|faint|p2a: See the 9 flash
|
|-weather|Sandstorm|[upkeep]
|upkeep
|
|t:|1663388497
|switch|p2a: Getting Ahead|Hydreigon, M|7/100
|turn|28
|c|☆Only_Pseudos|gg
|
|t:|1663388501
|move|p2a: Getting Ahead|Dark Pulse|p1a: Landorus
|-damage|p1a: Landorus|0 fnt
|faint|p1a: Landorus
|
|win|Only_Pseudos
|raw|stopthreat's rating: 1731 &rarr; <strong>1713</strong><br />(-18 for losing)
|raw|Only_Pseudos's rating: 1765 &rarr; <strong>1783</strong><br />(+18 for winning)
|l|☆stopthreat
