|j|☆joeyvn
|j|☆Suricata2000
|t:|1662346680
|gametype|singles
|player|p1|joeyvn|169|1542
|player|p2|Suricata2000|cynthia|1677
|teamsize|p1|6
|teamsize|p2|6
|gen|8
|tier|[Gen 8] OU
|rated|
|rule|Sleep Clause Mod: Limit one foe put to sleep
|rule|Species Clause: Limit one of each Pokémon
|rule|OHKO Clause: OHKO moves are banned
|rule|Evasion Items Clause: Evasion items are banned
|rule|Evasion Moves Clause: Evasion moves are banned
|rule|Endless Battle Clause: Forcing endless battles is banned
|rule|HP Percentage Mod: HP is shown in percentages
|rule|Dynamax Clause: You cannot dynamax
|clearpoke
|poke|p1|Volcarona, F|
|poke|p1|Skarmory, F|
|poke|p1|Clefable, M|
|poke|p1|Gengar, M|
|poke|p1|Umbreon, M|
|poke|p1|Seismitoad, F|
|poke|p2|Clefable, F|
|poke|p2|Tornadus-Therian, M|
|poke|p2|Nidoking, M|
|poke|p2|Slowbro, F|
|poke|p2|Urshifu-*, M|
|poke|p2|Ferrothorn, F|
|teampreview
|
|t:|1662346697
|start
|switch|p1a: Seismitoad|Seismitoad, F|100/100
|switch|p2a: Tornadus|Tornadus-Therian, M, shiny|100/100
|turn|1
|
|t:|1662346704
|move|p2a: Tornadus|Knock Off|p1a: Seismitoad
|-damage|p1a: Seismitoad|79/100
|-enditem|p1a: Seismitoad|Leftovers|[from] move: Knock Off|[of] p2a: Tornadus
|move|p1a: Seismitoad|Knock Off|p2a: Tornadus
|-damage|p2a: Tornadus|78/100
|-enditem|p2a: Tornadus|Heavy-Duty Boots|[from] move: Knock Off|[of] p1a: Seismitoad
|
|upkeep
|turn|2
|
|t:|1662346714
|move|p2a: Tornadus|U-turn|p1a: Seismitoad
|-damage|p1a: Seismitoad|65/100
|
|t:|1662346717
|switch|p2a: Clefable|Clefable, F|100/100|[from]move: U-turn
|move|p1a: Seismitoad|Stealth Rock|p2a: Clefable
|-sidestart|p2: Suricata2000|move: Stealth Rock
|
|upkeep
|turn|3
|
|t:|1662346734
|switch|p1a: Volcarona|Volcarona, F|100/100
|move|p2a: Clefable|Stealth Rock|p1a: Volcarona
|-sidestart|p1: joeyvn|move: Stealth Rock
|
|upkeep
|turn|4
|
|t:|1662346740
|switch|p2a: Slowbro|Slowbro, F|100/100
|move|p1a: Volcarona|Quiver Dance|p1a: Volcarona
|-boost|p1a: Volcarona|spa|1
|-boost|p1a: Volcarona|spd|1
|-boost|p1a: Volcarona|spe|1
|
|upkeep
|turn|5
|
|t:|1662346748
|move|p1a: Volcarona|Quiver Dance|p1a: Volcarona
|-boost|p1a: Volcarona|spa|1
|-boost|p1a: Volcarona|spd|1
|-boost|p1a: Volcarona|spe|1
|move|p2a: Slowbro|Toxic|p1a: Volcarona
|-status|p1a: Volcarona|tox
|
|-damage|p1a: Volcarona|94/100 tox|[from] psn
|upkeep
|turn|6
|
|t:|1662346758
|move|p1a: Volcarona|Quiver Dance|p1a: Volcarona
|-boost|p1a: Volcarona|spa|1
|-boost|p1a: Volcarona|spd|1
|-boost|p1a: Volcarona|spe|1
|move|p2a: Slowbro|Scald|p1a: Volcarona
|-supereffective|p1a: Volcarona
|-damage|p1a: Volcarona|74/100 tox
|
|-damage|p1a: Volcarona|62/100 tox|[from] psn
|upkeep
|turn|7
|
|t:|1662346768
|move|p1a: Volcarona|Fiery Dance|p2a: Slowbro
|-resisted|p2a: Slowbro
|-damage|p2a: Slowbro|58/100
|move|p2a: Slowbro|Slack Off|p2a: Slowbro
|-heal|p2a: Slowbro|100/100
|
|-damage|p1a: Volcarona|44/100 tox|[from] psn
|upkeep
|turn|8
|
|t:|1662346780
|switch|p1a: Clefable|Clefable, M|100/100
|move|p2a: Slowbro|Scald|p1a: Clefable
|-damage|p1a: Clefable|73/100
|
|upkeep
|turn|9
|
|t:|1662346793
|move|p1a: Clefable|Moonblast|p2a: Slowbro
|-damage|p2a: Slowbro|44/100
|move|p2a: Slowbro|Teleport|p2a: Slowbro
|
|t:|1662346801
|switch|p2a: Ferrothorn|Ferrothorn, F|100/100|[from]move: Teleport
|-damage|p2a: Ferrothorn|95/100|[from] Stealth Rock
|
|-heal|p2a: Ferrothorn|100/100|[from] item: Leftovers
|upkeep
|turn|10
|
|t:|1662346827
|switch|p1a: Skarmory|Skarmory, F|100/100
|-damage|p1a: Skarmory|88/100|[from] Stealth Rock
|switch|p2a: Slowbro|Slowbro, F|77/100
|
|upkeep
|turn|11
|
|t:|1662346840
|switch|p1a: Seismitoad|Seismitoad, F|65/100
|-damage|p1a: Seismitoad|59/100|[from] Stealth Rock
|move|p2a: Slowbro|Scald|p1a: Seismitoad
|-heal|p1a: Seismitoad|84/100|[from] ability: Water Absorb|[of] p2a: Slowbro
|
|upkeep
|turn|12
|
|t:|1662346852
|switch|p1a: Clefable|Clefable, M|73/100
|move|p2a: Slowbro|Toxic|p1a: Clefable
|-status|p1a: Clefable|tox
|
|upkeep
|turn|13
|
|t:|1662346863
|switch|p2a: Clefable|Clefable, F|100/100
|move|p1a: Clefable|Thunder|p2a: Clefable
|-damage|p2a: Clefable|68/100
|-status|p2a: Clefable|par
|
|-heal|p2a: Clefable|74/100 par|[from] item: Leftovers
|upkeep
|turn|14
|
|t:|1662346881
|switch|p2a: Nidoking|Nidoking, M|100/100
|-damage|p2a: Nidoking|95/100|[from] Stealth Rock
|move|p1a: Clefable|Moonblast|p2a: Nidoking
|-resisted|p2a: Nidoking
|-crit|p2a: Nidoking
|-damage|p2a: Nidoking|39/100
|
|upkeep
|turn|15
|
|t:|1662346890
|switch|p1a: Umbreon|Umbreon, M|100/100
|-damage|p1a: Umbreon|88/100|[from] Stealth Rock
|move|p2a: Nidoking|Sludge Wave|p1a: Umbreon
|-damage|p1a: Umbreon|53/100
|
|-heal|p1a: Umbreon|59/100|[from] item: Leftovers
|upkeep
|turn|16
|
|t:|1662346904
|switch|p2a: Ferrothorn|Ferrothorn, F|100/100
|-damage|p2a: Ferrothorn|95/100|[from] Stealth Rock
|move|p1a: Umbreon|Wish|p1a: Umbreon
|
|-heal|p1a: Umbreon|65/100|[from] item: Leftovers
|-heal|p2a: Ferrothorn|100/100|[from] item: Leftovers
|upkeep
|turn|17
|
|t:|1662346924
|switch|p1a: Clefable|Clefable, M|73/100 tox
|move|p2a: Ferrothorn|Knock Off|p1a: Clefable
|-resisted|p1a: Clefable
|-damage|p1a: Clefable|60/100 tox
|-enditem|p1a: Clefable|Life Orb|[from] move: Knock Off|[of] p2a: Ferrothorn
|
|-heal|p1a: Clefable|100/100 tox|[from] move: Wish|[wisher] Umbreon
|upkeep
|turn|18
|
|t:|1662346952
|switch|p2a: Clefable|Clefable, F|74/100 par
|move|p1a: Clefable|Calm Mind|p1a: Clefable
|-boost|p1a: Clefable|spa|1
|-boost|p1a: Clefable|spd|1
|
|-heal|p2a: Clefable|80/100 par|[from] item: Leftovers
|upkeep
|turn|19
|
|t:|1662346963
|switch|p2a: Nidoking|Nidoking, M|39/100
|-damage|p2a: Nidoking|33/100|[from] Stealth Rock
|move|p1a: Clefable|Moonblast|p2a: Nidoking
|-resisted|p2a: Nidoking
|-damage|p2a: Nidoking|0 fnt
|faint|p2a: Nidoking
|
|upkeep
|
|t:|1662346975
|switch|p2a: Ferrothorn|Ferrothorn, F|100/100
|-damage|p2a: Ferrothorn|95/100|[from] Stealth Rock
|turn|20
|
|t:|1662346981
|move|p1a: Clefable|Calm Mind|p1a: Clefable
|-boost|p1a: Clefable|spa|1
|-boost|p1a: Clefable|spd|1
|move|p2a: Ferrothorn|Gyro Ball|p1a: Clefable
|-supereffective|p1a: Clefable
|-damage|p1a: Clefable|17/100 tox
|
|-heal|p2a: Ferrothorn|100/100|[from] item: Leftovers
|upkeep
|turn|21
|
|t:|1662346994
|switch|p1a: Volcarona|Volcarona, F|44/100 tox
|move|p2a: Ferrothorn|Leech Seed|p1a: Volcarona
|-start|p1a: Volcarona|move: Leech Seed
|
|-damage|p1a: Volcarona|31/100 tox|[from] Leech Seed|[of] p2a: Ferrothorn
|-damage|p1a: Volcarona|25/100 tox|[from] psn
|upkeep
|turn|22
|
|t:|1662347004
|switch|p2a: Slowbro|Slowbro, F|100/100
|move|p1a: Volcarona|Roost|p1a: Volcarona
|-heal|p1a: Volcarona|75/100 tox
|-singleturn|p1a: Volcarona|move: Roost
|
|-damage|p1a: Volcarona|63/100 tox|[from] Leech Seed|[of] p2a: Slowbro
|-damage|p1a: Volcarona|51/100 tox|[from] psn
|upkeep
|turn|23
|
|t:|1662347026
|switch|p1a: Umbreon|Umbreon, M|65/100
|-damage|p1a: Umbreon|52/100|[from] Stealth Rock
|move|p2a: Slowbro|Teleport|p2a: Slowbro
|
|t:|1662347046
|switch|p2a: Ferrothorn|Ferrothorn, F|100/100|[from]move: Teleport
|-damage|p2a: Ferrothorn|95/100|[from] Stealth Rock
|
|-heal|p1a: Umbreon|58/100|[from] item: Leftovers
|-heal|p2a: Ferrothorn|100/100|[from] item: Leftovers
|upkeep
|turn|24
|
|t:|1662347060
|move|p1a: Umbreon|Protect|p1a: Umbreon
|-singleturn|p1a: Umbreon|Protect
|move|p2a: Ferrothorn|Knock Off|p1a: Umbreon
|-activate|p1a: Umbreon|move: Protect
|
|-heal|p1a: Umbreon|64/100|[from] item: Leftovers
|upkeep
|turn|25
|
|t:|1662347069
|switch|p1a: Skarmory|Skarmory, F|88/100
|-damage|p1a: Skarmory|76/100|[from] Stealth Rock
|move|p2a: Ferrothorn|Knock Off|p1a: Skarmory
|-damage|p1a: Skarmory|64/100
|-damage|p2a: Ferrothorn|84/100|[from] item: Rocky Helmet|[of] p1a: Skarmory
|-enditem|p1a: Skarmory|Rocky Helmet|[from] move: Knock Off|[of] p2a: Ferrothorn
|
|-heal|p2a: Ferrothorn|90/100|[from] item: Leftovers
|upkeep
|turn|26
|
|t:|1662347083
|switch|p2a: Slowbro|Slowbro, F|100/100
|move|p1a: Skarmory|Spikes|p2a: Slowbro
|-sidestart|p2: Suricata2000|Spikes
|
|upkeep
|turn|27
|
|t:|1662347092
|move|p1a: Skarmory|Spikes|p2a: Slowbro
|-sidestart|p2: Suricata2000|Spikes
|move|p2a: Slowbro|Teleport|p2a: Slowbro
|
|t:|1662347095
|switch|p2a: Ferrothorn|Ferrothorn, F|90/100|[from]move: Teleport
|-damage|p2a: Ferrothorn|84/100|[from] Stealth Rock
|-damage|p2a: Ferrothorn|67/100|[from] Spikes
|
|-heal|p2a: Ferrothorn|73/100|[from] item: Leftovers
|upkeep
|turn|28
|
|t:|1662347107
|move|p1a: Skarmory|Spikes|p2a: Ferrothorn
|-sidestart|p2: Suricata2000|Spikes
|move|p2a: Ferrothorn|Spikes|p1a: Skarmory
|-sidestart|p1: joeyvn|Spikes
|
|-heal|p2a: Ferrothorn|79/100|[from] item: Leftovers
|upkeep
|turn|29
|
|t:|1662347115
|move|p2a: Ferrothorn|Spikes|p1a: Skarmory
|-sidestart|p1: joeyvn|Spikes
|move|p1a: Skarmory|Whirlwind|p2a: Ferrothorn
|drag|p2a: Clefable|Clefable, F|80/100 par
|
|-heal|p2a: Clefable|87/100 par|[from] item: Leftovers
|upkeep
|turn|30
|
|t:|1662347127
|move|p1a: Skarmory|Roost|p1a: Skarmory
|-heal|p1a: Skarmory|100/100
|-singleturn|p1a: Skarmory|move: Roost
|cant|p2a: Clefable|par
|
|-heal|p2a: Clefable|93/100 par|[from] item: Leftovers
|upkeep
|turn|31
|
|t:|1662347142
|switch|p1a: Gengar|Gengar, M|100/100
|-damage|p1a: Gengar|88/100|[from] Stealth Rock
|-damage|p1a: Gengar|72/100|[from] Spikes
|move|p2a: Clefable|Thunder Wave|p1a: Gengar
|-status|p1a: Gengar|par
|
|-heal|p2a: Clefable|99/100 par|[from] item: Leftovers
|upkeep
|turn|32
|
|t:|1662347156
|switch|p2a: Tornadus|Tornadus-Therian, M, shiny|100/100
|-damage|p2a: Tornadus|76/100|[from] Stealth Rock
|move|p1a: Gengar|Trick|p2a: Tornadus
|-activate|p1a: Gengar|move: Trick|[of] p2a: Tornadus
|-item|p2a: Tornadus|Choice Scarf|[from] move: Trick
|-enditem|p1a: Gengar|Choice Scarf|[silent]|[from] move: Trick
|
|upkeep
|turn|33
|
|t:|1662347174
|switch|p1a: Skarmory|Skarmory, F|100/100
|-damage|p1a: Skarmory|88/100|[from] Stealth Rock
|move|p2a: Tornadus|U-turn|p1a: Skarmory
|-resisted|p1a: Skarmory
|-damage|p1a: Skarmory|86/100
|
|t:|1662347181
|switch|p2a: Slowbro|Slowbro, F|100/100|[from]move: U-turn
|
|upkeep
|turn|34
|
|t:|1662347203
|move|p2a: Slowbro|Scald|p1a: Skarmory
|-damage|p1a: Skarmory|48/100
|move|p1a: Skarmory|Whirlwind|p2a: Slowbro
|drag|p2a: Clefable|Clefable, F|99/100 par
|
|-heal|p2a: Clefable|100/100 par|[from] item: Leftovers
|upkeep
|turn|35
|
|t:|1662347217
|switch|p1a: Clefable|Clefable, M|17/100 tox
|move|p2a: Clefable|Thunder Wave||[still]
|-fail|p2a: Clefable
|
|upkeep
|turn|36
|
|t:|1662347226
|switch|p2a: Ferrothorn|Ferrothorn, F|79/100
|-damage|p2a: Ferrothorn|73/100|[from] Stealth Rock
|-damage|p2a: Ferrothorn|49/100|[from] Spikes
|move|p1a: Clefable|Soft-Boiled|p1a: Clefable
|-heal|p1a: Clefable|68/100 tox
|
|-heal|p2a: Ferrothorn|55/100|[from] item: Leftovers
|upkeep
|turn|37
|
|t:|1662347236
|switch|p1a: Volcarona|Volcarona, F|51/100 tox
|move|p2a: Ferrothorn|Leech Seed|p1a: Volcarona
|-start|p1a: Volcarona|move: Leech Seed
|
|-heal|p2a: Ferrothorn|61/100|[from] item: Leftovers
|-damage|p1a: Volcarona|38/100 tox|[from] Leech Seed|[of] p2a: Ferrothorn
|-heal|p2a: Ferrothorn|74/100|[silent]
|-damage|p1a: Volcarona|32/100 tox|[from] psn
|upkeep
|turn|38
|
|t:|1662347252
|switch|p1a: Skarmory|Skarmory, F|48/100
|-damage|p1a: Skarmory|36/100|[from] Stealth Rock
|switch|p2a: Slowbro|Slowbro, F|100/100
|
|upkeep
|turn|39
|
|t:|1662347261
|move|p1a: Skarmory|Roost|p1a: Skarmory
|-heal|p1a: Skarmory|86/100
|-singleturn|p1a: Skarmory|move: Roost
|move|p2a: Slowbro|Scald|p1a: Skarmory
|-damage|p1a: Skarmory|47/100
|
|upkeep
|turn|40
|
|t:|1662347269
|move|p1a: Skarmory|Roost|p1a: Skarmory
|-heal|p1a: Skarmory|97/100
|-singleturn|p1a: Skarmory|move: Roost
|move|p2a: Slowbro|Scald|p1a: Skarmory
|-damage|p1a: Skarmory|58/100
|
|upkeep
|turn|41
|
|t:|1662347277
|switch|p1a: Seismitoad|Seismitoad, F|84/100
|-damage|p1a: Seismitoad|78/100|[from] Stealth Rock
|-damage|p1a: Seismitoad|61/100|[from] Spikes
|move|p2a: Slowbro|Scald|p1a: Seismitoad
|-heal|p1a: Seismitoad|86/100|[from] ability: Water Absorb|[of] p2a: Slowbro
|
|upkeep
|turn|42
|
|t:|1662347291
|switch|p2a: Tornadus|Tornadus-Therian, M, shiny|100/100
|-damage|p2a: Tornadus|76/100|[from] Stealth Rock
|move|p1a: Seismitoad|Knock Off|p2a: Tornadus
|-crit|p2a: Tornadus
|-damage|p2a: Tornadus|45/100
|-enditem|p2a: Tornadus|Choice Scarf|[from] move: Knock Off|[of] p1a: Seismitoad
|
|upkeep
|turn|43
|
|t:|1662347302
|move|p2a: Tornadus|Hurricane|p1a: Seismitoad
|-damage|p1a: Seismitoad|57/100
|move|p1a: Seismitoad|Toxic|p2a: Tornadus
|-status|p2a: Tornadus|tox
|
|-damage|p2a: Tornadus|38/100 tox|[from] psn
|upkeep
|turn|44
|
|t:|1662347316
|move|p2a: Tornadus|U-turn|p1a: Seismitoad
|-damage|p1a: Seismitoad|42/100
|
|t:|1662347319
|switch|p2a: Clefable|Clefable, F|100/100 par|[from]move: U-turn
|move|p1a: Seismitoad|Knock Off|p2a: Clefable
|-resisted|p2a: Clefable
|-damage|p2a: Clefable|89/100 par
|-enditem|p2a: Clefable|Leftovers|[from] move: Knock Off|[of] p1a: Seismitoad
|
|upkeep
|turn|45
|
|t:|1662347336
|switch|p1a: Clefable|Clefable, M|68/100 tox
|move|p2a: Clefable|Moonblast|p1a: Clefable
|-damage|p1a: Clefable|34/100 tox
|
|upkeep
|turn|46
|
|t:|1662347343
|switch|p2a: Ferrothorn|Ferrothorn, F|74/100
|-damage|p2a: Ferrothorn|68/100|[from] Stealth Rock
|-damage|p2a: Ferrothorn|43/100|[from] Spikes
|move|p1a: Clefable|Soft-Boiled|p1a: Clefable
|-heal|p1a: Clefable|85/100 tox
|
|-heal|p2a: Ferrothorn|49/100|[from] item: Leftovers
|upkeep
|turn|47
|
|t:|1662347356
|switch|p1a: Volcarona|Volcarona, F|32/100 tox
|move|p2a: Ferrothorn|Leech Seed|p1a: Volcarona
|-start|p1a: Volcarona|move: Leech Seed
|
|-heal|p2a: Ferrothorn|55/100|[from] item: Leftovers
|-damage|p1a: Volcarona|20/100 tox|[from] Leech Seed|[of] p2a: Ferrothorn
|-heal|p2a: Ferrothorn|68/100|[silent]
|-damage|p1a: Volcarona|14/100 tox|[from] psn
|upkeep
|turn|48
|
|t:|1662347366
|switch|p2a: Slowbro|Slowbro, F|100/100
|move|p1a: Volcarona|Fiery Dance|p2a: Slowbro
|-resisted|p2a: Slowbro
|-damage|p2a: Slowbro|82/100
|-boost|p1a: Volcarona|spa|1
|
|-damage|p1a: Volcarona|1/100 tox|[from] Leech Seed|[of] p2a: Slowbro
|-heal|p2a: Slowbro|93/100|[silent]
|-damage|p1a: Volcarona|0 fnt|[from] psn
|faint|p1a: Volcarona
|upkeep
|
|t:|1662347377
|switch|p1a: Clefable|Clefable, M|85/100 tox
|turn|49
|
|t:|1662347395
|move|p1a: Clefable|Thunder|p2a: Slowbro
|-supereffective|p2a: Slowbro
|-damage|p2a: Slowbro|28/100
|move|p2a: Slowbro|Teleport|p2a: Slowbro
|
|t:|1662347403
|switch|p2a: Ferrothorn|Ferrothorn, F|68/100|[from]move: Teleport
|-damage|p2a: Ferrothorn|62/100|[from] Stealth Rock
|-damage|p2a: Ferrothorn|37/100|[from] Spikes
|
|-heal|p2a: Ferrothorn|43/100|[from] item: Leftovers
|upkeep
|turn|50
|
|t:|1662347414
|switch|p1a: Gengar|Gengar, M|72/100 par
|-damage|p1a: Gengar|60/100 par|[from] Stealth Rock
|-damage|p1a: Gengar|43/100 par|[from] Spikes
|move|p2a: Ferrothorn|Gyro Ball|p1a: Gengar
|-damage|p1a: Gengar|0 fnt
|-start|p2a: Ferrothorn|Disable|Gyro Ball|[from] ability: Cursed Body|[of] p1a: Gengar
|faint|p1a: Gengar
|
|-heal|p2a: Ferrothorn|49/100|[from] item: Leftovers
|upkeep
|
|t:|1662347423
|switch|p1a: Clefable|Clefable, M|85/100 tox
|turn|51
|
|t:|1662347432
|switch|p2a: Slowbro|Slowbro, F|62/100
|move|p1a: Clefable|Calm Mind|p1a: Clefable
|-boost|p1a: Clefable|spa|1
|-boost|p1a: Clefable|spd|1
|
|upkeep
|turn|52
|
|t:|1662347447
|switch|p2a: Ferrothorn|Ferrothorn, F|49/100
|-damage|p2a: Ferrothorn|43/100|[from] Stealth Rock
|-damage|p2a: Ferrothorn|18/100|[from] Spikes
|move|p1a: Clefable|Calm Mind|p1a: Clefable
|-boost|p1a: Clefable|spa|1
|-boost|p1a: Clefable|spd|1
|
|-heal|p2a: Ferrothorn|24/100|[from] item: Leftovers
|upkeep
|turn|53
|
|t:|1662347458
|move|p1a: Clefable|Moonblast|p2a: Ferrothorn
|-resisted|p2a: Ferrothorn
|-damage|p2a: Ferrothorn|0 fnt
|faint|p2a: Ferrothorn
|
|upkeep
|
|t:|1662347464
|switch|p2a: Urshifu|Urshifu-Rapid-Strike, M|100/100
|-damage|p2a: Urshifu|94/100|[from] Stealth Rock
|-damage|p2a: Urshifu|69/100|[from] Spikes
|turn|54
|
|t:|1662347472
|switch|p1a: Seismitoad|Seismitoad, F|42/100
|-damage|p1a: Seismitoad|36/100|[from] Stealth Rock
|-damage|p1a: Seismitoad|19/100|[from] Spikes
|move|p2a: Urshifu|Surging Strikes|p1a: Seismitoad
|-heal|p1a: Seismitoad|44/100|[from] ability: Water Absorb|[of] p2a: Urshifu
|
|upkeep
|turn|55
|
|t:|1662347487
|switch|p2a: Clefable|Clefable, F|89/100 par
|move|p1a: Seismitoad|Toxic||[still]
|-fail|p1a: Seismitoad
|
|upkeep
|turn|56
|
|t:|1662347496
|switch|p1a: Clefable|Clefable, M|85/100 tox
|move|p2a: Clefable|Moonblast|p1a: Clefable
|-damage|p1a: Clefable|55/100 tox
|
|upkeep
|turn|57
|
|t:|1662347505
|switch|p2a: Urshifu|Urshifu-Rapid-Strike, M|69/100
|-damage|p2a: Urshifu|63/100|[from] Stealth Rock
|-damage|p2a: Urshifu|38/100|[from] Spikes
|move|p1a: Clefable|Soft-Boiled|p1a: Clefable
|-heal|p1a: Clefable|100/100 tox
|
|upkeep
|turn|58
|
|t:|1662347514
|switch|p1a: Umbreon|Umbreon, M|64/100
|-damage|p1a: Umbreon|52/100|[from] Stealth Rock
|-damage|p1a: Umbreon|36/100|[from] Spikes
|move|p2a: Urshifu|Surging Strikes|p1a: Umbreon
|-crit|p1a: Umbreon
|-damage|p1a: Umbreon|19/100
|-crit|p1a: Umbreon
|-damage|p1a: Umbreon|4/100
|-crit|p1a: Umbreon
|-damage|p1a: Umbreon|0 fnt
|faint|p1a: Umbreon
|-hitcount|p1: Umbreon|3
|
|upkeep
|
|t:|1662347522
|switch|p1a: Seismitoad|Seismitoad, F|44/100
|-damage|p1a: Seismitoad|38/100|[from] Stealth Rock
|-damage|p1a: Seismitoad|21/100|[from] Spikes
|turn|59
|
|t:|1662347535
|switch|p2a: Clefable|Clefable, F|89/100 par
|move|p1a: Seismitoad|Earthquake|p2a: Clefable
|-damage|p2a: Clefable|55/100 par
|
|upkeep
|turn|60
|
|t:|1662347548
|switch|p1a: Clefable|Clefable, M|100/100 tox
|move|p2a: Clefable|Moonblast|p1a: Clefable
|-damage|p1a: Clefable|67/100 tox
|
|upkeep
|turn|61
|
|t:|1662347564
|switch|p2a: Slowbro|Slowbro, F|95/100
|move|p1a: Clefable|Moonblast|p2a: Slowbro
|-damage|p2a: Slowbro|53/100
|-unboost|p2a: Slowbro|spa|1
|
|upkeep
|turn|62
|
|t:|1662347573
|move|p1a: Clefable|Soft-Boiled|p1a: Clefable
|-heal|p1a: Clefable|100/100 tox
|move|p2a: Slowbro|Teleport|p2a: Slowbro
|
|t:|1662347592
|switch|p2a: Clefable|Clefable, F|55/100 par|[from]move: Teleport
|
|upkeep
|turn|63
|
|t:|1662347603
|move|p1a: Clefable|Moonblast|p2a: Clefable
|-damage|p2a: Clefable|24/100 par
|-unboost|p2a: Clefable|spa|1
|move|p2a: Clefable|Moonblast|p1a: Clefable
|-damage|p1a: Clefable|81/100 tox
|
|upkeep
|turn|64
|
|t:|1662347611
|switch|p2a: Slowbro|Slowbro, F|86/100
|move|p1a: Clefable|Soft-Boiled|p1a: Clefable
|-heal|p1a: Clefable|100/100 tox
|
|upkeep
|turn|65
|j| scdrtfyguh
|l| scdrtfyguh
|
|t:|1662347626
|move|p1a: Clefable|Thunder|p2a: Slowbro
|-supereffective|p2a: Slowbro
|-damage|p2a: Slowbro|16/100
|move|p2a: Slowbro|Teleport|p2a: Slowbro
|
|t:|1662347646
|switch|p2a: Urshifu|Urshifu-Rapid-Strike, M|38/100|[from]move: Teleport
|-damage|p2a: Urshifu|32/100|[from] Stealth Rock
|-damage|p2a: Urshifu|7/100|[from] Spikes
|
|upkeep
|turn|66
|
|t:|1662347656
|switch|p1a: Skarmory|Skarmory, F|58/100
|-damage|p1a: Skarmory|46/100|[from] Stealth Rock
|move|p2a: Urshifu|Close Combat|p1a: Skarmory
|-damage|p1a: Skarmory|10/100
|-unboost|p2a: Urshifu|def|1
|-unboost|p2a: Urshifu|spd|1
|
|upkeep
|turn|67
|
|t:|1662347667
|move|p2a: Urshifu|Close Combat|p1a: Skarmory
|-damage|p1a: Skarmory|0 fnt
|-unboost|p2a: Urshifu|def|1
|-unboost|p2a: Urshifu|spd|1
|faint|p1a: Skarmory
|
|upkeep
|
|t:|1662347670
|switch|p1a: Clefable|Clefable, M|100/100 tox
|turn|68
|
|t:|1662347678
|move|p2a: Urshifu|Close Combat|p1a: Clefable
|-resisted|p1a: Clefable
|-damage|p1a: Clefable|61/100 tox
|-unboost|p2a: Urshifu|def|1
|-unboost|p2a: Urshifu|spd|1
|move|p1a: Clefable|Moonblast|p2a: Urshifu
|-supereffective|p2a: Urshifu
|-damage|p2a: Urshifu|0 fnt
|faint|p2a: Urshifu
|
|upkeep
|
|t:|1662347689
|switch|p2a: Tornadus|Tornadus-Therian, M, shiny|72/100 tox
|-damage|p2a: Tornadus|47/100 tox|[from] Stealth Rock
|turn|69
|
|t:|1662347694
|move|p2a: Tornadus|Hurricane|p1a: Clefable
|-damage|p1a: Clefable|22/100 tox
|move|p1a: Clefable|Moonblast|p2a: Tornadus
|-damage|p2a: Tornadus|0 fnt
|faint|p2a: Tornadus
|
|upkeep
|-message|Suricata2000 forfeited.
|
|win|joeyvn
|raw|joeyvn's rating: 1542 &rarr; <strong>1569</strong><br />(+27 for winning)
|raw|Suricata2000's rating: 1677 &rarr; <strong>1650</strong><br />(-27 for losing)
|l|☆Suricata2000
||Ladder isn't responding, score probably updated but might not have (Request timeout).
