|html|<div class="broadcast-blue"><strong>[Gen 8] OU is currently suspecting Melmetal! For information on how to participate check out the <a href="https://www.smogon.com/forums/threads/np-ss-ou-suspect-process-round-12-monster-mash.3709234/">suspect thread</a>.</strong></div>
|j|☆mowlawner-bot
|j|☆ProbablyTTT
|t:|1665670915
|gametype|singles
|player|p1|mowlawner-bot|2|1373
|player|p2|ProbablyTTT|ethan|1405
|teamsize|p1|6
|teamsize|p2|6
|gen|8
|tier|[Gen 8] OU
|rated|
|rule|Sleep Clause Mod: Limit one foe put to sleep
|rule|Species Clause: Limit one of each Pokémon
|rule|OHKO Clause: OHKO moves are banned
|rule|Evasion Items Clause: Evasion items are banned
|rule|Evasion Moves Clause: Evasion moves are banned
|rule|Endless Battle Clause: Forcing endless battles is banned
|rule|HP Percentage Mod: HP is shown in percentages
|rule|Dynamax Clause: You cannot dynamax
|clearpoke
|poke|p1|Seismitoad, F|
|poke|p1|Rotom-Heat|
|poke|p1|Corviknight, M|
|poke|p1|Hatterene, F|
|poke|p1|Dragapult, M|
|poke|p1|Hippowdon, M|
|poke|p2|Melmetal|
|poke|p2|Weavile, F|
|poke|p2|Volcanion|
|poke|p2|Zapdos|
|poke|p2|Landorus-Therian, M|
|poke|p2|Kartana|
|teampreview
|
|t:|1665670929
|start
|switch|p1a: rotomheat|Rotom-Heat|100/100
|switch|p2a: Weavile|Weavile, F|100/100
|turn|1
|c|☆mowlawner-bot|Hello! I am a bot created to test my creator's coding ability. I may do some strange things during this battle. I cannot respond to your messages. Good luck and have fun!
|inactive|Battle timer is ON: inactive players will automatically lose when time's up. (requested by mowlawner-bot)
|
|t:|1665670941
|move|p1a: rotomheat|Volt Switch|p2a: Weavile
|-damage|p2a: Weavile|57/100
|
|t:|1665670942
|switch|p1a: Corviknight|Corviknight, M|100/100|[from]move: Volt Switch
|-ability|p1a: Corviknight|Pressure
|move|p2a: Weavile|Beat Up|p1a: Corviknight
|-damage|p1a: Corviknight|90/100
|-damage|p1a: Corviknight|80/100
|-damage|p1a: Corviknight|71/100
|-damage|p1a: Corviknight|64/100
|-damage|p1a: Corviknight|54/100
|-damage|p1a: Corviknight|40/100
|-hitcount|p1a: Corviknight|6
|
|-heal|p1a: Corviknight|46/100|[from] item: Leftovers
|upkeep
|turn|2
|
|t:|1665670944
|move|p2a: Weavile|Beat Up|p1a: Corviknight
|-damage|p1a: Corviknight|37/100
|-damage|p1a: Corviknight|27/100
|-damage|p1a: Corviknight|18/100
|-damage|p1a: Corviknight|10/100
|-damage|p1a: Corviknight|0 fnt
|faint|p1a: Corviknight
|-hitcount|p1: Corviknight|5
|
|upkeep
|
|t:|1665670944
|switch|p1a: Dragapult|Dragapult, M|100/100
|turn|3
|
|t:|1665670954
|switch|p2a: Volcanion|Volcanion|100/100
|move|p1a: Dragapult|Shadow Ball|p2a: Volcanion
|-damage|p2a: Volcanion|36/100
|-unboost|p2a: Volcanion|spd|1
|
|upkeep
|turn|4
|
|t:|1665670958
|move|p1a: Dragapult|Shadow Ball|p2a: Volcanion
|-damage|p2a: Volcanion|0 fnt
|faint|p2a: Volcanion
|
|upkeep
|
|t:|1665670961
|switch|p2a: Weavile|Weavile, F|57/100
|turn|5
|
|t:|1665670963
|switch|p1a: Hippowdon|Hippowdon, M|100/100
|-weather|Sandstorm|[from] ability: Sand Stream|[of] p1a: Hippowdon
|move|p2a: Weavile|Knock Off|p1a: Hippowdon
|-damage|p1a: Hippowdon|57/100
|-damage|p2a: Weavile|41/100|[from] item: Rocky Helmet|[of] p1a: Hippowdon
|-enditem|p1a: Hippowdon|Rocky Helmet|[from] move: Knock Off|[of] p2a: Weavile
|
|-weather|Sandstorm|[upkeep]
|-damage|p2a: Weavile|35/100|[from] Sandstorm
|upkeep
|turn|6
|
|t:|1665670968
|switch|p2a: Landorus|Landorus-Therian, M|100/100
|-ability|p2a: Landorus|Intimidate|boost
|-unboost|p1a: Hippowdon|atk|1
|move|p1a: Hippowdon|Slack Off|p1a: Hippowdon
|-heal|p1a: Hippowdon|100/100
|
|-weather|Sandstorm|[upkeep]
|upkeep
|turn|7
|
|t:|1665670971
|move|p2a: Landorus|Stealth Rock|p1a: Hippowdon
|-sidestart|p1: mowlawner-bot|move: Stealth Rock
|move|p1a: Hippowdon|Stealth Rock|p2a: Landorus
|-sidestart|p2: ProbablyTTT|move: Stealth Rock
|
|-weather|Sandstorm|[upkeep]
|upkeep
|turn|8
|
|t:|1665670978
|move|p2a: Landorus|Defog|p1a: Hippowdon
|-unboost|p1a: Hippowdon|evasion|1
|-sideend|p1: mowlawner-bot|Stealth Rock|[from] move: Defog|[of] p2a: Landorus
|-sideend|p2: ProbablyTTT|Stealth Rock|[from] move: Defog|[of] p2a: Landorus
|move|p1a: Hippowdon|Earthquake|p2a: Landorus
|-immune|p2a: Landorus
|
|-weather|Sandstorm|[upkeep]
|upkeep
|turn|9
|
|t:|1665670979
|move|p2a: Landorus|Stealth Rock|p1a: Hippowdon
|-sidestart|p1: mowlawner-bot|move: Stealth Rock
|move|p1a: Hippowdon|Stealth Rock|p2a: Landorus
|-sidestart|p2: ProbablyTTT|move: Stealth Rock
|
|-weather|none
|upkeep
|turn|10
|
|t:|1665670987
|move|p2a: Landorus|Defog|p1a: Hippowdon
|-unboost|p1a: Hippowdon|evasion|1
|-sideend|p1: mowlawner-bot|Stealth Rock|[from] move: Defog|[of] p2a: Landorus
|-sideend|p2: ProbablyTTT|Stealth Rock|[from] move: Defog|[of] p2a: Landorus
|move|p1a: Hippowdon|Earthquake|p2a: Landorus
|-immune|p2a: Landorus
|
|upkeep
|turn|11
|
|t:|1665670990
|move|p2a: Landorus|Stealth Rock|p1a: Hippowdon
|-sidestart|p1: mowlawner-bot|move: Stealth Rock
|move|p1a: Hippowdon|Stealth Rock|p2a: Landorus
|-sidestart|p2: ProbablyTTT|move: Stealth Rock
|
|upkeep
|turn|12
|
|t:|1665670993
|move|p2a: Landorus|Earthquake|p1a: Hippowdon
|-damage|p1a: Hippowdon|77/100
|move|p1a: Hippowdon|Earthquake|p2a: Landorus
|-immune|p2a: Landorus
|
|upkeep
|turn|13
|
|t:|1665670995
|move|p2a: Landorus|Defog|p1a: Hippowdon
|-unboost|p1a: Hippowdon|evasion|1
|-sideend|p1: mowlawner-bot|Stealth Rock|[from] move: Defog|[of] p2a: Landorus
|-sideend|p2: ProbablyTTT|Stealth Rock|[from] move: Defog|[of] p2a: Landorus
|move|p1a: Hippowdon|Slack Off|p1a: Hippowdon
|-heal|p1a: Hippowdon|100/100
|
|upkeep
|turn|14
|
|t:|1665671003
|move|p2a: Landorus|U-turn|p1a: Hippowdon
|-damage|p1a: Hippowdon|89/100
|
|t:|1665671004
|switch|p2a: Weavile|Weavile, F|35/100|[from]move: U-turn
|move|p1a: Hippowdon|Stealth Rock|p2a: Weavile
|-sidestart|p2: ProbablyTTT|move: Stealth Rock
|
|upkeep
|turn|15
|
|t:|1665671006
|move|p2a: Weavile|Triple Axel|p1a: Hippowdon
|-supereffective|p1a: Hippowdon
|-damage|p1a: Hippowdon|73/100
|-supereffective|p1a: Hippowdon
|-damage|p1a: Hippowdon|37/100
|-supereffective|p1a: Hippowdon
|-damage|p1a: Hippowdon|0 fnt
|faint|p1a: Hippowdon
|-hitcount|p1: Hippowdon|3
|
|upkeep
|
|t:|1665671006
|switch|p1a: rotomheat|Rotom-Heat|100/100
|turn|16
|
|t:|1665671014
|switch|p2a: Landorus|Landorus-Therian, M|100/100
|-damage|p2a: Landorus|88/100|[from] Stealth Rock
|-ability|p2a: Landorus|Intimidate|boost
|-unboost|p1a: rotomheat|atk|1
|move|p1a: rotomheat|Overheat|p2a: Landorus
|-damage|p2a: Landorus|43/100
|-unboost|p1a: rotomheat|spa|2
|
|-heal|p2a: Landorus|49/100|[from] item: Leftovers
|upkeep
|turn|17
|
|t:|1665671016
|switch|p1a: Dragapult|Dragapult, M|100/100
|move|p2a: Landorus|Defog|p1a: Dragapult
|-unboost|p1a: Dragapult|evasion|1
|-sideend|p2: ProbablyTTT|Stealth Rock|[from] move: Defog|[of] p2a: Landorus
|
|-heal|p2a: Landorus|55/100|[from] item: Leftovers
|upkeep
|turn|18
|
|t:|1665671021
|move|p1a: Dragapult|Draco Meteor|p2a: Landorus
|-damage|p2a: Landorus|0 fnt
|-unboost|p1a: Dragapult|spa|2
|faint|p2a: Landorus
|
|upkeep
|
|t:|1665671026
|switch|p2a: Melmetal|Melmetal|100/100
|turn|19
|
|t:|1665671029
|switch|p1a: rotomheat|Rotom-Heat|100/100
|move|p2a: Melmetal|Double Iron Bash|p1a: rotomheat
|-resisted|p1a: rotomheat
|-damage|p1a: rotomheat|80/100
|-resisted|p1a: rotomheat
|-damage|p1a: rotomheat|60/100
|-hitcount|p1a: rotomheat|2
|
|upkeep
|turn|20
|
|t:|1665671039
|switch|p2a: Zapdos|Zapdos|100/100
|move|p1a: rotomheat|Will-O-Wisp|p2a: Zapdos|[miss]
|-miss|p1a: rotomheat|p2a: Zapdos
|
|upkeep
|turn|21
|
|t:|1665671048
|move|p1a: rotomheat|Will-O-Wisp|p2a: Zapdos|[miss]
|-miss|p1a: rotomheat|p2a: Zapdos
|move|p2a: Zapdos|Volt Switch|p1a: rotomheat
|-resisted|p1a: rotomheat
|-damage|p1a: rotomheat|36/100
|
|t:|1665671054
|switch|p2a: Kartana|Kartana|100/100|[from]move: Volt Switch
|
|upkeep
|turn|22
|
|t:|1665671057
|move|p2a: Kartana|Knock Off|p1a: rotomheat
|-damage|p1a: rotomheat|0 fnt
|-enditem|p1a: rotomheat|Choice Scarf|[from] move: Knock Off|[of] p2a: Kartana
|faint|p1a: rotomheat
|-ability|p2a: Kartana|Beast Boost|boost
|-boost|p2a: Kartana|atk|1
|
|upkeep
|
|t:|1665671057
|switch|p1a: Dragapult|Dragapult, M|100/100
|turn|23
|
|t:|1665671060
|switch|p1a: Seismitoad|Seismitoad, F|100/100
|move|p2a: Kartana|Knock Off|p1a: Seismitoad
|-damage|p1a: Seismitoad|23/100
|-enditem|p1a: Seismitoad|Choice Band|[from] move: Knock Off|[of] p2a: Kartana
|
|upkeep
|turn|24
|
|t:|1665671062
|move|p2a: Kartana|Knock Off|p1a: Seismitoad
|-damage|p1a: Seismitoad|0 fnt
|faint|p1a: Seismitoad
|-ability|p2a: Kartana|Beast Boost|boost
|-boost|p2a: Kartana|atk|1
|
|upkeep
|
|t:|1665671062
|switch|p1a: Hatterene|Hatterene, F|100/100
|turn|25
|
|t:|1665671063
|move|p2a: Kartana|Knock Off|p1a: Hatterene
|-crit|p1a: Hatterene
|-damage|p1a: Hatterene|0 fnt
|-enditem|p1a: Hatterene|Assault Vest|[from] move: Knock Off|[of] p2a: Kartana
|faint|p1a: Hatterene
|-ability|p2a: Kartana|Beast Boost|boost
|-boost|p2a: Kartana|atk|1
|
|upkeep
|
|t:|1665671064
|switch|p1a: Dragapult|Dragapult, M|100/100
|turn|26
|
|t:|1665671066
|move|p2a: Kartana|Knock Off|p1a: Dragapult
|-supereffective|p1a: Dragapult
|-damage|p1a: Dragapult|0 fnt
|-enditem|p1a: Dragapult|Choice Specs|[from] move: Knock Off|[of] p2a: Kartana
|faint|p1a: Dragapult
|
|win|ProbablyTTT
|raw|mowlawner-bot's rating: 1373 &rarr; <strong>1355</strong><br />(-18 for losing)
|raw|ProbablyTTT's rating: 1405 &rarr; <strong>1423</strong><br />(+18 for winning)
|c|☆mowlawner-bot|Thanks for playing against me!
