|j|☆HQSTest
|j|☆FernandoTA
|t:|1664839744
|gametype|singles
|player|p1|HQSTest|veteranf|1587
|player|p2|FernandoTA|102|1563
|teamsize|p1|6
|teamsize|p2|6
|gen|8
|tier|[Gen 8] OU
|rated|
|rule|Sleep Clause Mod: Limit one foe put to sleep
|rule|Species Clause: Limit one of each Pokémon
|rule|OHKO Clause: OHKO moves are banned
|rule|Evasion Items Clause: Evasion items are banned
|rule|Evasion Moves Clause: Evasion moves are banned
|rule|Endless Battle Clause: Forcing endless battles is banned
|rule|HP Percentage Mod: HP is shown in percentages
|rule|Dynamax Clause: You cannot dynamax
|clearpoke
|poke|p1|Kartana|
|poke|p1|Tapu Lele|
|poke|p1|Dragapult, F|
|poke|p1|Hawlucha, F|
|poke|p1|Heatran, M|
|poke|p1|Garchomp, F|
|poke|p2|Slowking-Galar, F|
|poke|p2|Urshifu-*, F|
|poke|p2|Garchomp, F|
|poke|p2|Weavile, F|
|poke|p2|Corviknight, F|
|poke|p2|Rillaboom, F|
|teampreview
|inactive|Battle timer is ON: inactive players will automatically lose when time's up. (requested by HQSTest)
|inactive|FernandoTA has 120 seconds left.
|inactive|FernandoTA has 90 seconds left.
|
|t:|1664839829
|start
|switch|p1a: Heatran|Heatran, M|100/100
|switch|p2a: Rillaboom|Rillaboom, F|100/100
|-fieldstart|move: Grassy Terrain|[from] ability: Grassy Surge|[of] p2a: Rillaboom
|turn|1
|
|t:|1664839855
|switch|p2a: Garchomp|Garchomp, F|100/100
|move|p1a: Heatran|Stealth Rock|p2a: Garchomp
|-sidestart|p2: FernandoTA|move: Stealth Rock
|
|upkeep
|turn|2
|
|t:|1664839863
|move|p1a: Heatran|Magma Storm|p2a: Garchomp|[miss]
|-miss|p1a: Heatran|p2a: Garchomp
|move|p2a: Garchomp|Stealth Rock|p1a: Heatran
|-sidestart|p1: HQSTest|move: Stealth Rock
|
|upkeep
|turn|3
|
|t:|1664839866
|move|p1a: Heatran|Steel Beam|p2a: Garchomp
|-damage|p2a: Garchomp|52/100
|-damage|p1a: Heatran|50/100|[from] mindblown
|move|p2a: Garchomp|Earthquake|p1a: Heatran
|-supereffective|p1a: Heatran
|-damage|p1a: Heatran|0 fnt
|faint|p1a: Heatran
|
|-heal|p2a: Garchomp|58/100|[from] Grassy Terrain
|-heal|p2a: Garchomp|64/100|[from] item: Leftovers
|upkeep
|
|t:|1664839870
|switch|p1a: Kartana|Kartana|100/100
|-damage|p1a: Kartana|94/100|[from] Stealth Rock
|turn|4
|
|t:|1664839874
|switch|p2a: Corviknight|Corviknight, F|100/100
|-damage|p2a: Corviknight|88/100|[from] Stealth Rock
|-ability|p2a: Corviknight|Pressure
|move|p1a: Kartana|Leaf Blade|p2a: Corviknight
|-resisted|p2a: Corviknight
|-damage|p2a: Corviknight|73/100
|-damage|p1a: Kartana|78/100|[from] item: Rocky Helmet|[of] p2a: Corviknight
|-damage|p1a: Kartana|68/100|[from] item: Life Orb
|
|-heal|p1a: Kartana|74/100|[from] Grassy Terrain
|upkeep
|turn|5
|
|t:|1664839879
|move|p1a: Kartana|Swords Dance|p1a: Kartana
|-boost|p1a: Kartana|atk|2
|move|p2a: Corviknight|Roost|p2a: Corviknight
|-heal|p2a: Corviknight|100/100
|-singleturn|p2a: Corviknight|move: Roost
|
|-heal|p1a: Kartana|80/100|[from] Grassy Terrain
|-fieldend|move: Grassy Terrain
|upkeep
|turn|6
|
|t:|1664839883
|move|p1a: Kartana|Knock Off|p2a: Corviknight
|-damage|p2a: Corviknight|29/100
|-damage|p1a: Kartana|64/100|[from] item: Rocky Helmet|[of] p2a: Corviknight
|-enditem|p2a: Corviknight|Rocky Helmet|[from] move: Knock Off|[of] p1a: Kartana
|-damage|p1a: Kartana|54/100|[from] item: Life Orb
|move|p2a: Corviknight|Brave Bird|p1a: Kartana
|-damage|p1a: Kartana|16/100
|-damage|p2a: Corviknight|21/100|[from] Recoil
|
|upkeep
|turn|7
|
|t:|1664839899
|move|p1a: Kartana|Synthesis|p1a: Kartana
|-heal|p1a: Kartana|65/100
|move|p2a: Corviknight|Brave Bird|p1a: Kartana
|-damage|p1a: Kartana|26/100
|-damage|p2a: Corviknight|12/100|[from] Recoil
|
|upkeep
|turn|8
|
|t:|1664839903
|move|p1a: Kartana|Leaf Blade|p2a: Corviknight
|-resisted|p2a: Corviknight
|-damage|p2a: Corviknight|0 fnt
|faint|p2a: Corviknight
|-ability|p1a: Kartana|Beast Boost|boost
|-boost|p1a: Kartana|atk|1
|-damage|p1a: Kartana|16/100|[from] item: Life Orb
|
|upkeep
|
|t:|1664839909
|switch|p2a: Weavile|Weavile, F|100/100
|-ability|p2a: Weavile|Pressure
|turn|9
|
|t:|1664839916
|move|p2a: Weavile|Ice Shard|p1a: Kartana
|-damage|p1a: Kartana|0 fnt
|faint|p1a: Kartana
|
|upkeep
|
|t:|1664839919
|switch|p1a: Tapu Lele|Tapu Lele|100/100
|-damage|p1a: Tapu Lele|88/100|[from] Stealth Rock
|-fieldstart|move: Psychic Terrain|[from] ability: Psychic Surge|[of] p1a: Tapu Lele
|turn|10
|
|t:|1664839929
|switch|p2a: Garchomp|Garchomp, F|64/100
|-damage|p2a: Garchomp|58/100|[from] Stealth Rock
|move|p1a: Tapu Lele|Moonblast|p2a: Garchomp
|-supereffective|p2a: Garchomp
|-damage|p2a: Garchomp|0 fnt
|faint|p2a: Garchomp
|
|upkeep
|
|t:|1664839932
|switch|p2a: Slowking|Slowking-Galar, F|100/100
|-damage|p2a: Slowking|88/100|[from] Stealth Rock
|turn|11
|
|t:|1664839936
|switch|p1a: Garchomp|Garchomp, F|100/100
|-damage|p1a: Garchomp|94/100|[from] Stealth Rock
|move|p2a: Slowking|Future Sight|p1a: Garchomp
|-start|p2a: Slowking|move: Future Sight
|
|upkeep
|turn|12
|
|t:|1664839947
|switch|p2a: Rillaboom|Rillaboom, F|100/100
|-damage|p2a: Rillaboom|88/100|[from] Stealth Rock
|-fieldstart|move: Grassy Terrain|[from] ability: Grassy Surge|[of] p2a: Rillaboom
|move|p1a: Garchomp|Swords Dance|p1a: Garchomp
|-boost|p1a: Garchomp|atk|2
|
|-heal|p1a: Garchomp|100/100|[from] Grassy Terrain
|-heal|p2a: Rillaboom|94/100|[from] Grassy Terrain
|-heal|p2a: Rillaboom|99/100|[from] item: Leftovers
|upkeep
|turn|13
|
|t:|1664839955
|move|p2a: Rillaboom|Grassy Glide|p1a: Garchomp
|-crit|p1a: Garchomp
|-damage|p1a: Garchomp|31/100
|-damage|p2a: Rillaboom|88/100|[from] ability: Rough Skin|[of] p1a: Garchomp
|move|p1a: Garchomp|Fire Fang|p2a: Rillaboom
|-supereffective|p2a: Rillaboom
|-damage|p2a: Rillaboom|0 fnt
|faint|p2a: Rillaboom
|
|-end|p1a: Garchomp|move: Future Sight
|-damage|p1a: Garchomp|0 fnt
|faint|p1a: Garchomp
|upkeep
|
|t:|1664839976
|switch|p1a: Tapu Lele|Tapu Lele|88/100
|switch|p2a: Slowking|Slowking-Galar, F|100/100
|-damage|p1a: Tapu Lele|76/100|[from] Stealth Rock
|-fieldstart|move: Psychic Terrain|[from] ability: Psychic Surge|[of] p1a: Tapu Lele
|-damage|p2a: Slowking|88/100|[from] Stealth Rock
|turn|14
|
|t:|1664839986
|move|p1a: Tapu Lele|Psychic|p2a: Slowking
|-damage|p2a: Slowking|61/100
|move|p2a: Slowking|Future Sight|p1a: Tapu Lele
|-start|p2a: Slowking|move: Future Sight
|
|upkeep
|turn|15
|
|t:|1664840003
|switch|p1a: Dragapult|Dragapult, F|100/100
|-damage|p1a: Dragapult|88/100|[from] Stealth Rock
|move|p2a: Slowking|Sludge Bomb|p1a: Dragapult
|-resisted|p1a: Dragapult
|-damage|p1a: Dragapult|65/100
|-status|p1a: Dragapult|psn
|
|-heal|p1a: Dragapult|71/100 psn|[from] item: Leftovers
|-damage|p1a: Dragapult|59/100 psn|[from] psn
|upkeep
|turn|16
|
|t:|1664840021
|switch|p2a: Weavile|Weavile, F|100/100
|-ability|p2a: Weavile|Pressure
|move|p1a: Dragapult|Dragon Darts|p2a: Weavile
|-damage|p2a: Weavile|58/100
|-anim|p1a: Dragapult|Dragon Darts|p2a: Weavile
|-damage|p2a: Weavile|14/100
|
|-end|p1a: Dragapult|move: Future Sight
|-damage|p1a: Dragapult|0 fnt
|faint|p1a: Dragapult
|upkeep
|
|t:|1664840026
|switch|p1a: Hawlucha|Hawlucha, F|100/100
|-damage|p1a: Hawlucha|88/100|[from] Stealth Rock
|-enditem|p1a: Hawlucha|Psychic Seed
|-boost|p1a: Hawlucha|spd|1|[from] item: Psychic Seed
|turn|17
|
|t:|1664840033
|move|p1a: Hawlucha|Acrobatics|p2a: Weavile
|-damage|p2a: Weavile|0 fnt
|faint|p2a: Weavile
|
|upkeep
|
|t:|1664840041
|switch|p2a: Slowking|Slowking-Galar, F|94/100
|-damage|p2a: Slowking|81/100|[from] Stealth Rock
|turn|18
|
|t:|1664840054
|move|p1a: Hawlucha|Acrobatics|p2a: Slowking
|-damage|p2a: Slowking|28/100
|move|p2a: Slowking|Sludge Bomb|p1a: Hawlucha
|-damage|p1a: Hawlucha|50/100
|
|-fieldend|move: Psychic Terrain
|upkeep
|turn|19
|
|t:|1664840060
|move|p1a: Hawlucha|Acrobatics|p2a: Slowking
|-damage|p2a: Slowking|0 fnt
|faint|p2a: Slowking
|
|upkeep
|
|t:|1664840063
|switch|p2a: Urshifu|Urshifu-Rapid-Strike, F|100/100
|-damage|p2a: Urshifu|94/100|[from] Stealth Rock
|turn|20
|
|t:|1664840065
|move|p1a: Hawlucha|Acrobatics|p2a: Urshifu
|-supereffective|p2a: Urshifu
|-damage|p2a: Urshifu|0 fnt
|faint|p2a: Urshifu
|
|win|HQSTest
|raw|HQSTest's rating: 1587 &rarr; <strong>1606</strong><br />(+19 for winning)
|raw|FernandoTA's rating: 1563 &rarr; <strong>1544</strong><br />(-19 for losing)
|l|☆FernandoTA
