|j|☆RggV
|j|☆TheonReekGreyjoy
|t:|1635196053
|gametype|singles
|player|p1|RggV|scientist|1772
|player|p2|TheonReekGreyjoy|1|1745
|teamsize|p1|6
|teamsize|p2|6
|gen|8
|tier|[Gen 8] OU
|rated|
|rule|Sleep Clause Mod: Limit one foe put to sleep
|rule|Species Clause: Limit one of each Pokémon
|rule|OHKO Clause: OHKO moves are banned
|rule|Evasion Moves Clause: Evasion moves are banned
|rule|Endless Battle Clause: Forcing endless battles is banned
|rule|HP Percentage Mod: HP is shown in percentages
|rule|Dynamax Clause: You cannot dynamax
|clearpoke
|poke|p1|Politoed, M|
|poke|p1|Heliolisk, F|
|poke|p1|Kingdra, F|
|poke|p1|Mudsdale, F|
|poke|p1|Victini|
|poke|p1|Scizor, F|
|poke|p2|Mudsdale, M|
|poke|p2|Heliolisk, M|
|poke|p2|Politoed, M|
|poke|p2|Scizor, M|
|poke|p2|Kingdra, F|
|poke|p2|Victini|
|teampreview
|inactive|Battle timer is ON: inactive players will automatically lose when time's up. (requested by RggV)
|j| TBJL
|c|☆RggV|Bruh
|c|☆RggV|BRUUUUUH
|inactive|RggV has 120 seconds left.
|c|☆TheonReekGreyjoy|Lmao
|
|t:|1635196088
|start
|switch|p1a: Politoed|Politoed, M, shiny|100/100
|switch|p2a: Victini|Victini|100/100
|-weather|RainDance|[from] ability: Drizzle|[of] p1a: Politoed
|turn|1
|
|t:|1635196093
|move|p1a: Politoed|Protect|p1a: Politoed
|-singleturn|p1a: Politoed|Protect
|move|p2a: Victini|U-turn|p1a: Politoed
|-activate|p1a: Politoed|move: Protect
|
|-weather|RainDance|[upkeep]
|upkeep
|turn|2
|c|☆RggV|How's the team working for u
|c|☆RggV|?
|
|t:|1635196106
|move|p2a: Victini|U-turn|p1a: Politoed
|-damage|p1a: Politoed|76/100
|j| Crowv2
|c|☆TheonReekGreyjoy|Its fun, so many underrated Mons
|c|☆RggV|Yeh
|c| Crowv2|wtf is happening?
|c|☆RggV|This my team LOL
|j| nbndeop
|inactive|TheonReekGreyjoy has 120 seconds left.
|c| Crowv2|no
|c|☆TheonReekGreyjoy|Sometimes struggle with stuff Like Ferrothorn even though theres Tini
|c|☆RggV|Yeah
|c| Crowv2|these are my teams lol
|c|☆TheonReekGreyjoy|Lol
|
|t:|1635196154
|switch|p2a: Scizor|Scizor, M|100/100|[from]move: U-turn
|move|p1a: Politoed|Whirlpool|p2a: Scizor
|-damage|p2a: Scizor|87/100
|-activate|p2a: Scizor|move: Whirlpool|[of] p1a: Politoed
|
|-weather|RainDance|[upkeep]
|-damage|p2a: Scizor|75/100|[from] move: Whirlpool|[partiallytrapped]
|upkeep
|turn|3
|
|t:|1635196163
|move|p1a: Politoed|Protect|p1a: Politoed
|-singleturn|p1a: Politoed|Protect
|move|p2a: Scizor|U-turn|p1a: Politoed
|-activate|p1a: Politoed|move: Protect
|
|-weather|RainDance|[upkeep]
|-damage|p2a: Scizor|63/100|[from] move: Whirlpool|[partiallytrapped]
|upkeep
|turn|4
|
|t:|1635196172
|switch|p1a: Scizor|Scizor, F|100/100
|move|p2a: Scizor|Knock Off|p1a: Scizor
|-damage|p1a: Scizor|74/100
|-enditem|p1a: Scizor|Heavy-Duty Boots|[from] move: Knock Off|[of] p2a: Scizor
|
|-weather|RainDance|[upkeep]
|-end|p2a: Scizor|Whirlpool|[partiallytrapped]|[silent]
|upkeep
|turn|5
|inactive|TheonReekGreyjoy has 120 seconds left.
|
|t:|1635196181
|move|p2a: Scizor|Roost|p2a: Scizor
|-heal|p2a: Scizor|100/100
|-singleturn|p2a: Scizor|move: Roost
|move|p1a: Scizor|U-turn|p2a: Scizor
|-resisted|p2a: Scizor
|-damage|p2a: Scizor|87/100
|c|☆RggV|I have changed some moves tho
|
|t:|1635196188
|switch|p1a: Kingdra|Kingdra, F|100/100|[from]move: U-turn
|
|-weather|RainDance|[upkeep]
|upkeep
|turn|6
|c|☆TheonReekGreyjoy|So did I
|j| Zagazaga
|inactive|TheonReekGreyjoy has 120 seconds left.
|c|☆TheonReekGreyjoy|Or, rather, I didn't know all your while Sets
|
|t:|1635196211
|switch|p2a: Politoed|Politoed, M|100/100
|move|p1a: Kingdra|Draco Meteor|p2a: Politoed
|-damage|p2a: Politoed|15/100
|-unboost|p1a: Kingdra|spa|2
|
|-weather|RainDance|[upkeep]
|upkeep
|turn|7
|inactive|TheonReekGreyjoy has 120 seconds left.
|j| edrala
|
|t:|1635196220
|switch|p2a: Scizor|Scizor, M|87/100
|move|p1a: Kingdra|Draco Meteor|p2a: Scizor
|-resisted|p2a: Scizor
|-crit|p2a: Scizor
|-damage|p2a: Scizor|31/100
|-unboost|p1a: Kingdra|spa|2
|
|-weather|RainDance|[upkeep]
|upkeep
|turn|8
|
|t:|1635196234
|switch|p1a: Victini|Victini|100/100
|move|p2a: Scizor|Roost|p2a: Scizor
|-heal|p2a: Scizor|81/100
|-singleturn|p2a: Scizor|move: Roost
|
|-weather|none
|upkeep
|turn|9
|j| JohhnyWhoJohnnyPoo
|j| vepp
|inactive|TheonReekGreyjoy has 120 seconds left.
|
|t:|1635196252
|switch|p2a: Politoed|Politoed, M|15/100
|-weather|RainDance|[from] ability: Drizzle|[of] p2a: Politoed
|move|p1a: Victini|U-turn|p2a: Politoed
|-damage|p2a: Politoed|0 fnt
|faint|p2a: Politoed
|
|t:|1635196264
|switch|p1a: Scizor|Scizor, F|74/100|[from]move: U-turn
|
|-weather|RainDance|[upkeep]
|upkeep
|inactive|TheonReekGreyjoy has 120 seconds left.
|
|t:|1635196274
|switch|p2a: Kingdra|Kingdra, F|100/100
|turn|10
|l|zagazaga
|j| WASSUP GG
|c|☆RggV|I'm trying a different toad to deal with pex and ferro
|
|t:|1635196294
|move|p2a: Kingdra|Hurricane|p1a: Scizor
|-crit|p1a: Scizor
|-damage|p1a: Scizor|8/100
|move|p1a: Scizor|Roost|p1a: Scizor
|-heal|p1a: Scizor|58/100
|-singleturn|p1a: Scizor|move: Roost
|
|-weather|RainDance|[upkeep]
|upkeep
|turn|11
|j| Philippe ! Salaud
|
|t:|1635196300
|switch|p1a: Heliolisk|Heliolisk, F|100/100
|move|p2a: Kingdra|Hurricane|p1a: Heliolisk
|-resisted|p1a: Heliolisk
|-damage|p1a: Heliolisk|64/100
|
|-weather|RainDance|[upkeep]
|-heal|p1a: Heliolisk|76/100|[from] ability: Dry Skin
|upkeep
|turn|12
|j| yrdctfgukgbkbgu
|
|t:|1635196313
|switch|p2a: Heliolisk|Heliolisk, M|100/100
|move|p1a: Heliolisk|Hyper Voice|p2a: Heliolisk
|-damage|p2a: Heliolisk|27/100
|-damage|p1a: Heliolisk|67/100|[from] item: Life Orb
|
|-weather|RainDance|[upkeep]
|-heal|p1a: Heliolisk|79/100|[from] ability: Dry Skin
|-heal|p2a: Heliolisk|39/100|[from] ability: Dry Skin
|upkeep
|turn|13
|
|t:|1635196324
|switch|p2a: Scizor|Scizor, M|81/100
|move|p1a: Heliolisk|Hyper Voice|p2a: Scizor
|-resisted|p2a: Scizor
|-crit|p2a: Scizor
|-damage|p2a: Scizor|46/100
|-damage|p1a: Heliolisk|69/100|[from] item: Life Orb
|
|-weather|RainDance|[upkeep]
|-heal|p1a: Heliolisk|82/100|[from] ability: Dry Skin
|upkeep
|turn|14
|l| Crowv2
|j| Berdimuhamedow
|c| Berdimuhamedow|Heey
|
|t:|1635196338
|switch|p2a: Mudsdale|Mudsdale, M|100/100
|move|p1a: Heliolisk|Surf|p2a: Mudsdale
|-supereffective|p2a: Mudsdale
|-damage|p2a: Mudsdale|1/100
|-ability|p2a: Mudsdale|Stamina|boost
|-boost|p2a: Mudsdale|def|1
|-damage|p1a: Heliolisk|72/100|[from] item: Life Orb
|
|-weather|RainDance|[upkeep]
|-heal|p1a: Heliolisk|84/100|[from] ability: Dry Skin
|-heal|p2a: Mudsdale|8/100|[from] item: Leftovers
|upkeep
|turn|15
|c|☆RggV|Lmao this got full
|c| Berdimuhamedow|Here to learn how to play
|inactive|TheonReekGreyjoy has 120 seconds left.
|c| WASSUP GG|bruh same people
|
|t:|1635196363
|move|p1a: Heliolisk|Hyper Voice|p2a: Mudsdale
|-damage|p2a: Mudsdale|0 fnt
|faint|p2a: Mudsdale
|-damage|p1a: Heliolisk|74/100|[from] item: Life Orb
|
|-weather|RainDance|[upkeep]
|-heal|p1a: Heliolisk|87/100|[from] ability: Dry Skin
|upkeep
|
|t:|1635196367
|switch|p2a: Kingdra|Kingdra, F|100/100
|turn|16
|j| burgercute
|
|t:|1635196371
|switch|p1a: Scizor|Scizor, F|58/100
|move|p2a: Kingdra|Surf|p1a: Scizor
|-damage|p1a: Scizor|0 fnt
|faint|p1a: Scizor
|
|-weather|none
|upkeep
|j| keep6ftplaya
|
|t:|1635196376
|switch|p1a: Heliolisk|Heliolisk, F|87/100
|turn|17
|
|t:|1635196397
|move|p1a: Heliolisk|Hyper Voice|p2a: Kingdra
|-damage|p2a: Kingdra|41/100
|-damage|p1a: Heliolisk|77/100|[from] item: Life Orb
|move|p2a: Kingdra|Surf|p1a: Heliolisk
|-heal|p1a: Heliolisk|100/100|[from] ability: Dry Skin|[of] p2a: Kingdra
|
|upkeep
|turn|18
|c|☆RggV|LMAO WHY IS THIS SO FULL
|
|t:|1635196406
|switch|p2a: Scizor|Scizor, M|46/100
|move|p1a: Heliolisk|Hyper Voice|p2a: Scizor
|-resisted|p2a: Scizor
|-damage|p2a: Scizor|26/100
|-damage|p1a: Heliolisk|91/100|[from] item: Life Orb
|
|upkeep
|turn|19
|
|t:|1635196409
|move|p1a: Heliolisk|Volt Switch|p2a: Scizor
|-damage|p2a: Scizor|0 fnt
|faint|p2a: Scizor
|-damage|p1a: Heliolisk|81/100|[from] item: Life Orb
|
|t:|1635196418
|switch|p1a: Kingdra|Kingdra, F|100/100|[from]move: Volt Switch
|
|upkeep
|c| Berdimuhamedow|The viwer
|
|t:|1635196422
|switch|p2a: Victini|Victini|100/100
|turn|20
|
|t:|1635196432
|move|p2a: Victini|U-turn|p1a: Kingdra
|-damage|p1a: Kingdra|61/100
|
|t:|1635196435
|switch|p2a: Heliolisk|Heliolisk, M|39/100|[from]move: U-turn
|move|p1a: Kingdra|Draco Meteor|p2a: Heliolisk
|-damage|p2a: Heliolisk|0 fnt
|-unboost|p1a: Kingdra|spa|2
|faint|p2a: Heliolisk
|
|upkeep
|c| burgercute|highest elo in ou
|
|t:|1635196443
|switch|p2a: Victini|Victini|100/100
|turn|21
|c| Berdimuhamedow|Well you are the best people playing
|
|t:|1635196457
|move|p2a: Victini|U-turn|p1a: Kingdra
|-damage|p1a: Kingdra|26/100
|c| WASSUP GG|just realized they have the same team
|c| Berdimuhamedow|So we take a look
|
|t:|1635196472
|switch|p2a: Kingdra|Kingdra, F|41/100|[from]move: U-turn
|move|p1a: Kingdra|Draco Meteor|p2a: Kingdra
|-supereffective|p2a: Kingdra
|-damage|p2a: Kingdra|0 fnt
|-unboost|p1a: Kingdra|spa|2
|faint|p2a: Kingdra
|
|upkeep
|
|t:|1635196474
|switch|p2a: Victini|Victini|100/100
|turn|22
|j| OnGroveStreet
|c| Berdimuhamedow|Oh right
|c|☆RggV|TheonReekGreyjoy I changed hurricane for ice beam
|
|t:|1635196490
|move|p2a: Victini|Zen Headbutt|p1a: Kingdra
|-damage|p1a: Kingdra|0 fnt
|faint|p1a: Kingdra
|
|upkeep
|
|t:|1635196493
|switch|p1a: Mudsdale|Mudsdale, F, shiny|100/100
|turn|23
|
|t:|1635196497
|move|p2a: Victini|Zen Headbutt|p1a: Mudsdale
|-damage|p1a: Mudsdale|70/100
|-ability|p1a: Mudsdale|Stamina|boost
|-boost|p1a: Mudsdale|def|1
|move|p1a: Mudsdale|Earthquake|p2a: Victini
|-supereffective|p2a: Victini
|-damage|p2a: Victini|19/100
|
|-heal|p1a: Mudsdale|76/100|[from] item: Leftovers
|upkeep
|turn|24
|
|t:|1635196500
|move|p2a: Victini|Zen Headbutt|p1a: Mudsdale
|-damage|p1a: Mudsdale|53/100
|-ability|p1a: Mudsdale|Stamina|boost
|-boost|p1a: Mudsdale|def|1
|move|p1a: Mudsdale|Earthquake|p2a: Victini
|-supereffective|p2a: Victini
|-damage|p2a: Victini|0 fnt
|faint|p2a: Victini
|
|win|RggV
|raw|RggV's rating: 1772 &rarr; <strong>1790</strong><br />(+18 for winning)
|raw|TheonReekGreyjoy's rating: 1745 &rarr; <strong>1727</strong><br />(-18 for losing)
|l| TBJL
|j| jkljkljklbnm
|c| Berdimuhamedow|Gg
|c|☆RggV|Gg
|c|☆TheonReekGreyjoy|Gg
|l| WASSUP GG
|l| yrdctfgukgbkbgu
|l| JohhnyWhoJohnnyPoo
|l| jkljkljklbnm
|c|☆RggV|I can give you some stuff on the team if you'd like
|c| Berdimuhamedow|It was cool
|c| Berdimuhamedow|Oh yes !
|c| Berdimuhamedow|Discord?
|l| nbndeop
||Ladder isn't responding, score probably updated but might not have (Request timeout).
|l| vepp
|c|☆RggV|Uuhh it would be through here I think I dont have discord on my phone rn
|c| Berdimuhamedow|Insta ?
