|j|☆misplayin
|j|☆minimax_ai
|t:|1663938883
|gametype|singles
|player|p1|misplayin|bugsy|1613
|player|p2|minimax_ai|lusamine-nihilego|1604
|teamsize|p1|6
|teamsize|p2|6
|gen|8
|tier|[Gen 8] OU
|rated|
|rule|Sleep Clause Mod: Limit one foe put to sleep
|rule|Species Clause: Limit one of each Pokémon
|rule|OHKO Clause: OHKO moves are banned
|rule|Evasion Items Clause: Evasion items are banned
|rule|Evasion Moves Clause: Evasion moves are banned
|rule|Endless Battle Clause: Forcing endless battles is banned
|rule|HP Percentage Mod: HP is shown in percentages
|rule|Dynamax Clause: You cannot dynamax
|clearpoke
|poke|p1|Azumarill, F|
|poke|p1|Gengar, M|
|poke|p1|Garchomp, F|
|poke|p1|Tornadus-Therian, M|
|poke|p1|Landorus-Therian, M|
|poke|p1|Buzzwole|
|poke|p2|Rotom-Wash|
|poke|p2|Weavile, M|
|poke|p2|Landorus-Therian, M|
|poke|p2|Heatran, M|
|poke|p2|Tangrowth, M|
|poke|p2|Melmetal|
|teampreview
|inactive|Battle timer is ON: inactive players will automatically lose when time's up. (requested by misplayin)
|c|☆minimax_ai|hf
|inactive|minimax_ai also wants the timer to be on.
|c|☆misplayin|u2 friend #
|
|t:|1663938897
|start
|switch|p1a: Azumarill|Azumarill, F|100/100
|switch|p2a: landorustherian|Landorus-Therian, M|100/100
|-ability|p2a: landorustherian|Intimidate|boost
|-unboost|p1a: Azumarill|atk|1
|turn|1
|
|t:|1663938904
|switch|p2a: Melmetal|Melmetal|100/100
|move|p1a: Azumarill|Play Rough|p2a: Melmetal
|-resisted|p2a: Melmetal
|-damage|p2a: Melmetal|85/100
|-unboost|p2a: Melmetal|atk|1
|
|upkeep
|turn|2
|
|t:|1663938914
|switch|p1a: Buzzwole|Buzzwole|100/100
|switch|p2a: Tangrowth|Tangrowth, M|100/100
|
|upkeep
|turn|3
|
|t:|1663938922
|switch|p1a: Tornadus|Tornadus-Therian, M|100/100
|move|p2a: Tangrowth|Sleep Powder|p1a: Tornadus
|-status|p1a: Tornadus|slp|[from] move: Sleep Powder
|
|upkeep
|turn|4
|
|t:|1663938929
|switch|p2a: landorustherian|Landorus-Therian, M|100/100
|-ability|p2a: landorustherian|Intimidate|boost
|-unboost|p1a: Tornadus|atk|1
|cant|p1a: Tornadus|slp
|
|upkeep
|turn|5
|
|t:|1663938934
|switch|p1a: Azumarill|Azumarill, F|100/100
|move|p2a: landorustherian|Toxic|p1a: Azumarill
|-status|p1a: Azumarill|tox
|
|-damage|p1a: Azumarill|94/100 tox|[from] psn
|upkeep
|turn|6
|
|t:|1663938937
|switch|p2a: Tangrowth|Tangrowth, M|100/100
|move|p1a: Azumarill|Play Rough|p2a: Tangrowth
|-damage|p2a: Tangrowth|56/100
|-damage|p1a: Azumarill|78/100 tox|[from] item: Rocky Helmet|[of] p2a: Tangrowth
|
|-damage|p1a: Azumarill|65/100 tox|[from] psn
|upkeep
|turn|7
|
|t:|1663938944
|switch|p1a: Tornadus|Tornadus-Therian, M|100/100 slp
|move|p2a: Tangrowth|Giga Drain|p1a: Tornadus
|-resisted|p1a: Tornadus
|-damage|p1a: Tornadus|92/100 slp
|-heal|p2a: Tangrowth|60/100|[from] drain|[of] p1a: Tornadus
|
|upkeep
|turn|8
|
|t:|1663938949
|switch|p2a: rotomwash|Rotom-Wash|100/100
|-curestatus|p1a: Tornadus|slp|[msg]
|move|p1a: Tornadus|U-turn|p2a: rotomwash
|-damage|p2a: rotomwash|85/100
|
|t:|1663938955
|switch|p1a: Garchomp|Garchomp, F|100/100|[from]move: U-turn
|
|-heal|p2a: rotomwash|91/100|[from] item: Leftovers
|upkeep
|turn|9
|
|t:|1663938957
|move|p2a: rotomwash|Hydro Pump|p1a: Garchomp
|-damage|p1a: Garchomp|71/100
|move|p1a: Garchomp|Toxic|p2a: rotomwash
|-status|p2a: rotomwash|tox
|
|-heal|p2a: rotomwash|98/100 tox|[from] item: Leftovers
|-heal|p1a: Garchomp|77/100|[from] item: Leftovers
|-damage|p2a: rotomwash|91/100 tox|[from] psn
|upkeep
|turn|10
|
|t:|1663938961
|move|p2a: rotomwash|Nasty Plot|p2a: rotomwash
|-boost|p2a: rotomwash|spa|2
|move|p1a: Garchomp|Stealth Rock|p2a: rotomwash
|-sidestart|p2: minimax_ai|move: Stealth Rock
|
|-heal|p2a: rotomwash|98/100 tox|[from] item: Leftovers
|-heal|p1a: Garchomp|83/100|[from] item: Leftovers
|-damage|p2a: rotomwash|85/100 tox|[from] psn
|upkeep
|turn|11
|
|t:|1663938965
|switch|p1a: Tornadus|Tornadus-Therian, M|100/100
|move|p2a: rotomwash|Hydro Pump|p1a: Tornadus
|-damage|p1a: Tornadus|42/100
|
|-heal|p2a: rotomwash|91/100 tox|[from] item: Leftovers
|-damage|p2a: rotomwash|73/100 tox|[from] psn
|upkeep
|turn|12
|
|t:|1663938970
|move|p1a: Tornadus|U-turn|p2a: rotomwash
|-damage|p2a: rotomwash|57/100 tox
|
|t:|1663938972
|switch|p1a: Garchomp|Garchomp, F|83/100|[from]move: U-turn
|move|p2a: rotomwash|Hydro Pump|p1a: Garchomp
|-damage|p1a: Garchomp|23/100
|
|-heal|p2a: rotomwash|63/100 tox|[from] item: Leftovers
|-heal|p1a: Garchomp|29/100|[from] item: Leftovers
|-damage|p2a: rotomwash|38/100 tox|[from] psn
|upkeep
|turn|13
|
|t:|1663938977
|move|p1a: Garchomp|Protect|p1a: Garchomp
|-singleturn|p1a: Garchomp|Protect
|move|p2a: rotomwash|Hydro Pump|p1a: Garchomp
|-activate|p1a: Garchomp|move: Protect
|
|-heal|p2a: rotomwash|44/100 tox|[from] item: Leftovers
|-heal|p1a: Garchomp|35/100|[from] item: Leftovers
|-damage|p2a: rotomwash|13/100 tox|[from] psn
|upkeep
|turn|14
|
|t:|1663938982
|switch|p1a: Tornadus|Tornadus-Therian, M|75/100
|move|p2a: rotomwash|Hydro Pump|p1a: Tornadus
|-damage|p1a: Tornadus|21/100
|
|-heal|p2a: rotomwash|19/100 tox|[from] item: Leftovers
|-damage|p2a: rotomwash|0 fnt|[from] psn
|faint|p2a: rotomwash
|upkeep
|
|t:|1663938982
|switch|p2a: Melmetal|Melmetal|85/100
|-damage|p2a: Melmetal|79/100|[from] Stealth Rock
|turn|15
|
|t:|1663938987
|move|p1a: Tornadus|U-turn|p2a: Melmetal
|-resisted|p2a: Melmetal
|-damage|p2a: Melmetal|75/100
|
|t:|1663938989
|switch|p1a: Buzzwole|Buzzwole|100/100|[from]move: U-turn
|move|p2a: Melmetal|Thunder Punch|p1a: Buzzwole
|-damage|p1a: Buzzwole|82/100
|-damage|p2a: Melmetal|58/100|[from] item: Rocky Helmet|[of] p1a: Buzzwole
|
|upkeep
|turn|16
|
|t:|1663938997
|switch|p2a: Tangrowth|Tangrowth, M|93/100
|-damage|p2a: Tangrowth|81/100|[from] Stealth Rock
|move|p1a: Buzzwole|Toxic|p2a: Tangrowth
|-status|p2a: Tangrowth|tox
|
|-damage|p2a: Tangrowth|75/100 tox|[from] psn
|upkeep
|turn|17
|
|t:|1663939005
|switch|p1a: Azumarill|Azumarill, F|65/100 tox
|move|p2a: Tangrowth|Sleep Powder||[still]
|-fail|p2a: Tangrowth
|
|-damage|p1a: Azumarill|59/100 tox|[from] psn
|-damage|p2a: Tangrowth|62/100 tox|[from] psn
|upkeep
|turn|18
|
|t:|1663939008
|switch|p1a: Tornadus|Tornadus-Therian, M|54/100
|move|p2a: Tangrowth|Giga Drain|p1a: Tornadus
|-resisted|p1a: Tornadus
|-damage|p1a: Tornadus|46/100
|-heal|p2a: Tangrowth|66/100 tox|[from] drain|[of] p1a: Tornadus
|
|-damage|p2a: Tangrowth|48/100 tox|[from] psn
|upkeep
|turn|19
|
|t:|1663939011
|switch|p2a: landorustherian|Landorus-Therian, M|100/100
|-damage|p2a: landorustherian|88/100|[from] Stealth Rock
|-ability|p2a: landorustherian|Intimidate|boost
|-unboost|p1a: Tornadus|atk|1
|move|p1a: Tornadus|U-turn|p2a: landorustherian
|-resisted|p2a: landorustherian
|-damage|p2a: landorustherian|84/100
|
|t:|1663939014
|switch|p1a: Azumarill|Azumarill, F|59/100 tox|[from]move: U-turn
|
|-heal|p2a: landorustherian|90/100|[from] item: Leftovers
|-damage|p1a: Azumarill|53/100 tox|[from] psn
|upkeep
|turn|20
|
|t:|1663939020
|switch|p2a: Tangrowth|Tangrowth, M|81/100 tox
|-damage|p2a: Tangrowth|68/100 tox|[from] Stealth Rock
|move|p1a: Azumarill|Play Rough|p2a: Tangrowth
|-damage|p2a: Tangrowth|26/100 tox
|-damage|p1a: Azumarill|36/100 tox|[from] item: Rocky Helmet|[of] p2a: Tangrowth
|
|-damage|p1a: Azumarill|24/100 tox|[from] psn
|-damage|p2a: Tangrowth|20/100 tox|[from] psn
|upkeep
|turn|21
|
|t:|1663939026
|switch|p2a: Heatran|Heatran, M|100/100
|-damage|p2a: Heatran|88/100|[from] Stealth Rock
|-item|p2a: Heatran|Air Balloon
|move|p1a: Azumarill|Play Rough|p2a: Heatran
|-resisted|p2a: Heatran
|-crit|p2a: Heatran
|-damage|p2a: Heatran|54/100
|-unboost|p2a: Heatran|atk|1
|-enditem|p2a: Heatran|Air Balloon
|
|-damage|p1a: Azumarill|5/100 tox|[from] psn
|upkeep
|turn|22
|
|t:|1663939034
|move|p2a: Heatran|Stealth Rock|p1a: Azumarill
|-sidestart|p1: misplayin|move: Stealth Rock
|move|p1a: Azumarill|Play Rough|p2a: Heatran
|-resisted|p2a: Heatran
|-damage|p2a: Heatran|32/100
|
|-damage|p1a: Azumarill|0 fnt|[from] psn
|faint|p1a: Azumarill
|upkeep
|
|t:|1663939048
|switch|p1a: Landorus|Landorus-Therian, M|100/100
|-damage|p1a: Landorus|88/100|[from] Stealth Rock
|-ability|p1a: Landorus|Intimidate|boost
|-unboost|p2a: Heatran|atk|1
|turn|23
|
|t:|1663939049
|switch|p2a: Tangrowth|Tangrowth, M|53/100 tox
|-damage|p2a: Tangrowth|41/100 tox|[from] Stealth Rock
|move|p1a: Landorus|Knock Off|p2a: Tangrowth
|-damage|p2a: Tangrowth|24/100 tox
|-damage|p1a: Landorus|72/100|[from] item: Rocky Helmet|[of] p2a: Tangrowth
|-enditem|p2a: Tangrowth|Rocky Helmet|[from] move: Knock Off|[of] p1a: Landorus
|
|-heal|p1a: Landorus|78/100|[from] item: Leftovers
|-damage|p2a: Tangrowth|18/100 tox|[from] psn
|upkeep
|turn|24
|
|t:|1663939053
|switch|p2a: landorustherian|Landorus-Therian, M|90/100
|-damage|p2a: landorustherian|77/100|[from] Stealth Rock
|-ability|p2a: landorustherian|Intimidate|boost
|-unboost|p1a: Landorus|atk|1
|move|p1a: Landorus|U-turn|p2a: landorustherian
|-resisted|p2a: landorustherian
|-damage|p2a: landorustherian|70/100
|
|t:|1663939057
|switch|p1a: Buzzwole|Buzzwole|82/100|[from]move: U-turn
|-damage|p1a: Buzzwole|69/100|[from] Stealth Rock
|
|-heal|p2a: landorustherian|76/100|[from] item: Leftovers
|upkeep
|turn|25
|
|t:|1663939061
|switch|p2a: Tangrowth|Tangrowth, M|51/100 tox
|-damage|p2a: Tangrowth|38/100 tox|[from] Stealth Rock
|move|p1a: Buzzwole|Roost|p1a: Buzzwole
|-heal|p1a: Buzzwole|100/100
|-singleturn|p1a: Buzzwole|move: Roost
|
|-damage|p2a: Tangrowth|32/100 tox|[from] psn
|upkeep
|turn|26
|
|t:|1663939064
|switch|p1a: Garchomp|Garchomp, F|35/100
|-damage|p1a: Garchomp|29/100|[from] Stealth Rock
|move|p2a: Tangrowth|Giga Drain|p1a: Garchomp
|-damage|p1a: Garchomp|7/100
|-heal|p2a: Tangrowth|44/100 tox|[from] drain|[of] p1a: Garchomp
|
|-heal|p1a: Garchomp|13/100|[from] item: Leftovers
|-damage|p2a: Tangrowth|31/100 tox|[from] psn
|upkeep
|turn|27
|
|t:|1663939066
|switch|p2a: landorustherian|Landorus-Therian, M|76/100
|-damage|p2a: landorustherian|63/100|[from] Stealth Rock
|-ability|p2a: landorustherian|Intimidate|boost
|-unboost|p1a: Garchomp|atk|1
|move|p1a: Garchomp|Protect||[still]
|-fail|p1a: Garchomp
|
|-heal|p1a: Garchomp|20/100|[from] item: Leftovers
|-heal|p2a: landorustherian|70/100|[from] item: Leftovers
|upkeep
|turn|28
|
|t:|1663939069
|move|p1a: Garchomp|Protect|p1a: Garchomp
|-singleturn|p1a: Garchomp|Protect
|move|p2a: landorustherian|Toxic|p1a: Garchomp
|-activate|p1a: Garchomp|move: Protect
|
|-heal|p1a: Garchomp|26/100|[from] item: Leftovers
|-heal|p2a: landorustherian|76/100|[from] item: Leftovers
|upkeep
|turn|29
|
|t:|1663939071
|move|p1a: Garchomp|Toxic|p2a: landorustherian
|-status|p2a: landorustherian|tox
|move|p2a: landorustherian|Toxic|p1a: Garchomp
|-status|p1a: Garchomp|tox
|
|-heal|p1a: Garchomp|32/100 tox|[from] item: Leftovers
|-heal|p2a: landorustherian|82/100 tox|[from] item: Leftovers
|-damage|p1a: Garchomp|26/100 tox|[from] psn
|-damage|p2a: landorustherian|76/100 tox|[from] psn
|upkeep
|turn|30
|
|t:|1663939075
|switch|p1a: Landorus|Landorus-Therian, M|78/100
|-damage|p1a: Landorus|65/100|[from] Stealth Rock
|-ability|p1a: Landorus|Intimidate|boost
|-unboost|p2a: landorustherian|atk|1
|move|p2a: landorustherian|Toxic|p1a: Landorus
|-status|p1a: Landorus|tox
|
|-heal|p1a: Landorus|71/100 tox|[from] item: Leftovers
|-heal|p2a: landorustherian|82/100 tox|[from] item: Leftovers
|-damage|p1a: Landorus|65/100 tox|[from] psn
|-damage|p2a: landorustherian|70/100 tox|[from] psn
|upkeep
|turn|31
|
|t:|1663939078
|switch|p2a: Tangrowth|Tangrowth, M|64/100 tox
|-damage|p2a: Tangrowth|52/100 tox|[from] Stealth Rock
|move|p1a: Landorus|Knock Off|p2a: Tangrowth
|-damage|p2a: Tangrowth|41/100 tox
|
|-heal|p1a: Landorus|71/100 tox|[from] item: Leftovers
|-damage|p1a: Landorus|59/100 tox|[from] psn
|-damage|p2a: Tangrowth|35/100 tox|[from] psn
|upkeep
|turn|32
|
|t:|1663939080
|move|p1a: Landorus|U-turn|p2a: Tangrowth
|-supereffective|p2a: Tangrowth
|-damage|p2a: Tangrowth|10/100 tox
|
|t:|1663939082
|switch|p1a: Tornadus|Tornadus-Therian, M|79/100|[from]move: U-turn
|-damage|p1a: Tornadus|54/100|[from] Stealth Rock
|move|p2a: Tangrowth|Giga Drain|p1a: Tornadus
|-resisted|p1a: Tornadus
|-damage|p1a: Tornadus|45/100
|-heal|p2a: Tangrowth|14/100 tox|[from] drain|[of] p1a: Tornadus
|
|-damage|p2a: Tangrowth|2/100 tox|[from] psn
|upkeep
|turn|33
|
|t:|1663939086
|switch|p2a: Heatran|Heatran, M|32/100
|-damage|p2a: Heatran|20/100|[from] Stealth Rock
|move|p1a: Tornadus|Knock Off|p2a: Heatran
|-damage|p2a: Heatran|7/100
|
|upkeep
|turn|34
|
|t:|1663939090
|move|p1a: Tornadus|Knock Off|p2a: Heatran
|-damage|p2a: Heatran|0 fnt
|faint|p2a: Heatran
|
|upkeep
|
|t:|1663939090
|switch|p2a: Tangrowth|Tangrowth, M|35/100 tox
|-damage|p2a: Tangrowth|23/100 tox|[from] Stealth Rock
|turn|35
|
|t:|1663939093
|switch|p2a: Melmetal|Melmetal|58/100
|-damage|p2a: Melmetal|52/100|[from] Stealth Rock
|move|p1a: Tornadus|Heat Wave|p2a: Melmetal
|-supereffective|p2a: Melmetal
|-damage|p2a: Melmetal|29/100
|
|upkeep
|turn|36
|
|t:|1663939097
|move|p1a: Tornadus|U-turn|p2a: Melmetal
|-resisted|p2a: Melmetal
|-damage|p2a: Melmetal|24/100
|
|t:|1663939100
|switch|p1a: Garchomp|Garchomp, F|26/100 tox|[from]move: U-turn
|-damage|p1a: Garchomp|20/100 tox|[from] Stealth Rock
|move|p2a: Melmetal|Thunder Punch|p1a: Garchomp
|-immune|p1a: Garchomp
|
|-heal|p1a: Garchomp|26/100 tox|[from] item: Leftovers
|-damage|p1a: Garchomp|20/100 tox|[from] psn
|upkeep
|turn|37
|
|t:|1663939109
|switch|p2a: Tangrowth|Tangrowth, M|56/100 tox
|-damage|p2a: Tangrowth|43/100 tox|[from] Stealth Rock
|move|p1a: Garchomp|Earthquake|p2a: Tangrowth
|-resisted|p2a: Tangrowth
|-damage|p2a: Tangrowth|31/100 tox
|
|-heal|p1a: Garchomp|26/100 tox|[from] item: Leftovers
|-damage|p1a: Garchomp|13/100 tox|[from] psn
|-damage|p2a: Tangrowth|25/100 tox|[from] psn
|upkeep
|turn|38
|
|t:|1663939115
|switch|p1a: Tornadus|Tornadus-Therian, M|78/100
|-damage|p1a: Tornadus|54/100|[from] Stealth Rock
|switch|p2a: landorustherian|Landorus-Therian, M|70/100 tox
|-damage|p2a: landorustherian|57/100 tox|[from] Stealth Rock
|-ability|p2a: landorustherian|Intimidate|boost
|-unboost|p1a: Tornadus|atk|1
|
|-heal|p2a: landorustherian|63/100 tox|[from] item: Leftovers
|-damage|p2a: landorustherian|57/100 tox|[from] psn
|upkeep
|turn|39
|
|t:|1663939119
|switch|p2a: Tangrowth|Tangrowth, M|58/100 tox
|-damage|p2a: Tangrowth|46/100 tox|[from] Stealth Rock
|move|p1a: Tornadus|Hurricane|p2a: Tangrowth
|-supereffective|p2a: Tangrowth
|-damage|p2a: Tangrowth|0 fnt
|faint|p2a: Tangrowth
|
|upkeep
|
|t:|1663939119
|switch|p2a: Weavile|Weavile, M|100/100
|-damage|p2a: Weavile|76/100|[from] Stealth Rock
|-ability|p2a: Weavile|Pressure
|turn|40
|
|t:|1663939123
|switch|p2a: landorustherian|Landorus-Therian, M|57/100 tox
|-damage|p2a: landorustherian|45/100 tox|[from] Stealth Rock
|-ability|p2a: landorustherian|Intimidate|boost
|-unboost|p1a: Tornadus|atk|1
|move|p1a: Tornadus|Heat Wave|p2a: landorustherian
|-damage|p2a: landorustherian|28/100 tox
|
|-heal|p2a: landorustherian|34/100 tox|[from] item: Leftovers
|-damage|p2a: landorustherian|28/100 tox|[from] psn
|upkeep
|turn|41
|
|t:|1663939126
|move|p1a: Tornadus|Hurricane|p2a: landorustherian
|-damage|p2a: landorustherian|0 fnt
|faint|p2a: landorustherian
|
|upkeep
|
|t:|1663939126
|switch|p2a: Melmetal|Melmetal|24/100
|-damage|p2a: Melmetal|18/100|[from] Stealth Rock
|turn|42
|
|t:|1663939128
|move|p1a: Tornadus|Heat Wave|p2a: Melmetal
|-supereffective|p2a: Melmetal
|-damage|p2a: Melmetal|0 fnt
|faint|p2a: Melmetal
|
|upkeep
|
|t:|1663939128
|switch|p2a: Weavile|Weavile, M|76/100
|-damage|p2a: Weavile|51/100|[from] Stealth Rock
|-ability|p2a: Weavile|Pressure
|turn|43
|
|t:|1663939131
|move|p2a: Weavile|Triple Axel|p1a: Tornadus
|-supereffective|p1a: Tornadus
|-damage|p1a: Tornadus|19/100
|-supereffective|p1a: Tornadus
|-damage|p1a: Tornadus|0 fnt
|faint|p1a: Tornadus
|-hitcount|p1: Tornadus|2
|
|upkeep
|
|t:|1663939132
|switch|p1a: Buzzwole|Buzzwole|100/100
|-damage|p1a: Buzzwole|88/100|[from] Stealth Rock
|turn|44
|
|t:|1663939135
|move|p2a: Weavile|Triple Axel|p1a: Buzzwole
|-damage|p1a: Buzzwole|81/100
|-damage|p2a: Weavile|34/100|[from] item: Rocky Helmet|[of] p1a: Buzzwole
|-damage|p1a: Buzzwole|65/100
|-damage|p2a: Weavile|18/100|[from] item: Rocky Helmet|[of] p1a: Buzzwole
|-crit|p1a: Buzzwole
|-damage|p1a: Buzzwole|32/100
|-damage|p2a: Weavile|2/100|[from] item: Rocky Helmet|[of] p1a: Buzzwole
|-hitcount|p1a: Buzzwole|3
|move|p1a: Buzzwole|Close Combat|p2a: Weavile
|-supereffective|p2a: Weavile
|-damage|p2a: Weavile|0 fnt
|-unboost|p1a: Buzzwole|def|1
|-unboost|p1a: Buzzwole|spd|1
|faint|p2a: Weavile
|
|win|misplayin
|raw|misplayin's rating: 1613 &rarr; <strong>1632</strong><br />(+19 for winning)
|raw|minimax_ai's rating: 1604 &rarr; <strong>1585</strong><br />(-19 for losing)
|c|☆minimax_ai|gg
|c|☆misplayin|gg
|l|☆minimax_ai
|l|☆misplayin
||Ladder isn't responding, score probably updated but might not have (Request timeout).
|j|☆misplayin
|player|p1|misplayin|bugsy
