|j|☆cogonahorse
|j|☆okaybears
|t:|1662948575
|gametype|singles
|player|p1|cogonahorse|workerice|1619
|player|p2|okaybears|bugcatcher-gen4dp|1683
|teamsize|p1|6
|teamsize|p2|6
|gen|8
|tier|[Gen 8] OU
|rated|
|rule|Sleep Clause Mod: Limit one foe put to sleep
|rule|Species Clause: Limit one of each Pokémon
|rule|OHKO Clause: OHKO moves are banned
|rule|Evasion Items Clause: Evasion items are banned
|rule|Evasion Moves Clause: Evasion moves are banned
|rule|Endless Battle Clause: Forcing endless battles is banned
|rule|HP Percentage Mod: HP is shown in percentages
|rule|Dynamax Clause: You cannot dynamax
|clearpoke
|poke|p1|Weavile, F|
|poke|p1|Tapu Fini|
|poke|p1|Landorus-Therian, M|
|poke|p1|Ferrothorn, M|
|poke|p1|Heatran, M|
|poke|p1|Tornadus-Therian, M|
|poke|p2|Raichu-Alola, M|
|poke|p2|Tapu Koko|
|poke|p2|Regieleki|
|poke|p2|Zapdos|
|poke|p2|Thundurus-Therian, M|
|poke|p2|Lanturn, M|
|teampreview
|j| Zombini62
|
|t:|1662948594
|start
|switch|p1a: Tapu Fini|Tapu Fini|100/100
|switch|p2a: Lanturn|Lanturn, M|100/100
|-fieldstart|move: Misty Terrain|[from] ability: Misty Surge|[of] p1a: Tapu Fini
|turn|1
|
|t:|1662948610
|move|p1a: Tapu Fini|Nature's Madness|p2a: Lanturn
|-damage|p2a: Lanturn|50/100
|move|p2a: Lanturn|Volt Switch|p1a: Tapu Fini
|-supereffective|p1a: Tapu Fini
|-damage|p1a: Tapu Fini|72/100
|
|t:|1662948615
|switch|p2a: Zapdos|Zapdos|100/100|[from]move: Volt Switch
|
|-heal|p1a: Tapu Fini|78/100|[from] item: Leftovers
|upkeep
|turn|2
|
|t:|1662948632
|switch|p1a: Tornadus|Tornadus-Therian, M|100/100
|move|p2a: Zapdos|Hurricane|p1a: Tornadus|[miss]
|-miss|p2a: Zapdos|p1a: Tornadus
|
|upkeep
|turn|3
|
|t:|1662948652
|move|p1a: Tornadus|Hurricane|p2a: Zapdos
|-resisted|p2a: Zapdos
|-damage|p2a: Zapdos|77/100
|-start|p2a: Zapdos|confusion
|-activate|p2a: Zapdos|confusion
|-damage|p2a: Zapdos|69/100|[from] confusion
|
|upkeep
|turn|4
|
|t:|1662948659
|move|p1a: Tornadus|Heat Wave|p2a: Zapdos
|-damage|p2a: Zapdos|41/100
|-end|p2a: Zapdos|confusion
|move|p2a: Zapdos|Hurricane|p1a: Tornadus
|-damage|p1a: Tornadus|50/100
|
|upkeep
|turn|5
|
|t:|1662948669
|move|p1a: Tornadus|Knock Off|p2a: Zapdos
|-damage|p2a: Zapdos|16/100
|-status|p1a: Tornadus|par|[from] ability: Static|[of] p2a: Zapdos
|-enditem|p2a: Zapdos|Choice Specs|[from] move: Knock Off|[of] p1a: Tornadus
|move|p2a: Zapdos|Hurricane|p1a: Tornadus
|-damage|p1a: Tornadus|12/100 par
|
|-fieldend|Misty Terrain
|upkeep
|turn|6
|
|t:|1662948683
|move|p2a: Zapdos|Volt Switch|p1a: Tornadus
|-supereffective|p1a: Tornadus
|-damage|p1a: Tornadus|0 fnt
|faint|p1a: Tornadus
|
|t:|1662948691
|switch|p2a: Tapu Koko|Tapu Koko|100/100|[from]move: Volt Switch
|-fieldstart|move: Electric Terrain|[from] ability: Electric Surge|[of] p2a: Tapu Koko
|
|upkeep
|
|t:|1662948694
|switch|p1a: Tapu Fini|Tapu Fini|78/100
|-fieldstart|move: Misty Terrain|[from] ability: Misty Surge|[of] p1a: Tapu Fini
|turn|7
|
|t:|1662948698
|switch|p1a: Landorus|Landorus-Therian, M|100/100
|-ability|p1a: Landorus|Intimidate|boost
|-unboost|p2a: Tapu Koko|atk|1
|move|p2a: Tapu Koko|U-turn|p1a: Landorus
|-resisted|p1a: Landorus
|-damage|p1a: Landorus|95/100
|
|t:|1662948701
|switch|p2a: Zapdos|Zapdos|16/100|[from]move: U-turn
|
|-heal|p1a: Landorus|100/100|[from] item: Leftovers
|upkeep
|turn|8
|
|t:|1662948710
|move|p2a: Zapdos|Hurricane|p1a: Landorus|[miss]
|-miss|p2a: Zapdos|p1a: Landorus
|move|p1a: Landorus|Toxic|p2a: Zapdos
|-status|p2a: Zapdos|tox
|
|-damage|p2a: Zapdos|10/100 tox|[from] psn
|upkeep
|turn|9
|
|t:|1662948718
|switch|p1a: Heatran|Heatran, M|100/100
|-item|p1a: Heatran|Air Balloon
|move|p2a: Zapdos|Volt Switch|p1a: Heatran
|-damage|p1a: Heatran|68/100
|-enditem|p1a: Heatran|Air Balloon
|
|t:|1662948723
|switch|p2a: Thundurus|Thundurus-Therian, M|100/100|[from]move: Volt Switch
|
|upkeep
|turn|10
|
|t:|1662948730
|move|p2a: Thundurus|Focus Blast|p1a: Heatran
|-supereffective|p1a: Heatran
|-damage|p1a: Heatran|0 fnt
|faint|p1a: Heatran
|
|upkeep
|
|t:|1662948733
|switch|p1a: Weavile|Weavile, F|100/100
|-ability|p1a: Weavile|Pressure
|turn|11
|
|t:|1662948738
|switch|p2a: Lanturn|Lanturn, M|50/100
|move|p1a: Weavile|Triple Axel|p2a: Lanturn
|-resisted|p2a: Lanturn
|-damage|p2a: Lanturn|47/100
|-resisted|p2a: Lanturn
|-damage|p2a: Lanturn|39/100
|-resisted|p2a: Lanturn
|-damage|p2a: Lanturn|28/100
|-hitcount|p2a: Lanturn|3
|
|-heal|p2a: Lanturn|34/100|[from] item: Leftovers
|-fieldend|Misty Terrain
|upkeep
|turn|12
|
|t:|1662948749
|move|p1a: Weavile|Knock Off|p2a: Lanturn
|-damage|p2a: Lanturn|0 fnt
|-enditem|p2a: Lanturn|Leftovers|[from] move: Knock Off|[of] p1a: Weavile
|faint|p2a: Lanturn
|
|upkeep
|
|t:|1662948756
|switch|p2a: Tapu Koko|Tapu Koko|100/100
|-fieldstart|move: Electric Terrain|[from] ability: Electric Surge|[of] p2a: Tapu Koko
|turn|13
|
|t:|1662948765
|switch|p1a: Tapu Fini|Tapu Fini|78/100
|-fieldstart|move: Misty Terrain|[from] ability: Misty Surge|[of] p1a: Tapu Fini
|move|p2a: Tapu Koko|Toxic|p1a: Tapu Fini
|-activate|p1a: Tapu Fini|move: Misty Terrain
|
|-heal|p1a: Tapu Fini|84/100|[from] item: Leftovers
|upkeep
|turn|14
|
|t:|1662948770
|switch|p1a: Landorus|Landorus-Therian, M|100/100
|-ability|p1a: Landorus|Intimidate|boost
|-unboost|p2a: Tapu Koko|atk|1
|move|p2a: Tapu Koko|Toxic|p1a: Landorus
|-status|p1a: Landorus|tox
|
|-damage|p1a: Landorus|94/100 tox|[from] psn
|upkeep
|turn|15
|
|t:|1662948776
|move|p2a: Tapu Koko|U-turn|p1a: Landorus
|-resisted|p1a: Landorus
|-damage|p1a: Landorus|90/100 tox
|
|t:|1662948781
|switch|p2a: Thundurus|Thundurus-Therian, M|100/100|[from]move: U-turn
|move|p1a: Landorus|U-turn|p2a: Thundurus
|-resisted|p2a: Thundurus
|-damage|p2a: Thundurus|82/100
|
|t:|1662948785
|switch|p1a: Weavile|Weavile, F|100/100|[from]move: U-turn
|-ability|p1a: Weavile|Pressure
|
|upkeep
|turn|16
|
|t:|1662948792
|switch|p2a: Tapu Koko|Tapu Koko|100/100
|-fieldstart|move: Electric Terrain|[from] ability: Electric Surge|[of] p2a: Tapu Koko
|move|p1a: Weavile|Triple Axel|p2a: Tapu Koko
|-damage|p2a: Tapu Koko|88/100
|-damage|p2a: Tapu Koko|64/100
|-hitcount|p2a: Tapu Koko|2
|
|upkeep
|turn|17
|
|t:|1662948805
|switch|p1a: Ferrothorn|Ferrothorn, M|100/100
|move|p2a: Tapu Koko|Roost|p2a: Tapu Koko
|-heal|p2a: Tapu Koko|100/100
|-singleturn|p2a: Tapu Koko|move: Roost
|
|upkeep
|turn|18
|
|t:|1662948811
|switch|p2a: Thundurus|Thundurus-Therian, M|82/100
|move|p1a: Ferrothorn|Stealth Rock|p2a: Thundurus
|-sidestart|p2: okaybears|move: Stealth Rock
|
|upkeep
|turn|19
|
|t:|1662948816
|switch|p1a: Tapu Fini|Tapu Fini|84/100
|-fieldstart|move: Misty Terrain|[from] ability: Misty Surge|[of] p1a: Tapu Fini
|move|p2a: Thundurus|Defog|p1a: Tapu Fini
|-unboost|p1a: Tapu Fini|evasion|1
|-sideend|p2: okaybears|Stealth Rock|[from] move: Defog|[of] p2a: Thundurus
|-fieldend|Misty Terrain
|
|-heal|p1a: Tapu Fini|90/100|[from] item: Leftovers
|upkeep
|turn|20
|
|t:|1662948827
|switch|p1a: Landorus|Landorus-Therian, M|90/100 tox
|-ability|p1a: Landorus|Intimidate|boost
|-unboost|p2a: Thundurus|atk|1
|move|p2a: Thundurus|Thunderbolt|p1a: Landorus
|-immune|p1a: Landorus
|
|-heal|p1a: Landorus|96/100 tox|[from] item: Leftovers
|-damage|p1a: Landorus|90/100 tox|[from] psn
|upkeep
|turn|21
|
|t:|1662948835
|move|p2a: Thundurus|Grass Knot|p1a: Landorus
|-damage|p1a: Landorus|66/100 tox
|move|p1a: Landorus|U-turn|p2a: Thundurus
|-resisted|p2a: Thundurus
|-damage|p2a: Thundurus|67/100
|
|t:|1662948838
|switch|p1a: Weavile|Weavile, F|100/100|[from]move: U-turn
|-ability|p1a: Weavile|Pressure
|
|upkeep
|turn|22
|
|t:|1662948847
|switch|p2a: Tapu Koko|Tapu Koko|100/100
|-fieldstart|move: Electric Terrain|[from] ability: Electric Surge|[of] p2a: Tapu Koko
|move|p1a: Weavile|Triple Axel|p2a: Tapu Koko
|-damage|p2a: Tapu Koko|90/100
|-damage|p2a: Tapu Koko|67/100
|-hitcount|p2a: Tapu Koko|2
|
|upkeep
|turn|23
|
|t:|1662948861
|switch|p1a: Ferrothorn|Ferrothorn, M|100/100
|move|p2a: Tapu Koko|Roost|p2a: Tapu Koko
|-heal|p2a: Tapu Koko|100/100
|-singleturn|p2a: Tapu Koko|move: Roost
|
|upkeep
|turn|24
|
|t:|1662948871
|switch|p2a: Thundurus|Thundurus-Therian, M|67/100
|move|p1a: Ferrothorn|Leech Seed|p2a: Thundurus
|-start|p2a: Thundurus|move: Leech Seed
|
|-damage|p2a: Thundurus|54/100|[from] Leech Seed|[of] p1a: Ferrothorn
|upkeep
|turn|25
|
|t:|1662948877
|switch|p1a: Landorus|Landorus-Therian, M|66/100 tox
|-ability|p1a: Landorus|Intimidate|boost
|-unboost|p2a: Thundurus|atk|1
|move|p2a: Thundurus|Focus Blast|p1a: Landorus
|-resisted|p1a: Landorus
|-damage|p1a: Landorus|51/100 tox
|
|-heal|p1a: Landorus|57/100 tox|[from] item: Leftovers
|-damage|p2a: Thundurus|42/100|[from] Leech Seed|[of] p1a: Landorus
|-heal|p1a: Landorus|66/100 tox|[silent]
|-damage|p1a: Landorus|60/100 tox|[from] psn
|upkeep
|turn|26
|
|t:|1662948892
|move|p2a: Thundurus|Focus Blast|p1a: Landorus
|-resisted|p1a: Landorus
|-damage|p1a: Landorus|42/100 tox
|move|p1a: Landorus|U-turn|p2a: Thundurus
|-resisted|p2a: Thundurus
|-damage|p2a: Thundurus|26/100
|
|t:|1662948896
|switch|p1a: Weavile|Weavile, F|100/100|[from]move: U-turn
|-ability|p1a: Weavile|Pressure
|
|-damage|p2a: Thundurus|14/100|[from] Leech Seed|[of] p1a: Weavile
|upkeep
|turn|27
|
|t:|1662948905
|switch|p2a: Tapu Koko|Tapu Koko|100/100
|move|p1a: Weavile|Knock Off|p2a: Tapu Koko
|-resisted|p2a: Tapu Koko
|-damage|p2a: Tapu Koko|73/100
|-enditem|p2a: Tapu Koko|Terrain Extender|[from] move: Knock Off|[of] p1a: Weavile
|
|upkeep
|turn|28
|
|t:|1662948912
|switch|p1a: Ferrothorn|Ferrothorn, M|100/100
|move|p2a: Tapu Koko|U-turn|p1a: Ferrothorn
|-damage|p1a: Ferrothorn|91/100
|-damage|p2a: Tapu Koko|60/100|[from] ability: Iron Barbs|[of] p1a: Ferrothorn
|-damage|p2a: Tapu Koko|44/100|[from] item: Rocky Helmet|[of] p1a: Ferrothorn
|
|t:|1662948919
|switch|p2a: Zapdos|Zapdos|10/100 tox|[from]move: U-turn
|
|-damage|p2a: Zapdos|4/100 tox|[from] psn
|upkeep
|turn|29
|
|t:|1662948930
|switch|p1a: Tapu Fini|Tapu Fini|90/100
|-fieldstart|move: Misty Terrain|[from] ability: Misty Surge|[of] p1a: Tapu Fini
|move|p2a: Zapdos|Hurricane|p1a: Tapu Fini|[miss]
|-miss|p2a: Zapdos|p1a: Tapu Fini
|
|-heal|p1a: Tapu Fini|96/100|[from] item: Leftovers
|-damage|p2a: Zapdos|0 fnt|[from] psn
|faint|p2a: Zapdos
|upkeep
|
|t:|1662948938
|switch|p2a: Tapu Koko|Tapu Koko|44/100
|-fieldstart|move: Electric Terrain|[from] ability: Electric Surge|[of] p2a: Tapu Koko
|turn|30
|
|t:|1662948942
|switch|p1a: Ferrothorn|Ferrothorn, M|91/100
|move|p2a: Tapu Koko|U-turn|p1a: Ferrothorn
|-damage|p1a: Ferrothorn|81/100
|-damage|p2a: Tapu Koko|31/100|[from] ability: Iron Barbs|[of] p1a: Ferrothorn
|-damage|p2a: Tapu Koko|15/100|[from] item: Rocky Helmet|[of] p1a: Ferrothorn
|
|t:|1662948948
|switch|p2a: Raichu|Raichu-Alola, M|100/100|[from]move: U-turn
|
|upkeep
|turn|31
|
|t:|1662948951
|move|p2a: Raichu|Nasty Plot|p2a: Raichu
|-boost|p2a: Raichu|spa|2
|move|p1a: Ferrothorn|Knock Off|p2a: Raichu
|-supereffective|p2a: Raichu
|-damage|p2a: Raichu|12/100
|-enditem|p2a: Raichu|Life Orb|[from] move: Knock Off|[of] p1a: Ferrothorn
|
|upkeep
|turn|32
|
|t:|1662948981
|switch|p1a: Tapu Fini|Tapu Fini|96/100
|-fieldstart|move: Misty Terrain|[from] ability: Misty Surge|[of] p1a: Tapu Fini
|move|p2a: Raichu|Rising Voltage|p1a: Tapu Fini
|-supereffective|p1a: Tapu Fini
|-damage|p1a: Tapu Fini|0 fnt
|faint|p1a: Tapu Fini
|
|upkeep
|
|t:|1662948990
|switch|p1a: Weavile|Weavile, F|100/100
|-ability|p1a: Weavile|Pressure
|turn|33
|
|t:|1662948996
|switch|p2a: Tapu Koko|Tapu Koko|15/100
|-fieldstart|move: Electric Terrain|[from] ability: Electric Surge|[of] p2a: Tapu Koko
|move|p1a: Weavile|Ice Shard|p2a: Tapu Koko
|-damage|p2a: Tapu Koko|0 fnt
|faint|p2a: Tapu Koko
|
|upkeep
|
|t:|1662948998
|switch|p2a: Regieleki|Regieleki|100/100
|turn|34
|
|t:|1662949011
|switch|p1a: Ferrothorn|Ferrothorn, M|81/100
|move|p2a: Regieleki|Rising Voltage|p1a: Ferrothorn
|-hint|Rising Voltage's BP doubled on grounded target.
|-resisted|p1a: Ferrothorn
|-damage|p1a: Ferrothorn|4/100
|
|upkeep
|turn|35
|j| chicago slime
|
|t:|1662949017
|switch|p2a: Raichu|Raichu-Alola, M|12/100
|move|p1a: Ferrothorn|Knock Off|p2a: Raichu
|-supereffective|p2a: Raichu
|-damage|p2a: Raichu|0 fnt
|faint|p2a: Raichu
|
|upkeep
|
|t:|1662949022
|switch|p2a: Regieleki|Regieleki|100/100
|turn|36
|
|t:|1662949026
|move|p2a: Regieleki|Ancient Power|p1a: Ferrothorn
|-resisted|p1a: Ferrothorn
|-damage|p1a: Ferrothorn|0 fnt
|faint|p1a: Ferrothorn
|
|upkeep
|
|t:|1662949028
|switch|p1a: Landorus|Landorus-Therian, M|42/100 tox
|-ability|p1a: Landorus|Intimidate|boost
|-unboost|p2a: Regieleki|atk|1
|turn|37
|
|t:|1662949038
|switch|p2a: Thundurus|Thundurus-Therian, M|14/100
|move|p1a: Landorus|Earthquake|p2a: Thundurus
|-immune|p2a: Thundurus
|
|-heal|p1a: Landorus|48/100 tox|[from] item: Leftovers
|-damage|p1a: Landorus|42/100 tox|[from] psn
|-fieldend|move: Electric Terrain
|upkeep
|turn|38
|
|t:|1662949049
|move|p2a: Thundurus|Grass Knot|p1a: Landorus
|-damage|p1a: Landorus|20/100 tox
|move|p1a: Landorus|U-turn|p2a: Thundurus
|-resisted|p2a: Thundurus
|-damage|p2a: Thundurus|0 fnt
|faint|p2a: Thundurus
|
|t:|1662949056
|switch|p1a: Weavile|Weavile, F|100/100|[from]move: U-turn
|-ability|p1a: Weavile|Pressure
|
|upkeep
|
|t:|1662949061
|switch|p2a: Regieleki|Regieleki|100/100
|turn|39
|
|t:|1662949090
|move|p2a: Regieleki|Ancient Power|p1a: Weavile
|-supereffective|p1a: Weavile
|-damage|p1a: Weavile|28/100
|move|p1a: Weavile|Triple Axel|p2a: Regieleki|[miss]
|-miss|p1a: Weavile|p2a: Regieleki
|
|upkeep
|turn|40
|
|t:|1662949096
|move|p2a: Regieleki|Ancient Power|p1a: Weavile
|-supereffective|p1a: Weavile
|-damage|p1a: Weavile|0 fnt
|faint|p1a: Weavile
|
|upkeep
|
|t:|1662949098
|switch|p1a: Landorus|Landorus-Therian, M|20/100 tox
|-ability|p1a: Landorus|Intimidate|boost
|-unboost|p2a: Regieleki|atk|1
|turn|41
|
|t:|1662949103
|move|p2a: Regieleki|Ancient Power|p1a: Landorus
|-damage|p1a: Landorus|0 fnt
|faint|p1a: Landorus
|
|win|okaybears
|raw|cogonahorse's rating: 1619 &rarr; <strong>1603</strong><br />(-16 for losing)
|raw|okaybears's rating: 1683 &rarr; <strong>1699</strong><br />(+16 for winning)
