|raw|<div class="broadcast-blue"><strong>This battle is required to be public due to a player having a name starting with 'lt81yl'.</div>
|j|☆Lenape
|j|☆LT81YL crying
|t:|1625247307
|gametype|singles
|player|p1|Lenape|2|1972
|player|p2|LT81YL crying|lass-gen4dp|1925
|teamsize|p1|6
|teamsize|p2|6
|gen|8
|tier|[Gen 8] OU
|rated|
|rule|Sleep Clause Mod: Limit one foe put to sleep
|rule|Species Clause: Limit one of each Pokémon
|rule|OHKO Clause: OHKO moves are banned
|rule|Evasion Moves Clause: Evasion moves are banned
|rule|Endless Battle Clause: Forcing endless battles is banned
|rule|HP Percentage Mod: HP is shown in percentages
|rule|Dynamax Clause: You cannot dynamax
|clearpoke
|poke|p1|Rotom-Heat|
|poke|p1|Corviknight, M|
|poke|p1|Sylveon, F|
|poke|p1|Rhyperior, M|
|poke|p1|Toxapex, F|
|poke|p1|Umbreon, M|
|poke|p2|Clefable, F|
|poke|p2|Magnezone|
|poke|p2|Weavile, F|
|poke|p2|Landorus-Therian, M|
|poke|p2|Toxapex, M|
|poke|p2|Buzzwole|
|teampreview
|inactive|Battle timer is ON: inactive players will automatically lose when time's up. (requested by LT81YL crying)
|j| Bulletclaw
|j| Amy Quaris
|j| egalvanc
|j| LT81YL pj
|j| cute pink team
|j| skylink42 ❤
|j| spookyz
|j| Zuraz
|j| Shiox
|j| ironwater
|inactive|LT81YL crying has 120 seconds left.
|
|t:|1625247337
|start
|switch|p1a: Rotom|Rotom-Heat|100/100
|switch|p2a: Toxapex|Toxapex, M|100/100
|turn|1
|
|t:|1625247342
|move|p1a: Rotom|Trick|p2a: Toxapex
|-activate|p1a: Rotom|move: Trick|[of] p2a: Toxapex
|-item|p2a: Toxapex|Choice Scarf|[from] move: Trick
|-item|p1a: Rotom|Shed Shell|[from] move: Trick
|move|p2a: Toxapex|Toxic|p1a: Rotom
|-status|p1a: Rotom|tox
|
|-damage|p1a: Rotom|94/100 tox|[from] psn
|upkeep
|turn|2
|
|t:|1625247351
|switch|p2a: Landorus|Landorus-Therian, M|100/100
|-ability|p2a: Landorus|Intimidate|boost
|-unboost|p1a: Rotom|atk|1
|move|p1a: Rotom|Will-O-Wisp|p2a: Landorus
|-status|p2a: Landorus|brn
|
|-damage|p1a: Rotom|82/100 tox|[from] psn
|-damage|p2a: Landorus|94/100 brn|[from] brn
|upkeep
|turn|3
|
|t:|1625247358
|switch|p1a: Umbreon|Umbreon, M|100/100
|move|p2a: Landorus|U-turn|p1a: Umbreon
|-supereffective|p1a: Umbreon
|-damage|p1a: Umbreon|88/100
|j| iKiQ ㋛
|j| Kostac
|
|t:|1625247370
|switch|p2a: Buzzwole|Buzzwole|100/100|[from]move: U-turn
|
|-heal|p1a: Umbreon|94/100|[from] item: Leftovers
|upkeep
|turn|4
|
|t:|1625247374
|switch|p1a: Toxapex|Toxapex, F|100/100
|move|p2a: Buzzwole|Close Combat|p1a: Toxapex
|-resisted|p1a: Toxapex
|-damage|p1a: Toxapex|80/100
|-unboost|p2a: Buzzwole|def|1
|-unboost|p2a: Buzzwole|spd|1
|
|-heal|p1a: Toxapex|86/100|[from] item: Black Sludge
|upkeep
|turn|5
|
|t:|1625247382
|switch|p2a: Toxapex|Toxapex, M|100/100
|switch|p1a: Rhyperior|Rhyperior, M|100/100
|
|upkeep
|turn|6
|
|t:|1625247389
|move|p2a: Toxapex|Toxic|p1a: Rhyperior
|-status|p1a: Rhyperior|tox
|move|p1a: Rhyperior|Stealth Rock|p2a: Toxapex
|-sidestart|p2: LT81YL crying|move: Stealth Rock
|
|-damage|p1a: Rhyperior|94/100 tox|[from] psn
|upkeep
|turn|7
|
|t:|1625247392
|switch|p2a: Landorus|Landorus-Therian, M|94/100 brn
|-damage|p2a: Landorus|82/100 brn|[from] Stealth Rock
|-ability|p2a: Landorus|Intimidate|boost
|-unboost|p1a: Rhyperior|atk|1
|switch|p1a: Umbreon|Umbreon, M|94/100
|
|-heal|p2a: Landorus|88/100 brn|[from] item: Leftovers
|-heal|p1a: Umbreon|100/100|[from] item: Leftovers
|-damage|p2a: Landorus|82/100 brn|[from] brn
|upkeep
|turn|8
|
|t:|1625247396
|move|p1a: Umbreon|Protect|p1a: Umbreon
|-singleturn|p1a: Umbreon|Protect
|move|p2a: Landorus|Defog|p1a: Umbreon
|-activate|p1a: Umbreon|move: Protect
|
|-heal|p2a: Landorus|88/100 brn|[from] item: Leftovers
|-damage|p2a: Landorus|82/100 brn|[from] brn
|upkeep
|turn|9
|
|t:|1625247400
|move|p2a: Landorus|Defog|p1a: Umbreon
|-unboost|p1a: Umbreon|evasion|1
|-sideend|p2: LT81YL crying|Stealth Rock|[from] move: Defog|[of] p2a: Landorus
|move|p1a: Umbreon|Foul Play|p2a: Landorus
|-damage|p2a: Landorus|40/100 brn
|
|-heal|p2a: Landorus|46/100 brn|[from] item: Leftovers
|-damage|p2a: Landorus|40/100 brn|[from] brn
|upkeep
|turn|10
|j| can i get a yurr
|j| LT81YL stareal
|
|t:|1625247405
|move|p2a: Landorus|U-turn|p1a: Umbreon
|-supereffective|p1a: Umbreon
|-damage|p1a: Umbreon|87/100
|
|t:|1625247412
|switch|p2a: Clefable|Clefable, F|100/100|[from]move: U-turn
|move|p1a: Umbreon|Heal Bell|p1a: Umbreon
|-activate|p1a: Umbreon|move: Heal Bell
|-curestatus|p1: Rhyperior|tox|[msg]
|-curestatus|p1: Rotom|tox|[msg]
|
|-heal|p1a: Umbreon|93/100|[from] item: Leftovers
|upkeep
|turn|11
|
|t:|1625247423
|switch|p1a: Rhyperior|Rhyperior, M|94/100
|move|p2a: Clefable|Calm Mind|p2a: Clefable
|-boost|p2a: Clefable|spa|1
|-boost|p2a: Clefable|spd|1
|
|-heal|p1a: Rhyperior|100/100|[from] item: Leftovers
|upkeep
|turn|12
|
|t:|1625247425
|move|p2a: Clefable|Moonblast|p1a: Rhyperior
|-damage|p1a: Rhyperior|60/100
|move|p1a: Rhyperior|Heavy Slam|p2a: Clefable
|-supereffective|p2a: Clefable
|-damage|p2a: Clefable|19/100
|
|-heal|p2a: Clefable|25/100|[from] item: Leftovers
|-heal|p1a: Rhyperior|66/100|[from] item: Leftovers
|upkeep
|turn|13
|j| KickingLee
|j| LT81YL Hockey
|j| LT81YL Skype
|
|t:|1625247432
|switch|p2a: Buzzwole|Buzzwole|100/100
|move|p1a: Rhyperior|Heavy Slam|p2a: Buzzwole
|-damage|p2a: Buzzwole|93/100
|-damage|p1a: Rhyperior|50/100|[from] item: Rocky Helmet|[of] p2a: Buzzwole
|
|-heal|p1a: Rhyperior|56/100|[from] item: Leftovers
|upkeep
|turn|14
|
|t:|1625247436
|switch|p2a: Clefable|Clefable, F|25/100
|switch|p1a: Toxapex|Toxapex, F|100/100
|
|-heal|p2a: Clefable|31/100|[from] item: Leftovers
|upkeep
|turn|15
|j| MAD MURASAKI
|
|t:|1625247438
|switch|p1a: Rhyperior|Rhyperior, M|56/100
|move|p2a: Clefable|Soft-Boiled|p2a: Clefable
|-heal|p2a: Clefable|81/100
|
|-heal|p2a: Clefable|88/100|[from] item: Leftovers
|-heal|p1a: Rhyperior|62/100|[from] item: Leftovers
|upkeep
|turn|16
|
|t:|1625247440
|switch|p2a: Buzzwole|Buzzwole|93/100
|move|p1a: Rhyperior|Stealth Rock|p2a: Buzzwole
|-sidestart|p2: LT81YL crying|move: Stealth Rock
|
|-heal|p1a: Rhyperior|68/100|[from] item: Leftovers
|upkeep
|turn|17
|j| AGCL6 Swas
|
|t:|1625247448
|switch|p2a: Landorus|Landorus-Therian, M|40/100 brn
|-damage|p2a: Landorus|27/100 brn|[from] Stealth Rock
|-ability|p2a: Landorus|Intimidate|boost
|-unboost|p1a: Rhyperior|atk|1
|switch|p1a: Toxapex|Toxapex, F|100/100
|
|-heal|p2a: Landorus|33/100 brn|[from] item: Leftovers
|-damage|p2a: Landorus|27/100 brn|[from] brn
|upkeep
|turn|18
|j| Zombini62
|l| LT81YL Skype
|
|t:|1625247450
|move|p1a: Toxapex|Baneful Bunker|p1a: Toxapex
|-singleturn|p1a: Toxapex|move: Protect
|move|p2a: Landorus|Stealth Rock|p1a: Toxapex
|-sidestart|p1: Lenape|move: Stealth Rock
|
|-heal|p2a: Landorus|33/100 brn|[from] item: Leftovers
|-damage|p2a: Landorus|27/100 brn|[from] brn
|upkeep
|turn|19
|
|t:|1625247458
|move|p2a: Landorus|U-turn|p1a: Toxapex
|-resisted|p1a: Toxapex
|-damage|p1a: Toxapex|97/100
|
|t:|1625247460
|switch|p2a: Toxapex|Toxapex, M|100/100|[from]move: U-turn
|-damage|p2a: Toxapex|88/100|[from] Stealth Rock
|move|p1a: Toxapex|Scald|p2a: Toxapex
|-resisted|p2a: Toxapex
|-crit|p2a: Toxapex
|-damage|p2a: Toxapex|79/100
|
|-heal|p1a: Toxapex|100/100|[from] item: Black Sludge
|upkeep
|turn|20
|
|t:|1625247465
|move|p2a: Toxapex|Knock Off|p1a: Toxapex
|-damage|p1a: Toxapex|92/100
|-enditem|p1a: Toxapex|Black Sludge|[from] move: Knock Off|[of] p2a: Toxapex
|move|p1a: Toxapex|Scald|p2a: Toxapex
|-resisted|p2a: Toxapex
|-crit|p2a: Toxapex
|-damage|p2a: Toxapex|70/100
|
|upkeep
|turn|21
|
|t:|1625247469
|move|p2a: Toxapex|Knock Off|p1a: Toxapex
|-damage|p1a: Toxapex|86/100
|move|p1a: Toxapex|Scald|p2a: Toxapex
|-resisted|p2a: Toxapex
|-damage|p2a: Toxapex|65/100
|-status|p2a: Toxapex|brn
|
|-damage|p2a: Toxapex|59/100 brn|[from] brn
|upkeep
|turn|22
|
|t:|1625247472
|switch|p1a: Umbreon|Umbreon, M|93/100
|-damage|p1a: Umbreon|81/100|[from] Stealth Rock
|move|p2a: Toxapex|Knock Off|p1a: Umbreon
|-resisted|p1a: Umbreon
|-damage|p1a: Umbreon|79/100
|-enditem|p1a: Umbreon|Leftovers|[from] move: Knock Off|[of] p2a: Toxapex
|
|-damage|p2a: Toxapex|53/100 brn|[from] brn
|upkeep
|turn|23
|
|t:|1625247478
|switch|p2a: Clefable|Clefable, F|88/100
|move|p1a: Umbreon|Wish|p1a: Umbreon
|
|-heal|p2a: Clefable|94/100|[from] item: Leftovers
|upkeep
|turn|24
|
|t:|1625247486
|switch|p1a: Rhyperior|Rhyperior, M|68/100
|-damage|p1a: Rhyperior|62/100|[from] Stealth Rock
|switch|p2a: Buzzwole|Buzzwole|93/100
|-damage|p2a: Buzzwole|81/100|[from] Stealth Rock
|
|-heal|p1a: Rhyperior|100/100|[from] move: Wish|[wisher] Umbreon
|upkeep
|turn|25
|
|t:|1625247504
|switch|p2a: Clefable|Clefable, F|94/100
|switch|p1a: Toxapex|Toxapex, F|100/100
|-damage|p1a: Toxapex|88/100|[from] Stealth Rock
|
|-heal|p2a: Clefable|99/100|[from] item: Leftovers
|upkeep
|turn|26
|
|t:|1625247513
|switch|p1a: Rhyperior|Rhyperior, M|100/100
|-damage|p1a: Rhyperior|94/100|[from] Stealth Rock
|move|p2a: Clefable|Calm Mind|p2a: Clefable
|-boost|p2a: Clefable|spa|1
|-boost|p2a: Clefable|spd|1
|
|-heal|p2a: Clefable|100/100|[from] item: Leftovers
|-heal|p1a: Rhyperior|100/100|[from] item: Leftovers
|upkeep
|turn|27
|
|t:|1625247515
|switch|p2a: Buzzwole|Buzzwole|81/100
|-damage|p2a: Buzzwole|68/100|[from] Stealth Rock
|move|p1a: Rhyperior|Heavy Slam|p2a: Buzzwole
|-damage|p2a: Buzzwole|60/100
|-damage|p1a: Rhyperior|84/100|[from] item: Rocky Helmet|[of] p2a: Buzzwole
|
|-heal|p1a: Rhyperior|90/100|[from] item: Leftovers
|upkeep
|turn|28
|
|t:|1625247518
|switch|p1a: Toxapex|Toxapex, F|100/100
|-damage|p1a: Toxapex|88/100|[from] Stealth Rock
|move|p2a: Buzzwole|Roost|p2a: Buzzwole
|-heal|p2a: Buzzwole|100/100
|-singleturn|p2a: Buzzwole|move: Roost
|
|upkeep
|turn|29
|l| Bulletclaw
|
|t:|1625247526
|switch|p2a: Toxapex|Toxapex, M|86/100 brn
|-damage|p2a: Toxapex|74/100 brn|[from] Stealth Rock
|switch|p1a: Rotom|Rotom-Heat|82/100
|-damage|p1a: Rotom|57/100|[from] Stealth Rock
|
|-damage|p2a: Toxapex|68/100 brn|[from] brn
|upkeep
|turn|30
|j| Bulletclaw
|
|t:|1625247552
|move|p1a: Rotom|Defog|p2a: Toxapex
|-unboost|p2a: Toxapex|evasion|1
|-sideend|p2: LT81YL crying|Stealth Rock|[from] move: Defog|[of] p1a: Rotom
|-sideend|p1: Lenape|Stealth Rock|[from] move: Defog|[of] p1a: Rotom
|move|p2a: Toxapex|Recover|p2a: Toxapex
|-heal|p2a: Toxapex|100/100 brn
|
|-damage|p2a: Toxapex|95/100 brn|[from] brn
|upkeep
|turn|31
|j| BasedWhat? ♪
|j| watashi
|
|t:|1625247563
|switch|p1a: Rhyperior|Rhyperior, M|90/100
|switch|p2a: Landorus|Landorus-Therian, M|27/100 brn
|-ability|p2a: Landorus|Intimidate|boost
|-unboost|p1a: Rhyperior|atk|1
|
|-heal|p2a: Landorus|33/100 brn|[from] item: Leftovers
|-heal|p1a: Rhyperior|96/100|[from] item: Leftovers
|-damage|p2a: Landorus|27/100 brn|[from] brn
|upkeep
|turn|32
|
|t:|1625247581
|move|p2a: Landorus|U-turn|p1a: Rhyperior
|-damage|p1a: Rhyperior|90/100
|j| TeslaTheJolteon
|
|t:|1625247582
|switch|p2a: Buzzwole|Buzzwole|100/100|[from]move: U-turn
|move|p1a: Rhyperior|Heavy Slam|p2a: Buzzwole
|-damage|p2a: Buzzwole|95/100
|-damage|p1a: Rhyperior|73/100|[from] item: Rocky Helmet|[of] p2a: Buzzwole
|
|-heal|p1a: Rhyperior|79/100|[from] item: Leftovers
|upkeep
|turn|33
|j| lkjdlfjsf
|
|t:|1625247595
|switch|p2a: Landorus|Landorus-Therian, M|27/100 brn
|-ability|p2a: Landorus|Intimidate|boost
|-unboost|p1a: Rhyperior|atk|1
|switch|p1a: Toxapex|Toxapex, F|100/100
|
|-heal|p2a: Landorus|33/100 brn|[from] item: Leftovers
|-damage|p2a: Landorus|27/100 brn|[from] brn
|upkeep
|turn|34
|j| rose of geass
|
|t:|1625247615
|move|p2a: Landorus|U-turn|p1a: Toxapex
|-resisted|p1a: Toxapex
|-damage|p1a: Toxapex|97/100
|
|t:|1625247624
|switch|p2a: Clefable|Clefable, F|100/100|[from]move: U-turn
|move|p1a: Toxapex|Scald|p2a: Clefable
|-damage|p2a: Clefable|89/100
|
|-heal|p2a: Clefable|95/100|[from] item: Leftovers
|upkeep
|turn|35
|
|t:|1625247627
|switch|p1a: Rhyperior|Rhyperior, M|79/100
|move|p2a: Clefable|Moonblast|p1a: Rhyperior
|-damage|p1a: Rhyperior|52/100
|
|-heal|p2a: Clefable|100/100|[from] item: Leftovers
|-heal|p1a: Rhyperior|58/100|[from] item: Leftovers
|upkeep
|turn|36
|
|t:|1625247640
|move|p2a: Clefable|Calm Mind|p2a: Clefable
|-boost|p2a: Clefable|spa|1
|-boost|p2a: Clefable|spd|1
|move|p1a: Rhyperior|Stealth Rock|p2a: Clefable
|-sidestart|p2: LT81YL crying|move: Stealth Rock
|
|-heal|p1a: Rhyperior|65/100|[from] item: Leftovers
|upkeep
|turn|37
|j| Kirito_Tenshi
|
|t:|1625247648
|move|p2a: Clefable|Moonblast|p1a: Rhyperior
|-crit|p1a: Rhyperior
|-damage|p1a: Rhyperior|0 fnt
|faint|p1a: Rhyperior
|
|upkeep
|
|t:|1625247653
|switch|p1a: Sylveon|Sylveon, F|100/100
|turn|38
|
|t:|1625247664
|move|p1a: Sylveon|Calm Mind|p1a: Sylveon
|-boost|p1a: Sylveon|spa|1
|-boost|p1a: Sylveon|spd|1
|move|p2a: Clefable|Calm Mind|p2a: Clefable
|-boost|p2a: Clefable|spa|1
|-boost|p2a: Clefable|spd|1
|
|upkeep
|turn|39
|l| Kirito_Tenshi
|
|t:|1625247669
|move|p1a: Sylveon|Calm Mind|p1a: Sylveon
|-boost|p1a: Sylveon|spa|1
|-boost|p1a: Sylveon|spd|1
|move|p2a: Clefable|Thunder|p1a: Sylveon
|-damage|p1a: Sylveon|87/100
|
|-heal|p1a: Sylveon|93/100|[from] item: Leftovers
|upkeep
|turn|40
|
|t:|1625247672
|move|p1a: Sylveon|Hyper Voice|p2a: Clefable
|-damage|p2a: Clefable|73/100
|move|p2a: Clefable|Thunder|p1a: Sylveon
|-damage|p1a: Sylveon|80/100
|
|-heal|p2a: Clefable|79/100|[from] item: Leftovers
|-heal|p1a: Sylveon|86/100|[from] item: Leftovers
|upkeep
|turn|41
|j| croo
|
|t:|1625247679
|move|p2a: Clefable|Thunder|p1a: Sylveon
|-damage|p1a: Sylveon|75/100
|-status|p1a: Sylveon|par
|cant|p1a: Sylveon|par
|
|-heal|p2a: Clefable|85/100|[from] item: Leftovers
|-heal|p1a: Sylveon|81/100 par|[from] item: Leftovers
|upkeep
|turn|42
|
|t:|1625247683
|move|p2a: Clefable|Calm Mind|p2a: Clefable
|-boost|p2a: Clefable|spa|1
|-boost|p2a: Clefable|spd|1
|cant|p1a: Sylveon|par
|
|-heal|p2a: Clefable|91/100|[from] item: Leftovers
|-heal|p1a: Sylveon|87/100 par|[from] item: Leftovers
|upkeep
|turn|43
|
|t:|1625247684
|move|p2a: Clefable|Calm Mind|p2a: Clefable
|-boost|p2a: Clefable|spa|1
|-boost|p2a: Clefable|spd|1
|cant|p1a: Sylveon|par
|
|-heal|p2a: Clefable|97/100|[from] item: Leftovers
|-heal|p1a: Sylveon|93/100 par|[from] item: Leftovers
|upkeep
|turn|44
|
|t:|1625247686
|move|p2a: Clefable|Calm Mind|p2a: Clefable
|-boost|p2a: Clefable|spa|1
|-boost|p2a: Clefable|spd|1
|move|p1a: Sylveon|Calm Mind|p1a: Sylveon
|-boost|p1a: Sylveon|spa|1
|-boost|p1a: Sylveon|spd|1
|
|-heal|p2a: Clefable|100/100|[from] item: Leftovers
|-heal|p1a: Sylveon|99/100 par|[from] item: Leftovers
|upkeep
|turn|45
|
|t:|1625247688
|move|p2a: Clefable|Calm Mind|p2a: Clefable
|-boost|p2a: Clefable|spa|1
|-boost|p2a: Clefable|spd|1
|move|p1a: Sylveon|Calm Mind|p1a: Sylveon
|-boost|p1a: Sylveon|spa|1
|-boost|p1a: Sylveon|spd|1
|
|-heal|p1a: Sylveon|100/100 par|[from] item: Leftovers
|upkeep
|turn|46
|
|t:|1625247689
|cant|p1a: Sylveon|par
|move|p2a: Clefable|Moonblast|p1a: Sylveon
|-damage|p1a: Sylveon|78/100 par
|
|-heal|p1a: Sylveon|84/100 par|[from] item: Leftovers
|upkeep
|turn|47
|l| MAD MURASAKI
|
|t:|1625247693
|move|p2a: Clefable|Moonblast|p1a: Sylveon
|-damage|p1a: Sylveon|61/100 par
|move|p1a: Sylveon|Calm Mind|p1a: Sylveon
|-boost|p1a: Sylveon|spa|1
|-boost|p1a: Sylveon|spd|1
|
|-heal|p1a: Sylveon|67/100 par|[from] item: Leftovers
|upkeep
|turn|48
|
|t:|1625247696
|move|p2a: Clefable|Moonblast|p1a: Sylveon
|-damage|p1a: Sylveon|47/100 par
|move|p1a: Sylveon|Wish|p1a: Sylveon
|
|-heal|p1a: Sylveon|53/100 par|[from] item: Leftovers
|upkeep
|turn|49
|
|t:|1625247699
|move|p2a: Clefable|Moonblast|p1a: Sylveon
|-damage|p1a: Sylveon|35/100 par
|-unboost|p1a: Sylveon|spa|1
|move|p1a: Sylveon|Calm Mind|p1a: Sylveon
|-boost|p1a: Sylveon|spa|1
|-boost|p1a: Sylveon|spd|1
|
|-heal|p1a: Sylveon|85/100 par|[from] move: Wish|[wisher] Sylveon
|-heal|p1a: Sylveon|91/100 par|[from] item: Leftovers
|upkeep
|turn|50
|
|t:|1625247702
|move|p2a: Clefable|Moonblast|p1a: Sylveon
|-damage|p1a: Sylveon|73/100 par
|cant|p1a: Sylveon|par
|
|-heal|p1a: Sylveon|79/100 par|[from] item: Leftovers
|upkeep
|turn|51
|
|t:|1625247705
|move|p2a: Clefable|Moonblast|p1a: Sylveon
|-damage|p1a: Sylveon|64/100 par
|cant|p1a: Sylveon|par
|
|-heal|p1a: Sylveon|70/100 par|[from] item: Leftovers
|upkeep
|turn|52
|j| MiniLarry
|
|t:|1625247709
|move|p2a: Clefable|Moonblast|p1a: Sylveon
|-damage|p1a: Sylveon|55/100 par
|move|p1a: Sylveon|Calm Mind|p1a: Sylveon
|-boost|p1a: Sylveon|spa|1
|-boost|p1a: Sylveon|spd|0
|
|-heal|p1a: Sylveon|61/100 par|[from] item: Leftovers
|upkeep
|turn|53
|
|t:|1625247718
|move|p2a: Clefable|Moonblast|p1a: Sylveon
|-damage|p1a: Sylveon|43/100 par
|move|p1a: Sylveon|Wish|p1a: Sylveon
|
|-heal|p1a: Sylveon|49/100 par|[from] item: Leftovers
|upkeep
|turn|54
|
|t:|1625247721
|move|p2a: Clefable|Moonblast|p1a: Sylveon
|-damage|p1a: Sylveon|32/100 par
|cant|p1a: Sylveon|par
|
|-heal|p1a: Sylveon|82/100 par|[from] move: Wish|[wisher] Sylveon
|-heal|p1a: Sylveon|88/100 par|[from] item: Leftovers
|upkeep
|turn|55
|
|t:|1625247725
|move|p1a: Sylveon|Protect|p1a: Sylveon
|-singleturn|p1a: Sylveon|Protect
|move|p2a: Clefable|Moonblast|p1a: Sylveon
|-activate|p1a: Sylveon|move: Protect
|
|-heal|p1a: Sylveon|94/100 par|[from] item: Leftovers
|upkeep
|turn|56
|
|t:|1625247729
|move|p2a: Clefable|Moonblast|p1a: Sylveon
|-damage|p1a: Sylveon|79/100 par
|move|p1a: Sylveon|Hyper Voice|p2a: Clefable
|-damage|p2a: Clefable|73/100
|
|-heal|p2a: Clefable|79/100|[from] item: Leftovers
|-heal|p1a: Sylveon|85/100 par|[from] item: Leftovers
|upkeep
|turn|57
|
|t:|1625247737
|cant|p1a: Sylveon|par
|move|p2a: Clefable|Moonblast|p1a: Sylveon
|-damage|p1a: Sylveon|70/100 par
|
|-heal|p2a: Clefable|85/100|[from] item: Leftovers
|-heal|p1a: Sylveon|76/100 par|[from] item: Leftovers
|upkeep
|turn|58
|
|t:|1625247740
|switch|p2a: Toxapex|Toxapex, M|100/100 brn
|-damage|p2a: Toxapex|88/100 brn|[from] Stealth Rock
|move|p1a: Sylveon|Protect||[still]
|-fail|p1a: Sylveon
|
|-heal|p1a: Sylveon|82/100 par|[from] item: Leftovers
|-damage|p2a: Toxapex|82/100 brn|[from] brn
|upkeep
|turn|59
|
|t:|1625247741
|move|p2a: Toxapex|Haze|p2a: Toxapex
|-clearallboost
|cant|p1a: Sylveon|par
|
|-heal|p1a: Sylveon|88/100 par|[from] item: Leftovers
|-damage|p2a: Toxapex|76/100 brn|[from] brn
|upkeep
|turn|60
|l| skylink42 ❤
|
|t:|1625247769
|switch|p2a: Landorus|Landorus-Therian, M|27/100 brn
|-damage|p2a: Landorus|15/100 brn|[from] Stealth Rock
|-ability|p2a: Landorus|Intimidate|boost
|-unboost|p1a: Sylveon|atk|1
|switch|p1a: Umbreon|Umbreon, M|79/100
|
|-heal|p2a: Landorus|21/100 brn|[from] item: Leftovers
|-damage|p2a: Landorus|15/100 brn|[from] brn
|upkeep
|turn|61
|j| LT81YL Ruby
|
|t:|1625247775
|move|p2a: Landorus|Defog|p1a: Umbreon
|-unboost|p1a: Umbreon|evasion|1
|-sideend|p2: LT81YL crying|Stealth Rock|[from] move: Defog|[of] p2a: Landorus
|move|p1a: Umbreon|Foul Play|p2a: Landorus
|-damage|p2a: Landorus|0 fnt
|faint|p2a: Landorus
|
|upkeep
|
|t:|1625247787
|switch|p2a: Clefable|Clefable, F|85/100
|turn|62
|
|t:|1625247789
|move|p1a: Umbreon|Heal Bell|p1a: Umbreon
|-activate|p1a: Umbreon|move: Heal Bell
|-curestatus|p1: Sylveon|par|[msg]
|move|p2a: Clefable|Calm Mind|p2a: Clefable
|-boost|p2a: Clefable|spa|1
|-boost|p2a: Clefable|spd|1
|
|-heal|p2a: Clefable|91/100|[from] item: Leftovers
|upkeep
|turn|63
|
|t:|1625247797
|switch|p1a: Rotom|Rotom-Heat|57/100
|move|p2a: Clefable|Calm Mind|p2a: Clefable
|-boost|p2a: Clefable|spa|1
|-boost|p2a: Clefable|spd|1
|
|-heal|p2a: Clefable|97/100|[from] item: Leftovers
|upkeep
|turn|64
|
|t:|1625247802
|switch|p2a: Toxapex|Toxapex, M|100/100 brn
|move|p1a: Rotom|Discharge|p2a: Toxapex
|-supereffective|p2a: Toxapex
|-damage|p2a: Toxapex|61/100 brn
|
|-damage|p2a: Toxapex|55/100 brn|[from] brn
|upkeep
|turn|65
|j| lt81ylpradhaaan
|
|t:|1625247819
|move|p1a: Rotom|Discharge|p2a: Toxapex
|-supereffective|p2a: Toxapex
|-damage|p2a: Toxapex|15/100 brn
|move|p2a: Toxapex|Toxic|p1a: Rotom
|-status|p1a: Rotom|tox
|
|-damage|p1a: Rotom|50/100 tox|[from] psn
|-damage|p2a: Toxapex|9/100 brn|[from] brn
|upkeep
|turn|66
|
|t:|1625247830
|switch|p2a: Magnezone|Magnezone|100/100
|move|p1a: Rotom|Discharge|p2a: Magnezone
|-resisted|p2a: Magnezone
|-damage|p2a: Magnezone|82/100
|
|-damage|p1a: Rotom|38/100 tox|[from] psn
|upkeep
|turn|67
|l| MiniLarry
|j| Don Colombus
|
|t:|1625247847
|move|p2a: Magnezone|Volt Switch|p1a: Rotom
|-resisted|p1a: Rotom
|-damage|p1a: Rotom|20/100 tox
|j| MiniLarry
|
|t:|1625247855
|switch|p2a: Clefable|Clefable, F|97/100|[from]move: Volt Switch
|move|p1a: Rotom|Trick|p2a: Clefable
|-activate|p1a: Rotom|move: Trick|[of] p2a: Clefable
|-item|p2a: Clefable|Shed Shell|[from] move: Trick
|-item|p1a: Rotom|Leftovers|[from] move: Trick
|
|-heal|p1a: Rotom|26/100 tox|[from] item: Leftovers
|-damage|p1a: Rotom|7/100 tox|[from] psn
|upkeep
|turn|68
|inactive|LT81YL crying has 120 seconds left.
|
|t:|1625247890
|switch|p1a: Sylveon|Sylveon, F|88/100
|switch|p2a: Magnezone|Magnezone|82/100
|
|-heal|p1a: Sylveon|94/100|[from] item: Leftovers
|upkeep
|turn|69
|j| Yelou
|
|t:|1625247902
|switch|p2a: Toxapex|Toxapex, M|43/100 brn
|move|p1a: Sylveon|Protect||[still]
|-fail|p1a: Sylveon
|
|-heal|p1a: Sylveon|100/100|[from] item: Leftovers
|-damage|p2a: Toxapex|37/100 brn|[from] brn
|upkeep
|turn|70
|
|t:|1625247904
|switch|p2a: Clefable|Clefable, F|97/100
|move|p1a: Sylveon|Protect||[still]
|-fail|p1a: Sylveon
|
|upkeep
|turn|71
|
|t:|1625247908
|switch|p2a: Toxapex|Toxapex, M|70/100 brn
|move|p1a: Sylveon|Calm Mind|p1a: Sylveon
|-boost|p1a: Sylveon|spa|1
|-boost|p1a: Sylveon|spd|1
|
|-damage|p2a: Toxapex|64/100 brn|[from] brn
|upkeep
|turn|72
|
|t:|1625247916
|move|p1a: Sylveon|Protect|p1a: Sylveon
|-singleturn|p1a: Sylveon|Protect
|move|p2a: Toxapex|Knock Off|p1a: Sylveon
|-activate|p1a: Sylveon|move: Protect
|
|-damage|p2a: Toxapex|58/100 brn|[from] brn
|upkeep
|turn|73
|
|t:|1625247920
|switch|p1a: Umbreon|Umbreon, M|79/100
|move|p2a: Toxapex|Knock Off|p1a: Umbreon
|-resisted|p1a: Umbreon
|-damage|p1a: Umbreon|78/100
|
|-damage|p2a: Toxapex|52/100 brn|[from] brn
|upkeep
|turn|74
|
|t:|1625247935
|switch|p2a: Buzzwole|Buzzwole|95/100
|move|p1a: Umbreon|Heal Bell|p1a: Umbreon
|-activate|p1a: Umbreon|move: Heal Bell
|-curestatus|p1: Rotom|tox|[msg]
|
|upkeep
|turn|75
|
|t:|1625247944
|switch|p2a: Magnezone|Magnezone|82/100
|switch|p1a: Toxapex|Toxapex, F|100/100
|
|upkeep
|turn|76
|l| lt81ylpradhaaan
|
|t:|1625247950
|move|p1a: Toxapex|Baneful Bunker|p1a: Toxapex
|-singleturn|p1a: Toxapex|move: Protect
|move|p2a: Magnezone|Volt Switch|p1a: Toxapex
|-activate|p1a: Toxapex|move: Protect
|
|upkeep
|turn|77
|
|t:|1625247954
|switch|p1a: Sylveon|Sylveon, F|100/100
|move|p2a: Magnezone|Volt Switch|p1a: Sylveon
|-damage|p1a: Sylveon|81/100
|
|t:|1625247959
|switch|p2a: Toxapex|Toxapex, M|86/100 brn|[from]move: Volt Switch
|
|-heal|p1a: Sylveon|88/100|[from] item: Leftovers
|-damage|p2a: Toxapex|80/100 brn|[from] brn
|upkeep
|turn|78
|
|t:|1625247967
|switch|p2a: Magnezone|Magnezone|82/100
|move|p1a: Sylveon|Protect||[still]
|-fail|p1a: Sylveon
|
|-heal|p1a: Sylveon|94/100|[from] item: Leftovers
|upkeep
|turn|79
|
|t:|1625247972
|move|p1a: Sylveon|Protect|p1a: Sylveon
|-singleturn|p1a: Sylveon|Protect
|move|p2a: Magnezone|Volt Switch|p1a: Sylveon
|-activate|p1a: Sylveon|move: Protect
|
|-heal|p1a: Sylveon|99/100|[from] item: Leftovers
|upkeep
|turn|80
|
|t:|1625247975
|move|p2a: Magnezone|Volt Switch|p1a: Sylveon
|-damage|p1a: Sylveon|79/100
|
|t:|1625247976
|switch|p2a: Toxapex|Toxapex, M|100/100 brn|[from]move: Volt Switch
|move|p1a: Sylveon|Calm Mind|p1a: Sylveon
|-boost|p1a: Sylveon|spa|1
|-boost|p1a: Sylveon|spd|1
|
|-heal|p1a: Sylveon|85/100|[from] item: Leftovers
|-damage|p2a: Toxapex|95/100 brn|[from] brn
|upkeep
|turn|81
|
|t:|1625247982
|move|p2a: Toxapex|Knock Off|p1a: Sylveon
|-resisted|p1a: Sylveon
|-damage|p1a: Sylveon|81/100
|-enditem|p1a: Sylveon|Leftovers|[from] move: Knock Off|[of] p2a: Toxapex
|move|p1a: Sylveon|Hyper Voice|p2a: Toxapex
|-resisted|p2a: Toxapex
|-damage|p2a: Toxapex|74/100 brn
|
|-damage|p2a: Toxapex|68/100 brn|[from] brn
|upkeep
|turn|82
|
|t:|1625247986
|switch|p2a: Clefable|Clefable, F|97/100
|move|p1a: Sylveon|Hyper Voice|p2a: Clefable
|-damage|p2a: Clefable|55/100
|
|upkeep
|turn|83
|
|t:|1625247990
|move|p1a: Sylveon|Hyper Voice|p2a: Clefable
|-damage|p2a: Clefable|12/100
|move|p2a: Clefable|Soft-Boiled|p2a: Clefable
|-heal|p2a: Clefable|62/100
|
|upkeep
|turn|84
|
|t:|1625248000
|switch|p2a: Toxapex|Toxapex, M|100/100 brn
|move|p1a: Sylveon|Calm Mind|p1a: Sylveon
|-boost|p1a: Sylveon|spa|1
|-boost|p1a: Sylveon|spd|1
|
|-damage|p2a: Toxapex|95/100 brn|[from] brn
|upkeep
|turn|85
|
|t:|1625248004
|move|p2a: Toxapex|Haze|p2a: Toxapex
|-clearallboost
|move|p1a: Sylveon|Hyper Voice|p2a: Toxapex
|-resisted|p2a: Toxapex
|-damage|p2a: Toxapex|80/100 brn
|
|-damage|p2a: Toxapex|74/100 brn|[from] brn
|upkeep
|turn|86
|
|t:|1625248017
|switch|p2a: Magnezone|Magnezone|82/100
|move|p1a: Sylveon|Calm Mind|p1a: Sylveon
|-boost|p1a: Sylveon|spa|1
|-boost|p1a: Sylveon|spd|1
|
|upkeep
|turn|87
|j| serchiflado
|
|t:|1625248022
|move|p1a: Sylveon|Protect|p1a: Sylveon
|-singleturn|p1a: Sylveon|Protect
|move|p2a: Magnezone|Volt Switch|p1a: Sylveon
|-activate|p1a: Sylveon|move: Protect
|
|upkeep
|turn|88
|j| Kirito_Tenshi
|
|t:|1625248027
|move|p2a: Magnezone|Volt Switch|p1a: Sylveon
|-damage|p1a: Sylveon|68/100
|l| LT81YL Ruby
|
|t:|1625248030
|switch|p2a: Toxapex|Toxapex, M|100/100 brn|[from]move: Volt Switch
|move|p1a: Sylveon|Wish|p1a: Sylveon
|
|-damage|p2a: Toxapex|95/100 brn|[from] brn
|upkeep
|turn|89
|
|t:|1625248034
|move|p1a: Sylveon|Protect|p1a: Sylveon
|-singleturn|p1a: Sylveon|Protect
|move|p2a: Toxapex|Toxic|p1a: Sylveon
|-activate|p1a: Sylveon|move: Protect
|
|-heal|p1a: Sylveon|100/100|[from] move: Wish|[wisher] Sylveon
|-damage|p2a: Toxapex|89/100 brn|[from] brn
|upkeep
|turn|90
|j| blessed days
|
|t:|1625248041
|switch|p1a: Toxapex|Toxapex, F|100/100
|move|p2a: Toxapex|Toxic|p1a: Toxapex
|-immune|p1a: Toxapex
|
|-damage|p2a: Toxapex|83/100 brn|[from] brn
|upkeep
|turn|91
|
|t:|1625248052
|switch|p2a: Clefable|Clefable, F|62/100
|switch|p1a: Rotom|Rotom-Heat|7/100
|
|-heal|p1a: Rotom|13/100|[from] item: Leftovers
|upkeep
|turn|92
|
|t:|1625248067
|switch|p1a: Sylveon|Sylveon, F|100/100
|move|p2a: Clefable|Moonblast|p1a: Sylveon
|-damage|p1a: Sylveon|84/100
|
|upkeep
|turn|93
|
|t:|1625248070
|move|p2a: Clefable|Soft-Boiled|p2a: Clefable
|-heal|p2a: Clefable|100/100
|move|p1a: Sylveon|Calm Mind|p1a: Sylveon
|-boost|p1a: Sylveon|spa|1
|-boost|p1a: Sylveon|spd|1
|
|upkeep
|turn|94
|
|t:|1625248079
|switch|p2a: Toxapex|Toxapex, M|100/100 brn
|move|p1a: Sylveon|Calm Mind|p1a: Sylveon
|-boost|p1a: Sylveon|spa|1
|-boost|p1a: Sylveon|spd|1
|
|-damage|p2a: Toxapex|95/100 brn|[from] brn
|upkeep
|turn|95
|
|t:|1625248082
|move|p1a: Sylveon|Protect|p1a: Sylveon
|-singleturn|p1a: Sylveon|Protect
|move|p2a: Toxapex|Haze|p2a: Toxapex
|-clearallboost
|
|-damage|p2a: Toxapex|89/100 brn|[from] brn
|upkeep
|turn|96
|j| LT81YL Tace
|l| LT81YL stareal
|l| BasedWhat? ♪
|
|t:|1625248102
|switch|p2a: Clefable|Clefable, F|100/100
|switch|p1a: Rotom|Rotom-Heat|13/100
|
|-heal|p1a: Rotom|20/100|[from] item: Leftovers
|upkeep
|turn|97
|
|t:|1625248109
|switch|p1a: Sylveon|Sylveon, F|84/100
|switch|p2a: Toxapex|Toxapex, M|100/100 brn
|
|-damage|p2a: Toxapex|95/100 brn|[from] brn
|upkeep
|turn|98
|
|t:|1625248118
|switch|p1a: Corviknight|Corviknight, M|100/100
|-ability|p1a: Corviknight|Pressure
|move|p2a: Toxapex|Toxic|p1a: Corviknight
|-immune|p1a: Corviknight
|
|-damage|p2a: Toxapex|89/100 brn|[from] brn
|upkeep
|turn|99
|j| reje
|j| pliang838
|l| AGCL6 Swas
|inactive|LT81YL crying has 120 seconds left.
|
|t:|1625248135
|switch|p1a: Rotom|Rotom-Heat|20/100
|switch|p2a: Magnezone|Magnezone|82/100
|
|-heal|p1a: Rotom|26/100|[from] item: Leftovers
|upkeep
|turn|100
|l| Kirito_Tenshi
|inactive|LT81YL crying has 120 seconds left.
|l| Amy Quaris
|
|t:|1625248145
|switch|p1a: Umbreon|Umbreon, M|78/100
|move|p2a: Magnezone|Volt Switch|p1a: Umbreon
|-damage|p1a: Umbreon|53/100
|
|t:|1625248147
|switch|p2a: Buzzwole|Buzzwole|95/100|[from]move: Volt Switch
|
|upkeep
|turn|101
|
|t:|1625248152
|switch|p2a: Magnezone|Magnezone|82/100
|move|p1a: Umbreon|Protect||[still]
|-fail|p1a: Umbreon
|
|upkeep
|turn|102
|
|t:|1625248157
|move|p2a: Magnezone|Volt Switch|p1a: Umbreon
|-damage|p1a: Umbreon|26/100
|
|t:|1625248158
|switch|p2a: Buzzwole|Buzzwole|95/100|[from]move: Volt Switch
|move|p1a: Umbreon|Wish|p1a: Umbreon
|
|upkeep
|turn|103
|
|t:|1625248161
|move|p1a: Umbreon|Protect|p1a: Umbreon
|-singleturn|p1a: Umbreon|Protect
|move|p2a: Buzzwole|Leech Life|p1a: Umbreon
|-activate|p1a: Umbreon|move: Protect
|
|-heal|p1a: Umbreon|76/100|[from] move: Wish|[wisher] Umbreon
|upkeep
|turn|104
|
|t:|1625248165
|switch|p2a: Magnezone|Magnezone|82/100
|switch|p1a: Toxapex|Toxapex, F|100/100
|
|upkeep
|turn|105
|l| Don Colombus
|
|t:|1625248171
|move|p1a: Toxapex|Baneful Bunker|p1a: Toxapex
|-singleturn|p1a: Toxapex|move: Protect
|move|p2a: Magnezone|Volt Switch|p1a: Toxapex
|-activate|p1a: Toxapex|move: Protect
|
|upkeep
|turn|106
|
|t:|1625248178
|switch|p1a: Sylveon|Sylveon, F|84/100
|move|p2a: Magnezone|Volt Switch|p1a: Sylveon
|-damage|p1a: Sylveon|64/100
|l| LT81YL pj
|
|t:|1625248187
|switch|p2a: Toxapex|Toxapex, M|100/100 brn|[from]move: Volt Switch
|
|-damage|p2a: Toxapex|95/100 brn|[from] brn
|upkeep
|turn|107
|
|t:|1625248198
|move|p2a: Toxapex|Knock Off|p1a: Sylveon
|-resisted|p1a: Sylveon
|-damage|p1a: Sylveon|61/100
|move|p1a: Sylveon|Wish|p1a: Sylveon
|
|-damage|p2a: Toxapex|89/100 brn|[from] brn
|upkeep
|turn|108
|
|t:|1625248205
|move|p2a: Toxapex|Knock Off|p1a: Sylveon
|-resisted|p1a: Sylveon
|-damage|p1a: Sylveon|58/100
|move|p1a: Sylveon|Calm Mind|p1a: Sylveon
|-boost|p1a: Sylveon|spa|1
|-boost|p1a: Sylveon|spd|1
|
|-heal|p1a: Sylveon|100/100|[from] move: Wish|[wisher] Sylveon
|-damage|p2a: Toxapex|83/100 brn|[from] brn
|upkeep
|turn|109
|
|t:|1625248211
|switch|p2a: Clefable|Clefable, F|100/100
|move|p1a: Sylveon|Calm Mind|p1a: Sylveon
|-boost|p1a: Sylveon|spa|1
|-boost|p1a: Sylveon|spd|1
|
|upkeep
|turn|110
|
|t:|1625248214
|switch|p2a: Toxapex|Toxapex, M|100/100 brn
|move|p1a: Sylveon|Hyper Voice|p2a: Toxapex
|-resisted|p2a: Toxapex
|-damage|p2a: Toxapex|71/100 brn
|
|-damage|p2a: Toxapex|65/100 brn|[from] brn
|upkeep
|turn|111
|
|t:|1625248217
|switch|p1a: Rotom|Rotom-Heat|26/100
|move|p2a: Toxapex|Haze|p2a: Toxapex
|-clearallboost
|
|-heal|p1a: Rotom|32/100|[from] item: Leftovers
|-damage|p2a: Toxapex|59/100 brn|[from] brn
|upkeep
|turn|112
|l| Zombini62
|l| MiniLarry
|
|t:|1625248241
|switch|p2a: Clefable|Clefable, F|100/100
|move|p1a: Rotom|Discharge|p2a: Clefable
|-damage|p2a: Clefable|82/100
|
|-heal|p1a: Rotom|38/100|[from] item: Leftovers
|upkeep
|turn|113
|
|t:|1625248246
|move|p1a: Rotom|Discharge|p2a: Clefable
|-damage|p2a: Clefable|62/100
|move|p2a: Clefable|Moonblast|p1a: Rotom
|-resisted|p1a: Rotom
|-damage|p1a: Rotom|24/100
|
|-heal|p1a: Rotom|30/100|[from] item: Leftovers
|upkeep
|turn|114
|
|t:|1625248250
|move|p1a: Rotom|Discharge|p2a: Clefable
|-damage|p2a: Clefable|43/100
|-status|p2a: Clefable|par
|cant|p2a: Clefable|par
|
|-heal|p1a: Rotom|37/100|[from] item: Leftovers
|upkeep
|turn|115
|
|t:|1625248253
|move|p1a: Rotom|Discharge|p2a: Clefable
|-damage|p2a: Clefable|24/100 par
|move|p2a: Clefable|Soft-Boiled|p2a: Clefable
|-heal|p2a: Clefable|74/100 par
|
|-heal|p1a: Rotom|43/100|[from] item: Leftovers
|upkeep
|turn|116
|
|t:|1625248256
|move|p1a: Rotom|Discharge|p2a: Clefable
|-damage|p2a: Clefable|54/100 par
|move|p2a: Clefable|Soft-Boiled|p2a: Clefable
|-heal|p2a: Clefable|100/100 par
|
|-heal|p1a: Rotom|49/100|[from] item: Leftovers
|upkeep
|turn|117
|
|t:|1625248269
|switch|p2a: Toxapex|Toxapex, M|92/100 brn
|move|p1a: Rotom|Discharge|p2a: Toxapex
|-supereffective|p2a: Toxapex
|-crit|p2a: Toxapex
|-damage|p2a: Toxapex|29/100 brn
|
|-heal|p1a: Rotom|55/100|[from] item: Leftovers
|-damage|p2a: Toxapex|23/100 brn|[from] brn
|upkeep
|turn|118
|
|t:|1625248274
|switch|p2a: Clefable|Clefable, F|100/100 par
|move|p1a: Rotom|Discharge|p2a: Clefable
|-damage|p2a: Clefable|79/100 par
|
|-heal|p1a: Rotom|62/100|[from] item: Leftovers
|upkeep
|turn|119
|j| MiniLarry
|
|t:|1625248278
|move|p1a: Rotom|Discharge|p2a: Clefable
|-damage|p2a: Clefable|60/100 par
|move|p2a: Clefable|Calm Mind|p2a: Clefable
|-boost|p2a: Clefable|spa|1
|-boost|p2a: Clefable|spd|1
|
|-heal|p1a: Rotom|68/100|[from] item: Leftovers
|upkeep
|turn|120
|
|t:|1625248281
|switch|p1a: Sylveon|Sylveon, F|100/100
|cant|p2a: Clefable|par
|
|upkeep
|turn|121
|
|t:|1625248284
|move|p1a: Sylveon|Calm Mind|p1a: Sylveon
|-boost|p1a: Sylveon|spa|1
|-boost|p1a: Sylveon|spd|1
|move|p2a: Clefable|Soft-Boiled|p2a: Clefable
|-heal|p2a: Clefable|100/100 par
|
|upkeep
|turn|122
|
|t:|1625248291
|switch|p2a: Toxapex|Toxapex, M|56/100 brn
|move|p1a: Sylveon|Hyper Voice|p2a: Toxapex
|-resisted|p2a: Toxapex
|-damage|p2a: Toxapex|35/100 brn
|
|-damage|p2a: Toxapex|29/100 brn|[from] brn
|upkeep
|turn|123
|
|t:|1625248295
|move|p2a: Toxapex|Recover|p2a: Toxapex
|-heal|p2a: Toxapex|79/100 brn
|move|p1a: Sylveon|Calm Mind|p1a: Sylveon
|-boost|p1a: Sylveon|spa|1
|-boost|p1a: Sylveon|spd|1
|
|-damage|p2a: Toxapex|73/100 brn|[from] brn
|upkeep
|turn|124
|
|t:|1625248320
|move|p2a: Toxapex|Recover|p2a: Toxapex
|-heal|p2a: Toxapex|100/100 brn
|move|p1a: Sylveon|Hyper Voice|p2a: Toxapex
|-resisted|p2a: Toxapex
|-damage|p2a: Toxapex|75/100 brn
|
|-damage|p2a: Toxapex|69/100 brn|[from] brn
|upkeep
|turn|125
|
|t:|1625248326
|move|p2a: Toxapex|Recover|p2a: Toxapex
|-heal|p2a: Toxapex|100/100 brn
|move|p1a: Sylveon|Calm Mind|p1a: Sylveon
|-boost|p1a: Sylveon|spa|1
|-boost|p1a: Sylveon|spd|1
|
|-damage|p2a: Toxapex|95/100 brn|[from] brn
|upkeep
|turn|126
|
|t:|1625248330
|move|p2a: Toxapex|Recover|p2a: Toxapex
|-heal|p2a: Toxapex|100/100 brn
|move|p1a: Sylveon|Hyper Voice|p2a: Toxapex
|-resisted|p2a: Toxapex
|-damage|p2a: Toxapex|64/100 brn
|
|-damage|p2a: Toxapex|58/100 brn|[from] brn
|upkeep
|turn|127
|
|t:|1625248334
|move|p2a: Toxapex|Recover|p2a: Toxapex
|-heal|p2a: Toxapex|100/100 brn
|move|p1a: Sylveon|Calm Mind|p1a: Sylveon
|-boost|p1a: Sylveon|spa|1
|-boost|p1a: Sylveon|spd|1
|
|-damage|p2a: Toxapex|95/100 brn|[from] brn
|upkeep
|turn|128
|
|t:|1625248344
|move|p2a: Toxapex|Recover|p2a: Toxapex
|-heal|p2a: Toxapex|100/100 brn
|move|p1a: Sylveon|Calm Mind|p1a: Sylveon
|-boost|p1a: Sylveon|spa|1
|-boost|p1a: Sylveon|spd|1
|
|-damage|p2a: Toxapex|95/100 brn|[from] brn
|upkeep
|turn|129
|
|t:|1625248350
|switch|p2a: Weavile|Weavile, F|100/100
|-ability|p2a: Weavile|Pressure
|move|p1a: Sylveon|Hyper Voice|p2a: Weavile
|-supereffective|p2a: Weavile
|-damage|p2a: Weavile|0 fnt
|faint|p2a: Weavile
|
|upkeep
|l| can i get a yurr
|
|t:|1625248351
|switch|p2a: Toxapex|Toxapex, M|100/100 brn
|turn|130
|
|t:|1625248357
|move|p2a: Toxapex|Haze|p2a: Toxapex
|-clearallboost
|move|p1a: Sylveon|Hyper Voice|p2a: Toxapex
|-resisted|p2a: Toxapex
|-damage|p2a: Toxapex|86/100 brn
|
|-damage|p2a: Toxapex|80/100 brn|[from] brn
|upkeep
|turn|131
|n| lt81yl spooky|spookyz
|
|t:|1625248379
|switch|p2a: Clefable|Clefable, F|100/100 par
|move|p1a: Sylveon|Calm Mind|p1a: Sylveon
|-boost|p1a: Sylveon|spa|1
|-boost|p1a: Sylveon|spd|1
|
|upkeep
|turn|132
|
|t:|1625248384
|switch|p2a: Toxapex|Toxapex, M|100/100 brn
|move|p1a: Sylveon|Calm Mind|p1a: Sylveon
|-boost|p1a: Sylveon|spa|1
|-boost|p1a: Sylveon|spd|1
|
|-damage|p2a: Toxapex|95/100 brn|[from] brn
|upkeep
|turn|133
|l| lt81yl spooky
|j| LT81YL Dirty
|
|t:|1625248398
|switch|p1a: Rotom|Rotom-Heat|68/100
|move|p2a: Toxapex|Haze|p2a: Toxapex
|-clearallboost
|
|-heal|p1a: Rotom|74/100|[from] item: Leftovers
|-damage|p2a: Toxapex|89/100 brn|[from] brn
|upkeep
|turn|134
|c|☆Lenape|Magnezone is so fair
|inactive|LT81YL crying has 120 seconds left.
|c|☆Lenape|Only thing keeping this game going is free traps
|
|t:|1625248438
|switch|p2a: Clefable|Clefable, F|100/100 par
|move|p1a: Rotom|Discharge|p2a: Clefable
|-damage|p2a: Clefable|80/100 par
|
|-heal|p1a: Rotom|80/100|[from] item: Leftovers
|upkeep
|turn|135
|c|☆Lenape|2 seconds from going body press shed shell just to fuck people that use this
|
|t:|1625248463
|switch|p1a: Sylveon|Sylveon, F|100/100
|move|p2a: Clefable|Calm Mind|p2a: Clefable
|-boost|p2a: Clefable|spa|1
|-boost|p2a: Clefable|spd|1
|
|upkeep
|turn|136
|l| LT81YL Dirty
|c|☆LT81YL crying|just put overheat on it
|l| KickingLee
|c|☆LT81YL crying|the rotom
|inactive|LT81YL crying has 90 seconds left.
|
|t:|1625248484
|move|p1a: Sylveon|Calm Mind|p1a: Sylveon
|-boost|p1a: Sylveon|spa|1
|-boost|p1a: Sylveon|spd|1
|cant|p2a: Clefable|par
|
|upkeep
|turn|137
|c|☆Lenape|You would never stay in against rotom
|c|☆Lenape|No one in thier right mind would
|
|t:|1625248505
|move|p1a: Sylveon|Wish|p1a: Sylveon
|move|p2a: Clefable|Soft-Boiled|p2a: Clefable
|-heal|p2a: Clefable|100/100 par
|
|upkeep
|turn|138
|j| Daniel Beuthner
|inactive|Lenape has 120 seconds left.
|
|t:|1625248523
|switch|p2a: Toxapex|Toxapex, M|100/100 brn
|move|p1a: Sylveon|Wish||[still]
|-fail|p1a: Sylveon
|
|-damage|p2a: Toxapex|95/100 brn|[from] brn
|upkeep
|turn|139
|j| Chansey is you
|
|t:|1625248530
|move|p1a: Sylveon|Protect|p1a: Sylveon
|-singleturn|p1a: Sylveon|Protect
|move|p2a: Toxapex|Toxic|p1a: Sylveon
|-activate|p1a: Sylveon|move: Protect
|
|-damage|p2a: Toxapex|89/100 brn|[from] brn
|upkeep
|turn|140
|
|t:|1625248534
|switch|p1a: Umbreon|Umbreon, M|76/100
|move|p2a: Toxapex|Toxic|p1a: Umbreon
|-status|p1a: Umbreon|tox
|
|-damage|p1a: Umbreon|70/100 tox|[from] psn
|-damage|p2a: Toxapex|83/100 brn|[from] brn
|upkeep
|turn|141
|
|t:|1625248538
|switch|p2a: Buzzwole|Buzzwole|95/100
|move|p1a: Umbreon|Heal Bell|p1a: Umbreon
|-activate|p1a: Umbreon|move: Heal Bell
|-curestatus|p1a: Umbreon|tox|[msg]
|
|upkeep
|turn|142
|
|t:|1625248549
|switch|p2a: Magnezone|Magnezone|82/100
|move|p1a: Umbreon|Protect||[still]
|-fail|p1a: Umbreon
|
|upkeep
|turn|143
|
|t:|1625248552
|move|p1a: Umbreon|Protect|p1a: Umbreon
|-singleturn|p1a: Umbreon|Protect
|move|p2a: Magnezone|Volt Switch|p1a: Umbreon
|-activate|p1a: Umbreon|move: Protect
|
|upkeep
|turn|144
|
|t:|1625248555
|move|p2a: Magnezone|Volt Switch|p1a: Umbreon
|-damage|p1a: Umbreon|43/100
|l| Daniel Beuthner
|
|t:|1625248558
|switch|p2a: Buzzwole|Buzzwole|95/100|[from]move: Volt Switch
|move|p1a: Umbreon|Wish|p1a: Umbreon
|
|upkeep
|turn|145
|
|t:|1625248562
|move|p1a: Umbreon|Protect|p1a: Umbreon
|-singleturn|p1a: Umbreon|Protect
|move|p2a: Buzzwole|Leech Life|p1a: Umbreon
|-activate|p1a: Umbreon|move: Protect
|
|-heal|p1a: Umbreon|93/100|[from] move: Wish|[wisher] Umbreon
|upkeep
|turn|146
|
|t:|1625248565
|switch|p1a: Toxapex|Toxapex, F|100/100
|move|p2a: Buzzwole|Close Combat|p1a: Toxapex
|-resisted|p1a: Toxapex
|-damage|p1a: Toxapex|80/100
|-unboost|p2a: Buzzwole|def|1
|-unboost|p2a: Buzzwole|spd|1
|
|upkeep
|turn|147
|
|t:|1625248572
|switch|p2a: Toxapex|Toxapex, M|100/100 brn
|move|p1a: Toxapex|Scald|p2a: Toxapex
|-resisted|p2a: Toxapex
|-damage|p2a: Toxapex|95/100 brn
|
|-damage|p2a: Toxapex|89/100 brn|[from] brn
|upkeep
|turn|148
|c| TeslaTheJolteon|Lenape did you make this team?
|inactive|LT81YL crying has 90 seconds left.
|c|☆Lenape|Magnezone traps are just as bad as arena trap
|c| TeslaTheJolteon|Because it is awesome
|c| TeslaTheJolteon|The team
|c|☆Lenape|But no one sees it because of the way the meta is right now
|inactive|LT81YL crying has 60 seconds left.
|
|t:|1625248626
|move|p2a: Toxapex|Haze|p2a: Toxapex
|-clearallboost
|move|p1a: Toxapex|Toxic||[still]
|-fail|p1a: Toxapex
|
|-damage|p2a: Toxapex|83/100 brn|[from] brn
|upkeep
|turn|149
|j| LT81YL Maxance
|inactive|LT81YL crying has 60 seconds left.
|
|t:|1625248632
|move|p2a: Toxapex|Haze|p2a: Toxapex
|-clearallboost
|move|p1a: Toxapex|Scald|p2a: Toxapex
|-resisted|p2a: Toxapex
|-damage|p2a: Toxapex|77/100 brn
|
|-damage|p2a: Toxapex|71/100 brn|[from] brn
|upkeep
|turn|150
|l| LT81YL Maxance
|
|t:|1625248636
|move|p2a: Toxapex|Haze|p2a: Toxapex
|-clearallboost
|move|p1a: Toxapex|Scald|p2a: Toxapex
|-resisted|p2a: Toxapex
|-damage|p2a: Toxapex|65/100 brn
|
|-damage|p2a: Toxapex|59/100 brn|[from] brn
|upkeep
|turn|151
|
|t:|1625248645
|switch|p2a: Clefable|Clefable, F|100/100 par
|switch|p1a: Rotom|Rotom-Heat|80/100
|
|-heal|p1a: Rotom|87/100|[from] item: Leftovers
|upkeep
|turn|152
|inactive|LT81YL crying has 60 seconds left.
|
|t:|1625248657
|switch|p1a: Sylveon|Sylveon, F|100/100
|move|p2a: Clefable|Calm Mind|p2a: Clefable
|-boost|p2a: Clefable|spa|1
|-boost|p2a: Clefable|spd|1
|
|upkeep
|turn|153
|inactive|LT81YL crying has 60 seconds left.
|
|t:|1625248666
|switch|p1a: Toxapex|Toxapex, F|100/100
|switch|p2a: Toxapex|Toxapex, M|93/100 brn
|
|-damage|p2a: Toxapex|87/100 brn|[from] brn
|upkeep
|turn|154
|
|t:|1625248671
|move|p2a: Toxapex|Haze|p2a: Toxapex
|-clearallboost
|move|p1a: Toxapex|Scald|p2a: Toxapex
|-resisted|p2a: Toxapex
|-damage|p2a: Toxapex|80/100 brn
|
|-damage|p2a: Toxapex|74/100 brn|[from] brn
|upkeep
|turn|155
|
|t:|1625248674
|switch|p2a: Clefable|Clefable, F|100/100 par
|switch|p1a: Rotom|Rotom-Heat|87/100
|
|-heal|p1a: Rotom|93/100|[from] item: Leftovers
|upkeep
|turn|156
|c| Shiox|trapping is uncompetetive regardless yes but zone is limited in its traping so its fair Id say
|inactive|LT81YL crying has 60 seconds left.
|c|☆Lenape|Dude
|c|☆Lenape|All zone has to do to win games
|c| pliang838|yeah it only traps steels but that is still really annoying for teams that rely on the steels to check certain threats
|inactive|Lenape has 120 seconds left.
|c|☆Lenape|Is be on a team
|c|☆Lenape|The only has one tru wall
|c| Shiox|fair enough
|c|☆Lenape|A steel type
|c| TeslaTheJolteon|This is too high of a level for me
|c|☆Lenape|And he auto wins games
|c| TeslaTheJolteon|I used to be good in the previous gen lmao
|inactive|Lenape has 90 seconds left.
|j|+mammalu
|c|☆Lenape|I literally Auto lose to any team running to zone 99% of the time
|c| pliang838|even if the steel type is running shed shell, rillaboom can just knock it off, same with kart
|c|☆Lenape|^
|inactive|Lenape has 60 seconds left.
|l| LT81YL Tace
|c|☆Lenape|The amount of know off mons is insane
|
|t:|1625248777
|move|p1a: Rotom|Discharge|p2a: Clefable
|-damage|p2a: Clefable|82/100 par
|cant|p2a: Clefable|par
|
|-heal|p1a: Rotom|99/100|[from] item: Leftovers
|upkeep
|turn|157
|
|t:|1625248782
|move|p1a: Rotom|Discharge|p2a: Clefable
|-damage|p2a: Clefable|63/100 par
|move|p2a: Clefable|Calm Mind|p2a: Clefable
|-boost|p2a: Clefable|spa|1
|-boost|p2a: Clefable|spd|1
|
|-heal|p1a: Rotom|100/100|[from] item: Leftovers
|upkeep
|turn|158
|c|☆Lenape|knock off
|c| Chansey is you|lenape thats because your team is weak to zone + rilla, not because zone is broken
|c|☆Lenape|Im not weak to rilla
|c|+mammalu|monke
|inactive|Lenape has 30 seconds left.
|inactive|Lenape has 20 seconds left.
|inactive|Lenape has 15 seconds left.
|c|☆Lenape|Auto traps have the ability to win games automatically
|
|t:|1625248829
|move|p1a: Rotom|Discharge|p2a: Clefable
|-damage|p2a: Clefable|50/100 par
|cant|p2a: Clefable|par
|
|upkeep
|turn|159
|inactive|Lenape has 20 seconds left this turn.
|inactive|Lenape has 15 seconds left.
|
|t:|1625248838
|switch|p1a: Corviknight|Corviknight, M|100/100
|-ability|p1a: Corviknight|Pressure
|move|p2a: Clefable|Soft-Boiled|p2a: Clefable
|-heal|p2a: Clefable|99/100 par
|
|upkeep
|turn|160
|inactive|Lenape has 20 seconds left this turn.
|c| Chansey is you|passive teams in general are more weak to zone
|
|t:|1625248843
|switch|p1a: Sylveon|Sylveon, F|100/100
|switch|p2a: Magnezone|Magnezone|82/100
|
|upkeep
|turn|161
|inactive|Lenape has 25 seconds left this turn.
|inactive|Lenape has 20 seconds left.
|
|t:|1625248851
|move|p2a: Magnezone|Flash Cannon|p1a: Sylveon
|-supereffective|p1a: Sylveon
|-damage|p1a: Sylveon|56/100
|move|p1a: Sylveon|Calm Mind|p1a: Sylveon
|-boost|p1a: Sylveon|spa|1
|-boost|p1a: Sylveon|spd|1
|
|upkeep
|turn|162
|inactive|Lenape has 25 seconds left this turn.
|
|t:|1625248854
|switch|p2a: Toxapex|Toxapex, M|100/100 brn
|move|p1a: Sylveon|Wish|p1a: Sylveon
|
|-damage|p2a: Toxapex|95/100 brn|[from] brn
|upkeep
|turn|163
|inactive|Lenape has 30 seconds left this turn.
|inactive|LT81YL crying has 60 seconds left.
|
|t:|1625248862
|switch|p2a: Magnezone|Magnezone|82/100
|move|p1a: Sylveon|Protect||[still]
|-fail|p1a: Sylveon
|
|-heal|p1a: Sylveon|100/100|[from] move: Wish|[wisher] Sylveon
|upkeep
|turn|164
|inactive|LT81YL crying has 60 seconds left.
|
|t:|1625248868
|move|p2a: Magnezone|Volt Switch|p1a: Sylveon
|-damage|p1a: Sylveon|87/100
|
|t:|1625248869
|switch|p2a: Toxapex|Toxapex, M|100/100 brn|[from]move: Volt Switch
|move|p1a: Sylveon|Calm Mind|p1a: Sylveon
|-boost|p1a: Sylveon|spa|1
|-boost|p1a: Sylveon|spd|1
|
|-damage|p2a: Toxapex|95/100 brn|[from] brn
|upkeep
|turn|165
|
|t:|1625248875
|move|p2a: Toxapex|Haze|p2a: Toxapex
|-clearallboost
|move|p1a: Sylveon|Wish|p1a: Sylveon
|
|-damage|p2a: Toxapex|89/100 brn|[from] brn
|upkeep
|turn|166
|
|t:|1625248880
|move|p2a: Toxapex|Haze|p2a: Toxapex
|-clearallboost
|move|p1a: Sylveon|Calm Mind|p1a: Sylveon
|-boost|p1a: Sylveon|spa|1
|-boost|p1a: Sylveon|spd|1
|
|-heal|p1a: Sylveon|100/100|[from] move: Wish|[wisher] Sylveon
|-damage|p2a: Toxapex|83/100 brn|[from] brn
|upkeep
|turn|167
|
|t:|1625248883
|move|p2a: Toxapex|Haze|p2a: Toxapex
|-clearallboost
|move|p1a: Sylveon|Hyper Voice|p2a: Toxapex
|-resisted|p2a: Toxapex
|-damage|p2a: Toxapex|68/100 brn
|
|-damage|p2a: Toxapex|62/100 brn|[from] brn
|upkeep
|turn|168
|
|t:|1625248886
|switch|p2a: Magnezone|Magnezone|82/100
|move|p1a: Sylveon|Calm Mind|p1a: Sylveon
|-boost|p1a: Sylveon|spa|1
|-boost|p1a: Sylveon|spd|1
|
|upkeep
|turn|169
|c|☆Lenape|There is a reason 50% of teams are running zone
|c|☆Lenape|And you never see them used unless there is a corv
|inactive|Lenape has 30 seconds left.
|c|☆Lenape|Because it auto breaks any team using corv
|j| boredsoiplayrandom
|inactive|Lenape has 20 seconds left.
|
|t:|1625248932
|move|p2a: Magnezone|Volt Switch|p1a: Sylveon
|-damage|p1a: Sylveon|87/100
|inactive|Lenape has 25 seconds left this turn.
|c| TeslaTheJolteon|True that
|
|t:|1625248933
|switch|p2a: Toxapex|Toxapex, M|95/100 brn|[from]move: Volt Switch
|move|p1a: Sylveon|Calm Mind|p1a: Sylveon
|-boost|p1a: Sylveon|spa|1
|-boost|p1a: Sylveon|spd|1
|
|-damage|p2a: Toxapex|89/100 brn|[from] brn
|upkeep
|turn|170
|inactive|Lenape has 30 seconds left this turn.
|
|t:|1625248938
|move|p2a: Toxapex|Haze|p2a: Toxapex
|-clearallboost
|move|p1a: Sylveon|Hyper Voice|p2a: Toxapex
|-resisted|p2a: Toxapex
|-damage|p2a: Toxapex|75/100 brn
|
|-damage|p2a: Toxapex|69/100 brn|[from] brn
|upkeep
|turn|171
|inactive|Lenape has 30 seconds left this turn.
|
|t:|1625248943
|switch|p2a: Magnezone|Magnezone|82/100
|move|p1a: Sylveon|Calm Mind|p1a: Sylveon
|-boost|p1a: Sylveon|spa|1
|-boost|p1a: Sylveon|spd|1
|
|upkeep
|turn|172
|c| TeslaTheJolteon|Or teams with blissey-toxapex
|inactive|Lenape has 30 seconds left.
|
|t:|1625248955
|move|p2a: Magnezone|Volt Switch|p1a: Sylveon
|-damage|p1a: Sylveon|74/100
|inactive|Lenape has 30 seconds left this turn.
|
|t:|1625248957
|switch|p2a: Toxapex|Toxapex, M|100/100 brn|[from]move: Volt Switch
|move|p1a: Sylveon|Wish|p1a: Sylveon
|
|-damage|p2a: Toxapex|95/100 brn|[from] brn
|upkeep
|turn|173
|j| LT81YL stareal
|l| MiniLarry
|
|t:|1625248970
|switch|p1a: Corviknight|Corviknight, M|100/100
|-ability|p1a: Corviknight|Pressure
|move|p2a: Toxapex|Haze|p2a: Toxapex
|-clearallboost
|
|-damage|p2a: Toxapex|89/100 brn|[from] brn
|upkeep
|turn|174
|
|t:|1625248972
|switch|p1a: Rotom|Rotom-Heat|100/100
|switch|p2a: Magnezone|Magnezone|82/100
|
|upkeep
|turn|175
|c|☆Lenape|See
|l| boredsoiplayrandom
|c|☆Lenape|I literally cant make a move on my Corv
|inactive|Lenape has 30 seconds left.
|inactive|LT81YL crying has 90 seconds left.
|
|t:|1625248995
|move|p2a: Magnezone|Volt Switch|p1a: Rotom
|-resisted|p1a: Rotom
|-damage|p1a: Rotom|82/100
|inactive|Lenape has 30 seconds left this turn.
|c| pliang838|yeah corv is useless in this matchup
|inactive|LT81YL crying has 90 seconds left.
|c|☆Lenape|Until
|c| Chansey is you|guy's really complaining because his team have a bad zone mu
|c|☆Lenape|Mag is dead
|c|☆Lenape|and then i win
|
|t:|1625249010
|switch|p2a: Clefable|Clefable, F|99/100 par|[from]move: Volt Switch
|move|p1a: Rotom|Discharge|p2a: Clefable
|-damage|p2a: Clefable|79/100 par
|
|-heal|p1a: Rotom|88/100|[from] item: Leftovers
|upkeep
|turn|176
|c| Chansey is you|and making an argument that its broken
|inactive|Lenape has 30 seconds left.
|
|t:|1625249021
|move|p1a: Rotom|Discharge|p2a: Clefable
|-damage|p2a: Clefable|61/100 par
|cant|p2a: Clefable|par
|
|-heal|p1a: Rotom|95/100|[from] item: Leftovers
|upkeep
|turn|177
|inactive|Lenape has 30 seconds left this turn.
|
|t:|1625249023
|move|p1a: Rotom|Discharge|p2a: Clefable
|-damage|p2a: Clefable|39/100 par
|move|p2a: Clefable|Soft-Boiled|p2a: Clefable
|-heal|p2a: Clefable|89/100 par
|
|-heal|p1a: Rotom|100/100|[from] item: Leftovers
|upkeep
|turn|178
|
|t:|1625249039
|switch|p1a: Sylveon|Sylveon, F|74/100
|move|p2a: Clefable|Calm Mind|p2a: Clefable
|-boost|p2a: Clefable|spa|1
|-boost|p2a: Clefable|spd|1
|
|upkeep
|turn|179
|inactive|Lenape has 30 seconds left.
|c|☆Lenape|Free mag traps are the only thing keeping his team going
|l| iKiQ ㋛
|c|☆Lenape|Thast how strong it is
|
|t:|1625249058
|switch|p2a: Magnezone|Magnezone|82/100
|move|p1a: Sylveon|Wish|p1a: Sylveon
|
|upkeep
|turn|180
|inactive|Lenape has 25 seconds left this turn.
|inactive|Lenape has 20 seconds left.
|
|t:|1625249069
|switch|p2a: Toxapex|Toxapex, M|100/100 brn
|move|p1a: Sylveon|Protect||[still]
|-fail|p1a: Sylveon
|
|-heal|p1a: Sylveon|100/100|[from] move: Wish|[wisher] Sylveon
|-damage|p2a: Toxapex|95/100 brn|[from] brn
|upkeep
|turn|181
|inactive|Lenape has 25 seconds left this turn.
|
|t:|1625249072
|switch|p2a: Magnezone|Magnezone|82/100
|switch|p1a: Toxapex|Toxapex, F|100/100
|
|upkeep
|turn|182
|inactive|Lenape has 25 seconds left this turn.
|inactive|LT81YL crying has 60 seconds left.
|
|t:|1625249084
|switch|p1a: Rotom|Rotom-Heat|100/100
|move|p2a: Magnezone|Volt Switch|p1a: Rotom
|-resisted|p1a: Rotom
|-damage|p1a: Rotom|81/100
|inactive|Lenape has 30 seconds left this turn.
|
|t:|1625249087
|switch|p2a: Toxapex|Toxapex, M|100/100 brn|[from]move: Volt Switch
|
|-heal|p1a: Rotom|87/100|[from] item: Leftovers
|-damage|p2a: Toxapex|95/100 brn|[from] brn
|upkeep
|turn|183
|inactive|Lenape has 30 seconds left this turn.
|inactive|LT81YL crying has 60 seconds left.
|
|t:|1625249096
|switch|p1a: Toxapex|Toxapex, F|100/100
|move|p2a: Toxapex|Knock Off|p1a: Toxapex
|-damage|p1a: Toxapex|98/100
|
|-damage|p2a: Toxapex|89/100 brn|[from] brn
|upkeep
|turn|184
|inactive|Lenape has 30 seconds left.
|inactive|LT81YL crying has 60 seconds left.
|j| Double Down Expert
|l| Yelou
|c|☆Lenape|Ill never understand smogon logic
|inactive|Lenape has 20 seconds left.
|c|☆Lenape|All other
|c| pliang838|this game is going to come down to PP stalling rip
|c|☆Lenape|Trapping abilities
|inactive|Lenape has 15 seconds left.
|c|☆Lenape|Banned
|
|t:|1625249120
|move|p2a: Toxapex|Knock Off|p1a: Toxapex
|-damage|p1a: Toxapex|95/100
|move|p1a: Toxapex|Scald|p2a: Toxapex
|-resisted|p2a: Toxapex
|-damage|p2a: Toxapex|83/100 brn
|
|-damage|p2a: Toxapex|77/100 brn|[from] brn
|upkeep
|turn|185
|inactive|Lenape has 15 seconds left this turn.
|
|t:|1625249124
|move|p2a: Toxapex|Knock Off|p1a: Toxapex
|-damage|p1a: Toxapex|92/100
|move|p1a: Toxapex|Scald|p2a: Toxapex
|-resisted|p2a: Toxapex
|-damage|p2a: Toxapex|71/100 brn
|
|-damage|p2a: Toxapex|65/100 brn|[from] brn
|upkeep
|turn|186
|inactive|Lenape has 20 seconds left this turn.
|
|t:|1625249126
|move|p2a: Toxapex|Knock Off|p1a: Toxapex
|-damage|p1a: Toxapex|90/100
|move|p1a: Toxapex|Scald|p2a: Toxapex
|-resisted|p2a: Toxapex
|-damage|p2a: Toxapex|59/100 brn
|
|-damage|p2a: Toxapex|53/100 brn|[from] brn
|upkeep
|turn|187
|inactive|Lenape has 20 seconds left this turn.
|inactive|LT81YL crying has 60 seconds left.
|
|t:|1625249140
|switch|p2a: Buzzwole|Buzzwole|95/100
|move|p1a: Toxapex|Scald|p2a: Buzzwole
|-damage|p2a: Buzzwole|71/100
|
|upkeep
|turn|188
|inactive|Lenape has 25 seconds left this turn.
|
|t:|1625249144
|switch|p2a: Toxapex|Toxapex, M|87/100 brn
|move|p1a: Toxapex|Scald|p2a: Toxapex
|-resisted|p2a: Toxapex
|-damage|p2a: Toxapex|81/100 brn
|
|-damage|p2a: Toxapex|75/100 brn|[from] brn
|upkeep
|turn|189
|inactive|Lenape has 25 seconds left this turn.
|
|t:|1625249149
|switch|p2a: Buzzwole|Buzzwole|71/100
|move|p1a: Toxapex|Scald|p2a: Buzzwole
|-damage|p2a: Buzzwole|46/100
|-status|p2a: Buzzwole|brn
|
|-damage|p2a: Buzzwole|40/100 brn|[from] brn
|upkeep
|turn|190
|inactive|Lenape has 30 seconds left this turn.
|
|t:|1625249152
|switch|p1a: Umbreon|Umbreon, M|93/100
|move|p2a: Buzzwole|Roost|p2a: Buzzwole
|-heal|p2a: Buzzwole|91/100 brn
|-singleturn|p2a: Buzzwole|move: Roost
|
|-damage|p2a: Buzzwole|84/100 brn|[from] brn
|upkeep
|turn|191
|inactive|Lenape has 30 seconds left this turn.
|
|t:|1625249155
|switch|p1a: Toxapex|Toxapex, F|100/100
|move|p2a: Buzzwole|Close Combat|p1a: Toxapex
|-resisted|p1a: Toxapex
|-damage|p1a: Toxapex|91/100
|-unboost|p2a: Buzzwole|def|1
|-unboost|p2a: Buzzwole|spd|1
|
|-damage|p2a: Buzzwole|78/100 brn|[from] brn
|upkeep
|turn|192
|
|t:|1625249158
|switch|p2a: Toxapex|Toxapex, M|100/100 brn
|switch|p1a: Umbreon|Umbreon, M|93/100
|
|-damage|p2a: Toxapex|95/100 brn|[from] brn
|upkeep
|turn|193
|inactive|LT81YL crying has 60 seconds left.
|
|t:|1625249183
|switch|p1a: Toxapex|Toxapex, F|100/100
|switch|p2a: Clefable|Clefable, F|89/100 par
|
|upkeep
|turn|194
|c|☆Lenape|It wouldnt be so bad if sub stopped the trapping ability
|inactive|Lenape has 30 seconds left.
|
|t:|1625249197
|switch|p1a: Rotom|Rotom-Heat|87/100
|move|p2a: Clefable|Calm Mind|p2a: Clefable
|-boost|p2a: Clefable|spa|1
|-boost|p2a: Clefable|spd|1
|
|-heal|p1a: Rotom|94/100|[from] item: Leftovers
|upkeep
|turn|195
|inactive|Lenape has 30 seconds left this turn.
|
|t:|1625249202
|move|p1a: Rotom|Will-O-Wisp|p2a: Clefable|[miss]
|-miss|p1a: Rotom|p2a: Clefable
|move|p2a: Clefable|Calm Mind|p2a: Clefable
|-boost|p2a: Clefable|spa|1
|-boost|p2a: Clefable|spd|1
|
|-heal|p1a: Rotom|99/100|[from] item: Leftovers
|upkeep
|turn|196
|
|t:|1625249206
|switch|p1a: Sylveon|Sylveon, F|100/100
|move|p2a: Clefable|Calm Mind|p2a: Clefable
|-boost|p2a: Clefable|spa|1
|-boost|p2a: Clefable|spd|1
|
|upkeep
|turn|197
|j| ID Uc207Pr4f57t9
|
|t:|1625249210
|move|p1a: Sylveon|Calm Mind|p1a: Sylveon
|-boost|p1a: Sylveon|spa|1
|-boost|p1a: Sylveon|spd|1
|move|p2a: Clefable|Calm Mind|p2a: Clefable
|-boost|p2a: Clefable|spa|1
|-boost|p2a: Clefable|spd|1
|
|upkeep
|turn|198
|c| TeslaTheJolteon|Yeah a sub isn't magnetic :)
|
|t:|1625249219
|move|p1a: Sylveon|Calm Mind|p1a: Sylveon
|-boost|p1a: Sylveon|spa|1
|-boost|p1a: Sylveon|spd|1
|move|p2a: Clefable|Thunder|p1a: Sylveon
|-damage|p1a: Sylveon|83/100
|
|upkeep
|turn|199
|c| TeslaTheJolteon|Unfortunately that's not how it works
|
|t:|1625249228
|switch|p2a: Toxapex|Toxapex, M|100/100 brn
|move|p1a: Sylveon|Calm Mind|p1a: Sylveon
|-boost|p1a: Sylveon|spa|1
|-boost|p1a: Sylveon|spd|1
|
|-damage|p2a: Toxapex|95/100 brn|[from] brn
|upkeep
|turn|200
|
|t:|1625249241
|move|p2a: Toxapex|Haze|p2a: Toxapex
|-clearallboost
|move|p1a: Sylveon|Hyper Voice|p2a: Toxapex
|-resisted|p2a: Toxapex
|-damage|p2a: Toxapex|80/100 brn
|
|-damage|p2a: Toxapex|74/100 brn|[from] brn
|upkeep
|turn|201
|c|☆Lenape|Regardless of how well i played
|c| cute pink team|lol
|inactive|Lenape has 30 seconds left.
|c| cute pink team|so brutal
|inactive|LT81YL crying has 30 seconds left.
|c|☆Lenape|He auto won through magnezone
|c|☆Lenape|So fair
|inactive|Lenape has 20 seconds left.
|l| Double Down Expert
|l|+mammalu
|inactive|Lenape has 15 seconds left.
|c|☆Lenape|Good meta
|j| MiniLarry
|inactive|Lenape has 10 seconds left.
|c|☆Lenape|And compet play
|
|t:|1625249269
|switch|p2a: Magnezone|Magnezone|82/100
|move|p1a: Sylveon|Protect||[still]
|-fail|p1a: Sylveon
|
|upkeep
|turn|202
|inactive|Lenape has 15 seconds left this turn.
|inactive|LT81YL crying has 30 seconds left this turn.
|c| cute pink team|wait ulti the 11th
|c|☆Lenape|lol
|
|t:|1625249276
|switch|p1a: Rotom|Rotom-Heat|99/100
|move|p2a: Magnezone|Volt Switch|p1a: Rotom
|-resisted|p1a: Rotom
|-damage|p1a: Rotom|82/100
|inactive|Lenape has 15 seconds left this turn.
|inactive|LT81YL crying has 25 seconds left this turn.
|
|t:|1625249280
|switch|p2a: Clefable|Clefable, F|89/100 par|[from]move: Volt Switch
|
|-heal|p1a: Rotom|88/100|[from] item: Leftovers
|upkeep
|turn|203
|inactive|Lenape has 20 seconds left this turn.
|inactive|LT81YL crying has 30 seconds left this turn.
|inactive|Lenape has 15 seconds left.
|
|t:|1625249286
|move|p1a: Rotom|Discharge|p2a: Clefable
|-damage|p2a: Clefable|70/100 par
|move|p2a: Clefable|Calm Mind|p2a: Clefable
|-boost|p2a: Clefable|spa|1
|-boost|p2a: Clefable|spd|1
|
|-heal|p1a: Rotom|95/100|[from] item: Leftovers
|upkeep
|turn|204
|inactive|Lenape has 15 seconds left this turn.
|inactive|LT81YL crying has 30 seconds left this turn.
|l| rose of geass
|
|t:|1625249292
|switch|p1a: Corviknight|Corviknight, M|100/100
|-ability|p1a: Corviknight|Pressure
|move|p2a: Clefable|Soft-Boiled|p2a: Clefable
|-heal|p2a: Clefable|100/100 par
|
|upkeep
|turn|205
|inactive|Lenape has 20 seconds left this turn.
|inactive|LT81YL crying has 30 seconds left this turn.
|c| cute pink team|all the mons from past will return again
|
|t:|1625249296
|switch|p1a: Rotom|Rotom-Heat|95/100
|move|p2a: Clefable|Calm Mind|p2a: Clefable
|-boost|p2a: Clefable|spa|1
|-boost|p2a: Clefable|spd|1
|
|-heal|p1a: Rotom|100/100|[from] item: Leftovers
|upkeep
|turn|206
|inactive|Lenape has 20 seconds left this turn.
|inactive|LT81YL crying has 30 seconds left this turn.
|
|t:|1625249301
|move|p1a: Rotom|Discharge|p2a: Clefable
|-damage|p2a: Clefable|90/100 par
|move|p2a: Clefable|Calm Mind|p2a: Clefable
|-boost|p2a: Clefable|spa|1
|-boost|p2a: Clefable|spd|1
|
|upkeep
|turn|207
|inactive|Lenape has 25 seconds left this turn.
|c| TeslaTheJolteon|How do you guys determine the right EV spread
|inactive|LT81YL crying has 30 seconds left.
|l| Kostac
|
|t:|1625249312
|switch|p2a: Magnezone|Magnezone|82/100
|move|p1a: Rotom|Discharge|p2a: Magnezone
|-resisted|p2a: Magnezone
|-damage|p2a: Magnezone|63/100
|
|upkeep
|turn|208
|inactive|Lenape has 25 seconds left this turn.
|inactive|LT81YL crying has 25 seconds left this turn.
|inactive|LT81YL crying has 20 seconds left.
|
|t:|1625249319
|move|p2a: Magnezone|Volt Switch|p1a: Rotom
|-resisted|p1a: Rotom
|-damage|p1a: Rotom|84/100
|inactive|Lenape has 30 seconds left this turn.
|inactive|LT81YL crying has 25 seconds left this turn.
|
|t:|1625249322
|switch|p2a: Clefable|Clefable, F|90/100 par|[from]move: Volt Switch
|move|p1a: Rotom|Discharge|p2a: Clefable
|-damage|p2a: Clefable|72/100 par
|
|-heal|p1a: Rotom|90/100|[from] item: Leftovers
|upkeep
|turn|209
|inactive|Lenape has 30 seconds left this turn.
|inactive|LT81YL crying has 25 seconds left this turn.
|c| pliang838|19% chip on mag
|
|t:|1625249328
|switch|p1a: Corviknight|Corviknight, M|100/100
|-ability|p1a: Corviknight|Pressure
|move|p2a: Clefable|Soft-Boiled|p2a: Clefable
|-heal|p2a: Clefable|100/100 par
|
|upkeep
|turn|210
|inactive|Lenape has 30 seconds left this turn.
|inactive|LT81YL crying has 30 seconds left this turn.
|
|t:|1625249330
|switch|p1a: Rotom|Rotom-Heat|90/100
|switch|p2a: Magnezone|Magnezone|63/100
|
|-heal|p1a: Rotom|96/100|[from] item: Leftovers
|upkeep
|turn|211
|inactive|Lenape has 30 seconds left this turn.
|inactive|LT81YL crying has 30 seconds left this turn.
|c|☆Lenape|LOL
|c|☆Lenape|Outplaying him all the way
|inactive|Lenape has 20 seconds left.
|c|☆Lenape|And it just doesnt matter
|
|t:|1625249343
|switch|p2a: Clefable|Clefable, F|100/100 par
|move|p1a: Rotom|Discharge|p2a: Clefable
|-crit|p2a: Clefable
|-damage|p2a: Clefable|70/100 par
|
|-heal|p1a: Rotom|100/100|[from] item: Leftovers
|upkeep
|turn|212
|inactive|Lenape has 25 seconds left this turn.
|inactive|Lenape has 20 seconds left.
|inactive|LT81YL crying has 30 seconds left.
|c| TeslaTheJolteon|crittie
|c|☆LT81YL crying|its a outplay if it puts you in a winning position
|
|t:|1625249358
|move|p1a: Rotom|Will-O-Wisp||[still]
|-fail|p1a: Rotom
|move|p2a: Clefable|Soft-Boiled|p2a: Clefable
|-heal|p2a: Clefable|100/100 par
|
|upkeep
|turn|213
|inactive|Lenape has 20 seconds left this turn.
|inactive|LT81YL crying has 25 seconds left this turn.
|l| MiniLarry
|c|☆Lenape|No
|inactive|Lenape has 15 seconds left.
|inactive|LT81YL crying has 20 seconds left.
|c|☆Lenape|Because
|j|+mammalu
|c|☆Lenape|I have no win con
|inactive|Lenape has 10 seconds left.
|c|☆Lenape|From turn 1
|
|t:|1625249371
|switch|p1a: Sylveon|Sylveon, F|83/100
|switch|p2a: Toxapex|Toxapex, M|100/100 brn
|
|-damage|p2a: Toxapex|95/100 brn|[from] brn
|upkeep
|turn|214
|inactive|Lenape has 15 seconds left this turn.
|inactive|LT81YL crying has 25 seconds left this turn.
|inactive|Lenape has 10 seconds left.
|inactive|LT81YL crying has 20 seconds left.
|c|☆LT81YL crying|rhyperior was a decent 1
|inactive|LT81YL crying has 15 seconds left.
|
|t:|1625249385
|switch|p2a: Magnezone|Magnezone|63/100
|switch|p1a: Toxapex|Toxapex, F|100/100
|
|upkeep
|turn|215
|inactive|Lenape has 10 seconds left this turn.
|inactive|LT81YL crying has 15 seconds left this turn.
|c|☆Lenape|Flash cannon
|c|☆Lenape|Nope
|inactive|Lenape has 5 seconds left.
|inactive|LT81YL crying has 10 seconds left.
|
|t:|1625249394
|move|p2a: Magnezone|Volt Switch|p1a: Toxapex
|-supereffective|p1a: Toxapex
|-damage|p1a: Toxapex|43/100
|inactive|Lenape has 10 seconds left this turn.
|inactive|LT81YL crying has 15 seconds left this turn.
|
|t:|1625249397
|switch|p2a: Toxapex|Toxapex, M|100/100 brn|[from]move: Volt Switch
|move|p1a: Toxapex|Scald|p2a: Toxapex
|-resisted|p2a: Toxapex
|-damage|p2a: Toxapex|95/100 brn
|
|-damage|p2a: Toxapex|89/100 brn|[from] brn
|upkeep
|turn|216
|inactive|Lenape has 10 seconds left this turn.
|inactive|LT81YL crying has 15 seconds left this turn.
|
|t:|1625249402
|switch|p1a: Rotom|Rotom-Heat|100/100
|move|p2a: Toxapex|Knock Off|p1a: Rotom
|-damage|p1a: Rotom|95/100
|-enditem|p1a: Rotom|Leftovers|[from] move: Knock Off|[of] p2a: Toxapex
|
|-damage|p2a: Toxapex|83/100 brn|[from] brn
|upkeep
|turn|217
|inactive|Lenape has 15 seconds left this turn.
|inactive|LT81YL crying has 20 seconds left this turn.
|c| TeslaTheJolteon|Full HP rhyperior vs flash cannon?
|
|t:|1625249406
|switch|p1a: Toxapex|Toxapex, F|76/100
|switch|p2a: Clefable|Clefable, F|100/100 par
|
|upkeep
|turn|218
|inactive|Lenape has 15 seconds left this turn.
|inactive|LT81YL crying has 20 seconds left this turn.
|inactive|Lenape has 10 seconds left.
|inactive|LT81YL crying has 15 seconds left.
|c|☆Lenape|He can just switch
|inactive|Lenape has 5 seconds left.
|
|t:|1625249418
|switch|p1a: Rotom|Rotom-Heat|95/100
|move|p2a: Clefable|Calm Mind|p2a: Clefable
|-boost|p2a: Clefable|spa|1
|-boost|p2a: Clefable|spd|1
|
|upkeep
|turn|219
|inactive|Lenape has 10 seconds left this turn.
|inactive|LT81YL crying has 20 seconds left this turn.
|inactive|LT81YL crying has 15 seconds left.
|
|t:|1625249423
|switch|p1a: Toxapex|Toxapex, F|100/100
|move|p2a: Clefable|Calm Mind|p2a: Clefable
|-boost|p2a: Clefable|spa|1
|-boost|p2a: Clefable|spd|1
|
|upkeep
|turn|220
|inactive|Lenape has 10 seconds left this turn.
|inactive|LT81YL crying has 15 seconds left this turn.
|
|t:|1625249426
|switch|p1a: Corviknight|Corviknight, M|100/100
|-ability|p1a: Corviknight|Pressure
|move|p2a: Clefable|Calm Mind|p2a: Clefable
|-boost|p2a: Clefable|spa|1
|-boost|p2a: Clefable|spd|1
|
|upkeep
|turn|221
|inactive|Lenape has 15 seconds left this turn.
|inactive|LT81YL crying has 20 seconds left this turn.
|inactive|Lenape has 10 seconds left.
|inactive|LT81YL crying has 15 seconds left.
|
|t:|1625249434
|switch|p1a: Rotom|Rotom-Heat|95/100
|move|p2a: Clefable|Thunder|p1a: Rotom
|-resisted|p1a: Rotom
|-damage|p1a: Rotom|66/100
|
|upkeep
|turn|222
|inactive|Lenape has 10 seconds left this turn.
|inactive|LT81YL crying has 15 seconds left this turn.
|
|t:|1625249438
|switch|p1a: Toxapex|Toxapex, F|100/100
|cant|p2a: Clefable|par
|
|upkeep
|turn|223
|inactive|Lenape has 15 seconds left this turn.
|inactive|LT81YL crying has 20 seconds left this turn.
|
|t:|1625249442
|switch|p1a: Rotom|Rotom-Heat|66/100
|cant|p2a: Clefable|par
|
|upkeep
|turn|224
|inactive|Lenape has 15 seconds left this turn.
|inactive|LT81YL crying has 20 seconds left this turn.
|j| Helpinghans.
|
|t:|1625249447
|switch|p1a: Sylveon|Sylveon, F|83/100
|move|p2a: Clefable|Thunder|p1a: Sylveon
|-damage|p1a: Sylveon|52/100
|-status|p1a: Sylveon|par
|
|upkeep
|turn|225
|inactive|Lenape has 20 seconds left this turn.
|inactive|LT81YL crying has 25 seconds left this turn.
|
|t:|1625249451
|move|p1a: Sylveon|Wish|p1a: Sylveon
|cant|p2a: Clefable|par
|
|upkeep
|turn|226
|inactive|Lenape has 20 seconds left this turn.
|inactive|LT81YL crying has 25 seconds left this turn.
|inactive|LT81YL crying has 20 seconds left.
|
|t:|1625249456
|move|p1a: Sylveon|Protect|p1a: Sylveon
|-singleturn|p1a: Sylveon|Protect
|move|p2a: Clefable|Calm Mind|p2a: Clefable
|-boost|p2a: Clefable|spa|1
|-boost|p2a: Clefable|spd|1
|
|-heal|p1a: Sylveon|100/100 par|[from] move: Wish|[wisher] Sylveon
|upkeep
|turn|227
|inactive|Lenape has 25 seconds left this turn.
|inactive|LT81YL crying has 25 seconds left this turn.
|
|t:|1625249461
|switch|p1a: Corviknight|Corviknight, M|100/100
|-ability|p1a: Corviknight|Pressure
|move|p2a: Clefable|Moonblast|p1a: Corviknight
|-resisted|p1a: Corviknight
|-damage|p1a: Corviknight|56/100
|-unboost|p1a: Corviknight|spa|1
|
|upkeep
|turn|228
|inactive|Lenape has 25 seconds left this turn.
|inactive|LT81YL crying has 25 seconds left this turn.
|
|t:|1625249466
|switch|p1a: Sylveon|Sylveon, F|100/100 par
|move|p2a: Clefable|Thunder|p1a: Sylveon
|-damage|p1a: Sylveon|65/100 par
|
|upkeep
|turn|229
|inactive|Lenape has 30 seconds left this turn.
|inactive|LT81YL crying has 30 seconds left this turn.
|
|t:|1625249470
|cant|p2a: Clefable|par
|move|p1a: Sylveon|Wish|p1a: Sylveon
|
|upkeep
|turn|230
|inactive|Lenape has 30 seconds left this turn.
|inactive|LT81YL crying has 30 seconds left this turn.
|j| MiniLarry
|
|t:|1625249475
|cant|p1a: Sylveon|par
|move|p2a: Clefable|Thunder|p1a: Sylveon
|-damage|p1a: Sylveon|30/100 par
|
|-heal|p1a: Sylveon|80/100 par|[from] move: Wish|[wisher] Sylveon
|upkeep
|turn|231
|l| MiniLarry
|inactive|LT81YL crying has 30 seconds left.
|
|t:|1625249490
|move|p1a: Sylveon|Wish|p1a: Sylveon
|cant|p2a: Clefable|par
|
|upkeep
|turn|232
|inactive|LT81YL crying has 25 seconds left this turn.
|inactive|LT81YL crying has 20 seconds left.
|
|t:|1625249496
|switch|p1a: Corviknight|Corviknight, M|56/100
|-ability|p1a: Corviknight|Pressure
|switch|p2a: Magnezone|Magnezone|63/100
|
|-heal|p1a: Corviknight|100/100|[from] move: Wish|[wisher] Sylveon
|upkeep
|turn|233
|inactive|LT81YL crying has 25 seconds left this turn.
|
|t:|1625249501
|move|p2a: Magnezone|Thunderbolt|p1a: Corviknight
|-supereffective|p1a: Corviknight
|-damage|p1a: Corviknight|15/100
|-status|p1a: Corviknight|par
|move|p1a: Corviknight|Substitute|p1a: Corviknight
|-fail|p1a: Corviknight|move: Substitute|[weak]
|
|upkeep
|turn|234
|inactive|LT81YL crying has 25 seconds left this turn.
|
|t:|1625249504
|move|p2a: Magnezone|Thunderbolt|p1a: Corviknight
|-supereffective|p1a: Corviknight
|-damage|p1a: Corviknight|0 fnt
|faint|p1a: Corviknight
|
|upkeep
|inactive|LT81YL crying has 30 seconds left this turn.
|
|t:|1625249507
|switch|p1a: Rotom|Rotom-Heat|66/100
|turn|235
|inactive|LT81YL crying has 30 seconds left this turn.
|c|☆Lenape|Fair and balanced
|inactive|LT81YL crying has 20 seconds left.
|
|t:|1625249519
|switch|p2a: Toxapex|Toxapex, M|100/100 brn
|move|p1a: Rotom|Discharge|p2a: Toxapex
|-supereffective|p2a: Toxapex
|-damage|p2a: Toxapex|61/100 brn
|
|-damage|p2a: Toxapex|55/100 brn|[from] brn
|upkeep
|turn|236
|inactive|LT81YL crying has 25 seconds left this turn.
|inactive|LT81YL crying has 20 seconds left.
|c|☆Lenape|Only took him 236 chances to trap me
|c| TeslaTheJolteon|Maybe you should use mag too
|inactive|Lenape has 30 seconds left.
|
|t:|1625249539
|switch|p1a: Toxapex|Toxapex, F|100/100
|move|p2a: Toxapex|Toxic|p1a: Toxapex
|-immune|p1a: Toxapex
|
|-damage|p2a: Toxapex|49/100 brn|[from] brn
|upkeep
|turn|237
|inactive|Lenape has 25 seconds left this turn.
|inactive|LT81YL crying has 20 seconds left this turn.
|c| TeslaTheJolteon|battle of the mags
|inactive|Lenape has 20 seconds left.
|inactive|LT81YL crying has 15 seconds left.
|j| Mzear
|inactive|Lenape has 15 seconds left.
|c|☆Lenape|Honestly thats the whole meta right now
|inactive|Lenape has 10 seconds left.
|c|☆Lenape|Do they have mag
|
|t:|1625249557
|switch|p2a: Buzzwole|Buzzwole|78/100 brn
|move|p1a: Toxapex|Scald|p2a: Buzzwole
|-damage|p2a: Buzzwole|56/100 brn
|
|-damage|p2a: Buzzwole|50/100 brn|[from] brn
|upkeep
|turn|238
|inactive|Lenape has 15 seconds left this turn.
|inactive|LT81YL crying has 20 seconds left this turn.
|c| TeslaTheJolteon|Yeah
|
|t:|1625249561
|move|p2a: Buzzwole|Roost|p2a: Buzzwole
|-heal|p2a: Buzzwole|99/100 brn
|-singleturn|p2a: Buzzwole|move: Roost
|move|p1a: Toxapex|Scald|p2a: Buzzwole
|-damage|p2a: Buzzwole|77/100 brn
|
|-damage|p2a: Buzzwole|71/100 brn|[from] brn
|upkeep
|turn|239
|inactive|Lenape has 15 seconds left this turn.
|inactive|LT81YL crying has 20 seconds left this turn.
|c| TeslaTheJolteon|Mag and lando
|l| blessed days
|inactive|LT81YL crying has 15 seconds left.
|
|t:|1625249566
|switch|p2a: Toxapex|Toxapex, M|82/100 brn
|move|p1a: Toxapex|Scald|p2a: Toxapex
|-resisted|p2a: Toxapex
|-damage|p2a: Toxapex|77/100 brn
|
|-damage|p2a: Toxapex|71/100 brn|[from] brn
|upkeep
|turn|240
|inactive|Lenape has 20 seconds left this turn.
|inactive|LT81YL crying has 20 seconds left this turn.
|inactive|Lenape has 15 seconds left.
|inactive|LT81YL crying has 15 seconds left.
|c|☆Lenape|If not then Corv
|inactive|Lenape has 10 seconds left.
|inactive|Lenape has 5 seconds left.
|c| TeslaTheJolteon|Yeah
|c|☆Lenape|If so then use something else
|c| TeslaTheJolteon|And pex
|
|t:|1625249587
|move|p2a: Toxapex|Knock Off|p1a: Toxapex
|-damage|p1a: Toxapex|98/100
|move|p1a: Toxapex|Scald|p2a: Toxapex
|-resisted|p2a: Toxapex
|-damage|p2a: Toxapex|66/100 brn
|
|-damage|p2a: Toxapex|60/100 brn|[from] brn
|upkeep
|turn|241
|inactive|Lenape has 5 seconds left this turn.
|inactive|LT81YL crying has 15 seconds left this turn.
|
|t:|1625249591
|move|p2a: Toxapex|Knock Off|p1a: Toxapex
|-damage|p1a: Toxapex|95/100
|move|p1a: Toxapex|Scald|p2a: Toxapex
|-resisted|p2a: Toxapex
|-damage|p2a: Toxapex|53/100 brn
|
|-damage|p2a: Toxapex|47/100 brn|[from] brn
|upkeep
|turn|242
|inactive|Lenape has 10 seconds left this turn.
|inactive|LT81YL crying has 20 seconds left this turn.
|c| Chansey is you|oml stop complaining about something thats not even close from being broken
|inactive|Lenape has 5 seconds left.
|c|☆Lenape|What can i expect from copy paste tourn teams
|
|t:|1625249599
|switch|p2a: Buzzwole|Buzzwole|71/100 brn
|move|p1a: Toxapex|Toxic||[still]
|-fail|p1a: Toxapex
|
|-damage|p2a: Buzzwole|64/100 brn|[from] brn
|upkeep
|turn|243
|inactive|Lenape has 5 seconds left this turn.
|inactive|LT81YL crying has 20 seconds left this turn.
|c|☆LT81YL crying|how many times have you been at 1 second
|inactive|LT81YL crying has 15 seconds left.
|-message|Lenape lost due to inactivity.
|
|win|LT81YL crying
|raw|Lenape's rating: 1945 &rarr; <strong>1924</strong><br />(-21 for losing)
|raw|LT81YL crying's rating: 1925 &rarr; <strong>1946</strong><br />(+21 for winning)
|c|☆LT81YL crying|oki
|c|☆LT81YL crying|gg
|l| pliang838
