|html|<div class="broadcast-blue"><strong>[Gen 8] OU is currently suspecting Melmetal! For information on how to participate check out the <a href="https://www.smogon.com/forums/threads/np-ss-ou-suspect-process-round-12-monster-mash.3709234/">suspect thread</a>.</strong></div>
|j|☆coral ♥ fan
|j|☆Steez Ibanez
|inactive|Battle timer is ON: inactive players will automatically lose when time's up.
|t:|1666759588
|gametype|singles
|player|p1|coral ♥ fan|elaine|
|player|p2|Steez Ibanez|acetrainer-gen7|
|teamsize|p1|6
|teamsize|p2|6
|gen|8
|tier|[Gen 8] OU
|rated|Tournament battle
|rule|Sleep Clause Mod: Limit one foe put to sleep
|rule|Species Clause: Limit one of each Pokémon
|rule|OHKO Clause: OHKO moves are banned
|rule|Evasion Items Clause: Evasion items are banned
|rule|Evasion Moves Clause: Evasion moves are banned
|rule|Endless Battle Clause: Forcing endless battles is banned
|rule|HP Percentage Mod: HP is shown in percentages
|rule|Dynamax Clause: You cannot dynamax
|clearpoke
|poke|p1|Ninetales-Alola, M|
|poke|p1|Arctozolt|
|poke|p1|Arctovish|
|poke|p1|Magnezone|
|poke|p1|Swampert, M|
|poke|p1|Corviknight, F|
|poke|p2|Garchomp, M|
|poke|p2|Volcarona, M|
|poke|p2|Landorus-Therian, M|
|poke|p2|Ferrothorn, M|
|poke|p2|Tyranitar, M|
|poke|p2|Alakazam, M|
|teampreview
|c|☆Steez Ibanez|Hf
|j| cteaming!
|c|☆coral ♥ fan|u2
|j|%moondazing
|j| X-Wing Fighter
|j| Selenaur
|j| FaceblueO
|j| cypherstest
|c|☆Steez Ibanez|No you
|inactive|Steez Ibanez has 120 seconds left.
|c|☆Steez Ibanez|Hi xwing
|
|t:|1666759628
|start
|switch|p1a: Jezaille Brett|Ninetales-Alola, M, shiny|100/100
|switch|p2a: Simba|Landorus-Therian, M|100/100
|-ability|p2a: Simba|Intimidate|boost
|-unboost|p1a: Jezaille Brett|atk|1
|-weather|Hail|[from] ability: Snow Warning|[of] p1a: Jezaille Brett
|turn|1
|j| joey milktank
|
|t:|1666759638
|switch|p1a: Simon Blackquill|Corviknight, F|100/100
|-ability|p1a: Simon Blackquill|Pressure
|move|p2a: Simba|Stone Edge|p1a: Simon Blackquill
|-crit|p1a: Simon Blackquill
|-damage|p1a: Simon Blackquill|67/100
|
|-weather|Hail|[upkeep]
|-damage|p2a: Simba|95/100|[from] Hail
|-damage|p1a: Simon Blackquill|61/100|[from] Hail
|upkeep
|turn|2
|
|t:|1666759645
|switch|p2a: Samehada|Garchomp, M|100/100
|move|p1a: Simon Blackquill|U-turn|p2a: Samehada
|-damage|p2a: Samehada|87/100
|-damage|p1a: Simon Blackquill|49/100|[from] ability: Rough Skin|[of] p2a: Samehada
|j| ghostfreakkkk
|
|t:|1666759650
|switch|p1a: Luke Atmey|Arctozolt|100/100|[from]move: U-turn
|
|-weather|Hail|[upkeep]
|-damage|p2a: Samehada|81/100|[from] Hail
|-heal|p2a: Samehada|87/100|[from] item: Leftovers
|upkeep
|turn|3
|
|t:|1666759658
|switch|p2a: Abomination|Ferrothorn, M|100/100
|move|p1a: Luke Atmey|Bolt Beak|p2a: Abomination
|-resisted|p2a: Abomination
|-damage|p2a: Abomination|84/100
|-damage|p1a: Luke Atmey|88/100|[from] ability: Iron Barbs|[of] p2a: Abomination
|-damage|p1a: Luke Atmey|72/100|[from] item: Rocky Helmet|[of] p2a: Abomination
|
|-weather|Hail|[upkeep]
|-damage|p2a: Abomination|78/100|[from] Hail
|upkeep
|turn|4
|
|t:|1666759661
|switch|p1a: Enoch Drebber|Magnezone|100/100
|switch|p2a: Reptar|Tyranitar, M|100/100
|-weather|Sandstorm|[from] ability: Sand Stream|[of] p2a: Reptar
|
|-weather|Sandstorm|[upkeep]
|upkeep
|turn|5
|
|t:|1666759666
|switch|p1a: Simon Blackquill|Corviknight, F|49/100
|-ability|p1a: Simon Blackquill|Pressure
|switch|p2a: Samehada|Garchomp, M|87/100
|
|-weather|Sandstorm|[upkeep]
|-heal|p2a: Samehada|93/100|[from] item: Leftovers
|upkeep
|turn|6
|
|t:|1666759669
|move|p2a: Samehada|Swords Dance|p2a: Samehada
|-boost|p2a: Samehada|atk|2
|move|p1a: Simon Blackquill|Roost|p1a: Simon Blackquill
|-heal|p1a: Simon Blackquill|99/100
|-singleturn|p1a: Simon Blackquill|move: Roost
|
|-weather|Sandstorm|[upkeep]
|-heal|p2a: Samehada|99/100|[from] item: Leftovers
|upkeep
|turn|7
|
|t:|1666759673
|switch|p1a: Jezaille Brett|Ninetales-Alola, M, shiny|100/100
|-weather|Hail|[from] ability: Snow Warning|[of] p1a: Jezaille Brett
|move|p2a: Samehada|Fire Fang|p1a: Jezaille Brett
|-supereffective|p1a: Jezaille Brett
|-damage|p1a: Jezaille Brett|0 fnt
|faint|p1a: Jezaille Brett
|
|-weather|Hail|[upkeep]
|-damage|p2a: Samehada|93/100|[from] Hail
|-heal|p2a: Samehada|99/100|[from] item: Leftovers
|upkeep
|
|t:|1666759678
|switch|p1a: Manfred Von Karma|Arctovish|100/100
|turn|8
|c| Selenaur|Ohhh
|
|t:|1666759684
|switch|p2a: Abomination|Ferrothorn, M|78/100
|move|p1a: Manfred Von Karma|Blizzard|p2a: Abomination
|-damage|p2a: Abomination|38/100
|-damage|p1a: Manfred Von Karma|91/100|[from] item: Life Orb
|
|-weather|Hail|[upkeep]
|-damage|p2a: Abomination|32/100|[from] Hail
|upkeep
|turn|9
|
|t:|1666759690
|switch|p2a: Reptar|Tyranitar, M|100/100
|-weather|Sandstorm|[from] ability: Sand Stream|[of] p2a: Reptar
|move|p1a: Manfred Von Karma|Blizzard|p2a: Reptar|[miss]
|-miss|p1a: Manfred Von Karma|p2a: Reptar
|
|-weather|Sandstorm|[upkeep]
|-damage|p1a: Manfred Von Karma|85/100|[from] Sandstorm
|upkeep
|turn|10
|
|t:|1666759697
|switch|p1a: Simon Blackquill|Corviknight, F|99/100
|-ability|p1a: Simon Blackquill|Pressure
|switch|p2a: Abomination|Ferrothorn, M|32/100
|
|-weather|Sandstorm|[upkeep]
|upkeep
|turn|11
|
|t:|1666759701
|move|p1a: Simon Blackquill|U-turn|p2a: Abomination
|-damage|p2a: Abomination|24/100
|-damage|p1a: Simon Blackquill|87/100|[from] ability: Iron Barbs|[of] p2a: Abomination
|-damage|p1a: Simon Blackquill|70/100|[from] item: Rocky Helmet|[of] p2a: Abomination
|j| chimpusblast
|
|t:|1666759702
|switch|p1a: Enoch Drebber|Magnezone|100/100|[from]move: U-turn
|move|p2a: Abomination|Leech Seed|p1a: Enoch Drebber
|-start|p1a: Enoch Drebber|move: Leech Seed
|
|-weather|Sandstorm|[upkeep]
|-damage|p1a: Enoch Drebber|88/100|[from] Leech Seed|[of] p2a: Abomination
|-heal|p2a: Abomination|35/100|[silent]
|upkeep
|turn|12
|
|t:|1666759705
|move|p1a: Enoch Drebber|Iron Defense|p1a: Enoch Drebber
|-boost|p1a: Enoch Drebber|def|2
|move|p2a: Abomination|Spikes|p1a: Enoch Drebber
|-sidestart|p1: coral ♥ fan|Spikes
|
|-weather|Sandstorm|[upkeep]
|-damage|p1a: Enoch Drebber|76/100|[from] Leech Seed|[of] p2a: Abomination
|-heal|p2a: Abomination|46/100|[silent]
|upkeep
|turn|13
|
|t:|1666759707
|move|p1a: Enoch Drebber|Body Press|p2a: Abomination
|-supereffective|p2a: Abomination
|-damage|p2a: Abomination|0 fnt
|-damage|p1a: Enoch Drebber|64/100|[from] ability: Iron Barbs|[of] p2a: Abomination
|-damage|p1a: Enoch Drebber|47/100|[from] item: Rocky Helmet|[of] p2a: Abomination
|faint|p2a: Abomination
|
|-weather|none
|upkeep
|j| feebler
|
|t:|1666759709
|switch|p2a: Susano'o|Volcarona, M|100/100
|turn|14
|l| feebler
|
|t:|1666759721
|switch|p1a: Sebastian Debeste|Swampert, M|100/100
|-damage|p1a: Sebastian Debeste|88/100|[from] Spikes
|move|p2a: Susano'o|Quiver Dance|p2a: Susano'o
|-boost|p2a: Susano'o|spa|1
|-boost|p2a: Susano'o|spd|1
|-boost|p2a: Susano'o|spe|1
|
|upkeep
|turn|15
|j| scarier-suwa
|
|t:|1666759725
|move|p2a: Susano'o|Safeguard|p2a: Susano'o
|-sidestart|p2: Steez Ibanez|Safeguard
|move|p1a: Sebastian Debeste|Earthquake|p2a: Susano'o
|-damage|p2a: Susano'o|67/100
|
|upkeep
|turn|16
|c| X-Wing Fighter|yo hows it going steez
|
|t:|1666759729
|move|p2a: Susano'o|Quiver Dance|p2a: Susano'o
|-boost|p2a: Susano'o|spa|1
|-boost|p2a: Susano'o|spd|1
|-boost|p2a: Susano'o|spe|1
|move|p1a: Sebastian Debeste|Earthquake|p2a: Susano'o
|-damage|p2a: Susano'o|32/100
|
|upkeep
|turn|17
|c| scarier-suwa|safeguard volc
|c| scarier-suwa|HEATTTT
|c|☆Steez Ibanez|Chillin
|
|t:|1666759742
|move|p2a: Susano'o|Roost|p2a: Susano'o
|-heal|p2a: Susano'o|83/100
|-singleturn|p2a: Susano'o|move: Roost
|move|p1a: Sebastian Debeste|Earthquake|p2a: Susano'o
|-damage|p2a: Susano'o|48/100
|
|upkeep
|turn|18
|
|t:|1666759745
|move|p2a: Susano'o|Roost|p2a: Susano'o
|-heal|p2a: Susano'o|99/100
|-singleturn|p2a: Susano'o|move: Roost
|move|p1a: Sebastian Debeste|Earthquake|p2a: Susano'o
|-damage|p2a: Susano'o|62/100
|
|upkeep
|turn|19
|
|t:|1666759751
|move|p2a: Susano'o|Roost|p2a: Susano'o
|-heal|p2a: Susano'o|100/100
|-singleturn|p2a: Susano'o|move: Roost
|move|p1a: Sebastian Debeste|Earthquake|p2a: Susano'o
|-damage|p2a: Susano'o|67/100
|
|-sideend|p2: Steez Ibanez|Safeguard
|upkeep
|turn|20
|
|t:|1666759753
|move|p2a: Susano'o|Safeguard|p2a: Susano'o
|-sidestart|p2: Steez Ibanez|Safeguard
|move|p1a: Sebastian Debeste|Earthquake|p2a: Susano'o
|-damage|p2a: Susano'o|31/100
|
|upkeep
|turn|21
|
|t:|1666759755
|move|p2a: Susano'o|Roost|p2a: Susano'o
|-heal|p2a: Susano'o|81/100
|-singleturn|p2a: Susano'o|move: Roost
|move|p1a: Sebastian Debeste|Earthquake|p2a: Susano'o
|-damage|p2a: Susano'o|49/100
|
|upkeep
|turn|22
|
|t:|1666759757
|move|p2a: Susano'o|Roost|p2a: Susano'o
|-heal|p2a: Susano'o|99/100
|-singleturn|p2a: Susano'o|move: Roost
|move|p1a: Sebastian Debeste|Earthquake|p2a: Susano'o
|-damage|p2a: Susano'o|62/100
|
|upkeep
|turn|23
|c| scarier-suwa|crit is 1/24 in this gen right
|
|t:|1666759760
|move|p2a: Susano'o|Quiver Dance|p2a: Susano'o
|-boost|p2a: Susano'o|spa|1
|-boost|p2a: Susano'o|spd|1
|-boost|p2a: Susano'o|spe|1
|move|p1a: Sebastian Debeste|Earthquake|p2a: Susano'o
|-damage|p2a: Susano'o|26/100
|
|upkeep
|turn|24
|c|☆coral ♥ fan|yea
|
|t:|1666759764
|move|p2a: Susano'o|Roost|p2a: Susano'o
|-heal|p2a: Susano'o|76/100
|-singleturn|p2a: Susano'o|move: Roost
|move|p1a: Sebastian Debeste|Earthquake|p2a: Susano'o
|-damage|p2a: Susano'o|45/100
|
|-sideend|p2: Steez Ibanez|Safeguard
|upkeep
|turn|25
|
|t:|1666759767
|move|p2a: Susano'o|Safeguard|p2a: Susano'o
|-sidestart|p2: Steez Ibanez|Safeguard
|move|p1a: Sebastian Debeste|Earthquake|p2a: Susano'o
|-damage|p2a: Susano'o|12/100
|
|upkeep
|turn|26
|c| X-Wing Fighter|same here
|c|☆coral ♥ fan|steez wins this
|c|☆coral ♥ fan|unless i get one
|
|t:|1666759779
|move|p2a: Susano'o|Roost|p2a: Susano'o
|-heal|p2a: Susano'o|62/100
|-singleturn|p2a: Susano'o|move: Roost
|move|p1a: Sebastian Debeste|Earthquake|p2a: Susano'o
|-damage|p2a: Susano'o|30/100
|
|upkeep
|turn|27
|
|t:|1666759781
|move|p2a: Susano'o|Roost|p2a: Susano'o
|-heal|p2a: Susano'o|80/100
|-singleturn|p2a: Susano'o|move: Roost
|move|p1a: Sebastian Debeste|Earthquake|p2a: Susano'o
|-damage|p2a: Susano'o|43/100
|
|upkeep
|turn|28
|
|t:|1666759783
|move|p2a: Susano'o|Roost|p2a: Susano'o
|-heal|p2a: Susano'o|93/100
|-singleturn|p2a: Susano'o|move: Roost
|move|p1a: Sebastian Debeste|Earthquake|p2a: Susano'o
|-damage|p2a: Susano'o|58/100
|
|upkeep
|turn|29
|
|t:|1666759789
|move|p2a: Susano'o|Roost|p2a: Susano'o
|-heal|p2a: Susano'o|100/100
|-singleturn|p2a: Susano'o|move: Roost
|move|p1a: Sebastian Debeste|Earthquake|p2a: Susano'o
|-damage|p2a: Susano'o|65/100
|
|-sideend|p2: Steez Ibanez|Safeguard
|upkeep
|turn|30
|
|t:|1666759791
|move|p2a: Susano'o|Safeguard|p2a: Susano'o
|-sidestart|p2: Steez Ibanez|Safeguard
|move|p1a: Sebastian Debeste|Seismic Toss|p2a: Susano'o
|-damage|p2a: Susano'o|38/100
|-status|p1a: Sebastian Debeste|brn|[from] ability: Flame Body|[of] p2a: Susano'o
|
|-damage|p1a: Sebastian Debeste|82/100 brn|[from] brn
|upkeep
|turn|31
|
|t:|1666759794
|move|p2a: Susano'o|Roost|p2a: Susano'o
|-heal|p2a: Susano'o|88/100
|-singleturn|p2a: Susano'o|move: Roost
|move|p1a: Sebastian Debeste|Seismic Toss|p2a: Susano'o
|-damage|p2a: Susano'o|61/100
|
|-damage|p1a: Sebastian Debeste|76/100 brn|[from] brn
|upkeep
|turn|32
|
|t:|1666759799
|switch|p1a: Manfred Von Karma|Arctovish|85/100
|-damage|p1a: Manfred Von Karma|73/100|[from] Spikes
|move|p2a: Susano'o|Quiver Dance|p2a: Susano'o
|-boost|p2a: Susano'o|spa|1
|-boost|p2a: Susano'o|spd|1
|-boost|p2a: Susano'o|spe|1
|
|upkeep
|turn|33
|
|t:|1666759803
|move|p2a: Susano'o|Flamethrower|p1a: Manfred Von Karma
|-damage|p1a: Manfred Von Karma|0 fnt
|faint|p1a: Manfred Von Karma
|
|upkeep
|
|t:|1666759811
|switch|p1a: Enoch Drebber|Magnezone|47/100
|-damage|p1a: Enoch Drebber|35/100|[from] Spikes
|turn|34
|
|t:|1666759815
|move|p2a: Susano'o|Flamethrower|p1a: Enoch Drebber
|-supereffective|p1a: Enoch Drebber
|-damage|p1a: Enoch Drebber|0 fnt
|faint|p1a: Enoch Drebber
|
|-sideend|p2: Steez Ibanez|Safeguard
|upkeep
|j| i hate 2x crits
|
|t:|1666759817
|switch|p1a: Sebastian Debeste|Swampert, M|76/100 brn
|-damage|p1a: Sebastian Debeste|63/100 brn|[from] Spikes
|turn|35
|
|t:|1666759819
|move|p2a: Susano'o|Safeguard|p2a: Susano'o
|-sidestart|p2: Steez Ibanez|Safeguard
|move|p1a: Sebastian Debeste|Mirror Coat||[still]
|-fail|p1a: Sebastian Debeste
|
|-damage|p1a: Sebastian Debeste|57/100 brn|[from] brn
|upkeep
|turn|36
|
|t:|1666759822
|move|p2a: Susano'o|Quiver Dance|p2a: Susano'o
|-boost|p2a: Susano'o|spa|1
|-boost|p2a: Susano'o|spd|1
|-boost|p2a: Susano'o|spe|1
|move|p1a: Sebastian Debeste|Mirror Coat||[still]
|-fail|p1a: Sebastian Debeste
|
|-damage|p1a: Sebastian Debeste|51/100 brn|[from] brn
|upkeep
|turn|37
|c|☆coral ♥ fan|gg
|c|☆Steez Ibanez|gg
|-message|coral ♥ fan forfeited.
|
|win|Steez Ibanez
|n|☆coral ♥ fan|coralfan
|n|☆Steez Ibanez|steezibanez
|n| cteaming!|cteaming
|n|+moondazing|moondazing
|n| X-Wing Fighter|xwingfighter
|n| Selenaur|selenaur
|n| FaceblueO|faceblueo
|n| cypherstest|cypherstest
|n| joey milktank|joeymilktank
|n| ghostfreakkkk|ghostfreakkkk
|n| chimpusblast|chimpusblast
|n| scarier-suwa|scariersuwa
|n| i hate 2x crits|ihate2xcrits
