|html|<div class="broadcast-blue"><strong>[Gen 8] OU is currently suspecting Melmetal! For information on how to participate check out the <a href="https://www.smogon.com/forums/threads/np-ss-ou-suspect-process-round-12-monster-mash.3709234/">suspect thread</a>.</strong></div>
|j|☆Baldinator123
|j|☆ty-tyui↻
|t:|1665774605
|gametype|singles
|player|p1|Baldinator123|clerk-boss|1567
|player|p2|ty-tyui↻|beauty-masters|1635
|teamsize|p1|6
|teamsize|p2|6
|gen|8
|tier|[Gen 8] OU
|rated|
|rule|Sleep Clause Mod: Limit one foe put to sleep
|rule|Species Clause: Limit one of each Pokémon
|rule|OHKO Clause: OHKO moves are banned
|rule|Evasion Items Clause: Evasion items are banned
|rule|Evasion Moves Clause: Evasion moves are banned
|rule|Endless Battle Clause: Forcing endless battles is banned
|rule|HP Percentage Mod: HP is shown in percentages
|rule|Dynamax Clause: You cannot dynamax
|clearpoke
|poke|p1|Dragapult, M|
|poke|p1|Urshifu-*, F|
|poke|p1|Tapu Lele|
|poke|p1|Landorus-Therian, M|
|poke|p1|Zapdos|
|poke|p1|Melmetal|
|poke|p2|Mienshao, F|
|poke|p2|Ninetales-Alola, F|
|poke|p2|Blacephalon|
|poke|p2|Landorus-Therian, M|
|poke|p2|Corviknight, F|
|poke|p2|Rotom-Wash|
|teampreview
|
|t:|1665774614
|start
|switch|p1a: Urshifu|Urshifu-Rapid-Strike, F|100/100
|switch|p2a: Rotom|Rotom-Wash|100/100
|turn|1
|
|t:|1665774621
|move|p1a: Urshifu|Close Combat|p2a: Rotom
|-damage|p2a: Rotom|7/100
|-unboost|p1a: Urshifu|def|1
|-unboost|p1a: Urshifu|spd|1
|move|p2a: Rotom|Hydro Pump|p1a: Urshifu|[miss]
|-miss|p2a: Rotom|p1a: Urshifu
|
|-heal|p2a: Rotom|14/100|[from] item: Leftovers
|upkeep
|turn|2
|inactive|Battle timer is ON: inactive players will automatically lose when time's up. (requested by Baldinator123)
|
|t:|1665774630
|switch|p1a: Dragapult|Dragapult, M|100/100
|switch|p2a: Blacephalon|Blacephalon, shiny|100/100
|
|upkeep
|turn|3
|
|t:|1665774636
|move|p2a: Blacephalon|Shadow Ball|p1a: Dragapult
|-supereffective|p1a: Dragapult
|-damage|p1a: Dragapult|0 fnt
|faint|p1a: Dragapult
|-ability|p2a: Blacephalon|Beast Boost|boost
|-boost|p2a: Blacephalon|spa|1
|
|upkeep
|
|t:|1665774646
|switch|p1a: Urshifu|Urshifu-Rapid-Strike, F|100/100
|turn|4
|
|t:|1665774649
|switch|p2a: Corviknight|Corviknight, F|100/100
|-ability|p2a: Corviknight|Pressure
|move|p1a: Urshifu|Aqua Jet|p2a: Corviknight
|-damage|p2a: Corviknight|79/100
|-damage|p1a: Urshifu|84/100|[from] item: Rocky Helmet|[of] p2a: Corviknight
|
|upkeep
|turn|5
|
|t:|1665774657
|switch|p1a: Zapdos|Zapdos|100/100
|move|p2a: Corviknight|U-turn|p1a: Zapdos
|-resisted|p1a: Zapdos
|-damage|p1a: Zapdos|92/100
|
|t:|1665774673
|switch|p2a: Ninetales|Ninetales-Alola, F|100/100|[from]move: U-turn
|-weather|Hail|[from] ability: Snow Warning|[of] p2a: Ninetales
|
|-weather|Hail|[upkeep]
|-damage|p1a: Zapdos|86/100|[from] Hail
|upkeep
|turn|6
|
|t:|1665774679
|move|p2a: Ninetales|Blizzard|p1a: Zapdos
|-supereffective|p1a: Zapdos
|-damage|p1a: Zapdos|0 fnt
|faint|p1a: Zapdos
|
|-weather|Hail|[upkeep]
|upkeep
|
|t:|1665774686
|switch|p1a: Melmetal|Melmetal|100/100
|turn|7
|
|t:|1665774690
|switch|p2a: Corviknight|Corviknight, F|79/100
|-ability|p2a: Corviknight|Pressure
|switch|p1a: Tapu Lele|Tapu Lele|100/100
|-fieldstart|move: Psychic Terrain|[from] ability: Psychic Surge|[of] p1a: Tapu Lele
|
|-weather|Hail|[upkeep]
|-damage|p1a: Tapu Lele|94/100|[from] Hail
|-damage|p2a: Corviknight|73/100|[from] Hail
|upkeep
|turn|8
|
|t:|1665774694
|switch|p2a: Rotom|Rotom-Wash|14/100
|move|p1a: Tapu Lele|Future Sight|p2a: Rotom
|-start|p1a: Tapu Lele|move: Future Sight
|
|-weather|Hail|[upkeep]
|-damage|p1a: Tapu Lele|88/100|[from] Hail
|-damage|p2a: Rotom|7/100|[from] Hail
|-heal|p2a: Rotom|14/100|[from] item: Leftovers
|upkeep
|turn|9
|
|t:|1665774700
|switch|p1a: Landorus|Landorus-Therian, M|100/100
|-ability|p1a: Landorus|Intimidate|boost
|-unboost|p2a: Rotom|atk|1
|move|p2a: Rotom|Thunder Wave|p1a: Landorus
|-immune|p1a: Landorus
|
|-weather|none
|-heal|p2a: Rotom|20/100|[from] item: Leftovers
|upkeep
|turn|10
|
|t:|1665774705
|move|p1a: Landorus|Knock Off|p2a: Rotom
|-damage|p2a: Rotom|0 fnt
|-enditem|p2a: Rotom|Leftovers|[from] move: Knock Off|[of] p1a: Landorus
|faint|p2a: Rotom
|
|-hint|Future Sight did not hit because the target is fainted.
|upkeep
|
|t:|1665774712
|switch|p2a: Ninetales|Ninetales-Alola, F|100/100
|-weather|Hail|[from] ability: Snow Warning|[of] p2a: Ninetales
|turn|11
|
|t:|1665774717
|switch|p1a: Melmetal|Melmetal|100/100
|move|p2a: Ninetales|Blizzard|p1a: Melmetal
|-resisted|p1a: Melmetal
|-crit|p1a: Melmetal
|-damage|p1a: Melmetal|55/100
|
|-weather|Hail|[upkeep]
|-damage|p1a: Melmetal|48/100|[from] Hail
|-heal|p1a: Melmetal|55/100|[from] item: Leftovers
|-fieldend|move: Psychic Terrain
|upkeep
|turn|12
|
|t:|1665774729
|switch|p2a: Corviknight|Corviknight, F|73/100
|-ability|p2a: Corviknight|Pressure
|move|p1a: Melmetal|Double Iron Bash|p2a: Corviknight
|-resisted|p2a: Corviknight
|-damage|p2a: Corviknight|58/100
|-damage|p1a: Melmetal|38/100|[from] item: Rocky Helmet|[of] p2a: Corviknight
|-resisted|p2a: Corviknight
|-damage|p2a: Corviknight|42/100
|-damage|p1a: Melmetal|21/100|[from] item: Rocky Helmet|[of] p2a: Corviknight
|-hitcount|p2a: Corviknight|2
|
|-weather|Hail|[upkeep]
|-damage|p2a: Corviknight|36/100|[from] Hail
|-damage|p1a: Melmetal|15/100|[from] Hail
|-heal|p1a: Melmetal|21/100|[from] item: Leftovers
|upkeep
|turn|13
|
|t:|1665774743
|move|p2a: Corviknight|Roost|p2a: Corviknight
|-heal|p2a: Corviknight|86/100
|-singleturn|p2a: Corviknight|move: Roost
|move|p1a: Melmetal|Earthquake|p2a: Corviknight
|-supereffective|p2a: Corviknight
|-damage|p2a: Corviknight|32/100
|
|-weather|Hail|[upkeep]
|-damage|p2a: Corviknight|26/100|[from] Hail
|-damage|p1a: Melmetal|15/100|[from] Hail
|-heal|p1a: Melmetal|21/100|[from] item: Leftovers
|upkeep
|turn|14
|
|t:|1665774750
|switch|p1a: Tapu Lele|Tapu Lele|88/100
|-fieldstart|move: Psychic Terrain|[from] ability: Psychic Surge|[of] p1a: Tapu Lele
|move|p2a: Corviknight|Roost|p2a: Corviknight
|-heal|p2a: Corviknight|76/100
|-singleturn|p2a: Corviknight|move: Roost
|
|-weather|Hail|[upkeep]
|-damage|p1a: Tapu Lele|82/100|[from] Hail
|-damage|p2a: Corviknight|70/100|[from] Hail
|upkeep
|turn|15
|
|t:|1665774754
|switch|p2a: Landorus|Landorus-Therian, M|100/100
|-ability|p2a: Landorus|Intimidate|boost
|-unboost|p1a: Tapu Lele|atk|1
|move|p1a: Tapu Lele|Future Sight|p2a: Landorus
|-start|p1a: Tapu Lele|move: Future Sight
|
|-weather|none
|upkeep
|turn|16
|
|t:|1665774757
|switch|p1a: Landorus|Landorus-Therian, M|100/100
|-ability|p1a: Landorus|Intimidate|boost
|-unboost|p2a: Landorus|atk|1
|move|p2a: Landorus|Stealth Rock|p1a: Landorus
|-sidestart|p1: Baldinator123|move: Stealth Rock
|
|upkeep
|turn|17
|
|t:|1665774762
|move|p1a: Landorus|Stealth Rock|p2a: Landorus
|-sidestart|p2: ty-tyui↻|move: Stealth Rock
|move|p2a: Landorus|Toxic|p1a: Landorus
|-status|p1a: Landorus|tox
|
|-end|p2a: Landorus|move: Future Sight
|-damage|p2a: Landorus|32/100
|-heal|p2a: Landorus|38/100|[from] item: Leftovers
|-damage|p1a: Landorus|94/100 tox|[from] psn
|upkeep
|turn|18
|
|t:|1665774769
|switch|p2a: Corviknight|Corviknight, F|70/100
|-damage|p2a: Corviknight|57/100|[from] Stealth Rock
|-ability|p2a: Corviknight|Pressure
|move|p1a: Landorus|Knock Off|p2a: Corviknight
|-damage|p2a: Corviknight|35/100
|-damage|p1a: Landorus|78/100 tox|[from] item: Rocky Helmet|[of] p2a: Corviknight
|-enditem|p2a: Corviknight|Rocky Helmet|[from] move: Knock Off|[of] p1a: Landorus
|
|-heal|p1a: Landorus|84/100 tox|[from] item: Leftovers
|-damage|p1a: Landorus|72/100 tox|[from] psn
|-fieldend|move: Psychic Terrain
|upkeep
|turn|19
|
|t:|1665774774
|switch|p1a: Urshifu|Urshifu-Rapid-Strike, F|84/100
|-damage|p1a: Urshifu|78/100|[from] Stealth Rock
|move|p2a: Corviknight|Roost|p2a: Corviknight
|-heal|p2a: Corviknight|85/100
|-singleturn|p2a: Corviknight|move: Roost
|
|upkeep
|turn|20
|
|t:|1665774778
|move|p1a: Urshifu|Surging Strikes|p2a: Corviknight
|-crit|p2a: Corviknight
|-damage|p2a: Corviknight|66/100
|-crit|p2a: Corviknight
|-damage|p2a: Corviknight|45/100
|-crit|p2a: Corviknight
|-damage|p2a: Corviknight|25/100
|-hitcount|p2a: Corviknight|3
|move|p2a: Corviknight|Brave Bird|p1a: Urshifu
|-supereffective|p1a: Urshifu
|-damage|p1a: Urshifu|8/100
|-damage|p2a: Corviknight|5/100|[from] Recoil
|
|upkeep
|turn|21
|
|t:|1665774781
|move|p1a: Urshifu|Surging Strikes|p2a: Corviknight
|-crit|p2a: Corviknight
|-damage|p2a: Corviknight|0 fnt
|faint|p2a: Corviknight
|-hitcount|p2: Corviknight|1
|
|upkeep
|
|t:|1665774784
|switch|p2a: Blacephalon|Blacephalon, shiny|100/100
|-damage|p2a: Blacephalon|76/100|[from] Stealth Rock
|turn|22
|j| Ran Kob
|
|t:|1665774803
|switch|p1a: Melmetal|Melmetal|21/100
|-damage|p1a: Melmetal|15/100|[from] Stealth Rock
|move|p2a: Blacephalon|Flamethrower|p1a: Melmetal
|-supereffective|p1a: Melmetal
|-crit|p1a: Melmetal
|-damage|p1a: Melmetal|0 fnt
|faint|p1a: Melmetal
|-ability|p2a: Blacephalon|Beast Boost|boost
|-boost|p2a: Blacephalon|spa|1
|
|upkeep
|
|t:|1665774806
|switch|p1a: Urshifu|Urshifu-Rapid-Strike, F|8/100
|-damage|p1a: Urshifu|1/100|[from] Stealth Rock
|turn|23
|
|t:|1665774813
|switch|p2a: Landorus|Landorus-Therian, M|38/100
|-damage|p2a: Landorus|26/100|[from] Stealth Rock
|-ability|p2a: Landorus|Intimidate|boost
|-unboost|p1a: Urshifu|atk|1
|move|p1a: Urshifu|Surging Strikes|p2a: Landorus
|-supereffective|p2a: Landorus
|-crit|p2a: Landorus
|-damage|p2a: Landorus|0 fnt
|faint|p2a: Landorus
|-hitcount|p2: Landorus|1
|
|upkeep
|
|t:|1665774819
|switch|p2a: Blacephalon|Blacephalon, shiny|76/100
|-damage|p2a: Blacephalon|51/100|[from] Stealth Rock
|turn|24
|c|☆ty-tyui↻|gg
|-message|Baldinator123 forfeited.
|
|win|ty-tyui↻
|raw|Baldinator123's rating: 1567 &rarr; <strong>1551</strong><br />(-16 for losing)
|raw|ty-tyui↻'s rating: 1635 &rarr; <strong>1651</strong><br />(+16 for winning)
|l|☆Baldinator123
||Ladder isn't responding, score probably updated but might not have (Request timeout).
