|raw|<div class="broadcast-blue"><strong>This battle is required to be public due to a player having a name starting with 'lt92pf'.</div>
|j|☆lt92pf rej
|j|‽kinetic chain
|t:|1660309396
|gametype|singles
|player|p1|lt92pf rej|pokefanf-gen4|1779
|player|p2|kinetic chain|silver-gen2|1824
|teamsize|p1|6
|teamsize|p2|6
|gen|8
|tier|[Gen 8] OU
|rated|
|rule|Sleep Clause Mod: Limit one foe put to sleep
|rule|Species Clause: Limit one of each Pokémon
|rule|OHKO Clause: OHKO moves are banned
|rule|Evasion Items Clause: Evasion items are banned
|rule|Evasion Moves Clause: Evasion moves are banned
|rule|Endless Battle Clause: Forcing endless battles is banned
|rule|HP Percentage Mod: HP is shown in percentages
|rule|Dynamax Clause: You cannot dynamax
|clearpoke
|poke|p1|Tornadus-Therian, M|
|poke|p1|Urshifu-*, F|
|poke|p1|Landorus-Therian, M|
|poke|p1|Tapu Fini|
|poke|p1|Melmetal|
|poke|p1|Slowking-Galar, M|
|poke|p2|Regieleki|
|poke|p2|Tapu Koko|
|poke|p2|Dragonite, M|
|poke|p2|Ferrothorn, M|
|poke|p2|Melmetal|
|poke|p2|Landorus-Therian, M|
|teampreview
|inactive|Battle timer is ON: inactive players will automatically lose when time's up. (requested by lt92pf rej)
|j| irgendwasmitmeeem
|
|t:|1660309405
|start
|switch|p1a: Melmetal|Melmetal, shiny|100/100
|switch|p2a: Landorus|Landorus-Therian, M|100/100
|-ability|p2a: Landorus|Intimidate|boost
|-unboost|p1a: Melmetal|atk|1
|turn|1
|
|t:|1660309410
|move|p2a: Landorus|U-turn|p1a: Melmetal
|-resisted|p1a: Melmetal
|-damage|p1a: Melmetal|94/100
|
|t:|1660309412
|switch|p2a: Ferrothorn|Ferrothorn, M|100/100|[from]move: U-turn
|move|p1a: Melmetal|Double Iron Bash|p2a: Ferrothorn
|-resisted|p2a: Ferrothorn
|-damage|p2a: Ferrothorn|93/100
|-damage|p1a: Melmetal|82/100|[from] ability: Iron Barbs|[of] p2a: Ferrothorn
|-resisted|p2a: Ferrothorn
|-damage|p2a: Ferrothorn|84/100
|-damage|p1a: Melmetal|69/100|[from] ability: Iron Barbs|[of] p2a: Ferrothorn
|-hitcount|p2a: Ferrothorn|2
|
|-heal|p1a: Melmetal|75/100|[from] item: Leftovers
|-heal|p2a: Ferrothorn|90/100|[from] item: Leftovers
|upkeep
|turn|2
|
|t:|1660309416
|switch|p1a: Tornadus|Tornadus-Therian, M, shiny|100/100
|move|p2a: Ferrothorn|Knock Off|p1a: Tornadus
|-damage|p1a: Tornadus|79/100
|-enditem|p1a: Tornadus|Heavy-Duty Boots|[from] move: Knock Off|[of] p2a: Ferrothorn
|
|-heal|p2a: Ferrothorn|96/100|[from] item: Leftovers
|upkeep
|turn|3
|
|t:|1660309423
|switch|p2a: Landorus|Landorus-Therian, M|100/100
|-ability|p2a: Landorus|Intimidate|boost
|-unboost|p1a: Tornadus|atk|1
|move|p1a: Tornadus|Heat Wave|p2a: Landorus
|-damage|p2a: Landorus|82/100
|
|-heal|p2a: Landorus|88/100|[from] item: Leftovers
|upkeep
|turn|4
|
|t:|1660309428
|move|p1a: Tornadus|Toxic|p2a: Landorus
|-status|p2a: Landorus|tox
|move|p2a: Landorus|U-turn|p1a: Tornadus
|-resisted|p1a: Tornadus
|-damage|p1a: Tornadus|67/100
|
|t:|1660309430
|switch|p2a: Tapu Koko|Tapu Koko|100/100|[from]move: U-turn
|-fieldstart|move: Electric Terrain|[from] ability: Electric Surge|[of] p2a: Tapu Koko
|
|upkeep
|turn|5
|
|t:|1660309435
|switch|p1a: Landorus|Landorus-Therian, M, shiny|100/100
|-ability|p1a: Landorus|Intimidate|boost
|-unboost|p2a: Tapu Koko|atk|1
|move|p2a: Tapu Koko|Volt Switch|p1a: Landorus
|-immune|p1a: Landorus
|
|upkeep
|turn|6
|
|t:|1660309439
|switch|p2a: Landorus|Landorus-Therian, M|88/100 tox
|-ability|p2a: Landorus|Intimidate|boost
|-unboost|p1a: Landorus|atk|1
|move|p1a: Landorus|Knock Off|p2a: Landorus
|-damage|p2a: Landorus|67/100 tox
|-enditem|p2a: Landorus|Leftovers|[from] move: Knock Off|[of] p1a: Landorus
|
|-damage|p2a: Landorus|61/100 tox|[from] psn
|upkeep
|turn|7
|
|t:|1660309442
|move|p1a: Landorus|U-turn|p2a: Landorus
|-resisted|p2a: Landorus
|-damage|p2a: Landorus|53/100 tox
|
|t:|1660309443
|switch|p1a: Tornadus|Tornadus-Therian, M, shiny|100/100|[from]move: U-turn
|move|p2a: Landorus|Stealth Rock|p1a: Tornadus
|-sidestart|p1: lt92pf rej|move: Stealth Rock
|
|-damage|p2a: Landorus|41/100 tox|[from] psn
|upkeep
|turn|8
|
|t:|1660309448
|move|p1a: Tornadus|Hurricane|p2a: Landorus
|-damage|p2a: Landorus|13/100 tox
|move|p2a: Landorus|U-turn|p1a: Tornadus
|-resisted|p1a: Tornadus
|-damage|p1a: Tornadus|90/100
|
|t:|1660309452
|switch|p2a: Tapu Koko|Tapu Koko|100/100|[from]move: U-turn
|
|-fieldend|move: Electric Terrain
|upkeep
|turn|9
|
|t:|1660309459
|move|p2a: Tapu Koko|Volt Switch|p1a: Tornadus
|-supereffective|p1a: Tornadus
|-damage|p1a: Tornadus|23/100
|
|t:|1660309464
|switch|p2a: Melmetal|Melmetal|100/100|[from]move: Volt Switch
|move|p1a: Tornadus|U-turn|p2a: Melmetal
|-resisted|p2a: Melmetal
|-damage|p2a: Melmetal|96/100
|
|t:|1660309470
|switch|p1a: Urshifu|Urshifu-Rapid-Strike, F|100/100|[from]move: U-turn
|-damage|p1a: Urshifu|94/100|[from] Stealth Rock
|
|-heal|p2a: Melmetal|100/100|[from] item: Leftovers
|upkeep
|turn|10
|
|t:|1660309495
|switch|p2a: Landorus|Landorus-Therian, M|13/100 tox
|-ability|p2a: Landorus|Intimidate|boost
|-unboost|p1a: Urshifu|atk|1
|move|p1a: Urshifu|Close Combat|p2a: Landorus
|-resisted|p2a: Landorus
|-crit|p2a: Landorus
|-damage|p2a: Landorus|0 fnt
|-unboost|p1a: Urshifu|def|1
|-unboost|p1a: Urshifu|spd|1
|faint|p2a: Landorus
|
|upkeep
|
|t:|1660309499
|switch|p2a: Tapu Koko|Tapu Koko|100/100
|-fieldstart|move: Electric Terrain|[from] ability: Electric Surge|[of] p2a: Tapu Koko
|turn|11
|
|t:|1660309502
|switch|p1a: Landorus|Landorus-Therian, M, shiny|100/100
|-damage|p1a: Landorus|88/100|[from] Stealth Rock
|-ability|p1a: Landorus|Intimidate|boost
|-unboost|p2a: Tapu Koko|atk|1
|move|p2a: Tapu Koko|Dazzling Gleam|p1a: Landorus
|-damage|p1a: Landorus|48/100
|
|-heal|p1a: Landorus|54/100|[from] item: Leftovers
|upkeep
|turn|12
|j| Curryisnotgood
|
|t:|1660309510
|switch|p2a: Ferrothorn|Ferrothorn, M|96/100
|move|p1a: Landorus|Earthquake|p2a: Ferrothorn
|-damage|p2a: Ferrothorn|66/100
|
|-heal|p1a: Landorus|60/100|[from] item: Leftovers
|-heal|p2a: Ferrothorn|72/100|[from] item: Leftovers
|upkeep
|turn|13
|
|t:|1660309519
|switch|p1a: Tornadus|Tornadus-Therian, M, shiny|56/100
|-damage|p1a: Tornadus|31/100|[from] Stealth Rock
|move|p2a: Ferrothorn|Leech Seed|p1a: Tornadus
|-start|p1a: Tornadus|move: Leech Seed
|
|-heal|p2a: Ferrothorn|78/100|[from] item: Leftovers
|-damage|p1a: Tornadus|19/100|[from] Leech Seed|[of] p2a: Ferrothorn
|-heal|p2a: Ferrothorn|91/100|[silent]
|upkeep
|turn|14
|
|t:|1660309523
|move|p1a: Tornadus|U-turn|p2a: Ferrothorn
|-damage|p2a: Ferrothorn|83/100
|-damage|p1a: Tornadus|6/100|[from] ability: Iron Barbs|[of] p2a: Ferrothorn
|
|t:|1660309525
|switch|p1a: Slowking|Slowking-Galar, M, shiny|100/100|[from]move: U-turn
|-damage|p1a: Slowking|88/100|[from] Stealth Rock
|move|p2a: Ferrothorn|Knock Off|p1a: Slowking
|-supereffective|p1a: Slowking
|-damage|p1a: Slowking|45/100
|-enditem|p1a: Slowking|Assault Vest|[from] move: Knock Off|[of] p2a: Ferrothorn
|
|-heal|p2a: Ferrothorn|89/100|[from] item: Leftovers
|upkeep
|turn|15
|
|t:|1660309539
|switch|p2a: Melmetal|Melmetal|100/100
|move|p1a: Slowking|Scald|p2a: Melmetal
|-damage|p2a: Melmetal|76/100
|-status|p2a: Melmetal|brn
|
|-heal|p2a: Melmetal|82/100 brn|[from] item: Leftovers
|-damage|p2a: Melmetal|76/100 brn|[from] brn
|-fieldend|move: Electric Terrain
|upkeep
|turn|16
|
|t:|1660309548
|switch|p1a: Melmetal|Melmetal, shiny|75/100
|-damage|p1a: Melmetal|69/100|[from] Stealth Rock
|move|p2a: Melmetal|Double Iron Bash|p1a: Melmetal
|-resisted|p1a: Melmetal
|-damage|p1a: Melmetal|62/100
|-resisted|p1a: Melmetal
|-damage|p1a: Melmetal|56/100
|-hitcount|p1a: Melmetal|2
|
|-heal|p1a: Melmetal|63/100|[from] item: Leftovers
|-heal|p2a: Melmetal|82/100 brn|[from] item: Leftovers
|-damage|p2a: Melmetal|76/100 brn|[from] brn
|upkeep
|turn|17
|
|t:|1660309561
|move|p1a: Melmetal|Superpower|p2a: Melmetal
|-supereffective|p2a: Melmetal
|-damage|p2a: Melmetal|15/100 brn
|-unboost|p1a: Melmetal|atk|1
|-unboost|p1a: Melmetal|def|1
|move|p2a: Melmetal|Double Iron Bash|p1a: Melmetal
|-resisted|p1a: Melmetal
|-damage|p1a: Melmetal|52/100
|-resisted|p1a: Melmetal
|-damage|p1a: Melmetal|43/100
|-hitcount|p1a: Melmetal|2
|
|-heal|p1a: Melmetal|49/100|[from] item: Leftovers
|-heal|p2a: Melmetal|21/100 brn|[from] item: Leftovers
|-damage|p2a: Melmetal|15/100 brn|[from] brn
|upkeep
|turn|18
|
|t:|1660309576
|switch|p1a: Urshifu|Urshifu-Rapid-Strike, F|94/100
|-damage|p1a: Urshifu|88/100|[from] Stealth Rock
|switch|p2a: Ferrothorn|Ferrothorn, M|89/100
|
|-heal|p2a: Ferrothorn|95/100|[from] item: Leftovers
|upkeep
|turn|19
|
|t:|1660309580
|switch|p2a: Melmetal|Melmetal|15/100 brn
|move|p1a: Urshifu|Close Combat|p2a: Melmetal
|-supereffective|p2a: Melmetal
|-damage|p2a: Melmetal|0 fnt
|-unboost|p1a: Urshifu|def|1
|-unboost|p1a: Urshifu|spd|1
|faint|p2a: Melmetal
|
|upkeep
|
|t:|1660309582
|switch|p2a: Tapu Koko|Tapu Koko|100/100
|-fieldstart|move: Electric Terrain|[from] ability: Electric Surge|[of] p2a: Tapu Koko
|turn|20
|
|t:|1660309587
|switch|p1a: Slowking|Slowking-Galar, M, shiny|78/100
|-damage|p1a: Slowking|66/100|[from] Stealth Rock
|move|p2a: Tapu Koko|Volt Switch|p1a: Slowking
|-damage|p1a: Slowking|34/100
|l| Curryisnotgood
|
|t:|1660309593
|switch|p2a: Dragonite|Dragonite, M|100/100|[from]move: Volt Switch
|
|upkeep
|turn|21
|
|t:|1660309601
|move|p2a: Dragonite|Dragon Dance|p2a: Dragonite
|-boost|p2a: Dragonite|atk|1
|-boost|p2a: Dragonite|spe|1
|move|p1a: Slowking|Sludge Bomb|p2a: Dragonite
|-damage|p2a: Dragonite|80/100
|-status|p2a: Dragonite|psn
|
|-damage|p2a: Dragonite|68/100 psn|[from] psn
|upkeep
|turn|22
|
|t:|1660309606
|switch|p1a: Landorus|Landorus-Therian, M, shiny|60/100
|-damage|p1a: Landorus|48/100|[from] Stealth Rock
|-ability|p1a: Landorus|Intimidate|boost
|-unboost|p2a: Dragonite|atk|1
|move|p2a: Dragonite|Earthquake|p1a: Landorus
|-immune|p1a: Landorus
|
|-heal|p1a: Landorus|54/100|[from] item: Leftovers
|-damage|p2a: Dragonite|55/100 psn|[from] psn
|upkeep
|turn|23
|
|t:|1660309610
|move|p2a: Dragonite|Earthquake|p1a: Landorus
|-immune|p1a: Landorus
|move|p1a: Landorus|Knock Off|p2a: Dragonite
|-damage|p2a: Dragonite|24/100 psn
|-enditem|p2a: Dragonite|Heavy-Duty Boots|[from] move: Knock Off|[of] p1a: Landorus
|
|-heal|p1a: Landorus|60/100|[from] item: Leftovers
|-damage|p2a: Dragonite|12/100 psn|[from] psn
|upkeep
|turn|24
|
|t:|1660309614
|switch|p1a: Tapu Fini|Tapu Fini, shiny|100/100
|-damage|p1a: Tapu Fini|88/100|[from] Stealth Rock
|-fieldstart|move: Misty Terrain|[from] ability: Misty Surge|[of] p1a: Tapu Fini
|move|p2a: Dragonite|Ice Punch|p1a: Tapu Fini
|-resisted|p1a: Tapu Fini
|-damage|p1a: Tapu Fini|78/100
|
|-damage|p2a: Dragonite|0 fnt|[from] psn
|faint|p2a: Dragonite
|upkeep
|-message|kinetic chain forfeited.
|
|win|lt92pf rej
|raw|lt92pf rej's rating: 1779 &rarr; <strong>1802</strong><br />(+23 for winning)
|raw|kinetic chain's rating: 1824 &rarr; <strong>1801</strong><br />(-23 for losing)
|l|‽kinetic chain
|l|☆lt92pf rej
||Ladder isn't responding, score probably updated but might not have (Request timeout).
