|html|<div class="broadcast-blue"><strong>[Gen 8] OU is currently suspecting Melmetal! For information on how to participate check out the <a href="https://www.smogon.com/forums/threads/np-ss-ou-suspect-process-round-12-monster-mash.3709234/">suspect thread</a>.</strong></div>
|j|☆minimax_ai
|j|☆why addicted
|t:|1666603501
|gametype|singles
|player|p1|minimax_ai|lusamine-nihilego|1731
|player|p2|why addicted|101|1881
|teamsize|p1|6
|teamsize|p2|6
|gen|8
|tier|[Gen 8] OU
|rated|
|rule|Sleep Clause Mod: Limit one foe put to sleep
|rule|Species Clause: Limit one of each Pokémon
|rule|OHKO Clause: OHKO moves are banned
|rule|Evasion Items Clause: Evasion items are banned
|rule|Evasion Moves Clause: Evasion moves are banned
|rule|Endless Battle Clause: Forcing endless battles is banned
|rule|HP Percentage Mod: HP is shown in percentages
|rule|Dynamax Clause: You cannot dynamax
|clearpoke
|poke|p1|Rotom-Wash|
|poke|p1|Weavile, M|
|poke|p1|Landorus-Therian, M|
|poke|p1|Heatran, M|
|poke|p1|Tangrowth, M|
|poke|p1|Melmetal|
|poke|p2|Landorus-Therian, M|
|poke|p2|Heatran, F|
|poke|p2|Ferrothorn, F|
|poke|p2|Dragapult, M|
|poke|p2|Tapu Lele|
|poke|p2|Urshifu-*, M|
|teampreview
|c|☆minimax_ai|hf
|inactive|Battle timer is ON: inactive players will automatically lose when time's up. (requested by minimax_ai)
|
|t:|1666603510
|start
|switch|p1a: landorustherian|Landorus-Therian, M|100/100
|switch|p2a: Tapu Lele|Tapu Lele|100/100
|-fieldstart|move: Psychic Terrain|[from] ability: Psychic Surge|[of] p2a: Tapu Lele
|-ability|p1a: landorustherian|Intimidate|boost
|-unboost|p2a: Tapu Lele|atk|1
|turn|1
|
|t:|1666603519
|move|p2a: Tapu Lele|Psyshock|p1a: landorustherian
|-damage|p1a: landorustherian|45/100
|move|p1a: landorustherian|Earthquake|p2a: Tapu Lele
|-damage|p2a: Tapu Lele|22/100
|
|-heal|p1a: landorustherian|51/100|[from] item: Leftovers
|upkeep
|turn|2
|
|t:|1666603526
|switch|p1a: Heatran|Heatran, M|100/100
|-item|p1a: Heatran|Air Balloon
|move|p2a: Tapu Lele|Psyshock|p1a: Heatran
|-resisted|p1a: Heatran
|-damage|p1a: Heatran|70/100
|-enditem|p1a: Heatran|Air Balloon
|
|upkeep
|turn|3
|
|t:|1666603532
|switch|p2a: Landorus|Landorus-Therian, M|100/100
|-ability|p2a: Landorus|Intimidate|boost
|-unboost|p1a: Heatran|atk|1
|move|p1a: Heatran|Stealth Rock|p2a: Landorus
|-sidestart|p2: why addicted|move: Stealth Rock
|
|upkeep
|turn|4
|
|t:|1666603536
|switch|p1a: landorustherian|Landorus-Therian, M|51/100
|-ability|p1a: landorustherian|Intimidate|boost
|-unboost|p2a: Landorus|atk|1
|move|p2a: Landorus|Defog|p1a: landorustherian
|-unboost|p1a: landorustherian|evasion|1
|-sideend|p2: why addicted|Stealth Rock|[from] move: Defog|[of] p2a: Landorus
|-fieldend|move: Psychic Terrain
|
|-heal|p1a: landorustherian|57/100|[from] item: Leftovers
|upkeep
|turn|5
|
|t:|1666603540
|move|p2a: Landorus|U-turn|p1a: landorustherian
|-resisted|p1a: landorustherian
|-crit|p1a: landorustherian
|-damage|p1a: landorustherian|42/100
|
|t:|1666603541
|switch|p2a: Ferrothorn|Ferrothorn, F|100/100|[from]move: U-turn
|move|p1a: landorustherian|Earthquake|p2a: Ferrothorn
|-damage|p2a: Ferrothorn|71/100
|
|-heal|p1a: landorustherian|49/100|[from] item: Leftovers
|upkeep
|turn|6
|j| nian9
|c|☆why addicted|U2
|l| nian9
|
|t:|1666603549
|move|p1a: landorustherian|Earthquake|p2a: Ferrothorn
|-damage|p2a: Ferrothorn|46/100
|move|p2a: Ferrothorn|Knock Off|p1a: landorustherian
|-damage|p1a: landorustherian|26/100
|-enditem|p1a: landorustherian|Leftovers|[from] move: Knock Off|[of] p2a: Ferrothorn
|
|upkeep
|turn|7
|
|t:|1666603554
|switch|p2a: Landorus|Landorus-Therian, M|100/100
|-ability|p2a: Landorus|Intimidate|boost
|-unboost|p1a: landorustherian|atk|1
|move|p1a: landorustherian|U-turn|p2a: Landorus
|-resisted|p2a: Landorus
|-damage|p2a: Landorus|93/100
|
|t:|1666603554
|switch|p1a: Weavile|Weavile, M|100/100|[from]move: U-turn
|-ability|p1a: Weavile|Pressure
|
|-heal|p2a: Landorus|99/100|[from] item: Leftovers
|upkeep
|turn|8
|
|t:|1666603561
|switch|p2a: Urshifu|Urshifu-Rapid-Strike, M|100/100
|move|p1a: Weavile|Triple Axel|p2a: Urshifu
|-resisted|p2a: Urshifu
|-damage|p2a: Urshifu|93/100
|-resisted|p2a: Urshifu
|-damage|p2a: Urshifu|77/100
|-resisted|p2a: Urshifu
|-damage|p2a: Urshifu|55/100
|-hitcount|p2a: Urshifu|3
|
|upkeep
|turn|9
|
|t:|1666603567
|switch|p1a: Tangrowth|Tangrowth, M|100/100
|move|p2a: Urshifu|U-turn|p1a: Tangrowth
|-supereffective|p1a: Tangrowth
|-damage|p1a: Tangrowth|74/100
|
|t:|1666603575
|switch|p2a: Heatran|Heatran, F|100/100|[from]move: U-turn
|
|upkeep
|turn|10
|
|t:|1666603579
|switch|p1a: rotomwash|Rotom-Wash|100/100
|move|p2a: Heatran|Magma Storm|p1a: rotomwash
|-resisted|p1a: rotomwash
|-damage|p1a: rotomwash|78/100
|-activate|p1a: rotomwash|move: Magma Storm|[of] p2a: Heatran
|
|-heal|p1a: rotomwash|84/100|[from] item: Leftovers
|-damage|p1a: rotomwash|72/100|[from] move: Magma Storm|[partiallytrapped]
|upkeep
|turn|11
|
|t:|1666603583
|move|p1a: rotomwash|Thunderbolt|p2a: Heatran
|-damage|p2a: Heatran|80/100
|move|p2a: Heatran|Toxic|p1a: rotomwash
|-status|p1a: rotomwash|tox
|
|-heal|p1a: rotomwash|78/100 tox|[from] item: Leftovers
|-heal|p2a: Heatran|86/100|[from] item: Leftovers
|-damage|p1a: rotomwash|72/100 tox|[from] psn
|-damage|p1a: rotomwash|59/100 tox|[from] move: Magma Storm|[partiallytrapped]
|upkeep
|turn|12
|
|t:|1666603590
|move|p2a: Heatran|Protect|p2a: Heatran
|-singleturn|p2a: Heatran|Protect
|move|p1a: rotomwash|Thunderbolt|p2a: Heatran
|-activate|p2a: Heatran|move: Protect
|
|-heal|p1a: rotomwash|65/100 tox|[from] item: Leftovers
|-heal|p2a: Heatran|92/100|[from] item: Leftovers
|-damage|p1a: rotomwash|53/100 tox|[from] psn
|-damage|p1a: rotomwash|40/100 tox|[from] move: Magma Storm|[partiallytrapped]
|upkeep
|turn|13
|
|t:|1666603593
|move|p1a: rotomwash|Hydro Pump|p2a: Heatran
|-supereffective|p2a: Heatran
|-damage|p2a: Heatran|42/100
|move|p2a: Heatran|Magma Storm|p1a: rotomwash
|-resisted|p1a: rotomwash
|-damage|p1a: rotomwash|17/100 tox
|
|-heal|p1a: rotomwash|24/100 tox|[from] item: Leftovers
|-heal|p2a: Heatran|48/100|[from] item: Leftovers
|-damage|p1a: rotomwash|5/100 tox|[from] psn
|-damage|p1a: rotomwash|0 fnt|[from] move: Magma Storm|[partiallytrapped]
|faint|p1a: rotomwash
|upkeep
|
|t:|1666603594
|switch|p1a: Weavile|Weavile, M|100/100
|-ability|p1a: Weavile|Pressure
|turn|14
|
|t:|1666603600
|move|p2a: Heatran|Protect|p2a: Heatran
|-singleturn|p2a: Heatran|Protect
|move|p1a: Weavile|Knock Off|p2a: Heatran
|-activate|p2a: Heatran|move: Protect
|
|-heal|p2a: Heatran|55/100|[from] item: Leftovers
|upkeep
|turn|15
|
|t:|1666603605
|switch|p2a: Ferrothorn|Ferrothorn, F|46/100
|move|p1a: Weavile|Knock Off|p2a: Ferrothorn
|-damage|p2a: Ferrothorn|7/100
|-damage|p1a: Weavile|88/100|[from] ability: Iron Barbs|[of] p2a: Ferrothorn
|-damage|p1a: Weavile|72/100|[from] item: Rocky Helmet|[of] p2a: Ferrothorn
|-enditem|p2a: Ferrothorn|Rocky Helmet|[from] move: Knock Off|[of] p1a: Weavile
|
|upkeep
|turn|16
|
|t:|1666603607
|move|p1a: Weavile|Knock Off|p2a: Ferrothorn
|-damage|p2a: Ferrothorn|0 fnt
|-damage|p1a: Weavile|59/100|[from] ability: Iron Barbs|[of] p2a: Ferrothorn
|faint|p2a: Ferrothorn
|
|upkeep
|
|t:|1666603612
|switch|p2a: Urshifu|Urshifu-Rapid-Strike, M|55/100
|turn|17
|
|t:|1666603617
|switch|p1a: Tangrowth|Tangrowth, M|100/100
|move|p2a: Urshifu|Close Combat|p1a: Tangrowth
|-damage|p1a: Tangrowth|68/100
|-unboost|p2a: Urshifu|def|1
|-unboost|p2a: Urshifu|spd|1
|
|upkeep
|turn|18
|
|t:|1666603619
|move|p2a: Urshifu|U-turn|p1a: Tangrowth
|-supereffective|p1a: Tangrowth
|-damage|p1a: Tangrowth|42/100
|
|t:|1666603625
|switch|p2a: Landorus|Landorus-Therian, M|99/100|[from]move: U-turn
|-ability|p2a: Landorus|Intimidate|boost
|-unboost|p1a: Tangrowth|atk|1
|move|p1a: Tangrowth|Sleep Powder|p2a: Landorus
|-status|p2a: Landorus|slp|[from] move: Sleep Powder
|
|-heal|p2a: Landorus|100/100 slp|[from] item: Leftovers
|upkeep
|turn|19
|
|t:|1666603634
|switch|p2a: Urshifu|Urshifu-Rapid-Strike, M|55/100
|switch|p1a: Melmetal|Melmetal|100/100
|
|upkeep
|turn|20
|
|t:|1666603640
|move|p2a: Urshifu|U-turn|p1a: Melmetal
|-resisted|p1a: Melmetal
|-damage|p1a: Melmetal|94/100
|
|t:|1666603642
|switch|p2a: Heatran|Heatran, F|55/100|[from]move: U-turn
|move|p1a: Melmetal|Thunder Punch|p2a: Heatran
|-damage|p2a: Heatran|28/100
|
|-heal|p2a: Heatran|34/100|[from] item: Leftovers
|upkeep
|turn|21
|
|t:|1666603645
|move|p2a: Heatran|Magma Storm|p1a: Melmetal
|-supereffective|p1a: Melmetal
|-damage|p1a: Melmetal|50/100
|-activate|p1a: Melmetal|move: Magma Storm|[of] p2a: Heatran
|move|p1a: Melmetal|Earthquake|p2a: Heatran
|-supereffective|p2a: Heatran
|-damage|p2a: Heatran|0 fnt
|faint|p2a: Heatran
|
|-end|p1a: Melmetal|Magma Storm|[partiallytrapped]|[silent]
|upkeep
|
|t:|1666603652
|switch|p2a: Urshifu|Urshifu-Rapid-Strike, M|55/100
|turn|22
|
|t:|1666603656
|switch|p1a: Tangrowth|Tangrowth, M|75/100
|move|p2a: Urshifu|Close Combat|p1a: Tangrowth
|-damage|p1a: Tangrowth|39/100
|-unboost|p2a: Urshifu|def|1
|-unboost|p2a: Urshifu|spd|1
|
|upkeep
|turn|23
|
|t:|1666603660
|move|p2a: Urshifu|U-turn|p1a: Tangrowth
|-supereffective|p1a: Tangrowth
|-damage|p1a: Tangrowth|13/100
|
|t:|1666603662
|switch|p2a: Landorus|Landorus-Therian, M|100/100 slp|[from]move: U-turn
|-ability|p2a: Landorus|Intimidate|boost
|-unboost|p1a: Tangrowth|atk|1
|move|p1a: Tangrowth|Giga Drain|p2a: Landorus
|-damage|p2a: Landorus|79/100 slp
|-heal|p1a: Tangrowth|23/100|[from] drain|[of] p2a: Landorus
|
|-heal|p2a: Landorus|85/100 slp|[from] item: Leftovers
|upkeep
|turn|24
|
|t:|1666603664
|switch|p2a: Dragapult|Dragapult, M|100/100
|switch|p1a: landorustherian|Landorus-Therian, M|26/100
|-ability|p1a: landorustherian|Intimidate|boost
|-unboost|p2a: Dragapult|atk|1
|
|upkeep
|turn|25
|
|t:|1666603670
|switch|p1a: Heatran|Heatran, M|70/100
|move|p2a: Dragapult|Flamethrower|p1a: Heatran
|-start|p1a: Heatran|ability: Flash Fire
|
|upkeep
|turn|26
|
|t:|1666603675
|switch|p2a: Tapu Lele|Tapu Lele|22/100
|-fieldstart|move: Psychic Terrain|[from] ability: Psychic Surge|[of] p2a: Tapu Lele
|move|p1a: Heatran|Eruption|p2a: Tapu Lele
|-damage|p2a: Tapu Lele|0 fnt
|faint|p2a: Tapu Lele
|
|upkeep
|
|t:|1666603677
|switch|p2a: Urshifu|Urshifu-Rapid-Strike, M|55/100
|turn|27
|
|t:|1666603683
|-end|p1a: Heatran|ability: Flash Fire|[silent]
|switch|p1a: Tangrowth|Tangrowth, M|56/100
|move|p2a: Urshifu|Surging Strikes|p1a: Tangrowth
|-resisted|p1a: Tangrowth
|-crit|p1a: Tangrowth
|-damage|p1a: Tangrowth|51/100
|-resisted|p1a: Tangrowth
|-crit|p1a: Tangrowth
|-damage|p1a: Tangrowth|46/100
|-resisted|p1a: Tangrowth
|-crit|p1a: Tangrowth
|-damage|p1a: Tangrowth|40/100
|-hitcount|p1a: Tangrowth|3
|
|upkeep
|turn|28
|
|t:|1666603689
|move|p2a: Urshifu|U-turn|p1a: Tangrowth
|-supereffective|p1a: Tangrowth
|-damage|p1a: Tangrowth|16/100
|
|t:|1666603692
|switch|p2a: Dragapult|Dragapult, M|100/100|[from]move: U-turn
|move|p1a: Tangrowth|Giga Drain|p2a: Dragapult
|-resisted|p2a: Dragapult
|-damage|p2a: Dragapult|81/100
|-heal|p1a: Tangrowth|24/100|[from] drain|[of] p2a: Dragapult
|
|upkeep
|turn|29
|
|t:|1666603694
|switch|p1a: Melmetal|Melmetal|50/100
|move|p2a: Dragapult|Shadow Ball|p1a: Melmetal
|-damage|p1a: Melmetal|18/100
|-unboost|p1a: Melmetal|spd|1
|
|upkeep
|turn|30
|
|t:|1666603697
|switch|p1a: landorustherian|Landorus-Therian, M|26/100
|-ability|p1a: landorustherian|Intimidate|boost
|-unboost|p2a: Dragapult|atk|1
|move|p2a: Dragapult|Shadow Ball|p1a: landorustherian
|-damage|p1a: landorustherian|0 fnt
|faint|p1a: landorustherian
|
|-fieldend|move: Psychic Terrain
|upkeep
|
|t:|1666603697
|switch|p1a: Weavile|Weavile, M|59/100
|-ability|p1a: Weavile|Pressure
|turn|31
|
|t:|1666603701
|switch|p2a: Landorus|Landorus-Therian, M|85/100 slp
|-ability|p2a: Landorus|Intimidate|boost
|-unboost|p1a: Weavile|atk|1
|move|p1a: Weavile|Triple Axel|p2a: Landorus
|-supereffective|p2a: Landorus
|-damage|p2a: Landorus|43/100 slp
|-supereffective|p2a: Landorus
|-damage|p2a: Landorus|0 fnt
|faint|p2a: Landorus
|-hitcount|p2: Landorus|2
|
|upkeep
|
|t:|1666603714
|switch|p2a: Dragapult|Dragapult, M|81/100
|turn|32
|
|t:|1666603715
|switch|p1a: Heatran|Heatran, M|70/100
|move|p2a: Dragapult|U-turn|p1a: Heatran
|-resisted|p1a: Heatran
|-damage|p1a: Heatran|66/100
|
|t:|1666603718
|switch|p2a: Urshifu|Urshifu-Rapid-Strike, M|55/100|[from]move: U-turn
|
|upkeep
|turn|33
|
|t:|1666603726
|switch|p1a: Tangrowth|Tangrowth, M|57/100
|move|p2a: Urshifu|Surging Strikes|p1a: Tangrowth
|-resisted|p1a: Tangrowth
|-crit|p1a: Tangrowth
|-damage|p1a: Tangrowth|52/100
|-resisted|p1a: Tangrowth
|-crit|p1a: Tangrowth
|-damage|p1a: Tangrowth|47/100
|-resisted|p1a: Tangrowth
|-crit|p1a: Tangrowth
|-damage|p1a: Tangrowth|41/100
|-hitcount|p1a: Tangrowth|3
|
|upkeep
|turn|34
|
|t:|1666603729
|move|p2a: Urshifu|Close Combat|p1a: Tangrowth
|-damage|p1a: Tangrowth|10/100
|-unboost|p2a: Urshifu|def|1
|-unboost|p2a: Urshifu|spd|1
|move|p1a: Tangrowth|Giga Drain|p2a: Urshifu
|-supereffective|p2a: Urshifu
|-damage|p2a: Urshifu|0 fnt
|-heal|p1a: Tangrowth|33/100|[from] drain|[of] p2a: Urshifu
|faint|p2a: Urshifu
|
|upkeep
|c|☆why addicted|Gg
|-message|why addicted forfeited.
|
|win|minimax_ai
|raw|minimax_ai's rating: 1731 &rarr; <strong>1759</strong><br />(+28 for winning)
|raw|why addicted's rating: 1881 &rarr; <strong>1853</strong><br />(-28 for losing)
|c|☆minimax_ai|gg
|l|☆why addicted
