|j|☆WoodManNiceMan
|j|☆shiawasenostory
|t:|1663708446
|gametype|singles
|player|p1|WoodManNiceMan|sage|1696
|player|p2|shiawasenostory|2|1742
|teamsize|p1|6
|teamsize|p2|6
|gen|8
|tier|[Gen 8] OU
|rated|
|rule|Sleep Clause Mod: Limit one foe put to sleep
|rule|Species Clause: Limit one of each Pokémon
|rule|OHKO Clause: OHKO moves are banned
|rule|Evasion Items Clause: Evasion items are banned
|rule|Evasion Moves Clause: Evasion moves are banned
|rule|Endless Battle Clause: Forcing endless battles is banned
|rule|HP Percentage Mod: HP is shown in percentages
|rule|Dynamax Clause: You cannot dynamax
|clearpoke
|poke|p1|Blacephalon|
|poke|p1|Weavile, M|
|poke|p1|Dragonite, M|
|poke|p1|Melmetal|
|poke|p1|Buzzwole|
|poke|p1|Landorus-Therian, M|
|poke|p2|Rillaboom, F|
|poke|p2|Tornadus-Therian, M|
|poke|p2|Blaziken, F|
|poke|p2|Melmetal|
|poke|p2|Garchomp, M|
|poke|p2|Slowbro, M|
|teampreview
|j| man with the juice
|j| UrSheerForce
|
|t:|1663708458
|start
|switch|p1a: Weavile|Weavile, M|100/100
|switch|p2a: Melmetal|Melmetal|100/100
|-ability|p1a: Weavile|Pressure
|turn|1
|inactive|Battle timer is ON: inactive players will automatically lose when time's up. (requested by WoodManNiceMan)
|
|t:|1663708462
|switch|p1a: Buzzwole|Buzzwole, shiny|100/100
|move|p2a: Melmetal|Double Iron Bash|p1a: Buzzwole
|-damage|p1a: Buzzwole|82/100
|-damage|p2a: Melmetal|84/100|[from] item: Rocky Helmet|[of] p1a: Buzzwole
|-damage|p1a: Buzzwole|63/100
|-damage|p2a: Melmetal|67/100|[from] item: Rocky Helmet|[of] p1a: Buzzwole
|-hitcount|p1a: Buzzwole|2
|
|-heal|p2a: Melmetal|74/100|[from] item: Leftovers
|upkeep
|turn|2
|
|t:|1663708471
|switch|p1a: Blacephalon|Blacephalon|100/100
|move|p2a: Melmetal|Toxic|p1a: Blacephalon
|-status|p1a: Blacephalon|tox
|
|-heal|p2a: Melmetal|80/100|[from] item: Leftovers
|-damage|p1a: Blacephalon|94/100 tox|[from] psn
|upkeep
|turn|3
|j| foierzoig
|
|t:|1663708478
|move|p2a: Melmetal|Protect|p2a: Melmetal
|-singleturn|p2a: Melmetal|Protect
|move|p1a: Blacephalon|Flamethrower|p2a: Melmetal
|-activate|p2a: Melmetal|move: Protect
|
|-heal|p2a: Melmetal|86/100|[from] item: Leftovers
|-damage|p1a: Blacephalon|82/100 tox|[from] psn
|upkeep
|turn|4
|
|t:|1663708497
|switch|p1a: Buzzwole|Buzzwole, shiny|63/100
|switch|p2a: Garchomp|Garchomp, M|100/100
|
|upkeep
|turn|5
|l| UrSheerForce
|j| UrSheerForce
|
|t:|1663708501
|switch|p2a: Slowbro|Slowbro, M|100/100
|move|p1a: Buzzwole|Roost|p1a: Buzzwole
|-heal|p1a: Buzzwole|100/100
|-singleturn|p1a: Buzzwole|move: Roost
|
|upkeep
|turn|6
|
|t:|1663708506
|switch|p1a: Weavile|Weavile, M|100/100
|-ability|p1a: Weavile|Pressure
|move|p2a: Slowbro|Scald|p1a: Weavile
|-damage|p1a: Weavile|63/100
|-status|p1a: Weavile|brn
|
|-damage|p1a: Weavile|57/100 brn|[from] brn
|upkeep
|turn|7
|
|t:|1663708509
|switch|p1a: Dragonite|Dragonite, M|100/100
|switch|p2a: Melmetal|Melmetal|86/100
|
|-heal|p2a: Melmetal|92/100|[from] item: Leftovers
|upkeep
|turn|8
|j| I'M AT MY LIMIT
|
|t:|1663708513
|move|p1a: Dragonite|Heal Bell|p1a: Dragonite
|-activate|p1a: Dragonite|move: Heal Bell
|-curestatus|p1: Blacephalon|tox|[msg]
|-curestatus|p1: Weavile|brn|[msg]
|move|p2a: Melmetal|Toxic|p1a: Dragonite
|-status|p1a: Dragonite|tox
|
|-heal|p2a: Melmetal|99/100|[from] item: Leftovers
|-damage|p1a: Dragonite|94/100 tox|[from] psn
|upkeep
|turn|9
|
|t:|1663708522
|switch|p1a: Buzzwole|Buzzwole, shiny|100/100
|move|p2a: Melmetal|Toxic|p1a: Buzzwole
|-status|p1a: Buzzwole|tox
|
|-heal|p2a: Melmetal|100/100|[from] item: Leftovers
|-damage|p1a: Buzzwole|94/100 tox|[from] psn
|upkeep
|turn|10
|
|t:|1663708530
|switch|p2a: Slowbro|Slowbro, M|100/100
|move|p1a: Buzzwole|Ice Punch|p2a: Slowbro
|-resisted|p2a: Slowbro
|-damage|p2a: Slowbro|93/100
|-damage|p1a: Buzzwole|78/100 tox|[from] item: Rocky Helmet|[of] p2a: Slowbro
|
|-damage|p1a: Buzzwole|65/100 tox|[from] psn
|upkeep
|turn|11
|l| I'M AT MY LIMIT
|
|t:|1663708541
|switch|p1a: Dragonite|Dragonite, M|94/100 tox
|move|p2a: Slowbro|Scald|p1a: Dragonite
|-resisted|p1a: Dragonite
|-damage|p1a: Dragonite|83/100 tox
|
|-damage|p1a: Dragonite|76/100 tox|[from] psn
|upkeep
|turn|12
|
|t:|1663708549
|move|p1a: Dragonite|Heal Bell|p1a: Dragonite
|-activate|p1a: Dragonite|move: Heal Bell
|-curestatus|p1a: Dragonite|tox|[msg]
|-curestatus|p1: Buzzwole|tox|[msg]
|move|p2a: Slowbro|Future Sight|p1a: Dragonite
|-start|p2a: Slowbro|move: Future Sight
|
|upkeep
|turn|13
|
|t:|1663708558
|move|p1a: Dragonite|Roost|p1a: Dragonite
|-heal|p1a: Dragonite|100/100
|-singleturn|p1a: Dragonite|move: Roost
|move|p2a: Slowbro|Teleport|p2a: Slowbro
|
|t:|1663708563
|switch|p2a: Melmetal|Melmetal|100/100|[from]move: Teleport
|
|upkeep
|turn|14
|
|t:|1663708566
|switch|p1a: Melmetal|Melmetal|100/100
|move|p2a: Melmetal|Double Iron Bash|p1a: Melmetal
|-resisted|p1a: Melmetal
|-damage|p1a: Melmetal|88/100
|-resisted|p1a: Melmetal
|-damage|p1a: Melmetal|73/100
|-hitcount|p1a: Melmetal|2
|
|-end|p1a: Melmetal|move: Future Sight
|-resisted|p1a: Melmetal
|-crit|p1a: Melmetal
|-damage|p1a: Melmetal|55/100
|upkeep
|turn|15
|
|t:|1663708572
|switch|p2a: Slowbro|Slowbro, M|100/100
|move|p1a: Melmetal|Earthquake|p2a: Slowbro
|-damage|p2a: Slowbro|79/100
|
|upkeep
|turn|16
|
|t:|1663708577
|switch|p1a: Blacephalon|Blacephalon|82/100
|move|p2a: Slowbro|Scald|p1a: Blacephalon
|-supereffective|p1a: Blacephalon
|-damage|p1a: Blacephalon|0 fnt
|faint|p1a: Blacephalon
|
|upkeep
|
|t:|1663708582
|switch|p1a: Weavile|Weavile, M|57/100
|-ability|p1a: Weavile|Pressure
|turn|17
|
|t:|1663708584
|switch|p2a: Melmetal|Melmetal|100/100
|move|p1a: Weavile|Knock Off|p2a: Melmetal
|-damage|p2a: Melmetal|49/100
|-enditem|p2a: Melmetal|Leftovers|[from] move: Knock Off|[of] p1a: Weavile
|
|upkeep
|turn|18
|
|t:|1663708587
|switch|p1a: Melmetal|Melmetal|55/100
|move|p2a: Melmetal|Double Iron Bash|p1a: Melmetal
|-resisted|p1a: Melmetal
|-damage|p1a: Melmetal|41/100
|-resisted|p1a: Melmetal
|-damage|p1a: Melmetal|28/100
|-hitcount|p1a: Melmetal|2
|
|upkeep
|turn|19
|
|t:|1663708592
|switch|p1a: Weavile|Weavile, M|57/100
|-ability|p1a: Weavile|Pressure
|move|p2a: Melmetal|Superpower|p1a: Weavile
|-supereffective|p1a: Weavile
|-damage|p1a: Weavile|0 fnt
|-unboost|p2a: Melmetal|atk|1
|-unboost|p2a: Melmetal|def|1
|faint|p1a: Weavile
|
|upkeep
|
|t:|1663708600
|switch|p1a: Landorus|Landorus-Therian, M|100/100
|-ability|p1a: Landorus|Intimidate|boost
|-unboost|p2a: Melmetal|atk|1
|turn|20
|
|t:|1663708604
|switch|p2a: Rillaboom|Rillaboom, F|100/100
|-fieldstart|move: Grassy Terrain|[from] ability: Grassy Surge|[of] p2a: Rillaboom
|move|p1a: Landorus|U-turn|p2a: Rillaboom
|-supereffective|p2a: Rillaboom
|-damage|p2a: Rillaboom|59/100
|
|t:|1663708607
|switch|p1a: Buzzwole|Buzzwole, shiny|65/100|[from]move: U-turn
|
|-heal|p2a: Rillaboom|65/100|[from] Grassy Terrain
|-heal|p2a: Rillaboom|71/100|[from] item: Leftovers
|-heal|p1a: Buzzwole|72/100|[from] Grassy Terrain
|upkeep
|turn|21
|
|t:|1663708610
|switch|p2a: Slowbro|Slowbro, M|100/100
|move|p1a: Buzzwole|Leech Life|p2a: Slowbro
|-supereffective|p2a: Slowbro
|-damage|p2a: Slowbro|53/100
|-heal|p1a: Buzzwole|94/100|[from] drain|[of] p2a: Slowbro
|-damage|p1a: Buzzwole|78/100|[from] item: Rocky Helmet|[of] p2a: Slowbro
|
|-heal|p1a: Buzzwole|84/100|[from] Grassy Terrain
|-heal|p2a: Slowbro|59/100|[from] Grassy Terrain
|upkeep
|turn|22
|
|t:|1663708617
|move|p1a: Buzzwole|Leech Life|p2a: Slowbro
|-supereffective|p2a: Slowbro
|-damage|p2a: Slowbro|18/100
|-heal|p1a: Buzzwole|100/100|[from] drain|[of] p2a: Slowbro
|-damage|p1a: Buzzwole|84/100|[from] item: Rocky Helmet|[of] p2a: Slowbro
|move|p2a: Slowbro|Toxic|p1a: Buzzwole|[miss]
|-miss|p2a: Slowbro|p1a: Buzzwole
|
|-heal|p1a: Buzzwole|90/100|[from] Grassy Terrain
|-heal|p2a: Slowbro|24/100|[from] Grassy Terrain
|upkeep
|turn|23
|
|t:|1663708624
|switch|p1a: Melmetal|Melmetal|28/100
|switch|p2a: Tornadus|Tornadus-Therian, M|100/100
|
|-heal|p1a: Melmetal|34/100|[from] Grassy Terrain
|upkeep
|turn|24
|l| man with the juice
|
|t:|1663708631
|move|p2a: Tornadus|Heat Wave|p1a: Melmetal
|-supereffective|p1a: Melmetal
|-damage|p1a: Melmetal|6/100
|move|p1a: Melmetal|Thunder Punch|p2a: Tornadus
|-supereffective|p2a: Tornadus
|-damage|p2a: Tornadus|20/100
|
|-heal|p1a: Melmetal|12/100|[from] Grassy Terrain
|-fieldend|move: Grassy Terrain
|upkeep
|turn|25
|j| man with the juice
|
|t:|1663708640
|move|p2a: Tornadus|Heat Wave|p1a: Melmetal
|-supereffective|p1a: Melmetal
|-damage|p1a: Melmetal|0 fnt
|faint|p1a: Melmetal
|
|upkeep
|
|t:|1663708646
|switch|p1a: Dragonite|Dragonite, M|100/100
|turn|26
|j| I'M AT MY LIMIT
|l| I'M AT MY LIMIT
|
|t:|1663708650
|move|p2a: Tornadus|U-turn|p1a: Dragonite
|-resisted|p1a: Dragonite
|-damage|p1a: Dragonite|97/100
|j| t-yeu
|
|t:|1663708655
|switch|p2a: Slowbro|Slowbro, M|57/100|[from]move: U-turn
|move|p1a: Dragonite|Dragon Dance|p1a: Dragonite
|-boost|p1a: Dragonite|atk|1
|-boost|p1a: Dragonite|spe|1
|
|upkeep
|turn|27
|
|t:|1663708658
|move|p1a: Dragonite|Dragon Dance|p1a: Dragonite
|-boost|p1a: Dragonite|atk|1
|-boost|p1a: Dragonite|spe|1
|move|p2a: Slowbro|Toxic|p1a: Dragonite
|-status|p1a: Dragonite|tox
|
|-damage|p1a: Dragonite|91/100 tox|[from] psn
|upkeep
|turn|28
|
|t:|1663708665
|move|p1a: Dragonite|Dragon Dance|p1a: Dragonite
|-boost|p1a: Dragonite|atk|1
|-boost|p1a: Dragonite|spe|1
|move|p2a: Slowbro|Toxic|p1a: Dragonite
|-fail|p1a: Dragonite|tox
|
|-damage|p1a: Dragonite|79/100 tox|[from] psn
|upkeep
|turn|29
|
|t:|1663708672
|move|p1a: Dragonite|Heal Bell|p1a: Dragonite
|-activate|p1a: Dragonite|move: Heal Bell
|-curestatus|p1a: Dragonite|tox|[msg]
|move|p2a: Slowbro|Toxic|p1a: Dragonite
|-status|p1a: Dragonite|tox
|
|-damage|p1a: Dragonite|72/100 tox|[from] psn
|upkeep
|turn|30
|
|t:|1663708677
|move|p1a: Dragonite|Dragon Dance|p1a: Dragonite
|-boost|p1a: Dragonite|atk|1
|-boost|p1a: Dragonite|spe|1
|move|p2a: Slowbro|Future Sight|p1a: Dragonite
|-start|p2a: Slowbro|move: Future Sight
|
|-damage|p1a: Dragonite|60/100 tox|[from] psn
|upkeep
|turn|31
|
|t:|1663708681
|move|p1a: Dragonite|Roost|p1a: Dragonite
|-heal|p1a: Dragonite|100/100 tox
|-singleturn|p1a: Dragonite|move: Roost
|move|p2a: Slowbro|Toxic|p1a: Dragonite
|-fail|p1a: Dragonite|tox
|
|-damage|p1a: Dragonite|82/100 tox|[from] psn
|upkeep
|turn|32
|
|t:|1663708684
|move|p1a: Dragonite|Heal Bell|p1a: Dragonite
|-activate|p1a: Dragonite|move: Heal Bell
|-curestatus|p1a: Dragonite|tox|[msg]
|move|p2a: Slowbro|Toxic|p1a: Dragonite
|-status|p1a: Dragonite|tox
|
|-end|p1a: Dragonite|move: Future Sight
|-damage|p1a: Dragonite|42/100 tox
|-damage|p1a: Dragonite|36/100 tox|[from] psn
|upkeep
|turn|33
|
|t:|1663708693
|move|p1a: Dragonite|Roost|p1a: Dragonite
|-heal|p1a: Dragonite|86/100 tox
|-singleturn|p1a: Dragonite|move: Roost
|move|p2a: Slowbro|Future Sight|p1a: Dragonite
|-start|p2a: Slowbro|move: Future Sight
|
|-damage|p1a: Dragonite|73/100 tox|[from] psn
|upkeep
|turn|34
|
|t:|1663708700
|move|p1a: Dragonite|Dragon Dance|p1a: Dragonite
|-boost|p1a: Dragonite|atk|1
|-boost|p1a: Dragonite|spe|1
|move|p2a: Slowbro|Toxic|p1a: Dragonite|[miss]
|-miss|p2a: Slowbro|p1a: Dragonite
|
|-damage|p1a: Dragonite|55/100 tox|[from] psn
|upkeep
|turn|35
|
|t:|1663708703
|move|p1a: Dragonite|Roost|p1a: Dragonite
|-heal|p1a: Dragonite|100/100 tox
|-singleturn|p1a: Dragonite|move: Roost
|move|p2a: Slowbro|Toxic|p1a: Dragonite
|-fail|p1a: Dragonite|tox
|
|-end|p1a: Dragonite|move: Future Sight
|-damage|p1a: Dragonite|83/100 tox
|-damage|p1a: Dragonite|58/100 tox|[from] psn
|upkeep
|turn|36
|
|t:|1663708713
|move|p1a: Dragonite|Heal Bell|p1a: Dragonite
|-activate|p1a: Dragonite|move: Heal Bell
|-curestatus|p1a: Dragonite|tox|[msg]
|move|p2a: Slowbro|Toxic|p1a: Dragonite
|-status|p1a: Dragonite|tox
|
|-damage|p1a: Dragonite|52/100 tox|[from] psn
|upkeep
|turn|37
|
|t:|1663708718
|move|p1a: Dragonite|Roost|p1a: Dragonite
|-heal|p1a: Dragonite|100/100 tox
|-singleturn|p1a: Dragonite|move: Roost
|move|p2a: Slowbro|Future Sight|p1a: Dragonite
|-start|p2a: Slowbro|move: Future Sight
|
|-damage|p1a: Dragonite|88/100 tox|[from] psn
|upkeep
|turn|38
|
|t:|1663708726
|move|p1a: Dragonite|Dragon Dance|p1a: Dragonite
|-boost|p1a: Dragonite|atk|1
|-boost|p1a: Dragonite|spe|1
|move|p2a: Slowbro|Teleport|p2a: Slowbro
|
|t:|1663708728
|switch|p2a: Melmetal|Melmetal|49/100|[from]move: Teleport
|
|-damage|p1a: Dragonite|69/100 tox|[from] psn
|upkeep
|turn|39
|
|t:|1663708733
|move|p2a: Melmetal|Protect|p2a: Melmetal
|-singleturn|p2a: Melmetal|Protect
|move|p1a: Dragonite|Dual Wingbeat|p2a: Melmetal
|-activate|p2a: Melmetal|move: Protect
|
|-end|p1a: Dragonite|move: Future Sight
|-damage|p1a: Dragonite|33/100 tox
|-damage|p1a: Dragonite|9/100 tox|[from] psn
|upkeep
|turn|40
|c|☆WoodManNiceMan|gg
|-message|WoodManNiceMan forfeited.
|
|win|shiawasenostory
|raw|WoodManNiceMan's rating: 1696 &rarr; <strong>1679</strong><br />(-17 for losing)
|raw|shiawasenostory's rating: 1742 &rarr; <strong>1759</strong><br />(+17 for winning)
|l|☆WoodManNiceMan
|c|☆shiawasenostory|gg
|l|☆shiawasenostory
|l| man with the juice
|c| UrSheerForce|choked
|c| UrSheerForce|on dics
