|j|☆minimax_ai
|j|☆okaybears
|t:|1663047877
|gametype|singles
|player|p1|minimax_ai|lusamine-nihilego|1594
|player|p2|okaybears|bugcatcher-gen4dp|1698
|teamsize|p1|6
|teamsize|p2|6
|gen|8
|tier|[Gen 8] OU
|rated|
|rule|Sleep Clause Mod: Limit one foe put to sleep
|rule|Species Clause: Limit one of each Pokémon
|rule|OHKO Clause: OHKO moves are banned
|rule|Evasion Items Clause: Evasion items are banned
|rule|Evasion Moves Clause: Evasion moves are banned
|rule|Endless Battle Clause: Forcing endless battles is banned
|rule|HP Percentage Mod: HP is shown in percentages
|rule|Dynamax Clause: You cannot dynamax
|clearpoke
|poke|p1|Rotom-Wash|
|poke|p1|Weavile, F|
|poke|p1|Landorus-Therian, M|
|poke|p1|Heatran, M|
|poke|p1|Tangrowth, F|
|poke|p1|Melmetal|
|poke|p2|Clefable, F|
|poke|p2|Dragonite, M|
|poke|p2|Pelipper, F|
|poke|p2|Urshifu-*, F|
|poke|p2|Landorus-Therian, M|
|poke|p2|Ferrothorn, M|
|teampreview
|c|☆minimax_ai|hf
|inactive|Battle timer is ON: inactive players will automatically lose when time's up. (requested by minimax_ai)
|
|t:|1663047891
|start
|switch|p1a: landorustherian|Landorus-Therian, M|100/100
|switch|p2a: Pelipper|Pelipper, F|100/100
|-weather|RainDance|[from] ability: Drizzle|[of] p2a: Pelipper
|-ability|p1a: landorustherian|Intimidate|boost
|-unboost|p2a: Pelipper|atk|1
|turn|1
|
|t:|1663047896
|switch|p1a: rotomwash|Rotom-Wash|100/100
|move|p2a: Pelipper|Weather Ball|p1a: rotomwash
|-resisted|p1a: rotomwash
|-damage|p1a: rotomwash|41/100
|
|-weather|RainDance|[upkeep]
|-heal|p1a: rotomwash|48/100|[from] item: Leftovers
|upkeep
|turn|2
|
|t:|1663047901
|switch|p2a: Ferrothorn|Ferrothorn, M|100/100
|move|p1a: rotomwash|Thunderbolt|p2a: Ferrothorn
|-resisted|p2a: Ferrothorn
|-damage|p2a: Ferrothorn|90/100
|
|-weather|RainDance|[upkeep]
|-heal|p1a: rotomwash|54/100|[from] item: Leftovers
|-heal|p2a: Ferrothorn|96/100|[from] item: Leftovers
|upkeep
|turn|3
|j| jly8
|
|t:|1663047904
|switch|p1a: landorustherian|Landorus-Therian, M|100/100
|-ability|p1a: landorustherian|Intimidate|boost
|-unboost|p2a: Ferrothorn|atk|1
|move|p2a: Ferrothorn|Knock Off|p1a: landorustherian
|-damage|p1a: landorustherian|86/100
|-enditem|p1a: landorustherian|Leftovers|[from] move: Knock Off|[of] p2a: Ferrothorn
|
|-weather|RainDance|[upkeep]
|-heal|p2a: Ferrothorn|100/100|[from] item: Leftovers
|upkeep
|turn|4
|
|t:|1663047907
|move|p1a: landorustherian|U-turn|p2a: Ferrothorn
|-damage|p2a: Ferrothorn|84/100
|-damage|p1a: landorustherian|73/100|[from] ability: Iron Barbs|[of] p2a: Ferrothorn
|
|t:|1663047908
|switch|p1a: Heatran|Heatran, M|100/100|[from]move: U-turn
|-item|p1a: Heatran|Air Balloon
|move|p2a: Ferrothorn|Gyro Ball|p1a: Heatran
|-resisted|p1a: Heatran
|-damage|p1a: Heatran|92/100
|-enditem|p1a: Heatran|Air Balloon
|
|-weather|RainDance|[upkeep]
|-heal|p2a: Ferrothorn|90/100|[from] item: Leftovers
|upkeep
|turn|5
|
|t:|1663047921
|switch|p2a: Urshifu|Urshifu-Rapid-Strike, F|100/100
|move|p1a: Heatran|Stealth Rock|p2a: Urshifu
|-sidestart|p2: okaybears|move: Stealth Rock
|
|-weather|none
|upkeep
|turn|6
|
|t:|1663047923
|switch|p1a: Tangrowth|Tangrowth, F|100/100
|move|p2a: Urshifu|U-turn|p1a: Tangrowth
|-supereffective|p1a: Tangrowth
|-damage|p1a: Tangrowth|76/100
|
|t:|1663047929
|switch|p2a: Pelipper|Pelipper, F|100/100|[from]move: U-turn
|-damage|p2a: Pelipper|76/100|[from] Stealth Rock
|-weather|RainDance|[from] ability: Drizzle|[of] p2a: Pelipper
|
|-weather|RainDance|[upkeep]
|upkeep
|turn|7
|
|t:|1663047933
|switch|p1a: rotomwash|Rotom-Wash|54/100
|move|p2a: Pelipper|Hydro Pump|p1a: rotomwash|[miss]
|-miss|p2a: Pelipper|p1a: rotomwash
|
|-weather|RainDance|[upkeep]
|-heal|p1a: rotomwash|60/100|[from] item: Leftovers
|upkeep
|turn|8
|
|t:|1663047938
|switch|p2a: Ferrothorn|Ferrothorn, M|90/100
|-damage|p2a: Ferrothorn|84/100|[from] Stealth Rock
|move|p1a: rotomwash|Pain Split|p2a: Ferrothorn
|-sethp|p2a: Ferrothorn|68/100|[from] move: Pain Split|[silent]
|-sethp|p1a: rotomwash|78/100|[from] move: Pain Split
|
|-weather|RainDance|[upkeep]
|-heal|p1a: rotomwash|85/100|[from] item: Leftovers
|-heal|p2a: Ferrothorn|74/100|[from] item: Leftovers
|upkeep
|turn|9
|
|t:|1663047943
|switch|p1a: Tangrowth|Tangrowth, F|100/100
|move|p2a: Ferrothorn|Leech Seed|p1a: Tangrowth
|-immune|p1a: Tangrowth
|
|-weather|RainDance|[upkeep]
|-heal|p2a: Ferrothorn|80/100|[from] item: Leftovers
|upkeep
|turn|10
|
|t:|1663047945
|move|p2a: Ferrothorn|Protect|p2a: Ferrothorn
|-singleturn|p2a: Ferrothorn|Protect
|move|p1a: Tangrowth|Focus Blast|p2a: Ferrothorn
|-activate|p2a: Ferrothorn|move: Protect
|
|-weather|none
|-heal|p2a: Ferrothorn|87/100|[from] item: Leftovers
|upkeep
|turn|11
|
|t:|1663047950
|switch|p2a: Clefable|Clefable, F|100/100
|move|p1a: Tangrowth|Sleep Powder|p2a: Clefable
|-status|p2a: Clefable|slp|[from] move: Sleep Powder
|
|upkeep
|turn|12
|
|t:|1663047953
|switch|p2a: Dragonite|Dragonite, M|100/100
|switch|p1a: Melmetal|Melmetal|100/100
|
|upkeep
|turn|13
|
|t:|1663047958
|switch|p2a: Ferrothorn|Ferrothorn, M|87/100
|-damage|p2a: Ferrothorn|80/100|[from] Stealth Rock
|move|p1a: Melmetal|Ice Punch|p2a: Ferrothorn
|-damage|p2a: Ferrothorn|55/100
|-damage|p1a: Melmetal|88/100|[from] ability: Iron Barbs|[of] p2a: Ferrothorn
|
|-heal|p2a: Ferrothorn|62/100|[from] item: Leftovers
|upkeep
|turn|14
|
|t:|1663047962
|switch|p2a: Landorus|Landorus-Therian, M|100/100
|-damage|p2a: Landorus|88/100|[from] Stealth Rock
|-ability|p2a: Landorus|Intimidate|boost
|-unboost|p1a: Melmetal|atk|1
|move|p1a: Melmetal|Ice Punch|p2a: Landorus
|-supereffective|p2a: Landorus
|-damage|p2a: Landorus|19/100
|
|-heal|p2a: Landorus|25/100|[from] item: Leftovers
|upkeep
|turn|15
|
|t:|1663047966
|move|p2a: Landorus|U-turn|p1a: Melmetal
|-resisted|p1a: Melmetal
|-damage|p1a: Melmetal|82/100
|
|t:|1663047968
|switch|p2a: Ferrothorn|Ferrothorn, M|62/100|[from]move: U-turn
|-damage|p2a: Ferrothorn|55/100|[from] Stealth Rock
|move|p1a: Melmetal|Ice Punch|p2a: Ferrothorn
|-damage|p2a: Ferrothorn|39/100
|-damage|p1a: Melmetal|69/100|[from] ability: Iron Barbs|[of] p2a: Ferrothorn
|
|-heal|p2a: Ferrothorn|45/100|[from] item: Leftovers
|upkeep
|turn|16
|
|t:|1663047971
|move|p1a: Melmetal|Ice Punch|p2a: Ferrothorn
|-damage|p2a: Ferrothorn|27/100
|-damage|p1a: Melmetal|57/100|[from] ability: Iron Barbs|[of] p2a: Ferrothorn
|move|p2a: Ferrothorn|Knock Off|p1a: Melmetal
|-damage|p1a: Melmetal|44/100
|-enditem|p1a: Melmetal|Assault Vest|[from] move: Knock Off|[of] p2a: Ferrothorn
|
|-heal|p2a: Ferrothorn|33/100|[from] item: Leftovers
|upkeep
|turn|17
|
|t:|1663047980
|move|p1a: Melmetal|Ice Punch|p2a: Ferrothorn
|-damage|p2a: Ferrothorn|18/100
|-damage|p1a: Melmetal|32/100|[from] ability: Iron Barbs|[of] p2a: Ferrothorn
|move|p2a: Ferrothorn|Leech Seed|p1a: Melmetal
|-start|p1a: Melmetal|move: Leech Seed
|
|-heal|p2a: Ferrothorn|24/100|[from] item: Leftovers
|-damage|p1a: Melmetal|20/100|[from] Leech Seed|[of] p2a: Ferrothorn
|-heal|p2a: Ferrothorn|39/100|[silent]
|upkeep
|turn|18
|
|t:|1663047985
|switch|p1a: rotomwash|Rotom-Wash|85/100
|move|p2a: Ferrothorn|Knock Off|p1a: rotomwash
|-damage|p1a: rotomwash|62/100
|-enditem|p1a: rotomwash|Leftovers|[from] move: Knock Off|[of] p2a: Ferrothorn
|
|-heal|p2a: Ferrothorn|46/100|[from] item: Leftovers
|upkeep
|turn|19
|
|t:|1663047988
|move|p2a: Ferrothorn|Protect|p2a: Ferrothorn
|-singleturn|p2a: Ferrothorn|Protect
|move|p1a: rotomwash|Thunderbolt|p2a: Ferrothorn
|-activate|p2a: Ferrothorn|move: Protect
|
|-heal|p2a: Ferrothorn|52/100|[from] item: Leftovers
|upkeep
|turn|20
|
|t:|1663047991
|move|p1a: rotomwash|Thunderbolt|p2a: Ferrothorn
|-resisted|p2a: Ferrothorn
|-crit|p2a: Ferrothorn
|-damage|p2a: Ferrothorn|35/100
|move|p2a: Ferrothorn|Leech Seed|p1a: rotomwash
|-start|p1a: rotomwash|move: Leech Seed
|
|-heal|p2a: Ferrothorn|42/100|[from] item: Leftovers
|-damage|p1a: rotomwash|50/100|[from] Leech Seed|[of] p2a: Ferrothorn
|-heal|p2a: Ferrothorn|52/100|[silent]
|upkeep
|turn|21
|
|t:|1663047995
|switch|p1a: Tangrowth|Tangrowth, F|100/100
|move|p2a: Ferrothorn|Knock Off|p1a: Tangrowth
|-damage|p1a: Tangrowth|89/100
|-damage|p2a: Ferrothorn|36/100|[from] item: Rocky Helmet|[of] p1a: Tangrowth
|-enditem|p1a: Tangrowth|Rocky Helmet|[from] move: Knock Off|[of] p2a: Ferrothorn
|
|-heal|p2a: Ferrothorn|42/100|[from] item: Leftovers
|upkeep
|turn|22
|
|t:|1663047998
|move|p2a: Ferrothorn|Protect|p2a: Ferrothorn
|-singleturn|p2a: Ferrothorn|Protect
|move|p1a: Tangrowth|Knock Off|p2a: Ferrothorn
|-activate|p2a: Ferrothorn|move: Protect
|
|-heal|p2a: Ferrothorn|49/100|[from] item: Leftovers
|upkeep
|turn|23
|
|t:|1663048000
|switch|p2a: Dragonite|Dragonite, M|100/100
|move|p1a: Tangrowth|Knock Off|p2a: Dragonite
|-damage|p2a: Dragonite|92/100
|-enditem|p2a: Dragonite|Heavy-Duty Boots|[from] move: Knock Off|[of] p1a: Tangrowth
|
|upkeep
|turn|24
|
|t:|1663048007
|move|p2a: Dragonite|Hurricane|p1a: Tangrowth
|-supereffective|p1a: Tangrowth
|-damage|p1a: Tangrowth|0 fnt
|faint|p1a: Tangrowth
|
|upkeep
|
|t:|1663048007
|switch|p1a: Weavile|Weavile, F|100/100
|-ability|p1a: Weavile|Pressure
|turn|25
|
|t:|1663048017
|switch|p2a: Landorus|Landorus-Therian, M|25/100
|-damage|p2a: Landorus|13/100|[from] Stealth Rock
|-ability|p2a: Landorus|Intimidate|boost
|-unboost|p1a: Weavile|atk|1
|move|p1a: Weavile|Low Kick|p2a: Landorus
|-resisted|p2a: Landorus
|-damage|p2a: Landorus|4/100
|
|-heal|p2a: Landorus|10/100|[from] item: Leftovers
|upkeep
|turn|26
|
|t:|1663048026
|switch|p1a: Melmetal|Melmetal|20/100
|move|p2a: Landorus|U-turn|p1a: Melmetal
|-resisted|p1a: Melmetal
|-damage|p1a: Melmetal|13/100
|
|t:|1663048029
|switch|p2a: Urshifu|Urshifu-Rapid-Strike, F|100/100|[from]move: U-turn
|-damage|p2a: Urshifu|94/100|[from] Stealth Rock
|
|upkeep
|turn|27
|
|t:|1663048032
|move|p2a: Urshifu|Surging Strikes|p1a: Melmetal
|-crit|p1a: Melmetal
|-damage|p1a: Melmetal|1/100
|-crit|p1a: Melmetal
|-damage|p1a: Melmetal|0 fnt
|faint|p1a: Melmetal
|-hitcount|p1: Melmetal|2
|
|upkeep
|
|t:|1663048032
|switch|p1a: landorustherian|Landorus-Therian, M|73/100
|-ability|p1a: landorustherian|Intimidate|boost
|-unboost|p2a: Urshifu|atk|1
|turn|28
|
|t:|1663048035
|switch|p1a: rotomwash|Rotom-Wash|50/100
|move|p2a: Urshifu|Surging Strikes|p1a: rotomwash
|-resisted|p1a: rotomwash
|-crit|p1a: rotomwash
|-damage|p1a: rotomwash|40/100
|-resisted|p1a: rotomwash
|-crit|p1a: rotomwash
|-damage|p1a: rotomwash|30/100
|-resisted|p1a: rotomwash
|-crit|p1a: rotomwash
|-damage|p1a: rotomwash|20/100
|-hitcount|p1a: rotomwash|3
|
|upkeep
|turn|29
|
|t:|1663048043
|move|p2a: Urshifu|Surging Strikes|p1a: rotomwash
|-resisted|p1a: rotomwash
|-crit|p1a: rotomwash
|-damage|p1a: rotomwash|8/100
|-resisted|p1a: rotomwash
|-crit|p1a: rotomwash
|-damage|p1a: rotomwash|0 fnt
|faint|p1a: rotomwash
|-hitcount|p1: rotomwash|2
|
|upkeep
|
|t:|1663048044
|switch|p1a: landorustherian|Landorus-Therian, M|73/100
|-ability|p1a: landorustherian|Intimidate|boost
|-unboost|p2a: Urshifu|atk|1
|turn|30
|
|t:|1663048046
|move|p2a: Urshifu|Surging Strikes|p1a: landorustherian
|-supereffective|p1a: landorustherian
|-crit|p1a: landorustherian
|-damage|p1a: landorustherian|36/100
|-supereffective|p1a: landorustherian
|-crit|p1a: landorustherian
|-damage|p1a: landorustherian|0 fnt
|faint|p1a: landorustherian
|-hitcount|p1: landorustherian|2
|
|upkeep
|
|t:|1663048046
|switch|p1a: Heatran|Heatran, M|92/100
|turn|31
|
|t:|1663048050
|move|p2a: Urshifu|U-turn|p1a: Heatran
|-resisted|p1a: Heatran
|-damage|p1a: Heatran|89/100
|
|t:|1663048052
|switch|p2a: Pelipper|Pelipper, F|76/100|[from]move: U-turn
|-damage|p2a: Pelipper|51/100|[from] Stealth Rock
|-weather|RainDance|[from] ability: Drizzle|[of] p2a: Pelipper
|move|p1a: Heatran|Magma Storm|p2a: Pelipper|[miss]
|-miss|p1a: Heatran|p2a: Pelipper
|
|-weather|RainDance|[upkeep]
|upkeep
|turn|32
|
|t:|1663048055
|move|p1a: Heatran|Eruption|p2a: Pelipper
|-resisted|p2a: Pelipper
|-damage|p2a: Pelipper|22/100
|move|p2a: Pelipper|Weather Ball|p1a: Heatran
|-supereffective|p1a: Heatran
|-damage|p1a: Heatran|0 fnt
|faint|p1a: Heatran
|
|-weather|RainDance|[upkeep]
|upkeep
|
|t:|1663048055
|switch|p1a: Weavile|Weavile, F|100/100
|-ability|p1a: Weavile|Pressure
|turn|33
|
|t:|1663048057
|move|p1a: Weavile|Triple Axel|p2a: Pelipper
|-damage|p2a: Pelipper|3/100
|-damage|p2a: Pelipper|0 fnt
|faint|p2a: Pelipper
|-hitcount|p2: Pelipper|2
|
|-weather|RainDance|[upkeep]
|upkeep
|
|t:|1663048059
|switch|p2a: Urshifu|Urshifu-Rapid-Strike, F|94/100
|-damage|p2a: Urshifu|88/100|[from] Stealth Rock
|turn|34
|
|t:|1663048061
|move|p1a: Weavile|Triple Axel|p2a: Urshifu
|-resisted|p2a: Urshifu
|-damage|p2a: Urshifu|81/100
|-resisted|p2a: Urshifu
|-damage|p2a: Urshifu|67/100
|-resisted|p2a: Urshifu
|-damage|p2a: Urshifu|43/100
|-hitcount|p2a: Urshifu|3
|move|p2a: Urshifu|Surging Strikes|p1a: Weavile
|-crit|p1a: Weavile
|-damage|p1a: Weavile|48/100
|-crit|p1a: Weavile
|-damage|p1a: Weavile|0 fnt
|faint|p1a: Weavile
|-hitcount|p1: Weavile|2
|
|win|okaybears
|raw|minimax_ai's rating: 1594 &rarr; <strong>1580</strong><br />(-14 for losing)
|raw|okaybears's rating: 1698 &rarr; <strong>1712</strong><br />(+14 for winning)
|c|☆minimax_ai|gg
