|j|☆I'M AT MY LIMIT!
|j|☆Stigmancel
|t:|1606356952
|player|p1|I'M AT MY LIMIT!|youngcouple-gen4dp|1736
|player|p2|Stigmancel|265|1703
|teamsize|p1|6
|teamsize|p2|6
|gametype|singles
|gen|8
|tier|[Gen 8] OU
|rated|
|clearpoke
|poke|p1|Buzzwole|
|poke|p1|Toxapex, F|
|poke|p1|Dragonite, M|
|poke|p1|Blissey, F|
|poke|p1|Quagsire, M|
|poke|p1|Ferrothorn, F|
|poke|p2|Pelipper, F|
|poke|p2|Ferrothorn, M|
|poke|p2|Magearna|
|poke|p2|Regieleki|
|poke|p2|Urshifu-*, M|
|poke|p2|Barraskewda, M|
|rule|Sleep Clause Mod: Limit one foe put to sleep
|rule|Species Clause: Limit one of each Pokémon
|rule|OHKO Clause: OHKO moves are banned
|rule|Evasion Moves Clause: Evasion moves are banned
|rule|Endless Battle Clause: Forcing endless battles is banned
|rule|HP Percentage Mod: HP is shown in percentages
|rule|Dynamax Clause: You cannot dynamax
|teampreview
|
|t:|1606356967
|start
|switch|p1a: Toxapex|Toxapex, F|100/100
|switch|p2a: Pelipper|Pelipper, F|100/100
|-weather|RainDance|[from] ability: Drizzle|[of] p2a: Pelipper
|turn|1
|
|t:|1606356970
|move|p2a: Pelipper|Knock Off|p1a: Toxapex
|-damage|p1a: Toxapex|93/100
|-enditem|p1a: Toxapex|Shed Shell|[from] move: Knock Off|[of] p2a: Pelipper
|move|p1a: Toxapex|Scald|p2a: Pelipper
|-resisted|p2a: Pelipper
|-damage|p2a: Pelipper|82/100
|
|-weather|RainDance|[upkeep]
|upkeep
|turn|2
|
|t:|1606356975
|move|p2a: Pelipper|Hurricane|p1a: Toxapex
|-damage|p1a: Toxapex|52/100
|move|p1a: Toxapex|Scald|p2a: Pelipper
|-resisted|p2a: Pelipper
|-damage|p2a: Pelipper|63/100
|
|-weather|RainDance|[upkeep]
|upkeep
|turn|3
|
|t:|1606356980
|move|p2a: Pelipper|U-turn|p1a: Toxapex
|-resisted|p1a: Toxapex
|-damage|p1a: Toxapex|50/100
|
|t:|1606356984
|switch|p2a: Ferrothorn|Ferrothorn, M|100/100|[from]move: U-turn
|move|p1a: Toxapex|Recover|p1a: Toxapex
|-heal|p1a: Toxapex|99/100
|
|-weather|RainDance|[upkeep]
|upkeep
|turn|4
|
|t:|1606356987
|move|p1a: Toxapex|Block|p2a: Ferrothorn
|-activate|p2a: Ferrothorn|trapped
|move|p2a: Ferrothorn|Stealth Rock|p1a: Toxapex
|-sidestart|p1: I'M AT MY LIMIT!|move: Stealth Rock
|
|-weather|RainDance|[upkeep]
|upkeep
|turn|5
|
|t:|1606356991
|move|p1a: Toxapex|Scald|p2a: Ferrothorn
|-resisted|p2a: Ferrothorn
|-damage|p2a: Ferrothorn|92/100
|move|p2a: Ferrothorn|Leech Seed|p1a: Toxapex
|-start|p1a: Toxapex|move: Leech Seed
|
|-weather|RainDance|[upkeep]
|-damage|p1a: Toxapex|88/100|[from] Leech Seed|[of] p2a: Ferrothorn
|-heal|p2a: Ferrothorn|100/100|[silent]
|upkeep
|turn|6
|
|t:|1606356995
|move|p1a: Toxapex|Scald|p2a: Ferrothorn
|-resisted|p2a: Ferrothorn
|-damage|p2a: Ferrothorn|91/100
|move|p2a: Ferrothorn|Power Whip|p1a: Toxapex
|-damage|p1a: Toxapex|63/100
|
|-weather|RainDance|[upkeep]
|-damage|p1a: Toxapex|51/100|[from] Leech Seed|[of] p2a: Ferrothorn
|-heal|p2a: Ferrothorn|100/100|[silent]
|upkeep
|turn|7
|j| kjlkhfhsw
|
|t:|1606357005
|move|p1a: Toxapex|Recover|p1a: Toxapex
|-heal|p1a: Toxapex|100/100
|move|p2a: Ferrothorn|Power Whip|p1a: Toxapex
|-damage|p1a: Toxapex|78/100
|
|-weather|RainDance|[upkeep]
|-damage|p1a: Toxapex|66/100|[from] Leech Seed|[of] p2a: Ferrothorn
|upkeep
|turn|8
|
|t:|1606357009
|move|p1a: Toxapex|Scald|p2a: Ferrothorn
|-resisted|p2a: Ferrothorn
|-damage|p2a: Ferrothorn|91/100
|move|p2a: Ferrothorn|Power Whip|p1a: Toxapex
|-damage|p1a: Toxapex|40/100
|
|-weather|none
|-damage|p1a: Toxapex|28/100|[from] Leech Seed|[of] p2a: Ferrothorn
|-heal|p2a: Ferrothorn|100/100|[silent]
|upkeep
|turn|9
|
|t:|1606357015
|move|p1a: Toxapex|Recover|p1a: Toxapex
|-heal|p1a: Toxapex|78/100
|move|p2a: Ferrothorn|Power Whip|p1a: Toxapex|[miss]
|-miss|p2a: Ferrothorn|p1a: Toxapex
|
|-damage|p1a: Toxapex|66/100|[from] Leech Seed|[of] p2a: Ferrothorn
|upkeep
|turn|10
|
|t:|1606357020
|move|p1a: Toxapex|Scald|p2a: Ferrothorn
|-resisted|p2a: Ferrothorn
|-damage|p2a: Ferrothorn|94/100
|move|p2a: Ferrothorn|Power Whip|p1a: Toxapex|[miss]
|-miss|p2a: Ferrothorn|p1a: Toxapex
|
|-damage|p1a: Toxapex|54/100|[from] Leech Seed|[of] p2a: Ferrothorn
|-heal|p2a: Ferrothorn|100/100|[silent]
|upkeep
|turn|11
|
|t:|1606357025
|move|p1a: Toxapex|Recover|p1a: Toxapex
|-heal|p1a: Toxapex|100/100
|move|p2a: Ferrothorn|Power Whip|p1a: Toxapex
|-damage|p1a: Toxapex|78/100
|
|-damage|p1a: Toxapex|66/100|[from] Leech Seed|[of] p2a: Ferrothorn
|upkeep
|turn|12
|
|t:|1606357029
|move|p1a: Toxapex|Scald|p2a: Ferrothorn
|-resisted|p2a: Ferrothorn
|-damage|p2a: Ferrothorn|95/100
|move|p2a: Ferrothorn|Power Whip|p1a: Toxapex
|-damage|p1a: Toxapex|41/100
|
|-damage|p1a: Toxapex|29/100|[from] Leech Seed|[of] p2a: Ferrothorn
|-heal|p2a: Ferrothorn|100/100|[silent]
|upkeep
|turn|13
|
|t:|1606357034
|move|p1a: Toxapex|Recover|p1a: Toxapex
|-heal|p1a: Toxapex|79/100
|move|p2a: Ferrothorn|Power Whip|p1a: Toxapex
|-damage|p1a: Toxapex|54/100
|
|-damage|p1a: Toxapex|41/100|[from] Leech Seed|[of] p2a: Ferrothorn
|upkeep
|turn|14
|
|t:|1606357037
|move|p1a: Toxapex|Recover|p1a: Toxapex
|-heal|p1a: Toxapex|92/100
|move|p2a: Ferrothorn|Power Whip|p1a: Toxapex
|-damage|p1a: Toxapex|67/100
|
|-damage|p1a: Toxapex|55/100|[from] Leech Seed|[of] p2a: Ferrothorn
|upkeep
|turn|15
|
|t:|1606357045
|move|p1a: Toxapex|Recover|p1a: Toxapex
|-heal|p1a: Toxapex|100/100
|move|p2a: Ferrothorn|Power Whip|p1a: Toxapex|[miss]
|-miss|p2a: Ferrothorn|p1a: Toxapex
|
|-damage|p1a: Toxapex|88/100|[from] Leech Seed|[of] p2a: Ferrothorn
|upkeep
|turn|16
|
|t:|1606357051
|move|p1a: Toxapex|Scald|p2a: Ferrothorn
|-resisted|p2a: Ferrothorn
|-crit|p2a: Ferrothorn
|-damage|p2a: Ferrothorn|91/100
|move|p2a: Ferrothorn|Power Whip|p1a: Toxapex
|-damage|p1a: Toxapex|66/100
|
|-damage|p1a: Toxapex|54/100|[from] Leech Seed|[of] p2a: Ferrothorn
|-heal|p2a: Ferrothorn|100/100|[silent]
|upkeep
|turn|17
|
|t:|1606357054
|move|p1a: Toxapex|Recover|p1a: Toxapex
|-heal|p1a: Toxapex|100/100
|move|p2a: Ferrothorn|Power Whip|p1a: Toxapex
|-damage|p1a: Toxapex|77/100
|
|-damage|p1a: Toxapex|65/100|[from] Leech Seed|[of] p2a: Ferrothorn
|upkeep
|turn|18
|
|t:|1606357057
|move|p1a: Toxapex|Recover|p1a: Toxapex
|-heal|p1a: Toxapex|100/100
|move|p2a: Ferrothorn|Power Whip|p1a: Toxapex
|-damage|p1a: Toxapex|77/100
|
|-damage|p1a: Toxapex|65/100|[from] Leech Seed|[of] p2a: Ferrothorn
|upkeep
|turn|19
|
|t:|1606357062
|move|p1a: Toxapex|Recover|p1a: Toxapex
|-heal|p1a: Toxapex|100/100
|move|p2a: Ferrothorn|Power Whip|p1a: Toxapex
|-damage|p1a: Toxapex|76/100
|
|-damage|p1a: Toxapex|64/100|[from] Leech Seed|[of] p2a: Ferrothorn
|upkeep
|turn|20
|
|t:|1606357066
|move|p1a: Toxapex|Spite|p2a: Ferrothorn
|-activate|p2a: Ferrothorn|move: Spite|Power Whip|2
|cant|p2a: Ferrothorn|nopp|Power Whip
|-hint|This is not a bug, this is really how it works on the Switch; try it yourself if you don't believe us.
|
|-damage|p1a: Toxapex|51/100|[from] Leech Seed|[of] p2a: Ferrothorn
|upkeep
|turn|21
|inactive|Battle timer is ON: inactive players will automatically lose when time's up. (requested by Stigmancel)
|
|t:|1606357073
|move|p1a: Toxapex|Recover|p1a: Toxapex
|-heal|p1a: Toxapex|100/100
|move|p2a: Ferrothorn|Gyro Ball|p1a: Toxapex
|-resisted|p1a: Toxapex
|-damage|p1a: Toxapex|94/100
|
|-damage|p1a: Toxapex|81/100|[from] Leech Seed|[of] p2a: Ferrothorn
|upkeep
|turn|22
|
|t:|1606357078
|move|p1a: Toxapex|Scald|p2a: Ferrothorn
|-resisted|p2a: Ferrothorn
|-damage|p2a: Ferrothorn|94/100
|-status|p2a: Ferrothorn|brn
|move|p2a: Ferrothorn|Gyro Ball|p1a: Toxapex
|-resisted|p1a: Toxapex
|-damage|p1a: Toxapex|78/100
|
|-damage|p1a: Toxapex|66/100|[from] Leech Seed|[of] p2a: Ferrothorn
|-heal|p2a: Ferrothorn|100/100 brn|[silent]
|-damage|p2a: Ferrothorn|95/100 brn|[from] brn
|upkeep
|turn|23
|
|t:|1606357083
|move|p1a: Toxapex|Spite|p2a: Ferrothorn
|-activate|p2a: Ferrothorn|move: Spite|Gyro Ball|4
|move|p2a: Ferrothorn|Stealth Rock||[still]
|-fail|p2a: Ferrothorn
|
|-damage|p1a: Toxapex|53/100|[from] Leech Seed|[of] p2a: Ferrothorn
|-heal|p2a: Ferrothorn|100/100 brn|[silent]
|-damage|p2a: Ferrothorn|95/100 brn|[from] brn
|upkeep
|turn|24
|
|t:|1606357094
|move|p1a: Toxapex|Spite|p2a: Ferrothorn
|-activate|p2a: Ferrothorn|move: Spite|Stealth Rock|4
|move|p2a: Ferrothorn|Stealth Rock||[still]
|-fail|p2a: Ferrothorn
|
|-damage|p1a: Toxapex|41/100|[from] Leech Seed|[of] p2a: Ferrothorn
|-heal|p2a: Ferrothorn|100/100 brn|[silent]
|-damage|p2a: Ferrothorn|95/100 brn|[from] brn
|upkeep
|turn|25
|j| Trailblazer324
|l| Trailblazer324
|
|t:|1606357102
|move|p1a: Toxapex|Spite|p2a: Ferrothorn
|-activate|p2a: Ferrothorn|move: Spite|Stealth Rock|4
|move|p2a: Ferrothorn|Stealth Rock||[still]
|-fail|p2a: Ferrothorn
|
|-damage|p1a: Toxapex|29/100|[from] Leech Seed|[of] p2a: Ferrothorn
|-heal|p2a: Ferrothorn|100/100 brn|[silent]
|-damage|p2a: Ferrothorn|95/100 brn|[from] brn
|upkeep
|turn|26
|
|t:|1606357106
|move|p1a: Toxapex|Spite|p2a: Ferrothorn
|-activate|p2a: Ferrothorn|move: Spite|Stealth Rock|4
|move|p2a: Ferrothorn|Stealth Rock||[still]
|-fail|p2a: Ferrothorn
|
|-damage|p1a: Toxapex|17/100|[from] Leech Seed|[of] p2a: Ferrothorn
|-heal|p2a: Ferrothorn|100/100 brn|[silent]
|-damage|p2a: Ferrothorn|95/100 brn|[from] brn
|upkeep
|turn|27
|
|t:|1606357114
|move|p1a: Toxapex|Recover|p1a: Toxapex
|-heal|p1a: Toxapex|67/100
|move|p2a: Ferrothorn|Stealth Rock||[still]
|-fail|p2a: Ferrothorn
|
|-damage|p1a: Toxapex|55/100|[from] Leech Seed|[of] p2a: Ferrothorn
|-heal|p2a: Ferrothorn|100/100 brn|[silent]
|-damage|p2a: Ferrothorn|95/100 brn|[from] brn
|upkeep
|turn|28
|
|t:|1606357121
|move|p1a: Toxapex|Spite|p2a: Ferrothorn
|-activate|p2a: Ferrothorn|move: Spite|Stealth Rock|4
|move|p2a: Ferrothorn|Stealth Rock||[still]
|-fail|p2a: Ferrothorn
|
|-damage|p1a: Toxapex|42/100|[from] Leech Seed|[of] p2a: Ferrothorn
|-heal|p2a: Ferrothorn|100/100 brn|[silent]
|-damage|p2a: Ferrothorn|95/100 brn|[from] brn
|upkeep
|turn|29
|
|t:|1606357127
|move|p1a: Toxapex|Spite|p2a: Ferrothorn
|-activate|p2a: Ferrothorn|move: Spite|Stealth Rock|4
|move|p2a: Ferrothorn|Leech Seed||[still]
|-fail|p2a: Ferrothorn
|
|-damage|p1a: Toxapex|30/100|[from] Leech Seed|[of] p2a: Ferrothorn
|-heal|p2a: Ferrothorn|100/100 brn|[silent]
|-damage|p2a: Ferrothorn|95/100 brn|[from] brn
|upkeep
|turn|30
|
|t:|1606357136
|move|p1a: Toxapex|Spite|p2a: Ferrothorn
|-activate|p2a: Ferrothorn|move: Spite|Leech Seed|4
|move|p2a: Ferrothorn|Stealth Rock||[still]
|-fail|p2a: Ferrothorn
|
|-damage|p1a: Toxapex|18/100|[from] Leech Seed|[of] p2a: Ferrothorn
|-heal|p2a: Ferrothorn|100/100 brn|[silent]
|-damage|p2a: Ferrothorn|95/100 brn|[from] brn
|upkeep
|turn|31
|j| Trailblazer324
|l| Trailblazer324
|
|t:|1606357145
|move|p1a: Toxapex|Recover|p1a: Toxapex
|-heal|p1a: Toxapex|68/100
|move|p2a: Ferrothorn|Stealth Rock||[still]
|-fail|p2a: Ferrothorn
|
|-damage|p1a: Toxapex|56/100|[from] Leech Seed|[of] p2a: Ferrothorn
|-heal|p2a: Ferrothorn|100/100 brn|[silent]
|-damage|p2a: Ferrothorn|95/100 brn|[from] brn
|upkeep
|turn|32
|
|t:|1606357149
|move|p1a: Toxapex|Spite|p2a: Ferrothorn
|-activate|p2a: Ferrothorn|move: Spite|Stealth Rock|3
|cant|p2a: Ferrothorn|nopp|Stealth Rock
|-hint|This is not a bug, this is really how it works on the Switch; try it yourself if you don't believe us.
|
|-damage|p1a: Toxapex|44/100|[from] Leech Seed|[of] p2a: Ferrothorn
|-heal|p2a: Ferrothorn|100/100 brn|[silent]
|-damage|p2a: Ferrothorn|95/100 brn|[from] brn
|upkeep
|turn|33
|
|t:|1606357153
|move|p1a: Toxapex|Recover|p1a: Toxapex
|-heal|p1a: Toxapex|94/100
|move|p2a: Ferrothorn|Gyro Ball|p1a: Toxapex
|-resisted|p1a: Toxapex
|-damage|p1a: Toxapex|91/100
|
|-damage|p1a: Toxapex|78/100|[from] Leech Seed|[of] p2a: Ferrothorn
|-heal|p2a: Ferrothorn|100/100 brn|[silent]
|-damage|p2a: Ferrothorn|95/100 brn|[from] brn
|upkeep
|turn|34
|
|t:|1606357159
|move|p1a: Toxapex|Spite|p2a: Ferrothorn
|-activate|p2a: Ferrothorn|move: Spite|Gyro Ball|1
|cant|p2a: Ferrothorn|nopp|Gyro Ball
|-hint|This is not a bug, this is really how it works on the Switch; try it yourself if you don't believe us.
|
|-damage|p1a: Toxapex|66/100|[from] Leech Seed|[of] p2a: Ferrothorn
|-heal|p2a: Ferrothorn|100/100 brn|[silent]
|-damage|p2a: Ferrothorn|95/100 brn|[from] brn
|upkeep
|turn|35
|
|t:|1606357167
|move|p1a: Toxapex|Scald|p2a: Ferrothorn
|-resisted|p2a: Ferrothorn
|-damage|p2a: Ferrothorn|89/100 brn
|move|p2a: Ferrothorn|Leech Seed||[still]
|-fail|p2a: Ferrothorn
|
|-damage|p1a: Toxapex|54/100|[from] Leech Seed|[of] p2a: Ferrothorn
|-heal|p2a: Ferrothorn|99/100 brn|[silent]
|-damage|p2a: Ferrothorn|93/100 brn|[from] brn
|upkeep
|turn|36
|
|t:|1606357172
|move|p1a: Toxapex|Spite|p2a: Ferrothorn
|-activate|p2a: Ferrothorn|move: Spite|Leech Seed|4
|move|p2a: Ferrothorn|Leech Seed||[still]
|-fail|p2a: Ferrothorn
|
|-damage|p1a: Toxapex|42/100|[from] Leech Seed|[of] p2a: Ferrothorn
|-heal|p2a: Ferrothorn|100/100 brn|[silent]
|-damage|p2a: Ferrothorn|95/100 brn|[from] brn
|upkeep
|turn|37
|
|t:|1606357178
|move|p1a: Toxapex|Spite|p2a: Ferrothorn
|-activate|p2a: Ferrothorn|move: Spite|Leech Seed|4
|cant|p2a: Ferrothorn|nopp|Leech Seed
|-hint|This is not a bug, this is really how it works on the Switch; try it yourself if you don't believe us.
|
|-damage|p1a: Toxapex|30/100|[from] Leech Seed|[of] p2a: Ferrothorn
|-heal|p2a: Ferrothorn|100/100 brn|[silent]
|-damage|p2a: Ferrothorn|95/100 brn|[from] brn
|upkeep
|turn|38
|
|t:|1606357182
|move|p1a: Toxapex|Recover|p1a: Toxapex
|-heal|p1a: Toxapex|80/100
|-activate|p2a: Ferrothorn|move: Struggle
|move|p2a: Ferrothorn|Struggle|p1a: Toxapex
|-damage|p1a: Toxapex|77/100
|-damage|p2a: Ferrothorn|69/100 brn|[from] recoil
|
|-damage|p1a: Toxapex|65/100|[from] Leech Seed|[of] p2a: Ferrothorn
|-heal|p2a: Ferrothorn|80/100 brn|[silent]
|-damage|p2a: Ferrothorn|74/100 brn|[from] brn
|upkeep
|turn|39
|
|t:|1606357189
|move|p1a: Toxapex|Scald|p2a: Ferrothorn
|-resisted|p2a: Ferrothorn
|-damage|p2a: Ferrothorn|68/100 brn
|-activate|p2a: Ferrothorn|move: Struggle
|move|p2a: Ferrothorn|Struggle|p1a: Toxapex
|-damage|p1a: Toxapex|61/100
|-damage|p2a: Ferrothorn|43/100 brn|[from] recoil
|
|-damage|p1a: Toxapex|49/100|[from] Leech Seed|[of] p2a: Ferrothorn
|-heal|p2a: Ferrothorn|53/100 brn|[silent]
|-damage|p2a: Ferrothorn|47/100 brn|[from] brn
|upkeep
|turn|40
|
|t:|1606357191
|switch|p1a: Dragonite|Dragonite, M|100/100
|-activate|p2a: Ferrothorn|move: Struggle
|move|p2a: Ferrothorn|Struggle|p1a: Dragonite
|-damage|p1a: Dragonite|98/100
|-damage|p2a: Ferrothorn|22/100 brn|[from] recoil
|
|-damage|p2a: Ferrothorn|16/100 brn|[from] brn
|upkeep
|turn|41
|
|t:|1606357196
|switch|p2a: Magearna|Magearna|100/100
|move|p1a: Dragonite|Defog|p2a: Magearna
|-unboost|p2a: Magearna|evasion|1
|-sideend|p1: I'M AT MY LIMIT!|Stealth Rock|[from] move: Defog|[of] p1a: Dragonite
|
|upkeep
|turn|42
|
|t:|1606357203
|switch|p1a: Toxapex|Toxapex, F|82/100
|move|p2a: Magearna|Focus Blast|p1a: Toxapex
|-resisted|p1a: Toxapex
|-damage|p1a: Toxapex|56/100
|
|upkeep
|turn|43
|
|t:|1606357208
|switch|p2a: Regieleki|Regieleki|100/100
|move|p1a: Toxapex|Scald|p2a: Regieleki
|-damage|p2a: Regieleki|72/100
|
|upkeep
|turn|44
|
|t:|1606357230
|switch|p2a: Pelipper|Pelipper, F|63/100
|-weather|RainDance|[from] ability: Drizzle|[of] p2a: Pelipper
|switch|p1a: Quagsire|Quagsire, M|100/100
|
|-weather|RainDance|[upkeep]
|upkeep
|turn|45
|
|t:|1606357235
|switch|p1a: Toxapex|Toxapex, F|89/100
|move|p2a: Pelipper|Hurricane|p1a: Toxapex
|-damage|p1a: Toxapex|49/100
|
|-weather|RainDance|[upkeep]
|upkeep
|turn|46
|
|t:|1606357244
|switch|p1a: Dragonite|Dragonite, M|98/100
|move|p2a: Pelipper|U-turn|p1a: Dragonite
|-resisted|p1a: Dragonite
|-damage|p1a: Dragonite|94/100
|
|t:|1606357250
|switch|p2a: Magearna|Magearna|100/100|[from]move: U-turn
|
|-weather|RainDance|[upkeep]
|upkeep
|turn|47
|
|t:|1606357256
|switch|p1a: Toxapex|Toxapex, F|83/100
|move|p2a: Magearna|Volt Switch|p1a: Toxapex
|-supereffective|p1a: Toxapex
|-damage|p1a: Toxapex|14/100
|
|t:|1606357261
|switch|p2a: Urshifu|Urshifu-Rapid-Strike, M|100/100|[from]move: Volt Switch
|
|-weather|RainDance|[upkeep]
|upkeep
|turn|48
|
|t:|1606357265
|switch|p1a: Ferrothorn|Ferrothorn, F|100/100
|move|p2a: Urshifu|Close Combat|p1a: Ferrothorn
|-supereffective|p1a: Ferrothorn
|-damage|p1a: Ferrothorn|0 fnt
|-unboost|p2a: Urshifu|def|1
|-unboost|p2a: Urshifu|spd|1
|-damage|p2a: Urshifu|88/100|[from] ability: Iron Barbs|[of] p1a: Ferrothorn
|faint|p1a: Ferrothorn
|
|-weather|RainDance|[upkeep]
|upkeep
|
|t:|1606357273
|switch|p1a: Buzzwole|Buzzwole|100/100
|turn|49
|
|t:|1606357278
|switch|p2a: Ferrothorn|Ferrothorn, M|16/100 brn
|move|p1a: Buzzwole|Toxic||[still]
|-fail|p1a: Buzzwole
|
|-weather|RainDance|[upkeep]
|-damage|p2a: Ferrothorn|10/100 brn|[from] brn
|upkeep
|turn|50
|
|t:|1606357295
|switch|p2a: Magearna|Magearna|100/100
|move|p1a: Buzzwole|Drain Punch|p2a: Magearna
|-damage|p2a: Magearna|72/100
|
|-weather|RainDance|[upkeep]
|upkeep
|turn|51
|
|t:|1606357298
|move|p1a: Buzzwole|Protect|p1a: Buzzwole
|-singleturn|p1a: Buzzwole|Protect
|move|p2a: Magearna|Volt Switch|p1a: Buzzwole
|-activate|p1a: Buzzwole|move: Protect
|
|-weather|none
|upkeep
|turn|52
|
|t:|1606357302
|switch|p1a: Quagsire|Quagsire, M|100/100
|move|p2a: Magearna|Volt Switch|p1a: Quagsire
|-immune|p1a: Quagsire
|
|upkeep
|turn|53
|
|t:|1606357307
|switch|p2a: Pelipper|Pelipper, F|63/100
|-weather|RainDance|[from] ability: Drizzle|[of] p2a: Pelipper
|move|p1a: Quagsire|Scald|p2a: Pelipper
|-resisted|p2a: Pelipper
|-damage|p2a: Pelipper|39/100
|-status|p2a: Pelipper|brn
|
|-weather|RainDance|[upkeep]
|-damage|p2a: Pelipper|33/100 brn|[from] brn
|upkeep
|turn|54
|j| Stryfe
|
|t:|1606357312
|switch|p2a: Ferrothorn|Ferrothorn, M|10/100 brn
|switch|p1a: Dragonite|Dragonite, M|94/100
|
|-weather|RainDance|[upkeep]
|-damage|p2a: Ferrothorn|4/100 brn|[from] brn
|upkeep
|turn|55
|
|t:|1606357317
|move|p1a: Dragonite|Roost|p1a: Dragonite
|-heal|p1a: Dragonite|100/100
|-singleturn|p1a: Dragonite|move: Roost
|-activate|p2a: Ferrothorn|move: Struggle
|move|p2a: Ferrothorn|Struggle|p1a: Dragonite
|-damage|p1a: Dragonite|98/100
|-damage|p2a: Ferrothorn|0 fnt|[from] recoil
|faint|p2a: Ferrothorn
|
|-weather|RainDance|[upkeep]
|upkeep
|j| marshallwu
|
|t:|1606357325
|switch|p2a: Magearna|Magearna|72/100
|turn|56
|
|t:|1606357334
|switch|p1a: Blissey|Blissey, F|100/100
|move|p2a: Magearna|Volt Switch|p1a: Blissey
|-damage|p1a: Blissey|85/100
|
|t:|1606357336
|switch|p2a: Urshifu|Urshifu-Rapid-Strike, M|88/100|[from]move: Volt Switch
|
|-weather|RainDance|[upkeep]
|upkeep
|turn|57
|
|t:|1606357340
|switch|p1a: Toxapex|Toxapex, F|47/100
|move|p2a: Urshifu|Surging Strikes|p1a: Toxapex
|-resisted|p1a: Toxapex
|-crit|p1a: Toxapex
|-damage|p1a: Toxapex|32/100
|-resisted|p1a: Toxapex
|-crit|p1a: Toxapex
|-damage|p1a: Toxapex|15/100
|-resisted|p1a: Toxapex
|-crit|p1a: Toxapex
|-damage|p1a: Toxapex|1/100
|-hitcount|p1a: Toxapex|3
|
|-weather|RainDance|[upkeep]
|upkeep
|turn|58
|
|t:|1606357347
|move|p2a: Urshifu|Surging Strikes|p1a: Toxapex
|-resisted|p1a: Toxapex
|-crit|p1a: Toxapex
|-damage|p1a: Toxapex|0 fnt
|-hitcount|p1a: Toxapex|1
|faint|p1a: Toxapex
|
|-weather|RainDance|[upkeep]
|upkeep
|j| WORLDSTARDANIEL
|
|t:|1606357353
|switch|p1a: Dragonite|Dragonite, M|98/100
|turn|59
|
|t:|1606357356
|switch|p2a: Magearna|Magearna|72/100
|move|p1a: Dragonite|Roost|p1a: Dragonite
|-heal|p1a: Dragonite|100/100
|-singleturn|p1a: Dragonite|move: Roost
|
|-weather|RainDance|[upkeep]
|upkeep
|turn|60
|
|t:|1606357361
|switch|p1a: Quagsire|Quagsire, M|100/100
|move|p2a: Magearna|Fleur Cannon|p1a: Quagsire
|-damage|p1a: Quagsire|0 fnt
|-unboost|p2a: Magearna|spa|2
|faint|p1a: Quagsire
|-ability|p2a: Magearna|Soul-Heart|boost
|-boost|p2a: Magearna|spa|1
|
|-weather|none
|upkeep
|
|t:|1606357365
|switch|p1a: Blissey|Blissey, F|85/100
|turn|61
|
|t:|1606357372
|switch|p2a: Urshifu|Urshifu-Rapid-Strike, M|88/100
|move|p1a: Blissey|Seismic Toss|p2a: Urshifu
|-damage|p2a: Urshifu|63/100
|
|upkeep
|turn|62
|j| ppev
|
|t:|1606357377
|switch|p1a: Buzzwole|Buzzwole|100/100
|move|p2a: Urshifu|U-turn|p1a: Buzzwole
|-resisted|p1a: Buzzwole
|-damage|p1a: Buzzwole|91/100
|-damage|p2a: Urshifu|47/100|[from] item: Rocky Helmet|[of] p1a: Buzzwole
|
|t:|1606357379
|switch|p2a: Pelipper|Pelipper, F|33/100 brn|[from]move: U-turn
|-weather|RainDance|[from] ability: Drizzle|[of] p2a: Pelipper
|
|-weather|RainDance|[upkeep]
|-damage|p2a: Pelipper|26/100 brn|[from] brn
|upkeep
|turn|63
|
|t:|1606357384
|move|p1a: Buzzwole|Protect|p1a: Buzzwole
|-singleturn|p1a: Buzzwole|Protect
|move|p2a: Pelipper|Hurricane|p1a: Buzzwole
|-activate|p1a: Buzzwole|move: Protect
|
|-weather|RainDance|[upkeep]
|-damage|p2a: Pelipper|20/100 brn|[from] brn
|upkeep
|turn|64
|
|t:|1606357391
|switch|p1a: Blissey|Blissey, F|85/100
|move|p2a: Pelipper|Knock Off|p1a: Blissey
|-damage|p1a: Blissey|80/100
|-enditem|p1a: Blissey|Heavy-Duty Boots|[from] move: Knock Off|[of] p2a: Pelipper
|
|-weather|RainDance|[upkeep]
|-damage|p2a: Pelipper|14/100 brn|[from] brn
|upkeep
|turn|65
|j| Trailblazer324
|
|t:|1606357403
|switch|p2a: Urshifu|Urshifu-Rapid-Strike, M|47/100
|move|p1a: Blissey|Seismic Toss|p2a: Urshifu
|-damage|p2a: Urshifu|22/100
|
|-weather|RainDance|[upkeep]
|upkeep
|turn|66
|
|t:|1606357407
|switch|p1a: Buzzwole|Buzzwole|91/100
|move|p2a: Urshifu|U-turn|p1a: Buzzwole
|-resisted|p1a: Buzzwole
|-damage|p1a: Buzzwole|82/100
|-damage|p2a: Urshifu|5/100|[from] item: Rocky Helmet|[of] p1a: Buzzwole
|
|t:|1606357408
|switch|p2a: Regieleki|Regieleki|72/100|[from]move: U-turn
|
|-weather|RainDance|[upkeep]
|upkeep
|turn|67
|
|t:|1606357412
|move|p1a: Buzzwole|Protect|p1a: Buzzwole
|-singleturn|p1a: Buzzwole|Protect
|move|p2a: Regieleki|Thunder|p1a: Buzzwole
|-activate|p1a: Buzzwole|move: Protect
|
|-weather|RainDance|[upkeep]
|upkeep
|turn|68
|
|t:|1606357415
|switch|p1a: Blissey|Blissey, F|80/100
|move|p2a: Regieleki|Thunder|p1a: Blissey
|-damage|p1a: Blissey|40/100
|
|-weather|RainDance|[upkeep]
|upkeep
|turn|69
|
|t:|1606357422
|move|p2a: Regieleki|Thunder|p1a: Blissey
|-damage|p1a: Blissey|0 fnt
|faint|p1a: Blissey
|
|-weather|none
|upkeep
|
|t:|1606357425
|switch|p1a: Dragonite|Dragonite, M|100/100
|turn|70
|
|t:|1606357428
|switch|p2a: Pelipper|Pelipper, F|14/100 brn
|-weather|RainDance|[from] ability: Drizzle|[of] p2a: Pelipper
|move|p1a: Dragonite|Earthquake|p2a: Pelipper
|-immune|p2a: Pelipper
|
|-weather|RainDance|[upkeep]
|-damage|p2a: Pelipper|8/100 brn|[from] brn
|upkeep
|turn|71
|
|t:|1606357434
|move|p2a: Pelipper|Knock Off|p1a: Dragonite
|-damage|p1a: Dragonite|98/100
|-enditem|p1a: Dragonite|Heavy-Duty Boots|[from] move: Knock Off|[of] p2a: Pelipper
|move|p1a: Dragonite|Ice Beam|p2a: Pelipper
|-damage|p2a: Pelipper|0 fnt
|faint|p2a: Pelipper
|
|-weather|RainDance|[upkeep]
|upkeep
|
|t:|1606357437
|switch|p2a: Regieleki|Regieleki|72/100
|turn|72
|
|t:|1606357439
|move|p2a: Regieleki|Thunder|p1a: Dragonite
|-damage|p1a: Dragonite|29/100
|-status|p1a: Dragonite|par
|cant|p1a: Dragonite|par
|
|-weather|RainDance|[upkeep]
|upkeep
|turn|73
|-message|I'M AT MY LIMIT! forfeited.
|
|win|Stigmancel
|l|☆I'M AT MY LIMIT!
|c| WORLDSTARDANIEL|gg
|l| kjlkhfhsw
|raw|I&apos;M AT MY LIMIT!'s rating: 1752 &rarr; <strong>1729</strong><br />(-23 for losing)
|raw|Stigmancel's rating: 1703 &rarr; <strong>1726</strong><br />(+23 for winning)
|l|☆Stigmancel
|l| Trailblazer324
|j|☆Stigmancel
|player|p2|Stigmancel|265
|l|☆Stigmancel
|player|p2|
|l| marshallwu
