|j|☆bizarman
|j|☆chokst du
|t:|1664477485
|gametype|singles
|player|p1|bizarman|scientist-gen4|1804
|player|p2|chokst du|102|1941
|teamsize|p1|6
|teamsize|p2|6
|gen|8
|tier|[Gen 8] OU
|rated|
|rule|Sleep Clause Mod: Limit one foe put to sleep
|rule|Species Clause: Limit one of each Pokémon
|rule|OHKO Clause: OHKO moves are banned
|rule|Evasion Items Clause: Evasion items are banned
|rule|Evasion Moves Clause: Evasion moves are banned
|rule|Endless Battle Clause: Forcing endless battles is banned
|rule|HP Percentage Mod: HP is shown in percentages
|rule|Dynamax Clause: You cannot dynamax
|clearpoke
|poke|p1|Tapu Koko|
|poke|p1|Garchomp, M|
|poke|p1|Ferrothorn, F|
|poke|p1|Zapdos-Galar|
|poke|p1|Tyranitar, M|
|poke|p1|Excadrill, M|
|poke|p2|Dragapult, F|
|poke|p2|Clefable, F|
|poke|p2|Nihilego|
|poke|p2|Dragonite, M|
|poke|p2|Gastrodon, F|
|poke|p2|Corviknight, F|
|teampreview
|j| lukisonic23
|j| Paul Ronzheimer
|j| RazorForce21
|
|t:|1664477503
|start
|switch|p1a: Garchomp|Garchomp, M|100/100
|switch|p2a: Clefable|Clefable, F|100/100
|turn|1
|j| Wehrak_03
|j| sweezy01
|
|t:|1664477518
|move|p1a: Garchomp|Stealth Rock|p2a: Clefable
|-sidestart|p2: chokst du|move: Stealth Rock
|move|p2a: Clefable|Moonblast|p1a: Garchomp
|-supereffective|p1a: Garchomp
|-damage|p1a: Garchomp|30/100
|
|upkeep
|turn|2
|inactive|Battle timer is ON: inactive players will automatically lose when time's up. (requested by bizarman)
|
|t:|1664477527
|switch|p1a: Tyranitar|Tyranitar, M|100/100
|-weather|Sandstorm|[from] ability: Sand Stream|[of] p1a: Tyranitar
|move|p2a: Clefable|Moonblast|p1a: Tyranitar
|-supereffective|p1a: Tyranitar
|-damage|p1a: Tyranitar|60/100
|
|-weather|Sandstorm|[upkeep]
|upkeep
|turn|3
|
|t:|1664477535
|switch|p2a: Gastrodon|Gastrodon, F|100/100
|-damage|p2a: Gastrodon|94/100|[from] Stealth Rock
|move|p1a: Tyranitar|Stone Edge|p2a: Gastrodon
|-resisted|p2a: Gastrodon
|-damage|p2a: Gastrodon|46/100
|
|-weather|Sandstorm|[upkeep]
|-heal|p2a: Gastrodon|52/100|[from] item: Leftovers
|upkeep
|turn|4
|
|t:|1664477545
|switch|p1a: Ferrothorn|Ferrothorn, F|100/100
|move|p2a: Gastrodon|Recover|p2a: Gastrodon
|-heal|p2a: Gastrodon|100/100
|
|-weather|Sandstorm|[upkeep]
|upkeep
|turn|5
|
|t:|1664477551
|switch|p2a: Corviknight|Corviknight, F|100/100
|-damage|p2a: Corviknight|88/100|[from] Stealth Rock
|-ability|p2a: Corviknight|Pressure
|move|p1a: Ferrothorn|Knock Off|p2a: Corviknight
|-damage|p2a: Corviknight|74/100
|-enditem|p2a: Corviknight|Leftovers|[from] move: Knock Off|[of] p1a: Ferrothorn
|
|-weather|Sandstorm|[upkeep]
|upkeep
|turn|6
|
|t:|1664477561
|switch|p1a: Zapdos|Zapdos-Galar|100/100
|move|p2a: Corviknight|U-turn|p1a: Zapdos
|-resisted|p1a: Zapdos
|-damage|p1a: Zapdos|96/100
|
|t:|1664477570
|switch|p2a: Clefable|Clefable, F|100/100|[from]move: U-turn
|
|-weather|none
|upkeep
|turn|7
|
|t:|1664477575
|move|p1a: Zapdos|U-turn|p2a: Clefable
|-resisted|p2a: Clefable
|-damage|p2a: Clefable|92/100
|-damage|p1a: Zapdos|80/100|[from] item: Rocky Helmet|[of] p2a: Clefable
|
|t:|1664477583
|switch|p1a: Ferrothorn|Ferrothorn, F|100/100|[from]move: U-turn
|move|p2a: Clefable|Stealth Rock|p1a: Ferrothorn
|-sidestart|p1: bizarman|move: Stealth Rock
|
|upkeep
|turn|8
|
|t:|1664477589
|move|p2a: Clefable|Knock Off|p1a: Ferrothorn
|-damage|p1a: Ferrothorn|90/100
|-activate|p1a: Ferrothorn|ability: Iron Barbs
|-enditem|p1a: Ferrothorn|Rocky Helmet|[from] move: Knock Off|[of] p2a: Clefable
|move|p1a: Ferrothorn|Spikes|p2a: Clefable
|-sidestart|p2: chokst du|Spikes
|
|upkeep
|turn|9
|
|t:|1664477602
|move|p2a: Clefable|Moonblast|p1a: Ferrothorn
|-resisted|p1a: Ferrothorn
|-damage|p1a: Ferrothorn|78/100
|move|p1a: Ferrothorn|Knock Off|p2a: Clefable
|-resisted|p2a: Clefable
|-damage|p2a: Clefable|84/100
|-damage|p1a: Ferrothorn|61/100|[from] item: Rocky Helmet|[of] p2a: Clefable
|-enditem|p2a: Clefable|Rocky Helmet|[from] move: Knock Off|[of] p1a: Ferrothorn
|
|upkeep
|turn|10
|j| 0SiegeWarfare
|
|t:|1664477615
|switch|p1a: Excadrill|Excadrill, M|100/100
|-damage|p1a: Excadrill|97/100|[from] Stealth Rock
|move|p2a: Clefable|Moonblast|p1a: Excadrill
|-resisted|p1a: Excadrill
|-damage|p1a: Excadrill|78/100
|
|-heal|p1a: Excadrill|84/100|[from] item: Leftovers
|upkeep
|turn|11
|j| adamlwoods
|
|t:|1664477624
|switch|p2a: Corviknight|Corviknight, F|74/100
|-damage|p2a: Corviknight|62/100|[from] Stealth Rock
|-ability|p2a: Corviknight|Pressure
|move|p1a: Excadrill|Rapid Spin|p2a: Corviknight
|-resisted|p2a: Corviknight
|-damage|p2a: Corviknight|57/100
|-boost|p1a: Excadrill|spe|1
|-sideend|p1: bizarman|Stealth Rock|[from] move: Rapid Spin|[of] p1a: Excadrill
|
|-heal|p1a: Excadrill|91/100|[from] item: Leftovers
|upkeep
|turn|12
|j| Ran Kob
|j| NovaFish21
|
|t:|1664477635
|switch|p1a: Zapdos|Zapdos-Galar|80/100
|move|p2a: Corviknight|Defog|p1a: Zapdos
|-unboost|p1a: Zapdos|evasion|1
|-ability|p1a: Zapdos|Defiant
|-boost|p1a: Zapdos|atk|2
|-sideend|p2: chokst du|Spikes|[from] move: Defog|[of] p2a: Corviknight
|-sideend|p2: chokst du|Stealth Rock|[from] move: Defog|[of] p2a: Corviknight
|
|upkeep
|turn|13
|
|t:|1664477644
|switch|p2a: Nihilego|Nihilego|100/100
|move|p1a: Zapdos|Brave Bird|p2a: Nihilego
|-resisted|p2a: Nihilego
|-damage|p2a: Nihilego|0 fnt
|faint|p2a: Nihilego
|-damage|p1a: Zapdos|41/100|[from] Recoil
|
|upkeep
|
|t:|1664477658
|switch|p2a: Dragapult|Dragapult, F|100/100
|turn|14
|
|t:|1664477666
|move|p1a: Zapdos|Brave Bird|p2a: Dragapult
|-damage|p2a: Dragapult|0 fnt
|faint|p2a: Dragapult
|-damage|p1a: Zapdos|8/100|[from] Recoil
|
|upkeep
|j| endless spring
|
|t:|1664477672
|switch|p2a: Corviknight|Corviknight, F|57/100
|-ability|p2a: Corviknight|Pressure
|turn|15
|
|t:|1664477677
|switch|p1a: Garchomp|Garchomp, M|30/100
|move|p2a: Corviknight|Roost|p2a: Corviknight
|-heal|p2a: Corviknight|100/100
|-singleturn|p2a: Corviknight|move: Roost
|
|upkeep
|turn|16
|
|t:|1664477687
|switch|p2a: Clefable|Clefable, F|84/100
|move|p1a: Garchomp|Fire Blast|p2a: Clefable
|-damage|p2a: Clefable|52/100
|-damage|p1a: Garchomp|20/100|[from] item: Life Orb
|
|upkeep
|turn|17
|
|t:|1664477694
|move|p1a: Garchomp|Stealth Rock|p2a: Clefable
|-sidestart|p2: chokst du|move: Stealth Rock
|move|p2a: Clefable|Soft-Boiled|p2a: Clefable
|-heal|p2a: Clefable|100/100
|
|upkeep
|turn|18
|j| tyguy98
|
|t:|1664477703
|switch|p1a: Tyranitar|Tyranitar, M|60/100
|-weather|Sandstorm|[from] ability: Sand Stream|[of] p1a: Tyranitar
|move|p2a: Clefable|Stealth Rock|p1a: Tyranitar
|-sidestart|p1: bizarman|move: Stealth Rock
|
|-weather|Sandstorm|[upkeep]
|upkeep
|turn|19
|
|t:|1664477715
|move|p1a: Tyranitar|Stone Edge|p2a: Clefable
|-crit|p2a: Clefable
|-damage|p2a: Clefable|8/100
|move|p2a: Clefable|Moonblast|p1a: Tyranitar
|-supereffective|p1a: Tyranitar
|-damage|p1a: Tyranitar|21/100
|-unboost|p1a: Tyranitar|spa|1
|
|-weather|Sandstorm|[upkeep]
|upkeep
|turn|20
|j| Brim.AI
|j| Volcaronium
|
|t:|1664477738
|switch|p2a: Gastrodon|Gastrodon, F|100/100
|-damage|p2a: Gastrodon|94/100|[from] Stealth Rock
|move|p1a: Tyranitar|Stone Edge|p2a: Gastrodon
|-resisted|p2a: Gastrodon
|-crit|p2a: Gastrodon
|-damage|p2a: Gastrodon|27/100
|
|-weather|Sandstorm|[upkeep]
|-heal|p2a: Gastrodon|34/100|[from] item: Leftovers
|upkeep
|turn|21
|
|t:|1664477746
|move|p1a: Tyranitar|Stone Edge|p2a: Gastrodon
|-resisted|p2a: Gastrodon
|-crit|p2a: Gastrodon
|-damage|p2a: Gastrodon|0 fnt
|faint|p2a: Gastrodon
|
|-weather|Sandstorm|[upkeep]
|upkeep
|
|t:|1664477750
|switch|p2a: Dragonite|Dragonite, M|100/100
|turn|22
|
|t:|1664477760
|move|p2a: Dragonite|Earthquake|p1a: Tyranitar
|-supereffective|p1a: Tyranitar
|-damage|p1a: Tyranitar|0 fnt
|faint|p1a: Tyranitar
|
|-weather|none
|upkeep
|
|t:|1664477773
|switch|p1a: Tapu Koko|Tapu Koko|100/100
|-fieldstart|move: Electric Terrain|[from] ability: Electric Surge|[of] p1a: Tapu Koko
|turn|23
|l| Brim.AI
|
|t:|1664477781
|move|p1a: Tapu Koko|Dazzling Gleam|p2a: Dragonite
|-supereffective|p2a: Dragonite
|-damage|p2a: Dragonite|63/100
|move|p2a: Dragonite|Dragon Dance|p2a: Dragonite
|-boost|p2a: Dragonite|atk|1
|-boost|p2a: Dragonite|spe|1
|
|upkeep
|turn|24
|l| 0SiegeWarfare
|j| 0SiegeWarfare
|
|t:|1664477796
|switch|p1a: Ferrothorn|Ferrothorn, F|61/100
|-damage|p1a: Ferrothorn|55/100|[from] Stealth Rock
|move|p2a: Dragonite|Roost|p2a: Dragonite
|-heal|p2a: Dragonite|100/100
|-singleturn|p2a: Dragonite|move: Roost
|
|upkeep
|turn|25
|c| 0SiegeWarfare|you are not in tour?
|c| Paul Ronzheimer|no
|c| Paul Ronzheimer|im banned
|
|t:|1664477807
|move|p2a: Dragonite|Earthquake|p1a: Ferrothorn
|-damage|p1a: Ferrothorn|23/100
|move|p1a: Ferrothorn|Leech Seed|p2a: Dragonite
|-start|p2a: Dragonite|move: Leech Seed
|
|-damage|p2a: Dragonite|88/100|[from] Leech Seed|[of] p1a: Ferrothorn
|-heal|p1a: Ferrothorn|34/100|[silent]
|upkeep
|turn|26
|
|t:|1664477832
|switch|p1a: Excadrill|Excadrill, M|91/100
|-damage|p1a: Excadrill|87/100|[from] Stealth Rock
|move|p2a: Dragonite|Earthquake|p1a: Excadrill
|-supereffective|p1a: Excadrill
|-damage|p1a: Excadrill|0 fnt
|faint|p1a: Excadrill
|
|upkeep
|inactive|bizarman has 120 seconds left.
|l| Volcaronium
|
|t:|1664477844
|switch|p1a: Tapu Koko|Tapu Koko|100/100
|turn|27
|
|t:|1664477846
|move|p2a: Dragonite|Earthquake|p1a: Tapu Koko
|-supereffective|p1a: Tapu Koko
|-damage|p1a: Tapu Koko|0 fnt
|faint|p1a: Tapu Koko
|
|-fieldend|move: Electric Terrain
|upkeep
|c|☆bizarman|i choked lol
|c|☆bizarman|gg
|-message|bizarman forfeited.
|
|win|chokst du
|raw|bizarman's rating: 1804 &rarr; <strong>1792</strong><br />(-12 for losing)
|raw|chokst du's rating: 1941 &rarr; <strong>1953</strong><br />(+12 for winning)
|l| endless spring
|c|☆chokst du|gg
|l| Wehrak_03
|l| sweezy01
|l|☆bizarman
|l| Paul Ronzheimer
|l| Ran Kob
|l| tyguy98
||Ladder isn't responding, score probably updated but might not have (Request timeout).
