|j|☆uuuuiiii
|j|☆AgencyIsOwn
|t:|1636652212
|gametype|singles
|player|p1|uuuuiiii|2|1650
|player|p2|AgencyIsOwn|zinnia|1837
|teamsize|p1|6
|teamsize|p2|6
|gen|8
|tier|[Gen 8] OU
|rated|
|rule|Sleep Clause Mod: Limit one foe put to sleep
|rule|Species Clause: Limit one of each Pokémon
|rule|OHKO Clause: OHKO moves are banned
|rule|Evasion Moves Clause: Evasion moves are banned
|rule|Endless Battle Clause: Forcing endless battles is banned
|rule|HP Percentage Mod: HP is shown in percentages
|rule|Dynamax Clause: You cannot dynamax
|clearpoke
|poke|p1|Tapu Fini|
|poke|p1|Corviknight, F|
|poke|p1|Kommo-o, F|
|poke|p1|Landorus-Therian, M|
|poke|p1|Gengar, F|
|poke|p1|Rotom-Heat|
|poke|p2|Hippowdon, M|
|poke|p2|Dracozolt|
|poke|p2|Excadrill, M|
|poke|p2|Ferrothorn, M|
|poke|p2|Landorus-Therian, M|
|poke|p2|Tapu Fini|
|teampreview
|
|t:|1636652229
|start
|switch|p1a: Landorus|Landorus-Therian, M|100/100
|switch|p2a: Hippowdon|Hippowdon, M|100/100
|-ability|p1a: Landorus|Intimidate|boost
|-unboost|p2a: Hippowdon|atk|1
|-weather|Sandstorm|[from] ability: Sand Stream|[of] p2a: Hippowdon
|turn|1
|
|t:|1636652231
|switch|p2a: Landorus|Landorus-Therian, M, shiny|100/100
|-ability|p2a: Landorus|Intimidate|boost
|-unboost|p1a: Landorus|atk|1
|move|p1a: Landorus|Toxic|p2a: Landorus
|-status|p2a: Landorus|tox
|
|-weather|Sandstorm|[upkeep]
|-damage|p2a: Landorus|95/100 tox|[from] psn
|upkeep
|turn|2
|
|t:|1636652234
|switch|p1a: Corviknight|Corviknight, F|100/100
|-ability|p1a: Corviknight|Pressure
|move|p2a: Landorus|Gravity|p2a: Landorus
|-fieldstart|move: Gravity
|
|-weather|Sandstorm|[upkeep]
|-heal|p2a: Landorus|100/100 tox|[from] item: Leftovers
|-damage|p2a: Landorus|89/100 tox|[from] psn
|upkeep
|turn|3
|
|t:|1636652238
|switch|p1a: Landorus|Landorus-Therian, M|100/100
|-ability|p1a: Landorus|Intimidate|boost
|-unboost|p2a: Landorus|atk|1
|move|p2a: Landorus|Swords Dance|p2a: Landorus
|-boost|p2a: Landorus|atk|2
|
|-weather|Sandstorm|[upkeep]
|-heal|p2a: Landorus|95/100 tox|[from] item: Leftovers
|-damage|p2a: Landorus|77/100 tox|[from] psn
|upkeep
|turn|4
|
|t:|1636652243
|move|p2a: Landorus|Earthquake|p1a: Landorus
|-damage|p1a: Landorus|33/100
|move|p1a: Landorus|Earthquake|p2a: Landorus
|-damage|p2a: Landorus|19/100 tox
|
|-weather|Sandstorm|[upkeep]
|-heal|p2a: Landorus|25/100 tox|[from] item: Leftovers
|-heal|p1a: Landorus|39/100|[from] item: Leftovers
|-damage|p2a: Landorus|1/100 tox|[from] psn
|upkeep
|turn|5
|
|t:|1636652257
|switch|p1a: Rotom|Rotom-Heat|100/100
|move|p2a: Landorus|Earthquake|p1a: Rotom
|-supereffective|p1a: Rotom
|-damage|p1a: Rotom|0 fnt
|faint|p1a: Rotom
|
|-weather|Sandstorm|[upkeep]
|-heal|p2a: Landorus|7/100 tox|[from] item: Leftovers
|-damage|p2a: Landorus|0 fnt|[from] psn
|faint|p2a: Landorus
|upkeep
|
|t:|1636652266
|switch|p2a: Excadrill|Excadrill, M|100/100
|switch|p1a: Landorus|Landorus-Therian, M|39/100
|-ability|p1a: Landorus|Intimidate|boost
|-unboost|p2a: Excadrill|atk|1
|turn|6
|
|t:|1636652270
|move|p2a: Excadrill|Earthquake|p1a: Landorus
|-damage|p1a: Landorus|0 fnt
|faint|p1a: Landorus
|
|-weather|Sandstorm|[upkeep]
|-fieldend|move: Gravity
|upkeep
|
|t:|1636652277
|switch|p1a: Corviknight|Corviknight, F|100/100
|-ability|p1a: Corviknight|Pressure
|turn|7
|inactive|Battle timer is ON: inactive players will automatically lose when time's up. (requested by AgencyIsOwn)
|
|t:|1636652320
|switch|p2a: Ferrothorn|Ferrothorn, M, shiny|100/100
|switch|p1a: Gengar|Gengar, F|100/100
|
|-weather|Sandstorm|[upkeep]
|-damage|p1a: Gengar|94/100|[from] Sandstorm
|upkeep
|turn|8
|
|t:|1636652332
|move|p1a: Gengar|Focus Blast|p2a: Ferrothorn
|-supereffective|p2a: Ferrothorn
|-damage|p2a: Ferrothorn|25/100
|move|p2a: Ferrothorn|Gravity|p2a: Ferrothorn
|-fieldstart|move: Gravity
|
|-weather|none
|-heal|p2a: Ferrothorn|32/100|[from] item: Leftovers
|upkeep
|turn|9
|
|t:|1636652405
|switch|p1a: Kommo-o|Kommo-o, F|100/100
|switch|p2a: Hippowdon|Hippowdon, M|100/100
|-weather|Sandstorm|[from] ability: Sand Stream|[of] p2a: Hippowdon
|
|-weather|Sandstorm|[upkeep]
|-damage|p1a: Kommo-o|94/100|[from] Sandstorm
|-heal|p1a: Kommo-o|100/100|[from] item: Leftovers
|upkeep
|turn|10
|
|t:|1636652421
|switch|p2a: Tapu Fini|Tapu Fini, shiny|100/100
|-fieldstart|move: Misty Terrain|[from] ability: Misty Surge|[of] p2a: Tapu Fini
|move|p1a: Kommo-o|Substitute|p1a: Kommo-o
|-start|p1a: Kommo-o|Substitute
|-damage|p1a: Kommo-o|76/100
|
|-weather|Sandstorm|[upkeep]
|-damage|p2a: Tapu Fini|94/100|[from] Sandstorm
|-damage|p1a: Kommo-o|69/100|[from] Sandstorm
|-heal|p1a: Kommo-o|76/100|[from] item: Leftovers
|upkeep
|turn|11
|
|t:|1636652427
|move|p2a: Tapu Fini|Moonblast|p1a: Kommo-o
|-supereffective|p1a: Kommo-o
|-end|p1a: Kommo-o|Substitute
|move|p1a: Kommo-o|Boomburst|p2a: Tapu Fini
|-damage|p2a: Tapu Fini|57/100
|
|-weather|Sandstorm|[upkeep]
|-damage|p2a: Tapu Fini|51/100|[from] Sandstorm
|-damage|p1a: Kommo-o|69/100|[from] Sandstorm
|-heal|p1a: Kommo-o|76/100|[from] item: Leftovers
|upkeep
|turn|12
|
|t:|1636652438
|switch|p1a: Gengar|Gengar, F|94/100
|move|p2a: Tapu Fini|Moonblast|p1a: Gengar
|-resisted|p1a: Gengar
|-damage|p1a: Gengar|60/100
|
|-weather|Sandstorm|[upkeep]
|-damage|p1a: Gengar|53/100|[from] Sandstorm
|-damage|p2a: Tapu Fini|45/100|[from] Sandstorm
|-fieldend|move: Gravity
|upkeep
|turn|13
|
|t:|1636652449
|switch|p2a: Ferrothorn|Ferrothorn, M, shiny|32/100
|move|p1a: Gengar|Shadow Ball|p2a: Ferrothorn
|-damage|p2a: Ferrothorn|0 fnt
|faint|p2a: Ferrothorn
|
|-weather|Sandstorm|[upkeep]
|-damage|p1a: Gengar|47/100|[from] Sandstorm
|upkeep
|
|t:|1636652451
|switch|p2a: Dracozolt|Dracozolt, shiny|100/100
|turn|14
|
|t:|1636652458
|move|p1a: Gengar|Shadow Ball|p2a: Dracozolt
|-damage|p2a: Dracozolt|41/100
|move|p2a: Dracozolt|Bolt Beak|p1a: Gengar
|-damage|p1a: Gengar|0 fnt
|faint|p1a: Gengar
|-damage|p2a: Dracozolt|31/100|[from] item: Life Orb
|
|-weather|Sandstorm|[upkeep]
|-fieldend|Misty Terrain
|upkeep
|
|t:|1636652513
|switch|p1a: Kommo-o|Kommo-o, F|76/100
|turn|15
|
|t:|1636652531
|switch|p1a: Corviknight|Corviknight, F|100/100
|-ability|p1a: Corviknight|Pressure
|move|p2a: Dracozolt|Draco Meteor|p1a: Corviknight
|-resisted|p1a: Corviknight
|-damage|p1a: Corviknight|71/100
|-unboost|p2a: Dracozolt|spa|2
|-damage|p2a: Dracozolt|21/100|[from] item: Life Orb
|
|-weather|Sandstorm|[upkeep]
|upkeep
|turn|16
|
|t:|1636652542
|switch|p2a: Tapu Fini|Tapu Fini, shiny|45/100
|-fieldstart|move: Misty Terrain|[from] ability: Misty Surge|[of] p2a: Tapu Fini
|switch|p1a: Kommo-o|Kommo-o, F|76/100
|
|-weather|none
|-heal|p1a: Kommo-o|82/100|[from] item: Leftovers
|upkeep
|turn|17
|
|t:|1636652553
|move|p2a: Tapu Fini|Trick|p1a: Kommo-o
|-activate|p2a: Tapu Fini|move: Trick|[of] p1a: Kommo-o
|-item|p1a: Kommo-o|Choice Scarf|[from] move: Trick
|-item|p2a: Tapu Fini|Leftovers|[from] move: Trick
|move|p1a: Kommo-o|Substitute|p1a: Kommo-o
|-start|p1a: Kommo-o|Substitute
|-damage|p1a: Kommo-o|57/100
|
|-heal|p2a: Tapu Fini|51/100|[from] item: Leftovers
|upkeep
|turn|18
|
|t:|1636652559
|switch|p1a: Corviknight|Corviknight, F|71/100
|-ability|p1a: Corviknight|Pressure
|move|p2a: Tapu Fini|Surf|p1a: Corviknight
|-damage|p1a: Corviknight|35/100
|
|-heal|p2a: Tapu Fini|57/100|[from] item: Leftovers
|upkeep
|turn|19
|
|t:|1636652564
|move|p2a: Tapu Fini|Surf|p1a: Corviknight
|-damage|p1a: Corviknight|0 fnt
|faint|p1a: Corviknight
|
|-heal|p2a: Tapu Fini|63/100|[from] item: Leftovers
|upkeep
|
|t:|1636652583
|switch|p1a: Tapu Fini|Tapu Fini|100/100
|turn|20
|
|t:|1636652591
|move|p2a: Tapu Fini|Moonblast|p1a: Tapu Fini
|-damage|p1a: Tapu Fini|78/100
|move|p1a: Tapu Fini|Calm Mind|p1a: Tapu Fini
|-boost|p1a: Tapu Fini|spa|1
|-boost|p1a: Tapu Fini|spd|1
|
|-heal|p2a: Tapu Fini|69/100|[from] item: Leftovers
|-heal|p1a: Tapu Fini|84/100|[from] item: Leftovers
|-fieldend|Misty Terrain
|upkeep
|turn|21
|
|t:|1636652598
|switch|p2a: Hippowdon|Hippowdon, M|100/100
|-weather|Sandstorm|[from] ability: Sand Stream|[of] p2a: Hippowdon
|move|p1a: Tapu Fini|Draining Kiss|p2a: Hippowdon
|-damage|p2a: Hippowdon|83/100
|-heal|p1a: Tapu Fini|99/100|[from] drain|[of] p2a: Hippowdon
|
|-weather|Sandstorm|[upkeep]
|-damage|p1a: Tapu Fini|94/100|[from] Sandstorm
|-heal|p1a: Tapu Fini|99/100|[from] item: Leftovers
|upkeep
|turn|22
|
|t:|1636652601
|move|p1a: Tapu Fini|Surf|p2a: Hippowdon
|-supereffective|p2a: Hippowdon
|-damage|p2a: Hippowdon|23/100
|move|p2a: Hippowdon|Toxic|p1a: Tapu Fini|[miss]
|-miss|p2a: Hippowdon|p1a: Tapu Fini
|
|-weather|Sandstorm|[upkeep]
|-damage|p1a: Tapu Fini|94/100|[from] Sandstorm
|-heal|p1a: Tapu Fini|99/100|[from] item: Leftovers
|upkeep
|turn|23
|
|t:|1636652604
|move|p1a: Tapu Fini|Taunt|p2a: Hippowdon
|-start|p2a: Hippowdon|move: Taunt
|cant|p2a: Hippowdon|move: Taunt|Toxic
|
|-weather|Sandstorm|[upkeep]
|-damage|p1a: Tapu Fini|94/100|[from] Sandstorm
|-heal|p1a: Tapu Fini|99/100|[from] item: Leftovers
|upkeep
|turn|24
|
|t:|1636652611
|move|p1a: Tapu Fini|Calm Mind|p1a: Tapu Fini
|-boost|p1a: Tapu Fini|spa|1
|-boost|p1a: Tapu Fini|spd|1
|move|p2a: Hippowdon|Earthquake|p1a: Tapu Fini
|-damage|p1a: Tapu Fini|69/100
|
|-weather|Sandstorm|[upkeep]
|-damage|p1a: Tapu Fini|63/100|[from] Sandstorm
|-heal|p1a: Tapu Fini|69/100|[from] item: Leftovers
|upkeep
|turn|25
|
|t:|1636652622
|move|p1a: Tapu Fini|Draining Kiss|p2a: Hippowdon
|-crit|p2a: Hippowdon
|-damage|p2a: Hippowdon|0 fnt
|-heal|p1a: Tapu Fini|90/100|[from] drain|[of] p2a: Hippowdon
|faint|p2a: Hippowdon
|
|-weather|Sandstorm|[upkeep]
|-damage|p1a: Tapu Fini|84/100|[from] Sandstorm
|-heal|p1a: Tapu Fini|90/100|[from] item: Leftovers
|upkeep
|
|t:|1636652624
|switch|p2a: Dracozolt|Dracozolt, shiny|21/100
|turn|26
|
|t:|1636652628
|switch|p1a: Kommo-o|Kommo-o, F|57/100
|move|p2a: Dracozolt|Bolt Beak|p1a: Kommo-o
|-resisted|p1a: Kommo-o
|-damage|p1a: Kommo-o|17/100
|-damage|p2a: Dracozolt|11/100|[from] item: Life Orb
|
|-weather|Sandstorm|[upkeep]
|-damage|p1a: Kommo-o|11/100|[from] Sandstorm
|upkeep
|turn|27
|
|t:|1636652635
|switch|p2a: Tapu Fini|Tapu Fini, shiny|69/100
|-fieldstart|move: Misty Terrain|[from] ability: Misty Surge|[of] p2a: Tapu Fini
|move|p1a: Kommo-o|Boomburst|p2a: Tapu Fini
|-damage|p2a: Tapu Fini|35/100
|
|-weather|Sandstorm|[upkeep]
|-damage|p1a: Kommo-o|5/100|[from] Sandstorm
|-damage|p2a: Tapu Fini|29/100|[from] Sandstorm
|-heal|p2a: Tapu Fini|35/100|[from] item: Leftovers
|upkeep
|turn|28
|
|t:|1636652640
|move|p1a: Kommo-o|Boomburst|p2a: Tapu Fini
|-damage|p2a: Tapu Fini|0 fnt
|faint|p2a: Tapu Fini
|
|-weather|none
|upkeep
|
|t:|1636652646
|switch|p2a: Excadrill|Excadrill, M|100/100
|turn|29
|
|t:|1636652654
|switch|p1a: Tapu Fini|Tapu Fini|90/100
|move|p2a: Excadrill|Earthquake|p1a: Tapu Fini
|-damage|p1a: Tapu Fini|9/100
|
|-heal|p1a: Tapu Fini|15/100|[from] item: Leftovers
|upkeep
|turn|30
|
|t:|1636652656
|move|p2a: Excadrill|Earthquake|p1a: Tapu Fini
|-damage|p1a: Tapu Fini|0 fnt
|faint|p1a: Tapu Fini
|
|upkeep
|-message|uuuuiiii forfeited.
|
|win|AgencyIsOwn
|raw|uuuuiiii's rating: 1650 &rarr; <strong>1640</strong><br />(-10 for losing)
|raw|AgencyIsOwn's rating: 1837 &rarr; <strong>1847</strong><br />(+10 for winning)
