|j|☆A
|j|☆JoeyOwesMeMoney
|player|p1|A|clemont|1657
|player|p2|JoeyOwesMeMoney|170|1789
|teamsize|p1|6
|teamsize|p2|6
|gametype|singles
|gen|8
|tier|[Gen 8] OU
|rated|
|html|<div class="broadcast-blue"><strong>OU is currently suspecting Dracovish! For information on how to participate check out the <a href="https://www.smogon.com/forums/threads/3664521/">suspect thread</a>.</strong></div>
|clearpoke
|poke|p1|Clefable, F|
|poke|p1|Rotom-Mow|
|poke|p1|Kommo-o, M|
|poke|p1|Toxapex, M|
|poke|p1|Mandibuzz, F|
|poke|p1|Jirachi|
|poke|p2|Toxapex, F|
|poke|p2|Ferrothorn, M|
|poke|p2|Seismitoad, F|
|poke|p2|Tyranitar, M|
|poke|p2|Clefable, F|
|poke|p2|Corviknight, M|
|rule|Sleep Clause Mod: Limit one foe put to sleep
|rule|Species Clause: Limit one of each Pokémon
|rule|OHKO Clause: OHKO moves are banned
|rule|Evasion Moves Clause: Evasion moves are banned
|rule|Endless Battle Clause: Forcing endless battles is banned
|rule|HP Percentage Mod: HP is shown in percentages
|rule|Dynamax Clause: You cannot dynamax
|teampreview
|
|start
|switch|p1a: yeah boii|Rotom-Mow, shiny|100/100
|switch|p2a: Seismitoad|Seismitoad, F|100/100
|turn|1
|inactive|Battle timer is ON: inactive players will automatically lose when time's up. (requested by A)
|
|switch|p2a: Toxapex|Toxapex, F|100/100
|move|p1a: yeah boii|Trick|p2a: Toxapex
|-activate|p1a: yeah boii|move: Trick|[of] p2a: Toxapex
|-item|p2a: Toxapex|Choice Scarf|[from] move: Trick
|-item|p1a: yeah boii|Black Sludge|[from] move: Trick
|
|-damage|p1a: yeah boii|88/100|[from] item: Black Sludge
|upkeep
|turn|2
|
|move|p1a: yeah boii|Volt Switch|p2a: Toxapex
|-supereffective|p2a: Toxapex
|-damage|p2a: Toxapex|59/100
|
|switch|p1a: the chungus|Toxapex, M, shiny|100/100|[from]move: Volt Switch
|move|p2a: Toxapex|Knock Off|p1a: the chungus
|-damage|p1a: the chungus|91/100
|-enditem|p1a: the chungus|Black Sludge|[from] move: Knock Off|[of] p2a: Toxapex
|
|upkeep
|turn|3
|
|switch|p2a: Seismitoad|Seismitoad, F|100/100
|move|p1a: the chungus|Toxic|p2a: Seismitoad
|-status|p2a: Seismitoad|tox
|
|-damage|p2a: Seismitoad|94/100 tox|[from] psn
|upkeep
|turn|4
|
|switch|p1a: epic games|Kommo-o, M|100/100
|move|p2a: Seismitoad|Stealth Rock|p1a: epic games
|-sidestart|p1: A|move: Stealth Rock
|
|-heal|p2a: Seismitoad|100/100 tox|[from] item: Leftovers
|-damage|p2a: Seismitoad|88/100 tox|[from] psn
|upkeep
|turn|5
|
|switch|p2a: Toxapex|Toxapex, F|92/100
|move|p1a: epic games|Stealth Rock|p2a: Toxapex
|-sidestart|p2: JoeyOwesMeMoney|move: Stealth Rock
|
|upkeep
|turn|6
|
|move|p1a: epic games|Protect|p1a: epic games
|-singleturn|p1a: epic games|Protect
|move|p2a: Toxapex|Scald|p1a: epic games
|-activate|p1a: epic games|move: Protect
|
|upkeep
|turn|7
|
|switch|p1a: the chungus|Toxapex, M, shiny|100/100
|-damage|p1a: the chungus|88/100|[from] Stealth Rock
|move|p2a: Toxapex|Scald|p1a: the chungus
|-resisted|p1a: the chungus
|-damage|p1a: the chungus|82/100
|-status|p1a: the chungus|brn
|
|-damage|p1a: the chungus|76/100 brn|[from] brn
|upkeep
|turn|8
|
|switch|p2a: Ferrothorn|Ferrothorn, M|100/100
|-damage|p2a: Ferrothorn|95/100|[from] Stealth Rock
|move|p1a: the chungus|Scald|p2a: Ferrothorn
|-resisted|p2a: Ferrothorn
|-damage|p2a: Ferrothorn|89/100
|
|-heal|p2a: Ferrothorn|95/100|[from] item: Leftovers
|-damage|p1a: the chungus|70/100 brn|[from] brn
|upkeep
|turn|9
|
|move|p1a: the chungus|Recover|p1a: the chungus
|-heal|p1a: the chungus|100/100 brn
|move|p2a: Ferrothorn|Spikes|p1a: the chungus
|-sidestart|p1: A|Spikes
|
|-heal|p2a: Ferrothorn|100/100|[from] item: Leftovers
|-damage|p1a: the chungus|95/100 brn|[from] brn
|upkeep
|turn|10
|
|move|p1a: the chungus|Scald|p2a: Ferrothorn
|-resisted|p2a: Ferrothorn
|-damage|p2a: Ferrothorn|95/100
|-status|p2a: Ferrothorn|brn
|move|p2a: Ferrothorn|Spikes|p1a: the chungus
|-sidestart|p1: A|Spikes
|
|-heal|p2a: Ferrothorn|100/100 brn|[from] item: Leftovers
|-damage|p1a: the chungus|89/100 brn|[from] brn
|-damage|p2a: Ferrothorn|95/100 brn|[from] brn
|upkeep
|turn|11
|
|switch|p1a: irrationallty m8|Mandibuzz, F|100/100
|move|p2a: Ferrothorn|Leech Seed|p1a: irrationallty m8
|-start|p1a: irrationallty m8|move: Leech Seed
|
|-heal|p2a: Ferrothorn|100/100 brn|[from] item: Leftovers
|-damage|p1a: irrationallty m8|88/100|[from] Leech Seed|[of] p2a: Ferrothorn
|-damage|p2a: Ferrothorn|95/100 brn|[from] brn
|upkeep
|turn|12
|
|move|p1a: irrationallty m8|Defog|p2a: Ferrothorn
|-unboost|p2a: Ferrothorn|evasion|1
|-sideend|p2: JoeyOwesMeMoney|Stealth Rock|[from] move: Defog|[of] p1a: irrationallty m8
|-sideend|p1: A|Spikes|[from] move: Defog|[of] p1a: irrationallty m8
|-sideend|p1: A|Stealth Rock|[from] move: Defog|[of] p1a: irrationallty m8
|move|p2a: Ferrothorn|Knock Off|p1a: irrationallty m8
|-resisted|p1a: irrationallty m8
|-damage|p1a: irrationallty m8|84/100
|-enditem|p1a: irrationallty m8|Heavy-Duty Boots|[from] move: Knock Off|[of] p2a: Ferrothorn
|
|-heal|p2a: Ferrothorn|100/100 brn|[from] item: Leftovers
|-damage|p1a: irrationallty m8|72/100|[from] Leech Seed|[of] p2a: Ferrothorn
|-damage|p2a: Ferrothorn|95/100 brn|[from] brn
|upkeep
|turn|13
|
|switch|p1a: epic games|Kommo-o, M|100/100
|move|p2a: Ferrothorn|Spikes|p1a: epic games
|-sidestart|p1: A|Spikes
|
|-heal|p2a: Ferrothorn|100/100 brn|[from] item: Leftovers
|-damage|p2a: Ferrothorn|95/100 brn|[from] brn
|upkeep
|turn|14
|
|switch|p2a: Toxapex|Toxapex, F|100/100
|move|p1a: epic games|Flamethrower|p2a: Toxapex
|-resisted|p2a: Toxapex
|-damage|p2a: Toxapex|92/100
|
|upkeep
|turn|15
|
|move|p1a: epic games|Protect|p1a: epic games
|-singleturn|p1a: epic games|Protect
|move|p2a: Toxapex|Scald|p1a: epic games
|-activate|p1a: epic games|move: Protect
|
|upkeep
|turn|16
|
|move|p1a: epic games|Stealth Rock|p2a: Toxapex
|-sidestart|p2: JoeyOwesMeMoney|move: Stealth Rock
|move|p2a: Toxapex|Scald|p1a: epic games
|-resisted|p1a: epic games
|-damage|p1a: epic games|93/100
|
|-heal|p1a: epic games|99/100|[from] item: Leftovers
|upkeep
|turn|17
|
|move|p1a: epic games|Protect|p1a: epic games
|-singleturn|p1a: epic games|Protect
|move|p2a: Toxapex|Scald|p1a: epic games
|-activate|p1a: epic games|move: Protect
|
|-heal|p1a: epic games|100/100|[from] item: Leftovers
|upkeep
|turn|18
|
|switch|p1a: hypocrite|Clefable, F, shiny|100/100
|move|p2a: Toxapex|Scald|p1a: hypocrite
|-damage|p1a: hypocrite|83/100
|-status|p1a: hypocrite|brn
|
|-heal|p1a: hypocrite|89/100 brn|[from] item: Leftovers
|upkeep
|turn|19
|
|switch|p2a: Ferrothorn|Ferrothorn, M|95/100 brn
|-damage|p2a: Ferrothorn|89/100 brn|[from] Stealth Rock
|move|p1a: hypocrite|Calm Mind|p1a: hypocrite
|-boost|p1a: hypocrite|spa|1
|-boost|p1a: hypocrite|spd|1
|
|-heal|p1a: hypocrite|95/100 brn|[from] item: Leftovers
|-heal|p2a: Ferrothorn|95/100 brn|[from] item: Leftovers
|-damage|p2a: Ferrothorn|89/100 brn|[from] brn
|upkeep
|turn|20
|
|move|p1a: hypocrite|Thunderbolt|p2a: Ferrothorn
|-resisted|p2a: Ferrothorn
|-crit|p2a: Ferrothorn
|-damage|p2a: Ferrothorn|73/100 brn
|move|p2a: Ferrothorn|Knock Off|p1a: hypocrite
|-resisted|p1a: hypocrite
|-damage|p1a: hypocrite|90/100 brn
|-enditem|p1a: hypocrite|Leftovers|[from] move: Knock Off|[of] p2a: Ferrothorn
|
|-heal|p2a: Ferrothorn|79/100 brn|[from] item: Leftovers
|-damage|p2a: Ferrothorn|73/100 brn|[from] brn
|upkeep
|turn|21
|inactive|JoeyOwesMeMoney has 120 seconds left.
|
|switch|p2a: Clefable|Clefable, F|100/100
|-damage|p2a: Clefable|88/100|[from] Stealth Rock
|move|p1a: hypocrite|Moonblast|p2a: Clefable
|-damage|p2a: Clefable|54/100
|
|-heal|p2a: Clefable|61/100|[from] item: Leftovers
|upkeep
|turn|22
|
|move|p1a: hypocrite|Calm Mind|p1a: hypocrite
|-boost|p1a: hypocrite|spa|1
|-boost|p1a: hypocrite|spd|1
|move|p2a: Clefable|Wish|p2a: Clefable
|
|-heal|p2a: Clefable|67/100|[from] item: Leftovers
|upkeep
|turn|23
|
|move|p1a: hypocrite|Moonblast|p2a: Clefable
|-damage|p2a: Clefable|30/100
|move|p2a: Clefable|Aromatherapy|p2a: Clefable
|-activate|p2a: Clefable|move: Aromatherapy
|-curestatus|p2: Seismitoad|tox|[msg]
|-curestatus|p2: Ferrothorn|brn|[msg]
|
|-heal|p2a: Clefable|80/100|[from] move: Wish|[wisher] Clefable
|-heal|p2a: Clefable|86/100|[from] item: Leftovers
|upkeep
|turn|24
|
|move|p1a: hypocrite|Moonblast|p2a: Clefable
|-damage|p2a: Clefable|54/100
|move|p2a: Clefable|Wish|p2a: Clefable
|
|-heal|p2a: Clefable|60/100|[from] item: Leftovers
|upkeep
|turn|25
|
|move|p1a: hypocrite|Thunderbolt|p2a: Clefable
|-damage|p2a: Clefable|37/100
|-status|p2a: Clefable|par
|cant|p2a: Clefable|par
|
|-heal|p2a: Clefable|87/100 par|[from] move: Wish|[wisher] Clefable
|-heal|p2a: Clefable|93/100 par|[from] item: Leftovers
|upkeep
|turn|26
|
|move|p1a: hypocrite|Moonblast|p2a: Clefable
|-damage|p2a: Clefable|60/100 par
|-unboost|p2a: Clefable|spa|1
|move|p2a: Clefable|Wish|p2a: Clefable
|
|-heal|p2a: Clefable|66/100 par|[from] item: Leftovers
|upkeep
|turn|27
|
|move|p1a: hypocrite|Moonblast|p2a: Clefable
|-damage|p2a: Clefable|30/100 par
|-unboost|p2a: Clefable|spa|1
|move|p2a: Clefable|Aromatherapy|p2a: Clefable
|-activate|p2a: Clefable|move: Aromatherapy
|-curestatus|p2a: Clefable|par|[msg]
|
|-heal|p2a: Clefable|80/100|[from] move: Wish|[wisher] Clefable
|-heal|p2a: Clefable|86/100|[from] item: Leftovers
|upkeep
|turn|28
|
|move|p1a: hypocrite|Thunderbolt|p2a: Clefable
|-damage|p2a: Clefable|63/100
|move|p2a: Clefable|Wish|p2a: Clefable
|
|-heal|p2a: Clefable|69/100|[from] item: Leftovers
|upkeep
|turn|29
|
|move|p1a: hypocrite|Thunderbolt|p2a: Clefable
|-damage|p2a: Clefable|47/100
|-status|p2a: Clefable|par
|cant|p2a: Clefable|par
|
|-heal|p2a: Clefable|96/100 par|[from] move: Wish|[wisher] Clefable
|-heal|p2a: Clefable|100/100 par|[from] item: Leftovers
|upkeep
|turn|30
|
|move|p1a: hypocrite|Moonblast|p2a: Clefable
|-damage|p2a: Clefable|68/100 par
|cant|p2a: Clefable|par
|
|-heal|p2a: Clefable|75/100 par|[from] item: Leftovers
|upkeep
|turn|31
|
|move|p1a: hypocrite|Moonblast|p2a: Clefable
|-damage|p2a: Clefable|38/100 par
|move|p2a: Clefable|Aromatherapy|p2a: Clefable
|-activate|p2a: Clefable|move: Aromatherapy
|-curestatus|p2a: Clefable|par|[msg]
|
|-heal|p2a: Clefable|45/100|[from] item: Leftovers
|upkeep
|turn|32
|
|move|p2a: Clefable|Protect|p2a: Clefable
|-singleturn|p2a: Clefable|Protect
|move|p1a: hypocrite|Moonblast|p2a: Clefable
|-activate|p2a: Clefable|move: Protect
|
|-heal|p2a: Clefable|51/100|[from] item: Leftovers
|upkeep
|turn|33
|
|move|p1a: hypocrite|Moonblast|p2a: Clefable
|-damage|p2a: Clefable|14/100
|-unboost|p2a: Clefable|spa|1
|move|p2a: Clefable|Wish|p2a: Clefable
|
|-heal|p2a: Clefable|20/100|[from] item: Leftovers
|upkeep
|turn|34
|
|move|p2a: Clefable|Protect|p2a: Clefable
|-singleturn|p2a: Clefable|Protect
|move|p1a: hypocrite|Calm Mind|p1a: hypocrite
|-boost|p1a: hypocrite|spa|1
|-boost|p1a: hypocrite|spd|1
|
|-heal|p2a: Clefable|70/100|[from] move: Wish|[wisher] Clefable
|-heal|p2a: Clefable|76/100|[from] item: Leftovers
|upkeep
|turn|35
|
|move|p1a: hypocrite|Thunderbolt|p2a: Clefable
|-damage|p2a: Clefable|55/100
|move|p2a: Clefable|Wish|p2a: Clefable
|
|-heal|p2a: Clefable|62/100|[from] item: Leftovers
|upkeep
|turn|36
|
|move|p1a: hypocrite|Calm Mind|p1a: hypocrite
|-boost|p1a: hypocrite|spa|1
|-boost|p1a: hypocrite|spd|1
|move|p2a: Clefable|Moonblast|p1a: hypocrite
|-crit|p1a: hypocrite
|-damage|p1a: hypocrite|46/100 brn
|
|-heal|p2a: Clefable|100/100|[from] move: Wish|[wisher] Clefable
|upkeep
|turn|37
|
|move|p1a: hypocrite|Soft-Boiled|p1a: hypocrite
|-heal|p1a: hypocrite|96/100 brn
|move|p2a: Clefable|Moonblast|p1a: hypocrite
|-damage|p1a: hypocrite|85/100 brn
|
|upkeep
|turn|38
|
|move|p1a: hypocrite|Moonblast|p2a: Clefable
|-damage|p2a: Clefable|67/100
|move|p2a: Clefable|Moonblast|p1a: hypocrite
|-damage|p1a: hypocrite|72/100 brn
|
|-heal|p2a: Clefable|73/100|[from] item: Leftovers
|upkeep
|turn|39
|
|move|p1a: hypocrite|Thunderbolt|p2a: Clefable
|-damage|p2a: Clefable|52/100
|move|p2a: Clefable|Moonblast|p1a: hypocrite
|-damage|p1a: hypocrite|60/100 brn
|-unboost|p1a: hypocrite|spa|1
|
|-heal|p2a: Clefable|58/100|[from] item: Leftovers
|upkeep
|turn|40
|
|move|p2a: Clefable|Protect|p2a: Clefable
|-singleturn|p2a: Clefable|Protect
|move|p1a: hypocrite|Soft-Boiled|p1a: hypocrite
|-heal|p1a: hypocrite|100/100 brn
|
|-heal|p2a: Clefable|64/100|[from] item: Leftovers
|upkeep
|turn|41
|
|move|p1a: hypocrite|Moonblast|p2a: Clefable
|-damage|p2a: Clefable|29/100
|-unboost|p2a: Clefable|spa|1
|move|p2a: Clefable|Wish|p2a: Clefable
|
|-heal|p2a: Clefable|35/100|[from] item: Leftovers
|upkeep
|turn|42
|
|move|p2a: Clefable|Protect|p2a: Clefable
|-singleturn|p2a: Clefable|Protect
|move|p1a: hypocrite|Moonblast|p2a: Clefable
|-activate|p2a: Clefable|move: Protect
|
|-heal|p2a: Clefable|85/100|[from] move: Wish|[wisher] Clefable
|-heal|p2a: Clefable|91/100|[from] item: Leftovers
|upkeep
|turn|43
|
|move|p1a: hypocrite|Moonblast|p2a: Clefable
|-damage|p2a: Clefable|55/100
|move|p2a: Clefable|Wish|p2a: Clefable
|
|-heal|p2a: Clefable|61/100|[from] item: Leftovers
|upkeep
|turn|44
|
|move|p1a: hypocrite|Thunderbolt|p2a: Clefable
|-damage|p2a: Clefable|41/100
|move|p2a: Clefable|Moonblast|p1a: hypocrite
|-damage|p1a: hypocrite|91/100 brn
|
|-heal|p2a: Clefable|91/100|[from] move: Wish|[wisher] Clefable
|-heal|p2a: Clefable|97/100|[from] item: Leftovers
|upkeep
|turn|45
|
|move|p1a: hypocrite|Thunderbolt|p2a: Clefable
|-damage|p2a: Clefable|76/100
|move|p2a: Clefable|Wish|p2a: Clefable
|
|-heal|p2a: Clefable|82/100|[from] item: Leftovers
|upkeep
|turn|46
|
|switch|p2a: Ferrothorn|Ferrothorn, M|73/100
|-damage|p2a: Ferrothorn|67/100|[from] Stealth Rock
|move|p1a: hypocrite|Calm Mind|p1a: hypocrite
|-boost|p1a: hypocrite|spa|1
|-boost|p1a: hypocrite|spd|1
|
|-heal|p2a: Ferrothorn|100/100|[from] move: Wish|[wisher] Clefable
|upkeep
|turn|47
|
|switch|p2a: Clefable|Clefable, F|82/100
|-damage|p2a: Clefable|70/100|[from] Stealth Rock
|move|p1a: hypocrite|Moonblast|p2a: Clefable
|-damage|p2a: Clefable|34/100
|-unboost|p2a: Clefable|spa|1
|
|-heal|p2a: Clefable|40/100|[from] item: Leftovers
|upkeep
|turn|48
|
|move|p2a: Clefable|Protect|p2a: Clefable
|-singleturn|p2a: Clefable|Protect
|move|p1a: hypocrite|Moonblast|p2a: Clefable
|-activate|p2a: Clefable|move: Protect
|
|-heal|p2a: Clefable|46/100|[from] item: Leftovers
|upkeep
|turn|49
|
|move|p1a: hypocrite|Moonblast|p2a: Clefable
|-damage|p2a: Clefable|14/100
|move|p2a: Clefable|Wish|p2a: Clefable
|
|-heal|p2a: Clefable|20/100|[from] item: Leftovers
|upkeep
|turn|50
|
|move|p2a: Clefable|Protect|p2a: Clefable
|-singleturn|p2a: Clefable|Protect
|move|p1a: hypocrite|Calm Mind|p1a: hypocrite
|-boost|p1a: hypocrite|spa|1
|-boost|p1a: hypocrite|spd|1
|
|-heal|p2a: Clefable|70/100|[from] move: Wish|[wisher] Clefable
|-heal|p2a: Clefable|76/100|[from] item: Leftovers
|upkeep
|turn|51
|
|move|p1a: hypocrite|Thunderbolt|p2a: Clefable
|-damage|p2a: Clefable|53/100
|move|p2a: Clefable|Wish|p2a: Clefable
|
|-heal|p2a: Clefable|59/100|[from] item: Leftovers
|upkeep
|turn|52
|
|move|p1a: hypocrite|Soft-Boiled|p1a: hypocrite
|-heal|p1a: hypocrite|100/100 brn
|move|p2a: Clefable|Moonblast|p1a: hypocrite
|-damage|p1a: hypocrite|79/100 brn
|
|-heal|p2a: Clefable|100/100|[from] move: Wish|[wisher] Clefable
|upkeep
|turn|53
|
|move|p1a: hypocrite|Calm Mind|p1a: hypocrite
|-boost|p1a: hypocrite|spa|1
|-boost|p1a: hypocrite|spd|0
|move|p2a: Clefable|Moonblast|p1a: hypocrite
|-damage|p1a: hypocrite|58/100 brn
|-unboost|p1a: hypocrite|spa|1
|
|upkeep
|turn|54
|
|move|p1a: hypocrite|Soft-Boiled|p1a: hypocrite
|-heal|p1a: hypocrite|100/100 brn
|move|p2a: Clefable|Moonblast|p1a: hypocrite
|-damage|p1a: hypocrite|82/100 brn
|
|upkeep
|turn|55
|
|move|p1a: hypocrite|Thunderbolt|p2a: Clefable
|-damage|p2a: Clefable|78/100
|move|p2a: Clefable|Moonblast|p1a: hypocrite
|-damage|p1a: hypocrite|61/100 brn
|
|-heal|p2a: Clefable|84/100|[from] item: Leftovers
|upkeep
|turn|56
|
|move|p1a: hypocrite|Moonblast|p2a: Clefable
|-damage|p2a: Clefable|52/100
|move|p2a: Clefable|Moonblast|p1a: hypocrite
|-damage|p1a: hypocrite|41/100 brn
|-unboost|p1a: hypocrite|spa|1
|
|-heal|p2a: Clefable|58/100|[from] item: Leftovers
|upkeep
|turn|57
|
|move|p1a: hypocrite|Soft-Boiled|p1a: hypocrite
|-heal|p1a: hypocrite|91/100 brn
|move|p2a: Clefable|Moonblast|p1a: hypocrite
|-damage|p1a: hypocrite|71/100 brn
|
|-heal|p2a: Clefable|64/100|[from] item: Leftovers
|upkeep
|turn|58
|
|move|p2a: Clefable|Protect|p2a: Clefable
|-singleturn|p2a: Clefable|Protect
|move|p1a: hypocrite|Calm Mind|p1a: hypocrite
|-boost|p1a: hypocrite|spa|1
|-boost|p1a: hypocrite|spd|0
|
|-heal|p2a: Clefable|70/100|[from] item: Leftovers
|upkeep
|turn|59
|
|move|p1a: hypocrite|Moonblast|p2a: Clefable
|-damage|p2a: Clefable|37/100
|-unboost|p2a: Clefable|spa|1
|move|p2a: Clefable|Moonblast|p1a: hypocrite
|-damage|p1a: hypocrite|55/100 brn
|
|-heal|p2a: Clefable|43/100|[from] item: Leftovers
|upkeep
|turn|60
|
|move|p2a: Clefable|Protect|p2a: Clefable
|-singleturn|p2a: Clefable|Protect
|move|p1a: hypocrite|Thunderbolt|p2a: Clefable
|-activate|p2a: Clefable|move: Protect
|
|-heal|p2a: Clefable|49/100|[from] item: Leftovers
|upkeep
|turn|61
|
|move|p1a: hypocrite|Moonblast|p2a: Clefable
|-damage|p2a: Clefable|15/100
|move|p2a: Clefable|Wish|p2a: Clefable
|
|-heal|p2a: Clefable|21/100|[from] item: Leftovers
|upkeep
|turn|62
|
|move|p2a: Clefable|Protect|p2a: Clefable
|-singleturn|p2a: Clefable|Protect
|move|p1a: hypocrite|Thunderbolt|p2a: Clefable
|-activate|p2a: Clefable|move: Protect
|
|-heal|p2a: Clefable|71/100|[from] move: Wish|[wisher] Clefable
|-heal|p2a: Clefable|77/100|[from] item: Leftovers
|upkeep
|turn|63
|
|move|p1a: hypocrite|Soft-Boiled|p1a: hypocrite
|-heal|p1a: hypocrite|100/100 brn
|move|p2a: Clefable|Moonblast|p1a: hypocrite
|-damage|p1a: hypocrite|86/100 brn
|-unboost|p1a: hypocrite|spa|1
|
|-heal|p2a: Clefable|83/100|[from] item: Leftovers
|upkeep
|turn|64
|
|switch|p1a: cool laddy|Jirachi, shiny|100/100
|-damage|p1a: cool laddy|88/100|[from] Spikes
|move|p2a: Clefable|Moonblast|p1a: cool laddy
|-resisted|p1a: cool laddy
|-damage|p1a: cool laddy|81/100
|-unboost|p1a: cool laddy|spa|1
|
|-heal|p2a: Clefable|89/100|[from] item: Leftovers
|upkeep
|turn|65
|
|switch|p2a: Toxapex|Toxapex, F|100/100
|-damage|p2a: Toxapex|88/100|[from] Stealth Rock
|move|p1a: cool laddy|Trick|p2a: Toxapex
|-activate|p1a: cool laddy|move: Trick|[of] p2a: Toxapex
|-item|p2a: Toxapex|Choice Scarf|[from] move: Trick
|-item|p1a: cool laddy|Choice Scarf|[from] move: Trick
|
|upkeep
|turn|66
|
|switch|p1a: irrationallty m8|Mandibuzz, F|72/100
|move|p2a: Toxapex|Scald|p1a: irrationallty m8
|-damage|p1a: irrationallty m8|62/100
|
|upkeep
|turn|67
|
|move|p1a: irrationallty m8|Roost|p1a: irrationallty m8
|-heal|p1a: irrationallty m8|100/100
|-singleturn|p1a: irrationallty m8|move: Roost
|move|p2a: Toxapex|Scald|p1a: irrationallty m8
|-damage|p1a: irrationallty m8|90/100
|-status|p1a: irrationallty m8|brn
|
|-damage|p1a: irrationallty m8|84/100 brn|[from] brn
|upkeep
|turn|68
|
|switch|p1a: the chungus|Toxapex, M, shiny|100/100 brn
|-damage|p1a: the chungus|88/100 brn|[from] Spikes
|switch|p2a: Seismitoad|Seismitoad, F|88/100
|-damage|p2a: Seismitoad|82/100|[from] Stealth Rock
|
|-heal|p2a: Seismitoad|88/100|[from] item: Leftovers
|-damage|p1a: the chungus|82/100 brn|[from] brn
|upkeep
|turn|69
|
|switch|p2a: Ferrothorn|Ferrothorn, M|100/100
|-damage|p2a: Ferrothorn|95/100|[from] Stealth Rock
|move|p1a: the chungus|Toxic|p2a: Ferrothorn
|-immune|p2a: Ferrothorn
|
|-heal|p2a: Ferrothorn|100/100|[from] item: Leftovers
|-damage|p1a: the chungus|76/100 brn|[from] brn
|upkeep
|turn|70
|
|move|p1a: the chungus|Scald|p2a: Ferrothorn
|-resisted|p2a: Ferrothorn
|-damage|p2a: Ferrothorn|95/100
|-status|p2a: Ferrothorn|brn
|move|p2a: Ferrothorn|Spikes|p1a: the chungus
|-sidestart|p1: A|Spikes
|
|-heal|p2a: Ferrothorn|100/100 brn|[from] item: Leftovers
|-damage|p1a: the chungus|70/100 brn|[from] brn
|-damage|p2a: Ferrothorn|95/100 brn|[from] brn
|upkeep
|turn|71
|
|switch|p1a: irrationallty m8|Mandibuzz, F|84/100 brn
|move|p2a: Ferrothorn|Leech Seed|p1a: irrationallty m8
|-start|p1a: irrationallty m8|move: Leech Seed
|
|-heal|p2a: Ferrothorn|100/100 brn|[from] item: Leftovers
|-damage|p1a: irrationallty m8|72/100 brn|[from] Leech Seed|[of] p2a: Ferrothorn
|-damage|p1a: irrationallty m8|66/100 brn|[from] brn
|-damage|p2a: Ferrothorn|95/100 brn|[from] brn
|upkeep
|turn|72
|
|move|p2a: Ferrothorn|Protect|p2a: Ferrothorn
|-singleturn|p2a: Ferrothorn|Protect
|move|p1a: irrationallty m8|Roost|p1a: irrationallty m8
|-heal|p1a: irrationallty m8|100/100 brn
|-singleturn|p1a: irrationallty m8|move: Roost
|
|-heal|p2a: Ferrothorn|100/100 brn|[from] item: Leftovers
|-damage|p1a: irrationallty m8|88/100 brn|[from] Leech Seed|[of] p2a: Ferrothorn
|-damage|p1a: irrationallty m8|82/100 brn|[from] brn
|-damage|p2a: Ferrothorn|95/100 brn|[from] brn
|upkeep
|turn|73
|
|switch|p2a: Seismitoad|Seismitoad, F|88/100
|-damage|p2a: Seismitoad|82/100|[from] Stealth Rock
|move|p1a: irrationallty m8|Defog|p2a: Seismitoad
|-unboost|p2a: Seismitoad|evasion|1
|-sideend|p2: JoeyOwesMeMoney|Stealth Rock|[from] move: Defog|[of] p1a: irrationallty m8
|-sideend|p1: A|Spikes|[from] move: Defog|[of] p1a: irrationallty m8
|
|-heal|p2a: Seismitoad|88/100|[from] item: Leftovers
|-damage|p1a: irrationallty m8|70/100 brn|[from] Leech Seed|[of] p2a: Seismitoad
|-heal|p2a: Seismitoad|100/100|[silent]
|-damage|p1a: irrationallty m8|64/100 brn|[from] brn
|upkeep
|turn|74
|
|move|p1a: irrationallty m8|Toxic|p2a: Seismitoad
|-status|p2a: Seismitoad|tox
|move|p2a: Seismitoad|Stealth Rock|p1a: irrationallty m8
|-sidestart|p1: A|move: Stealth Rock
|
|-damage|p1a: irrationallty m8|51/100 brn|[from] Leech Seed|[of] p2a: Seismitoad
|-damage|p1a: irrationallty m8|45/100 brn|[from] brn
|-damage|p2a: Seismitoad|94/100 tox|[from] psn
|upkeep
|turn|75
|
|move|p1a: irrationallty m8|Roost|p1a: irrationallty m8
|-heal|p1a: irrationallty m8|95/100 brn
|-singleturn|p1a: irrationallty m8|move: Roost
|move|p2a: Seismitoad|Scald|p1a: irrationallty m8
|-damage|p1a: irrationallty m8|81/100 brn
|
|-heal|p2a: Seismitoad|100/100 tox|[from] item: Leftovers
|-damage|p1a: irrationallty m8|69/100 brn|[from] Leech Seed|[of] p2a: Seismitoad
|-damage|p1a: irrationallty m8|62/100 brn|[from] brn
|-damage|p2a: Seismitoad|88/100 tox|[from] psn
|upkeep
|turn|76
|j| BABYSTEAK
|inactive|JoeyOwesMeMoney has 120 seconds left.
|
|switch|p1a: epic games|Kommo-o, M|100/100
|-damage|p1a: epic games|94/100|[from] Stealth Rock
|switch|p2a: Ferrothorn|Ferrothorn, M|95/100 brn
|
|-heal|p1a: epic games|100/100|[from] item: Leftovers
|-heal|p2a: Ferrothorn|100/100 brn|[from] item: Leftovers
|-damage|p2a: Ferrothorn|95/100 brn|[from] brn
|upkeep
|turn|77
|inactive|JoeyOwesMeMoney has 120 seconds left.
|
|move|p1a: epic games|Flamethrower|p2a: Ferrothorn
|-supereffective|p2a: Ferrothorn
|-damage|p2a: Ferrothorn|42/100 brn
|move|p2a: Ferrothorn|Spikes|p1a: epic games
|-sidestart|p1: A|Spikes
|
|-heal|p2a: Ferrothorn|48/100 brn|[from] item: Leftovers
|-damage|p2a: Ferrothorn|42/100 brn|[from] brn
|upkeep
|turn|78
|inactive|JoeyOwesMeMoney has 120 seconds left.
|
|switch|p2a: Clefable|Clefable, F|89/100
|move|p1a: epic games|Stealth Rock|p2a: Clefable
|-sidestart|p2: JoeyOwesMeMoney|move: Stealth Rock
|
|-heal|p2a: Clefable|95/100|[from] item: Leftovers
|upkeep
|turn|79
|inactive|JoeyOwesMeMoney has 120 seconds left.
|
|move|p1a: epic games|Protect|p1a: epic games
|-singleturn|p1a: epic games|Protect
|move|p2a: Clefable|Wish|p2a: Clefable
|
|-heal|p2a: Clefable|100/100|[from] item: Leftovers
|upkeep
|turn|80
|
|switch|p1a: hypocrite|Clefable, F, shiny|86/100 brn
|move|p2a: Clefable|Moonblast|p1a: hypocrite
|-damage|p1a: hypocrite|58/100 brn
|-unboost|p1a: hypocrite|spa|1
|
|upkeep
|turn|81
|
|move|p1a: hypocrite|Soft-Boiled|p1a: hypocrite
|-heal|p1a: hypocrite|100/100 brn
|move|p2a: Clefable|Wish|p2a: Clefable
|
|upkeep
|turn|82
|
|switch|p1a: epic games|Kommo-o, M|100/100
|-damage|p1a: epic games|88/100|[from] Spikes
|-damage|p1a: epic games|82/100|[from] Stealth Rock
|switch|p2a: Ferrothorn|Ferrothorn, M|42/100 brn
|-damage|p2a: Ferrothorn|36/100 brn|[from] Stealth Rock
|
|-heal|p2a: Ferrothorn|92/100 brn|[from] move: Wish|[wisher] Clefable
|-heal|p1a: epic games|88/100|[from] item: Leftovers
|-heal|p2a: Ferrothorn|98/100 brn|[from] item: Leftovers
|-damage|p2a: Ferrothorn|92/100 brn|[from] brn
|upkeep
|turn|83
|
|switch|p2a: Toxapex|Toxapex, F|100/100
|-damage|p2a: Toxapex|88/100|[from] Stealth Rock
|move|p1a: epic games|Flamethrower|p2a: Toxapex
|-resisted|p2a: Toxapex
|-damage|p2a: Toxapex|79/100
|
|-heal|p1a: epic games|94/100|[from] item: Leftovers
|upkeep
|turn|84
|
|move|p1a: epic games|Protect|p1a: epic games
|-singleturn|p1a: epic games|Protect
|move|p2a: Toxapex|Scald|p1a: epic games
|-activate|p1a: epic games|move: Protect
|
|-heal|p1a: epic games|99/100|[from] item: Leftovers
|upkeep
|turn|85
|
|switch|p1a: hypocrite|Clefable, F, shiny|100/100 brn
|move|p2a: Toxapex|Scald|p1a: hypocrite
|-damage|p1a: hypocrite|85/100 brn
|
|upkeep
|turn|86
|
|switch|p2a: Ferrothorn|Ferrothorn, M|92/100 brn
|-damage|p2a: Ferrothorn|86/100 brn|[from] Stealth Rock
|move|p1a: hypocrite|Calm Mind|p1a: hypocrite
|-boost|p1a: hypocrite|spa|1
|-boost|p1a: hypocrite|spd|1
|
|-heal|p2a: Ferrothorn|92/100 brn|[from] item: Leftovers
|-damage|p2a: Ferrothorn|86/100 brn|[from] brn
|upkeep
|turn|87
|
|move|p1a: hypocrite|Calm Mind|p1a: hypocrite
|-boost|p1a: hypocrite|spa|1
|-boost|p1a: hypocrite|spd|1
|move|p2a: Ferrothorn|Spikes|p1a: hypocrite
|-sidestart|p1: A|Spikes
|
|-heal|p2a: Ferrothorn|92/100 brn|[from] item: Leftovers
|-damage|p2a: Ferrothorn|86/100 brn|[from] brn
|upkeep
|turn|88
|
|move|p1a: hypocrite|Calm Mind|p1a: hypocrite
|-boost|p1a: hypocrite|spa|1
|-boost|p1a: hypocrite|spd|1
|move|p2a: Ferrothorn|Spikes|p1a: hypocrite
|-sidestart|p1: A|Spikes
|
|-heal|p2a: Ferrothorn|92/100 brn|[from] item: Leftovers
|-damage|p2a: Ferrothorn|86/100 brn|[from] brn
|upkeep
|turn|89
|
|move|p1a: hypocrite|Moonblast|p2a: Ferrothorn
|-resisted|p2a: Ferrothorn
|-damage|p2a: Ferrothorn|57/100 brn
|-unboost|p2a: Ferrothorn|spa|1
|move|p2a: Ferrothorn|Spikes||[still]
|-fail|p2a: Ferrothorn
|
|-heal|p2a: Ferrothorn|63/100 brn|[from] item: Leftovers
|-damage|p2a: Ferrothorn|57/100 brn|[from] brn
|upkeep
|turn|90
|
|move|p2a: Ferrothorn|Protect|p2a: Ferrothorn
|-singleturn|p2a: Ferrothorn|Protect
|move|p1a: hypocrite|Calm Mind|p1a: hypocrite
|-boost|p1a: hypocrite|spa|1
|-boost|p1a: hypocrite|spd|1
|
|-heal|p2a: Ferrothorn|63/100 brn|[from] item: Leftovers
|-damage|p2a: Ferrothorn|57/100 brn|[from] brn
|upkeep
|turn|91
|
|switch|p2a: Clefable|Clefable, F|100/100
|-damage|p2a: Clefable|88/100|[from] Stealth Rock
|move|p1a: hypocrite|Calm Mind|p1a: hypocrite
|-boost|p1a: hypocrite|spa|1
|-boost|p1a: hypocrite|spd|1
|
|-heal|p2a: Clefable|94/100|[from] item: Leftovers
|upkeep
|turn|92
|
|move|p2a: Clefable|Protect|p2a: Clefable
|-singleturn|p2a: Clefable|Protect
|move|p1a: hypocrite|Calm Mind|p1a: hypocrite
|-boost|p1a: hypocrite|spa|1
|-boost|p1a: hypocrite|spd|1
|
|-heal|p2a: Clefable|99/100|[from] item: Leftovers
|upkeep
|turn|93
|
|move|p1a: hypocrite|Thunderbolt|p2a: Clefable
|-damage|p2a: Clefable|77/100
|move|p2a: Clefable|Moonblast|p1a: hypocrite
|-damage|p1a: hypocrite|56/100 brn
|
|-heal|p2a: Clefable|83/100|[from] item: Leftovers
|upkeep
|turn|94
|
|move|p1a: hypocrite|Thunderbolt|p2a: Clefable
|-damage|p2a: Clefable|61/100
|move|p2a: Clefable|Moonblast|p1a: hypocrite
|-damage|p1a: hypocrite|27/100 brn
|
|-heal|p2a: Clefable|67/100|[from] item: Leftovers
|upkeep
|turn|95
|
|move|p1a: hypocrite|Soft-Boiled|p1a: hypocrite
|-heal|p1a: hypocrite|77/100 brn
|move|p2a: Clefable|Moonblast|p1a: hypocrite
|-damage|p1a: hypocrite|48/100 brn
|
|-heal|p2a: Clefable|73/100|[from] item: Leftovers
|upkeep
|turn|96
|
|move|p1a: hypocrite|Soft-Boiled|p1a: hypocrite
|-heal|p1a: hypocrite|98/100 brn
|move|p2a: Clefable|Moonblast|p1a: hypocrite
|-damage|p1a: hypocrite|65/100 brn
|
|-heal|p2a: Clefable|79/100|[from] item: Leftovers
|upkeep
|turn|97
|
|move|p1a: hypocrite|Moonblast|p2a: Clefable
|-damage|p2a: Clefable|44/100
|-unboost|p2a: Clefable|spa|1
|move|p2a: Clefable|Moonblast|p1a: hypocrite
|-damage|p1a: hypocrite|43/100 brn
|
|-heal|p2a: Clefable|50/100|[from] item: Leftovers
|upkeep
|turn|98
|
|move|p1a: hypocrite|Soft-Boiled|p1a: hypocrite
|-heal|p1a: hypocrite|93/100 brn
|move|p2a: Clefable|Wish|p2a: Clefable
|
|-heal|p2a: Clefable|56/100|[from] item: Leftovers
|upkeep
|turn|99
|
|move|p1a: hypocrite|Calm Mind|p1a: hypocrite
|-boost|p1a: hypocrite|spa|0
|-boost|p1a: hypocrite|spd|0
|move|p2a: Clefable|Moonblast|p1a: hypocrite
|-damage|p1a: hypocrite|74/100 brn
|
|-heal|p2a: Clefable|100/100|[from] move: Wish|[wisher] Clefable
|upkeep
|turn|100
|
|move|p1a: hypocrite|Thunderbolt|p2a: Clefable
|-damage|p2a: Clefable|80/100
|move|p2a: Clefable|Aromatherapy|p2a: Clefable
|-activate|p2a: Clefable|move: Aromatherapy
|-curestatus|p2: Ferrothorn|brn|[msg]
|-curestatus|p2: Seismitoad|tox|[msg]
|
|-heal|p2a: Clefable|87/100|[from] item: Leftovers
|upkeep
|turn|101
|
|move|p2a: Clefable|Protect|p2a: Clefable
|-singleturn|p2a: Clefable|Protect
|move|p1a: hypocrite|Thunderbolt|p2a: Clefable
|-activate|p2a: Clefable|move: Protect
|
|-heal|p2a: Clefable|93/100|[from] item: Leftovers
|upkeep
|turn|102
|
|move|p1a: hypocrite|Thunderbolt|p2a: Clefable
|-damage|p2a: Clefable|71/100
|move|p2a: Clefable|Moonblast|p1a: hypocrite
|-damage|p1a: hypocrite|54/100 brn
|
|-heal|p2a: Clefable|77/100|[from] item: Leftovers
|upkeep
|turn|103
|
|move|p1a: hypocrite|Soft-Boiled|p1a: hypocrite
|-heal|p1a: hypocrite|100/100 brn
|move|p2a: Clefable|Moonblast|p1a: hypocrite
|-damage|p1a: hypocrite|82/100 brn
|-unboost|p1a: hypocrite|spa|1
|
|-heal|p2a: Clefable|83/100|[from] item: Leftovers
|upkeep
|turn|104
|
|move|p2a: Clefable|Protect|p2a: Clefable
|-singleturn|p2a: Clefable|Protect
|move|p1a: hypocrite|Calm Mind|p1a: hypocrite
|-boost|p1a: hypocrite|spa|1
|-boost|p1a: hypocrite|spd|0
|
|-heal|p2a: Clefable|89/100|[from] item: Leftovers
|upkeep
|turn|105
|
|move|p1a: hypocrite|Thunderbolt|p2a: Clefable
|-damage|p2a: Clefable|69/100
|move|p2a: Clefable|Moonblast|p1a: hypocrite
|-damage|p1a: hypocrite|61/100 brn
|
|-heal|p2a: Clefable|75/100|[from] item: Leftovers
|upkeep
|turn|106
|inactive|JoeyOwesMeMoney has 120 seconds left.
|
|move|p2a: Clefable|Protect|p2a: Clefable
|-singleturn|p2a: Clefable|Protect
|move|p1a: hypocrite|Soft-Boiled|p1a: hypocrite
|-heal|p1a: hypocrite|100/100 brn
|
|-heal|p2a: Clefable|81/100|[from] item: Leftovers
|upkeep
|turn|107
|
|move|p2a: Clefable|Protect||[still]
|-fail|p2a: Clefable
|move|p1a: hypocrite|Thunderbolt|p2a: Clefable
|-damage|p2a: Clefable|59/100
|
|-heal|p2a: Clefable|65/100|[from] item: Leftovers
|upkeep
|turn|108
|
|move|p2a: Clefable|Protect|p2a: Clefable
|-singleturn|p2a: Clefable|Protect
|move|p1a: hypocrite|Calm Mind|p1a: hypocrite
|-boost|p1a: hypocrite|spa|0
|-boost|p1a: hypocrite|spd|0
|
|-heal|p2a: Clefable|71/100|[from] item: Leftovers
|upkeep
|turn|109
|
|move|p2a: Clefable|Protect||[still]
|-fail|p2a: Clefable
|move|p1a: hypocrite|Calm Mind|p1a: hypocrite
|-boost|p1a: hypocrite|spa|0
|-boost|p1a: hypocrite|spd|0
|
|-heal|p2a: Clefable|77/100|[from] item: Leftovers
|upkeep
|turn|110
|inactive|JoeyOwesMeMoney has 90 seconds left.
|
|move|p1a: hypocrite|Moonblast|p2a: Clefable
|-damage|p2a: Clefable|42/100
|move|p2a: Clefable|Aromatherapy||[still]
|-activate|p2a: Clefable|move: Aromatherapy
|-fail|p2a: Clefable
|
|-heal|p2a: Clefable|48/100|[from] item: Leftovers
|upkeep
|turn|111
|
|move|p1a: hypocrite|Calm Mind|p1a: hypocrite
|-boost|p1a: hypocrite|spa|0
|-boost|p1a: hypocrite|spd|0
|move|p2a: Clefable|Wish|p2a: Clefable
|
|-heal|p2a: Clefable|54/100|[from] item: Leftovers
|upkeep
|turn|112
|
|switch|p2a: Ferrothorn|Ferrothorn, M|57/100
|-damage|p2a: Ferrothorn|51/100|[from] Stealth Rock
|move|p1a: hypocrite|Calm Mind|p1a: hypocrite
|-boost|p1a: hypocrite|spa|0
|-boost|p1a: hypocrite|spd|0
|
|-heal|p2a: Ferrothorn|100/100|[from] move: Wish|[wisher] Clefable
|upkeep
|turn|113
|
|move|p2a: Ferrothorn|Protect|p2a: Ferrothorn
|-singleturn|p2a: Ferrothorn|Protect
|move|p1a: hypocrite|Calm Mind|p1a: hypocrite
|-boost|p1a: hypocrite|spa|0
|-boost|p1a: hypocrite|spd|0
|
|upkeep
|turn|114
|
|switch|p2a: Clefable|Clefable, F|54/100
|-damage|p2a: Clefable|42/100|[from] Stealth Rock
|move|p1a: hypocrite|Moonblast|p2a: Clefable
|-damage|p2a: Clefable|10/100
|-unboost|p2a: Clefable|spa|1
|
|-heal|p2a: Clefable|16/100|[from] item: Leftovers
|upkeep
|turn|115
|
|switch|p2a: Seismitoad|Seismitoad, F|88/100
|-damage|p2a: Seismitoad|82/100|[from] Stealth Rock
|move|p1a: hypocrite|Thunderbolt|p2a: Seismitoad
|-immune|p2a: Seismitoad
|
|-heal|p2a: Seismitoad|88/100|[from] item: Leftovers
|upkeep
|turn|116
|inactive|JoeyOwesMeMoney has 60 seconds left.
|
|switch|p2a: Ferrothorn|Ferrothorn, M|100/100
|-damage|p2a: Ferrothorn|95/100|[from] Stealth Rock
|move|p1a: hypocrite|Thunderbolt|p2a: Ferrothorn
|-resisted|p2a: Ferrothorn
|-damage|p2a: Ferrothorn|65/100
|
|-heal|p2a: Ferrothorn|71/100|[from] item: Leftovers
|upkeep
|turn|117
|
|switch|p1a: irrationallty m8|Mandibuzz, F|62/100 brn
|-damage|p1a: irrationallty m8|38/100 brn|[from] Stealth Rock
|move|p2a: Ferrothorn|Protect||[still]
|-fail|p2a: Ferrothorn
|
|-heal|p2a: Ferrothorn|77/100|[from] item: Leftovers
|-damage|p1a: irrationallty m8|31/100 brn|[from] brn
|upkeep
|turn|118
|
|move|p1a: irrationallty m8|Roost|p1a: irrationallty m8
|-heal|p1a: irrationallty m8|82/100 brn
|-singleturn|p1a: irrationallty m8|move: Roost
|move|p2a: Ferrothorn|Leech Seed|p1a: irrationallty m8
|-start|p1a: irrationallty m8|move: Leech Seed
|
|-heal|p2a: Ferrothorn|83/100|[from] item: Leftovers
|-damage|p1a: irrationallty m8|69/100 brn|[from] Leech Seed|[of] p2a: Ferrothorn
|-heal|p2a: Ferrothorn|98/100|[silent]
|-damage|p1a: irrationallty m8|63/100 brn|[from] brn
|upkeep
|turn|119
|
|switch|p2a: Clefable|Clefable, F|16/100
|-damage|p2a: Clefable|4/100|[from] Stealth Rock
|move|p1a: irrationallty m8|Roost|p1a: irrationallty m8
|-heal|p1a: irrationallty m8|100/100 brn
|-singleturn|p1a: irrationallty m8|move: Roost
|
|-heal|p2a: Clefable|10/100|[from] item: Leftovers
|-damage|p1a: irrationallty m8|88/100 brn|[from] Leech Seed|[of] p2a: Clefable
|-heal|p2a: Clefable|23/100|[silent]
|-damage|p1a: irrationallty m8|82/100 brn|[from] brn
|upkeep
|turn|120
|inactive|JoeyOwesMeMoney has 30 seconds left.
|j| HeavenStar
|inactive|JoeyOwesMeMoney has 20 seconds left.
|
|switch|p2a: Toxapex|Toxapex, F|100/100
|-damage|p2a: Toxapex|88/100|[from] Stealth Rock
|move|p1a: irrationallty m8|Defog|p2a: Toxapex
|-unboost|p2a: Toxapex|evasion|1
|-sideend|p2: JoeyOwesMeMoney|Stealth Rock|[from] move: Defog|[of] p1a: irrationallty m8
|-sideend|p1: A|Spikes|[from] move: Defog|[of] p1a: irrationallty m8
|-sideend|p1: A|Stealth Rock|[from] move: Defog|[of] p1a: irrationallty m8
|
|-damage|p1a: irrationallty m8|70/100 brn|[from] Leech Seed|[of] p2a: Toxapex
|-heal|p2a: Toxapex|100/100|[silent]
|-damage|p1a: irrationallty m8|64/100 brn|[from] brn
|upkeep
|turn|121
|inactive|JoeyOwesMeMoney has 25 seconds left this turn.
|inactive|JoeyOwesMeMoney has 20 seconds left.
|
|switch|p1a: epic games|Kommo-o, M|99/100
|switch|p2a: Ferrothorn|Ferrothorn, M|98/100
|
|-heal|p1a: epic games|100/100|[from] item: Leftovers
|-heal|p2a: Ferrothorn|100/100|[from] item: Leftovers
|upkeep
|turn|122
|inactive|JoeyOwesMeMoney has 25 seconds left this turn.
|
|switch|p2a: Corviknight|Corviknight, M|100/100
|-ability|p2a: Corviknight|Pressure
|move|p1a: epic games|Flamethrower|p2a: Corviknight
|-supereffective|p2a: Corviknight
|-damage|p2a: Corviknight|60/100
|
|upkeep
|turn|123
|inactive|JoeyOwesMeMoney has 30 seconds left this turn.
|
|switch|p2a: Toxapex|Toxapex, F|100/100
|move|p1a: epic games|Body Press|p2a: Toxapex
|-resisted|p2a: Toxapex
|-damage|p2a: Toxapex|86/100
|
|upkeep
|turn|124
|inactive|JoeyOwesMeMoney has 30 seconds left this turn.
|
|move|p1a: epic games|Protect|p1a: epic games
|-singleturn|p1a: epic games|Protect
|move|p2a: Toxapex|Scald|p1a: epic games
|-activate|p1a: epic games|move: Protect
|
|upkeep
|turn|125
|
|move|p1a: epic games|Stealth Rock|p2a: Toxapex
|-sidestart|p2: JoeyOwesMeMoney|move: Stealth Rock
|move|p2a: Toxapex|Scald|p1a: epic games
|-resisted|p1a: epic games
|-damage|p1a: epic games|94/100
|
|-heal|p1a: epic games|99/100|[from] item: Leftovers
|upkeep
|turn|126
|
|move|p1a: epic games|Protect|p1a: epic games
|-singleturn|p1a: epic games|Protect
|move|p2a: Toxapex|Scald|p1a: epic games
|-activate|p1a: epic games|move: Protect
|
|-heal|p1a: epic games|100/100|[from] item: Leftovers
|upkeep
|turn|127
|
|switch|p1a: hypocrite|Clefable, F, shiny|100/100 brn
|move|p2a: Toxapex|Scald|p1a: hypocrite
|-damage|p1a: hypocrite|83/100 brn
|
|upkeep
|turn|128
|
|switch|p1a: epic games|Kommo-o, M|100/100
|switch|p2a: Ferrothorn|Ferrothorn, M|100/100
|-damage|p2a: Ferrothorn|95/100|[from] Stealth Rock
|
|-heal|p2a: Ferrothorn|100/100|[from] item: Leftovers
|upkeep
|turn|129
|
|switch|p2a: Toxapex|Toxapex, F|100/100
|-damage|p2a: Toxapex|88/100|[from] Stealth Rock
|move|p1a: epic games|Flamethrower|p2a: Toxapex
|-resisted|p2a: Toxapex
|-damage|p2a: Toxapex|80/100
|
|upkeep
|turn|130
|
|move|p1a: epic games|Protect|p1a: epic games
|-singleturn|p1a: epic games|Protect
|move|p2a: Toxapex|Scald|p1a: epic games
|-activate|p1a: epic games|move: Protect
|
|upkeep
|turn|131
|
|switch|p1a: the chungus|Toxapex, M, shiny|100/100 brn
|move|p2a: Toxapex|Scald|p1a: the chungus
|-resisted|p1a: the chungus
|-damage|p1a: the chungus|94/100 brn
|
|-damage|p1a: the chungus|88/100 brn|[from] brn
|upkeep
|turn|132
|
|switch|p2a: Ferrothorn|Ferrothorn, M|100/100
|-damage|p2a: Ferrothorn|95/100|[from] Stealth Rock
|move|p1a: the chungus|Toxic|p2a: Ferrothorn
|-immune|p2a: Ferrothorn
|
|-heal|p2a: Ferrothorn|100/100|[from] item: Leftovers
|-damage|p1a: the chungus|82/100 brn|[from] brn
|upkeep
|turn|133
|
|switch|p1a: epic games|Kommo-o, M|100/100
|move|p2a: Ferrothorn|Protect||[still]
|-fail|p2a: Ferrothorn
|
|upkeep
|turn|134
|
|switch|p2a: Toxapex|Toxapex, F|100/100
|-damage|p2a: Toxapex|88/100|[from] Stealth Rock
|move|p1a: epic games|Body Press|p2a: Toxapex
|-resisted|p2a: Toxapex
|-damage|p2a: Toxapex|76/100
|
|upkeep
|turn|135
|
|move|p1a: epic games|Protect|p1a: epic games
|-singleturn|p1a: epic games|Protect
|move|p2a: Toxapex|Toxic Spikes|p1a: epic games
|-sidestart|p1: A|move: Toxic Spikes
|
|upkeep
|turn|136
|
|move|p1a: epic games|Flamethrower|p2a: Toxapex
|-resisted|p2a: Toxapex
|-damage|p2a: Toxapex|68/100
|move|p2a: Toxapex|Toxic Spikes|p1a: epic games
|-sidestart|p1: A|move: Toxic Spikes
|
|upkeep
|turn|137
|
|move|p1a: epic games|Flamethrower|p2a: Toxapex
|-resisted|p2a: Toxapex
|-damage|p2a: Toxapex|59/100
|move|p2a: Toxapex|Toxic Spikes||[still]
|-fail|p2a: Toxapex
|
|upkeep
|turn|138
|
|move|p1a: epic games|Body Press|p2a: Toxapex
|-resisted|p2a: Toxapex
|-damage|p2a: Toxapex|46/100
|move|p2a: Toxapex|Toxic Spikes||[still]
|-fail|p2a: Toxapex
|
|upkeep
|turn|139
|
|switch|p2a: Seismitoad|Seismitoad, F|88/100
|-damage|p2a: Seismitoad|82/100|[from] Stealth Rock
|move|p1a: epic games|Body Press|p2a: Seismitoad
|-damage|p2a: Seismitoad|50/100
|
|-heal|p2a: Seismitoad|56/100|[from] item: Leftovers
|upkeep
|turn|140
|
|switch|p2a: Toxapex|Toxapex, F|79/100
|-damage|p2a: Toxapex|67/100|[from] Stealth Rock
|move|p1a: epic games|Body Press|p2a: Toxapex
|-resisted|p2a: Toxapex
|-damage|p2a: Toxapex|53/100
|
|upkeep
|turn|141
|
|switch|p1a: the chungus|Toxapex, M, shiny|100/100 brn
|-sideend|p1: A|move: Toxic Spikes|[of] p1a: the chungus
|move|p2a: Toxapex|Scald|p1a: the chungus
|-resisted|p1a: the chungus
|-damage|p1a: the chungus|94/100 brn
|
|-damage|p1a: the chungus|88/100 brn|[from] brn
|upkeep
|turn|142
|inactive|JoeyOwesMeMoney has 90 seconds left.
|
|switch|p2a: Ferrothorn|Ferrothorn, M|100/100
|-damage|p2a: Ferrothorn|95/100|[from] Stealth Rock
|move|p1a: the chungus|Scald|p2a: Ferrothorn
|-resisted|p2a: Ferrothorn
|-damage|p2a: Ferrothorn|89/100
|
|-heal|p2a: Ferrothorn|95/100|[from] item: Leftovers
|-damage|p1a: the chungus|82/100 brn|[from] brn
|upkeep
|turn|143
|
|move|p1a: the chungus|Scald|p2a: Ferrothorn
|-resisted|p2a: Ferrothorn
|-damage|p2a: Ferrothorn|90/100
|move|p2a: Ferrothorn|Leech Seed|p1a: the chungus
|-start|p1a: the chungus|move: Leech Seed
|
|-heal|p2a: Ferrothorn|96/100|[from] item: Leftovers
|-damage|p1a: the chungus|69/100 brn|[from] Leech Seed|[of] p2a: Ferrothorn
|-heal|p2a: Ferrothorn|100/100|[silent]
|-damage|p1a: the chungus|63/100 brn|[from] brn
|upkeep
|turn|144
|
|move|p1a: the chungus|Recover|p1a: the chungus
|-heal|p1a: the chungus|100/100 brn
|move|p2a: Ferrothorn|Knock Off|p1a: the chungus
|-damage|p1a: the chungus|91/100 brn
|
|-damage|p1a: the chungus|79/100 brn|[from] Leech Seed|[of] p2a: Ferrothorn
|-damage|p1a: the chungus|73/100 brn|[from] brn
|upkeep
|turn|145
|
|switch|p2a: Seismitoad|Seismitoad, F|56/100
|-damage|p2a: Seismitoad|50/100|[from] Stealth Rock
|move|p1a: the chungus|Scald|p2a: Seismitoad
|-heal|p2a: Seismitoad|75/100|[from] ability: Water Absorb|[of] p1a: the chungus
|
|-heal|p2a: Seismitoad|81/100|[from] item: Leftovers
|-damage|p1a: the chungus|61/100 brn|[from] Leech Seed|[of] p2a: Seismitoad
|-heal|p2a: Seismitoad|90/100|[silent]
|-damage|p1a: the chungus|55/100 brn|[from] brn
|upkeep
|turn|146
|
|switch|p2a: Toxapex|Toxapex, F|86/100
|-damage|p2a: Toxapex|74/100|[from] Stealth Rock
|move|p1a: the chungus|Toxic|p2a: Toxapex
|-immune|p2a: Toxapex
|
|-damage|p1a: the chungus|42/100 brn|[from] Leech Seed|[of] p2a: Toxapex
|-heal|p2a: Toxapex|86/100|[silent]
|-damage|p1a: the chungus|36/100 brn|[from] brn
|upkeep
|turn|147
|
|move|p2a: Toxapex|Toxic Spikes|p1a: the chungus
|-sidestart|p1: A|move: Toxic Spikes
|move|p1a: the chungus|Recover|p1a: the chungus
|-heal|p1a: the chungus|87/100 brn
|
|-damage|p1a: the chungus|74/100 brn|[from] Leech Seed|[of] p2a: Toxapex
|-heal|p2a: Toxapex|99/100|[silent]
|-damage|p1a: the chungus|68/100 brn|[from] brn
|upkeep
|turn|148
|
|switch|p2a: Tyranitar|Tyranitar, M|100/100
|-damage|p2a: Tyranitar|88/100|[from] Stealth Rock
|-weather|Sandstorm|[from] ability: Sand Stream|[of] p2a: Tyranitar
|switch|p1a: cool laddy|Jirachi, shiny|81/100
|
|-weather|Sandstorm|[upkeep]
|upkeep
|turn|149
|
|switch|p2a: Corviknight|Corviknight, M|60/100
|-damage|p2a: Corviknight|48/100|[from] Stealth Rock
|-ability|p2a: Corviknight|Pressure
|move|p1a: cool laddy|U-turn|p2a: Corviknight
|-resisted|p2a: Corviknight
|-damage|p2a: Corviknight|46/100
|-damage|p1a: cool laddy|65/100|[from] item: Rocky Helmet|[of] p2a: Corviknight
|
|switch|p1a: yeah boii|Rotom-Mow, shiny|88/100|[from]move: U-turn
|
|-weather|Sandstorm|[upkeep]
|-damage|p1a: yeah boii|82/100|[from] Sandstorm
|-damage|p1a: yeah boii|70/100|[from] item: Black Sludge
|upkeep
|turn|150
|
|switch|p2a: Ferrothorn|Ferrothorn, M|100/100
|-damage|p2a: Ferrothorn|95/100|[from] Stealth Rock
|move|p1a: yeah boii|Volt Switch|p2a: Ferrothorn
|-resisted|p2a: Ferrothorn
|-damage|p2a: Ferrothorn|85/100
|
|switch|p1a: the chungus|Toxapex, M, shiny|100/100 brn|[from]move: Volt Switch
|-sideend|p1: A|move: Toxic Spikes|[of] p1a: the chungus
|
|-weather|Sandstorm|[upkeep]
|-damage|p1a: the chungus|95/100 brn|[from] Sandstorm
|-heal|p2a: Ferrothorn|91/100|[from] item: Leftovers
|-damage|p1a: the chungus|89/100 brn|[from] brn
|upkeep
|turn|151
|
|switch|p1a: epic games|Kommo-o, M|100/100
|switch|p2a: Corviknight|Corviknight, M|46/100
|-damage|p2a: Corviknight|33/100|[from] Stealth Rock
|-ability|p2a: Corviknight|Pressure
|
|-weather|Sandstorm|[upkeep]
|-damage|p1a: epic games|94/100|[from] Sandstorm
|-heal|p1a: epic games|100/100|[from] item: Leftovers
|upkeep
|turn|152
|
|move|p1a: epic games|Body Press|p2a: Corviknight
|-damage|p2a: Corviknight|6/100
|-damage|p1a: epic games|84/100|[from] item: Rocky Helmet|[of] p2a: Corviknight
|move|p2a: Corviknight|Roost|p2a: Corviknight
|-heal|p2a: Corviknight|56/100
|-singleturn|p2a: Corviknight|move: Roost
|
|-weather|none
|-heal|p1a: epic games|90/100|[from] item: Leftovers
|upkeep
|turn|153
|
|move|p1a: epic games|Flamethrower|p2a: Corviknight
|-supereffective|p2a: Corviknight
|-damage|p2a: Corviknight|15/100
|move|p2a: Corviknight|Roost|p2a: Corviknight
|-heal|p2a: Corviknight|65/100
|-singleturn|p2a: Corviknight|move: Roost
|
|-heal|p1a: epic games|96/100|[from] item: Leftovers
|upkeep
|turn|154
|
|move|p1a: epic games|Flamethrower|p2a: Corviknight
|-supereffective|p2a: Corviknight
|-damage|p2a: Corviknight|21/100
|move|p2a: Corviknight|Roost|p2a: Corviknight
|-heal|p2a: Corviknight|71/100
|-singleturn|p2a: Corviknight|move: Roost
|
|-heal|p1a: epic games|100/100|[from] item: Leftovers
|upkeep
|turn|155
|
|move|p1a: epic games|Flamethrower|p2a: Corviknight
|-supereffective|p2a: Corviknight
|-damage|p2a: Corviknight|32/100
|move|p2a: Corviknight|Roost|p2a: Corviknight
|-heal|p2a: Corviknight|82/100
|-singleturn|p2a: Corviknight|move: Roost
|
|upkeep
|turn|156
|
|switch|p1a: cool laddy|Jirachi, shiny|65/100
|move|p2a: Corviknight|Roost|p2a: Corviknight
|-heal|p2a: Corviknight|100/100
|-singleturn|p2a: Corviknight|move: Roost
|
|upkeep
|turn|157
|
|switch|p2a: Toxapex|Toxapex, F|100/100
|-damage|p2a: Toxapex|88/100|[from] Stealth Rock
|move|p1a: cool laddy|Trick|p2a: Toxapex
|-activate|p1a: cool laddy|move: Trick|[of] p2a: Toxapex
|-item|p2a: Toxapex|Choice Scarf|[from] move: Trick
|-item|p1a: cool laddy|Choice Scarf|[from] move: Trick
|
|upkeep
|turn|158
|
|switch|p1a: epic games|Kommo-o, M|100/100
|move|p2a: Toxapex|Toxic Spikes|p1a: epic games
|-sidestart|p1: A|move: Toxic Spikes
|
|upkeep
|turn|159
|
|switch|p1a: cool laddy|Jirachi, shiny|65/100
|switch|p2a: Corviknight|Corviknight, M|100/100
|-damage|p2a: Corviknight|88/100|[from] Stealth Rock
|-ability|p2a: Corviknight|Pressure
|
|upkeep
|turn|160
|
|switch|p2a: Toxapex|Toxapex, F|100/100
|-damage|p2a: Toxapex|88/100|[from] Stealth Rock
|move|p1a: cool laddy|Thunder Wave|p2a: Toxapex|[miss]
|-miss|p1a: cool laddy|p2a: Toxapex
|
|upkeep
|turn|161
|
|switch|p2a: Corviknight|Corviknight, M|88/100
|-damage|p2a: Corviknight|76/100|[from] Stealth Rock
|-ability|p2a: Corviknight|Pressure
|move|p1a: cool laddy|Thunder Wave|p2a: Corviknight
|-status|p2a: Corviknight|par
|
|upkeep
|turn|162
|
|switch|p1a: the chungus|Toxapex, M, shiny|100/100 brn
|-sideend|p1: A|move: Toxic Spikes|[of] p1a: the chungus
|move|p2a: Corviknight|Defog|p1a: the chungus
|-unboost|p1a: the chungus|evasion|1
|-sideend|p2: JoeyOwesMeMoney|Stealth Rock|[from] move: Defog|[of] p2a: Corviknight
|
|-damage|p1a: the chungus|95/100 brn|[from] brn
|upkeep
|turn|163
|
|switch|p2a: Toxapex|Toxapex, F|100/100
|move|p1a: the chungus|Toxic|p2a: Toxapex
|-immune|p2a: Toxapex
|
|-damage|p1a: the chungus|89/100 brn|[from] brn
|upkeep
|turn|164
|
|switch|p1a: epic games|Kommo-o, M|100/100
|move|p2a: Toxapex|Toxic Spikes|p1a: epic games
|-sidestart|p1: A|move: Toxic Spikes
|
|upkeep
|turn|165
|
|switch|p2a: Clefable|Clefable, F|23/100
|move|p1a: epic games|Stealth Rock|p2a: Clefable
|-sidestart|p2: JoeyOwesMeMoney|move: Stealth Rock
|
|-heal|p2a: Clefable|29/100|[from] item: Leftovers
|upkeep
|turn|166
|
|move|p1a: epic games|Flamethrower|p2a: Clefable
|-damage|p2a: Clefable|11/100
|move|p2a: Clefable|Aromatherapy|p2a: Clefable
|-activate|p2a: Clefable|move: Aromatherapy
|-curestatus|p2: Corviknight|par|[msg]
|
|-heal|p2a: Clefable|17/100|[from] item: Leftovers
|upkeep
|turn|167
|
|switch|p2a: Toxapex|Toxapex, F|100/100
|-damage|p2a: Toxapex|88/100|[from] Stealth Rock
|move|p1a: epic games|Body Press|p2a: Toxapex
|-resisted|p2a: Toxapex
|-damage|p2a: Toxapex|74/100
|
|upkeep
|turn|168
|
|switch|p1a: the chungus|Toxapex, M, shiny|100/100 brn
|-sideend|p1: A|move: Toxic Spikes|[of] p1a: the chungus
|move|p2a: Toxapex|Toxic Spikes|p1a: the chungus
|-sidestart|p1: A|move: Toxic Spikes
|
|-damage|p1a: the chungus|95/100 brn|[from] brn
|upkeep
|turn|169
|inactive|JoeyOwesMeMoney has 120 seconds left.
|
|switch|p2a: Ferrothorn|Ferrothorn, M|91/100
|-damage|p2a: Ferrothorn|85/100|[from] Stealth Rock
|move|p1a: the chungus|Scald|p2a: Ferrothorn
|-resisted|p2a: Ferrothorn
|-damage|p2a: Ferrothorn|80/100
|
|-heal|p2a: Ferrothorn|86/100|[from] item: Leftovers
|-damage|p1a: the chungus|89/100 brn|[from] brn
|upkeep
|turn|170
|j| pat and pending
|
|move|p1a: the chungus|Scald|p2a: Ferrothorn
|-resisted|p2a: Ferrothorn
|-damage|p2a: Ferrothorn|81/100
|-status|p2a: Ferrothorn|brn
|move|p2a: Ferrothorn|Leech Seed|p1a: the chungus
|-start|p1a: the chungus|move: Leech Seed
|
|-heal|p2a: Ferrothorn|87/100 brn|[from] item: Leftovers
|-damage|p1a: the chungus|76/100 brn|[from] Leech Seed|[of] p2a: Ferrothorn
|-heal|p2a: Ferrothorn|98/100 brn|[silent]
|-damage|p1a: the chungus|70/100 brn|[from] brn
|-damage|p2a: Ferrothorn|92/100 brn|[from] brn
|upkeep
|turn|171
|
|switch|p1a: irrationallty m8|Mandibuzz, F|64/100 brn
|move|p2a: Ferrothorn|Knock Off|p1a: irrationallty m8
|-resisted|p1a: irrationallty m8
|-damage|p1a: irrationallty m8|61/100 brn
|
|-heal|p2a: Ferrothorn|98/100 brn|[from] item: Leftovers
|-damage|p1a: irrationallty m8|55/100 brn|[from] brn
|-damage|p2a: Ferrothorn|92/100 brn|[from] brn
|upkeep
|turn|172
|
|move|p1a: irrationallty m8|Roost|p1a: irrationallty m8
|-heal|p1a: irrationallty m8|100/100 brn
|-singleturn|p1a: irrationallty m8|move: Roost
|move|p2a: Ferrothorn|Leech Seed|p1a: irrationallty m8
|-start|p1a: irrationallty m8|move: Leech Seed
|
|-heal|p2a: Ferrothorn|98/100 brn|[from] item: Leftovers
|-damage|p1a: irrationallty m8|88/100 brn|[from] Leech Seed|[of] p2a: Ferrothorn
|-heal|p2a: Ferrothorn|100/100 brn|[silent]
|-damage|p1a: irrationallty m8|82/100 brn|[from] brn
|-damage|p2a: Ferrothorn|95/100 brn|[from] brn
|upkeep
|turn|173
|
|switch|p1a: the chungus|Toxapex, M, shiny|100/100 brn
|-sideend|p1: A|move: Toxic Spikes|[of] p1a: the chungus
|move|p2a: Ferrothorn|Leech Seed|p1a: the chungus
|-start|p1a: the chungus|move: Leech Seed
|
|-heal|p2a: Ferrothorn|100/100 brn|[from] item: Leftovers
|-damage|p1a: the chungus|88/100 brn|[from] Leech Seed|[of] p2a: Ferrothorn
|-damage|p1a: the chungus|82/100 brn|[from] brn
|-damage|p2a: Ferrothorn|95/100 brn|[from] brn
|upkeep
|turn|174
|
|switch|p1a: irrationallty m8|Mandibuzz, F|82/100 brn
|move|p2a: Ferrothorn|Spikes|p1a: irrationallty m8
|-sidestart|p1: A|Spikes
|
|-heal|p2a: Ferrothorn|100/100 brn|[from] item: Leftovers
|-damage|p1a: irrationallty m8|76/100 brn|[from] brn
|-damage|p2a: Ferrothorn|95/100 brn|[from] brn
|upkeep
|turn|175
|
|switch|p1a: epic games|Kommo-o, M|100/100
|-damage|p1a: epic games|88/100|[from] Spikes
|move|p2a: Ferrothorn|Spikes|p1a: epic games
|-sidestart|p1: A|Spikes
|
|-heal|p1a: epic games|94/100|[from] item: Leftovers
|-heal|p2a: Ferrothorn|100/100 brn|[from] item: Leftovers
|-damage|p2a: Ferrothorn|95/100 brn|[from] brn
|upkeep
|turn|176
|
|move|p2a: Ferrothorn|Protect|p2a: Ferrothorn
|-singleturn|p2a: Ferrothorn|Protect
|move|p1a: epic games|Flamethrower|p2a: Ferrothorn
|-activate|p2a: Ferrothorn|move: Protect
|
|-heal|p1a: epic games|99/100|[from] item: Leftovers
|-heal|p2a: Ferrothorn|100/100 brn|[from] item: Leftovers
|-damage|p2a: Ferrothorn|95/100 brn|[from] brn
|upkeep
|turn|177
|
|switch|p2a: Toxapex|Toxapex, F|100/100
|-damage|p2a: Toxapex|88/100|[from] Stealth Rock
|move|p1a: epic games|Flamethrower|p2a: Toxapex
|-resisted|p2a: Toxapex
|-damage|p2a: Toxapex|79/100
|
|-heal|p1a: epic games|100/100|[from] item: Leftovers
|upkeep
|turn|178
|l| pat and pending
|
|switch|p1a: irrationallty m8|Mandibuzz, F|76/100 brn
|move|p2a: Toxapex|Scald|p1a: irrationallty m8
|-damage|p1a: irrationallty m8|65/100 brn
|
|-damage|p1a: irrationallty m8|59/100 brn|[from] brn
|upkeep
|turn|179
|
|switch|p2a: Corviknight|Corviknight, M|76/100
|-damage|p2a: Corviknight|64/100|[from] Stealth Rock
|-ability|p2a: Corviknight|Pressure
|move|p1a: irrationallty m8|Roost|p1a: irrationallty m8
|-heal|p1a: irrationallty m8|100/100 brn
|-singleturn|p1a: irrationallty m8|move: Roost
|
|-damage|p1a: irrationallty m8|94/100 brn|[from] brn
|upkeep
|turn|180
|
|move|p1a: irrationallty m8|Defog|p2a: Corviknight
|-unboost|p2a: Corviknight|evasion|1
|-sideend|p2: JoeyOwesMeMoney|Stealth Rock|[from] move: Defog|[of] p1a: irrationallty m8
|-sideend|p1: A|Spikes|[from] move: Defog|[of] p1a: irrationallty m8
|move|p2a: Corviknight|Roost|p2a: Corviknight
|-heal|p2a: Corviknight|100/100
|-singleturn|p2a: Corviknight|move: Roost
|
|-damage|p1a: irrationallty m8|88/100 brn|[from] brn
|upkeep
|turn|181
|
|switch|p1a: epic games|Kommo-o, M|100/100
|switch|p2a: Clefable|Clefable, F|17/100
|
|-heal|p2a: Clefable|23/100|[from] item: Leftovers
|upkeep
|turn|182
|
|switch|p2a: Corviknight|Corviknight, M|100/100
|-ability|p2a: Corviknight|Pressure
|move|p1a: epic games|Stealth Rock|p2a: Corviknight
|-sidestart|p2: JoeyOwesMeMoney|move: Stealth Rock
|
|upkeep
|turn|183
|
|move|p1a: epic games|Protect|p1a: epic games
|-singleturn|p1a: epic games|Protect
|move|p2a: Corviknight|Defog|p1a: epic games
|-activate|p1a: epic games|move: Protect
|
|upkeep
|turn|184
|
|switch|p1a: cool laddy|Jirachi, shiny|65/100
|move|p2a: Corviknight|Defog|p1a: cool laddy
|-unboost|p1a: cool laddy|evasion|1
|-sideend|p2: JoeyOwesMeMoney|Stealth Rock|[from] move: Defog|[of] p2a: Corviknight
|
|upkeep
|turn|185
|
|switch|p2a: Toxapex|Toxapex, F|100/100
|move|p1a: cool laddy|Thunder Wave|p2a: Toxapex
|-status|p2a: Toxapex|par
|
|upkeep
|turn|186
|
|switch|p1a: the chungus|Toxapex, M, shiny|100/100 brn
|cant|p2a: Toxapex|par
|
|-damage|p1a: the chungus|95/100 brn|[from] brn
|upkeep
|turn|187
|
|switch|p1a: epic games|Kommo-o, M|100/100
|switch|p2a: Ferrothorn|Ferrothorn, M|95/100 brn
|
|-heal|p2a: Ferrothorn|100/100 brn|[from] item: Leftovers
|-damage|p2a: Ferrothorn|95/100 brn|[from] brn
|upkeep
|turn|188
|
|switch|p2a: Corviknight|Corviknight, M|100/100
|-ability|p2a: Corviknight|Pressure
|move|p1a: epic games|Stealth Rock|p2a: Corviknight
|-sidestart|p2: JoeyOwesMeMoney|move: Stealth Rock
|
|upkeep
|turn|189
|
|move|p1a: epic games|Flamethrower|p2a: Corviknight
|-supereffective|p2a: Corviknight
|-damage|p2a: Corviknight|59/100
|move|p2a: Corviknight|Defog|p1a: epic games
|-unboost|p1a: epic games|evasion|1
|-sideend|p2: JoeyOwesMeMoney|Stealth Rock|[from] move: Defog|[of] p2a: Corviknight
|
|upkeep
|turn|190
|
|move|p1a: epic games|Stealth Rock|p2a: Corviknight
|-sidestart|p2: JoeyOwesMeMoney|move: Stealth Rock
|move|p2a: Corviknight|Roost|p2a: Corviknight
|-heal|p2a: Corviknight|100/100
|-singleturn|p2a: Corviknight|move: Roost
|
|upkeep
|turn|191
|
|switch|p1a: cool laddy|Jirachi, shiny|65/100
|move|p2a: Corviknight|Defog|p1a: cool laddy
|-unboost|p1a: cool laddy|evasion|1
|-sideend|p2: JoeyOwesMeMoney|Stealth Rock|[from] move: Defog|[of] p2a: Corviknight
|
|upkeep
|turn|192
|
|switch|p2a: Toxapex|Toxapex, F|100/100 par
|move|p1a: cool laddy|U-turn|p2a: Toxapex
|-resisted|p2a: Toxapex
|-damage|p2a: Toxapex|95/100 par
|
|switch|p1a: epic games|Kommo-o, M|100/100|[from]move: U-turn
|
|upkeep
|turn|193
|
|switch|p2a: Corviknight|Corviknight, M|100/100
|-ability|p2a: Corviknight|Pressure
|move|p1a: epic games|Flamethrower|p2a: Corviknight
|-supereffective|p2a: Corviknight
|-damage|p2a: Corviknight|60/100
|
|upkeep
|turn|194
|
|move|p1a: epic games|Flamethrower|p2a: Corviknight
|-supereffective|p2a: Corviknight
|-damage|p2a: Corviknight|18/100
|move|p2a: Corviknight|Roost|p2a: Corviknight
|-heal|p2a: Corviknight|68/100
|-singleturn|p2a: Corviknight|move: Roost
|
|upkeep
|turn|195
|
|move|p1a: epic games|Flamethrower|p2a: Corviknight
|-supereffective|p2a: Corviknight
|-damage|p2a: Corviknight|30/100
|move|p2a: Corviknight|Roost|p2a: Corviknight
|-heal|p2a: Corviknight|80/100
|-singleturn|p2a: Corviknight|move: Roost
|
|upkeep
|turn|196
|
|switch|p2a: Clefable|Clefable, F|23/100
|move|p1a: epic games|Stealth Rock|p2a: Clefable
|-sidestart|p2: JoeyOwesMeMoney|move: Stealth Rock
|
|-heal|p2a: Clefable|29/100|[from] item: Leftovers
|upkeep
|turn|197
|
|move|p1a: epic games|Body Press|p2a: Clefable
|-resisted|p2a: Clefable
|-damage|p2a: Clefable|12/100
|move|p2a: Clefable|Aromatherapy|p2a: Clefable
|-activate|p2a: Clefable|move: Aromatherapy
|-curestatus|p2: Toxapex|par|[msg]
|-curestatus|p2: Ferrothorn|brn|[msg]
|
|-heal|p2a: Clefable|19/100|[from] item: Leftovers
|upkeep
|turn|198
|inactive|JoeyOwesMeMoney has 120 seconds left.
|
|switch|p2a: Toxapex|Toxapex, F|100/100
|-damage|p2a: Toxapex|88/100|[from] Stealth Rock
|move|p1a: epic games|Body Press|p2a: Toxapex
|-resisted|p2a: Toxapex
|-damage|p2a: Toxapex|76/100
|
|upkeep
|turn|199
|inactive|JoeyOwesMeMoney has 120 seconds left.
|
|move|p1a: epic games|Protect|p1a: epic games
|-singleturn|p1a: epic games|Protect
|move|p2a: Toxapex|Knock Off|p1a: epic games
|-activate|p1a: epic games|move: Protect
|
|upkeep
|turn|200
|
|switch|p1a: yeah boii|Rotom-Mow, shiny|70/100
|move|p2a: Toxapex|Knock Off|p1a: yeah boii
|-damage|p1a: yeah boii|54/100
|-enditem|p1a: yeah boii|Black Sludge|[from] move: Knock Off|[of] p2a: Toxapex
|
|upkeep
|turn|201
|
|move|p1a: yeah boii|Will-O-Wisp|p2a: Toxapex
|-status|p2a: Toxapex|brn
|move|p2a: Toxapex|Knock Off|p1a: yeah boii
|-damage|p1a: yeah boii|48/100
|
|-damage|p2a: Toxapex|70/100 brn|[from] brn
|upkeep
|turn|202
|
|move|p1a: yeah boii|Volt Switch|p2a: Toxapex
|-supereffective|p2a: Toxapex
|-damage|p2a: Toxapex|26/100 brn
|
|switch|p1a: hypocrite|Clefable, F, shiny|83/100 brn|[from]move: Volt Switch
|move|p2a: Toxapex|Knock Off|p1a: hypocrite
|-resisted|p1a: hypocrite
|-crit|p1a: hypocrite
|-damage|p1a: hypocrite|80/100 brn
|
|-damage|p2a: Toxapex|20/100 brn|[from] brn
|upkeep
|turn|203
|
|switch|p1a: epic games|Kommo-o, M|100/100
|switch|p2a: Ferrothorn|Ferrothorn, M|95/100
|-damage|p2a: Ferrothorn|89/100|[from] Stealth Rock
|
|-heal|p2a: Ferrothorn|95/100|[from] item: Leftovers
|upkeep
|turn|204
|
|move|p1a: epic games|Protect|p1a: epic games
|-singleturn|p1a: epic games|Protect
|move|p2a: Ferrothorn|Protect||[still]
|-fail|p2a: Ferrothorn
|
|-heal|p2a: Ferrothorn|100/100|[from] item: Leftovers
|upkeep
|turn|205
|
|move|p2a: Ferrothorn|Protect|p2a: Ferrothorn
|-singleturn|p2a: Ferrothorn|Protect
|move|p1a: epic games|Body Press|p2a: Ferrothorn
|-activate|p2a: Ferrothorn|move: Protect
|
|upkeep
|turn|206
|
|switch|p2a: Corviknight|Corviknight, M|80/100
|-damage|p2a: Corviknight|68/100|[from] Stealth Rock
|-ability|p2a: Corviknight|Pressure
|move|p1a: epic games|Body Press|p2a: Corviknight
|-damage|p2a: Corviknight|44/100
|-damage|p1a: epic games|84/100|[from] item: Rocky Helmet|[of] p2a: Corviknight
|
|-heal|p1a: epic games|90/100|[from] item: Leftovers
|upkeep
|turn|207
|
|switch|p1a: yeah boii|Rotom-Mow, shiny|48/100
|move|p2a: Corviknight|Roost|p2a: Corviknight
|-heal|p2a: Corviknight|94/100
|-singleturn|p2a: Corviknight|move: Roost
|
|upkeep
|turn|208
|
|switch|p2a: Ferrothorn|Ferrothorn, M|100/100
|-damage|p2a: Ferrothorn|95/100|[from] Stealth Rock
|move|p1a: yeah boii|Will-O-Wisp|p2a: Ferrothorn
|-status|p2a: Ferrothorn|brn
|
|-heal|p2a: Ferrothorn|100/100 brn|[from] item: Leftovers
|-damage|p2a: Ferrothorn|95/100 brn|[from] brn
|upkeep
|turn|209
|inactive|A has 120 seconds left.
|
|move|p1a: yeah boii|Trick|p2a: Ferrothorn
|-activate|p1a: yeah boii|move: Trick|[of] p2a: Ferrothorn
|-enditem|p2a: Ferrothorn|Leftovers|[silent]|[from] move: Trick
|-item|p1a: yeah boii|Leftovers|[from] move: Trick
|move|p2a: Ferrothorn|Spikes|p1a: yeah boii
|-sidestart|p1: A|Spikes
|
|-heal|p1a: yeah boii|54/100|[from] item: Leftovers
|-damage|p2a: Ferrothorn|89/100 brn|[from] brn
|upkeep
|turn|210
|inactive|A has 120 seconds left.
|
|move|p1a: yeah boii|Volt Switch|p2a: Ferrothorn
|-resisted|p2a: Ferrothorn
|-damage|p2a: Ferrothorn|80/100 brn
|
|switch|p1a: irrationallty m8|Mandibuzz, F|88/100 brn|[from]move: Volt Switch
|move|p2a: Ferrothorn|Spikes|p1a: irrationallty m8
|-sidestart|p1: A|Spikes
|
|-damage|p1a: irrationallty m8|82/100 brn|[from] brn
|-damage|p2a: Ferrothorn|74/100 brn|[from] brn
|upkeep
|turn|211
|
|switch|p2a: Toxapex|Toxapex, F|53/100 brn
|-damage|p2a: Toxapex|41/100 brn|[from] Stealth Rock
|move|p1a: irrationallty m8|Defog|p2a: Toxapex
|-unboost|p2a: Toxapex|evasion|1
|-sideend|p2: JoeyOwesMeMoney|Stealth Rock|[from] move: Defog|[of] p1a: irrationallty m8
|-sideend|p1: A|Spikes|[from] move: Defog|[of] p1a: irrationallty m8
|
|-damage|p1a: irrationallty m8|76/100 brn|[from] brn
|-damage|p2a: Toxapex|35/100 brn|[from] brn
|upkeep
|turn|212
|
|switch|p1a: the chungus|Toxapex, M, shiny|100/100 brn
|switch|p2a: Corviknight|Corviknight, M|94/100
|-ability|p2a: Corviknight|Pressure
|
|-damage|p1a: the chungus|95/100 brn|[from] brn
|upkeep
|turn|213
|
|switch|p2a: Toxapex|Toxapex, F|68/100 brn
|move|p1a: the chungus|Toxic||[still]
|-fail|p1a: the chungus
|
|-damage|p2a: Toxapex|63/100 brn|[from] brn
|-damage|p1a: the chungus|89/100 brn|[from] brn
|upkeep
|turn|214
|inactive|JoeyOwesMeMoney has 90 seconds left.
|
|switch|p2a: Corviknight|Corviknight, M|94/100
|-ability|p2a: Corviknight|Pressure
|move|p1a: the chungus|Scald|p2a: Corviknight
|-damage|p2a: Corviknight|78/100
|
|-damage|p1a: the chungus|83/100 brn|[from] brn
|upkeep
|turn|215
|
|switch|p2a: Toxapex|Toxapex, F|96/100 brn
|switch|p1a: epic games|Kommo-o, M|90/100
|
|-heal|p1a: epic games|96/100|[from] item: Leftovers
|-damage|p2a: Toxapex|90/100 brn|[from] brn
|upkeep
|turn|216
|
|move|p1a: epic games|Protect|p1a: epic games
|-singleturn|p1a: epic games|Protect
|move|p2a: Toxapex|Toxic Spikes|p1a: epic games
|-sidestart|p1: A|move: Toxic Spikes
|
|-heal|p1a: epic games|100/100|[from] item: Leftovers
|-damage|p2a: Toxapex|84/100 brn|[from] brn
|upkeep
|turn|217
|
|switch|p2a: Clefable|Clefable, F|19/100
|move|p1a: epic games|Stealth Rock|p2a: Clefable
|-sidestart|p2: JoeyOwesMeMoney|move: Stealth Rock
|
|-heal|p2a: Clefable|25/100|[from] item: Leftovers
|upkeep
|turn|218
|
|move|p1a: epic games|Body Press|p2a: Clefable
|-resisted|p2a: Clefable
|-damage|p2a: Clefable|9/100
|move|p2a: Clefable|Aromatherapy|p2a: Clefable
|-activate|p2a: Clefable|move: Aromatherapy
|-curestatus|p2: Toxapex|brn|[msg]
|-curestatus|p2: Ferrothorn|brn|[msg]
|
|-heal|p2a: Clefable|15/100|[from] item: Leftovers
|upkeep
|turn|219
|
|switch|p1a: the chungus|Toxapex, M, shiny|100/100 brn
|-sideend|p1: A|move: Toxic Spikes|[of] p1a: the chungus
|switch|p2a: Corviknight|Corviknight, M|78/100
|-damage|p2a: Corviknight|66/100|[from] Stealth Rock
|-ability|p2a: Corviknight|Pressure
|
|-damage|p1a: the chungus|95/100 brn|[from] brn
|upkeep
|turn|220
|
|move|p2a: Corviknight|Defog|p1a: the chungus
|-unboost|p1a: the chungus|evasion|1
|-sideend|p2: JoeyOwesMeMoney|Stealth Rock|[from] move: Defog|[of] p2a: Corviknight
|move|p1a: the chungus|Scald|p2a: Corviknight
|-damage|p2a: Corviknight|49/100
|-status|p2a: Corviknight|brn
|
|-damage|p2a: Corviknight|43/100 brn|[from] brn
|-damage|p1a: the chungus|89/100 brn|[from] brn
|upkeep
|turn|221
|
|switch|p1a: yeah boii|Rotom-Mow, shiny|54/100
|move|p2a: Corviknight|Roost|p2a: Corviknight
|-heal|p2a: Corviknight|93/100 brn
|-singleturn|p2a: Corviknight|move: Roost
|
|-heal|p1a: yeah boii|61/100|[from] item: Leftovers
|-damage|p2a: Corviknight|87/100 brn|[from] brn
|upkeep
|turn|222
|inactive|JoeyOwesMeMoney has 90 seconds left.
|inactive|A has 90 seconds left.
|
|switch|p2a: Clefable|Clefable, F|15/100
|move|p1a: yeah boii|Volt Switch|p2a: Clefable
|-damage|p2a: Clefable|0 fnt
|faint|p2a: Clefable
|inactive|A has 90 seconds left.
|
|switch|p1a: epic games|Kommo-o, M|100/100|[from]move: Volt Switch
|
|upkeep
|
|switch|p2a: Seismitoad|Seismitoad, F|90/100
|turn|223
|
|move|p1a: epic games|Stealth Rock|p2a: Seismitoad
|-sidestart|p2: JoeyOwesMeMoney|move: Stealth Rock
|move|p2a: Seismitoad|Knock Off|p1a: epic games
|-resisted|p1a: epic games
|-damage|p1a: epic games|94/100
|-enditem|p1a: epic games|Leftovers|[from] move: Knock Off|[of] p2a: Seismitoad
|
|-heal|p2a: Seismitoad|96/100|[from] item: Leftovers
|upkeep
|turn|224
|
|move|p1a: epic games|Body Press|p2a: Seismitoad
|-damage|p2a: Seismitoad|63/100
|move|p2a: Seismitoad|Stealth Rock|p1a: epic games
|-sidestart|p1: A|move: Stealth Rock
|
|-heal|p2a: Seismitoad|70/100|[from] item: Leftovers
|upkeep
|turn|225
|inactive|JoeyOwesMeMoney has 60 seconds left.
|
|switch|p1a: irrationallty m8|Mandibuzz, F|76/100 brn
|-damage|p1a: irrationallty m8|51/100 brn|[from] Stealth Rock
|move|p2a: Seismitoad|Scald|p1a: irrationallty m8
|-damage|p1a: irrationallty m8|37/100 brn
|
|-heal|p2a: Seismitoad|76/100|[from] item: Leftovers
|-damage|p1a: irrationallty m8|31/100 brn|[from] brn
|upkeep
|turn|226
|
|move|p1a: irrationallty m8|Roost|p1a: irrationallty m8
|-heal|p1a: irrationallty m8|81/100 brn
|-singleturn|p1a: irrationallty m8|move: Roost
|move|p2a: Seismitoad|Scald|p1a: irrationallty m8
|-damage|p1a: irrationallty m8|67/100 brn
|
|-heal|p2a: Seismitoad|82/100|[from] item: Leftovers
|-damage|p1a: irrationallty m8|61/100 brn|[from] brn
|upkeep
|turn|227
|
|move|p1a: irrationallty m8|Toxic|p2a: Seismitoad
|-status|p2a: Seismitoad|tox
|move|p2a: Seismitoad|Scald|p1a: irrationallty m8
|-damage|p1a: irrationallty m8|45/100 brn
|
|-heal|p2a: Seismitoad|88/100 tox|[from] item: Leftovers
|-damage|p1a: irrationallty m8|39/100 brn|[from] brn
|-damage|p2a: Seismitoad|82/100 tox|[from] psn
|upkeep
|turn|228
|
|switch|p2a: Tyranitar|Tyranitar, M|88/100
|-damage|p2a: Tyranitar|76/100|[from] Stealth Rock
|-weather|Sandstorm|[from] ability: Sand Stream|[of] p2a: Tyranitar
|move|p1a: irrationallty m8|Defog|p2a: Tyranitar
|-unboost|p2a: Tyranitar|evasion|1
|-sideend|p2: JoeyOwesMeMoney|Stealth Rock|[from] move: Defog|[of] p1a: irrationallty m8
|-sideend|p1: A|Stealth Rock|[from] move: Defog|[of] p1a: irrationallty m8
|
|-weather|Sandstorm|[upkeep]
|-damage|p1a: irrationallty m8|33/100 brn|[from] brn
|upkeep
|turn|229
|inactive|JoeyOwesMeMoney has 60 seconds left.
|
|switch|p1a: epic games|Kommo-o, M|94/100
|move|p2a: Tyranitar|Stone Edge|p1a: epic games|[miss]
|-miss|p2a: Tyranitar|p1a: epic games
|
|-weather|Sandstorm|[upkeep]
|-damage|p1a: epic games|87/100|[from] Sandstorm
|upkeep
|turn|230
|
|switch|p2a: Corviknight|Corviknight, M|87/100 brn
|-ability|p2a: Corviknight|Pressure
|move|p1a: epic games|Stealth Rock|p2a: Corviknight
|-sidestart|p2: JoeyOwesMeMoney|move: Stealth Rock
|
|-weather|Sandstorm|[upkeep]
|-damage|p1a: epic games|81/100|[from] Sandstorm
|-damage|p2a: Corviknight|81/100 brn|[from] brn
|upkeep
|turn|231
|
|switch|p1a: irrationallty m8|Mandibuzz, F|33/100 brn
|move|p2a: Corviknight|Defog|p1a: irrationallty m8
|-unboost|p1a: irrationallty m8|evasion|1
|-sideend|p2: JoeyOwesMeMoney|Stealth Rock|[from] move: Defog|[of] p2a: Corviknight
|
|-weather|Sandstorm|[upkeep]
|-damage|p1a: irrationallty m8|27/100 brn|[from] brn
|-damage|p2a: Corviknight|75/100 brn|[from] brn
|upkeep
|turn|232
|
|move|p1a: irrationallty m8|Roost|p1a: irrationallty m8
|-heal|p1a: irrationallty m8|77/100 brn
|-singleturn|p1a: irrationallty m8|move: Roost
|move|p2a: Corviknight|Body Press|p1a: irrationallty m8
|-supereffective|p1a: irrationallty m8
|-damage|p1a: irrationallty m8|58/100 brn
|
|-weather|none
|-damage|p1a: irrationallty m8|52/100 brn|[from] brn
|-damage|p2a: Corviknight|69/100 brn|[from] brn
|upkeep
|turn|233
|j| Eepsilon
|c| Eepsilon|H o l y
|inactive|JoeyOwesMeMoney has 30 seconds left.
|c|☆A|same dude
|c| Eepsilon|What did I just walk into
|inactive|JoeyOwesMeMoney has 20 seconds left.
|c|☆A|an ordeal
|inactive|JoeyOwesMeMoney has 15 seconds left.
|inactive|JoeyOwesMeMoney has 10 seconds left.
|c|☆A|gg
|inactive|JoeyOwesMeMoney has 5 seconds left.
|-message|JoeyOwesMeMoney lost due to inactivity.
|
|win|A
|c| HeavenStar|how come only one player gets penalized for this?
|raw|A's rating: 1657 &rarr; <strong>1685</strong><br />(+28 for winning)
|raw|JoeyOwesMeMoney's rating: 1789 &rarr; <strong>1762</strong><br />(-27 for losing)
|c|☆A|wdym HeavenStar
|j| PinheadSociety
|j| GOthee
|j| sugarhigh
|j| Black Jesus
|l| Black Jesus
|c| HeavenStar|i mean only one player gets affected by the battle timer getting cut short like that
|j|+jukain
|l| Eepsilon
|c|☆A|idk im clicking fast enough
|c| HeavenStar|i see
|l| HeavenStar
|l| GOthee
|j| OilyBootySpex
|j| GOthee
|l|+jukain
|j| Eepsilon
|j|+jukain
|j| Sebilin1125
|j| NextLevelNerd
|j| DPR Korea
|l| NextLevelNerd
|l| Sebilin1125
|j| Sebilin1125
|j| Pink Switch Lite
|l|+jukain
|j| emeraldagent
|l| Pink Switch Lite
|l| DPR Korea
|j| sizes
|j| myjava
|l| emeraldagent
