|j|☆jzxcvbn
|j|☆Run For Me Plz
|t:|1656207899
|gametype|singles
|player|p1|jzxcvbn|akari|1699
|player|p2|Run For Me Plz|blue-gen2|1760
|teamsize|p1|6
|teamsize|p2|6
|gen|8
|tier|[Gen 8] OU
|rated|
|rule|Sleep Clause Mod: Limit one foe put to sleep
|rule|Species Clause: Limit one of each Pokémon
|rule|OHKO Clause: OHKO moves are banned
|rule|Evasion Moves Clause: Evasion moves are banned
|rule|Endless Battle Clause: Forcing endless battles is banned
|rule|HP Percentage Mod: HP is shown in percentages
|rule|Dynamax Clause: You cannot dynamax
|clearpoke
|poke|p1|Zapdos|
|poke|p1|Weavile, F|
|poke|p1|Kartana|
|poke|p1|Landorus-Therian, M|
|poke|p1|Volcanion|
|poke|p1|Melmetal|
|poke|p2|Urshifu-*, M|
|poke|p2|Blissey, F|
|poke|p2|Slowbro, M|
|poke|p2|Hippowdon, M|
|poke|p2|Corviknight, M|
|poke|p2|Heatran, M|
|teampreview
|inactive|Battle timer is ON: inactive players will automatically lose when time's up. (requested by Run For Me Plz)
|c|☆jzxcvbn|glhf
|inactive|jzxcvbn has 120 seconds left.
|
|t:|1656207942
|start
|switch|p1a: Weavile|Weavile, F|100/100
|switch|p2a: Urshifu|Urshifu-Rapid-Strike, M|100/100
|-ability|p1a: Weavile|Pressure
|turn|1
|j| t-yeu
|
|t:|1656207961
|switch|p1a: Zapdos|Zapdos|100/100
|move|p2a: Urshifu|U-turn|p1a: Zapdos
|-resisted|p1a: Zapdos
|-damage|p1a: Zapdos|86/100
|
|t:|1656207963
|switch|p2a: Heatran|Heatran, M, shiny|100/100|[from]move: U-turn
|
|upkeep
|turn|2
|j| Unicorn Black
|
|t:|1656207970
|move|p1a: Zapdos|Volt Switch|p2a: Heatran
|-damage|p2a: Heatran|64/100
|
|t:|1656207974
|switch|p1a: Volcanion|Volcanion|100/100|[from]move: Volt Switch
|move|p2a: Heatran|Eruption|p1a: Volcanion
|-resisted|p1a: Volcanion
|-damage|p1a: Volcanion|74/100
|
|upkeep
|turn|3
|j| Trexton
|l| Trexton
|
|t:|1656207985
|switch|p2a: Blissey|Blissey, F, shiny|100/100
|switch|p1a: Weavile|Weavile, F|100/100
|-ability|p1a: Weavile|Pressure
|
|upkeep
|turn|4
|
|t:|1656207990
|move|p1a: Weavile|Beat Up|p2a: Blissey
|-damage|p2a: Blissey|89/100
|-damage|p2a: Blissey|78/100
|-damage|p2a: Blissey|62/100
|-damage|p2a: Blissey|50/100
|-damage|p2a: Blissey|41/100
|-damage|p2a: Blissey|29/100
|-hitcount|p2a: Blissey|6
|move|p2a: Blissey|Thunder Wave|p1a: Weavile
|-status|p1a: Weavile|par
|
|upkeep
|turn|5
|j| Alucard.sasor
|
|t:|1656208001
|move|p1a: Weavile|Beat Up|p2a: Blissey
|-damage|p2a: Blissey|18/100
|-damage|p2a: Blissey|7/100
|-damage|p2a: Blissey|0 fnt
|faint|p2a: Blissey
|-hitcount|p2: Blissey|3
|
|upkeep
|
|t:|1656208003
|switch|p2a: Urshifu|Urshifu-Rapid-Strike, M|100/100
|turn|6
|
|t:|1656208017
|switch|p1a: Zapdos|Zapdos|86/100
|move|p2a: Urshifu|U-turn|p1a: Zapdos
|-resisted|p1a: Zapdos
|-damage|p1a: Zapdos|72/100
|
|t:|1656208019
|switch|p2a: Hippowdon|Hippowdon, M, shiny|100/100|[from]move: U-turn
|-weather|Sandstorm|[from] ability: Sand Stream|[of] p2a: Hippowdon
|
|-weather|Sandstorm|[upkeep]
|-damage|p1a: Zapdos|66/100|[from] Sandstorm
|upkeep
|turn|7
|
|t:|1656208027
|switch|p1a: Landorus|Landorus-Therian, M|100/100
|-ability|p1a: Landorus|Intimidate|boost
|-unboost|p2a: Hippowdon|atk|1
|move|p2a: Hippowdon|Stealth Rock|p1a: Landorus
|-sidestart|p1: jzxcvbn|move: Stealth Rock
|
|-weather|Sandstorm|[upkeep]
|upkeep
|turn|8
|
|t:|1656208030
|move|p1a: Landorus|Stealth Rock|p2a: Hippowdon
|-sidestart|p2: Run For Me Plz|move: Stealth Rock
|move|p2a: Hippowdon|Toxic|p1a: Landorus
|-status|p1a: Landorus|tox
|
|-weather|Sandstorm|[upkeep]
|-damage|p1a: Landorus|94/100 tox|[from] psn
|upkeep
|turn|9
|
|t:|1656208038
|switch|p2a: Corviknight|Corviknight, M, shiny|100/100
|-damage|p2a: Corviknight|88/100|[from] Stealth Rock
|-ability|p2a: Corviknight|Pressure
|move|p1a: Landorus|U-turn|p2a: Corviknight
|-resisted|p2a: Corviknight
|-damage|p2a: Corviknight|85/100
|j| Mqwe
|
|t:|1656208045
|switch|p1a: Volcanion|Volcanion|74/100|[from]move: U-turn
|-damage|p1a: Volcanion|49/100|[from] Stealth Rock
|
|-weather|Sandstorm|[upkeep]
|-damage|p1a: Volcanion|43/100|[from] Sandstorm
|-heal|p2a: Corviknight|91/100|[from] item: Leftovers
|upkeep
|turn|10
|
|t:|1656208050
|switch|p2a: Slowbro|Slowbro, M, shiny|100/100
|-damage|p2a: Slowbro|88/100|[from] Stealth Rock
|move|p1a: Volcanion|Steam Eruption|p2a: Slowbro
|-resisted|p2a: Slowbro
|-damage|p2a: Slowbro|36/100
|
|-weather|none
|upkeep
|turn|11
|
|t:|1656208056
|switch|p2a: Urshifu|Urshifu-Rapid-Strike, M|100/100
|-damage|p2a: Urshifu|94/100|[from] Stealth Rock
|move|p1a: Volcanion|Steam Eruption|p2a: Urshifu
|-resisted|p2a: Urshifu
|-damage|p2a: Urshifu|20/100
|
|upkeep
|turn|12
|
|t:|1656208077
|switch|p1a: Landorus|Landorus-Therian, M|94/100 tox
|-damage|p1a: Landorus|82/100 tox|[from] Stealth Rock
|-ability|p1a: Landorus|Intimidate|boost
|-unboost|p2a: Urshifu|atk|1
|move|p2a: Urshifu|Close Combat|p1a: Landorus
|-resisted|p1a: Landorus
|-damage|p1a: Landorus|61/100 tox
|-unboost|p2a: Urshifu|def|1
|-unboost|p2a: Urshifu|spd|1
|
|-heal|p1a: Landorus|67/100 tox|[from] item: Leftovers
|-damage|p1a: Landorus|61/100 tox|[from] psn
|upkeep
|turn|13
|
|t:|1656208088
|switch|p2a: Hippowdon|Hippowdon, M, shiny|100/100
|-damage|p2a: Hippowdon|94/100|[from] Stealth Rock
|-weather|Sandstorm|[from] ability: Sand Stream|[of] p2a: Hippowdon
|move|p1a: Landorus|U-turn|p2a: Hippowdon
|-damage|p2a: Hippowdon|79/100
|
|t:|1656208093
|switch|p1a: Volcanion|Volcanion|43/100|[from]move: U-turn
|-damage|p1a: Volcanion|18/100|[from] Stealth Rock
|
|-weather|Sandstorm|[upkeep]
|-damage|p1a: Volcanion|12/100|[from] Sandstorm
|-heal|p2a: Hippowdon|85/100|[from] item: Leftovers
|upkeep
|turn|14
|
|t:|1656208101
|switch|p2a: Slowbro|Slowbro, M, shiny|70/100
|-damage|p2a: Slowbro|57/100|[from] Stealth Rock
|move|p1a: Volcanion|Steam Eruption|p2a: Slowbro
|-resisted|p2a: Slowbro
|-damage|p2a: Slowbro|4/100
|
|-weather|Sandstorm|[upkeep]
|-damage|p1a: Volcanion|6/100|[from] Sandstorm
|-damage|p2a: Slowbro|0 fnt|[from] Sandstorm
|faint|p2a: Slowbro
|upkeep
|
|t:|1656208105
|switch|p2a: Urshifu|Urshifu-Rapid-Strike, M|20/100
|-damage|p2a: Urshifu|13/100|[from] Stealth Rock
|turn|15
|
|t:|1656208110
|move|p2a: Urshifu|U-turn|p1a: Volcanion
|-resisted|p1a: Volcanion
|-damage|p1a: Volcanion|0 fnt
|faint|p1a: Volcanion
|
|t:|1656208113
|switch|p2a: Corviknight|Corviknight, M, shiny|91/100|[from]move: U-turn
|-damage|p2a: Corviknight|78/100|[from] Stealth Rock
|-ability|p2a: Corviknight|Pressure
|
|-weather|Sandstorm|[upkeep]
|-heal|p2a: Corviknight|84/100|[from] item: Leftovers
|upkeep
|
|t:|1656208117
|switch|p1a: Zapdos|Zapdos|66/100
|turn|16
|j| 50 at max
|
|t:|1656208138
|switch|p2a: Hippowdon|Hippowdon, M, shiny|85/100
|-damage|p2a: Hippowdon|79/100|[from] Stealth Rock
|move|p1a: Zapdos|Hurricane|p2a: Hippowdon|[miss]
|-miss|p1a: Zapdos|p2a: Hippowdon
|
|-weather|Sandstorm|[upkeep]
|-damage|p1a: Zapdos|59/100|[from] Sandstorm
|-heal|p2a: Hippowdon|85/100|[from] item: Leftovers
|upkeep
|turn|17
|
|t:|1656208150
|switch|p1a: Kartana|Kartana|100/100
|-damage|p1a: Kartana|94/100|[from] Stealth Rock
|switch|p2a: Corviknight|Corviknight, M, shiny|84/100
|-damage|p2a: Corviknight|72/100|[from] Stealth Rock
|-ability|p2a: Corviknight|Pressure
|
|-weather|none
|-heal|p2a: Corviknight|78/100|[from] item: Leftovers
|upkeep
|turn|18
|j| Toon Cards
|
|t:|1656208156
|switch|p1a: Zapdos|Zapdos|59/100
|move|p2a: Corviknight|Defog|p1a: Zapdos
|-unboost|p1a: Zapdos|evasion|1
|-sideend|p1: jzxcvbn|Stealth Rock|[from] move: Defog|[of] p2a: Corviknight
|-sideend|p2: Run For Me Plz|Stealth Rock|[from] move: Defog|[of] p2a: Corviknight
|
|-heal|p2a: Corviknight|84/100|[from] item: Leftovers
|upkeep
|turn|19
|
|t:|1656208159
|switch|p2a: Hippowdon|Hippowdon, M, shiny|85/100
|-weather|Sandstorm|[from] ability: Sand Stream|[of] p2a: Hippowdon
|move|p1a: Zapdos|Roost|p1a: Zapdos
|-heal|p1a: Zapdos|100/100
|-singleturn|p1a: Zapdos|move: Roost
|
|-weather|Sandstorm|[upkeep]
|-damage|p1a: Zapdos|94/100|[from] Sandstorm
|-heal|p2a: Hippowdon|91/100|[from] item: Leftovers
|upkeep
|turn|20
|
|t:|1656208163
|switch|p1a: Landorus|Landorus-Therian, M|61/100 tox
|-ability|p1a: Landorus|Intimidate|boost
|-unboost|p2a: Hippowdon|atk|1
|move|p2a: Hippowdon|Stealth Rock|p1a: Landorus
|-sidestart|p1: jzxcvbn|move: Stealth Rock
|
|-weather|Sandstorm|[upkeep]
|-heal|p1a: Landorus|67/100 tox|[from] item: Leftovers
|-heal|p2a: Hippowdon|97/100|[from] item: Leftovers
|-damage|p1a: Landorus|61/100 tox|[from] psn
|upkeep
|turn|21
|
|t:|1656208172
|switch|p2a: Corviknight|Corviknight, M, shiny|84/100
|-ability|p2a: Corviknight|Pressure
|move|p1a: Landorus|Stealth Rock|p2a: Corviknight
|-sidestart|p2: Run For Me Plz|move: Stealth Rock
|
|-weather|Sandstorm|[upkeep]
|-heal|p1a: Landorus|67/100 tox|[from] item: Leftovers
|-heal|p2a: Corviknight|90/100|[from] item: Leftovers
|-damage|p1a: Landorus|55/100 tox|[from] psn
|upkeep
|turn|22
|
|t:|1656208175
|move|p1a: Landorus|U-turn|p2a: Corviknight
|-resisted|p2a: Corviknight
|-damage|p2a: Corviknight|86/100
|
|t:|1656208177
|switch|p1a: Zapdos|Zapdos|94/100|[from]move: U-turn
|move|p2a: Corviknight|Defog|p1a: Zapdos
|-unboost|p1a: Zapdos|evasion|1
|-sideend|p1: jzxcvbn|Stealth Rock|[from] move: Defog|[of] p2a: Corviknight
|-sideend|p2: Run For Me Plz|Stealth Rock|[from] move: Defog|[of] p2a: Corviknight
|
|-weather|Sandstorm|[upkeep]
|-damage|p1a: Zapdos|88/100|[from] Sandstorm
|-heal|p2a: Corviknight|92/100|[from] item: Leftovers
|upkeep
|turn|23
|
|t:|1656208185
|switch|p2a: Hippowdon|Hippowdon, M, shiny|97/100
|move|p1a: Zapdos|Hurricane|p2a: Hippowdon
|-crit|p2a: Hippowdon
|-damage|p2a: Hippowdon|30/100
|
|-weather|none
|-heal|p2a: Hippowdon|37/100|[from] item: Leftovers
|upkeep
|turn|24
|
|t:|1656208194
|move|p1a: Zapdos|Hurricane|p2a: Hippowdon
|-damage|p2a: Hippowdon|0 fnt
|faint|p2a: Hippowdon
|
|upkeep
|
|t:|1656208196
|switch|p2a: Urshifu|Urshifu-Rapid-Strike, M|13/100
|turn|25
|c|☆Run For Me Plz|Amazing crit
|
|t:|1656208208
|switch|p1a: Landorus|Landorus-Therian, M|55/100 tox
|-ability|p1a: Landorus|Intimidate|boost
|-unboost|p2a: Urshifu|atk|1
|move|p2a: Urshifu|Surging Strikes|p1a: Landorus
|-supereffective|p1a: Landorus
|-crit|p1a: Landorus
|-damage|p1a: Landorus|15/100 tox
|-supereffective|p1a: Landorus
|-crit|p1a: Landorus
|-damage|p1a: Landorus|0 fnt
|faint|p1a: Landorus
|-hitcount|p1: Landorus|2
|
|upkeep
|j| 8th Hokage Killua
|l| 8th Hokage Killua
|j| ikoero
|inactive|jzxcvbn has 120 seconds left.
|j| Trexton
|l| ikoero
|
|t:|1656208245
|switch|p1a: Melmetal|Melmetal|100/100
|turn|26
|
|t:|1656208248
|switch|p2a: Corviknight|Corviknight, M, shiny|92/100
|-ability|p2a: Corviknight|Pressure
|move|p1a: Melmetal|Thunder Punch|p2a: Corviknight
|-supereffective|p2a: Corviknight
|-damage|p2a: Corviknight|23/100
|
|-heal|p2a: Corviknight|29/100|[from] item: Leftovers
|upkeep
|turn|27
|
|t:|1656208255
|move|p2a: Corviknight|Roost|p2a: Corviknight
|-heal|p2a: Corviknight|79/100
|-singleturn|p2a: Corviknight|move: Roost
|move|p1a: Melmetal|Thunder Punch|p2a: Corviknight
|-damage|p2a: Corviknight|43/100
|
|-heal|p2a: Corviknight|49/100|[from] item: Leftovers
|upkeep
|turn|28
|
|t:|1656208264
|move|p2a: Corviknight|Roost|p2a: Corviknight
|-heal|p2a: Corviknight|99/100
|-singleturn|p2a: Corviknight|move: Roost
|move|p1a: Melmetal|Thunder Punch|p2a: Corviknight
|-damage|p2a: Corviknight|62/100
|-status|p2a: Corviknight|par
|
|-heal|p2a: Corviknight|68/100 par|[from] item: Leftovers
|upkeep
|turn|29
|
|t:|1656208273
|switch|p2a: Heatran|Heatran, M, shiny|64/100
|move|p1a: Melmetal|Thunder Punch|p2a: Heatran
|-damage|p2a: Heatran|12/100
|
|upkeep
|turn|30
|
|t:|1656208290
|switch|p1a: Weavile|Weavile, F|100/100 par
|-ability|p1a: Weavile|Pressure
|move|p2a: Heatran|Lava Plume|p1a: Weavile
|-supereffective|p1a: Weavile
|-damage|p1a: Weavile|0 fnt
|faint|p1a: Weavile
|
|upkeep
|
|t:|1656208296
|switch|p1a: Zapdos|Zapdos|88/100
|turn|31
|c|☆Run For Me Plz|Amazing late game hax to save u
|-message|Run For Me Plz forfeited.
|
|win|jzxcvbn
|raw|jzxcvbn's rating: 1699 &rarr; <strong>1722</strong><br />(+23 for winning)
|raw|Run For Me Plz's rating: 1760 &rarr; <strong>1737</strong><br />(-23 for losing)
|l|☆Run For Me Plz
|l| Unicorn Black
||Ladder isn't responding, score probably updated but might not have (Request timeout).
