|j|☆Big Yeagle
|j|☆FleetFoxxx
|t:|1658596415
|gametype|singles
|player|p1|Big Yeagle|101|1403
|player|p2|FleetFoxxx|flannery|1377
|teamsize|p1|6
|teamsize|p2|6
|gen|8
|tier|[Gen 8] OU
|rated|
|rule|Sleep Clause Mod: Limit one foe put to sleep
|rule|Species Clause: Limit one of each Pokémon
|rule|OHKO Clause: OHKO moves are banned
|rule|Evasion Moves Clause: Evasion moves are banned
|rule|Endless Battle Clause: Forcing endless battles is banned
|rule|HP Percentage Mod: HP is shown in percentages
|rule|Dynamax Clause: You cannot dynamax
|clearpoke
|poke|p1|Obstagoon, M|
|poke|p1|Slowbro, F|
|poke|p1|Heatran, M|
|poke|p1|Tornadus-Therian, M|
|poke|p1|Ferrothorn, F|
|poke|p1|Thundurus-Therian, M|
|poke|p2|Dragapult, M|
|poke|p2|Rillaboom, M|
|poke|p2|Kartana|
|poke|p2|Weavile, F|
|poke|p2|Tapu Lele|
|poke|p2|Heatran, M|
|teampreview
|
|t:|1658596432
|start
|switch|p1a: Slowbro|Slowbro, F|100/100
|switch|p2a: Dragapult|Dragapult, M|100/100
|turn|1
|
|t:|1658596437
|switch|p1a: Austin|Obstagoon, M|100/100
|move|p2a: Dragapult|Shadow Ball|p1a: Austin
|-immune|p1a: Austin
|
|-status|p1a: Austin|brn|[from] item: Flame Orb
|upkeep
|turn|2
|
|t:|1658596459
|switch|p2a: Weavile|Weavile, F|100/100
|move|p1a: Austin|Knock Off|p2a: Weavile
|-resisted|p2a: Weavile
|-damage|p2a: Weavile|51/100
|-enditem|p2a: Weavile|Focus Sash|[from] move: Knock Off|[of] p1a: Austin
|-enditem|p1a: Austin|Flame Orb|[silent]|[from] ability: Pickpocket|[of] p1a: Austin
|-item|p2a: Weavile|Flame Orb|[from] ability: Pickpocket|[of] p1a: Austin
|
|-damage|p1a: Austin|94/100 brn|[from] brn
|-status|p2a: Weavile|brn|[from] item: Flame Orb
|upkeep
|turn|3
|
|t:|1658596487
|move|p2a: Weavile|Triple Axel|p1a: Austin|[miss]
|-miss|p2a: Weavile|p1a: Austin
|move|p1a: Austin|Facade|p2a: Weavile
|-damage|p2a: Weavile|0 fnt
|faint|p2a: Weavile
|
|-damage|p1a: Austin|88/100 brn|[from] brn
|upkeep
|
|t:|1658596492
|switch|p2a: Tapu Lele|Tapu Lele|100/100
|-fieldstart|move: Psychic Terrain|[from] ability: Psychic Surge|[of] p2a: Tapu Lele
|turn|4
|
|t:|1658596505
|switch|p1a: Ferrothorn|Ferrothorn, F|100/100
|move|p2a: Tapu Lele|Future Sight|p1a: Ferrothorn
|-start|p2a: Tapu Lele|move: Future Sight
|
|upkeep
|turn|5
|
|t:|1658596509
|move|p2a: Tapu Lele|Focus Blast|p1a: Ferrothorn
|-supereffective|p1a: Ferrothorn
|-damage|p1a: Ferrothorn|25/100
|move|p1a: Ferrothorn|Stealth Rock|p2a: Tapu Lele
|-sidestart|p2: FleetFoxxx|move: Stealth Rock
|
|upkeep
|turn|6
|
|t:|1658596518
|move|p2a: Tapu Lele|Focus Blast|p1a: Ferrothorn
|-supereffective|p1a: Ferrothorn
|-damage|p1a: Ferrothorn|0 fnt
|faint|p1a: Ferrothorn
|
|-hint|Future Sight did not hit because the target is fainted.
|upkeep
|
|t:|1658596529
|switch|p1a: Austin|Obstagoon, M|88/100 brn
|turn|7
|
|t:|1658596543
|move|p1a: Austin|Facade|p2a: Tapu Lele
|-damage|p2a: Tapu Lele|0 fnt
|faint|p2a: Tapu Lele
|
|-damage|p1a: Austin|82/100 brn|[from] brn
|upkeep
|
|t:|1658596567
|switch|p2a: Kartana|Kartana|100/100
|-damage|p2a: Kartana|94/100|[from] Stealth Rock
|turn|8
|
|t:|1658596602
|switch|p1a: Tornadus|Tornadus-Therian, M|100/100
|move|p2a: Kartana|Knock Off|p1a: Tornadus
|-damage|p1a: Tornadus|55/100
|-enditem|p1a: Tornadus|Heavy-Duty Boots|[from] move: Knock Off|[of] p2a: Kartana
|
|-fieldend|move: Psychic Terrain
|upkeep
|turn|9
|
|t:|1658596610
|switch|p2a: Heatran|Heatran, M|100/100
|-damage|p2a: Heatran|88/100|[from] Stealth Rock
|-item|p2a: Heatran|Air Balloon
|move|p1a: Tornadus|Heat Wave|p2a: Heatran
|-start|p2a: Heatran|ability: Flash Fire
|
|upkeep
|turn|10
|
|t:|1658596634
|move|p1a: Tornadus|U-turn|p2a: Heatran
|-resisted|p2a: Heatran
|-damage|p2a: Heatran|85/100
|-enditem|p2a: Heatran|Air Balloon
|
|t:|1658596639
|switch|p1a: Slowbro|Slowbro, F|100/100|[from]move: U-turn
|move|p2a: Heatran|Eruption|p1a: Slowbro
|-resisted|p1a: Slowbro
|-damage|p1a: Slowbro|46/100
|
|upkeep
|turn|11
|
|t:|1658596650
|move|p2a: Heatran|Earth Power|p1a: Slowbro
|-damage|p1a: Slowbro|9/100
|move|p1a: Slowbro|Future Sight|p2a: Heatran
|-start|p1a: Slowbro|move: Future Sight
|
|upkeep
|turn|12
|
|t:|1658596658
|switch|p1a: Tornadus|Tornadus-Therian, M|88/100
|move|p2a: Heatran|Eruption|p1a: Tornadus
|-damage|p1a: Tornadus|7/100
|
|upkeep
|turn|13
|
|t:|1658596665
|move|p1a: Tornadus|Hurricane|p2a: Heatran
|-resisted|p2a: Heatran
|-damage|p2a: Heatran|63/100
|move|p2a: Heatran|Eruption|p1a: Tornadus
|-damage|p1a: Tornadus|0 fnt
|faint|p1a: Tornadus
|
|-end|p2a: Heatran|move: Future Sight
|-resisted|p2a: Heatran
|-damage|p2a: Heatran|41/100
|upkeep
|
|t:|1658596674
|switch|p1a: Austin|Obstagoon, M|82/100 brn
|turn|14
|
|t:|1658596688
|move|p1a: Austin|Knock Off|p2a: Heatran
|-damage|p2a: Heatran|0 fnt
|faint|p2a: Heatran
|
|-damage|p1a: Austin|76/100 brn|[from] brn
|upkeep
|
|t:|1658596704
|switch|p2a: Kartana|Kartana|94/100
|-damage|p2a: Kartana|88/100|[from] Stealth Rock
|turn|15
|
|t:|1658596737
|move|p2a: Kartana|Sacred Sword|p1a: Austin
|-supereffective|p1a: Austin
|-damage|p1a: Austin|0 fnt
|faint|p1a: Austin
|-ability|p2a: Kartana|Beast Boost|boost
|-boost|p2a: Kartana|atk|1
|
|upkeep
|
|t:|1658596739
|switch|p1a: Thundurus|Thundurus-Therian, M|100/100
|turn|16
|
|t:|1658596751
|switch|p2a: Dragapult|Dragapult, M|100/100
|-damage|p2a: Dragapult|88/100|[from] Stealth Rock
|move|p1a: Thundurus|Psychic|p2a: Dragapult
|-damage|p2a: Dragapult|27/100
|-damage|p1a: Thundurus|91/100|[from] item: Life Orb
|
|upkeep
|turn|17
|
|t:|1658596759
|move|p2a: Dragapult|Shadow Ball|p1a: Thundurus
|-damage|p1a: Thundurus|24/100
|move|p1a: Thundurus|Psychic|p2a: Dragapult
|-damage|p2a: Dragapult|0 fnt
|faint|p2a: Dragapult
|-damage|p1a: Thundurus|15/100|[from] item: Life Orb
|
|upkeep
|inactive|Battle timer is ON: inactive players will automatically lose when time's up. (requested by Big Yeagle)
|
|t:|1658596791
|switch|p2a: Kartana|Kartana|88/100
|-damage|p2a: Kartana|82/100|[from] Stealth Rock
|turn|18
|
|t:|1658596803
|move|p2a: Kartana|Sacred Sword|p1a: Thundurus
|-resisted|p1a: Thundurus
|-damage|p1a: Thundurus|0 fnt
|faint|p1a: Thundurus
|-ability|p2a: Kartana|Beast Boost|boost
|-boost|p2a: Kartana|atk|1
|
|upkeep
|
|t:|1658596805
|switch|p1a: Slowbro|Slowbro, F|42/100
|turn|19
|
|t:|1658596811
|switch|p2a: Rillaboom|Rillaboom, M|100/100
|-damage|p2a: Rillaboom|88/100|[from] Stealth Rock
|-fieldstart|move: Grassy Terrain|[from] ability: Grassy Surge|[of] p2a: Rillaboom
|move|p1a: Slowbro|Scald|p2a: Rillaboom
|-resisted|p2a: Rillaboom
|-damage|p2a: Rillaboom|68/100
|-status|p2a: Rillaboom|brn
|
|-heal|p2a: Rillaboom|74/100 brn|[from] Grassy Terrain
|-heal|p1a: Slowbro|48/100|[from] Grassy Terrain
|-damage|p2a: Rillaboom|68/100 brn|[from] brn
|upkeep
|turn|20
|
|t:|1658596816
|move|p2a: Rillaboom|Swords Dance|p2a: Rillaboom
|-boost|p2a: Rillaboom|atk|2
|move|p1a: Slowbro|Slack Off|p1a: Slowbro
|-heal|p1a: Slowbro|98/100
|
|-heal|p2a: Rillaboom|74/100 brn|[from] Grassy Terrain
|-heal|p1a: Slowbro|100/100|[from] Grassy Terrain
|-damage|p2a: Rillaboom|68/100 brn|[from] brn
|upkeep
|turn|21
|
|t:|1658596819
|move|p2a: Rillaboom|Swords Dance|p2a: Rillaboom
|-boost|p2a: Rillaboom|atk|2
|move|p1a: Slowbro|Future Sight|p2a: Rillaboom
|-start|p1a: Slowbro|move: Future Sight
|
|-heal|p2a: Rillaboom|74/100 brn|[from] Grassy Terrain
|-damage|p2a: Rillaboom|68/100 brn|[from] brn
|upkeep
|turn|22
|
|t:|1658596828
|move|p2a: Rillaboom|Superpower|p1a: Slowbro
|-resisted|p1a: Slowbro
|-damage|p1a: Slowbro|74/100
|-unboost|p2a: Rillaboom|atk|1
|-unboost|p2a: Rillaboom|def|1
|-damage|p2a: Rillaboom|58/100 brn|[from] item: Life Orb
|move|p1a: Slowbro|Teleport|p1a: Slowbro
|
|t:|1658596834
|switch|p1a: Heatran|Heatran, M|100/100|[from]move: Teleport
|
|-heal|p2a: Rillaboom|64/100 brn|[from] Grassy Terrain
|-damage|p2a: Rillaboom|58/100 brn|[from] brn
|upkeep
|turn|23
|
|t:|1658596844
|move|p1a: Heatran|Eruption|p2a: Rillaboom
|-supereffective|p2a: Rillaboom
|-damage|p2a: Rillaboom|0 fnt
|faint|p2a: Rillaboom
|
|-hint|Future Sight did not hit because the target is fainted.
|-fieldend|move: Grassy Terrain
|upkeep
|
|t:|1658596846
|switch|p2a: Kartana|Kartana|82/100
|-damage|p2a: Kartana|76/100|[from] Stealth Rock
|turn|24
|
|t:|1658596853
|move|p2a: Kartana|Sacred Sword|p1a: Heatran
|-supereffective|p1a: Heatran
|-damage|p1a: Heatran|25/100
|move|p1a: Heatran|Eruption|p2a: Kartana
|-supereffective|p2a: Kartana
|-damage|p2a: Kartana|0 fnt
|faint|p2a: Kartana
|
|win|Big Yeagle
|raw|Big Yeagle's rating: 1403 &rarr; <strong>1422</strong><br />(+19 for winning)
|raw|FleetFoxxx's rating: 1377 &rarr; <strong>1358</strong><br />(-19 for losing)
|l|☆FleetFoxxx
||Ladder isn't responding, score probably updated but might not have (Request timeout).
