|j|☆Regitrump
|j|☆Gotham Paladin
|t:|1654759670
|gametype|singles
|player|p1|Regitrump|170|1609
|player|p2|Gotham Paladin|red|1614
|teamsize|p1|6
|teamsize|p2|6
|gen|8
|tier|[Gen 8] OU
|rated|
|rule|Sleep Clause Mod: Limit one foe put to sleep
|rule|Species Clause: Limit one of each Pokémon
|rule|OHKO Clause: OHKO moves are banned
|rule|Evasion Moves Clause: Evasion moves are banned
|rule|Endless Battle Clause: Forcing endless battles is banned
|rule|HP Percentage Mod: HP is shown in percentages
|rule|Dynamax Clause: You cannot dynamax
|clearpoke
|poke|p1|Toxapex, M|
|poke|p1|Ferrothorn, F|
|poke|p1|Clefable, F|
|poke|p1|Machamp, M|
|poke|p1|Celesteela|
|poke|p1|Blissey, F|
|poke|p2|Politoed, M|
|poke|p2|Heliolisk, F|
|poke|p2|Kingdra, M|
|poke|p2|Mudsdale, F|
|poke|p2|Scizor, F|
|poke|p2|Victini|
|teampreview
|
|t:|1654759686
|start
|switch|p1a: Clefable|Clefable, F|100/100
|switch|p2a: Victini|Victini|100/100
|turn|1
|inactive|Battle timer is ON: inactive players will automatically lose when time's up. (requested by Regitrump)
|
|t:|1654759694
|switch|p1a: Toxapex|Toxapex, M|100/100
|move|p2a: Victini|Trick|p1a: Toxapex
|-activate|p2a: Victini|move: Trick|[of] p1a: Toxapex
|-item|p1a: Toxapex|Choice Scarf|[from] move: Trick
|-item|p2a: Victini|Choice Band|[from] move: Trick
|
|upkeep
|turn|2
|
|t:|1654759716
|move|p2a: Victini|U-turn|p1a: Toxapex
|-resisted|p1a: Toxapex
|-damage|p1a: Toxapex|88/100
|
|t:|1654759726
|switch|p2a: Heliolisk|Heliolisk, F|100/100|[from]move: U-turn
|move|p1a: Toxapex|Liquidation|p2a: Heliolisk
|-immune|p2a: Heliolisk|[from] ability: Dry Skin
|
|upkeep
|turn|3
|
|t:|1654759733
|switch|p1a: Blissey|Blissey, F|100/100
|move|p2a: Heliolisk|Volt Switch|p1a: Blissey
|-damage|p1a: Blissey|85/100
|-damage|p2a: Heliolisk|91/100|[from] item: Life Orb
|
|t:|1654759747
|switch|p2a: Mudsdale|Mudsdale, F, shiny|100/100|[from]move: Volt Switch
|
|upkeep
|turn|4
|
|t:|1654759754
|switch|p1a: Celesteela|Celesteela|100/100
|move|p2a: Mudsdale|Stealth Rock|p1a: Celesteela
|-sidestart|p1: Regitrump|move: Stealth Rock
|
|upkeep
|turn|5
|j| Adrytan710
|
|t:|1654759766
|switch|p2a: Politoed|Politoed, M, shiny|100/100
|-weather|RainDance|[from] ability: Drizzle|[of] p2a: Politoed
|move|p1a: Celesteela|Autotomize|p1a: Celesteela
|-boost|p1a: Celesteela|spe|2
|-start|p1a: Celesteela|Autotomize
|
|-weather|RainDance|[upkeep]
|upkeep
|turn|6
|
|t:|1654759772
|move|p1a: Celesteela|Air Slash|p2a: Politoed
|-damage|p2a: Politoed|60/100
|move|p2a: Politoed|Surf|p1a: Celesteela
|-damage|p1a: Celesteela|30/100
|
|-weather|RainDance|[upkeep]
|upkeep
|turn|7
|j| Terry B bestdlc
|l| Adrytan710
|
|t:|1654759776
|move|p1a: Celesteela|Meteor Beam||[still]
|-prepare|p1a: Celesteela|Meteor Beam
|-boost|p1a: Celesteela|spa|1
|-enditem|p1a: Celesteela|Power Herb
|-anim|p1a: Celesteela|Meteor Beam|p2a: Politoed
|-damage|p2a: Politoed|0 fnt
|faint|p2a: Politoed
|-ability|p1a: Celesteela|Beast Boost|boost
|-boost|p1a: Celesteela|spa|1
|
|-weather|RainDance|[upkeep]
|upkeep
|
|t:|1654759785
|switch|p2a: Kingdra|Kingdra, M|100/100
|turn|8
|
|t:|1654759789
|switch|p1a: Blissey|Blissey, F|85/100
|move|p2a: Kingdra|Surf|p1a: Blissey
|-damage|p1a: Blissey|47/100
|
|-weather|RainDance|[upkeep]
|upkeep
|turn|9
|
|t:|1654759797
|switch|p2a: Scizor|Scizor, F|100/100
|move|p1a: Blissey|Tri Attack|p2a: Scizor
|-resisted|p2a: Scizor
|-damage|p2a: Scizor|76/100
|-status|p2a: Scizor|frz
|
|-weather|none
|upkeep
|turn|10
|
|t:|1654759804
|switch|p1a: Machamp|Machamp, M|100/100
|-damage|p1a: Machamp|94/100|[from] Stealth Rock
|cant|p2a: Scizor|frz
|
|upkeep
|turn|11
|
|t:|1654759808
|switch|p2a: Mudsdale|Mudsdale, F, shiny|100/100
|move|p1a: Machamp|Focus Blast|p2a: Mudsdale
|-damage|p2a: Mudsdale|45/100
|-ability|p2a: Mudsdale|Stamina|boost
|-boost|p2a: Mudsdale|def|1
|-damage|p1a: Machamp|85/100|[from] item: Life Orb
|
|-heal|p2a: Mudsdale|51/100|[from] item: Leftovers
|upkeep
|turn|12
|
|t:|1654759818
|switch|p2a: Victini|Victini|100/100
|move|p1a: Machamp|Focus Blast|p2a: Victini
|-resisted|p2a: Victini
|-crit|p2a: Victini
|-damage|p2a: Victini|61/100
|-damage|p1a: Machamp|75/100|[from] item: Life Orb
|
|upkeep
|turn|13
|
|t:|1654759826
|switch|p1a: Blissey|Blissey, F|47/100
|move|p2a: Victini|Bolt Strike|p1a: Blissey
|-damage|p1a: Blissey|0 fnt
|faint|p1a: Blissey
|
|upkeep
|
|t:|1654759829
|switch|p1a: Ferrothorn|Ferrothorn, F|100/100
|-damage|p1a: Ferrothorn|95/100|[from] Stealth Rock
|turn|14
|
|t:|1654759837
|switch|p2a: Scizor|Scizor, F|76/100 frz
|move|p1a: Ferrothorn|Knock Off|p2a: Scizor
|-damage|p2a: Scizor|25/100 frz
|-enditem|p2a: Scizor|Life Orb|[from] move: Knock Off|[of] p1a: Ferrothorn
|
|upkeep
|turn|15
|
|t:|1654759841
|cant|p2a: Scizor|frz
|move|p1a: Ferrothorn|Knock Off|p2a: Scizor
|-damage|p2a: Scizor|0 fnt
|faint|p2a: Scizor
|
|upkeep
|
|t:|1654759845
|switch|p2a: Victini|Victini|61/100
|turn|16
|
|t:|1654759849
|switch|p1a: Celesteela|Celesteela|30/100
|-damage|p1a: Celesteela|18/100|[from] Stealth Rock
|move|p2a: Victini|V-create|p1a: Celesteela
|-supereffective|p1a: Celesteela
|-damage|p1a: Celesteela|0 fnt
|-unboost|p2a: Victini|spe|1
|-unboost|p2a: Victini|def|1
|-unboost|p2a: Victini|spd|1
|faint|p1a: Celesteela
|
|upkeep
|
|t:|1654759858
|switch|p1a: Toxapex|Toxapex, M|100/100
|-damage|p1a: Toxapex|88/100|[from] Stealth Rock
|turn|17
|
|t:|1654759865
|switch|p2a: Mudsdale|Mudsdale, F, shiny|51/100
|move|p1a: Toxapex|Gunk Shot|p2a: Mudsdale
|-resisted|p2a: Mudsdale
|-damage|p2a: Mudsdale|38/100
|-status|p2a: Mudsdale|psn
|-ability|p2a: Mudsdale|Stamina|boost
|-boost|p2a: Mudsdale|def|1
|
|-heal|p2a: Mudsdale|44/100 psn|[from] item: Leftovers
|-damage|p2a: Mudsdale|32/100 psn|[from] psn
|upkeep
|turn|18
|
|t:|1654759871
|switch|p1a: Clefable|Clefable, F|100/100
|move|p2a: Mudsdale|Earthquake|p1a: Clefable
|-damage|p1a: Clefable|53/100
|
|-heal|p2a: Mudsdale|38/100 psn|[from] item: Leftovers
|-damage|p2a: Mudsdale|25/100 psn|[from] psn
|upkeep
|turn|19
|
|t:|1654759875
|switch|p2a: Victini|Victini|61/100
|move|p1a: Clefable|Moonblast|p2a: Victini
|-resisted|p2a: Victini
|-damage|p2a: Victini|30/100
|
|upkeep
|turn|20
|
|t:|1654759880
|move|p2a: Victini|V-create|p1a: Clefable
|-damage|p1a: Clefable|0 fnt
|-unboost|p2a: Victini|spe|1
|-unboost|p2a: Victini|def|1
|-unboost|p2a: Victini|spd|1
|faint|p1a: Clefable
|
|upkeep
|
|t:|1654759883
|switch|p1a: Toxapex|Toxapex, M|100/100
|-damage|p1a: Toxapex|88/100|[from] Stealth Rock
|turn|21
|
|t:|1654759896
|switch|p2a: Mudsdale|Mudsdale, F, shiny|25/100 psn
|move|p1a: Toxapex|Gunk Shot|p2a: Mudsdale
|-resisted|p2a: Mudsdale
|-damage|p2a: Mudsdale|13/100 psn
|-ability|p2a: Mudsdale|Stamina|boost
|-boost|p2a: Mudsdale|def|1
|
|-heal|p2a: Mudsdale|19/100 psn|[from] item: Leftovers
|-damage|p2a: Mudsdale|6/100 psn|[from] psn
|upkeep
|turn|22
|
|t:|1654759902
|switch|p1a: Ferrothorn|Ferrothorn, F|95/100
|-damage|p1a: Ferrothorn|89/100|[from] Stealth Rock
|move|p2a: Mudsdale|Earthquake|p1a: Ferrothorn
|-damage|p1a: Ferrothorn|57/100
|
|-heal|p2a: Mudsdale|13/100 psn|[from] item: Leftovers
|-damage|p2a: Mudsdale|0 fnt|[from] psn
|faint|p2a: Mudsdale
|upkeep
|
|t:|1654759909
|switch|p2a: Victini|Victini|30/100
|turn|23
|
|t:|1654759913
|move|p2a: Victini|V-create|p1a: Ferrothorn
|-supereffective|p1a: Ferrothorn
|-damage|p1a: Ferrothorn|0 fnt
|-unboost|p2a: Victini|spe|1
|-unboost|p2a: Victini|def|1
|-unboost|p2a: Victini|spd|1
|-damage|p2a: Victini|18/100|[from] ability: Iron Barbs|[of] p1a: Ferrothorn
|faint|p1a: Ferrothorn
|
|upkeep
|
|t:|1654759917
|switch|p1a: Toxapex|Toxapex, M|100/100
|-damage|p1a: Toxapex|88/100|[from] Stealth Rock
|turn|24
|
|t:|1654759930
|move|p2a: Victini|V-create|p1a: Toxapex
|-resisted|p1a: Toxapex
|-damage|p1a: Toxapex|40/100
|-unboost|p2a: Victini|spe|1
|-unboost|p2a: Victini|def|1
|-unboost|p2a: Victini|spd|1
|move|p1a: Toxapex|Gunk Shot|p2a: Victini
|-damage|p2a: Victini|0 fnt
|faint|p2a: Victini
|
|upkeep
|
|t:|1654759933
|switch|p2a: Heliolisk|Heliolisk, F|91/100
|turn|25
|j| p74
|
|t:|1654759936
|move|p2a: Heliolisk|Volt Switch|p1a: Toxapex
|-supereffective|p1a: Toxapex
|-damage|p1a: Toxapex|0 fnt
|faint|p1a: Toxapex
|-damage|p2a: Heliolisk|81/100|[from] item: Life Orb
|
|t:|1654759938
|switch|p2a: Kingdra|Kingdra, M|100/100|[from]move: Volt Switch
|
|upkeep
|
|t:|1654759940
|switch|p1a: Machamp|Machamp, M|75/100
|-damage|p1a: Machamp|69/100|[from] Stealth Rock
|turn|26
|l| Terry B bestdlc
|
|t:|1654759945
|move|p2a: Kingdra|Draco Meteor|p1a: Machamp
|-damage|p1a: Machamp|0 fnt
|-unboost|p2a: Kingdra|spa|2
|faint|p1a: Machamp
|
|win|Gotham Paladin
|raw|Regitrump's rating: 1609 &rarr; <strong>1589</strong><br />(-20 for losing)
|raw|Gotham Paladin's rating: 1614 &rarr; <strong>1634</strong><br />(+20 for winning)
|l|☆Regitrump
|l|☆Gotham Paladin
