|j|☆Le-Perpetrator
|j|☆damorush
|t:|1640710215
|gametype|singles
|player|p1|Le-Perpetrator|101|1595
|player|p2|damorush|alder|1640
|teamsize|p1|6
|teamsize|p2|6
|gen|8
|tier|[Gen 8] OU
|rated|
|rule|Sleep Clause Mod: Limit one foe put to sleep
|rule|Species Clause: Limit one of each Pokémon
|rule|OHKO Clause: OHKO moves are banned
|rule|Evasion Moves Clause: Evasion moves are banned
|rule|Endless Battle Clause: Forcing endless battles is banned
|rule|HP Percentage Mod: HP is shown in percentages
|rule|Dynamax Clause: You cannot dynamax
|clearpoke
|poke|p1|Dragapult, F|
|poke|p1|Toxapex, M|
|poke|p1|Ferrothorn, M|
|poke|p1|Hatterene, F|
|poke|p1|Landorus-Therian, M|
|poke|p1|Victini|
|poke|p2|Dragapult, M|
|poke|p2|Tapu Lele|
|poke|p2|Volcarona, M|
|poke|p2|Blacephalon|
|poke|p2|Garchomp, F|
|poke|p2|Shuckle, M|
|teampreview
|j| LaurierLaurier
|j| Lachamaille
|
|t:|1640710234
|start
|switch|p1a: BillieEllish|Landorus-Therian, M|100/100
|switch|p2a: Blacephalon|Blacephalon|100/100
|-ability|p1a: BillieEllish|Intimidate|boost
|-unboost|p2a: Blacephalon|atk|1
|turn|1
|
|t:|1640710243
|switch|p1a: NastyInsertion|Toxapex, M|100/100
|move|p2a: Blacephalon|Overheat|p1a: NastyInsertion
|-resisted|p1a: NastyInsertion
|-damage|p1a: NastyInsertion|72/100
|-unboost|p2a: Blacephalon|spa|2
|
|-heal|p1a: NastyInsertion|78/100|[from] item: Black Sludge
|upkeep
|turn|2
|l| Lachamaille
|j| Lachamaille
|
|t:|1640710253
|switch|p2a: Tapu Lele|Tapu Lele|100/100
|-fieldstart|move: Psychic Terrain|[from] ability: Psychic Surge|[of] p2a: Tapu Lele
|move|p1a: NastyInsertion|Toxic Spikes|p2a: Tapu Lele
|-sidestart|p2: damorush|move: Toxic Spikes
|
|-heal|p1a: NastyInsertion|84/100|[from] item: Black Sludge
|upkeep
|turn|3
|
|t:|1640710265
|switch|p1a: SpankBang|Victini|100/100
|move|p2a: Tapu Lele|Psychic|p1a: SpankBang
|-resisted|p1a: SpankBang
|-crit|p1a: SpankBang
|-damage|p1a: SpankBang|24/100
|
|upkeep
|turn|4
|l| Lachamaille
|j| Lachamaille
|
|t:|1640710274
|switch|p2a: Shuckle|Shuckle, M|100/100
|-status|p2a: Shuckle|psn
|move|p1a: SpankBang|Zen Headbutt|p2a: Shuckle
|-damage|p2a: Shuckle|63/100 psn
|-enditem|p2a: Shuckle|Red Card|[of] p1a: SpankBang
|drag|p1a: NastyInsertion|Toxapex, M|100/100
|
|-damage|p2a: Shuckle|51/100 psn|[from] psn
|upkeep
|turn|5
|l| Lachamaille
|
|t:|1640710285
|switch|p1a: Condom|Hatterene, F|100/100
|move|p2a: Shuckle|Final Gambit|p1a: Condom
|-damage|p1a: Condom|62/100
|faint|p2a: Shuckle
|
|upkeep
|
|t:|1640710293
|switch|p2a: Blacephalon|Blacephalon|100/100
|-status|p2a: Blacephalon|psn
|turn|6
|j| Lachamaille
|
|t:|1640710301
|switch|p1a: NastyInsertion|Toxapex, M|100/100
|move|p2a: Blacephalon|Shadow Ball|p1a: NastyInsertion
|-damage|p1a: NastyInsertion|64/100
|-unboost|p1a: NastyInsertion|spd|1
|
|-heal|p1a: NastyInsertion|70/100|[from] item: Black Sludge
|-damage|p2a: Blacephalon|88/100 psn|[from] psn
|-fieldend|move: Psychic Terrain
|upkeep
|turn|7
|l| Lachamaille
|
|t:|1640710311
|move|p2a: Blacephalon|Shadow Ball|p1a: NastyInsertion
|-damage|p1a: NastyInsertion|17/100
|-unboost|p1a: NastyInsertion|spd|1
|move|p1a: NastyInsertion|Scald|p2a: Blacephalon
|-supereffective|p2a: Blacephalon
|-damage|p2a: Blacephalon|22/100 psn
|
|-heal|p1a: NastyInsertion|23/100|[from] item: Black Sludge
|-damage|p2a: Blacephalon|10/100 psn|[from] psn
|upkeep
|turn|8
|j| Lachamaille
|
|t:|1640710323
|move|p1a: NastyInsertion|Baneful Bunker|p1a: NastyInsertion
|-singleturn|p1a: NastyInsertion|move: Protect
|move|p2a: Blacephalon|Shadow Ball|p1a: NastyInsertion
|-activate|p1a: NastyInsertion|move: Protect
|
|-heal|p1a: NastyInsertion|29/100|[from] item: Black Sludge
|-damage|p2a: Blacephalon|0 fnt|[from] psn
|faint|p2a: Blacephalon
|upkeep
|
|t:|1640710334
|switch|p2a: Tapu Lele|Tapu Lele|100/100
|-status|p2a: Tapu Lele|psn
|-fieldstart|move: Psychic Terrain|[from] ability: Psychic Surge|[of] p2a: Tapu Lele
|turn|9
|
|t:|1640710342
|switch|p1a: SoftontheInside|Ferrothorn, M|100/100
|move|p2a: Tapu Lele|Psychic|p1a: SoftontheInside
|-resisted|p1a: SoftontheInside
|-damage|p1a: SoftontheInside|67/100
|
|-damage|p2a: Tapu Lele|88/100 psn|[from] psn
|upkeep
|turn|10
|l| Lachamaille
|
|t:|1640710350
|move|p2a: Tapu Lele|Psychic|p1a: SoftontheInside
|-resisted|p1a: SoftontheInside
|-damage|p1a: SoftontheInside|33/100
|move|p1a: SoftontheInside|Gyro Ball|p2a: Tapu Lele
|-supereffective|p2a: Tapu Lele
|-damage|p2a: Tapu Lele|0 fnt
|faint|p2a: Tapu Lele
|
|upkeep
|
|t:|1640710359
|switch|p2a: Garchomp|Garchomp, F|100/100
|-status|p2a: Garchomp|psn
|turn|11
|
|t:|1640710365
|move|p2a: Garchomp|Scale Shot|p1a: SoftontheInside
|-resisted|p1a: SoftontheInside
|-damage|p1a: SoftontheInside|28/100
|-resisted|p1a: SoftontheInside
|-damage|p1a: SoftontheInside|24/100
|-hitcount|p1a: SoftontheInside|2
|-unboost|p2a: Garchomp|def|1
|-boost|p2a: Garchomp|spe|1
|move|p1a: SoftontheInside|Leech Seed|p2a: Garchomp
|-start|p2a: Garchomp|move: Leech Seed
|
|-damage|p2a: Garchomp|88/100 psn|[from] Leech Seed|[of] p1a: SoftontheInside
|-heal|p1a: SoftontheInside|36/100|[silent]
|-damage|p2a: Garchomp|76/100 psn|[from] psn
|upkeep
|turn|12
|j| Lachamaille
|
|t:|1640710379
|move|p2a: Garchomp|Earthquake|p1a: SoftontheInside
|-damage|p1a: SoftontheInside|0 fnt
|faint|p1a: SoftontheInside
|
|-heal|p2a: Garchomp|82/100 psn|[from] item: Leftovers
|-damage|p2a: Garchomp|70/100 psn|[from] psn
|upkeep
|
|t:|1640710386
|switch|p1a: BillieEllish|Landorus-Therian, M|100/100
|-ability|p1a: BillieEllish|Intimidate|boost
|-unboost|p2a: Garchomp|atk|1
|turn|13
|
|t:|1640710394
|move|p2a: Garchomp|Scale Shot|p1a: BillieEllish
|-damage|p1a: BillieEllish|89/100
|-damage|p1a: BillieEllish|79/100
|-damage|p1a: BillieEllish|68/100
|-hitcount|p1a: BillieEllish|3
|-unboost|p2a: Garchomp|def|1
|-boost|p2a: Garchomp|spe|1
|move|p1a: BillieEllish|Earthquake|p2a: Garchomp
|-damage|p2a: Garchomp|0 fnt
|faint|p2a: Garchomp
|
|-fieldend|move: Psychic Terrain
|upkeep
|l| Lachamaille
|
|t:|1640710407
|switch|p2a: Dragapult|Dragapult, M|100/100
|-status|p2a: Dragapult|psn
|turn|14
|
|t:|1640710413
|move|p2a: Dragapult|Dragon Darts|p1a: BillieEllish
|-crit|p1a: BillieEllish
|-damage|p1a: BillieEllish|24/100
|-anim|p2a: Dragapult|Dragon Darts|p1a: BillieEllish
|-damage|p1a: BillieEllish|0 fnt
|faint|p1a: BillieEllish
|
|-damage|p2a: Dragapult|88/100 psn|[from] psn
|upkeep
|
|t:|1640710421
|switch|p1a: Condom|Hatterene, F|62/100
|turn|15
|
|t:|1640710426
|move|p2a: Dragapult|Phantom Force||[still]
|-prepare|p2a: Dragapult|Phantom Force
|move|p1a: Condom|Psyshock|p2a: Dragapult|[miss]
|-miss|p1a: Condom|p2a: Dragapult
|
|-heal|p2a: Dragapult|94/100 psn|[from] item: Leftovers
|-damage|p2a: Dragapult|82/100 psn|[from] psn
|upkeep
|turn|16
|
|t:|1640710438
|move|p2a: Dragapult|Phantom Force|p1a: Condom|[from]lockedmove
|-supereffective|p1a: Condom
|-damage|p1a: Condom|0 fnt
|faint|p1a: Condom
|
|-heal|p2a: Dragapult|88/100 psn|[from] item: Leftovers
|-damage|p2a: Dragapult|76/100 psn|[from] psn
|upkeep
|
|t:|1640710448
|switch|p1a: NastyInsertion|Toxapex, M|63/100
|turn|17
|
|t:|1640710451
|move|p2a: Dragapult|Dragon Dance|p2a: Dragapult
|-boost|p2a: Dragapult|atk|1
|-boost|p2a: Dragapult|spe|1
|move|p1a: NastyInsertion|Recover|p1a: NastyInsertion
|-heal|p1a: NastyInsertion|100/100
|
|-heal|p2a: Dragapult|82/100 psn|[from] item: Leftovers
|-damage|p2a: Dragapult|69/100 psn|[from] psn
|upkeep
|turn|18
|
|t:|1640710460
|move|p2a: Dragapult|Dragon Dance|p2a: Dragapult
|-boost|p2a: Dragapult|atk|1
|-boost|p2a: Dragapult|spe|1
|move|p1a: NastyInsertion|Scald|p2a: Dragapult
|-resisted|p2a: Dragapult
|-damage|p2a: Dragapult|54/100 psn
|
|-heal|p2a: Dragapult|60/100 psn|[from] item: Leftovers
|-damage|p2a: Dragapult|48/100 psn|[from] psn
|upkeep
|turn|19
|
|t:|1640710471
|move|p2a: Dragapult|Dragon Darts|p1a: NastyInsertion
|-damage|p1a: NastyInsertion|66/100
|-anim|p2a: Dragapult|Dragon Darts|p1a: NastyInsertion
|-damage|p1a: NastyInsertion|27/100
|move|p1a: NastyInsertion|Scald|p2a: Dragapult
|-resisted|p2a: Dragapult
|-damage|p2a: Dragapult|33/100 psn
|
|-heal|p2a: Dragapult|39/100 psn|[from] item: Leftovers
|-heal|p1a: NastyInsertion|33/100|[from] item: Black Sludge
|-damage|p2a: Dragapult|27/100 psn|[from] psn
|upkeep
|turn|20
|
|t:|1640710486
|move|p1a: NastyInsertion|Baneful Bunker|p1a: NastyInsertion
|-singleturn|p1a: NastyInsertion|move: Protect
|move|p2a: Dragapult|Dragon Darts|p1a: NastyInsertion
|-activate|p1a: NastyInsertion|move: Protect
|
|-heal|p2a: Dragapult|33/100 psn|[from] item: Leftovers
|-heal|p1a: NastyInsertion|40/100|[from] item: Black Sludge
|-damage|p2a: Dragapult|21/100 psn|[from] psn
|upkeep
|turn|21
|
|t:|1640710496
|switch|p1a: SpankBang|Victini|24/100
|move|p2a: Dragapult|Dragon Darts|p1a: SpankBang
|-damage|p1a: SpankBang|0 fnt
|faint|p1a: SpankBang
|
|-heal|p2a: Dragapult|27/100 psn|[from] item: Leftovers
|-damage|p2a: Dragapult|14/100 psn|[from] psn
|upkeep
|
|t:|1640710506
|switch|p1a: NastyInsertion|Toxapex, M|73/100
|turn|22
|
|t:|1640710510
|move|p1a: NastyInsertion|Baneful Bunker|p1a: NastyInsertion
|-singleturn|p1a: NastyInsertion|move: Protect
|move|p2a: Dragapult|Dragon Darts|p1a: NastyInsertion
|-activate|p1a: NastyInsertion|move: Protect
|
|-heal|p2a: Dragapult|20/100 psn|[from] item: Leftovers
|-heal|p1a: NastyInsertion|79/100|[from] item: Black Sludge
|-damage|p2a: Dragapult|8/100 psn|[from] psn
|upkeep
|turn|23
|
|t:|1640710520
|move|p2a: Dragapult|Dragon Darts|p1a: NastyInsertion
|-damage|p1a: NastyInsertion|43/100
|-anim|p2a: Dragapult|Dragon Darts|p1a: NastyInsertion
|-damage|p1a: NastyInsertion|3/100
|move|p1a: NastyInsertion|Recover|p1a: NastyInsertion
|-heal|p1a: NastyInsertion|53/100
|
|-heal|p2a: Dragapult|14/100 psn|[from] item: Leftovers
|-heal|p1a: NastyInsertion|59/100|[from] item: Black Sludge
|-damage|p2a: Dragapult|2/100 psn|[from] psn
|upkeep
|turn|24
|
|t:|1640710532
|switch|p2a: Volcarona|Volcarona, M|100/100
|move|p1a: NastyInsertion|Recover|p1a: NastyInsertion
|-heal|p1a: NastyInsertion|100/100
|
|upkeep
|turn|25
|
|t:|1640710539
|switch|p1a: Shadow|Dragapult, F|100/100
|move|p2a: Volcarona|Quiver Dance|p2a: Volcarona
|-boost|p2a: Volcarona|spa|1
|-boost|p2a: Volcarona|spd|1
|-boost|p2a: Volcarona|spe|1
|
|upkeep
|turn|26
|
|t:|1640710546
|move|p2a: Volcarona|Quiver Dance|p2a: Volcarona
|-boost|p2a: Volcarona|spa|1
|-boost|p2a: Volcarona|spd|1
|-boost|p2a: Volcarona|spe|1
|move|p1a: Shadow|Dragon Darts|p2a: Volcarona
|-damage|p2a: Volcarona|42/100
|-anim|p1a: Shadow|Dragon Darts|p2a: Volcarona
|-damage|p2a: Volcarona|0 fnt
|faint|p2a: Volcarona
|
|upkeep
|-message|damorush forfeited.
|
|win|Le-Perpetrator
|raw|Le-Perpetrator's rating: 1595 &rarr; <strong>1618</strong><br />(+23 for winning)
|raw|damorush's rating: 1640 &rarr; <strong>1617</strong><br />(-23 for losing)
