|html|<div class="broadcast-blue"><strong>[Gen 8] OU is currently suspecting Melmetal! For information on how to participate check out the <a href="https://www.smogon.com/forums/threads/np-ss-ou-suspect-process-round-12-monster-mash.3709234/">suspect thread</a>.</strong></div>
|j|☆ChandosH
|j|☆piaoz2002
|t:|1665967656
|gametype|singles
|player|p1|ChandosH|n-masters|1569
|player|p2|piaoz2002|steven|1665
|teamsize|p1|6
|teamsize|p2|6
|gen|8
|tier|[Gen 8] OU
|rated|
|rule|Sleep Clause Mod: Limit one foe put to sleep
|rule|Species Clause: Limit one of each Pokémon
|rule|OHKO Clause: OHKO moves are banned
|rule|Evasion Items Clause: Evasion items are banned
|rule|Evasion Moves Clause: Evasion moves are banned
|rule|Endless Battle Clause: Forcing endless battles is banned
|rule|HP Percentage Mod: HP is shown in percentages
|rule|Dynamax Clause: You cannot dynamax
|clearpoke
|poke|p1|Keldeo-Resolute|
|poke|p1|Tapu Lele|
|poke|p1|Dragapult, M|
|poke|p1|Ferrothorn, M|
|poke|p1|Landorus-Therian, M|
|poke|p1|Heatran, F|
|poke|p2|Tyranitar, M|
|poke|p2|Excadrill, F|
|poke|p2|Tangrowth, M|
|poke|p2|Rotom-Wash|
|poke|p2|Blissey, F|
|poke|p2|Volcarona, M|
|teampreview
|inactive|Battle timer is ON: inactive players will automatically lose when time's up. (requested by piaoz2002)
|c|☆ChandosH|this looks like a gen 5 team tbh
|inactive|ChandosH has 120 seconds left.
|
|t:|1665967695
|start
|switch|p1a: Dragapult|Dragapult, M|100/100
|switch|p2a: Rotom|Rotom-Wash, shiny|100/100
|turn|1
|
|t:|1665967705
|move|p1a: Dragapult|U-turn|p2a: Rotom
|-damage|p2a: Rotom|58/100
|
|t:|1665967711
|switch|p1a: Ferrothorn|Ferrothorn, M|100/100|[from]move: U-turn
|move|p2a: Rotom|Toxic|p1a: Ferrothorn
|-immune|p1a: Ferrothorn
|
|-heal|p2a: Rotom|64/100|[from] item: Leftovers
|upkeep
|turn|2
|
|t:|1665967716
|move|p2a: Rotom|Volt Switch|p1a: Ferrothorn
|-resisted|p1a: Ferrothorn
|-damage|p1a: Ferrothorn|93/100
|
|t:|1665967718
|switch|p2a: Tangrowth|Tangrowth, M|100/100|[from]move: Volt Switch
|move|p1a: Ferrothorn|Spikes|p2a: Tangrowth
|-sidestart|p2: piaoz2002|Spikes
|
|-heal|p1a: Ferrothorn|99/100|[from] item: Leftovers
|upkeep
|turn|3
|
|t:|1665967735
|switch|p1a: Landorus|Landorus-Therian, M|100/100
|-ability|p1a: Landorus|Intimidate|boost
|-unboost|p2a: Tangrowth|atk|1
|move|p2a: Tangrowth|Knock Off|p1a: Landorus
|-damage|p1a: Landorus|85/100
|-enditem|p1a: Landorus|Leftovers|[from] move: Knock Off|[of] p2a: Tangrowth
|
|upkeep
|turn|4
|
|t:|1665967744
|move|p1a: Landorus|Toxic|p2a: Tangrowth
|-status|p2a: Tangrowth|tox
|move|p2a: Tangrowth|Sleep Powder|p1a: Landorus
|-status|p1a: Landorus|slp|[from] move: Sleep Powder
|
|-damage|p2a: Tangrowth|94/100 tox|[from] psn
|upkeep
|turn|5
|
|t:|1665967752
|switch|p1a: Heatran|Heatran, F|100/100
|switch|p2a: Blissey|Blissey, F|100/100
|
|upkeep
|turn|6
|
|t:|1665967764
|move|p1a: Heatran|Stealth Rock|p2a: Blissey
|-sidestart|p2: piaoz2002|move: Stealth Rock
|move|p2a: Blissey|Seismic Toss|p1a: Heatran
|-damage|p1a: Heatran|70/100
|
|-heal|p1a: Heatran|76/100|[from] item: Leftovers
|upkeep
|turn|7
|
|t:|1665967768
|switch|p1a: Dragapult|Dragapult, M|100/100
|move|p2a: Blissey|Seismic Toss|p1a: Dragapult
|-immune|p1a: Dragapult
|
|upkeep
|turn|8
|
|t:|1665967775
|switch|p2a: Tangrowth|Tangrowth, M|100/100 tox
|-damage|p2a: Tangrowth|88/100 tox|[from] Spikes
|-damage|p2a: Tangrowth|76/100 tox|[from] Stealth Rock
|move|p1a: Dragapult|Dragon Darts|p2a: Tangrowth
|-damage|p2a: Tangrowth|54/100 tox
|-anim|p1a: Dragapult|Dragon Darts|p2a: Tangrowth
|-damage|p2a: Tangrowth|34/100 tox
|
|-damage|p2a: Tangrowth|27/100 tox|[from] psn
|upkeep
|turn|9
|
|t:|1665967795
|switch|p2a: Rotom|Rotom-Wash, shiny|64/100
|-damage|p2a: Rotom|52/100|[from] Stealth Rock
|move|p1a: Dragapult|Dragon Darts|p2a: Rotom
|-damage|p2a: Rotom|11/100
|-anim|p1a: Dragapult|Dragon Darts|p2a: Rotom
|-damage|p2a: Rotom|0 fnt
|faint|p2a: Rotom
|
|upkeep
|
|t:|1665967797
|switch|p2a: Tyranitar|Tyranitar, M|100/100
|-damage|p2a: Tyranitar|88/100|[from] Spikes
|-damage|p2a: Tyranitar|76/100|[from] Stealth Rock
|-weather|Sandstorm|[from] ability: Sand Stream|[of] p2a: Tyranitar
|turn|10
|
|t:|1665967802
|move|p1a: Dragapult|Dragon Darts|p2a: Tyranitar
|-damage|p2a: Tyranitar|39/100
|-anim|p1a: Dragapult|Dragon Darts|p2a: Tyranitar
|-damage|p2a: Tyranitar|7/100
|move|p2a: Tyranitar|Superpower|p1a: Dragapult
|-immune|p1a: Dragapult
|
|-weather|Sandstorm|[upkeep]
|-damage|p1a: Dragapult|95/100|[from] Sandstorm
|upkeep
|turn|11
|-message|piaoz2002 forfeited.
|
|win|ChandosH
|raw|ChandosH's rating: 1569 &rarr; <strong>1594</strong><br />(+25 for winning)
|raw|piaoz2002's rating: 1665 &rarr; <strong>1640</strong><br />(-25 for losing)
|l|☆piaoz2002
||Ladder isn't responding, score probably updated but might not have (Request timeout).
