|j|☆ElStefano
|j|☆Aigr
|t:|1654683132
|gametype|singles
|player|p1|ElStefano|170|1558
|player|p2|Aigr|hilbert|1606
|teamsize|p1|6
|teamsize|p2|6
|gen|8
|tier|[Gen 8] OU
|rated|
|rule|Sleep Clause Mod: Limit one foe put to sleep
|rule|Species Clause: Limit one of each Pokémon
|rule|OHKO Clause: OHKO moves are banned
|rule|Evasion Moves Clause: Evasion moves are banned
|rule|Endless Battle Clause: Forcing endless battles is banned
|rule|HP Percentage Mod: HP is shown in percentages
|rule|Dynamax Clause: You cannot dynamax
|clearpoke
|poke|p1|Tapu Lele|
|poke|p1|Weavile, M|
|poke|p1|Volcarona, F|
|poke|p1|Seismitoad, M|
|poke|p1|Corviknight, F|
|poke|p1|Blacephalon|
|poke|p2|Kartana|
|poke|p2|Heatran, M|
|poke|p2|Landorus-Therian, M|
|poke|p2|Slowbro, M|
|poke|p2|Umbreon, M|
|poke|p2|Tapu Koko|
|teampreview
|
|t:|1654683145
|start
|switch|p1a: Weavile|Weavile, M|100/100
|switch|p2a: Kartana|Kartana|100/100
|turn|1
|
|t:|1654683152
|switch|p1a: Volcarona|Volcarona, F|100/100
|move|p2a: Kartana|Sacred Sword|p1a: Volcarona
|-resisted|p1a: Volcarona
|-damage|p1a: Volcarona|74/100
|-status|p2a: Kartana|brn|[from] ability: Flame Body|[of] p1a: Volcarona
|
|-damage|p2a: Kartana|94/100 brn|[from] brn
|upkeep
|turn|2
|
|t:|1654683158
|switch|p2a: Heatran|Heatran, M|100/100
|switch|p1a: Weavile|Weavile, M|100/100
|
|upkeep
|turn|3
|
|t:|1654683162
|move|p1a: Weavile|Low Kick|p2a: Heatran
|-supereffective|p2a: Heatran
|-damage|p2a: Heatran|22/100
|move|p2a: Heatran|Toxic|p1a: Weavile
|-status|p1a: Weavile|tox
|
|-heal|p2a: Heatran|28/100|[from] item: Leftovers
|-damage|p1a: Weavile|94/100 tox|[from] psn
|upkeep
|turn|4
|
|t:|1654683171
|switch|p1a: Tapu Lele|Tapu Lele|100/100
|-fieldstart|move: Psychic Terrain|[from] ability: Psychic Surge|[of] p1a: Tapu Lele
|move|p2a: Heatran|Protect||[still]
|-fail|p2a: Heatran
|
|-heal|p2a: Heatran|34/100|[from] item: Leftovers
|upkeep
|turn|5
|
|t:|1654683178
|move|p2a: Heatran|Protect|p2a: Heatran
|-singleturn|p2a: Heatran|Protect
|move|p1a: Tapu Lele|Focus Blast|p2a: Heatran
|-activate|p2a: Heatran|move: Protect
|
|-heal|p2a: Heatran|40/100|[from] item: Leftovers
|upkeep
|turn|6
|
|t:|1654683183
|switch|p2a: Landorus|Landorus-Therian, M|100/100
|-ability|p2a: Landorus|Intimidate|boost
|-unboost|p1a: Tapu Lele|atk|1
|move|p1a: Tapu Lele|Moonblast|p2a: Landorus
|-damage|p2a: Landorus|63/100
|
|-heal|p2a: Landorus|69/100|[from] item: Leftovers
|upkeep
|turn|7
|
|t:|1654683187
|move|p1a: Tapu Lele|Psyshock|p2a: Landorus
|-damage|p2a: Landorus|21/100
|move|p2a: Landorus|U-turn|p1a: Tapu Lele
|-damage|p1a: Tapu Lele|68/100
|
|t:|1654683195
|switch|p2a: Heatran|Heatran, M|40/100|[from]move: U-turn
|
|-heal|p2a: Heatran|46/100|[from] item: Leftovers
|upkeep
|turn|8
|inactive|Battle timer is ON: inactive players will automatically lose when time's up. (requested by Aigr)
|
|t:|1654683202
|move|p2a: Heatran|Protect|p2a: Heatran
|-singleturn|p2a: Heatran|Protect
|move|p1a: Tapu Lele|Focus Blast|p2a: Heatran
|-activate|p2a: Heatran|move: Protect
|
|-heal|p2a: Heatran|53/100|[from] item: Leftovers
|-fieldend|move: Psychic Terrain
|upkeep
|turn|9
|
|t:|1654683207
|switch|p2a: Slowbro|Slowbro, M|100/100
|move|p1a: Tapu Lele|Focus Blast|p2a: Slowbro
|-resisted|p2a: Slowbro
|-damage|p2a: Slowbro|86/100
|
|upkeep
|turn|10
|
|t:|1654683211
|move|p1a: Tapu Lele|Calm Mind|p1a: Tapu Lele
|-boost|p1a: Tapu Lele|spa|1
|-boost|p1a: Tapu Lele|spd|1
|move|p2a: Slowbro|Future Sight|p1a: Tapu Lele
|-start|p2a: Slowbro|move: Future Sight
|
|upkeep
|turn|11
|
|t:|1654683215
|move|p1a: Tapu Lele|Moonblast|p2a: Slowbro
|-damage|p2a: Slowbro|32/100
|move|p2a: Slowbro|Teleport|p2a: Slowbro
|
|t:|1654683219
|switch|p2a: Kartana|Kartana|94/100 brn|[from]move: Teleport
|
|-damage|p2a: Kartana|88/100 brn|[from] brn
|upkeep
|turn|12
|
|t:|1654683225
|switch|p1a: Corviknight|Corviknight, F|100/100
|-ability|p1a: Corviknight|Pressure
|move|p2a: Kartana|Smart Strike|p1a: Corviknight
|-resisted|p1a: Corviknight
|-damage|p1a: Corviknight|86/100
|
|-end|p1a: Corviknight|move: Future Sight
|-resisted|p1a: Corviknight
|-damage|p1a: Corviknight|72/100
|-heal|p1a: Corviknight|78/100|[from] item: Leftovers
|-damage|p2a: Kartana|82/100 brn|[from] brn
|upkeep
|turn|13
|
|t:|1654683229
|switch|p2a: Heatran|Heatran, M|53/100
|move|p1a: Corviknight|U-turn|p2a: Heatran
|-resisted|p2a: Heatran
|-damage|p2a: Heatran|51/100
|
|t:|1654683233
|switch|p1a: Seismitoad|Seismitoad, M|100/100|[from]move: U-turn
|
|-heal|p2a: Heatran|57/100|[from] item: Leftovers
|upkeep
|turn|14
|
|t:|1654683236
|move|p2a: Heatran|Toxic|p1a: Seismitoad
|-status|p1a: Seismitoad|tox
|move|p1a: Seismitoad|Stealth Rock|p2a: Heatran
|-sidestart|p2: Aigr|move: Stealth Rock
|
|-heal|p2a: Heatran|63/100|[from] item: Leftovers
|-damage|p1a: Seismitoad|94/100 tox|[from] psn
|upkeep
|turn|15
|
|t:|1654683243
|switch|p1a: Tapu Lele|Tapu Lele|68/100
|-fieldstart|move: Psychic Terrain|[from] ability: Psychic Surge|[of] p1a: Tapu Lele
|move|p2a: Heatran|Protect||[still]
|-fail|p2a: Heatran
|
|-heal|p2a: Heatran|69/100|[from] item: Leftovers
|upkeep
|turn|16
|
|t:|1654683248
|move|p2a: Heatran|Protect|p2a: Heatran
|-singleturn|p2a: Heatran|Protect
|move|p1a: Tapu Lele|Calm Mind|p1a: Tapu Lele
|-boost|p1a: Tapu Lele|spa|1
|-boost|p1a: Tapu Lele|spd|1
|
|-heal|p2a: Heatran|76/100|[from] item: Leftovers
|upkeep
|turn|17
|
|t:|1654683263
|switch|p2a: Tapu Koko|Tapu Koko|100/100
|-fieldstart|move: Electric Terrain|[from] ability: Electric Surge|[of] p2a: Tapu Koko
|move|p1a: Tapu Lele|Focus Blast|p2a: Tapu Koko
|-resisted|p2a: Tapu Koko
|-damage|p2a: Tapu Koko|55/100
|
|upkeep
|turn|18
|
|t:|1654683275
|switch|p2a: Landorus|Landorus-Therian, M|21/100
|-damage|p2a: Landorus|9/100|[from] Stealth Rock
|-ability|p2a: Landorus|Intimidate|boost
|-unboost|p1a: Tapu Lele|atk|1
|switch|p1a: Seismitoad|Seismitoad, M|94/100 tox
|
|-heal|p2a: Landorus|15/100|[from] item: Leftovers
|-damage|p1a: Seismitoad|88/100 tox|[from] psn
|upkeep
|turn|19
|
|t:|1654683282
|switch|p1a: Corviknight|Corviknight, F|78/100
|-ability|p1a: Corviknight|Pressure
|move|p2a: Landorus|Defog|p1a: Corviknight
|-unboost|p1a: Corviknight|evasion|1
|-sideend|p2: Aigr|Stealth Rock|[from] move: Defog|[of] p2a: Landorus
|-fieldend|move: Electric Terrain
|
|-heal|p1a: Corviknight|84/100|[from] item: Leftovers
|-heal|p2a: Landorus|21/100|[from] item: Leftovers
|upkeep
|turn|20
|
|t:|1654683286
|move|p1a: Corviknight|Brave Bird|p2a: Landorus
|-damage|p2a: Landorus|0 fnt
|faint|p2a: Landorus
|-damage|p1a: Corviknight|78/100|[from] Recoil
|
|-heal|p1a: Corviknight|84/100|[from] item: Leftovers
|upkeep
|
|t:|1654683292
|switch|p2a: Umbreon|Umbreon, M|100/100
|turn|21
|
|t:|1654683299
|move|p1a: Corviknight|U-turn|p2a: Umbreon
|-supereffective|p2a: Umbreon
|-damage|p2a: Umbreon|83/100
|
|t:|1654683302
|switch|p1a: Seismitoad|Seismitoad, M|88/100 tox|[from]move: U-turn
|move|p2a: Umbreon|Heal Bell|p2a: Umbreon
|-activate|p2a: Umbreon|move: Heal Bell
|-curestatus|p2: Kartana|brn|[msg]
|
|-heal|p2a: Umbreon|89/100|[from] item: Leftovers
|-damage|p1a: Seismitoad|82/100 tox|[from] psn
|upkeep
|turn|22
|
|t:|1654683308
|move|p2a: Umbreon|Wish|p2a: Umbreon
|move|p1a: Seismitoad|Stealth Rock|p2a: Umbreon
|-sidestart|p2: Aigr|move: Stealth Rock
|
|-heal|p2a: Umbreon|95/100|[from] item: Leftovers
|-damage|p1a: Seismitoad|70/100 tox|[from] psn
|upkeep
|turn|23
|
|t:|1654683314
|switch|p2a: Kartana|Kartana|82/100
|-damage|p2a: Kartana|76/100|[from] Stealth Rock
|move|p1a: Seismitoad|Scald|p2a: Kartana
|-resisted|p2a: Kartana
|-damage|p2a: Kartana|36/100
|-status|p2a: Kartana|brn
|
|-heal|p2a: Kartana|100/100 brn|[from] move: Wish|[wisher] Umbreon
|-damage|p1a: Seismitoad|52/100 tox|[from] psn
|-damage|p2a: Kartana|94/100 brn|[from] brn
|upkeep
|turn|24
|
|t:|1654683320
|switch|p1a: Volcarona|Volcarona, F|74/100
|move|p2a: Kartana|Knock Off|p1a: Volcarona
|-damage|p1a: Volcarona|48/100
|-enditem|p1a: Volcarona|Heavy-Duty Boots|[from] move: Knock Off|[of] p2a: Kartana
|
|-damage|p2a: Kartana|88/100 brn|[from] brn
|upkeep
|turn|25
|
|t:|1654683327
|switch|p2a: Umbreon|Umbreon, M|95/100
|-damage|p2a: Umbreon|83/100|[from] Stealth Rock
|switch|p1a: Tapu Lele|Tapu Lele|68/100
|-fieldstart|move: Psychic Terrain|[from] ability: Psychic Surge|[of] p1a: Tapu Lele
|
|-heal|p2a: Umbreon|89/100|[from] item: Leftovers
|upkeep
|turn|26
|
|t:|1654683332
|switch|p2a: Kartana|Kartana|88/100 brn
|-damage|p2a: Kartana|82/100 brn|[from] Stealth Rock
|move|p1a: Tapu Lele|Moonblast|p2a: Kartana
|-resisted|p2a: Kartana
|-damage|p2a: Kartana|0 fnt
|faint|p2a: Kartana
|
|upkeep
|-message|Aigr forfeited.
|
|win|ElStefano
|raw|ElStefano's rating: 1558 &rarr; <strong>1581</strong><br />(+23 for winning)
|raw|Aigr's rating: 1606 &rarr; <strong>1583</strong><br />(-23 for losing)
|l|☆Aigr
