|j|☆Steez Ibanez
|j|☆blazikenluvr
|inactive|Battle timer is ON: inactive players will automatically lose when time's up.
|t:|1667364216
|gametype|singles
|player|p1|Steez Ibanez|acetrainer-gen7|
|player|p2|blazikenluvr|2|
|teamsize|p1|6
|teamsize|p2|6
|gen|8
|tier|[Gen 8] OU
|rated|Tournament battle
|rule|Sleep Clause Mod: Limit one foe put to sleep
|rule|Species Clause: Limit one of each Pokémon
|rule|OHKO Clause: OHKO moves are banned
|rule|Evasion Items Clause: Evasion items are banned
|rule|Evasion Moves Clause: Evasion moves are banned
|rule|Endless Battle Clause: Forcing endless battles is banned
|rule|HP Percentage Mod: HP is shown in percentages
|rule|Dynamax Clause: You cannot dynamax
|clearpoke
|poke|p1|Dragapult, M|
|poke|p1|Zapdos|
|poke|p1|Heatran, M|
|poke|p1|Garchomp, M|
|poke|p1|Ferrothorn, M|
|poke|p1|Weezing-Galar, M|
|poke|p2|Kartana|
|poke|p2|Tapu Fini|
|poke|p2|Magnezone|
|poke|p2|Tapu Lele|
|poke|p2|Hawlucha, F|
|poke|p2|Landorus-Therian, M|
|teampreview
|j| HOF69
|j| X-Wing Fighter
|c|☆Steez Ibanez|Hf
|c|☆blazikenluvr|hf
|
|t:|1667364225
|start
|switch|p1a: Hephaestus|Heatran, M|100/100
|switch|p2a: Tapu Fini|Tapu Fini|100/100
|-fieldstart|move: Misty Terrain|[from] ability: Misty Surge|[of] p2a: Tapu Fini
|-item|p1a: Hephaestus|Air Balloon
|turn|1
|j|%Vittorioso ✿
|
|t:|1667364229
|switch|p1a: Speedwagon|Weezing-Galar, M|100/100
|move|p2a: Tapu Fini|Scald|p1a: Speedwagon
|-damage|p1a: Speedwagon|67/100
|
|-heal|p1a: Speedwagon|73/100|[from] item: Black Sludge
|upkeep
|turn|2
|
|t:|1667364235
|switch|p2a: Landorus|Landorus-Therian, M, shiny|100/100
|-ability|p2a: Landorus|Intimidate|boost
|-unboost|p1a: Speedwagon|atk|1
|move|p1a: Speedwagon|Toxic Spikes|p2a: Landorus
|-sidestart|p2: blazikenluvr|move: Toxic Spikes
|
|-heal|p1a: Speedwagon|79/100|[from] item: Black Sludge
|upkeep
|turn|3
|
|t:|1667364262
|move|p2a: Landorus|Stealth Rock|p1a: Speedwagon
|-sidestart|p1: Steez Ibanez|move: Stealth Rock
|move|p1a: Speedwagon|Strange Steam|p2a: Landorus
|-damage|p2a: Landorus|81/100
|
|-heal|p2a: Landorus|87/100|[from] item: Leftovers
|-heal|p1a: Speedwagon|85/100|[from] item: Black Sludge
|upkeep
|turn|4
|
|t:|1667364279
|move|p2a: Landorus|U-turn|p1a: Speedwagon
|-resisted|p1a: Speedwagon
|-damage|p1a: Speedwagon|82/100
|j| i love fs
|
|t:|1667364282
|switch|p2a: Tapu Lele|Tapu Lele|100/100|[from]move: U-turn
|-fieldstart|move: Psychic Terrain|[from] ability: Psychic Surge|[of] p2a: Tapu Lele
|move|p1a: Speedwagon|Strange Steam|p2a: Tapu Lele
|-damage|p2a: Tapu Lele|68/100
|
|-heal|p1a: Speedwagon|88/100|[from] item: Black Sludge
|upkeep
|turn|5
|j| cypherstest
|
|t:|1667364291
|switch|p1a: Samehada|Garchomp, M|100/100
|-damage|p1a: Samehada|94/100|[from] Stealth Rock
|move|p2a: Tapu Lele|Psychic|p1a: Samehada
|-damage|p1a: Samehada|0 fnt
|faint|p1a: Samehada
|
|upkeep
|j| SuperGodKaioken
|
|t:|1667364299
|switch|p1a: Toothless|Dragapult, M|100/100
|turn|6
|
|t:|1667364311
|switch|p2a: Landorus|Landorus-Therian, M, shiny|87/100
|-ability|p2a: Landorus|Intimidate|boost
|-fail|p1a: Toothless|unboost|[from] ability: Clear Body|[of] p1a: Toothless
|move|p1a: Toothless|U-turn|p2a: Landorus
|-resisted|p2a: Landorus
|-damage|p2a: Landorus|78/100
|j| passthatj
|
|t:|1667364314
|switch|p1a: Hephaestus|Heatran, M|100/100|[from]move: U-turn
|-damage|p1a: Hephaestus|88/100|[from] Stealth Rock
|-item|p1a: Hephaestus|Air Balloon
|
|-heal|p2a: Landorus|84/100|[from] item: Leftovers
|upkeep
|turn|7
|
|t:|1667364343
|move|p1a: Hephaestus|Eruption|p2a: Landorus
|-damage|p2a: Landorus|30/100
|move|p2a: Landorus|U-turn|p1a: Hephaestus
|-resisted|p1a: Hephaestus
|-crit|p1a: Hephaestus
|-damage|p1a: Hephaestus|80/100
|-enditem|p1a: Hephaestus|Air Balloon
|inactive|blazikenluvr has 120 seconds left.
|l| passthatj
|j| jetsons
|
|t:|1667364377
|switch|p2a: Tapu Fini|Tapu Fini|100/100|[from]move: U-turn
|-status|p2a: Tapu Fini|psn
|-fieldstart|move: Misty Terrain|[from] ability: Misty Surge|[of] p2a: Tapu Fini
|
|-damage|p2a: Tapu Fini|88/100 psn|[from] psn
|upkeep
|turn|8
|
|t:|1667364386
|move|p2a: Tapu Fini|Scald|p1a: Hephaestus
|-supereffective|p1a: Hephaestus
|-damage|p1a: Hephaestus|25/100
|move|p1a: Hephaestus|Stealth Rock|p2a: Tapu Fini
|-sidestart|p2: blazikenluvr|move: Stealth Rock
|
|-damage|p2a: Tapu Fini|76/100 psn|[from] psn
|upkeep
|turn|9
|
|t:|1667364392
|switch|p2a: Tapu Lele|Tapu Lele|68/100
|-damage|p2a: Tapu Lele|56/100|[from] Stealth Rock
|-fieldstart|move: Psychic Terrain|[from] ability: Psychic Surge|[of] p2a: Tapu Lele
|switch|p1a: Abomination|Ferrothorn, M|100/100
|-damage|p1a: Abomination|95/100|[from] Stealth Rock
|
|upkeep
|turn|10
|
|t:|1667364399
|switch|p2a: Magnezone|Magnezone|100/100
|-damage|p2a: Magnezone|94/100|[from] Stealth Rock
|switch|p1a: Hephaestus|Heatran, M|25/100
|-damage|p1a: Hephaestus|13/100|[from] Stealth Rock
|
|upkeep
|turn|11
|inactive|blazikenluvr has 120 seconds left.
|
|t:|1667364409
|switch|p2a: Tapu Fini|Tapu Fini|76/100 psn
|-damage|p2a: Tapu Fini|64/100 psn|[from] Stealth Rock
|-fieldstart|move: Misty Terrain|[from] ability: Misty Surge|[of] p2a: Tapu Fini
|move|p1a: Hephaestus|Earth Power|p2a: Tapu Fini
|-damage|p2a: Tapu Fini|36/100 psn
|
|-damage|p2a: Tapu Fini|24/100 psn|[from] psn
|upkeep
|turn|12
|
|t:|1667364412
|move|p2a: Tapu Fini|Scald|p1a: Hephaestus
|-supereffective|p1a: Hephaestus
|-damage|p1a: Hephaestus|0 fnt
|faint|p1a: Hephaestus
|
|-damage|p2a: Tapu Fini|11/100 psn|[from] psn
|upkeep
|
|t:|1667364417
|switch|p1a: Toothless|Dragapult, M|100/100
|turn|13
|
|t:|1667364422
|move|p2a: Tapu Fini|Scald|p1a: Toothless
|-resisted|p1a: Toothless
|-damage|p1a: Toothless|83/100
|move|p1a: Toothless|Hex|p2a: Tapu Fini
|-damage|p2a: Tapu Fini|0 fnt
|faint|p2a: Tapu Fini
|
|upkeep
|inactive|blazikenluvr has 120 seconds left.
|
|t:|1667364444
|switch|p2a: Kartana|Kartana|100/100
|-damage|p2a: Kartana|94/100|[from] Stealth Rock
|turn|14
|inactive|blazikenluvr has 120 seconds left.
|j| Boom4Life
|
|t:|1667364454
|switch|p2a: Landorus|Landorus-Therian, M, shiny|30/100
|-damage|p2a: Landorus|18/100|[from] Stealth Rock
|-ability|p2a: Landorus|Intimidate|boost
|-fail|p1a: Toothless|unboost|[from] ability: Clear Body|[of] p1a: Toothless
|switch|p1a: Bolt|Zapdos|100/100
|
|-heal|p2a: Landorus|24/100|[from] item: Leftovers
|upkeep
|turn|15
|
|t:|1667364460
|switch|p1a: Abomination|Ferrothorn, M|95/100
|-damage|p1a: Abomination|89/100|[from] Stealth Rock
|move|p2a: Landorus|U-turn|p1a: Abomination
|-damage|p1a: Abomination|75/100
|-damage|p2a: Landorus|11/100|[from] ability: Iron Barbs|[of] p1a: Abomination
|-damage|p2a: Landorus|0 fnt|[from] item: Rocky Helmet|[of] p1a: Abomination
|faint|p2a: Landorus
|
|-fieldend|Misty Terrain
|upkeep
|c| HOF69|wait, how is lele immune from tspikes with no boots?
|
|t:|1667364464
|switch|p2a: Magnezone|Magnezone|94/100
|-damage|p2a: Magnezone|88/100|[from] Stealth Rock
|turn|16
|j| HeavyEskies
|
|t:|1667364468
|move|p2a: Magnezone|Iron Defense|p2a: Magnezone
|-boost|p2a: Magnezone|def|2
|move|p1a: Abomination|Leech Seed|p2a: Magnezone|[miss]
|-miss|p1a: Abomination|p2a: Magnezone
|
|upkeep
|turn|17
|
|t:|1667364472
|move|p2a: Magnezone|Iron Defense|p2a: Magnezone
|-boost|p2a: Magnezone|def|2
|move|p1a: Abomination|Leech Seed|p2a: Magnezone
|-start|p2a: Magnezone|move: Leech Seed
|
|-damage|p2a: Magnezone|76/100|[from] Leech Seed|[of] p1a: Abomination
|-heal|p1a: Abomination|85/100|[silent]
|upkeep
|turn|18
|
|t:|1667364476
|move|p2a: Magnezone|Body Press|p1a: Abomination
|-supereffective|p1a: Abomination
|-damage|p1a: Abomination|0 fnt
|-damage|p2a: Magnezone|64/100|[from] ability: Iron Barbs|[of] p1a: Abomination
|-damage|p2a: Magnezone|47/100|[from] item: Rocky Helmet|[of] p1a: Abomination
|faint|p1a: Abomination
|
|upkeep
|
|t:|1667364479
|switch|p1a: Bolt|Zapdos|100/100
|turn|19
|
|t:|1667364481
|move|p2a: Magnezone|Body Press|p1a: Bolt
|-resisted|p1a: Bolt
|-damage|p1a: Bolt|72/100
|move|p1a: Bolt|Heat Wave|p2a: Magnezone
|-supereffective|p2a: Magnezone
|-damage|p2a: Magnezone|0 fnt
|faint|p2a: Magnezone
|
|upkeep
|
|t:|1667364488
|switch|p2a: Tapu Lele|Tapu Lele|56/100
|-status|p2a: Tapu Lele|psn
|-damage|p2a: Tapu Lele|44/100 psn|[from] Stealth Rock
|-fieldstart|move: Psychic Terrain|[from] ability: Psychic Surge|[of] p2a: Tapu Lele
|turn|20
|
|t:|1667364495
|switch|p1a: Speedwagon|Weezing-Galar, M|88/100
|-damage|p1a: Speedwagon|76/100|[from] Stealth Rock
|move|p2a: Tapu Lele|Psychic|p1a: Speedwagon
|-supereffective|p1a: Speedwagon
|-damage|p1a: Speedwagon|0 fnt
|faint|p1a: Speedwagon
|
|-damage|p2a: Tapu Lele|31/100 psn|[from] psn
|upkeep
|
|t:|1667364497
|switch|p1a: Toothless|Dragapult, M|83/100
|turn|21
|c| i love fs|It was because misty surge was up before it
|c| X-Wing Fighter|maybe bc it was misty terrain before?
|j| joey milktank
|c| HOF69|ah
|
|t:|1667364521
|move|p1a: Toothless|Hex|p2a: Tapu Lele
|-supereffective|p2a: Tapu Lele
|-damage|p2a: Tapu Lele|0 fnt
|faint|p2a: Tapu Lele
|
|upkeep
|
|t:|1667364534
|switch|p2a: Hawlucha|Hawlucha, F|100/100
|-damage|p2a: Hawlucha|88/100|[from] Stealth Rock
|-enditem|p2a: Hawlucha|Psychic Seed
|-boost|p2a: Hawlucha|spd|1|[from] item: Psychic Seed
|turn|22
|
|t:|1667364540
|move|p2a: Hawlucha|Acrobatics|p1a: Toothless
|-damage|p1a: Toothless|1/100
|move|p1a: Toothless|Thunder Wave|p2a: Hawlucha
|-status|p2a: Hawlucha|par
|
|upkeep
|turn|23
|c|☆blazikenluvr|damn
|c| HOF69|don't think I've ever seen that combo happen, makes sense though
|
|t:|1667364548
|move|p1a: Toothless|Hex|p2a: Hawlucha
|-damage|p2a: Hawlucha|41/100 par
|move|p2a: Hawlucha|Acrobatics|p1a: Toothless
|-damage|p1a: Toothless|0 fnt
|faint|p1a: Toothless
|
|upkeep
|
|t:|1667364550
|switch|p1a: Bolt|Zapdos|72/100
|turn|24
|
|t:|1667364554
|move|p2a: Hawlucha|Acrobatics|p1a: Bolt
|-resisted|p1a: Bolt
|-damage|p1a: Bolt|53/100
|move|p1a: Bolt|Roost|p1a: Bolt
|-heal|p1a: Bolt|100/100
|-singleturn|p1a: Bolt|move: Roost
|
|-fieldend|move: Psychic Terrain
|upkeep
|turn|25
|
|t:|1667364559
|move|p2a: Hawlucha|Close Combat|p1a: Bolt
|-resisted|p1a: Bolt
|-crit|p1a: Bolt
|-damage|p1a: Bolt|74/100
|-unboost|p2a: Hawlucha|def|1
|-unboost|p2a: Hawlucha|spd|1
|move|p1a: Bolt|Volt Switch|p2a: Hawlucha
|-supereffective|p2a: Hawlucha
|-damage|p2a: Hawlucha|0 fnt
|faint|p2a: Hawlucha
|
|upkeep
|
|t:|1667364562
|switch|p2a: Kartana|Kartana|94/100
|-damage|p2a: Kartana|88/100|[from] Stealth Rock
|turn|26
|
|t:|1667364569
|move|p2a: Kartana|Knock Off|p1a: Bolt
|-damage|p1a: Bolt|45/100
|-enditem|p1a: Bolt|Heavy-Duty Boots|[from] move: Knock Off|[of] p2a: Kartana
|move|p1a: Bolt|Roost|p1a: Bolt
|-heal|p1a: Bolt|95/100
|-singleturn|p1a: Bolt|move: Roost
|
|upkeep
|turn|27
|
|t:|1667364573
|move|p2a: Kartana|Knock Off|p1a: Bolt
|-damage|p1a: Bolt|75/100
|move|p1a: Bolt|Heat Wave|p2a: Kartana
|-supereffective|p2a: Kartana
|-damage|p2a: Kartana|0 fnt
|faint|p2a: Kartana
|
|win|Steez Ibanez
|n|☆Steez Ibanez|steezibanez
|n|☆blazikenluvr|blazikenluvr
|n| HOF69|hof69
|n| X-Wing Fighter|xwingfighter
|n| Vittorioso ✿|vittorioso
|n| i love fs|ilovefs
|n| cypherstest|cypherstest
|n| SuperGodKaioken|supergodkaioken
|n| jetsons|jetsons
|n| Boom4Life|boom4life
|n| HeavyEskies|heavyeskies
|n| joey milktank|joeymilktank
