|j|☆Felckon
|j|☆Mutako Z
|t:|1663979178
|gametype|singles
|player|p1|Felckon|acetrainersnow|1520
|player|p2|Mutako Z|cynthia-gen4|1545
|teamsize|p1|6
|teamsize|p2|6
|gen|8
|tier|[Gen 8] OU
|rated|
|rule|Sleep Clause Mod: Limit one foe put to sleep
|rule|Species Clause: Limit one of each Pokémon
|rule|OHKO Clause: OHKO moves are banned
|rule|Evasion Items Clause: Evasion items are banned
|rule|Evasion Moves Clause: Evasion moves are banned
|rule|Endless Battle Clause: Forcing endless battles is banned
|rule|HP Percentage Mod: HP is shown in percentages
|rule|Dynamax Clause: You cannot dynamax
|clearpoke
|poke|p1|Articuno|
|poke|p1|Volcarona, F|
|poke|p1|Buzzwole|
|poke|p1|Swampert, F|
|poke|p1|Corviknight, M|
|poke|p1|Garchomp, M|
|poke|p2|Hippowdon, F|
|poke|p2|Tyranitar, F|
|poke|p2|Excadrill, M|
|poke|p2|Dracozolt|
|poke|p2|Zapdos|
|poke|p2|Slowbro, F|
|teampreview
|
|t:|1663979197
|start
|switch|p1a: Felkon|Articuno|100/100
|switch|p2a: Bernard Tapie|Hippowdon, F|100/100
|-ability|p1a: Felkon|Pressure
|-weather|Sandstorm|[from] ability: Sand Stream|[of] p2a: Bernard Tapie
|turn|1
|
|t:|1663979209
|switch|p2a: Mao|Tyranitar, F|100/100
|move|p1a: Felkon|Ice Beam|p2a: Mao
|-damage|p2a: Mao|60/100
|
|-weather|Sandstorm|[upkeep]
|-damage|p1a: Felkon|94/100|[from] Sandstorm
|upkeep
|turn|2
|
|t:|1663979216
|switch|p1a: Uncle Gant|Corviknight, M|100/100
|-ability|p1a: Uncle Gant|Pressure
|move|p2a: Mao|Thunder Wave|p1a: Uncle Gant
|-status|p1a: Uncle Gant|par
|
|-weather|Sandstorm|[upkeep]
|upkeep
|turn|3
|
|t:|1663979224
|switch|p2a: Foncecar|Slowbro, F|100/100
|move|p1a: Uncle Gant|U-turn|p2a: Foncecar
|-supereffective|p2a: Foncecar
|-damage|p2a: Foncecar|82/100
|-damage|p1a: Uncle Gant|84/100 par|[from] item: Rocky Helmet|[of] p2a: Foncecar
|
|t:|1663979229
|switch|p1a: Balanced|Volcarona, F|100/100|[from]move: U-turn
|
|-weather|Sandstorm|[upkeep]
|-damage|p1a: Balanced|94/100|[from] Sandstorm
|-damage|p2a: Foncecar|76/100|[from] Sandstorm
|upkeep
|turn|4
|
|t:|1663979236
|move|p1a: Balanced|Quiver Dance|p1a: Balanced
|-boost|p1a: Balanced|spa|1
|-boost|p1a: Balanced|spd|1
|-boost|p1a: Balanced|spe|1
|move|p2a: Foncecar|Teleport|p2a: Foncecar
|
|t:|1663979244
|switch|p2a: drill|Excadrill, M|100/100|[from]move: Teleport
|
|-weather|Sandstorm|[upkeep]
|-damage|p1a: Balanced|88/100|[from] Sandstorm
|upkeep
|turn|5
|
|t:|1663979252
|switch|p1a: Ground Taco|Swampert, F|100/100
|move|p2a: drill|Rock Slide|p1a: Ground Taco|[miss]
|-miss|p2a: drill|p1a: Ground Taco
|
|-weather|Sandstorm|[upkeep]
|upkeep
|turn|6
|
|t:|1663979266
|move|p2a: drill|Earthquake|p1a: Ground Taco
|-damage|p1a: Ground Taco|31/100
|-damage|p2a: drill|91/100|[from] item: Life Orb
|move|p1a: Ground Taco|Flip Turn|p2a: drill
|-supereffective|p2a: drill
|-damage|p2a: drill|28/100
|
|t:|1663979271
|switch|p1a: Uncle Gant|Corviknight, M|84/100 par|[from]move: Flip Turn
|-ability|p1a: Uncle Gant|Pressure
|
|-weather|Sandstorm|[upkeep]
|upkeep
|turn|7
|
|t:|1663979278
|switch|p2a: Achilles|Zapdos|100/100
|move|p1a: Uncle Gant|U-turn|p2a: Achilles
|-resisted|p2a: Achilles
|-damage|p2a: Achilles|96/100
|
|t:|1663979284
|switch|p1a: NomNomru|Garchomp, M|100/100|[from]move: U-turn
|
|-weather|Sandstorm|[upkeep]
|-damage|p2a: Achilles|89/100|[from] Sandstorm
|upkeep
|turn|8
|
|t:|1663979290
|switch|p2a: Bernard Tapie|Hippowdon, F|100/100
|move|p1a: NomNomru|Swords Dance|p1a: NomNomru
|-boost|p1a: NomNomru|atk|2
|
|-weather|none
|upkeep
|turn|9
|j| bccahy
|
|t:|1663979302
|switch|p1a: Uncle Gant|Corviknight, M|84/100 par
|-ability|p1a: Uncle Gant|Pressure
|move|p2a: Bernard Tapie|Ice Fang|p1a: Uncle Gant|[miss]
|-miss|p2a: Bernard Tapie|p1a: Uncle Gant
|
|upkeep
|turn|10
|
|t:|1663979308
|move|p2a: Bernard Tapie|Stealth Rock|p1a: Uncle Gant
|-sidestart|p1: Felckon|move: Stealth Rock
|move|p1a: Uncle Gant|U-turn|p2a: Bernard Tapie
|-crit|p2a: Bernard Tapie
|-damage|p2a: Bernard Tapie|89/100
|
|t:|1663979317
|switch|p1a: Balanced|Volcarona, F|88/100|[from]move: U-turn
|
|upkeep
|turn|11
|
|t:|1663979321
|move|p1a: Balanced|Quiver Dance|p1a: Balanced
|-boost|p1a: Balanced|spa|1
|-boost|p1a: Balanced|spd|1
|-boost|p1a: Balanced|spe|1
|move|p2a: Bernard Tapie|Toxic|p1a: Balanced
|-status|p1a: Balanced|tox
|
|-damage|p1a: Balanced|82/100 tox|[from] psn
|upkeep
|turn|12
|
|t:|1663979332
|switch|p2a: Achilles|Zapdos|89/100
|move|p1a: Balanced|Quiver Dance|p1a: Balanced
|-boost|p1a: Balanced|spa|1
|-boost|p1a: Balanced|spd|1
|-boost|p1a: Balanced|spe|1
|
|-damage|p1a: Balanced|70/100 tox|[from] psn
|upkeep
|turn|13
|
|t:|1663979339
|move|p1a: Balanced|Flamethrower|p2a: Achilles
|-damage|p2a: Achilles|2/100
|move|p2a: Achilles|Hurricane|p1a: Balanced|[miss]
|-miss|p2a: Achilles|p1a: Balanced
|
|-damage|p1a: Balanced|52/100 tox|[from] psn
|upkeep
|turn|14
|
|t:|1663979363
|switch|p2a: Mao|Tyranitar, F|60/100
|-weather|Sandstorm|[from] ability: Sand Stream|[of] p2a: Mao
|move|p1a: Balanced|Bug Buzz|p2a: Mao
|-supereffective|p2a: Mao
|-damage|p2a: Mao|0 fnt
|faint|p2a: Mao
|
|-weather|Sandstorm|[upkeep]
|-damage|p1a: Balanced|46/100 tox|[from] Sandstorm
|-damage|p1a: Balanced|21/100 tox|[from] psn
|upkeep
|
|t:|1663979398
|switch|p2a: drill|Excadrill, M|28/100
|turn|15
|
|t:|1663979403
|move|p1a: Balanced|Bug Buzz|p2a: drill
|-resisted|p2a: drill
|-damage|p2a: drill|0 fnt
|faint|p2a: drill
|
|-weather|Sandstorm|[upkeep]
|-damage|p1a: Balanced|15/100 tox|[from] Sandstorm
|-damage|p1a: Balanced|0 fnt|[from] psn
|faint|p1a: Balanced
|upkeep
|
|t:|1663979413
|switch|p1a: Uncle Gant|Corviknight, M|84/100 par
|switch|p2a: Swagzaer|Dracozolt|100/100
|-damage|p1a: Uncle Gant|72/100 par|[from] Stealth Rock
|-ability|p1a: Uncle Gant|Pressure
|turn|16
|
|t:|1663979420
|switch|p1a: Ground Taco|Swampert, F|31/100
|-damage|p1a: Ground Taco|25/100|[from] Stealth Rock
|move|p2a: Swagzaer|Fire Blast|p1a: Ground Taco
|-resisted|p1a: Ground Taco
|-damage|p1a: Ground Taco|13/100
|-damage|p2a: Swagzaer|91/100|[from] item: Life Orb
|
|-weather|Sandstorm|[upkeep]
|-heal|p1a: Ground Taco|20/100|[from] item: Leftovers
|upkeep
|turn|17
|
|t:|1663979429
|move|p2a: Swagzaer|Earthquake|p1a: Ground Taco
|-damage|p1a: Ground Taco|0 fnt
|faint|p1a: Ground Taco
|-damage|p2a: Swagzaer|81/100|[from] item: Life Orb
|
|-weather|Sandstorm|[upkeep]
|upkeep
|
|t:|1663979434
|switch|p1a: Uncle Gant|Corviknight, M|72/100 par
|-damage|p1a: Uncle Gant|59/100 par|[from] Stealth Rock
|-ability|p1a: Uncle Gant|Pressure
|turn|18
|
|t:|1663979438
|switch|p1a: NomNomru|Garchomp, M|100/100
|-damage|p1a: NomNomru|94/100|[from] Stealth Rock
|move|p2a: Swagzaer|Fire Blast|p1a: NomNomru
|-resisted|p1a: NomNomru
|-damage|p1a: NomNomru|75/100
|-damage|p2a: Swagzaer|71/100|[from] item: Life Orb
|
|-weather|none
|-heal|p1a: NomNomru|81/100|[from] item: Leftovers
|upkeep
|turn|19
|
|t:|1663979453
|switch|p2a: Bernard Tapie|Hippowdon, F|89/100
|-weather|Sandstorm|[from] ability: Sand Stream|[of] p2a: Bernard Tapie
|move|p1a: NomNomru|Scale Shot|p2a: Bernard Tapie
|-damage|p2a: Bernard Tapie|81/100
|-damage|p2a: Bernard Tapie|74/100
|-hitcount|p2a: Bernard Tapie|2
|-unboost|p1a: NomNomru|def|1
|-boost|p1a: NomNomru|spe|1
|
|-weather|Sandstorm|[upkeep]
|-heal|p1a: NomNomru|87/100|[from] item: Leftovers
|upkeep
|turn|20
|
|t:|1663979467
|switch|p1a: Uncle Gant|Corviknight, M|59/100 par
|-damage|p1a: Uncle Gant|47/100 par|[from] Stealth Rock
|-ability|p1a: Uncle Gant|Pressure
|move|p2a: Bernard Tapie|Ice Fang|p1a: Uncle Gant
|-damage|p1a: Uncle Gant|37/100 par
|-damage|p2a: Bernard Tapie|57/100|[from] item: Rocky Helmet|[of] p1a: Uncle Gant
|
|-weather|Sandstorm|[upkeep]
|upkeep
|turn|21
|
|t:|1663979480
|switch|p2a: Foncecar|Slowbro, F|100/100
|move|p1a: Uncle Gant|Defog|p2a: Foncecar
|-unboost|p2a: Foncecar|evasion|1
|-sideend|p1: Felckon|Stealth Rock|[from] move: Defog|[of] p1a: Uncle Gant
|
|-weather|Sandstorm|[upkeep]
|-damage|p2a: Foncecar|94/100|[from] Sandstorm
|upkeep
|turn|22
|
|t:|1663979488
|move|p2a: Foncecar|Fire Blast|p1a: Uncle Gant
|-supereffective|p1a: Uncle Gant
|-damage|p1a: Uncle Gant|0 fnt
|faint|p1a: Uncle Gant
|
|-weather|Sandstorm|[upkeep]
|-damage|p2a: Foncecar|88/100|[from] Sandstorm
|upkeep
|
|t:|1663979496
|switch|p1a: Felkon|Articuno|94/100
|-ability|p1a: Felkon|Pressure
|turn|23
|
|t:|1663979502
|move|p1a: Felkon|Freeze-Dry|p2a: Foncecar
|-supereffective|p2a: Foncecar
|-damage|p2a: Foncecar|0 fnt
|faint|p2a: Foncecar
|
|-weather|Sandstorm|[upkeep]
|-damage|p1a: Felkon|88/100|[from] Sandstorm
|upkeep
|
|t:|1663979512
|switch|p2a: Swagzaer|Dracozolt|71/100
|turn|24
|
|t:|1663979516
|move|p2a: Swagzaer|Bolt Beak|p1a: Felkon
|-supereffective|p1a: Felkon
|-damage|p1a: Felkon|0 fnt
|faint|p1a: Felkon
|-damage|p2a: Swagzaer|61/100|[from] item: Life Orb
|
|-weather|Sandstorm|[upkeep]
|upkeep
|
|t:|1663979519
|switch|p1a: Gojira|Buzzwole|100/100
|turn|25
|
|t:|1663979543
|move|p2a: Swagzaer|Draco Meteor|p1a: Gojira
|-damage|p1a: Gojira|0 fnt
|-unboost|p2a: Swagzaer|spa|2
|faint|p1a: Gojira
|-damage|p2a: Swagzaer|51/100|[from] item: Life Orb
|
|-weather|Sandstorm|[upkeep]
|upkeep
|
|t:|1663979546
|switch|p1a: NomNomru|Garchomp, M|87/100
|turn|26
|
|t:|1663979594
|move|p2a: Swagzaer|Draco Meteor|p1a: NomNomru
|-supereffective|p1a: NomNomru
|-damage|p1a: NomNomru|19/100
|-unboost|p2a: Swagzaer|spa|2
|-damage|p2a: Swagzaer|41/100|[from] item: Life Orb
|move|p1a: NomNomru|Swords Dance|p1a: NomNomru
|-boost|p1a: NomNomru|atk|2
|
|-weather|none
|-heal|p1a: NomNomru|25/100|[from] item: Leftovers
|upkeep
|turn|27
|
|t:|1663979605
|switch|p2a: Bernard Tapie|Hippowdon, F|57/100
|-weather|Sandstorm|[from] ability: Sand Stream|[of] p2a: Bernard Tapie
|move|p1a: NomNomru|Scale Shot|p2a: Bernard Tapie
|-damage|p2a: Bernard Tapie|45/100
|-damage|p2a: Bernard Tapie|32/100
|-damage|p2a: Bernard Tapie|18/100
|-damage|p2a: Bernard Tapie|4/100
|-hitcount|p2a: Bernard Tapie|4
|-unboost|p1a: NomNomru|def|1
|-boost|p1a: NomNomru|spe|1
|
|-weather|Sandstorm|[upkeep]
|-heal|p1a: NomNomru|31/100|[from] item: Leftovers
|upkeep
|turn|28
|
|t:|1663979621
|move|p1a: NomNomru|Scale Shot|p2a: Bernard Tapie
|-damage|p2a: Bernard Tapie|0 fnt
|faint|p2a: Bernard Tapie
|-hitcount|p2: Bernard Tapie|1
|-unboost|p1a: NomNomru|def|1
|-boost|p1a: NomNomru|spe|1
|
|-weather|Sandstorm|[upkeep]
|-heal|p1a: NomNomru|37/100|[from] item: Leftovers
|upkeep
|
|t:|1663979628
|switch|p2a: Swagzaer|Dracozolt|41/100
|turn|29
|
|t:|1663979633
|move|p1a: NomNomru|Earthquake|p2a: Swagzaer
|-supereffective|p2a: Swagzaer
|-damage|p2a: Swagzaer|0 fnt
|faint|p2a: Swagzaer
|
|-weather|Sandstorm|[upkeep]
|-heal|p1a: NomNomru|43/100|[from] item: Leftovers
|upkeep
|
|t:|1663979639
|switch|p2a: Achilles|Zapdos|2/100
|turn|30
|
|t:|1663979642
|move|p1a: NomNomru|Scale Shot|p2a: Achilles
|-damage|p2a: Achilles|0 fnt
|faint|p2a: Achilles
|-hitcount|p2: Achilles|1
|
|win|Felckon
|raw|Felckon's rating: 1520 &rarr; <strong>1541</strong><br />(+21 for winning)
|raw|Mutako Z's rating: 1545 &rarr; <strong>1524</strong><br />(-21 for losing)
|l|☆Mutako Z
||Ladder isn't responding, score probably updated but might not have (Request timeout).
