|j|☆White84
|j|☆kazt 5
|inactive|Battle timer is ON: inactive players will automatically lose when time's up.
|t:|1618428167
|gametype|singles
|player|p1|White84|acetrainer-gen4dp|
|player|p2|kazt 5|dawn|
|teamsize|p1|6
|teamsize|p2|6
|gen|8
|tier|[Gen 8] OU
|rated|Tournament battle
|clearpoke
|poke|p1|Bisharp, M|
|poke|p1|Ninetales, M|
|poke|p1|Aegislash, F|
|poke|p1|Zeraora|
|poke|p1|Zamazenta-Crowned|
|poke|p1|Zarude-Dada|
|poke|p2|Volcanion|
|poke|p2|Tyranitar, F|
|poke|p2|Dracovish|
|poke|p2|Kartana|
|poke|p2|Kyurem|
|poke|p2|Landorus-Therian, M|
|rule|Sleep Clause Mod: Limit one foe put to sleep
|rule|Species Clause: Limit one of each Pokémon
|rule|OHKO Clause: OHKO moves are banned
|rule|Evasion Moves Clause: Evasion moves are banned
|rule|Endless Battle Clause: Forcing endless battles is banned
|rule|HP Percentage Mod: HP is shown in percentages
|rule|Dynamax Clause: You cannot dynamax
|teampreview
|inactive|White84 also wants the timer to be on.
|j| welikebananapie
|j| out KillTheMoth
|j| TheNewBrends11
|l| out KillTheMoth
|
|t:|1618428179
|start
|switch|p1a: Ninetales|Ninetales, M|100/100
|switch|p2a: Kyurem|Kyurem|100/100
|-weather|SunnyDay|[from] ability: Drought|[of] p1a: Ninetales
|-ability|p2a: Kyurem|Pressure
|turn|1
|c|☆White84|bro how
|c|☆White84|dracovish
|
|t:|1618428196
|switch|p2a: Tyranitar|Tyranitar, F|100/100
|-weather|Sandstorm|[from] ability: Sand Stream|[of] p2a: Tyranitar
|move|p1a: Ninetales|Nasty Plot|p1a: Ninetales
|-boost|p1a: Ninetales|spa|2
|
|-weather|Sandstorm|[upkeep]
|-damage|p1a: Ninetales|95/100|[from] Sandstorm
|upkeep
|turn|2
|c|☆kazt 5|did you read the tour title?
|c|☆White84|no
|c| welikebananapie|they unbanned it
|c|☆kazt 5|this is a custom tour
|c|☆White84|oh
|c| welikebananapie|but also banned strong jaw
|inactive|kazt 5 has 120 seconds left.
|
|t:|1618428233
|switch|p1a: UnBanned|Zamazenta-Crowned|100/100
|-ability|p1a: UnBanned|Dauntless Shield|boost
|-boost|p1a: UnBanned|def|1
|move|p2a: Tyranitar|Rock Blast|p1a: UnBanned
|-resisted|p1a: UnBanned
|-damage|p1a: UnBanned|99/100
|-resisted|p1a: UnBanned
|-damage|p1a: UnBanned|98/100
|-resisted|p1a: UnBanned
|-damage|p1a: UnBanned|96/100
|-resisted|p1a: UnBanned
|-damage|p1a: UnBanned|95/100
|-resisted|p1a: UnBanned
|-damage|p1a: UnBanned|94/100
|-hitcount|p1a: UnBanned|5
|
|-weather|Sandstorm|[upkeep]
|upkeep
|turn|3
|inactive|kazt 5 has 120 seconds left.
|
|t:|1618428244
|switch|p2a: Landorus|Landorus-Therian, M|100/100
|-ability|p2a: Landorus|Intimidate|boost
|-unboost|p1a: UnBanned|atk|1
|move|p1a: UnBanned|Behemoth Bash|p2a: Landorus
|-damage|p2a: Landorus|74/100
|
|-weather|Sandstorm|[upkeep]
|-heal|p2a: Landorus|80/100|[from] item: Leftovers
|upkeep
|turn|4
|
|t:|1618428251
|switch|p1a: Ninetales|Ninetales, M|95/100
|-weather|SunnyDay|[from] ability: Drought|[of] p1a: Ninetales
|move|p2a: Landorus|Earthquake|p1a: Ninetales
|-supereffective|p1a: Ninetales
|-crit|p1a: Ninetales
|-damage|p1a: Ninetales|0 fnt
|faint|p1a: Ninetales
|
|-weather|SunnyDay|[upkeep]
|-heal|p2a: Landorus|86/100|[from] item: Leftovers
|upkeep
|
|t:|1618428259
|switch|p1a: Zarude|Zarude-Dada|100/100
|turn|5
|
|t:|1618428262
|move|p1a: Zarude|Growth|p1a: Zarude
|-boost|p1a: Zarude|atk|2
|-boost|p1a: Zarude|spa|2
|move|p2a: Landorus|U-turn|p1a: Zarude
|-supereffective|p1a: Zarude
|-damage|p1a: Zarude|20/100
|
|t:|1618428267
|switch|p2a: Kartana|Kartana|100/100|[from]move: U-turn
|
|-weather|SunnyDay|[upkeep]
|upkeep
|turn|6
|
|t:|1618428273
|move|p2a: Kartana|Sacred Sword|p1a: Zarude
|-supereffective|p1a: Zarude
|-damage|p1a: Zarude|0 fnt
|-damage|p2a: Kartana|91/100|[from] item: Life Orb
|faint|p1a: Zarude
|-ability|p2a: Kartana|Beast Boost|boost
|-boost|p2a: Kartana|atk|1
|
|-weather|SunnyDay|[upkeep]
|upkeep
|
|t:|1618428279
|switch|p1a: Zeraora|Zeraora|100/100
|turn|7
|c|☆White84|gg
|
|t:|1618428289
|switch|p2a: Landorus|Landorus-Therian, M|86/100
|-ability|p2a: Landorus|Intimidate|boost
|-unboost|p1a: Zeraora|atk|1
|move|p1a: Zeraora|Blaze Kick|p2a: Landorus
|-damage|p2a: Landorus|62/100
|-damage|p1a: Zeraora|91/100|[from] item: Life Orb
|
|-weather|SunnyDay|[upkeep]
|-heal|p2a: Landorus|68/100|[from] item: Leftovers
|upkeep
|turn|8
|
|t:|1618428307
|move|p1a: Zeraora|Blaze Kick|p2a: Landorus
|-damage|p2a: Landorus|41/100
|-damage|p1a: Zeraora|81/100|[from] item: Life Orb
|move|p2a: Landorus|Earthquake|p1a: Zeraora
|-supereffective|p1a: Zeraora
|-damage|p1a: Zeraora|0 fnt
|faint|p1a: Zeraora
|
|-weather|SunnyDay|[upkeep]
|-heal|p2a: Landorus|47/100|[from] item: Leftovers
|upkeep
|
|t:|1618428315
|switch|p1a: Bisharp|Bisharp, M|100/100
|turn|9
|l| welikebananapie
|
|t:|1618428321
|move|p1a: Bisharp|Sucker Punch|p2a: Landorus
|-damage|p2a: Landorus|10/100
|move|p2a: Landorus|Earthquake|p1a: Bisharp
|-supereffective|p1a: Bisharp
|-damage|p1a: Bisharp|11/100
|
|-weather|SunnyDay|[upkeep]
|-heal|p2a: Landorus|16/100|[from] item: Leftovers
|upkeep
|turn|10
|
|t:|1618428325
|switch|p2a: Tyranitar|Tyranitar, F|100/100
|-weather|Sandstorm|[from] ability: Sand Stream|[of] p2a: Tyranitar
|move|p1a: Bisharp|Sucker Punch||[still]
|-fail|p1a: Bisharp
|
|-weather|Sandstorm|[upkeep]
|upkeep
|turn|11
|
|t:|1618428329
|move|p1a: Bisharp|Iron Head|p2a: Tyranitar
|-supereffective|p2a: Tyranitar
|-damage|p2a: Tyranitar|32/100
|move|p2a: Tyranitar|Fire Blast|p1a: Bisharp
|-supereffective|p1a: Bisharp
|-damage|p1a: Bisharp|0 fnt
|faint|p1a: Bisharp
|
|-weather|Sandstorm|[upkeep]
|upkeep
|
|t:|1618428335
|switch|p1a: Aegislash|Aegislash, F|100/100
|turn|12
|
|t:|1618428339
|-formechange|p1a: Aegislash|Aegislash-Blade||[from] ability: Stance Change
|move|p1a: Aegislash|Sacred Sword|p2a: Tyranitar
|-supereffective|p2a: Tyranitar
|-damage|p2a: Tyranitar|0 fnt
|-damage|p1a: Aegislash|91/100|[from] item: Life Orb
|faint|p2a: Tyranitar
|
|-weather|Sandstorm|[upkeep]
|upkeep
|
|t:|1618428343
|switch|p2a: Dracovish|Dracovish|100/100
|turn|13
|
|t:|1618428350
|-formechange|p1a: Aegislash|Aegislash||[from] ability: Stance Change
|move|p1a: Aegislash|King's Shield|p1a: Aegislash
|-singleturn|p1a: Aegislash|Protect
|move|p2a: Dracovish|Fishious Rend|p1a: Aegislash
|-activate|p1a: Aegislash|move: Protect
|-unboost|p2a: Dracovish|atk|1
|
|-weather|Sandstorm|[upkeep]
|upkeep
|turn|14
|
|t:|1618428359
|move|p2a: Dracovish|Fishious Rend|p1a: Aegislash
|-damage|p1a: Aegislash|35/100
|-formechange|p1a: Aegislash|Aegislash-Blade||[from] ability: Stance Change
|move|p1a: Aegislash|Sacred Sword|p2a: Dracovish
|-damage|p2a: Dracovish|54/100
|-damage|p1a: Aegislash|25/100|[from] item: Life Orb
|
|-weather|Sandstorm|[upkeep]
|upkeep
|turn|15
|
|t:|1618428363
|switch|p2a: Landorus|Landorus-Therian, M|16/100
|-ability|p2a: Landorus|Intimidate|boost
|-unboost|p1a: Aegislash|atk|1
|-formechange|p1a: Aegislash|Aegislash||[from] ability: Stance Change
|move|p1a: Aegislash|King's Shield||[still]
|-fail|p1a: Aegislash
|
|-weather|Sandstorm|[upkeep]
|-heal|p2a: Landorus|22/100|[from] item: Leftovers
|upkeep
|turn|16
|
|t:|1618428378
|switch|p2a: Volcanion|Volcanion|100/100
|-formechange|p1a: Aegislash|Aegislash-Blade||[from] ability: Stance Change
|move|p1a: Aegislash|Shadow Sneak|p2a: Volcanion
|-damage|p2a: Volcanion|79/100
|-damage|p1a: Aegislash|15/100|[from] item: Life Orb
|
|-weather|Sandstorm|[upkeep]
|-damage|p2a: Volcanion|73/100|[from] Sandstorm
|-heal|p2a: Volcanion|79/100|[from] item: Leftovers
|upkeep
|turn|17
|
|t:|1618428383
|-formechange|p1a: Aegislash|Aegislash||[from] ability: Stance Change
|move|p1a: Aegislash|King's Shield|p1a: Aegislash
|-singleturn|p1a: Aegislash|Protect
|move|p2a: Volcanion|Steam Eruption|p1a: Aegislash
|-activate|p1a: Aegislash|move: Protect
|
|-weather|none
|-heal|p2a: Volcanion|86/100|[from] item: Leftovers
|upkeep
|turn|18
|
|t:|1618428390
|move|p2a: Volcanion|Steam Eruption|p1a: Aegislash
|-damage|p1a: Aegislash|0 fnt
|faint|p1a: Aegislash
|
|-heal|p2a: Volcanion|92/100|[from] item: Leftovers
|upkeep
|
|t:|1618428397
|switch|p1a: UnBanned|Zamazenta-Crowned|94/100
|-ability|p1a: UnBanned|Dauntless Shield|boost
|-boost|p1a: UnBanned|def|1
|turn|19
|c|☆White84|gg
|
|t:|1618428408
|switch|p2a: Landorus|Landorus-Therian, M|22/100
|-ability|p2a: Landorus|Intimidate|boost
|-unboost|p1a: UnBanned|atk|1
|move|p1a: UnBanned|Close Combat|p2a: Landorus
|-resisted|p2a: Landorus
|-damage|p2a: Landorus|7/100
|-unboost|p1a: UnBanned|def|1
|-unboost|p1a: UnBanned|spd|1
|
|-heal|p2a: Landorus|13/100|[from] item: Leftovers
|upkeep
|turn|20
|
|t:|1618428414
|move|p1a: UnBanned|Ice Fang|p2a: Landorus
|-supereffective|p2a: Landorus
|-damage|p2a: Landorus|0 fnt
|faint|p2a: Landorus
|
|upkeep
|
|t:|1618428421
|switch|p2a: Dracovish|Dracovish|54/100
|turn|21
|c|☆kazt 5|gg
|
|t:|1618428435
|move|p1a: UnBanned|Ice Fang|p2a: Dracovish
|-damage|p2a: Dracovish|37/100
|move|p2a: Dracovish|Earthquake|p1a: UnBanned
|-supereffective|p1a: UnBanned
|-damage|p1a: UnBanned|27/100
|
|upkeep
|turn|22
|
|t:|1618428440
|move|p1a: UnBanned|Behemoth Bash|p2a: Dracovish
|-resisted|p2a: Dracovish
|-damage|p2a: Dracovish|19/100
|move|p2a: Dracovish|Earthquake|p1a: UnBanned
|-supereffective|p1a: UnBanned
|-damage|p1a: UnBanned|0 fnt
|faint|p1a: UnBanned
|
|win|kazt 5
|n|☆White84|white84
|n|☆kazt 5|kazt5
|n| TheNewBrends11|thenewbrends11
|c|☆White84|f
|l|☆White84
|l|☆kazt 5
