|j|☆goran el draco
|j|☆jfjefs
|player|p1|goran el draco|n|1723
|player|p2|jfjefs|102|1566
|teamsize|p1|6
|teamsize|p2|6
|gametype|singles
|gen|8
|tier|[Gen 8] OU
|rated|
|html|<div class="broadcast-blue"><strong>OU is currently suspecting Dracovish! For information on how to participate check out the <a href="https://www.smogon.com/forums/threads/3664521/">suspect thread</a>.</strong></div>
|clearpoke
|poke|p1|Toxapex, F|
|poke|p1|Dragapult, M|
|poke|p1|Salazzle, F|
|poke|p1|Primarina, M|
|poke|p1|Hippowdon, F|
|poke|p1|Excadrill, F|
|poke|p2|Toxapex, F|
|poke|p2|Corviknight, F|
|poke|p2|Tyranitar, M|
|poke|p2|Rotom-Heat|
|poke|p2|Kommo-o, M|
|poke|p2|Weavile, F|
|rule|Sleep Clause Mod: Limit one foe put to sleep
|rule|Species Clause: Limit one of each Pokémon
|rule|OHKO Clause: OHKO moves are banned
|rule|Evasion Moves Clause: Evasion moves are banned
|rule|Endless Battle Clause: Forcing endless battles is banned
|rule|HP Percentage Mod: HP is shown in percentages
|rule|Dynamax Clause: You cannot dynamax
|teampreview
|
|start
|switch|p1a: Hippowdon|Hippowdon, F|100/100
|switch|p2a: Kommo-o|Kommo-o, M|100/100
|-weather|Sandstorm|[from] ability: Sand Stream|[of] p1a: Hippowdon
|turn|1
|
|move|p2a: Kommo-o|Stealth Rock|p1a: Hippowdon
|-sidestart|p1: goran el draco|move: Stealth Rock
|move|p1a: Hippowdon|Toxic|p2a: Kommo-o
|-status|p2a: Kommo-o|tox
|
|-weather|Sandstorm|[upkeep]
|-damage|p2a: Kommo-o|94/100 tox|[from] Sandstorm
|-heal|p2a: Kommo-o|100/100 tox|[from] item: Leftovers
|-damage|p2a: Kommo-o|94/100 tox|[from] psn
|upkeep
|turn|2
|
|move|p2a: Kommo-o|Iron Defense|p2a: Kommo-o
|-boost|p2a: Kommo-o|def|2
|move|p1a: Hippowdon|Stealth Rock|p2a: Kommo-o
|-sidestart|p2: jfjefs|move: Stealth Rock
|
|-weather|Sandstorm|[upkeep]
|-damage|p2a: Kommo-o|88/100 tox|[from] Sandstorm
|-heal|p2a: Kommo-o|94/100 tox|[from] item: Leftovers
|-damage|p2a: Kommo-o|82/100 tox|[from] psn
|upkeep
|turn|3
|
|move|p2a: Kommo-o|Body Press|p1a: Hippowdon
|-damage|p1a: Hippowdon|60/100
|move|p1a: Hippowdon|Slack Off|p1a: Hippowdon
|-heal|p1a: Hippowdon|100/100
|
|-weather|Sandstorm|[upkeep]
|-damage|p2a: Kommo-o|76/100 tox|[from] Sandstorm
|-heal|p2a: Kommo-o|82/100 tox|[from] item: Leftovers
|-damage|p2a: Kommo-o|63/100 tox|[from] psn
|upkeep
|turn|4
|
|switch|p2a: Corviknight|Corviknight, F|100/100
|-damage|p2a: Corviknight|88/100|[from] Stealth Rock
|-ability|p2a: Corviknight|Pressure
|move|p1a: Hippowdon|Earthquake|p2a: Corviknight
|-immune|p2a: Corviknight
|
|-weather|Sandstorm|[upkeep]
|-heal|p2a: Corviknight|94/100|[from] item: Leftovers
|upkeep
|turn|5
|
|switch|p2a: Toxapex|Toxapex, F|100/100
|-damage|p2a: Toxapex|88/100|[from] Stealth Rock
|switch|p1a: Salazzle|Salazzle, F|100/100
|
|-weather|none
|-heal|p2a: Toxapex|94/100|[from] item: Black Sludge
|upkeep
|turn|6
|
|switch|p2a: Kommo-o|Kommo-o, M|63/100 tox
|-damage|p2a: Kommo-o|57/100 tox|[from] Stealth Rock
|move|p1a: Salazzle|Toxic|p2a: Kommo-o
|-fail|p2a: Kommo-o|tox
|
|-heal|p2a: Kommo-o|63/100 tox|[from] item: Leftovers
|-damage|p2a: Kommo-o|57/100 tox|[from] psn
|upkeep
|turn|7
|
|switch|p1a: Hippowdon|Hippowdon, F|100/100
|-damage|p1a: Hippowdon|94/100|[from] Stealth Rock
|-weather|Sandstorm|[from] ability: Sand Stream|[of] p1a: Hippowdon
|move|p2a: Kommo-o|Earthquake|p1a: Hippowdon
|-damage|p1a: Hippowdon|80/100
|
|-weather|Sandstorm|[upkeep]
|-damage|p2a: Kommo-o|51/100 tox|[from] Sandstorm
|-heal|p2a: Kommo-o|57/100 tox|[from] item: Leftovers
|-heal|p1a: Hippowdon|87/100|[from] item: Leftovers
|-damage|p2a: Kommo-o|45/100 tox|[from] psn
|upkeep
|turn|8
|
|switch|p2a: Toxapex|Toxapex, F|100/100
|-damage|p2a: Toxapex|88/100|[from] Stealth Rock
|move|p1a: Hippowdon|Slack Off|p1a: Hippowdon
|-heal|p1a: Hippowdon|100/100
|
|-weather|Sandstorm|[upkeep]
|-damage|p2a: Toxapex|82/100|[from] Sandstorm
|-heal|p2a: Toxapex|88/100|[from] item: Black Sludge
|upkeep
|turn|9
|
|move|p1a: Hippowdon|Earthquake|p2a: Toxapex
|-supereffective|p2a: Toxapex
|-damage|p2a: Toxapex|33/100
|move|p2a: Toxapex|Toxic|p1a: Hippowdon
|-status|p1a: Hippowdon|tox
|
|-weather|Sandstorm|[upkeep]
|-damage|p2a: Toxapex|26/100|[from] Sandstorm
|-heal|p2a: Toxapex|33/100|[from] item: Black Sludge
|-damage|p1a: Hippowdon|94/100 tox|[from] psn
|upkeep
|turn|10
|
|switch|p1a: Salazzle|Salazzle, F|100/100
|switch|p2a: Corviknight|Corviknight, F|94/100
|-damage|p2a: Corviknight|82/100|[from] Stealth Rock
|-ability|p2a: Corviknight|Pressure
|
|-weather|Sandstorm|[upkeep]
|-damage|p1a: Salazzle|94/100|[from] Sandstorm
|-heal|p2a: Corviknight|88/100|[from] item: Leftovers
|upkeep
|turn|11
|
|switch|p2a: Kommo-o|Kommo-o, M|45/100 tox
|-damage|p2a: Kommo-o|38/100 tox|[from] Stealth Rock
|move|p1a: Salazzle|Flamethrower|p2a: Kommo-o
|-resisted|p2a: Kommo-o
|-damage|p2a: Kommo-o|18/100 tox
|
|-weather|none
|-heal|p2a: Kommo-o|24/100 tox|[from] item: Leftovers
|-damage|p2a: Kommo-o|18/100 tox|[from] psn
|upkeep
|turn|12
|
|move|p1a: Salazzle|Flamethrower|p2a: Kommo-o
|-resisted|p2a: Kommo-o
|-damage|p2a: Kommo-o|0 fnt
|faint|p2a: Kommo-o
|
|upkeep
|
|switch|p2a: Tyranitar|Tyranitar, M|100/100
|-damage|p2a: Tyranitar|88/100|[from] Stealth Rock
|-weather|Sandstorm|[from] ability: Sand Stream|[of] p2a: Tyranitar
|turn|13
|
|switch|p1a: Hippowdon|Hippowdon, F|94/100 tox
|-damage|p1a: Hippowdon|88/100 tox|[from] Stealth Rock
|move|p2a: Tyranitar|Crunch|p1a: Hippowdon
|-damage|p1a: Hippowdon|53/100 tox
|
|-weather|Sandstorm|[upkeep]
|-heal|p1a: Hippowdon|59/100 tox|[from] item: Leftovers
|-damage|p1a: Hippowdon|53/100 tox|[from] psn
|upkeep
|turn|14
|
|move|p2a: Tyranitar|Crunch|p1a: Hippowdon
|-damage|p1a: Hippowdon|16/100 tox
|move|p1a: Hippowdon|Slack Off|p1a: Hippowdon
|-heal|p1a: Hippowdon|66/100 tox
|
|-weather|Sandstorm|[upkeep]
|-heal|p1a: Hippowdon|72/100 tox|[from] item: Leftovers
|-damage|p1a: Hippowdon|60/100 tox|[from] psn
|upkeep
|turn|15
|
|switch|p2a: Rotom|Rotom-Heat|100/100
|switch|p1a: Toxapex|Toxapex, F|100/100
|-damage|p1a: Toxapex|88/100|[from] Stealth Rock
|
|-weather|Sandstorm|[upkeep]
|-damage|p2a: Rotom|95/100|[from] Sandstorm
|-damage|p1a: Toxapex|82/100|[from] Sandstorm
|-heal|p1a: Toxapex|88/100|[from] item: Black Sludge
|upkeep
|turn|16
|
|switch|p1a: Dragapult|Dragapult, M|100/100
|-damage|p1a: Dragapult|88/100|[from] Stealth Rock
|move|p2a: Rotom|Volt Switch|p1a: Dragapult
|-resisted|p1a: Dragapult
|-crit|p1a: Dragapult
|-damage|p1a: Dragapult|62/100
|
|switch|p2a: Weavile|Weavile, F|100/100|[from]move: Volt Switch
|-damage|p2a: Weavile|76/100|[from] Stealth Rock
|-ability|p2a: Weavile|Pressure
|
|-weather|Sandstorm|[upkeep]
|-damage|p2a: Weavile|70/100|[from] Sandstorm
|-damage|p1a: Dragapult|56/100|[from] Sandstorm
|upkeep
|turn|17
|
|switch|p1a: Toxapex|Toxapex, F|100/100
|-damage|p1a: Toxapex|88/100|[from] Stealth Rock
|move|p2a: Weavile|Knock Off|p1a: Toxapex
|-damage|p1a: Toxapex|57/100
|-enditem|p1a: Toxapex|Black Sludge|[from] move: Knock Off|[of] p2a: Weavile
|
|-weather|none
|upkeep
|turn|18
|
|switch|p2a: Corviknight|Corviknight, F|88/100
|-damage|p2a: Corviknight|75/100|[from] Stealth Rock
|-ability|p2a: Corviknight|Pressure
|move|p1a: Toxapex|Recover|p1a: Toxapex
|-heal|p1a: Toxapex|100/100
|
|-heal|p2a: Corviknight|82/100|[from] item: Leftovers
|upkeep
|turn|19
|
|switch|p2a: Toxapex|Toxapex, F|66/100
|-damage|p2a: Toxapex|53/100|[from] Stealth Rock
|move|p1a: Toxapex|Scald|p2a: Toxapex
|-resisted|p2a: Toxapex
|-damage|p2a: Toxapex|48/100
|-status|p2a: Toxapex|brn
|
|-heal|p2a: Toxapex|54/100 brn|[from] item: Black Sludge
|-damage|p2a: Toxapex|48/100 brn|[from] brn
|upkeep
|turn|20
|
|move|p1a: Toxapex|Toxic Spikes|p2a: Toxapex
|-sidestart|p2: jfjefs|move: Toxic Spikes
|move|p2a: Toxapex|Recover|p2a: Toxapex
|-heal|p2a: Toxapex|98/100 brn
|
|-heal|p2a: Toxapex|100/100 brn|[from] item: Black Sludge
|-damage|p2a: Toxapex|94/100 brn|[from] brn
|upkeep
|turn|21
|
|switch|p1a: Hippowdon|Hippowdon, F|60/100 tox
|-damage|p1a: Hippowdon|53/100 tox|[from] Stealth Rock
|-weather|Sandstorm|[from] ability: Sand Stream|[of] p1a: Hippowdon
|move|p2a: Toxapex|Scald|p1a: Hippowdon
|-supereffective|p1a: Hippowdon
|-damage|p1a: Hippowdon|18/100 tox
|
|-weather|Sandstorm|[upkeep]
|-damage|p2a: Toxapex|88/100 brn|[from] Sandstorm
|-heal|p1a: Hippowdon|24/100 tox|[from] item: Leftovers
|-heal|p2a: Toxapex|94/100 brn|[from] item: Black Sludge
|-damage|p1a: Hippowdon|18/100 tox|[from] psn
|-damage|p2a: Toxapex|88/100 brn|[from] brn
|upkeep
|turn|22
|
|switch|p2a: Corviknight|Corviknight, F|82/100
|-damage|p2a: Corviknight|69/100|[from] Stealth Rock
|-ability|p2a: Corviknight|Pressure
|move|p1a: Hippowdon|Slack Off|p1a: Hippowdon
|-heal|p1a: Hippowdon|68/100 tox
|
|-weather|Sandstorm|[upkeep]
|-heal|p2a: Corviknight|75/100|[from] item: Leftovers
|-heal|p1a: Hippowdon|74/100 tox|[from] item: Leftovers
|-damage|p1a: Hippowdon|61/100 tox|[from] psn
|upkeep
|turn|23
|
|switch|p1a: Salazzle|Salazzle, F|94/100
|move|p2a: Corviknight|Iron Head|p1a: Salazzle
|-resisted|p1a: Salazzle
|-damage|p1a: Salazzle|74/100
|
|-weather|Sandstorm|[upkeep]
|-damage|p1a: Salazzle|68/100|[from] Sandstorm
|-heal|p2a: Corviknight|82/100|[from] item: Leftovers
|upkeep
|turn|24
|
|switch|p2a: Toxapex|Toxapex, F|100/100 brn
|-damage|p2a: Toxapex|88/100 brn|[from] Stealth Rock
|-sideend|p2: jfjefs|move: Toxic Spikes|[of] p2a: Toxapex
|move|p1a: Salazzle|Flamethrower|p2a: Toxapex
|-resisted|p2a: Toxapex
|-damage|p2a: Toxapex|75/100 brn
|
|-weather|Sandstorm|[upkeep]
|-damage|p1a: Salazzle|62/100|[from] Sandstorm
|-damage|p2a: Toxapex|69/100 brn|[from] Sandstorm
|-heal|p2a: Toxapex|75/100 brn|[from] item: Black Sludge
|-damage|p2a: Toxapex|69/100 brn|[from] brn
|upkeep
|turn|25
|
|switch|p1a: Primarina|Primarina, M|100/100
|-damage|p1a: Primarina|88/100|[from] Stealth Rock
|move|p2a: Toxapex|Scald|p1a: Primarina
|-resisted|p1a: Primarina
|-damage|p1a: Primarina|80/100
|-status|p1a: Primarina|brn
|
|-weather|none
|-heal|p1a: Primarina|86/100 brn|[from] item: Leftovers
|-heal|p2a: Toxapex|75/100 brn|[from] item: Black Sludge
|-damage|p1a: Primarina|80/100 brn|[from] brn
|-damage|p2a: Toxapex|69/100 brn|[from] brn
|upkeep
|turn|26
|
|switch|p2a: Tyranitar|Tyranitar, M|88/100
|-damage|p2a: Tyranitar|76/100|[from] Stealth Rock
|-weather|Sandstorm|[from] ability: Sand Stream|[of] p2a: Tyranitar
|move|p1a: Primarina|Calm Mind|p1a: Primarina
|-boost|p1a: Primarina|spa|1
|-boost|p1a: Primarina|spd|1
|
|-weather|Sandstorm|[upkeep]
|-damage|p1a: Primarina|74/100 brn|[from] Sandstorm
|-heal|p1a: Primarina|80/100 brn|[from] item: Leftovers
|-damage|p1a: Primarina|74/100 brn|[from] brn
|upkeep
|turn|27
|
|switch|p1a: Toxapex|Toxapex, F|100/100
|-damage|p1a: Toxapex|88/100|[from] Stealth Rock
|move|p2a: Tyranitar|Stone Edge|p1a: Toxapex
|-damage|p1a: Toxapex|36/100
|
|-weather|Sandstorm|[upkeep]
|-damage|p1a: Toxapex|30/100|[from] Sandstorm
|upkeep
|turn|28
|
|switch|p2a: Rotom|Rotom-Heat|95/100
|switch|p1a: Hippowdon|Hippowdon, F|61/100 tox
|-damage|p1a: Hippowdon|55/100 tox|[from] Stealth Rock
|
|-weather|Sandstorm|[upkeep]
|-damage|p2a: Rotom|89/100|[from] Sandstorm
|-heal|p1a: Hippowdon|61/100 tox|[from] item: Leftovers
|-damage|p1a: Hippowdon|55/100 tox|[from] psn
|upkeep
|turn|29
|
|switch|p2a: Corviknight|Corviknight, F|82/100
|-damage|p2a: Corviknight|69/100|[from] Stealth Rock
|-ability|p2a: Corviknight|Pressure
|move|p1a: Hippowdon|Slack Off|p1a: Hippowdon
|-heal|p1a: Hippowdon|100/100 tox
|
|-weather|Sandstorm|[upkeep]
|-heal|p2a: Corviknight|75/100|[from] item: Leftovers
|-damage|p1a: Hippowdon|88/100 tox|[from] psn
|upkeep
|turn|30
|
|switch|p1a: Salazzle|Salazzle, F|62/100
|move|p2a: Corviknight|Roost|p2a: Corviknight
|-heal|p2a: Corviknight|100/100
|-singleturn|p2a: Corviknight|move: Roost
|
|-weather|none
|upkeep
|turn|31
|
|switch|p1a: Primarina|Primarina, M|74/100 brn
|-damage|p1a: Primarina|61/100 brn|[from] Stealth Rock
|switch|p2a: Toxapex|Toxapex, F|100/100 brn
|-damage|p2a: Toxapex|88/100 brn|[from] Stealth Rock
|
|-heal|p1a: Primarina|68/100 brn|[from] item: Leftovers
|-heal|p2a: Toxapex|94/100 brn|[from] item: Black Sludge
|-damage|p1a: Primarina|61/100 brn|[from] brn
|-damage|p2a: Toxapex|88/100 brn|[from] brn
|upkeep
|turn|32
|
|switch|p2a: Corviknight|Corviknight, F|100/100
|-damage|p2a: Corviknight|88/100|[from] Stealth Rock
|-ability|p2a: Corviknight|Pressure
|move|p1a: Primarina|Substitute|p1a: Primarina
|-start|p1a: Primarina|Substitute
|-damage|p1a: Primarina|36/100 brn
|
|-heal|p1a: Primarina|43/100 brn|[from] item: Leftovers
|-heal|p2a: Corviknight|94/100|[from] item: Leftovers
|-damage|p1a: Primarina|36/100 brn|[from] brn
|upkeep
|turn|33
|
|move|p1a: Primarina|Scald|p2a: Corviknight
|-damage|p2a: Corviknight|51/100
|-status|p2a: Corviknight|brn
|move|p2a: Corviknight|Iron Head|p1a: Primarina
|-activate|p1a: Primarina|move: Substitute|[damage]
|
|-heal|p1a: Primarina|43/100 brn|[from] item: Leftovers
|-heal|p2a: Corviknight|57/100 brn|[from] item: Leftovers
|-damage|p1a: Primarina|36/100 brn|[from] brn
|-damage|p2a: Corviknight|51/100 brn|[from] brn
|upkeep
|turn|34
|
|move|p1a: Primarina|Calm Mind|p1a: Primarina
|-boost|p1a: Primarina|spa|1
|-boost|p1a: Primarina|spd|1
|move|p2a: Corviknight|Roost|p2a: Corviknight
|-heal|p2a: Corviknight|100/100 brn
|-singleturn|p2a: Corviknight|move: Roost
|
|-heal|p1a: Primarina|43/100 brn|[from] item: Leftovers
|-damage|p1a: Primarina|36/100 brn|[from] brn
|-damage|p2a: Corviknight|94/100 brn|[from] brn
|upkeep
|turn|35
|
|switch|p2a: Toxapex|Toxapex, F|100/100 brn
|-damage|p2a: Toxapex|88/100 brn|[from] Stealth Rock
|move|p1a: Primarina|Scald|p2a: Toxapex
|-resisted|p2a: Toxapex
|-damage|p2a: Toxapex|66/100 brn
|
|-heal|p1a: Primarina|43/100 brn|[from] item: Leftovers
|-heal|p2a: Toxapex|72/100 brn|[from] item: Black Sludge
|-damage|p1a: Primarina|36/100 brn|[from] brn
|-damage|p2a: Toxapex|66/100 brn|[from] brn
|upkeep
|turn|36
|
|move|p1a: Primarina|Moonblast|p2a: Toxapex
|-resisted|p2a: Toxapex
|-damage|p2a: Toxapex|42/100 brn
|move|p2a: Toxapex|Haze|p2a: Toxapex
|-clearallboost
|
|-heal|p1a: Primarina|43/100 brn|[from] item: Leftovers
|-heal|p2a: Toxapex|48/100 brn|[from] item: Black Sludge
|-damage|p1a: Primarina|36/100 brn|[from] brn
|-damage|p2a: Toxapex|42/100 brn|[from] brn
|upkeep
|turn|37
|inactive|Battle timer is ON: inactive players will automatically lose when time's up. (requested by jfjefs)
|
|move|p1a: Primarina|Calm Mind|p1a: Primarina
|-boost|p1a: Primarina|spa|1
|-boost|p1a: Primarina|spd|1
|move|p2a: Toxapex|Recover|p2a: Toxapex
|-heal|p2a: Toxapex|92/100 brn
|
|-heal|p1a: Primarina|43/100 brn|[from] item: Leftovers
|-heal|p2a: Toxapex|98/100 brn|[from] item: Black Sludge
|-damage|p1a: Primarina|36/100 brn|[from] brn
|-damage|p2a: Toxapex|92/100 brn|[from] brn
|upkeep
|turn|38
|inactive|goran el draco has 120 seconds left.
|
|move|p1a: Primarina|Calm Mind|p1a: Primarina
|-boost|p1a: Primarina|spa|1
|-boost|p1a: Primarina|spd|1
|move|p2a: Toxapex|Scald|p1a: Primarina
|-resisted|p1a: Primarina
|-activate|p1a: Primarina|move: Substitute|[damage]
|
|-heal|p1a: Primarina|43/100 brn|[from] item: Leftovers
|-heal|p2a: Toxapex|98/100 brn|[from] item: Black Sludge
|-damage|p1a: Primarina|36/100 brn|[from] brn
|-damage|p2a: Toxapex|92/100 brn|[from] brn
|upkeep
|turn|39
|
|move|p1a: Primarina|Moonblast|p2a: Toxapex
|-resisted|p2a: Toxapex
|-damage|p2a: Toxapex|60/100 brn
|move|p2a: Toxapex|Haze|p2a: Toxapex
|-clearallboost
|
|-heal|p1a: Primarina|43/100 brn|[from] item: Leftovers
|-heal|p2a: Toxapex|66/100 brn|[from] item: Black Sludge
|-damage|p1a: Primarina|36/100 brn|[from] brn
|-damage|p2a: Toxapex|60/100 brn|[from] brn
|upkeep
|turn|40
|
|move|p1a: Primarina|Substitute|p1a: Primarina
|-fail|p1a: Primarina|move: Substitute
|move|p2a: Toxapex|Scald|p1a: Primarina
|-resisted|p1a: Primarina
|-end|p1a: Primarina|Substitute
|
|-heal|p1a: Primarina|43/100 brn|[from] item: Leftovers
|-heal|p2a: Toxapex|66/100 brn|[from] item: Black Sludge
|-damage|p1a: Primarina|36/100 brn|[from] brn
|-damage|p2a: Toxapex|60/100 brn|[from] brn
|upkeep
|turn|41
|
|move|p1a: Primarina|Substitute|p1a: Primarina
|-start|p1a: Primarina|Substitute
|-damage|p1a: Primarina|11/100 brn
|move|p2a: Toxapex|Recover|p2a: Toxapex
|-heal|p2a: Toxapex|100/100 brn
|
|-heal|p1a: Primarina|18/100 brn|[from] item: Leftovers
|-damage|p1a: Primarina|11/100 brn|[from] brn
|-damage|p2a: Toxapex|94/100 brn|[from] brn
|upkeep
|turn|42
|
|move|p1a: Primarina|Calm Mind|p1a: Primarina
|-boost|p1a: Primarina|spa|1
|-boost|p1a: Primarina|spd|1
|move|p2a: Toxapex|Scald|p1a: Primarina
|-resisted|p1a: Primarina
|-activate|p1a: Primarina|move: Substitute|[damage]
|
|-heal|p1a: Primarina|18/100 brn|[from] item: Leftovers
|-heal|p2a: Toxapex|100/100 brn|[from] item: Black Sludge
|-damage|p1a: Primarina|11/100 brn|[from] brn
|-damage|p2a: Toxapex|94/100 brn|[from] brn
|upkeep
|turn|43
|
|move|p1a: Primarina|Scald|p2a: Toxapex
|-resisted|p2a: Toxapex
|-damage|p2a: Toxapex|63/100 brn
|move|p2a: Toxapex|Haze|p2a: Toxapex
|-clearallboost
|
|-heal|p1a: Primarina|18/100 brn|[from] item: Leftovers
|-heal|p2a: Toxapex|70/100 brn|[from] item: Black Sludge
|-damage|p1a: Primarina|11/100 brn|[from] brn
|-damage|p2a: Toxapex|63/100 brn|[from] brn
|upkeep
|turn|44
|
|move|p1a: Primarina|Calm Mind|p1a: Primarina
|-boost|p1a: Primarina|spa|1
|-boost|p1a: Primarina|spd|1
|move|p2a: Toxapex|Scald|p1a: Primarina
|-resisted|p1a: Primarina
|-activate|p1a: Primarina|move: Substitute|[damage]
|
|-heal|p1a: Primarina|18/100 brn|[from] item: Leftovers
|-heal|p2a: Toxapex|70/100 brn|[from] item: Black Sludge
|-damage|p1a: Primarina|11/100 brn|[from] brn
|-damage|p2a: Toxapex|63/100 brn|[from] brn
|upkeep
|turn|45
|
|move|p1a: Primarina|Scald|p2a: Toxapex
|-resisted|p2a: Toxapex
|-damage|p2a: Toxapex|31/100 brn
|move|p2a: Toxapex|Recover|p2a: Toxapex
|-heal|p2a: Toxapex|81/100 brn
|
|-heal|p1a: Primarina|18/100 brn|[from] item: Leftovers
|-heal|p2a: Toxapex|87/100 brn|[from] item: Black Sludge
|-damage|p1a: Primarina|11/100 brn|[from] brn
|-damage|p2a: Toxapex|81/100 brn|[from] brn
|upkeep
|turn|46
|
|switch|p1a: Dragapult|Dragapult, M|56/100
|-damage|p1a: Dragapult|44/100|[from] Stealth Rock
|move|p2a: Toxapex|Scald|p1a: Dragapult
|-resisted|p1a: Dragapult
|-damage|p1a: Dragapult|33/100
|-status|p1a: Dragapult|brn
|
|-heal|p2a: Toxapex|87/100 brn|[from] item: Black Sludge
|-damage|p1a: Dragapult|27/100 brn|[from] brn
|-damage|p2a: Toxapex|81/100 brn|[from] brn
|upkeep
|turn|47
|
|move|p1a: Dragapult|Hex|p2a: Toxapex
|-damage|p2a: Toxapex|24/100 brn
|move|p2a: Toxapex|Recover|p2a: Toxapex
|-heal|p2a: Toxapex|74/100 brn
|
|-heal|p2a: Toxapex|80/100 brn|[from] item: Black Sludge
|-damage|p1a: Dragapult|21/100 brn|[from] brn
|-damage|p2a: Toxapex|74/100 brn|[from] brn
|upkeep
|turn|48
|
|switch|p1a: Toxapex|Toxapex, F|63/100
|-damage|p1a: Toxapex|51/100|[from] Stealth Rock
|move|p2a: Toxapex|Recover|p2a: Toxapex
|-heal|p2a: Toxapex|100/100 brn
|
|-damage|p2a: Toxapex|94/100 brn|[from] brn
|upkeep
|turn|49
|
|move|p2a: Toxapex|Scald|p1a: Toxapex
|-resisted|p1a: Toxapex
|-damage|p1a: Toxapex|44/100
|move|p1a: Toxapex|Recover|p1a: Toxapex
|-heal|p1a: Toxapex|94/100
|
|-heal|p2a: Toxapex|100/100 brn|[from] item: Black Sludge
|-damage|p2a: Toxapex|94/100 brn|[from] brn
|upkeep
|turn|50
|
|move|p1a: Toxapex|Toxic Spikes|p2a: Toxapex
|-sidestart|p2: jfjefs|move: Toxic Spikes
|move|p2a: Toxapex|Scald|p1a: Toxapex
|-resisted|p1a: Toxapex
|-damage|p1a: Toxapex|87/100
|
|-heal|p2a: Toxapex|100/100 brn|[from] item: Black Sludge
|-damage|p2a: Toxapex|94/100 brn|[from] brn
|upkeep
|turn|51
|
|move|p1a: Toxapex|Toxic Spikes|p2a: Toxapex
|-sidestart|p2: jfjefs|move: Toxic Spikes
|move|p2a: Toxapex|Scald|p1a: Toxapex
|-resisted|p1a: Toxapex
|-damage|p1a: Toxapex|80/100
|-status|p1a: Toxapex|brn
|
|-heal|p2a: Toxapex|100/100 brn|[from] item: Black Sludge
|-damage|p2a: Toxapex|94/100 brn|[from] brn
|-damage|p1a: Toxapex|74/100 brn|[from] brn
|upkeep
|turn|52
|
|switch|p2a: Corviknight|Corviknight, F|94/100 brn
|-damage|p2a: Corviknight|82/100 brn|[from] Stealth Rock
|-ability|p2a: Corviknight|Pressure
|move|p1a: Toxapex|Recover|p1a: Toxapex
|-heal|p1a: Toxapex|100/100 brn
|
|-heal|p2a: Corviknight|88/100 brn|[from] item: Leftovers
|-damage|p2a: Corviknight|82/100 brn|[from] brn
|-damage|p1a: Toxapex|94/100 brn|[from] brn
|upkeep
|turn|53
|
|switch|p2a: Toxapex|Toxapex, F|100/100 brn
|-sideend|p2: jfjefs|move: Toxic Spikes|[of] p2a: Toxapex
|-damage|p2a: Toxapex|88/100 brn|[from] Stealth Rock
|switch|p1a: Hippowdon|Hippowdon, F|88/100 tox
|-damage|p1a: Hippowdon|82/100 tox|[from] Stealth Rock
|-weather|Sandstorm|[from] ability: Sand Stream|[of] p1a: Hippowdon
|
|-weather|Sandstorm|[upkeep]
|-damage|p2a: Toxapex|82/100 brn|[from] Sandstorm
|-heal|p1a: Hippowdon|88/100 tox|[from] item: Leftovers
|-heal|p2a: Toxapex|88/100 brn|[from] item: Black Sludge
|-damage|p1a: Hippowdon|82/100 tox|[from] psn
|-damage|p2a: Toxapex|82/100 brn|[from] brn
|upkeep
|turn|54
|
|switch|p2a: Corviknight|Corviknight, F|82/100 brn
|-damage|p2a: Corviknight|69/100 brn|[from] Stealth Rock
|-ability|p2a: Corviknight|Pressure
|move|p1a: Hippowdon|Earthquake|p2a: Corviknight
|-immune|p2a: Corviknight
|
|-weather|Sandstorm|[upkeep]
|-heal|p2a: Corviknight|75/100 brn|[from] item: Leftovers
|-heal|p1a: Hippowdon|88/100 tox|[from] item: Leftovers
|-damage|p2a: Corviknight|69/100 brn|[from] brn
|-damage|p1a: Hippowdon|76/100 tox|[from] psn
|upkeep
|turn|55
|
|switch|p1a: Primarina|Primarina, M|11/100 brn
|-damage|p1a: Primarina|0 fnt|[from] Stealth Rock
|faint|p1a: Primarina
|move|p2a: Corviknight|Iron Head|p1: Primarina|[notarget]
|-fail|p2a: Corviknight
|
|-weather|Sandstorm|[upkeep]
|-heal|p2a: Corviknight|75/100 brn|[from] item: Leftovers
|-damage|p2a: Corviknight|69/100 brn|[from] brn
|upkeep
|
|switch|p1a: Salazzle|Salazzle, F|62/100
|turn|56
|
|switch|p1a: Excadrill|Excadrill, F|100/100
|-damage|p1a: Excadrill|97/100|[from] Stealth Rock
|switch|p2a: Toxapex|Toxapex, F|100/100 brn
|-damage|p2a: Toxapex|88/100 brn|[from] Stealth Rock
|
|-weather|Sandstorm|[upkeep]
|-damage|p2a: Toxapex|82/100 brn|[from] Sandstorm
|-heal|p2a: Toxapex|88/100 brn|[from] item: Black Sludge
|-damage|p2a: Toxapex|82/100 brn|[from] brn
|upkeep
|turn|57
|
|switch|p2a: Corviknight|Corviknight, F|69/100 brn
|-damage|p2a: Corviknight|57/100 brn|[from] Stealth Rock
|-ability|p2a: Corviknight|Pressure
|move|p1a: Excadrill|Swords Dance|p1a: Excadrill
|-boost|p1a: Excadrill|atk|2
|
|-weather|none
|-heal|p2a: Corviknight|63/100 brn|[from] item: Leftovers
|-damage|p2a: Corviknight|57/100 brn|[from] brn
|upkeep
|turn|58
|
|move|p1a: Excadrill|Rock Slide|p2a: Corviknight
|-damage|p2a: Corviknight|10/100 brn
|-damage|p1a: Excadrill|87/100|[from] item: Life Orb
|move|p2a: Corviknight|Roost|p2a: Corviknight
|-heal|p2a: Corviknight|60/100 brn
|-singleturn|p2a: Corviknight|move: Roost
|
|-heal|p2a: Corviknight|66/100 brn|[from] item: Leftovers
|-damage|p2a: Corviknight|60/100 brn|[from] brn
|upkeep
|turn|59
|inactive|jfjefs has 120 seconds left.
|
|move|p1a: Excadrill|Rock Slide|p2a: Corviknight
|-damage|p2a: Corviknight|17/100 brn
|-damage|p1a: Excadrill|78/100|[from] item: Life Orb
|move|p2a: Corviknight|Roost|p2a: Corviknight
|-heal|p2a: Corviknight|67/100 brn
|-singleturn|p2a: Corviknight|move: Roost
|
|-heal|p2a: Corviknight|73/100 brn|[from] item: Leftovers
|-damage|p2a: Corviknight|67/100 brn|[from] brn
|upkeep
|turn|60
|
|move|p1a: Excadrill|Swords Dance|p1a: Excadrill
|-boost|p1a: Excadrill|atk|2
|move|p2a: Corviknight|Roost|p2a: Corviknight
|-heal|p2a: Corviknight|100/100 brn
|-singleturn|p2a: Corviknight|move: Roost
|
|-damage|p2a: Corviknight|94/100 brn|[from] brn
|upkeep
|turn|61
|inactive|jfjefs has 120 seconds left.
|inactive|jfjefs has 90 seconds left.
|
|switch|p2a: Rotom|Rotom-Heat|89/100
|move|p1a: Excadrill|Rock Slide|p2a: Rotom
|-supereffective|p2a: Rotom
|-damage|p2a: Rotom|0 fnt
|-damage|p1a: Excadrill|68/100|[from] item: Life Orb
|faint|p2a: Rotom
|
|upkeep
|
|switch|p2a: Weavile|Weavile, F|70/100
|-damage|p2a: Weavile|45/100|[from] Stealth Rock
|-ability|p2a: Weavile|Pressure
|turn|62
|
|switch|p1a: Toxapex|Toxapex, F|100/100 brn
|-damage|p1a: Toxapex|88/100 brn|[from] Stealth Rock
|move|p2a: Weavile|Knock Off|p1a: Toxapex
|-damage|p1a: Toxapex|68/100 brn
|
|-damage|p1a: Toxapex|62/100 brn|[from] brn
|upkeep
|turn|63
|
|switch|p2a: Corviknight|Corviknight, F|94/100 brn
|-damage|p2a: Corviknight|82/100 brn|[from] Stealth Rock
|-ability|p2a: Corviknight|Pressure
|move|p1a: Toxapex|Recover|p1a: Toxapex
|-heal|p1a: Toxapex|100/100 brn
|
|-heal|p2a: Corviknight|88/100 brn|[from] item: Leftovers
|-damage|p2a: Corviknight|82/100 brn|[from] brn
|-damage|p1a: Toxapex|94/100 brn|[from] brn
|upkeep
|turn|64
|j| Copoy
|l|☆goran el draco
|inactive|goran el draco disconnected and has a minute to reconnect!
|player|p1|
|
|switch|p1a: Hippowdon|Hippowdon, F|76/100 tox
|-damage|p1a: Hippowdon|70/100 tox|[from] Stealth Rock
|-weather|Sandstorm|[from] ability: Sand Stream|[of] p1a: Hippowdon
|move|p2a: Corviknight|Iron Head|p1a: Hippowdon
|-damage|p1a: Hippowdon|63/100 tox
|
|-weather|Sandstorm|[upkeep]
|-heal|p2a: Corviknight|88/100 brn|[from] item: Leftovers
|-heal|p1a: Hippowdon|69/100 tox|[from] item: Leftovers
|-damage|p2a: Corviknight|82/100 brn|[from] brn
|-damage|p1a: Hippowdon|63/100 tox|[from] psn
|upkeep
|turn|65
|j|☆goran el draco
|inactive|goran el draco reconnected and has 150 seconds left.
|player|p1|goran el draco|n
|
|move|p2a: Corviknight|Iron Head|p1a: Hippowdon
|-damage|p1a: Hippowdon|56/100 tox
|move|p1a: Hippowdon|Slack Off|p1a: Hippowdon
|-heal|p1a: Hippowdon|100/100 tox
|
|-weather|Sandstorm|[upkeep]
|-heal|p2a: Corviknight|88/100 brn|[from] item: Leftovers
|-damage|p2a: Corviknight|82/100 brn|[from] brn
|-damage|p1a: Hippowdon|88/100 tox|[from] psn
|upkeep
|turn|66
|
|switch|p1a: Salazzle|Salazzle, F|62/100
|move|p2a: Corviknight|Iron Head|p1a: Salazzle
|-resisted|p1a: Salazzle
|-damage|p1a: Salazzle|51/100
|
|-weather|Sandstorm|[upkeep]
|-damage|p1a: Salazzle|45/100|[from] Sandstorm
|-heal|p2a: Corviknight|88/100 brn|[from] item: Leftovers
|-damage|p2a: Corviknight|82/100 brn|[from] brn
|upkeep
|turn|67
|inactive|jfjefs has 120 seconds left.
|
|switch|p1a: Excadrill|Excadrill, F|68/100
|-damage|p1a: Excadrill|64/100|[from] Stealth Rock
|switch|p2a: Toxapex|Toxapex, F|100/100 brn
|-damage|p2a: Toxapex|88/100 brn|[from] Stealth Rock
|
|-weather|Sandstorm|[upkeep]
|-damage|p2a: Toxapex|82/100 brn|[from] Sandstorm
|-heal|p2a: Toxapex|88/100 brn|[from] item: Black Sludge
|-damage|p2a: Toxapex|82/100 brn|[from] brn
|upkeep
|turn|68
|
|switch|p2a: Corviknight|Corviknight, F|82/100 brn
|-damage|p2a: Corviknight|69/100 brn|[from] Stealth Rock
|-ability|p2a: Corviknight|Pressure
|move|p1a: Excadrill|Earthquake|p2a: Corviknight
|-immune|p2a: Corviknight
|
|-weather|none
|-heal|p2a: Corviknight|75/100 brn|[from] item: Leftovers
|-damage|p2a: Corviknight|69/100 brn|[from] brn
|upkeep
|turn|69
|j| seven starsss
|j| DollynhoTrash
|
|move|p1a: Excadrill|Swords Dance|p1a: Excadrill
|-boost|p1a: Excadrill|atk|2
|move|p2a: Corviknight|Body Press|p1a: Excadrill
|-supereffective|p1a: Excadrill
|-damage|p1a: Excadrill|30/100
|
|-heal|p2a: Corviknight|75/100 brn|[from] item: Leftovers
|-damage|p2a: Corviknight|69/100 brn|[from] brn
|upkeep
|turn|70
|
|move|p1a: Excadrill|Rock Slide|p2a: Corviknight
|-damage|p2a: Corviknight|21/100 brn
|-damage|p1a: Excadrill|20/100|[from] item: Life Orb
|move|p2a: Corviknight|Body Press|p1a: Excadrill
|-supereffective|p1a: Excadrill
|-damage|p1a: Excadrill|0 fnt
|faint|p1a: Excadrill
|
|-heal|p2a: Corviknight|27/100 brn|[from] item: Leftovers
|-damage|p2a: Corviknight|21/100 brn|[from] brn
|upkeep
|
|switch|p1a: Dragapult|Dragapult, M|21/100 brn
|-damage|p1a: Dragapult|9/100 brn|[from] Stealth Rock
|turn|71
|
|switch|p2a: Toxapex|Toxapex, F|100/100 brn
|-damage|p2a: Toxapex|88/100 brn|[from] Stealth Rock
|move|p1a: Dragapult|Hex|p2a: Toxapex
|-damage|p2a: Toxapex|25/100 brn
|
|-heal|p2a: Toxapex|32/100 brn|[from] item: Black Sludge
|-damage|p1a: Dragapult|3/100 brn|[from] brn
|-damage|p2a: Toxapex|25/100 brn|[from] brn
|upkeep
|turn|72
|
|switch|p2a: Tyranitar|Tyranitar, M|76/100
|-damage|p2a: Tyranitar|64/100|[from] Stealth Rock
|-weather|Sandstorm|[from] ability: Sand Stream|[of] p2a: Tyranitar
|move|p1a: Dragapult|Hex|p2a: Tyranitar
|-resisted|p2a: Tyranitar
|-crit|p2a: Tyranitar
|-damage|p2a: Tyranitar|39/100
|
|-weather|Sandstorm|[upkeep]
|-damage|p1a: Dragapult|0 fnt|[from] Sandstorm
|faint|p1a: Dragapult
|upkeep
|
|switch|p1a: Hippowdon|Hippowdon, F|88/100 tox
|-damage|p1a: Hippowdon|82/100 tox|[from] Stealth Rock
|turn|73
|
|switch|p2a: Weavile|Weavile, F|45/100
|-damage|p2a: Weavile|20/100|[from] Stealth Rock
|-ability|p2a: Weavile|Pressure
|switch|p1a: Salazzle|Salazzle, F|45/100
|
|-weather|Sandstorm|[upkeep]
|-damage|p2a: Weavile|14/100|[from] Sandstorm
|-damage|p1a: Salazzle|39/100|[from] Sandstorm
|upkeep
|turn|74
|
|switch|p1a: Toxapex|Toxapex, F|100/100 brn
|-damage|p1a: Toxapex|88/100 brn|[from] Stealth Rock
|move|p2a: Weavile|Knock Off|p1a: Toxapex
|-damage|p1a: Toxapex|67/100 brn
|
|-weather|Sandstorm|[upkeep]
|-damage|p2a: Weavile|8/100|[from] Sandstorm
|-damage|p1a: Toxapex|61/100 brn|[from] Sandstorm
|-damage|p1a: Toxapex|54/100 brn|[from] brn
|upkeep
|turn|75
|
|move|p2a: Weavile|Knock Off|p1a: Toxapex
|-damage|p1a: Toxapex|33/100 brn
|move|p1a: Toxapex|Recover|p1a: Toxapex
|-heal|p1a: Toxapex|83/100 brn
|
|-weather|Sandstorm|[upkeep]
|-damage|p2a: Weavile|2/100|[from] Sandstorm
|-damage|p1a: Toxapex|77/100 brn|[from] Sandstorm
|-damage|p1a: Toxapex|71/100 brn|[from] brn
|upkeep
|turn|76
|
|move|p2a: Weavile|Knock Off|p1a: Toxapex
|-damage|p1a: Toxapex|50/100 brn
|move|p1a: Toxapex|Recover|p1a: Toxapex
|-heal|p1a: Toxapex|99/100 brn
|
|-weather|none
|-damage|p1a: Toxapex|94/100 brn|[from] brn
|upkeep
|turn|77
|
|move|p2a: Weavile|Knock Off|p1a: Toxapex
|-damage|p1a: Toxapex|73/100 brn
|move|p1a: Toxapex|Scald|p2a: Weavile
|-damage|p2a: Weavile|0 fnt
|faint|p2a: Weavile
|
|-damage|p1a: Toxapex|66/100 brn|[from] brn
|upkeep
|
|switch|p2a: Corviknight|Corviknight, F|21/100 brn
|-damage|p2a: Corviknight|9/100 brn|[from] Stealth Rock
|-ability|p2a: Corviknight|Pressure
|turn|78
|
|switch|p1a: Salazzle|Salazzle, F|39/100
|move|p2a: Corviknight|Roost|p2a: Corviknight
|-heal|p2a: Corviknight|59/100 brn
|-singleturn|p2a: Corviknight|move: Roost
|
|-heal|p2a: Corviknight|65/100 brn|[from] item: Leftovers
|-damage|p2a: Corviknight|59/100 brn|[from] brn
|upkeep
|turn|79
|l|☆goran el draco
|inactive|goran el draco disconnected and has a minute to reconnect!
|player|p1|
|j|☆goran el draco
|inactive|goran el draco reconnected and has 140 seconds left.
|player|p1|goran el draco|n
|
|switch|p1a: Hippowdon|Hippowdon, F|82/100 tox
|-damage|p1a: Hippowdon|76/100 tox|[from] Stealth Rock
|-weather|Sandstorm|[from] ability: Sand Stream|[of] p1a: Hippowdon
|switch|p2a: Toxapex|Toxapex, F|59/100 brn
|-damage|p2a: Toxapex|46/100 brn|[from] Stealth Rock
|
|-weather|Sandstorm|[upkeep]
|-damage|p2a: Toxapex|40/100 brn|[from] Sandstorm
|-heal|p1a: Hippowdon|82/100 tox|[from] item: Leftovers
|-heal|p2a: Toxapex|46/100 brn|[from] item: Black Sludge
|-damage|p1a: Hippowdon|76/100 tox|[from] psn
|-damage|p2a: Toxapex|40/100 brn|[from] brn
|upkeep
|turn|80
|
|switch|p1a: Salazzle|Salazzle, F|39/100
|switch|p2a: Corviknight|Corviknight, F|59/100 brn
|-damage|p2a: Corviknight|46/100 brn|[from] Stealth Rock
|-ability|p2a: Corviknight|Pressure
|
|-weather|Sandstorm|[upkeep]
|-damage|p1a: Salazzle|32/100|[from] Sandstorm
|-heal|p2a: Corviknight|52/100 brn|[from] item: Leftovers
|-damage|p2a: Corviknight|46/100 brn|[from] brn
|upkeep
|turn|81
|
|switch|p1a: Hippowdon|Hippowdon, F|76/100 tox
|-damage|p1a: Hippowdon|70/100 tox|[from] Stealth Rock
|switch|p2a: Toxapex|Toxapex, F|73/100 brn
|-damage|p2a: Toxapex|61/100 brn|[from] Stealth Rock
|
|-weather|Sandstorm|[upkeep]
|-damage|p2a: Toxapex|54/100 brn|[from] Sandstorm
|-heal|p1a: Hippowdon|76/100 tox|[from] item: Leftovers
|-heal|p2a: Toxapex|61/100 brn|[from] item: Black Sludge
|-damage|p1a: Hippowdon|70/100 tox|[from] psn
|-damage|p2a: Toxapex|54/100 brn|[from] brn
|upkeep
|turn|82
|
|switch|p1a: Salazzle|Salazzle, F|32/100
|switch|p2a: Corviknight|Corviknight, F|46/100 brn
|-damage|p2a: Corviknight|34/100 brn|[from] Stealth Rock
|-ability|p2a: Corviknight|Pressure
|
|-weather|Sandstorm|[upkeep]
|-damage|p1a: Salazzle|26/100|[from] Sandstorm
|-heal|p2a: Corviknight|40/100 brn|[from] item: Leftovers
|-damage|p2a: Corviknight|34/100 brn|[from] brn
|upkeep
|turn|83
|
|switch|p1a: Hippowdon|Hippowdon, F|70/100 tox
|-damage|p1a: Hippowdon|63/100 tox|[from] Stealth Rock
|switch|p2a: Toxapex|Toxapex, F|88/100 brn
|-damage|p2a: Toxapex|75/100 brn|[from] Stealth Rock
|
|-weather|none
|-heal|p1a: Hippowdon|70/100 tox|[from] item: Leftovers
|-heal|p2a: Toxapex|81/100 brn|[from] item: Black Sludge
|-damage|p1a: Hippowdon|63/100 tox|[from] psn
|-damage|p2a: Toxapex|75/100 brn|[from] brn
|upkeep
|turn|84
|
|switch|p2a: Corviknight|Corviknight, F|34/100 brn
|-damage|p2a: Corviknight|21/100 brn|[from] Stealth Rock
|-ability|p2a: Corviknight|Pressure
|move|p1a: Hippowdon|Earthquake|p2a: Corviknight
|-immune|p2a: Corviknight
|
|-heal|p2a: Corviknight|27/100 brn|[from] item: Leftovers
|-heal|p1a: Hippowdon|70/100 tox|[from] item: Leftovers
|-damage|p2a: Corviknight|21/100 brn|[from] brn
|-damage|p1a: Hippowdon|57/100 tox|[from] psn
|upkeep
|turn|85
|
|move|p2a: Corviknight|Roost|p2a: Corviknight
|-heal|p2a: Corviknight|71/100 brn
|-singleturn|p2a: Corviknight|move: Roost
|move|p1a: Hippowdon|Earthquake|p2a: Corviknight
|-supereffective|p2a: Corviknight
|-damage|p2a: Corviknight|22/100 brn
|
|-heal|p2a: Corviknight|28/100 brn|[from] item: Leftovers
|-heal|p1a: Hippowdon|63/100 tox|[from] item: Leftovers
|-damage|p2a: Corviknight|22/100 brn|[from] brn
|-damage|p1a: Hippowdon|45/100 tox|[from] psn
|upkeep
|turn|86
|
|move|p2a: Corviknight|Roost|p2a: Corviknight
|-heal|p2a: Corviknight|72/100 brn
|-singleturn|p2a: Corviknight|move: Roost
|move|p1a: Hippowdon|Earthquake|p2a: Corviknight
|-supereffective|p2a: Corviknight
|-damage|p2a: Corviknight|29/100 brn
|
|-heal|p2a: Corviknight|35/100 brn|[from] item: Leftovers
|-heal|p1a: Hippowdon|51/100 tox|[from] item: Leftovers
|-damage|p2a: Corviknight|29/100 brn|[from] brn
|-damage|p1a: Hippowdon|26/100 tox|[from] psn
|upkeep
|turn|87
|
|move|p2a: Corviknight|Roost|p2a: Corviknight
|-heal|p2a: Corviknight|79/100 brn
|-singleturn|p2a: Corviknight|move: Roost
|move|p1a: Hippowdon|Earthquake|p2a: Corviknight
|-supereffective|p2a: Corviknight
|-damage|p2a: Corviknight|33/100 brn
|
|-heal|p2a: Corviknight|39/100 brn|[from] item: Leftovers
|-heal|p1a: Hippowdon|32/100 tox|[from] item: Leftovers
|-damage|p2a: Corviknight|33/100 brn|[from] brn
|-damage|p1a: Hippowdon|1/100 tox|[from] psn
|upkeep
|turn|88
|
|move|p2a: Corviknight|Iron Head|p1a: Hippowdon
|-damage|p1a: Hippowdon|0 fnt
|faint|p1a: Hippowdon
|
|-heal|p2a: Corviknight|39/100 brn|[from] item: Leftovers
|-damage|p2a: Corviknight|33/100 brn|[from] brn
|upkeep
|
|switch|p1a: Salazzle|Salazzle, F|26/100
|turn|89
|
|switch|p1a: Toxapex|Toxapex, F|99/100 brn
|-damage|p1a: Toxapex|87/100 brn|[from] Stealth Rock
|switch|p2a: Toxapex|Toxapex, F|100/100 brn
|-damage|p2a: Toxapex|88/100 brn|[from] Stealth Rock
|
|-heal|p2a: Toxapex|94/100 brn|[from] item: Black Sludge
|-damage|p1a: Toxapex|81/100 brn|[from] brn
|-damage|p2a: Toxapex|88/100 brn|[from] brn
|upkeep
|turn|90
|l| seven starsss
|
|move|p2a: Toxapex|Haze|p2a: Toxapex
|-clearallboost
|move|p1a: Toxapex|Toxic Spikes|p2a: Toxapex
|-sidestart|p2: jfjefs|move: Toxic Spikes
|
|-heal|p2a: Toxapex|94/100 brn|[from] item: Black Sludge
|-damage|p1a: Toxapex|75/100 brn|[from] brn
|-damage|p2a: Toxapex|88/100 brn|[from] brn
|upkeep
|turn|91
|
|move|p1a: Toxapex|Toxic Spikes|p2a: Toxapex
|-sidestart|p2: jfjefs|move: Toxic Spikes
|move|p2a: Toxapex|Haze|p2a: Toxapex
|-clearallboost
|
|-heal|p2a: Toxapex|94/100 brn|[from] item: Black Sludge
|-damage|p1a: Toxapex|68/100 brn|[from] brn
|-damage|p2a: Toxapex|88/100 brn|[from] brn
|upkeep
|turn|92
|
|move|p1a: Toxapex|Haze|p1a: Toxapex
|-clearallboost
|move|p2a: Toxapex|Haze|p2a: Toxapex
|-clearallboost
|
|-heal|p2a: Toxapex|94/100 brn|[from] item: Black Sludge
|-damage|p1a: Toxapex|62/100 brn|[from] brn
|-damage|p2a: Toxapex|88/100 brn|[from] brn
|upkeep
|turn|93
|
|move|p1a: Toxapex|Haze|p1a: Toxapex
|-clearallboost
|move|p2a: Toxapex|Haze|p2a: Toxapex
|-clearallboost
|
|-heal|p2a: Toxapex|94/100 brn|[from] item: Black Sludge
|-damage|p1a: Toxapex|56/100 brn|[from] brn
|-damage|p2a: Toxapex|88/100 brn|[from] brn
|upkeep
|turn|94
|
|move|p2a: Toxapex|Haze|p2a: Toxapex
|-clearallboost
|move|p1a: Toxapex|Haze|p1a: Toxapex
|-clearallboost
|
|-heal|p2a: Toxapex|94/100 brn|[from] item: Black Sludge
|-damage|p1a: Toxapex|50/100 brn|[from] brn
|-damage|p2a: Toxapex|88/100 brn|[from] brn
|upkeep
|turn|95
|
|move|p1a: Toxapex|Recover|p1a: Toxapex
|-heal|p1a: Toxapex|99/100 brn
|move|p2a: Toxapex|Haze|p2a: Toxapex
|-clearallboost
|
|-heal|p2a: Toxapex|94/100 brn|[from] item: Black Sludge
|-damage|p1a: Toxapex|93/100 brn|[from] brn
|-damage|p2a: Toxapex|88/100 brn|[from] brn
|upkeep
|turn|96
|
|move|p1a: Toxapex|Haze|p1a: Toxapex
|-clearallboost
|move|p2a: Toxapex|Haze|p2a: Toxapex
|-clearallboost
|
|-heal|p2a: Toxapex|94/100 brn|[from] item: Black Sludge
|-damage|p1a: Toxapex|87/100 brn|[from] brn
|-damage|p2a: Toxapex|88/100 brn|[from] brn
|upkeep
|turn|97
|
|switch|p2a: Tyranitar|Tyranitar, M|39/100
|-status|p2a: Tyranitar|tox
|-damage|p2a: Tyranitar|27/100 tox|[from] Stealth Rock
|-weather|Sandstorm|[from] ability: Sand Stream|[of] p2a: Tyranitar
|move|p1a: Toxapex|Haze|p1a: Toxapex
|-clearallboost
|
|-weather|Sandstorm|[upkeep]
|-damage|p1a: Toxapex|81/100 brn|[from] Sandstorm
|-damage|p2a: Tyranitar|21/100 tox|[from] psn
|-damage|p1a: Toxapex|75/100 brn|[from] brn
|upkeep
|turn|98
|
|move|p2a: Tyranitar|Earthquake|p1a: Toxapex
|-supereffective|p1a: Toxapex
|-damage|p1a: Toxapex|0 fnt
|faint|p1a: Toxapex
|
|-weather|Sandstorm|[upkeep]
|-damage|p2a: Tyranitar|8/100 tox|[from] psn
|upkeep
|-message|goran el draco forfeited.
|
|win|jfjefs
|l|☆goran el draco
|raw|goran el draco's rating: 1723 &rarr; <strong>1695</strong><br />(-28 for losing)
|raw|jfjefs's rating: 1566 &rarr; <strong>1595</strong><br />(+29 for winning)
|l| Copoy
