|j|☆JoeyOwesMeMoney
|j|☆hell yeah! HYper
|player|p1|JoeyOwesMeMoney|170|1765
|player|p2|hell yeah! HYper|nate-dueldisk|1836
|teamsize|p1|6
|teamsize|p2|6
|gametype|singles
|gen|8
|tier|[Gen 8] OU
|rated|
|html|<div class="broadcast-blue"><strong>OU is currently suspecting Dracovish! For information on how to participate check out the <a href="https://www.smogon.com/forums/threads/3664521/">suspect thread</a>.</strong></div>
|clearpoke
|poke|p1|Toxapex, M|
|poke|p1|Ferrothorn, M|
|poke|p1|Seismitoad, M|
|poke|p1|Tyranitar, M|
|poke|p1|Clefable, M|
|poke|p1|Corviknight, F|
|poke|p2|Kommo-o, M|
|poke|p2|Mimikyu, M|
|poke|p2|Pelipper, M|
|poke|p2|Clefable, M|
|poke|p2|Aegislash, F|
|poke|p2|Excadrill, M|
|rule|Sleep Clause Mod: Limit one foe put to sleep
|rule|Species Clause: Limit one of each Pokémon
|rule|OHKO Clause: OHKO moves are banned
|rule|Evasion Moves Clause: Evasion moves are banned
|rule|Endless Battle Clause: Forcing endless battles is banned
|rule|HP Percentage Mod: HP is shown in percentages
|rule|Dynamax Clause: You cannot dynamax
|teampreview
|inactive|Battle timer is ON: inactive players will automatically lose when time's up. (requested by hell yeah! HYper)
|
|start
|switch|p1a: Toxapex|Toxapex, M|100/100
|switch|p2a: Clefable|Clefable, M|100/100
|turn|1
|
|move|p2a: Clefable|Thunderbolt|p1a: Toxapex
|-supereffective|p1a: Toxapex
|-damage|p1a: Toxapex|39/100
|move|p1a: Toxapex|Knock Off|p2a: Clefable
|-resisted|p2a: Clefable
|-damage|p2a: Clefable|90/100
|-enditem|p2a: Clefable|Life Orb|[from] move: Knock Off|[of] p1a: Toxapex
|
|-heal|p1a: Toxapex|45/100|[from] item: Black Sludge
|upkeep
|turn|2
|
|switch|p1a: Clefable|Clefable, M|100/100
|move|p2a: Clefable|Calm Mind|p2a: Clefable
|-boost|p2a: Clefable|spa|1
|-boost|p2a: Clefable|spd|1
|
|upkeep
|turn|3
|
|move|p2a: Clefable|Moonblast|p1a: Clefable
|-damage|p1a: Clefable|58/100
|move|p1a: Clefable|Moonblast|p2a: Clefable
|-damage|p2a: Clefable|51/100
|
|-heal|p1a: Clefable|64/100|[from] item: Leftovers
|upkeep
|turn|4
|j| Eepsilon
|j| OUTZ don2
|
|switch|p2a: Aegislash|Aegislash, F|100/100
|move|p1a: Clefable|Protect||[still]
|-fail|p1a: Clefable
|
|-heal|p1a: Clefable|70/100|[from] item: Leftovers
|upkeep
|turn|5
|
|switch|p1a: Ferrothorn|Ferrothorn, M|100/100
|-formechange|p2a: Aegislash|Aegislash-Blade||[from] ability: Stance Change
|move|p2a: Aegislash|Flash Cannon|p1a: Ferrothorn
|-resisted|p1a: Ferrothorn
|-damage|p1a: Ferrothorn|76/100
|
|-heal|p1a: Ferrothorn|82/100|[from] item: Leftovers
|upkeep
|turn|6
|
|switch|p2a: Clefable|Clefable, M|51/100
|move|p1a: Ferrothorn|Protect||[still]
|-fail|p1a: Ferrothorn
|
|-heal|p1a: Ferrothorn|88/100|[from] item: Leftovers
|upkeep
|turn|7
|
|move|p1a: Ferrothorn|Protect|p1a: Ferrothorn
|-singleturn|p1a: Ferrothorn|Protect
|move|p2a: Clefable|Moonblast|p1a: Ferrothorn
|-activate|p1a: Ferrothorn|move: Protect
|
|-heal|p1a: Ferrothorn|94/100|[from] item: Leftovers
|upkeep
|turn|8
|
|switch|p1a: Toxapex|Toxapex, M|79/100
|move|p2a: Clefable|Flamethrower|p1a: Toxapex
|-resisted|p1a: Toxapex
|-damage|p1a: Toxapex|67/100
|
|-heal|p1a: Toxapex|72/100|[from] item: Black Sludge
|upkeep
|turn|9
|j| Gayskeletor
|
|move|p2a: Clefable|Moonblast|p1a: Toxapex
|-resisted|p1a: Toxapex
|-damage|p1a: Toxapex|54/100
|move|p1a: Toxapex|Poison Jab|p2a: Clefable
|-supereffective|p2a: Clefable
|-damage|p2a: Clefable|5/100
|
|-heal|p1a: Toxapex|60/100|[from] item: Black Sludge
|upkeep
|turn|10
|l| OUTZ don2
|
|switch|p1a: Tyranitar|Tyranitar, M|100/100
|-weather|Sandstorm|[from] ability: Sand Stream|[of] p1a: Tyranitar
|move|p2a: Clefable|Moonblast|p1a: Tyranitar
|-supereffective|p1a: Tyranitar
|-damage|p1a: Tyranitar|76/100
|-unboost|p1a: Tyranitar|spa|1
|
|-weather|Sandstorm|[upkeep]
|upkeep
|turn|11
|j| Seel Team Seven
|j|‽golisopd
|
|switch|p2a: Kommo-o|Kommo-o, M|100/100
|move|p1a: Tyranitar|Seismic Toss|p2a: Kommo-o
|-damage|p2a: Kommo-o|66/100
|
|-weather|Sandstorm|[upkeep]
|-damage|p2a: Kommo-o|60/100|[from] Sandstorm
|upkeep
|turn|12
|
|switch|p1a: Corviknight|Corviknight, F|100/100
|-ability|p1a: Corviknight|Pressure
|move|p2a: Kommo-o|Close Combat|p1a: Corviknight
|-damage|p1a: Corviknight|59/100
|-unboost|p2a: Kommo-o|def|1
|-unboost|p2a: Kommo-o|spd|1
|-damage|p2a: Kommo-o|43/100|[from] item: Rocky Helmet|[of] p1a: Corviknight
|-damage|p2a: Kommo-o|33/100|[from] item: Life Orb
|
|-weather|Sandstorm|[upkeep]
|-damage|p2a: Kommo-o|27/100|[from] Sandstorm
|upkeep
|turn|13
|
|switch|p2a: Pelipper|Pelipper, M|100/100
|-weather|RainDance|[from] ability: Drizzle|[of] p2a: Pelipper
|move|p1a: Corviknight|Roost|p1a: Corviknight
|-heal|p1a: Corviknight|100/100
|-singleturn|p1a: Corviknight|move: Roost
|
|-weather|RainDance|[upkeep]
|upkeep
|turn|14
|
|switch|p1a: Toxapex|Toxapex, M|93/100
|move|p2a: Pelipper|Hurricane|p1a: Toxapex
|-damage|p1a: Toxapex|34/100
|
|-weather|RainDance|[upkeep]
|-heal|p1a: Toxapex|40/100|[from] item: Black Sludge
|upkeep
|turn|15
|
|switch|p2a: Kommo-o|Kommo-o, M|27/100
|switch|p1a: Tyranitar|Tyranitar, M|76/100
|-weather|Sandstorm|[from] ability: Sand Stream|[of] p1a: Tyranitar
|
|-weather|Sandstorm|[upkeep]
|-damage|p2a: Kommo-o|21/100|[from] Sandstorm
|upkeep
|turn|16
|
|switch|p2a: Pelipper|Pelipper, M|100/100
|-weather|RainDance|[from] ability: Drizzle|[of] p2a: Pelipper
|switch|p1a: Corviknight|Corviknight, F|100/100
|-ability|p1a: Corviknight|Pressure
|
|-weather|RainDance|[upkeep]
|upkeep
|turn|17
|
|switch|p1a: Toxapex|Toxapex, M|73/100
|move|p2a: Pelipper|Weather Ball|p1a: Toxapex
|-resisted|p1a: Toxapex
|-damage|p1a: Toxapex|34/100
|
|-weather|RainDance|[upkeep]
|-heal|p1a: Toxapex|39/100|[from] item: Black Sludge
|upkeep
|turn|18
|j| HeavenStar
|
|switch|p2a: Aegislash|Aegislash, F|100/100
|switch|p1a: Seismitoad|Seismitoad, M|100/100
|
|-weather|RainDance|[upkeep]
|upkeep
|turn|19
|
|-formechange|p2a: Aegislash|Aegislash-Blade||[from] ability: Stance Change
|move|p2a: Aegislash|Close Combat|p1a: Seismitoad
|-damage|p1a: Seismitoad|76/100
|-unboost|p2a: Aegislash|def|1
|-unboost|p2a: Aegislash|spd|1
|move|p1a: Seismitoad|Scald|p2a: Aegislash
|-damage|p2a: Aegislash|0 fnt
|faint|p2a: Aegislash
|
|-weather|RainDance|[upkeep]
|-heal|p1a: Seismitoad|82/100|[from] item: Leftovers
|upkeep
|
|switch|p2a: Pelipper|Pelipper, M|100/100
|turn|20
|
|switch|p1a: Tyranitar|Tyranitar, M|76/100
|-weather|Sandstorm|[from] ability: Sand Stream|[of] p1a: Tyranitar
|move|p2a: Pelipper|Weather Ball|p1a: Tyranitar
|-damage|p1a: Tyranitar|63/100
|
|-weather|Sandstorm|[upkeep]
|-damage|p2a: Pelipper|94/100|[from] Sandstorm
|upkeep
|turn|21
|
|switch|p2a: Mimikyu|Mimikyu, M|100/100
|move|p1a: Tyranitar|Stone Edge|p2a: Mimikyu
|-activate|p2a: Mimikyu|ability: Disguise
|-damage|p2a: Mimikyu|100/100
|detailschange|p2a: Mimikyu|Mimikyu-Busted, M
|-damage|p2a: Mimikyu|88/100|[from] pokemon: Mimikyu-Busted
|
|-weather|Sandstorm|[upkeep]
|-damage|p2a: Mimikyu|82/100|[from] Sandstorm
|upkeep
|turn|22
|-message|hell yeah! HYper forfeited.
|
|win|JoeyOwesMeMoney
|l|☆hell yeah! HYper
|raw|JoeyOwesMeMoney's rating: 1743 &rarr; <strong>1768</strong><br />(+25 for winning)
|raw|hell yeah! HYper's rating: 1836 &rarr; <strong>1811</strong><br />(-25 for losing)
