|j|☆vagmak
|j|☆irruushi
|t:|1619699603
|gametype|singles
|player|p1|vagmak|brawly|1654
|player|p2|irruushi|266|1797
|teamsize|p1|6
|teamsize|p2|6
|gen|8
|tier|[Gen 8] OU
|rated|
|clearpoke
|poke|p1|Azumarill, M|
|poke|p1|Garchomp, M|
|poke|p1|Melmetal|
|poke|p1|Latios, M|
|poke|p1|Blaziken, F|
|poke|p1|Bisharp, M|
|poke|p2|Slowking-Galar, M|
|poke|p2|Slowbro, F|
|poke|p2|Corviknight, M|
|poke|p2|Blissey, F|
|poke|p2|Dragapult, F|
|poke|p2|Garchomp, F|
|rule|Sleep Clause Mod: Limit one foe put to sleep
|rule|Species Clause: Limit one of each Pokémon
|rule|OHKO Clause: OHKO moves are banned
|rule|Evasion Moves Clause: Evasion moves are banned
|rule|Endless Battle Clause: Forcing endless battles is banned
|rule|HP Percentage Mod: HP is shown in percentages
|rule|Dynamax Clause: You cannot dynamax
|teampreview
|j| Ebolg
|inactive|Battle timer is ON: inactive players will automatically lose when time's up. (requested by irruushi)
|j| SuperLeague18/04
|inactive|vagmak has 120 seconds left.
|inactive|vagmak has 90 seconds left.
|
|t:|1619699694
|start
|switch|p1a: Azumarill|Azumarill, M|100/100
|switch|p2a: Dragapult|Dragapult, F|100/100
|turn|1
|
|t:|1619699702
|move|p2a: Dragapult|Shadow Ball|p1a: Azumarill
|-damage|p1a: Azumarill|48/100
|-enditem|p1a: Azumarill|Sitrus Berry|[eat]
|-heal|p1a: Azumarill|73/100|[from] item: Sitrus Berry
|move|p1a: Azumarill|Belly Drum|p1a: Azumarill
|-damage|p1a: Azumarill|23/100
|-setboost|p1a: Azumarill|atk|6|[from] move: Belly Drum
|
|upkeep
|turn|2
|
|t:|1619699712
|move|p1a: Azumarill|Aqua Jet|p2a: Dragapult
|-resisted|p2a: Dragapult
|-damage|p2a: Dragapult|30/100
|move|p2a: Dragapult|Shadow Ball|p1a: Azumarill
|-damage|p1a: Azumarill|0 fnt
|faint|p1a: Azumarill
|
|upkeep
|
|t:|1619699719
|switch|p1a: Bisharp|Bisharp, M|100/100
|turn|3
|
|t:|1619699729
|switch|p2a: Garchomp|Garchomp, F|100/100
|switch|p1a: Blaziken|Blaziken, F, shiny|100/100
|
|upkeep
|turn|4
|
|t:|1619699734
|switch|p2a: Slowbro|Slowbro, F|100/100
|move|p1a: Blaziken|Swords Dance|p1a: Blaziken
|-boost|p1a: Blaziken|atk|2
|
|-ability|p1a: Blaziken|Speed Boost|boost
|-boost|p1a: Blaziken|spe|1
|upkeep
|turn|5
|j| ironwater@!
|
|t:|1619699746
|switch|p1a: Bisharp|Bisharp, M|100/100
|move|p2a: Slowbro|Future Sight|p1a: Bisharp
|-start|p2a: Slowbro|move: Future Sight
|
|upkeep
|turn|6
|
|t:|1619699751
|move|p1a: Bisharp|Knock Off|p2a: Slowbro
|-supereffective|p2a: Slowbro
|-damage|p2a: Slowbro|21/100
|-damage|p1a: Bisharp|84/100|[from] item: Rocky Helmet|[of] p2a: Slowbro
|-enditem|p2a: Slowbro|Rocky Helmet|[from] move: Knock Off|[of] p1a: Bisharp
|-damage|p1a: Bisharp|74/100|[from] item: Life Orb
|move|p2a: Slowbro|Teleport|p2a: Slowbro
|
|t:|1619699758
|switch|p2a: Garchomp|Garchomp, F|100/100|[from]move: Teleport
|
|upkeep
|turn|7
|
|t:|1619699764
|switch|p1a: Melmetal|Melmetal|100/100
|move|p2a: Garchomp|Stealth Rock|p1a: Melmetal
|-sidestart|p1: vagmak|move: Stealth Rock
|
|-end|p1a: Melmetal|move: Future Sight
|-resisted|p1a: Melmetal
|-damage|p1a: Melmetal|90/100
|upkeep
|turn|8
|j| UnGamin
|
|t:|1619699772
|switch|p2a: Corviknight|Corviknight, M|100/100
|-ability|p2a: Corviknight|Pressure
|move|p1a: Melmetal|Ice Punch|p2a: Corviknight
|-damage|p2a: Corviknight|75/100
|
|-heal|p2a: Corviknight|81/100|[from] item: Leftovers
|upkeep
|turn|9
|
|t:|1619699785
|switch|p1a: Blaziken|Blaziken, F, shiny|100/100
|-damage|p1a: Blaziken|88/100|[from] Stealth Rock
|move|p2a: Corviknight|U-turn|p1a: Blaziken
|-resisted|p1a: Blaziken
|-damage|p1a: Blaziken|83/100
|
|t:|1619699793
|switch|p2a: Slowking|Slowking-Galar, M|100/100|[from]move: U-turn
|
|upkeep
|turn|10
|
|t:|1619699799
|move|p1a: Blaziken|Earthquake|p2a: Slowking
|-supereffective|p2a: Slowking
|-damage|p2a: Slowking|0 fnt
|-damage|p1a: Blaziken|73/100|[from] item: Life Orb
|faint|p2a: Slowking
|
|-ability|p1a: Blaziken|Speed Boost|boost
|-boost|p1a: Blaziken|spe|1
|upkeep
|
|t:|1619699810
|switch|p2a: Slowbro|Slowbro, F|55/100
|turn|11
|
|t:|1619699814
|move|p1a: Blaziken|Earthquake|p2a: Slowbro
|-damage|p2a: Slowbro|29/100
|-damage|p1a: Blaziken|63/100|[from] item: Life Orb
|move|p2a: Slowbro|Slack Off|p2a: Slowbro
|-heal|p2a: Slowbro|79/100
|
|-ability|p1a: Blaziken|Speed Boost|boost
|-boost|p1a: Blaziken|spe|1
|upkeep
|turn|12
|
|t:|1619699823
|move|p1a: Blaziken|Swords Dance|p1a: Blaziken
|-boost|p1a: Blaziken|atk|2
|move|p2a: Slowbro|Future Sight|p1a: Blaziken
|-start|p2a: Slowbro|move: Future Sight
|
|-ability|p1a: Blaziken|Speed Boost|boost
|-boost|p1a: Blaziken|spe|1
|upkeep
|turn|13
|
|t:|1619699829
|move|p1a: Blaziken|Earthquake|p2a: Slowbro
|-crit|p2a: Slowbro
|-damage|p2a: Slowbro|0 fnt
|-damage|p1a: Blaziken|53/100|[from] item: Life Orb
|faint|p2a: Slowbro
|
|-ability|p1a: Blaziken|Speed Boost|boost
|-boost|p1a: Blaziken|spe|1
|upkeep
|
|t:|1619699846
|switch|p2a: Dragapult|Dragapult, F|30/100
|turn|14
|j| Desert_Fox90
|inactive|irruushi has 120 seconds left.
|
|t:|1619699882
|move|p1a: Blaziken|Flare Blitz|p2a: Dragapult
|-resisted|p2a: Dragapult
|-damage|p2a: Dragapult|0 fnt
|-damage|p1a: Blaziken|43/100|[from] Recoil
|-damage|p1a: Blaziken|33/100|[from] item: Life Orb
|faint|p2a: Dragapult
|
|-end|p1a: Blaziken|move: Future Sight
|-supereffective|p1a: Blaziken
|-damage|p1a: Blaziken|0 fnt
|faint|p1a: Blaziken
|upkeep
|
|t:|1619699898
|switch|p2a: Garchomp|Garchomp, F|100/100
|switch|p1a: Garchomp|Garchomp, M|100/100
|-damage|p1a: Garchomp|94/100|[from] Stealth Rock
|turn|15
|inactive|irruushi has 120 seconds left.
|
|t:|1619699918
|switch|p2a: Corviknight|Corviknight, M|81/100
|-ability|p2a: Corviknight|Pressure
|move|p1a: Garchomp|Dragon Claw|p2a: Corviknight
|-resisted|p2a: Corviknight
|-damage|p2a: Corviknight|64/100
|-damage|p1a: Garchomp|85/100|[from] item: Life Orb
|
|-heal|p2a: Corviknight|70/100|[from] item: Leftovers
|upkeep
|turn|16
|j| OUTK Mr.Steel
|
|t:|1619699929
|move|p1a: Garchomp|Swords Dance|p1a: Garchomp
|-boost|p1a: Garchomp|atk|2
|move|p2a: Corviknight|Brave Bird|p1a: Garchomp
|-damage|p1a: Garchomp|48/100
|-damage|p2a: Corviknight|58/100|[from] ability: Rough Skin|[of] p1a: Garchomp
|-damage|p2a: Corviknight|47/100|[from] Recoil
|
|-heal|p2a: Corviknight|53/100|[from] item: Leftovers
|upkeep
|turn|17
|j| kalebdestroyer
|inactive|irruushi has 120 seconds left.
|
|t:|1619699940
|move|p1a: Garchomp|Fire Fang|p2a: Corviknight
|-supereffective|p2a: Corviknight
|-crit|p2a: Corviknight
|-damage|p2a: Corviknight|0 fnt
|-damage|p1a: Garchomp|39/100|[from] item: Life Orb
|faint|p2a: Corviknight
|
|upkeep
|
|t:|1619699943
|switch|p2a: Garchomp|Garchomp, F|100/100
|turn|18
|
|t:|1619699948
|move|p1a: Garchomp|Dragon Claw|p2a: Garchomp
|-supereffective|p2a: Garchomp
|-damage|p2a: Garchomp|0 fnt
|-damage|p1a: Garchomp|26/100|[from] ability: Rough Skin|[of] p2a: Garchomp
|-damage|p1a: Garchomp|16/100|[from] item: Life Orb
|faint|p2a: Garchomp
|
|upkeep
|-message|irruushi forfeited.
|
|win|vagmak
|raw|vagmak's rating: 1654 &rarr; <strong>1682</strong><br />(+28 for winning)
|raw|irruushi's rating: 1797 &rarr; <strong>1769</strong><br />(-28 for losing)
|l|☆irruushi
|l| ironwater
|l| SuperLeague18/04
