|raw|<div class="broadcast-blue"><strong>This battle is required to be public due to a player having a name starting with 'lt92pf'.</div>
|j|☆LT92PF Sagordo
|j|☆rheysali
|t:|1660144642
|gametype|singles
|player|p1|LT92PF Sagordo|101|2066
|player|p2|rheysali|bugcatcher-gen4dp|1949
|teamsize|p1|6
|teamsize|p2|6
|gen|8
|tier|[Gen 8] OU
|rated|
|rule|Sleep Clause Mod: Limit one foe put to sleep
|rule|Species Clause: Limit one of each Pokémon
|rule|OHKO Clause: OHKO moves are banned
|rule|Evasion Items Clause: Evasion items are banned
|rule|Evasion Moves Clause: Evasion moves are banned
|rule|Endless Battle Clause: Forcing endless battles is banned
|rule|HP Percentage Mod: HP is shown in percentages
|rule|Dynamax Clause: You cannot dynamax
|clearpoke
|poke|p1|Buzzwole|
|poke|p1|Excadrill, F|
|poke|p1|Ferrothorn, F|
|poke|p1|Slowbro, M|
|poke|p1|Tyranitar, F|
|poke|p1|Tornadus-Therian, M|
|poke|p2|Weavile, M|
|poke|p2|Tornadus-Therian, M|
|poke|p2|Zapdos|
|poke|p2|Heatran, M|
|poke|p2|Gastrodon, M|
|poke|p2|Clefable, F|
|teampreview
|c|☆LT92PF Sagordo|hf
|j| Tace
|j| lt92pf mj
|j| LT92PF SW
|c|☆rheysali|hf
|l| LT92PF SW
|j| Jhgyjkk
|j| JiminyRickets
|inactive|Battle timer is ON: inactive players will automatically lose when time's up. (requested by rheysali)
|j| LT92PF lobster
|
|t:|1660144686
|start
|switch|p1a: Slowbro|Slowbro, M|100/100
|switch|p2a: Clefable|Clefable, F|100/100
|turn|1
|j| ibuyelo
|j|@ironwater
|
|t:|1660144694
|move|p2a: Clefable|Thunder Wave|p1a: Slowbro
|-status|p1a: Slowbro|par
|move|p1a: Slowbro|Future Sight|p2a: Clefable
|-start|p1a: Slowbro|move: Future Sight
|
|upkeep
|turn|2
|
|t:|1660144698
|move|p2a: Clefable|Knock Off|p1a: Slowbro
|-supereffective|p1a: Slowbro
|-damage|p1a: Slowbro|79/100 par
|-enditem|p1a: Slowbro|Heavy-Duty Boots|[from] move: Knock Off|[of] p2a: Clefable
|cant|p1a: Slowbro|par
|
|upkeep
|turn|3
|j| Cramoraunt
|j| LT92PF pj
|
|t:|1660144710
|switch|p2a: Gastrodon|Gastrodon, M|100/100
|move|p1a: Slowbro|Teleport|p1a: Slowbro
|l| lt92pf mj
|l| LT92PF pj
|
|t:|1660144721
|switch|p1a: Tyranitar|Tyranitar, F|100/100|[from]move: Teleport
|-weather|Sandstorm|[from] ability: Sand Stream|[of] p1a: Tyranitar
|
|-weather|Sandstorm|[upkeep]
|-end|p2a: Gastrodon|move: Future Sight
|-damage|p2a: Gastrodon|71/100
|-heal|p2a: Gastrodon|77/100|[from] item: Leftovers
|upkeep
|turn|4
|j| Enzonana
|
|t:|1660144725
|switch|p1a: Slowbro|Slowbro, M|100/100 par
|move|p2a: Gastrodon|Recover|p2a: Gastrodon
|-heal|p2a: Gastrodon|100/100
|
|-weather|Sandstorm|[upkeep]
|-damage|p1a: Slowbro|94/100 par|[from] Sandstorm
|upkeep
|turn|5
|
|t:|1660144729
|switch|p2a: Heatran|Heatran, M|100/100
|move|p1a: Slowbro|Future Sight|p2a: Heatran
|-start|p1a: Slowbro|move: Future Sight
|
|-weather|Sandstorm|[upkeep]
|-damage|p1a: Slowbro|88/100 par|[from] Sandstorm
|upkeep
|turn|6
|
|t:|1660144738
|move|p2a: Heatran|Stealth Rock|p1a: Slowbro
|-sidestart|p1: LT92PF Sagordo|move: Stealth Rock
|move|p1a: Slowbro|Teleport|p1a: Slowbro
|j| the tacoman
|
|t:|1660144743
|switch|p1a: Tyranitar|Tyranitar, F|100/100|[from]move: Teleport
|-damage|p1a: Tyranitar|88/100|[from] Stealth Rock
|
|-weather|Sandstorm|[upkeep]
|upkeep
|turn|7
|j| LT92PF Adri
|
|t:|1660144754
|move|p1a: Tyranitar|Superpower|p2a: Heatran
|-supereffective|p2a: Heatran
|-damage|p2a: Heatran|2/100
|-unboost|p1a: Tyranitar|atk|1
|-unboost|p1a: Tyranitar|def|1
|move|p2a: Heatran|Earth Power|p1a: Tyranitar
|-supereffective|p1a: Tyranitar
|-damage|p1a: Tyranitar|51/100
|
|-weather|none
|-end|p2a: Heatran|move: Future Sight
|-resisted|p2a: Heatran
|-damage|p2a: Heatran|0 fnt
|faint|p2a: Heatran
|upkeep
|
|t:|1660144765
|switch|p2a: Zapdos|Zapdos|100/100
|-ability|p2a: Zapdos|Pressure
|turn|8
|
|t:|1660144792
|switch|p1a: Tornadus|Tornadus-Therian, M|100/100
|move|p2a: Zapdos|Substitute|p2a: Zapdos
|-start|p2a: Zapdos|Substitute
|-damage|p2a: Zapdos|76/100
|
|upkeep
|turn|9
|j| hjksgdf
|
|t:|1660144796
|move|p1a: Tornadus|U-turn|p2a: Zapdos
|-resisted|p2a: Zapdos
|-activate|p2a: Zapdos|move: Substitute|[damage]
|
|t:|1660144799
|switch|p1a: Excadrill|Excadrill, F|100/100|[from]move: U-turn
|-damage|p1a: Excadrill|97/100|[from] Stealth Rock
|move|p2a: Zapdos|Thunderbolt|p1a: Excadrill
|-immune|p1a: Excadrill
|
|-heal|p1a: Excadrill|100/100|[from] item: Leftovers
|upkeep
|turn|10
|
|t:|1660144802
|move|p1a: Excadrill|Rock Slide|p2a: Zapdos
|-supereffective|p2a: Zapdos
|-end|p2a: Zapdos|Substitute
|move|p2a: Zapdos|Hurricane|p1a: Excadrill|[miss]
|-miss|p2a: Zapdos|p1a: Excadrill
|
|upkeep
|turn|11
|
|t:|1660144811
|move|p1a: Excadrill|Swords Dance|p1a: Excadrill
|-boost|p1a: Excadrill|atk|2
|move|p2a: Zapdos|Hurricane|p1a: Excadrill
|-resisted|p1a: Excadrill
|-damage|p1a: Excadrill|67/100
|
|-heal|p1a: Excadrill|73/100|[from] item: Leftovers
|upkeep
|turn|12
|
|t:|1660144824
|switch|p2a: Gastrodon|Gastrodon, M|100/100
|move|p1a: Excadrill|Earthquake|p2a: Gastrodon
|-crit|p2a: Gastrodon
|-damage|p2a: Gastrodon|0 fnt
|faint|p2a: Gastrodon
|
|-heal|p1a: Excadrill|79/100|[from] item: Leftovers
|upkeep
|
|t:|1660144827
|switch|p2a: Weavile|Weavile, M|100/100
|-ability|p2a: Weavile|Pressure
|turn|13
|
|t:|1660144836
|switch|p2a: Zapdos|Zapdos|76/100
|-ability|p2a: Zapdos|Pressure
|switch|p1a: Buzzwole|Buzzwole|100/100
|-damage|p1a: Buzzwole|88/100|[from] Stealth Rock
|
|upkeep
|turn|14
|
|t:|1660144841
|move|p2a: Zapdos|Substitute|p2a: Zapdos
|-start|p2a: Zapdos|Substitute
|-damage|p2a: Zapdos|51/100
|move|p1a: Buzzwole|Ice Punch|p2a: Zapdos
|-supereffective|p2a: Zapdos
|-end|p2a: Zapdos|Substitute
|
|upkeep
|turn|15
|
|t:|1660144850
|switch|p1a: Tornadus|Tornadus-Therian, M|100/100
|move|p2a: Zapdos|Roost|p2a: Zapdos
|-heal|p2a: Zapdos|100/100
|-singleturn|p2a: Zapdos|move: Roost
|
|upkeep
|turn|16
|
|t:|1660144858
|move|p1a: Tornadus|Toxic|p2a: Zapdos
|-status|p2a: Zapdos|tox
|move|p2a: Zapdos|Thunderbolt|p1a: Tornadus
|-supereffective|p1a: Tornadus
|-damage|p1a: Tornadus|12/100
|
|-damage|p2a: Zapdos|94/100 tox|[from] psn
|upkeep
|turn|17
|
|t:|1660144865
|move|p1a: Tornadus|Defog|p2a: Zapdos
|-unboost|p2a: Zapdos|evasion|1
|-sideend|p1: LT92PF Sagordo|Stealth Rock|[from] move: Defog|[of] p1a: Tornadus
|move|p2a: Zapdos|Thunderbolt|p1a: Tornadus
|-supereffective|p1a: Tornadus
|-damage|p1a: Tornadus|0 fnt
|faint|p1a: Tornadus
|
|-damage|p2a: Zapdos|82/100 tox|[from] psn
|upkeep
|
|t:|1660144867
|switch|p1a: Tyranitar|Tyranitar, F|51/100
|-weather|Sandstorm|[from] ability: Sand Stream|[of] p1a: Tyranitar
|turn|18
|
|t:|1660144874
|switch|p1a: Excadrill|Excadrill, F|79/100
|move|p2a: Zapdos|Thunderbolt|p1a: Excadrill
|-immune|p1a: Excadrill
|
|-weather|Sandstorm|[upkeep]
|-damage|p2a: Zapdos|76/100 tox|[from] Sandstorm
|-heal|p1a: Excadrill|85/100|[from] item: Leftovers
|-damage|p2a: Zapdos|58/100 tox|[from] psn
|upkeep
|turn|19
|
|t:|1660144878
|move|p1a: Excadrill|Rock Slide|p2a: Zapdos
|-supereffective|p2a: Zapdos
|-damage|p2a: Zapdos|3/100 tox
|move|p2a: Zapdos|Hurricane|p1a: Excadrill|[miss]
|-miss|p2a: Zapdos|p1a: Excadrill
|
|-weather|Sandstorm|[upkeep]
|-damage|p2a: Zapdos|0 fnt|[from] Sandstorm
|faint|p2a: Zapdos
|-heal|p1a: Excadrill|91/100|[from] item: Leftovers
|upkeep
|j| Fel stinger
|
|t:|1660144885
|switch|p2a: Tornadus|Tornadus-Therian, M|100/100
|turn|20
|j| Bad Players
|
|t:|1660144890
|switch|p1a: Slowbro|Slowbro, M|100/100 par
|move|p2a: Tornadus|Heat Wave|p1a: Slowbro
|-resisted|p1a: Slowbro
|-damage|p1a: Slowbro|91/100 par
|
|-weather|Sandstorm|[upkeep]
|-damage|p2a: Tornadus|94/100|[from] Sandstorm
|-damage|p1a: Slowbro|85/100 par|[from] Sandstorm
|upkeep
|turn|21
|
|t:|1660144896
|move|p2a: Tornadus|U-turn|p1a: Slowbro
|-supereffective|p1a: Slowbro
|-damage|p1a: Slowbro|66/100 par
|
|t:|1660144899
|switch|p2a: Weavile|Weavile, M|100/100|[from]move: U-turn
|-ability|p2a: Weavile|Pressure
|move|p1a: Slowbro|Teleport|p1a: Slowbro
|
|t:|1660144903
|switch|p1a: Excadrill|Excadrill, F|91/100|[from]move: Teleport
|
|-weather|Sandstorm|[upkeep]
|-damage|p2a: Weavile|94/100|[from] Sandstorm
|-heal|p1a: Excadrill|97/100|[from] item: Leftovers
|upkeep
|turn|22
|l| the tacoman
|
|t:|1660144907
|switch|p2a: Tornadus|Tornadus-Therian, M|100/100
|move|p1a: Excadrill|Iron Head|p2a: Tornadus
|-damage|p2a: Tornadus|51/100
|
|-weather|none
|-heal|p1a: Excadrill|100/100|[from] item: Leftovers
|upkeep
|turn|23
|
|t:|1660144910
|switch|p1a: Slowbro|Slowbro, M|99/100 par
|move|p2a: Tornadus|U-turn|p1a: Slowbro
|-supereffective|p1a: Slowbro
|-damage|p1a: Slowbro|81/100 par
|
|t:|1660144913
|switch|p2a: Weavile|Weavile, M|94/100|[from]move: U-turn
|-ability|p2a: Weavile|Pressure
|
|upkeep
|turn|24
|
|t:|1660144919
|switch|p1a: Ferrothorn|Ferrothorn, F|100/100
|move|p2a: Weavile|Knock Off|p1a: Ferrothorn
|-damage|p1a: Ferrothorn|71/100
|-damage|p2a: Weavile|82/100|[from] ability: Iron Barbs|[of] p1a: Ferrothorn
|-enditem|p1a: Ferrothorn|Leftovers|[from] move: Knock Off|[of] p2a: Weavile
|
|upkeep
|turn|25
|
|t:|1660144923
|switch|p2a: Tornadus|Tornadus-Therian, M|84/100
|move|p1a: Ferrothorn|Gyro Ball|p2a: Tornadus
|-damage|p2a: Tornadus|31/100
|
|upkeep
|turn|26
|
|t:|1660144931
|move|p2a: Tornadus|U-turn|p1a: Ferrothorn
|-damage|p1a: Ferrothorn|63/100
|-damage|p2a: Tornadus|19/100|[from] ability: Iron Barbs|[of] p1a: Ferrothorn
|
|t:|1660144934
|switch|p2a: Clefable|Clefable, F|100/100|[from]move: U-turn
|move|p1a: Ferrothorn|Gyro Ball|p2a: Clefable
|-supereffective|p2a: Clefable
|-crit|p2a: Clefable
|-damage|p2a: Clefable|24/100
|-damage|p1a: Ferrothorn|47/100|[from] item: Rocky Helmet|[of] p2a: Clefable
|
|upkeep
|turn|27
|
|t:|1660144941
|switch|p1a: Tyranitar|Tyranitar, F|51/100
|-weather|Sandstorm|[from] ability: Sand Stream|[of] p1a: Tyranitar
|move|p2a: Clefable|Soft-Boiled|p2a: Clefable
|-heal|p2a: Clefable|74/100
|
|-weather|Sandstorm|[upkeep]
|upkeep
|turn|28
|
|t:|1660144949
|move|p1a: Tyranitar|Heavy Slam|p2a: Clefable
|-supereffective|p2a: Clefable
|-damage|p2a: Clefable|0 fnt
|-damage|p1a: Tyranitar|34/100|[from] item: Rocky Helmet|[of] p2a: Clefable
|faint|p2a: Clefable
|
|-weather|Sandstorm|[upkeep]
|upkeep
|
|t:|1660144951
|switch|p2a: Tornadus|Tornadus-Therian, M|52/100
|turn|29
|
|t:|1660144958
|move|p2a: Tornadus|Heat Wave|p1a: Tyranitar
|-resisted|p1a: Tyranitar
|-damage|p1a: Tyranitar|27/100
|move|p1a: Tyranitar|Heavy Slam|p2a: Tornadus
|-damage|p2a: Tornadus|0 fnt
|faint|p2a: Tornadus
|
|-weather|Sandstorm|[upkeep]
|upkeep
|
|t:|1660144960
|switch|p2a: Weavile|Weavile, M|82/100
|-ability|p2a: Weavile|Pressure
|turn|30
|c|☆LT92PF Sagordo|gg
|
|t:|1660144963
|move|p2a: Weavile|Swords Dance|p2a: Weavile
|-boost|p2a: Weavile|atk|2
|move|p1a: Tyranitar|Heavy Slam|p2a: Weavile
|-supereffective|p2a: Weavile
|-damage|p2a: Weavile|0 fnt
|faint|p2a: Weavile
|
|win|LT92PF Sagordo
|raw|LT92PF Sagordo's rating: 2066 &rarr; <strong>2080</strong><br />(+14 for winning)
|raw|rheysali's rating: 1949 &rarr; <strong>1935</strong><br />(-14 for losing)
|l|☆rheysali
|l| Tace
|l| LT92PF lobster
|l| hjksgdf
||Ladder isn't responding, score probably updated but might not have (Request timeout).
|j| yop on the flux
|j| Joya
|l| yop on the flux
|l| JiminyRickets
|l| Joya
|l| Enzonana
|l| Fel stinger
|l| Bad Players
|l| Cramoraunt
|l| Jhgyjkk
|l| ibuyelo
|l| LT92PF Adri
