|j|☆GGeorgie◕‿◕
|j|☆ohohiwantmore
|t:|1668141474
|gametype|singles
|player|p1|GGeorgie◕‿◕|hiker-gen2|1653
|player|p2|ohohiwantmore|266|1590
|teamsize|p1|6
|teamsize|p2|6
|gen|8
|tier|[Gen 8] OU
|rated|
|rule|Sleep Clause Mod: Limit one foe put to sleep
|rule|Species Clause: Limit one of each Pokémon
|rule|OHKO Clause: OHKO moves are banned
|rule|Evasion Items Clause: Evasion items are banned
|rule|Evasion Moves Clause: Evasion moves are banned
|rule|Endless Battle Clause: Forcing endless battles is banned
|rule|HP Percentage Mod: HP is shown in percentages
|rule|Dynamax Clause: You cannot dynamax
|clearpoke
|poke|p1|Gyarados, M|
|poke|p1|Tyranitar, F|
|poke|p1|Excadrill, F|
|poke|p1|Clefable, M|
|poke|p1|Landorus-Therian, M|
|poke|p1|Ferrothorn, M|
|poke|p2|Marowak-Alola, F|
|poke|p2|Porygon2|
|poke|p2|Hatterene, F|
|poke|p2|Crawdaunt, F|
|poke|p2|Melmetal|
|poke|p2|Cresselia, F|
|teampreview
|inactive|Battle timer is ON: inactive players will automatically lose when time's up. (requested by ohohiwantmore)
|
|t:|1668141488
|start
|switch|p1a: Excadrill|Excadrill, F|100/100
|switch|p2a: Porygon2|Porygon2|100/100
|-item|p1a: Excadrill|Air Balloon
|-ability|p2a: Porygon2|Sand Rush|[from] ability: Trace|[of] p1a: Excadrill
|turn|1
|
|t:|1668141498
|move|p1a: Excadrill|Iron Head|p2a: Porygon2
|-damage|p2a: Porygon2|77/100
|move|p2a: Porygon2|Trick Room|p2a: Porygon2
|-fieldstart|move: Trick Room|[of] p2a: Porygon2
|
|upkeep
|turn|2
|
|t:|1668141503
|move|p1a: Excadrill|Iron Head|p2a: Porygon2
|-damage|p2a: Porygon2|55/100
|move|p2a: Porygon2|Teleport|p2a: Porygon2
|
|t:|1668141509
|switch|p2a: Crawdaunt|Crawdaunt, F|100/100|[from]move: Teleport
|
|upkeep
|turn|3
|
|t:|1668141514
|move|p2a: Crawdaunt|Swords Dance|p2a: Crawdaunt
|-boost|p2a: Crawdaunt|atk|2
|move|p1a: Excadrill|Earthquake|p2a: Crawdaunt
|-damage|p2a: Crawdaunt|36/100
|
|upkeep
|turn|4
|
|t:|1668141521
|switch|p1a: Clefable|Clefable, M, shiny|100/100
|move|p2a: Crawdaunt|Knock Off|p1a: Clefable
|-resisted|p1a: Clefable
|-damage|p1a: Clefable|32/100
|-enditem|p1a: Clefable|Life Orb|[from] move: Knock Off|[of] p2a: Crawdaunt
|-damage|p2a: Crawdaunt|26/100|[from] item: Life Orb
|
|upkeep
|turn|5
|
|t:|1668141528
|move|p2a: Crawdaunt|Knock Off|p1a: Clefable
|-resisted|p1a: Clefable
|-damage|p1a: Clefable|0 fnt
|faint|p1a: Clefable
|-damage|p2a: Crawdaunt|16/100|[from] item: Life Orb
|
|-fieldend|move: Trick Room
|upkeep
|
|t:|1668141530
|switch|p1a: BON🦐VOYAGE!|Gyarados, M|100/100
|turn|6
|
|t:|1668141545
|switch|p2a: Porygon2|Porygon2|55/100
|-ability|p2a: Porygon2|Moxie|[from] ability: Trace|[of] p1a: BON🦐VOYAGE!
|move|p1a: BON🦐VOYAGE!|Waterfall|p2a: Porygon2
|-damage|p2a: Porygon2|30/100
|
|upkeep
|turn|7
|
|t:|1668141553
|move|p1a: BON🦐VOYAGE!|Waterfall|p2a: Porygon2
|-damage|p2a: Porygon2|6/100
|move|p2a: Porygon2|Trick Room|p2a: Porygon2
|-fieldstart|move: Trick Room|[of] p2a: Porygon2
|
|upkeep
|turn|8
|
|t:|1668141558
|switch|p1a: Tyranitar|Tyranitar, F|100/100
|-weather|Sandstorm|[from] ability: Sand Stream|[of] p1a: Tyranitar
|move|p2a: Porygon2|Thunderbolt|p1a: Tyranitar
|-damage|p1a: Tyranitar|87/100
|
|-weather|Sandstorm|[upkeep]
|-damage|p2a: Porygon2|0 fnt|[from] Sandstorm
|faint|p2a: Porygon2
|upkeep
|
|t:|1668141563
|switch|p2a: Melmetal|Melmetal|100/100
|turn|9
|
|t:|1668141572
|switch|p1a: BON🦐VOYAGE!|Gyarados, M|100/100
|move|p2a: Melmetal|Double Iron Bash|p1a: BON🦐VOYAGE!
|-resisted|p1a: BON🦐VOYAGE!
|-damage|p1a: BON🦐VOYAGE!|61/100
|-resisted|p1a: BON🦐VOYAGE!
|-damage|p1a: BON🦐VOYAGE!|19/100
|-hitcount|p1a: BON🦐VOYAGE!|2
|
|-weather|Sandstorm|[upkeep]
|-damage|p1a: BON🦐VOYAGE!|13/100|[from] Sandstorm
|-heal|p1a: BON🦐VOYAGE!|19/100|[from] item: Leftovers
|upkeep
|turn|10
|
|t:|1668141577
|switch|p1a: Ferrothorn|Ferrothorn, M|100/100
|move|p2a: Melmetal|Double Iron Bash|p1a: Ferrothorn
|-resisted|p1a: Ferrothorn
|-damage|p1a: Ferrothorn|79/100
|-damage|p2a: Melmetal|88/100|[from] ability: Iron Barbs|[of] p1a: Ferrothorn
|-damage|p2a: Melmetal|71/100|[from] item: Rocky Helmet|[of] p1a: Ferrothorn
|-resisted|p1a: Ferrothorn
|-damage|p1a: Ferrothorn|57/100
|-damage|p2a: Melmetal|59/100|[from] ability: Iron Barbs|[of] p1a: Ferrothorn
|-damage|p2a: Melmetal|42/100|[from] item: Rocky Helmet|[of] p1a: Ferrothorn
|-hitcount|p1a: Ferrothorn|2
|
|-weather|Sandstorm|[upkeep]
|upkeep
|turn|11
|
|t:|1668141594
|switch|p2a: Crawdaunt|Crawdaunt, F|16/100
|switch|p1a: Excadrill|Excadrill, F|100/100
|-item|p1a: Excadrill|Air Balloon
|
|-weather|Sandstorm|[upkeep]
|-damage|p2a: Crawdaunt|10/100|[from] Sandstorm
|-fieldend|move: Trick Room
|upkeep
|turn|12
|j| JollyRancherChews
|
|t:|1668141600
|switch|p1a: BON🦐VOYAGE!|Gyarados, M|19/100
|move|p2a: Crawdaunt|Crabhammer|p1a: BON🦐VOYAGE!
|-resisted|p1a: BON🦐VOYAGE!
|-damage|p1a: BON🦐VOYAGE!|0 fnt
|faint|p1a: BON🦐VOYAGE!
|-damage|p2a: Crawdaunt|0 fnt|[from] item: Life Orb
|faint|p2a: Crawdaunt
|
|-weather|none
|upkeep
|
|t:|1668141614
|switch|p1a: Tyranitar|Tyranitar, F|87/100
|switch|p2a: Hatterene|Hatterene, F|100/100
|-weather|Sandstorm|[from] ability: Sand Stream|[of] p1a: Tyranitar
|turn|13
|
|t:|1668141625
|move|p1a: Tyranitar|Stone Edge|p2a: Hatterene
|-crit|p2a: Hatterene
|-enditem|p2a: Hatterene|Focus Sash
|-damage|p2a: Hatterene|1/100
|move|p2a: Hatterene|Trick Room|p2a: Hatterene
|-fieldstart|move: Trick Room|[of] p2a: Hatterene
|
|-weather|Sandstorm|[upkeep]
|-damage|p2a: Hatterene|0 fnt|[from] Sandstorm
|faint|p2a: Hatterene
|upkeep
|l| JollyRancherChews
|
|t:|1668141636
|switch|p2a: Marowak|Marowak-Alola, F|100/100
|turn|14
|
|t:|1668141643
|switch|p1a: Landorus|Landorus-Therian, M|100/100
|-ability|p1a: Landorus|Intimidate|boost
|-unboost|p2a: Marowak|atk|1
|move|p2a: Marowak|Swords Dance|p2a: Marowak
|-boost|p2a: Marowak|atk|2
|
|-weather|Sandstorm|[upkeep]
|-damage|p2a: Marowak|94/100|[from] Sandstorm
|upkeep
|turn|15
|
|t:|1668141648
|switch|p1a: Excadrill|Excadrill, F|100/100
|-item|p1a: Excadrill|Air Balloon
|move|p2a: Marowak|Flare Blitz|p1a: Excadrill
|-supereffective|p1a: Excadrill
|-damage|p1a: Excadrill|0 fnt
|-enditem|p1a: Excadrill|Air Balloon
|faint|p1a: Excadrill
|-damage|p2a: Marowak|58/100|[from] Recoil
|
|-weather|Sandstorm|[upkeep]
|-damage|p2a: Marowak|51/100|[from] Sandstorm
|upkeep
|
|t:|1668141653
|switch|p1a: Landorus|Landorus-Therian, M|100/100
|-ability|p1a: Landorus|Intimidate|boost
|-unboost|p2a: Marowak|atk|1
|turn|16
|
|t:|1668141662
|move|p2a: Marowak|Flare Blitz|p1a: Landorus
|-damage|p1a: Landorus|0 fnt
|faint|p1a: Landorus
|-damage|p2a: Marowak|19/100|[from] Recoil
|
|-weather|Sandstorm|[upkeep]
|-damage|p2a: Marowak|13/100|[from] Sandstorm
|upkeep
|
|t:|1668141666
|switch|p1a: Tyranitar|Tyranitar, F|87/100
|turn|17
|
|t:|1668141675
|switch|p2a: Cresselia|Cresselia, F|100/100
|move|p1a: Tyranitar|Earthquake|p2a: Cresselia
|-immune|p2a: Cresselia|[from] ability: Levitate
|
|-weather|none
|-fieldend|move: Trick Room
|upkeep
|turn|18
|
|t:|1668141680
|move|p1a: Tyranitar|Taunt|p2a: Cresselia
|-start|p2a: Cresselia|move: Taunt
|cant|p2a: Cresselia|move: Taunt|Trick Room
|
|upkeep
|turn|19
|
|t:|1668141695
|move|p1a: Tyranitar|Stone Edge|p2a: Cresselia|[miss]
|-miss|p1a: Tyranitar|p2a: Cresselia
|move|p2a: Cresselia|Ice Beam|p1a: Tyranitar
|-damage|p1a: Tyranitar|71/100
|
|upkeep
|turn|20
|
|t:|1668141699
|move|p1a: Tyranitar|Stone Edge|p2a: Cresselia
|-damage|p2a: Cresselia|70/100
|move|p2a: Cresselia|Ice Beam|p1a: Tyranitar
|-damage|p1a: Tyranitar|54/100
|
|-end|p2a: Cresselia|move: Taunt
|upkeep
|turn|21
|
|t:|1668141702
|switch|p2a: Melmetal|Melmetal|42/100
|move|p1a: Tyranitar|Taunt|p2a: Melmetal
|-start|p2a: Melmetal|move: Taunt
|
|upkeep
|turn|22
|
|t:|1668141708
|switch|p1a: Ferrothorn|Ferrothorn, M|57/100
|move|p2a: Melmetal|Brick Break|p1a: Ferrothorn
|-supereffective|p1a: Ferrothorn
|-crit|p1a: Ferrothorn
|-damage|p1a: Ferrothorn|0 fnt
|-damage|p2a: Melmetal|30/100|[from] ability: Iron Barbs|[of] p1a: Ferrothorn
|-damage|p2a: Melmetal|13/100|[from] item: Rocky Helmet|[of] p1a: Ferrothorn
|faint|p1a: Ferrothorn
|
|upkeep
|
|t:|1668141710
|switch|p1a: Tyranitar|Tyranitar, F|54/100
|-weather|Sandstorm|[from] ability: Sand Stream|[of] p1a: Tyranitar
|turn|23
|
|t:|1668141717
|move|p1a: Tyranitar|Earthquake|p2a: Melmetal
|-supereffective|p2a: Melmetal
|-damage|p2a: Melmetal|0 fnt
|faint|p2a: Melmetal
|
|-weather|Sandstorm|[upkeep]
|upkeep
|
|t:|1668141719
|switch|p2a: Cresselia|Cresselia, F|70/100
|turn|24
|
|t:|1668141729
|move|p1a: Tyranitar|Taunt|p2a: Cresselia
|-start|p2a: Cresselia|move: Taunt
|cant|p2a: Cresselia|move: Taunt|Trick Room
|
|-weather|Sandstorm|[upkeep]
|-damage|p2a: Cresselia|64/100|[from] Sandstorm
|upkeep
|turn|25
|
|t:|1668141732
|move|p1a: Tyranitar|Stone Edge|p2a: Cresselia
|-damage|p2a: Cresselia|35/100
|move|p2a: Cresselia|Ice Beam|p1a: Tyranitar
|-damage|p1a: Tyranitar|43/100
|
|-weather|Sandstorm|[upkeep]
|-damage|p2a: Cresselia|29/100|[from] Sandstorm
|upkeep
|turn|26
|
|t:|1668141738
|move|p1a: Tyranitar|Stone Edge|p2a: Cresselia|[miss]
|-miss|p1a: Tyranitar|p2a: Cresselia
|move|p2a: Cresselia|Ice Beam|p1a: Tyranitar
|-damage|p1a: Tyranitar|32/100
|
|-weather|Sandstorm|[upkeep]
|-damage|p2a: Cresselia|23/100|[from] Sandstorm
|-end|p2a: Cresselia|move: Taunt
|upkeep
|turn|27
|
|t:|1668141746
|move|p1a: Tyranitar|Taunt|p2a: Cresselia
|-start|p2a: Cresselia|move: Taunt
|cant|p2a: Cresselia|move: Taunt|Trick Room
|
|-weather|none
|upkeep
|turn|28
|
|t:|1668141748
|move|p1a: Tyranitar|Stone Edge|p2a: Cresselia
|-damage|p2a: Cresselia|0 fnt
|faint|p2a: Cresselia
|
|upkeep
|
|t:|1668141750
|switch|p2a: Marowak|Marowak-Alola, F|13/100
|turn|29
|
|t:|1668141753
|move|p1a: Tyranitar|Earthquake|p2a: Marowak
|-supereffective|p2a: Marowak
|-damage|p2a: Marowak|0 fnt
|faint|p2a: Marowak
|
|win|GGeorgie◕‿◕
|raw|GGeorgie◕‿◕'s rating: 1653 &rarr; <strong>1669</strong><br />(+16 for winning)
|raw|ohohiwantmore's rating: 1590 &rarr; <strong>1574</strong><br />(-16 for losing)
|l|☆ohohiwantmore
