|j|☆The Rum Tum Tugger
|j|☆wind current
|t:|1667372102
|gametype|singles
|player|p1|The Rum Tum Tugger|benga|1788
|player|p2|wind current|lyra|1751
|teamsize|p1|6
|teamsize|p2|6
|gen|8
|tier|[Gen 8] OU
|rated|
|rule|Sleep Clause Mod: Limit one foe put to sleep
|rule|Species Clause: Limit one of each Pokémon
|rule|OHKO Clause: OHKO moves are banned
|rule|Evasion Items Clause: Evasion items are banned
|rule|Evasion Moves Clause: Evasion moves are banned
|rule|Endless Battle Clause: Forcing endless battles is banned
|rule|HP Percentage Mod: HP is shown in percentages
|rule|Dynamax Clause: You cannot dynamax
|clearpoke
|poke|p1|Tyranitar, M|
|poke|p1|Excadrill, M|
|poke|p1|Gastrodon, F|
|poke|p1|Swampert, M|
|poke|p1|Moltres|
|poke|p1|Landorus-Therian, M|
|poke|p2|Torkoal, M|
|poke|p2|Venusaur, F|
|poke|p2|Heatran, M|
|poke|p2|Landorus-Therian, M|
|poke|p2|Tapu Fini|
|poke|p2|Hydreigon, F|
|teampreview
|inactive|Battle timer is ON: inactive players will automatically lose when time's up. (requested by The Rum Tum Tugger)
|
|t:|1667372122
|start
|switch|p1a: Swampert|Swampert, M|100/100
|switch|p2a: Landorus|Landorus-Therian, M|100/100
|-ability|p2a: Landorus|Intimidate|boost
|-unboost|p1a: Swampert|atk|1
|turn|1
|
|t:|1667372132
|move|p1a: Swampert|Flip Turn|p2a: Landorus
|-supereffective|p2a: Landorus
|-damage|p2a: Landorus|40/100
|
|t:|1667372138
|switch|p1a: Landorus|Landorus-Therian, M|100/100|[from]move: Flip Turn
|-ability|p1a: Landorus|Intimidate|boost
|-unboost|p2a: Landorus|atk|1
|move|p2a: Landorus|Toxic|p1a: Landorus
|-status|p1a: Landorus|tox
|
|-heal|p2a: Landorus|46/100|[from] item: Leftovers
|-damage|p1a: Landorus|94/100 tox|[from] psn
|upkeep
|turn|2
|j| Rem!x
|
|t:|1667372145
|move|p1a: Landorus|Knock Off|p2a: Landorus
|-damage|p2a: Landorus|12/100
|-enditem|p2a: Landorus|Leftovers|[from] move: Knock Off|[of] p1a: Landorus
|move|p2a: Landorus|U-turn|p1a: Landorus
|-resisted|p1a: Landorus
|-damage|p1a: Landorus|86/100 tox
|
|t:|1667372152
|switch|p2a: Torkoal|Torkoal, M|100/100|[from]move: U-turn
|-weather|SunnyDay|[from] ability: Drought|[of] p2a: Torkoal
|
|-weather|SunnyDay|[upkeep]
|-damage|p1a: Landorus|74/100 tox|[from] psn
|upkeep
|turn|3
|
|t:|1667372156
|move|p1a: Landorus|Knock Off|p2a: Torkoal
|-damage|p2a: Torkoal|80/100
|-enditem|p2a: Torkoal|Heat Rock|[from] move: Knock Off|[of] p1a: Landorus
|move|p2a: Torkoal|Stealth Rock|p1a: Landorus
|-sidestart|p1: The Rum Tum Tugger|move: Stealth Rock
|
|-weather|SunnyDay|[upkeep]
|-damage|p1a: Landorus|55/100 tox|[from] psn
|upkeep
|turn|4
|inactive|wind current has 120 seconds left.
|
|t:|1667372188
|switch|p1a: Swampert|Swampert, M|100/100
|-damage|p1a: Swampert|95/100|[from] Stealth Rock
|switch|p2a: Tapu Fini|Tapu Fini|100/100
|-fieldstart|move: Misty Terrain|[from] ability: Misty Surge|[of] p2a: Tapu Fini
|
|-weather|SunnyDay|[upkeep]
|upkeep
|turn|5
|
|t:|1667372197
|move|p1a: Swampert|Earthquake|p2a: Tapu Fini
|-damage|p2a: Tapu Fini|47/100
|move|p2a: Tapu Fini|Nature's Madness|p1a: Swampert
|-damage|p1a: Swampert|48/100
|
|-weather|SunnyDay|[upkeep]
|-heal|p2a: Tapu Fini|53/100|[from] item: Leftovers
|upkeep
|turn|6
|
|t:|1667372205
|switch|p1a: Tyranitar|Tyranitar, M|100/100
|-damage|p1a: Tyranitar|88/100|[from] Stealth Rock
|-weather|Sandstorm|[from] ability: Sand Stream|[of] p1a: Tyranitar
|switch|p2a: Hydreigon|Hydreigon, F|100/100
|
|-weather|Sandstorm|[upkeep]
|-damage|p2a: Hydreigon|94/100|[from] Sandstorm
|upkeep
|turn|7
|
|t:|1667372212
|move|p2a: Hydreigon|U-turn|p1a: Tyranitar
|-supereffective|p1a: Tyranitar
|-damage|p1a: Tyranitar|66/100
|
|t:|1667372216
|switch|p2a: Landorus|Landorus-Therian, M|12/100|[from]move: U-turn
|-ability|p2a: Landorus|Intimidate|boost
|-unboost|p1a: Tyranitar|atk|1
|move|p1a: Tyranitar|Stealth Rock|p2a: Landorus
|-sidestart|p2: wind current|move: Stealth Rock
|
|-weather|Sandstorm|[upkeep]
|upkeep
|turn|8
|
|t:|1667372223
|switch|p1a: Landorus|Landorus-Therian, M|55/100 tox
|-damage|p1a: Landorus|43/100 tox|[from] Stealth Rock
|-ability|p1a: Landorus|Intimidate|boost
|-unboost|p2a: Landorus|atk|1
|move|p2a: Landorus|U-turn|p1a: Landorus
|-resisted|p1a: Landorus
|-damage|p1a: Landorus|34/100 tox
|
|t:|1667372241
|switch|p2a: Hydreigon|Hydreigon, F|94/100|[from]move: U-turn
|-damage|p2a: Hydreigon|82/100|[from] Stealth Rock
|
|-weather|Sandstorm|[upkeep]
|-damage|p2a: Hydreigon|76/100|[from] Sandstorm
|-damage|p1a: Landorus|28/100 tox|[from] psn
|-fieldend|Misty Terrain
|upkeep
|turn|9
|
|t:|1667372244
|move|p2a: Hydreigon|Draco Meteor|p1a: Landorus
|-damage|p1a: Landorus|0 fnt
|-unboost|p2a: Hydreigon|spa|2
|faint|p1a: Landorus
|
|-weather|Sandstorm|[upkeep]
|-damage|p2a: Hydreigon|70/100|[from] Sandstorm
|upkeep
|
|t:|1667372247
|switch|p1a: Excadrill|Excadrill, M|100/100
|-damage|p1a: Excadrill|97/100|[from] Stealth Rock
|turn|10
|
|t:|1667372265
|switch|p2a: Landorus|Landorus-Therian, M|12/100
|-damage|p2a: Landorus|0 fnt|[from] Stealth Rock
|faint|p2a: Landorus
|move|p1a: Excadrill|Swords Dance|p1a: Excadrill
|-boost|p1a: Excadrill|atk|2
|
|-weather|Sandstorm|[upkeep]
|-heal|p1a: Excadrill|100/100|[from] item: Leftovers
|upkeep
|
|t:|1667372273
|switch|p2a: Heatran|Heatran, M|100/100
|-damage|p2a: Heatran|88/100|[from] Stealth Rock
|-item|p2a: Heatran|Air Balloon
|turn|11
|j| LoveSplitPush
|
|t:|1667372282
|move|p1a: Excadrill|Iron Head|p2a: Heatran
|-resisted|p2a: Heatran
|-damage|p2a: Heatran|65/100
|-enditem|p2a: Heatran|Air Balloon
|move|p2a: Heatran|Eruption|p1a: Excadrill
|-supereffective|p1a: Excadrill
|-damage|p1a: Excadrill|0 fnt
|faint|p1a: Excadrill
|
|-weather|Sandstorm|[upkeep]
|upkeep
|j| inv kerapac plz
|
|t:|1667372292
|switch|p1a: Gastrodon|Gastrodon, F|100/100
|-damage|p1a: Gastrodon|94/100|[from] Stealth Rock
|turn|12
|inactive|wind current has 120 seconds left.
|
|t:|1667372341
|switch|p2a: Torkoal|Torkoal, M|80/100
|-damage|p2a: Torkoal|55/100|[from] Stealth Rock
|-weather|SunnyDay|[from] ability: Drought|[of] p2a: Torkoal
|move|p1a: Gastrodon|Weather Ball|p2a: Torkoal
|-resisted|p2a: Torkoal
|-damage|p2a: Torkoal|15/100
|-damage|p1a: Gastrodon|85/100|[from] item: Life Orb
|
|-weather|SunnyDay|[upkeep]
|upkeep
|turn|13
|l| inv kerapac plz
|
|t:|1667372351
|move|p1a: Gastrodon|Weather Ball|p2a: Torkoal
|-resisted|p2a: Torkoal
|-damage|p2a: Torkoal|0 fnt
|faint|p2a: Torkoal
|-damage|p1a: Gastrodon|75/100|[from] item: Life Orb
|
|-weather|SunnyDay|[upkeep]
|upkeep
|
|t:|1667372356
|switch|p2a: Venusaur|Venusaur, F|100/100
|-damage|p2a: Venusaur|88/100|[from] Stealth Rock
|turn|14
|inactive|wind current has 120 seconds left.
|
|t:|1667372362
|switch|p1a: Moltres|Moltres|100/100
|move|p2a: Venusaur|Giga Drain|p1a: Moltres
|-resisted|p1a: Moltres
|-damage|p1a: Moltres|90/100
|-heal|p2a: Venusaur|95/100|[from] drain|[of] p1a: Moltres
|-damage|p2a: Venusaur|85/100|[from] item: Life Orb
|
|-weather|SunnyDay|[upkeep]
|upkeep
|turn|15
|
|t:|1667372371
|switch|p2a: Heatran|Heatran, M|65/100
|-damage|p2a: Heatran|53/100|[from] Stealth Rock
|move|p1a: Moltres|U-turn|p2a: Heatran
|-resisted|p2a: Heatran
|-damage|p2a: Heatran|49/100
|
|t:|1667372380
|switch|p1a: Gastrodon|Gastrodon, F|75/100|[from]move: U-turn
|-damage|p1a: Gastrodon|69/100|[from] Stealth Rock
|
|-weather|SunnyDay|[upkeep]
|upkeep
|turn|16
|
|t:|1667372385
|move|p2a: Heatran|Eruption|p1a: Gastrodon
|-resisted|p1a: Gastrodon
|-damage|p1a: Gastrodon|36/100
|move|p1a: Gastrodon|Recover|p1a: Gastrodon
|-heal|p1a: Gastrodon|86/100
|
|-weather|none
|upkeep
|turn|17
|
|t:|1667372404
|switch|p2a: Tapu Fini|Tapu Fini|53/100
|-damage|p2a: Tapu Fini|41/100|[from] Stealth Rock
|-fieldstart|move: Misty Terrain|[from] ability: Misty Surge|[of] p2a: Tapu Fini
|move|p1a: Gastrodon|Scald|p2a: Tapu Fini
|-resisted|p2a: Tapu Fini
|-damage|p2a: Tapu Fini|24/100
|-damage|p1a: Gastrodon|76/100|[from] item: Life Orb
|
|-heal|p2a: Tapu Fini|30/100|[from] item: Leftovers
|upkeep
|turn|18
|
|t:|1667372411
|switch|p1a: Swampert|Swampert, M|48/100
|-damage|p1a: Swampert|42/100|[from] Stealth Rock
|move|p2a: Tapu Fini|Nature's Madness|p1a: Swampert
|-damage|p1a: Swampert|21/100
|
|-heal|p2a: Tapu Fini|36/100|[from] item: Leftovers
|upkeep
|turn|19
|
|t:|1667372423
|switch|p2a: Heatran|Heatran, M|49/100
|-damage|p2a: Heatran|37/100|[from] Stealth Rock
|move|p1a: Swampert|Liquidation|p2a: Heatran
|-supereffective|p2a: Heatran
|-damage|p2a: Heatran|0 fnt
|faint|p2a: Heatran
|
|upkeep
|
|t:|1667372427
|switch|p2a: Hydreigon|Hydreigon, F|70/100
|-damage|p2a: Hydreigon|57/100|[from] Stealth Rock
|turn|20
|
|t:|1667372443
|move|p2a: Hydreigon|Dark Pulse|p1a: Swampert
|-damage|p1a: Swampert|0 fnt
|faint|p1a: Swampert
|
|upkeep
|
|t:|1667372445
|switch|p1a: Tyranitar|Tyranitar, M|66/100
|-damage|p1a: Tyranitar|53/100|[from] Stealth Rock
|-weather|Sandstorm|[from] ability: Sand Stream|[of] p1a: Tyranitar
|turn|21
|
|t:|1667372456
|switch|p2a: Venusaur|Venusaur, F|85/100
|-damage|p2a: Venusaur|73/100|[from] Stealth Rock
|move|p1a: Tyranitar|Thunderbolt|p2a: Venusaur
|-resisted|p2a: Venusaur
|-damage|p2a: Venusaur|57/100
|
|-weather|Sandstorm|[upkeep]
|-damage|p2a: Venusaur|51/100|[from] Sandstorm
|-fieldend|Misty Terrain
|upkeep
|turn|22
|
|t:|1667372472
|switch|p1a: Moltres|Moltres|90/100
|move|p2a: Venusaur|Weather Ball|p1a: Moltres
|-supereffective|p1a: Moltres
|-damage|p1a: Moltres|0 fnt
|faint|p1a: Moltres
|-damage|p2a: Venusaur|41/100|[from] item: Life Orb
|
|-weather|Sandstorm|[upkeep]
|-damage|p2a: Venusaur|35/100|[from] Sandstorm
|upkeep
|
|t:|1667372479
|switch|p1a: Tyranitar|Tyranitar, M|53/100
|-damage|p1a: Tyranitar|41/100|[from] Stealth Rock
|turn|23
|
|t:|1667372489
|move|p2a: Venusaur|Giga Drain|p1a: Tyranitar
|-supereffective|p1a: Tyranitar
|-damage|p1a: Tyranitar|0 fnt
|-heal|p2a: Venusaur|62/100|[from] drain|[of] p1a: Tyranitar
|faint|p1a: Tyranitar
|-damage|p2a: Venusaur|52/100|[from] item: Life Orb
|
|-weather|Sandstorm|[upkeep]
|-damage|p2a: Venusaur|46/100|[from] Sandstorm
|upkeep
|-message|The Rum Tum Tugger forfeited.
|
|win|wind current
|raw|The Rum Tum Tugger's rating: 1788 &rarr; <strong>1766</strong><br />(-22 for losing)
|raw|wind current's rating: 1751 &rarr; <strong>1773</strong><br />(+22 for winning)
|l|☆The Rum Tum Tugger
|c|☆wind current|gg
