|j|☆Aquila028
|j|☆Gurtrant
|t:|1631722732
|gametype|singles
|player|p1|Aquila028|aaron|1615
|player|p2|Gurtrant|238|1673
|teamsize|p1|6
|teamsize|p2|6
|gen|8
|tier|[Gen 8] OU
|rated|
|rule|Sleep Clause Mod: Limit one foe put to sleep
|rule|Species Clause: Limit one of each Pokémon
|rule|OHKO Clause: OHKO moves are banned
|rule|Evasion Moves Clause: Evasion moves are banned
|rule|Endless Battle Clause: Forcing endless battles is banned
|rule|HP Percentage Mod: HP is shown in percentages
|rule|Dynamax Clause: You cannot dynamax
|clearpoke
|poke|p1|Hatterene, F|
|poke|p1|Porygon2|
|poke|p1|Cresselia, F|
|poke|p1|Marowak-Alola, M|
|poke|p1|Melmetal|
|poke|p1|Ferrothorn, M|
|poke|p2|Pelipper, F|
|poke|p2|Heliolisk, M|
|poke|p2|Seismitoad, M|
|poke|p2|Barraskewda, M|
|poke|p2|Ferrothorn, M|
|poke|p2|Zapdos|
|teampreview
|inactive|Battle timer is ON: inactive players will automatically lose when time's up. (requested by Gurtrant)
|
|t:|1631722737
|start
|switch|p1a: Hatterene|Hatterene, F|100/100
|switch|p2a: Pelipper|Pelipper, F|100/100
|-weather|RainDance|[from] ability: Drizzle|[of] p2a: Pelipper
|turn|1
|
|t:|1631722741
|move|p2a: Pelipper|U-turn|p1a: Hatterene
|-damage|p1a: Hatterene|94/100
|j| other account 6969
|
|t:|1631722744
|switch|p2a: Ferrothorn|Ferrothorn, M|100/100|[from]move: U-turn
|move|p1a: Hatterene|Trick Room|p1a: Hatterene
|-fieldstart|move: Trick Room|[of] p1a: Hatterene
|
|-weather|RainDance|[upkeep]
|upkeep
|turn|2
|
|t:|1631722748
|move|p2a: Ferrothorn|Knock Off|p1a: Hatterene
|-damage|p1a: Hatterene|76/100
|-enditem|p1a: Hatterene|Focus Sash|[from] move: Knock Off|[of] p2a: Ferrothorn
|move|p1a: Hatterene|Healing Wish|p1a: Hatterene
|faint|p1a: Hatterene
|
|-weather|RainDance|[upkeep]
|upkeep
|
|t:|1631722750
|switch|p1a: Marowak|Marowak-Alola, M|100/100
|turn|3
|j| 69岁带病对战asd3
|
|t:|1631722760
|move|p2a: Ferrothorn|Knock Off|p1a: Marowak
|-supereffective|p1a: Marowak
|-damage|p1a: Marowak|56/100
|-enditem|p1a: Marowak|Thick Club|[from] move: Knock Off|[of] p2a: Ferrothorn
|move|p1a: Marowak|Swords Dance|p1a: Marowak
|-boost|p1a: Marowak|atk|2
|
|-weather|RainDance|[upkeep]
|upkeep
|turn|4
|
|t:|1631722770
|move|p2a: Ferrothorn|Spikes|p1a: Marowak
|-sidestart|p1: Aquila028|Spikes
|move|p1a: Marowak|Flare Blitz|p2a: Ferrothorn
|-supereffective|p2a: Ferrothorn
|-damage|p2a: Ferrothorn|0 fnt
|-damage|p1a: Marowak|44/100|[from] ability: Iron Barbs|[of] p2a: Ferrothorn
|faint|p2a: Ferrothorn
|
|-weather|RainDance|[upkeep]
|upkeep
|
|t:|1631722783
|switch|p2a: Barraskewda|Barraskewda, M|100/100
|turn|5
|
|t:|1631722786
|move|p2a: Barraskewda|Aqua Jet|p1a: Marowak
|-supereffective|p1a: Marowak
|-damage|p1a: Marowak|0 fnt
|faint|p1a: Marowak
|
|-weather|RainDance|[upkeep]
|-fieldend|move: Trick Room
|upkeep
|
|t:|1631722791
|switch|p1a: Cresselia|Cresselia, F|100/100
|turn|6
|l| other account 6969
|
|t:|1631722814
|switch|p2a: Heliolisk|Heliolisk, M, shiny|100/100
|move|p1a: Cresselia|Trick Room|p1a: Cresselia
|-fieldstart|move: Trick Room|[of] p1a: Cresselia
|
|-weather|RainDance|[upkeep]
|upkeep
|turn|7
|
|t:|1631722819
|switch|p1a: Ferrothorn|Ferrothorn, M|100/100
|-damage|p1a: Ferrothorn|88/100|[from] Spikes
|move|p2a: Heliolisk|Thunder|p1a: Ferrothorn
|-resisted|p1a: Ferrothorn
|-damage|p1a: Ferrothorn|59/100
|-damage|p2a: Heliolisk|91/100|[from] item: Life Orb
|
|-weather|RainDance|[upkeep]
|-heal|p2a: Heliolisk|100/100|[from] ability: Dry Skin
|upkeep
|turn|8
|
|t:|1631722825
|switch|p2a: Zapdos|Zapdos|100/100
|move|p1a: Ferrothorn|Body Press|p2a: Zapdos
|-resisted|p2a: Zapdos
|-damage|p2a: Zapdos|91/100
|-damage|p1a: Ferrothorn|49/100|[from] item: Life Orb
|
|-weather|none
|upkeep
|turn|9
|
|t:|1631722838
|move|p1a: Ferrothorn|Gyro Ball|p2a: Zapdos
|-resisted|p2a: Zapdos
|-damage|p2a: Zapdos|61/100
|-damage|p1a: Ferrothorn|39/100|[from] item: Life Orb
|move|p2a: Zapdos|Roost|p2a: Zapdos
|-heal|p2a: Zapdos|100/100
|-singleturn|p2a: Zapdos|move: Roost
|
|upkeep
|turn|10
|j| Adrift and Alone
|
|t:|1631722849
|switch|p1a: Porygon2|Porygon2|100/100
|-damage|p1a: Porygon2|88/100|[from] Spikes
|-ability|p1a: Porygon2|Download|boost
|-boost|p1a: Porygon2|spa|1
|move|p2a: Zapdos|U-turn|p1a: Porygon2
|-damage|p1a: Porygon2|79/100
|
|t:|1631722855
|switch|p2a: Pelipper|Pelipper, F|100/100|[from]move: U-turn
|-weather|RainDance|[from] ability: Drizzle|[of] p2a: Pelipper
|
|-weather|RainDance|[upkeep]
|-fieldend|move: Trick Room
|upkeep
|turn|11
|
|t:|1631722862
|switch|p2a: Seismitoad|Seismitoad, M|100/100
|move|p1a: Porygon2|Trick Room|p1a: Porygon2
|-fieldstart|move: Trick Room|[of] p1a: Porygon2
|
|-weather|RainDance|[upkeep]
|upkeep
|turn|12
|
|t:|1631722866
|move|p2a: Seismitoad|Stealth Rock|p1a: Porygon2
|-sidestart|p1: Aquila028|move: Stealth Rock
|move|p1a: Porygon2|Teleport|p1a: Porygon2
|
|t:|1631722884
|switch|p1a: Ferrothorn|Ferrothorn, M|39/100|[from]move: Teleport
|-heal|p1a: Ferrothorn|100/100|[from] move: Healing Wish
|-damage|p1a: Ferrothorn|95/100|[from] Stealth Rock
|-damage|p1a: Ferrothorn|82/100|[from] Spikes
|
|-weather|RainDance|[upkeep]
|upkeep
|turn|13
|
|t:|1631722892
|switch|p2a: Zapdos|Zapdos|100/100
|move|p1a: Ferrothorn|Power Whip|p2a: Zapdos
|-resisted|p2a: Zapdos
|-damage|p2a: Zapdos|74/100
|-damage|p1a: Ferrothorn|72/100|[from] item: Life Orb
|
|-weather|RainDance|[upkeep]
|upkeep
|turn|14
|
|t:|1631722898
|switch|p1a: Porygon2|Porygon2|79/100
|-damage|p1a: Porygon2|66/100|[from] Spikes
|-damage|p1a: Porygon2|54/100|[from] Stealth Rock
|-ability|p1a: Porygon2|Download|boost
|-boost|p1a: Porygon2|spa|1
|move|p2a: Zapdos|Roost|p2a: Zapdos
|-heal|p2a: Zapdos|100/100
|-singleturn|p2a: Zapdos|move: Roost
|
|-weather|RainDance|[upkeep]
|upkeep
|turn|15
|
|t:|1631722908
|switch|p2a: Heliolisk|Heliolisk, M, shiny|100/100
|move|p1a: Porygon2|Recover|p1a: Porygon2
|-heal|p1a: Porygon2|100/100
|
|-weather|RainDance|[upkeep]
|-fieldend|move: Trick Room
|upkeep
|turn|16
|
|t:|1631722913
|move|p2a: Heliolisk|Thunder|p1a: Porygon2
|-damage|p1a: Porygon2|71/100
|-damage|p2a: Heliolisk|91/100|[from] item: Life Orb
|move|p1a: Porygon2|Trick Room|p1a: Porygon2
|-fieldstart|move: Trick Room|[of] p1a: Porygon2
|
|-weather|RainDance|[upkeep]
|-heal|p2a: Heliolisk|100/100|[from] ability: Dry Skin
|upkeep
|turn|17
|
|t:|1631722923
|move|p2a: Heliolisk|Thunder|p1a: Porygon2
|-damage|p1a: Porygon2|44/100
|-status|p1a: Porygon2|par
|-damage|p2a: Heliolisk|91/100|[from] item: Life Orb
|move|p1a: Porygon2|Teleport|p1a: Porygon2
|
|t:|1631722930
|switch|p1a: Melmetal|Melmetal|100/100|[from]move: Teleport
|-damage|p1a: Melmetal|88/100|[from] Spikes
|-damage|p1a: Melmetal|82/100|[from] Stealth Rock
|
|-weather|none
|upkeep
|turn|18
|
|t:|1631722934
|switch|p2a: Zapdos|Zapdos|100/100
|move|p1a: Melmetal|Double Iron Bash|p2a: Zapdos
|-resisted|p2a: Zapdos
|-damage|p2a: Zapdos|84/100
|-resisted|p2a: Zapdos
|-damage|p2a: Zapdos|67/100
|-hitcount|p2a: Zapdos|2
|
|upkeep
|turn|19
|
|t:|1631722940
|move|p1a: Melmetal|Double Iron Bash|p2a: Zapdos
|-resisted|p2a: Zapdos
|-damage|p2a: Zapdos|52/100
|-resisted|p2a: Zapdos
|-damage|p2a: Zapdos|36/100
|-hitcount|p2a: Zapdos|2
|cant|p2a: Zapdos|flinch
|
|upkeep
|turn|20
|
|t:|1631722946
|move|p1a: Melmetal|Double Iron Bash|p2a: Zapdos
|-resisted|p2a: Zapdos
|-crit|p2a: Zapdos
|-damage|p2a: Zapdos|14/100
|-resisted|p2a: Zapdos
|-damage|p2a: Zapdos|0 fnt
|faint|p2a: Zapdos
|-hitcount|p2: Zapdos|2
|
|-fieldend|move: Trick Room
|upkeep
|c|☆Gurtrant|wow
|c|☆Aquila028|that crit sucks sorry
|
|t:|1631722966
|switch|p2a: Barraskewda|Barraskewda, M|100/100
|turn|21
|
|t:|1631722974
|switch|p1a: Ferrothorn|Ferrothorn, M|72/100
|-damage|p1a: Ferrothorn|66/100|[from] Stealth Rock
|-damage|p1a: Ferrothorn|54/100|[from] Spikes
|move|p2a: Barraskewda|Close Combat|p1a: Ferrothorn
|-supereffective|p1a: Ferrothorn
|-damage|p1a: Ferrothorn|0 fnt
|-unboost|p2a: Barraskewda|def|1
|-unboost|p2a: Barraskewda|spd|1
|-damage|p2a: Barraskewda|88/100|[from] ability: Iron Barbs|[of] p1a: Ferrothorn
|faint|p1a: Ferrothorn
|
|upkeep
|
|t:|1631722978
|switch|p1a: Cresselia|Cresselia, F|100/100
|-damage|p1a: Cresselia|88/100|[from] Stealth Rock
|turn|22
|
|t:|1631722982
|switch|p2a: Pelipper|Pelipper, F|100/100
|-weather|RainDance|[from] ability: Drizzle|[of] p2a: Pelipper
|move|p1a: Cresselia|Trick Room|p1a: Cresselia
|-fieldstart|move: Trick Room|[of] p1a: Cresselia
|
|-weather|RainDance|[upkeep]
|upkeep
|turn|23
|
|t:|1631722987
|switch|p1a: Melmetal|Melmetal|82/100
|-damage|p1a: Melmetal|76/100|[from] Stealth Rock
|-damage|p1a: Melmetal|63/100|[from] Spikes
|move|p2a: Pelipper|U-turn|p1a: Melmetal
|-resisted|p1a: Melmetal
|-damage|p1a: Melmetal|61/100
|j| Sley044
|l| Sley044
|
|t:|1631722995
|switch|p2a: Heliolisk|Heliolisk, M, shiny|91/100|[from]move: U-turn
|
|-weather|RainDance|[upkeep]
|-heal|p2a: Heliolisk|100/100|[from] ability: Dry Skin
|upkeep
|turn|24
|
|t:|1631723000
|switch|p2a: Pelipper|Pelipper, F|100/100
|move|p1a: Melmetal|Double Iron Bash|p2a: Pelipper
|-resisted|p2a: Pelipper
|-damage|p2a: Pelipper|84/100
|-resisted|p2a: Pelipper
|-damage|p2a: Pelipper|69/100
|-hitcount|p2a: Pelipper|2
|
|-weather|RainDance|[upkeep]
|upkeep
|turn|25
|
|t:|1631723006
|move|p1a: Melmetal|Thunder Punch|p2a: Pelipper
|-supereffective|p2a: Pelipper
|-damage|p2a: Pelipper|0 fnt
|faint|p2a: Pelipper
|
|-weather|RainDance|[upkeep]
|upkeep
|
|t:|1631723010
|switch|p2a: Seismitoad|Seismitoad, M|100/100
|turn|26
|
|t:|1631723013
|move|p1a: Melmetal|Double Iron Bash|p2a: Seismitoad
|-resisted|p2a: Seismitoad
|-crit|p2a: Seismitoad
|-damage|p2a: Seismitoad|60/100
|-resisted|p2a: Seismitoad
|-damage|p2a: Seismitoad|32/100
|-hitcount|p2a: Seismitoad|2
|cant|p2a: Seismitoad|flinch
|
|-weather|RainDance|[upkeep]
|-fieldend|move: Trick Room
|upkeep
|turn|27
|c|☆Gurtrant|ok
|c|☆Aquila028|bro
|c|☆Aquila028|im
|
|t:|1631723025
|switch|p1a: Porygon2|Porygon2|44/100 par
|-damage|p1a: Porygon2|31/100 par|[from] Spikes
|-damage|p1a: Porygon2|19/100 par|[from] Stealth Rock
|-ability|p1a: Porygon2|Download|boost
|-boost|p1a: Porygon2|spa|1
|move|p2a: Seismitoad|Weather Ball|p1a: Porygon2
|-damage|p1a: Porygon2|0 fnt
|faint|p1a: Porygon2
|-damage|p2a: Seismitoad|22/100|[from] item: Life Orb
|
|-weather|RainDance|[upkeep]
|upkeep
|
|t:|1631723027
|switch|p1a: Cresselia|Cresselia, F|88/100
|-damage|p1a: Cresselia|76/100|[from] Stealth Rock
|turn|28
|
|t:|1631723030
|move|p2a: Seismitoad|Weather Ball|p1a: Cresselia
|-damage|p1a: Cresselia|23/100
|-damage|p2a: Seismitoad|12/100|[from] item: Life Orb
|move|p1a: Cresselia|Trick Room|p1a: Cresselia
|-fieldstart|move: Trick Room|[of] p1a: Cresselia
|
|-weather|RainDance|[upkeep]
|upkeep
|turn|29
|
|t:|1631723036
|move|p1a: Cresselia|Lunar Dance|p1a: Cresselia
|faint|p1a: Cresselia
|move|p2a: Seismitoad|Earth Power|p1: Cresselia|[notarget]
|-fail|p2a: Seismitoad
|
|-weather|none
|upkeep
|
|t:|1631723039
|switch|p1a: Melmetal|Melmetal|61/100
|-heal|p1a: Melmetal|100/100|[from] move: Lunar Dance
|-damage|p1a: Melmetal|94/100|[from] Stealth Rock
|-damage|p1a: Melmetal|82/100|[from] Spikes
|turn|30
|
|t:|1631723043
|move|p1a: Melmetal|Double Iron Bash|p2a: Seismitoad
|-resisted|p2a: Seismitoad
|-damage|p2a: Seismitoad|0 fnt
|faint|p2a: Seismitoad
|-hitcount|p2: Seismitoad|1
|
|upkeep
|
|t:|1631723046
|switch|p2a: Heliolisk|Heliolisk, M, shiny|100/100
|turn|31
|
|t:|1631723050
|move|p1a: Melmetal|Earthquake|p2a: Heliolisk
|-supereffective|p2a: Heliolisk
|-damage|p2a: Heliolisk|0 fnt
|faint|p2a: Heliolisk
|
|upkeep
|
|t:|1631723054
|switch|p2a: Barraskewda|Barraskewda, M|88/100
|turn|32
|
|t:|1631723058
|move|p1a: Melmetal|Double Iron Bash|p2a: Barraskewda
|-resisted|p2a: Barraskewda
|-damage|p2a: Barraskewda|43/100
|-resisted|p2a: Barraskewda
|-damage|p2a: Barraskewda|0 fnt
|faint|p2a: Barraskewda
|-hitcount|p2: Barraskewda|2
|
|win|Aquila028
|raw|Aquila028's rating: 1615 &rarr; <strong>1638</strong><br />(+23 for winning)
|raw|Gurtrant's rating: 1673 &rarr; <strong>1650</strong><br />(-23 for losing)
|l|☆Gurtrant
|c|☆Aquila028|the flinches man sorry
||Ladder isn't responding, score probably updated but might not have (Request timeout).
