|j|☆HolkyPola
|j|☆A
|player|p1|HolkyPola|hiker-gen4|1587
|player|p2|A|clemont|1589
|teamsize|p1|6
|teamsize|p2|6
|gametype|singles
|gen|8
|tier|[Gen 8] OU
|rated|
|clearpoke
|poke|p1|Cinderace, F|
|poke|p1|Ferrothorn, M|
|poke|p1|Machamp, M|
|poke|p1|Gyarados, M|
|poke|p1|Reuniclus, M|
|poke|p1|Kommo-o, M|
|poke|p2|Aegislash, M|
|poke|p2|Toxapex, F|
|poke|p2|Jirachi|
|poke|p2|Rillaboom, M|
|poke|p2|Togekiss, M|
|poke|p2|Arcanine, F|
|rule|Sleep Clause Mod: Limit one foe put to sleep
|rule|Species Clause: Limit one of each Pokémon
|rule|OHKO Clause: OHKO moves are banned
|rule|Evasion Moves Clause: Evasion moves are banned
|rule|Endless Battle Clause: Forcing endless battles is banned
|rule|HP Percentage Mod: HP is shown in percentages
|rule|Dynamax Clause: You cannot dynamax
|teampreview
|c|☆HolkyPola|Damn
|j| super random guy
|c|☆HolkyPola|togekiss and jirachi
|c|☆A|hf
|c|☆HolkyPola|Yes
|inactive|Battle timer is ON: inactive players will automatically lose when time's up. (requested by A)
|c|☆HolkyPola|You too
|
|start
|switch|p1a: Machamp|Machamp, M|100/100
|switch|p2a: cool laddy|Jirachi, shiny|100/100
|turn|1
|
|move|p2a: cool laddy|Trick|p1a: Machamp
|-activate|p2a: cool laddy|move: Trick|[of] p1a: Machamp
|-item|p1a: Machamp|Choice Scarf|[from] move: Trick
|-item|p2a: cool laddy|Flame Orb|[from] move: Trick
|move|p1a: Machamp|Knock Off|p2a: cool laddy
|-supereffective|p2a: cool laddy
|-damage|p2a: cool laddy|34/100
|-enditem|p2a: cool laddy|Flame Orb|[from] move: Knock Off|[of] p1a: Machamp
|
|upkeep
|turn|2
|
|switch|p2a: lamer than me|Toxapex, F|100/100
|move|p1a: Machamp|Knock Off|p2a: lamer than me
|-damage|p2a: lamer than me|75/100
|-enditem|p2a: lamer than me|Black Sludge|[from] move: Knock Off|[of] p1a: Machamp
|
|upkeep
|turn|3
|
|switch|p1a: Reuniclus|Reuniclus, M|100/100
|switch|p2a: i'm cute|Togekiss, M|100/100
|
|upkeep
|turn|4
|j| bastiodonKING
|c| super random guy|in
|
|switch|p1a: Ferrothorn|Ferrothorn, M|100/100
|move|p2a: i'm cute|Trick|p1a: Ferrothorn
|-activate|p2a: i'm cute|move: Trick|[of] p1a: Ferrothorn
|-item|p1a: Ferrothorn|Choice Scarf|[from] move: Trick
|-item|p2a: i'm cute|Leftovers|[from] move: Trick
|
|upkeep
|turn|5
|l| bastiodonKING
|c| super random guy|uh oh
|c|☆HolkyPola|Noo more
|c| super random guy|thats one fast ferrothorn
|c|☆HolkyPola|i beg of you
|
|switch|p2a: cool laddy|Jirachi, shiny|34/100
|move|p1a: Ferrothorn|Gyro Ball|p2a: cool laddy
|-resisted|p2a: cool laddy
|-damage|p2a: cool laddy|15/100
|
|upkeep
|turn|6
|c|☆A|i just have two dont worry
|c| super random guy|fast gyro
|
|switch|p2a: gamer girl|Arcanine, F, shiny|100/100
|-ability|p2a: gamer girl|Intimidate|boost
|-unboost|p1a: Ferrothorn|atk|1
|move|p1a: Ferrothorn|Gyro Ball|p2a: gamer girl
|-resisted|p2a: gamer girl
|-damage|p2a: gamer girl|91/100
|
|upkeep
|turn|7
|
|switch|p1a: Cool dude|Gyarados, M, shiny|100/100
|-ability|p1a: Cool dude|Intimidate|boost
|-unboost|p2a: gamer girl|atk|1
|move|p2a: gamer girl|Teleport|p2a: gamer girl
|
|switch|p2a: mr gamer man|Rillaboom, M, shiny|100/100|[from]move: Teleport
|-fieldstart|move: Grassy Terrain|[from] ability: Grassy Surge|[of] p2a: mr gamer man
|
|upkeep
|turn|8
|
|move|p2a: mr gamer man|Drum Beating|p1a: Cool dude
|-damage|p1a: Cool dude|58/100
|-unboost|p1a: Cool dude|spe|1
|move|p1a: Cool dude|Toxic|p2a: mr gamer man
|-status|p2a: mr gamer man|tox
|
|-damage|p2a: mr gamer man|94/100 tox|[from] psn
|upkeep
|turn|9
|
|move|p2a: mr gamer man|Swords Dance|p2a: mr gamer man
|-boost|p2a: mr gamer man|atk|2
|move|p1a: Cool dude|Rest|p1a: Cool dude
|-status|p1a: Cool dude|slp|[from] move: Rest
|-heal|p1a: Cool dude|100/100 slp|[silent]
|-enditem|p1a: Cool dude|Chesto Berry|[eat]
|-curestatus|p1a: Cool dude|slp|[msg]
|
|-heal|p2a: mr gamer man|100/100 tox|[from] item: Leftovers
|-damage|p2a: mr gamer man|88/100 tox|[from] psn
|upkeep
|turn|10
|
|move|p1a: Cool dude|Protect|p1a: Cool dude
|-singleturn|p1a: Cool dude|Protect
|move|p2a: mr gamer man|Drain Punch|p1a: Cool dude
|-activate|p1a: Cool dude|move: Protect
|
|-heal|p2a: mr gamer man|94/100 tox|[from] item: Leftovers
|-heal|p2a: mr gamer man|100/100 tox|[from] Grassy Terrain
|-damage|p2a: mr gamer man|82/100 tox|[from] psn
|upkeep
|turn|11
|
|move|p2a: mr gamer man|Drum Beating|p1a: Cool dude
|-damage|p1a: Cool dude|20/100
|-unboost|p1a: Cool dude|spe|1
|move|p1a: Cool dude|Bounce||[still]
|-prepare|p1a: Cool dude|Bounce|p2a: mr gamer man
|
|-heal|p2a: mr gamer man|88/100 tox|[from] item: Leftovers
|-heal|p2a: mr gamer man|94/100 tox|[from] Grassy Terrain
|-fieldend|move: Grassy Terrain
|-damage|p2a: mr gamer man|70/100 tox|[from] psn
|upkeep
|turn|12
|
|switch|p2a: lamer than me|Toxapex, F|100/100
|move|p1a: Cool dude|Bounce|p2a: lamer than me|[from]lockedmove
|-damage|p2a: lamer than me|79/100
|
|upkeep
|turn|13
|c| super random guy|lol
|
|switch|p2a: i'm cute|Togekiss, M|100/100
|move|p1a: Cool dude|Rest|p1a: Cool dude
|-status|p1a: Cool dude|slp|[from] move: Rest
|-heal|p1a: Cool dude|100/100 slp|[silent]
|
|upkeep
|turn|14
|
|move|p2a: i'm cute|Nasty Plot|p2a: i'm cute
|-boost|p2a: i'm cute|spa|2
|cant|p1a: Cool dude|slp
|
|upkeep
|turn|15
|
|switch|p1a: Cinderace|Cinderace, F|100/100
|move|p2a: i'm cute|Air Slash|p1a: Cinderace
|-damage|p1a: Cinderace|0 fnt
|faint|p1a: Cinderace
|
|upkeep
|c| super random guy|um
|
|switch|p1a: Ferrothorn|Ferrothorn, M|100/100
|turn|16
|c| super random guy|nice
|
|move|p2a: i'm cute|Air Slash|p1a: Ferrothorn
|-damage|p1a: Ferrothorn|51/100
|cant|p1a: Ferrothorn|flinch
|
|upkeep
|turn|17
|
|move|p2a: i'm cute|Air Slash|p1a: Ferrothorn
|-damage|p1a: Ferrothorn|5/100
|cant|p1a: Ferrothorn|flinch
|
|upkeep
|turn|18
|
|move|p2a: i'm cute|Air Slash|p1a: Ferrothorn
|-damage|p1a: Ferrothorn|0 fnt
|faint|p1a: Ferrothorn
|
|upkeep
|
|switch|p1a: Cool dude|Gyarados, M, shiny|100/100 slp
|-ability|p1a: Cool dude|Intimidate|boost
|-unboost|p2a: i'm cute|atk|1
|turn|19
|
|move|p2a: i'm cute|Nasty Plot|p2a: i'm cute
|-boost|p2a: i'm cute|spa|2
|cant|p1a: Cool dude|slp
|
|upkeep
|turn|20
|
|move|p2a: i'm cute|Air Slash|p1a: Cool dude
|-damage|p1a: Cool dude|8/100 slp
|-curestatus|p1a: Cool dude|slp|[msg]
|cant|p1a: Cool dude|flinch
|
|upkeep
|turn|21
|c|☆HolkyPola|He really do be snoozing though
|
|move|p1a: Cool dude|Protect|p1a: Cool dude
|-singleturn|p1a: Cool dude|Protect
|move|p2a: i'm cute|Air Slash|p1a: Cool dude
|-activate|p1a: Cool dude|move: Protect
|
|upkeep
|turn|22
|
|move|p2a: i'm cute|Air Slash|p1a: Cool dude|[miss]
|-miss|p2a: i'm cute|p1a: Cool dude
|move|p1a: Cool dude|Toxic|p2a: i'm cute|[miss]
|-miss|p1a: Cool dude|p2a: i'm cute
|
|upkeep
|turn|23
|c| super random guy|:flushed:
|c|☆A|based
|
|move|p1a: Cool dude|Protect|p1a: Cool dude
|-singleturn|p1a: Cool dude|Protect
|move|p2a: i'm cute|Air Slash|p1a: Cool dude
|-activate|p1a: Cool dude|move: Protect
|
|upkeep
|turn|24
|c| super random guy|based
|
|move|p2a: i'm cute|Air Slash|p1a: Cool dude
|-damage|p1a: Cool dude|0 fnt
|faint|p1a: Cool dude
|
|upkeep
|
|switch|p1a: Machamp|Machamp, M|100/100
|turn|25
|
|move|p1a: Machamp|Bullet Punch|p2a: i'm cute
|-supereffective|p2a: i'm cute
|-damage|p2a: i'm cute|64/100
|move|p2a: i'm cute|Air Slash|p1a: Machamp
|-supereffective|p1a: Machamp
|-damage|p1a: Machamp|0 fnt
|faint|p1a: Machamp
|
|-heal|p2a: i'm cute|70/100|[from] item: Leftovers
|upkeep
|
|switch|p1a: Kommo-o|Kommo-o, M|100/100
|turn|26
|
|move|p1a: Kommo-o|Substitute|p1a: Kommo-o
|-start|p1a: Kommo-o|Substitute
|-damage|p1a: Kommo-o|75/100
|move|p2a: i'm cute|Air Slash|p1a: Kommo-o
|-supereffective|p1a: Kommo-o
|-end|p1a: Kommo-o|Substitute
|
|-heal|p2a: i'm cute|76/100|[from] item: Leftovers
|upkeep
|turn|27
|c|☆A|uh oh
|
|move|p1a: Kommo-o|Substitute|p1a: Kommo-o
|-start|p1a: Kommo-o|Substitute
|-damage|p1a: Kommo-o|50/100
|move|p2a: i'm cute|Air Slash|p1a: Kommo-o
|-supereffective|p1a: Kommo-o
|-end|p1a: Kommo-o|Substitute
|
|-heal|p2a: i'm cute|82/100|[from] item: Leftovers
|upkeep
|turn|28
|
|move|p1a: Kommo-o|Substitute|p1a: Kommo-o
|-start|p1a: Kommo-o|Substitute
|-damage|p1a: Kommo-o|25/100
|-enditem|p1a: Kommo-o|Salac Berry|[eat]
|-boost|p1a: Kommo-o|spe|1|[from] item: Salac Berry
|move|p2a: i'm cute|Air Slash|p1a: Kommo-o
|-supereffective|p1a: Kommo-o
|-end|p1a: Kommo-o|Substitute
|
|-heal|p2a: i'm cute|88/100|[from] item: Leftovers
|upkeep
|turn|29
|c| super random guy|oh no baby
|
|move|p1a: Kommo-o|Drain Punch|p2a: i'm cute
|-resisted|p2a: i'm cute
|-damage|p2a: i'm cute|79/100
|-heal|p1a: Kommo-o|30/100|[from] drain|[of] p2a: i'm cute
|move|p2a: i'm cute|Air Slash|p1a: Kommo-o
|-supereffective|p1a: Kommo-o
|-damage|p1a: Kommo-o|0 fnt
|faint|p1a: Kommo-o
|
|-heal|p2a: i'm cute|85/100|[from] item: Leftovers
|upkeep
|c| super random guy|what is u doin
|
|switch|p1a: Reuniclus|Reuniclus, M|100/100
|turn|30
|c|☆A|ggs and sorry lol
|
|move|p2a: i'm cute|Air Slash|p1a: Reuniclus
|-damage|p1a: Reuniclus|0 fnt
|faint|p1a: Reuniclus
|
|win|A
|raw|HolkyPola's rating: 1569 &rarr; <strong>1550</strong><br />(-19 for losing)
|raw|A's rating: 1589 &rarr; <strong>1608</strong><br />(+19 for winning)
|c|☆HolkyPola|gg
|l| super random guy
|l|☆HolkyPola
|j| super random guy
