|j|☆Down$hift
|j|☆Tac3403
|t:|1661369202
|gametype|singles
|player|p1|Down$hift|teamrocket|1526
|player|p2|Tac3403|101|1517
|teamsize|p1|6
|teamsize|p2|6
|gen|8
|tier|[Gen 8] OU
|rated|
|rule|Sleep Clause Mod: Limit one foe put to sleep
|rule|Species Clause: Limit one of each Pokémon
|rule|OHKO Clause: OHKO moves are banned
|rule|Evasion Items Clause: Evasion items are banned
|rule|Evasion Moves Clause: Evasion moves are banned
|rule|Endless Battle Clause: Forcing endless battles is banned
|rule|HP Percentage Mod: HP is shown in percentages
|rule|Dynamax Clause: You cannot dynamax
|clearpoke
|poke|p1|Magnezone|
|poke|p1|Meltan|
|poke|p1|Landorus-Therian, M|
|poke|p1|Clefable, F|
|poke|p1|Slowbro, F|
|poke|p1|Tapu Lele|
|poke|p2|Landorus-Therian, M|
|poke|p2|Tornadus-Therian, M|
|poke|p2|Heatran, F|
|poke|p2|Dragapult, M|
|poke|p2|Tapu Fini|
|poke|p2|Urshifu-*, F|
|teampreview
|c|☆Down$hift|Hf
|c|☆Tac3403|gl hf
|inactive|Battle timer is ON: inactive players will automatically lose when time's up. (requested by Down$hift)
|
|t:|1661369224
|start
|switch|p1a: LandOUrus-T|Landorus-Therian, M|100/100
|switch|p2a: Urshifu|Urshifu-Rapid-Strike, F|100/100
|-ability|p1a: LandOUrus-T|Intimidate|boost
|-unboost|p2a: Urshifu|atk|1
|turn|1
|
|t:|1661369229
|switch|p1a: Ur slow|Slowbro, F|100/100
|move|p2a: Urshifu|Surging Strikes|p1a: Ur slow
|-resisted|p1a: Ur slow
|-crit|p1a: Ur slow
|-damage|p1a: Ur slow|89/100
|-resisted|p1a: Ur slow
|-crit|p1a: Ur slow
|-damage|p1a: Ur slow|76/100
|-resisted|p1a: Ur slow
|-crit|p1a: Ur slow
|-damage|p1a: Ur slow|64/100
|-hitcount|p1a: Ur slow|3
|
|upkeep
|turn|2
|
|t:|1661369242
|switch|p2a: Tapu Fini|Tapu Fini|100/100
|-fieldstart|move: Misty Terrain|[from] ability: Misty Surge|[of] p2a: Tapu Fini
|move|p1a: Ur slow|Future Sight|p2a: Tapu Fini
|-start|p1a: Ur slow|move: Future Sight
|
|upkeep
|turn|3
|
|t:|1661369250
|switch|p1a: Canned Calamari|Tapu Lele|100/100
|-fieldstart|move: Psychic Terrain|[from] ability: Psychic Surge|[of] p1a: Canned Calamari
|move|p2a: Tapu Fini|Taunt|p1a: Canned Calamari
|-start|p1a: Canned Calamari|move: Taunt
|
|upkeep
|turn|4
|
|t:|1661369259
|move|p1a: Canned Calamari|Psyshock|p2a: Tapu Fini
|-damage|p2a: Tapu Fini|58/100
|move|p2a: Tapu Fini|Nature's Madness|p1a: Canned Calamari
|-damage|p1a: Canned Calamari|51/100
|
|-end|p2a: Tapu Fini|move: Future Sight
|-damage|p2a: Tapu Fini|17/100
|-heal|p2a: Tapu Fini|23/100|[from] item: Leftovers
|upkeep
|turn|5
|
|t:|1661369265
|switch|p2a: Heatran|Heatran, F|100/100
|move|p1a: Canned Calamari|Psyshock|p2a: Heatran
|-resisted|p2a: Heatran
|-damage|p2a: Heatran|74/100
|
|-heal|p2a: Heatran|80/100|[from] item: Leftovers
|-end|p1a: Canned Calamari|move: Taunt
|upkeep
|turn|6
|
|t:|1661369273
|switch|p1a: Ur slow|Slowbro, F|98/100
|move|p2a: Heatran|Toxic|p1a: Ur slow
|-status|p1a: Ur slow|tox
|
|-heal|p2a: Heatran|87/100|[from] item: Leftovers
|-damage|p1a: Ur slow|92/100 tox|[from] psn
|upkeep
|turn|7
|
|t:|1661369276
|move|p2a: Heatran|Taunt|p1a: Ur slow
|-start|p1a: Ur slow|move: Taunt
|move|p1a: Ur slow|Scald|p2a: Heatran
|-supereffective|p2a: Heatran
|-damage|p2a: Heatran|52/100
|
|-heal|p2a: Heatran|59/100|[from] item: Leftovers
|-damage|p1a: Ur slow|79/100 tox|[from] psn
|-fieldend|move: Psychic Terrain
|upkeep
|turn|8
|
|t:|1661369278
|move|p2a: Heatran|Magma Storm|p1a: Ur slow
|-resisted|p1a: Ur slow
|-damage|p1a: Ur slow|63/100 tox
|-activate|p1a: Ur slow|move: Magma Storm|[of] p2a: Heatran
|move|p1a: Ur slow|Scald|p2a: Heatran
|-supereffective|p2a: Heatran
|-damage|p2a: Heatran|21/100
|
|-heal|p2a: Heatran|27/100|[from] item: Leftovers
|-damage|p1a: Ur slow|45/100 tox|[from] psn
|-damage|p1a: Ur slow|33/100 tox|[from] move: Magma Storm|[partiallytrapped]
|upkeep
|turn|9
|
|t:|1661369280
|move|p2a: Heatran|Earth Power|p1a: Ur slow
|-damage|p1a: Ur slow|13/100 tox
|move|p1a: Ur slow|Scald|p2a: Heatran
|-supereffective|p2a: Heatran
|-damage|p2a: Heatran|0 fnt
|faint|p2a: Heatran
|
|-damage|p1a: Ur slow|0 fnt|[from] psn
|faint|p1a: Ur slow
|upkeep
|
|t:|1661369288
|switch|p2a: Urshifu|Urshifu-Rapid-Strike, F|100/100
|switch|p1a: LandOUrus-T|Landorus-Therian, M|100/100
|-ability|p1a: LandOUrus-T|Intimidate|boost
|-unboost|p2a: Urshifu|atk|1
|turn|10
|
|t:|1661369290
|switch|p1a: Pink Menace|Clefable, F|100/100
|move|p2a: Urshifu|Surging Strikes|p1a: Pink Menace
|-crit|p1a: Pink Menace
|-damage|p1a: Pink Menace|78/100
|-damage|p2a: Urshifu|84/100|[from] item: Rocky Helmet|[of] p1a: Pink Menace
|-crit|p1a: Pink Menace
|-damage|p1a: Pink Menace|57/100
|-damage|p2a: Urshifu|68/100|[from] item: Rocky Helmet|[of] p1a: Pink Menace
|-crit|p1a: Pink Menace
|-damage|p1a: Pink Menace|32/100
|-damage|p2a: Urshifu|51/100|[from] item: Rocky Helmet|[of] p1a: Pink Menace
|-hitcount|p1a: Pink Menace|3
|
|upkeep
|turn|11
|
|t:|1661369294
|move|p2a: Urshifu|Surging Strikes|p1a: Pink Menace
|-crit|p1a: Pink Menace
|-damage|p1a: Pink Menace|11/100
|-damage|p2a: Urshifu|35/100|[from] item: Rocky Helmet|[of] p1a: Pink Menace
|-crit|p1a: Pink Menace
|-damage|p1a: Pink Menace|0 fnt
|-damage|p2a: Urshifu|18/100|[from] item: Rocky Helmet|[of] p1a: Pink Menace
|faint|p1a: Pink Menace
|-hitcount|p1: Pink Menace|2
|
|upkeep
|
|t:|1661369296
|switch|p1a: Canned Calamari|Tapu Lele|51/100
|-fieldstart|move: Psychic Terrain|[from] ability: Psychic Surge|[of] p1a: Canned Calamari
|turn|12
|
|t:|1661369301
|switch|p2a: Tapu Fini|Tapu Fini|23/100
|-fieldstart|move: Misty Terrain|[from] ability: Misty Surge|[of] p2a: Tapu Fini
|move|p1a: Canned Calamari|Psyshock|p2a: Tapu Fini
|-damage|p2a: Tapu Fini|0 fnt
|faint|p2a: Tapu Fini
|
|upkeep
|
|t:|1661369302
|switch|p2a: Dragapult|Dragapult, M|100/100
|turn|13
|
|t:|1661369308
|switch|p1a: The Child|Meltan, shiny|100/100
|-item|p1a: The Child|Air Balloon
|move|p2a: Dragapult|Shadow Ball|p1a: The Child
|-damage|p1a: The Child|0 fnt
|-enditem|p1a: The Child|Air Balloon
|faint|p1a: The Child
|
|upkeep
|
|t:|1661369310
|switch|p1a: LandOUrus-T|Landorus-Therian, M|100/100
|-ability|p1a: LandOUrus-T|Intimidate|boost
|-unboost|p2a: Dragapult|atk|1
|turn|14
|
|t:|1661369318
|switch|p2a: Tornadus|Tornadus-Therian, M|100/100
|move|p1a: LandOUrus-T|Earthquake|p2a: Tornadus
|-immune|p2a: Tornadus
|
|upkeep
|turn|15
|
|t:|1661369322
|move|p2a: Tornadus|Knock Off|p1a: LandOUrus-T
|-damage|p1a: LandOUrus-T|79/100
|-enditem|p1a: LandOUrus-T|Leftovers|[from] move: Knock Off|[of] p2a: Tornadus
|move|p1a: LandOUrus-T|Toxic|p2a: Tornadus
|-status|p2a: Tornadus|tox
|
|-damage|p2a: Tornadus|94/100 tox|[from] psn
|upkeep
|turn|16
|
|t:|1661369325
|move|p2a: Tornadus|U-turn|p1a: LandOUrus-T
|-resisted|p1a: LandOUrus-T
|-damage|p1a: LandOUrus-T|72/100
|
|t:|1661369326
|switch|p2a: Landorus|Landorus-Therian, M|100/100|[from]move: U-turn
|-ability|p2a: Landorus|Intimidate|boost
|-unboost|p1a: LandOUrus-T|atk|1
|move|p1a: LandOUrus-T|U-turn|p2a: Landorus
|-resisted|p2a: Landorus
|-damage|p2a: Landorus|93/100
|
|t:|1661369329
|switch|p1a: Canned Calamari|Tapu Lele|51/100|[from]move: U-turn
|-fieldstart|move: Psychic Terrain|[from] ability: Psychic Surge|[of] p1a: Canned Calamari
|
|-heal|p2a: Landorus|99/100|[from] item: Leftovers
|upkeep
|turn|17
|
|t:|1661369332
|switch|p1a: LandOUrus-T|Landorus-Therian, M|72/100
|-ability|p1a: LandOUrus-T|Intimidate|boost
|-unboost|p2a: Landorus|atk|1
|move|p2a: Landorus|Earthquake|p1a: LandOUrus-T
|-immune|p1a: LandOUrus-T
|
|-heal|p2a: Landorus|100/100|[from] item: Leftovers
|upkeep
|turn|18
|
|t:|1661369334
|move|p1a: LandOUrus-T|Toxic|p2a: Landorus|[miss]
|-miss|p1a: LandOUrus-T|p2a: Landorus
|move|p2a: Landorus|Toxic|p1a: LandOUrus-T
|-status|p1a: LandOUrus-T|tox
|
|-damage|p1a: LandOUrus-T|66/100 tox|[from] psn
|upkeep
|turn|19
|
|t:|1661369338
|switch|p2a: Tornadus|Tornadus-Therian, M|100/100 tox
|move|p1a: LandOUrus-T|U-turn|p2a: Tornadus
|-resisted|p2a: Tornadus
|-damage|p2a: Tornadus|88/100 tox
|
|t:|1661369340
|switch|p1a: $wagnezone|Magnezone|100/100|[from]move: U-turn
|
|-damage|p2a: Tornadus|82/100 tox|[from] psn
|upkeep
|turn|20
|
|t:|1661369342
|move|p2a: Tornadus|Knock Off|p1a: $wagnezone
|-damage|p1a: $wagnezone|83/100
|-enditem|p1a: $wagnezone|Leftovers|[from] move: Knock Off|[of] p2a: Tornadus
|move|p1a: $wagnezone|Curse|p1a: $wagnezone
|-unboost|p1a: $wagnezone|spe|1
|-boost|p1a: $wagnezone|atk|1
|-boost|p1a: $wagnezone|def|1
|
|-damage|p2a: Tornadus|70/100 tox|[from] psn
|-fieldend|move: Psychic Terrain
|upkeep
|turn|21
|
|t:|1661369346
|move|p2a: Tornadus|U-turn|p1a: $wagnezone
|-resisted|p1a: $wagnezone
|-damage|p1a: $wagnezone|79/100
|
|t:|1661369347
|switch|p2a: Dragapult|Dragapult, M|100/100|[from]move: U-turn
|move|p1a: $wagnezone|Curse|p1a: $wagnezone
|-unboost|p1a: $wagnezone|spe|1
|-boost|p1a: $wagnezone|atk|1
|-boost|p1a: $wagnezone|def|1
|
|upkeep
|turn|22
|
|t:|1661369350
|move|p2a: Dragapult|Flamethrower|p1a: $wagnezone
|-supereffective|p1a: $wagnezone
|-damage|p1a: $wagnezone|9/100
|move|p1a: $wagnezone|Gyro Ball|p2a: Dragapult
|-damage|p2a: Dragapult|0 fnt
|faint|p2a: Dragapult
|
|upkeep
|c|☆Tac3403|damn
|
|t:|1661369360
|switch|p2a: Urshifu|Urshifu-Rapid-Strike, F|18/100
|turn|23
|
|t:|1661369363
|move|p2a: Urshifu|Surging Strikes|p1a: $wagnezone
|-crit|p1a: $wagnezone
|-damage|p1a: $wagnezone|0 fnt
|faint|p1a: $wagnezone
|-hitcount|p1: $wagnezone|1
|
|upkeep
|
|t:|1661369365
|switch|p1a: Canned Calamari|Tapu Lele|51/100
|-fieldstart|move: Psychic Terrain|[from] ability: Psychic Surge|[of] p1a: Canned Calamari
|turn|24
|
|t:|1661369370
|switch|p2a: Tornadus|Tornadus-Therian, M|100/100 tox
|move|p1a: Canned Calamari|Psyshock|p2a: Tornadus
|-damage|p2a: Tornadus|35/100 tox
|
|-damage|p2a: Tornadus|29/100 tox|[from] psn
|upkeep
|turn|25
|
|t:|1661369372
|move|p1a: Canned Calamari|Psyshock|p2a: Tornadus
|-damage|p2a: Tornadus|0 fnt
|faint|p2a: Tornadus
|
|upkeep
|
|t:|1661369374
|switch|p2a: Landorus|Landorus-Therian, M|100/100
|-ability|p2a: Landorus|Intimidate|boost
|-unboost|p1a: Canned Calamari|atk|1
|turn|26
|
|t:|1661369388
|switch|p1a: LandOUrus-T|Landorus-Therian, M|66/100 tox
|-ability|p1a: LandOUrus-T|Intimidate|boost
|-unboost|p2a: Landorus|atk|1
|move|p2a: Landorus|U-turn|p1a: LandOUrus-T
|-resisted|p1a: LandOUrus-T
|-damage|p1a: LandOUrus-T|59/100 tox
|
|t:|1661369391
|switch|p2a: Urshifu|Urshifu-Rapid-Strike, F|18/100|[from]move: U-turn
|
|-damage|p1a: LandOUrus-T|53/100 tox|[from] psn
|upkeep
|turn|27
|
|t:|1661369393
|move|p2a: Urshifu|Surging Strikes|p1a: LandOUrus-T
|-supereffective|p1a: LandOUrus-T
|-crit|p1a: LandOUrus-T
|-damage|p1a: LandOUrus-T|0 fnt
|faint|p1a: LandOUrus-T
|-hitcount|p1: LandOUrus-T|1
|
|upkeep
|
|t:|1661369394
|switch|p1a: Canned Calamari|Tapu Lele|51/100
|turn|28
|
|t:|1661369397
|move|p1a: Canned Calamari|Moonblast|p2a: Urshifu
|-supereffective|p2a: Urshifu
|-damage|p2a: Urshifu|0 fnt
|faint|p2a: Urshifu
|
|-fieldend|move: Psychic Terrain
|upkeep
|
|t:|1661369398
|switch|p2a: Landorus|Landorus-Therian, M|100/100
|-ability|p2a: Landorus|Intimidate|boost
|-unboost|p1a: Canned Calamari|atk|1
|turn|29
|
|t:|1661369399
|move|p1a: Canned Calamari|Moonblast|p2a: Landorus
|-damage|p2a: Landorus|61/100
|move|p2a: Landorus|Earthquake|p1a: Canned Calamari
|-damage|p1a: Canned Calamari|0 fnt
|faint|p1a: Canned Calamari
|
|win|Tac3403
|raw|Down$hift's rating: 1526 &rarr; <strong>1505</strong><br />(-21 for losing)
|raw|Tac3403's rating: 1517 &rarr; <strong>1538</strong><br />(+21 for winning)
|l|☆Down$hift
|c|☆Tac3403|gg!
||Ladder isn't responding, score probably updated but might not have (Request timeout).
