|j|☆Mutako Z
|j|☆sack2005
|t:|1664024522
|gametype|singles
|player|p1|Mutako Z|cynthia-gen4|1519
|player|p2|sack2005|will-gen2|1574
|teamsize|p1|6
|teamsize|p2|6
|gen|8
|tier|[Gen 8] OU
|rated|
|rule|Sleep Clause Mod: Limit one foe put to sleep
|rule|Species Clause: Limit one of each Pokémon
|rule|OHKO Clause: OHKO moves are banned
|rule|Evasion Items Clause: Evasion items are banned
|rule|Evasion Moves Clause: Evasion moves are banned
|rule|Endless Battle Clause: Forcing endless battles is banned
|rule|HP Percentage Mod: HP is shown in percentages
|rule|Dynamax Clause: You cannot dynamax
|clearpoke
|poke|p1|Hippowdon, M|
|poke|p1|Tyranitar, M|
|poke|p1|Excadrill, M|
|poke|p1|Dracozolt|
|poke|p1|Zapdos|
|poke|p1|Slowbro, M|
|poke|p2|Rillaboom, F|
|poke|p2|Bewear, F|
|poke|p2|Gastrodon, F|
|poke|p2|Heatran, F|
|poke|p2|Gardevoir, F|
|poke|p2|Tornadus-Therian, M|
|teampreview
|c|☆sack2005|glhf
|c|☆Mutako Z|hf
|inactive|Battle timer is ON: inactive players will automatically lose when time's up. (requested by Mutako Z)
|
|t:|1664024544
|start
|switch|p1a: Bernard Tapie|Hippowdon, M|100/100
|switch|p2a: NEVER WOULD CHANGE|Bewear, F|100/100
|-weather|Sandstorm|[from] ability: Sand Stream|[of] p1a: Bernard Tapie
|turn|1
|
|t:|1664024556
|move|p2a: NEVER WOULD CHANGE|Substitute|p2a: NEVER WOULD CHANGE
|-start|p2a: NEVER WOULD CHANGE|Substitute
|-damage|p2a: NEVER WOULD CHANGE|76/100
|move|p1a: Bernard Tapie|Toxic||[still]
|-fail|p1a: Bernard Tapie
|
|-weather|Sandstorm|[upkeep]
|-damage|p2a: NEVER WOULD CHANGE|70/100|[from] Sandstorm
|-heal|p2a: NEVER WOULD CHANGE|76/100|[from] item: Leftovers
|upkeep
|turn|2
|
|t:|1664024564
|move|p2a: NEVER WOULD CHANGE|Bulk Up|p2a: NEVER WOULD CHANGE
|-boost|p2a: NEVER WOULD CHANGE|atk|1
|-boost|p2a: NEVER WOULD CHANGE|def|1
|move|p1a: Bernard Tapie|Earthquake|p2a: NEVER WOULD CHANGE
|-activate|p2a: NEVER WOULD CHANGE|move: Substitute|[damage]
|
|-weather|Sandstorm|[upkeep]
|-damage|p2a: NEVER WOULD CHANGE|70/100|[from] Sandstorm
|-heal|p2a: NEVER WOULD CHANGE|76/100|[from] item: Leftovers
|upkeep
|turn|3
|
|t:|1664024573
|switch|p1a: Foncecar|Slowbro, M|100/100
|move|p2a: NEVER WOULD CHANGE|Earthquake|p1a: Foncecar
|-damage|p1a: Foncecar|71/100
|
|-weather|Sandstorm|[upkeep]
|-damage|p2a: NEVER WOULD CHANGE|70/100|[from] Sandstorm
|-damage|p1a: Foncecar|64/100|[from] Sandstorm
|-heal|p2a: NEVER WOULD CHANGE|76/100|[from] item: Leftovers
|upkeep
|turn|4
|
|t:|1664024582
|move|p2a: NEVER WOULD CHANGE|Earthquake|p1a: Foncecar
|-damage|p1a: Foncecar|31/100
|move|p1a: Foncecar|Future Sight|p2a: NEVER WOULD CHANGE
|-start|p1a: Foncecar|move: Future Sight
|
|-weather|Sandstorm|[upkeep]
|-damage|p2a: NEVER WOULD CHANGE|70/100|[from] Sandstorm
|-damage|p1a: Foncecar|25/100|[from] Sandstorm
|-heal|p2a: NEVER WOULD CHANGE|76/100|[from] item: Leftovers
|upkeep
|turn|5
|
|t:|1664024591
|switch|p1a: Achilles|Zapdos|100/100
|move|p2a: NEVER WOULD CHANGE|Bulk Up|p2a: NEVER WOULD CHANGE
|-boost|p2a: NEVER WOULD CHANGE|atk|1
|-boost|p2a: NEVER WOULD CHANGE|def|1
|
|-weather|Sandstorm|[upkeep]
|-damage|p1a: Achilles|94/100|[from] Sandstorm
|-damage|p2a: NEVER WOULD CHANGE|70/100|[from] Sandstorm
|-heal|p2a: NEVER WOULD CHANGE|76/100|[from] item: Leftovers
|upkeep
|turn|6
|
|t:|1664024600
|move|p1a: Achilles|Volt Switch|p2a: NEVER WOULD CHANGE
|-end|p2a: NEVER WOULD CHANGE|Substitute
|
|t:|1664024603
|switch|p1a: Foncecar|Slowbro, M|58/100|[from]move: Volt Switch
|move|p2a: NEVER WOULD CHANGE|Substitute|p2a: NEVER WOULD CHANGE
|-start|p2a: NEVER WOULD CHANGE|Substitute
|-damage|p2a: NEVER WOULD CHANGE|51/100
|
|-weather|Sandstorm|[upkeep]
|-damage|p2a: NEVER WOULD CHANGE|45/100|[from] Sandstorm
|-damage|p1a: Foncecar|52/100|[from] Sandstorm
|-end|p2a: NEVER WOULD CHANGE|move: Future Sight
|-supereffective|p2a: NEVER WOULD CHANGE
|-end|p2a: NEVER WOULD CHANGE|Substitute
|-heal|p2a: NEVER WOULD CHANGE|51/100|[from] item: Leftovers
|upkeep
|turn|7
|
|t:|1664024616
|move|p2a: NEVER WOULD CHANGE|Drain Punch|p1a: Foncecar
|-resisted|p1a: Foncecar
|-damage|p1a: Foncecar|30/100
|-heal|p2a: NEVER WOULD CHANGE|61/100|[from] drain|[of] p1a: Foncecar
|-damage|p2a: NEVER WOULD CHANGE|44/100|[from] item: Rocky Helmet|[of] p1a: Foncecar
|move|p1a: Foncecar|Scald|p2a: NEVER WOULD CHANGE
|-damage|p2a: NEVER WOULD CHANGE|10/100
|
|-weather|Sandstorm|[upkeep]
|-damage|p2a: NEVER WOULD CHANGE|3/100|[from] Sandstorm
|-damage|p1a: Foncecar|24/100|[from] Sandstorm
|-heal|p2a: NEVER WOULD CHANGE|10/100|[from] item: Leftovers
|upkeep
|turn|8
|
|t:|1664024630
|switch|p1a: Achilles|Zapdos|94/100
|move|p2a: NEVER WOULD CHANGE|Earthquake|p1a: Achilles
|-immune|p1a: Achilles
|
|-weather|none
|-heal|p2a: NEVER WOULD CHANGE|16/100|[from] item: Leftovers
|upkeep
|turn|9
|
|t:|1664024637
|switch|p2a: SLIMEBALL|Gastrodon, F|100/100
|move|p1a: Achilles|Hurricane|p2a: SLIMEBALL
|-damage|p2a: SLIMEBALL|64/100
|
|-heal|p2a: SLIMEBALL|70/100|[from] item: Leftovers
|upkeep
|turn|10
|
|t:|1664024645
|move|p1a: Achilles|Hurricane|p2a: SLIMEBALL
|-damage|p2a: SLIMEBALL|35/100
|-start|p2a: SLIMEBALL|confusion
|-activate|p2a: SLIMEBALL|confusion
|move|p2a: SLIMEBALL|Toxic|p1a: Achilles
|-status|p1a: Achilles|tox
|
|-heal|p2a: SLIMEBALL|42/100|[from] item: Leftovers
|-damage|p1a: Achilles|88/100 tox|[from] psn
|upkeep
|turn|11
|
|t:|1664024656
|switch|p1a: Bernard Tapie|Hippowdon, M|100/100
|-weather|Sandstorm|[from] ability: Sand Stream|[of] p1a: Bernard Tapie
|switch|p2a: DAY1 BROTHER|Heatran, F|100/100
|
|-weather|Sandstorm|[upkeep]
|upkeep
|turn|12
|
|t:|1664024666
|switch|p2a: BROTHERDEM|Tornadus-Therian, M|100/100
|move|p1a: Bernard Tapie|Earthquake|p2a: BROTHERDEM
|-immune|p2a: BROTHERDEM
|
|-weather|Sandstorm|[upkeep]
|-damage|p2a: BROTHERDEM|94/100|[from] Sandstorm
|upkeep
|turn|13
|
|t:|1664024672
|move|p2a: BROTHERDEM|Hurricane|p1a: Bernard Tapie
|-damage|p1a: Bernard Tapie|47/100
|move|p1a: Bernard Tapie|Stealth Rock|p2a: BROTHERDEM
|-sidestart|p2: sack2005|move: Stealth Rock
|
|-weather|Sandstorm|[upkeep]
|-damage|p2a: BROTHERDEM|88/100|[from] Sandstorm
|upkeep
|turn|14
|
|t:|1664024682
|switch|p1a: Mao|Tyranitar, M|100/100
|move|p2a: BROTHERDEM|Defog|p1a: Mao
|-unboost|p1a: Mao|evasion|1
|-sideend|p2: sack2005|Stealth Rock|[from] move: Defog|[of] p2a: BROTHERDEM
|
|-weather|Sandstorm|[upkeep]
|-damage|p2a: BROTHERDEM|82/100|[from] Sandstorm
|upkeep
|turn|15
|
|t:|1664024690
|move|p2a: BROTHERDEM|U-turn|p1a: Mao
|-supereffective|p1a: Mao
|-damage|p1a: Mao|71/100
|
|t:|1664024691
|switch|p2a: NEVER WOULD CHANGE|Bewear, F|16/100|[from]move: U-turn
|move|p1a: Mao|Ice Punch|p2a: NEVER WOULD CHANGE
|-crit|p2a: NEVER WOULD CHANGE
|-damage|p2a: NEVER WOULD CHANGE|0 fnt
|faint|p2a: NEVER WOULD CHANGE
|
|-weather|Sandstorm|[upkeep]
|upkeep
|
|t:|1664024702
|switch|p2a: REAL DRANK SIPPER|Gardevoir, F, shiny|100/100
|-ability|p2a: REAL DRANK SIPPER|Sand Stream|[from] ability: Trace|[of] p1a: Mao
|turn|16
|
|t:|1664024712
|switch|p1a: drill|Excadrill, M|100/100
|move|p2a: REAL DRANK SIPPER|Trick|p1a: drill
|-activate|p2a: REAL DRANK SIPPER|move: Trick|[of] p1a: drill
|-item|p1a: drill|Choice Specs|[from] move: Trick
|-item|p2a: REAL DRANK SIPPER|Life Orb|[from] move: Trick
|
|-weather|Sandstorm|[upkeep]
|-damage|p2a: REAL DRANK SIPPER|94/100|[from] Sandstorm
|upkeep
|turn|17
|
|t:|1664024726
|switch|p2a: BROTHERDEM|Tornadus-Therian, M|100/100
|move|p1a: drill|Iron Head|p2a: BROTHERDEM
|-damage|p2a: BROTHERDEM|50/100
|
|-weather|Sandstorm|[upkeep]
|-damage|p2a: BROTHERDEM|44/100|[from] Sandstorm
|upkeep
|turn|18
|
|t:|1664024736
|switch|p1a: Foncecar|Slowbro, M|57/100
|switch|p2a: DAY1 BROTHER|Heatran, F|100/100
|
|-weather|none
|upkeep
|turn|19
|
|t:|1664024744
|move|p2a: DAY1 BROTHER|Toxic|p1a: Foncecar
|-status|p1a: Foncecar|tox
|move|p1a: Foncecar|Future Sight|p2a: DAY1 BROTHER
|-start|p1a: Foncecar|move: Future Sight
|
|-damage|p1a: Foncecar|51/100 tox|[from] psn
|upkeep
|turn|20
|
|t:|1664024750
|move|p2a: DAY1 BROTHER|Stealth Rock|p1a: Foncecar
|-sidestart|p1: Mutako Z|move: Stealth Rock
|move|p1a: Foncecar|Teleport|p1a: Foncecar
|
|t:|1664024753
|switch|p1a: Bernard Tapie|Hippowdon, M|47/100|[from]move: Teleport
|-damage|p1a: Bernard Tapie|40/100|[from] Stealth Rock
|-weather|Sandstorm|[from] ability: Sand Stream|[of] p1a: Bernard Tapie
|
|-weather|Sandstorm|[upkeep]
|upkeep
|turn|21
|
|t:|1664024762
|switch|p2a: BROTHERDEM|Tornadus-Therian, M|77/100
|switch|p1a: Achilles|Zapdos|88/100 tox
|
|-weather|Sandstorm|[upkeep]
|-damage|p2a: BROTHERDEM|71/100|[from] Sandstorm
|-damage|p1a: Achilles|82/100 tox|[from] Sandstorm
|-end|p2a: BROTHERDEM|move: Future Sight
|-damage|p2a: BROTHERDEM|15/100
|-damage|p1a: Achilles|75/100 tox|[from] psn
|upkeep
|turn|22
|
|t:|1664024774
|switch|p2a: SLIMEBALL|Gastrodon, F|42/100
|move|p1a: Achilles|Defog|p2a: SLIMEBALL
|-unboost|p2a: SLIMEBALL|evasion|1
|-sideend|p1: Mutako Z|Stealth Rock|[from] move: Defog|[of] p1a: Achilles
|
|-weather|Sandstorm|[upkeep]
|-damage|p1a: Achilles|69/100 tox|[from] Sandstorm
|-heal|p2a: SLIMEBALL|48/100|[from] item: Leftovers
|-damage|p1a: Achilles|57/100 tox|[from] psn
|upkeep
|turn|23
|
|t:|1664024783
|move|p1a: Achilles|Hurricane|p2a: SLIMEBALL
|-damage|p2a: SLIMEBALL|14/100
|move|p2a: SLIMEBALL|Recover|p2a: SLIMEBALL
|-heal|p2a: SLIMEBALL|64/100
|
|-weather|Sandstorm|[upkeep]
|-damage|p1a: Achilles|50/100 tox|[from] Sandstorm
|-heal|p2a: SLIMEBALL|70/100|[from] item: Leftovers
|-damage|p1a: Achilles|32/100 tox|[from] psn
|upkeep
|turn|24
|
|t:|1664024794
|switch|p1a: Bernard Tapie|Hippowdon, M|40/100
|move|p2a: SLIMEBALL|Earth Power|p1a: Bernard Tapie
|-damage|p1a: Bernard Tapie|10/100
|
|-weather|Sandstorm|[upkeep]
|-heal|p2a: SLIMEBALL|76/100|[from] item: Leftovers
|upkeep
|turn|25
|
|t:|1664024805
|move|p1a: Bernard Tapie|Toxic|p2a: SLIMEBALL
|-status|p2a: SLIMEBALL|tox
|move|p2a: SLIMEBALL|Scald|p1a: Bernard Tapie
|-supereffective|p1a: Bernard Tapie
|-damage|p1a: Bernard Tapie|0 fnt
|faint|p1a: Bernard Tapie
|
|-weather|Sandstorm|[upkeep]
|-heal|p2a: SLIMEBALL|82/100 tox|[from] item: Leftovers
|-damage|p2a: SLIMEBALL|76/100 tox|[from] psn
|upkeep
|
|t:|1664024815
|switch|p1a: Foncecar|Slowbro, M|85/100 tox
|turn|26
|
|t:|1664024825
|switch|p2a: DAY1 BROTHER|Heatran, F|100/100
|move|p1a: Foncecar|Future Sight|p2a: DAY1 BROTHER
|-start|p1a: Foncecar|move: Future Sight
|
|-weather|Sandstorm|[upkeep]
|-damage|p1a: Foncecar|78/100 tox|[from] Sandstorm
|-damage|p1a: Foncecar|72/100 tox|[from] psn
|upkeep
|turn|27
|
|t:|1664024832
|move|p2a: DAY1 BROTHER|Stealth Rock|p1a: Foncecar
|-sidestart|p1: Mutako Z|move: Stealth Rock
|move|p1a: Foncecar|Scald|p2a: DAY1 BROTHER
|-supereffective|p2a: DAY1 BROTHER
|-damage|p2a: DAY1 BROTHER|63/100
|
|-weather|none
|-heal|p2a: DAY1 BROTHER|69/100|[from] item: Leftovers
|-damage|p1a: Foncecar|60/100 tox|[from] psn
|upkeep
|turn|28
|
|t:|1664024843
|move|p2a: DAY1 BROTHER|Earth Power|p1a: Foncecar
|-damage|p1a: Foncecar|31/100 tox
|move|p1a: Foncecar|Teleport|p1a: Foncecar
|
|t:|1664024846
|switch|p1a: Mao|Tyranitar, M|71/100|[from]move: Teleport
|-damage|p1a: Mao|59/100|[from] Stealth Rock
|-weather|Sandstorm|[from] ability: Sand Stream|[of] p1a: Mao
|
|-weather|Sandstorm|[upkeep]
|-end|p2a: DAY1 BROTHER|move: Future Sight
|-resisted|p2a: DAY1 BROTHER
|-damage|p2a: DAY1 BROTHER|55/100
|-heal|p2a: DAY1 BROTHER|62/100|[from] item: Leftovers
|upkeep
|turn|29
|
|t:|1664024856
|switch|p2a: SLIMEBALL|Gastrodon, F|76/100 tox
|move|p1a: Mao|Stone Edge|p2a: SLIMEBALL
|-resisted|p2a: SLIMEBALL
|-damage|p2a: SLIMEBALL|47/100 tox
|
|-weather|Sandstorm|[upkeep]
|-heal|p2a: SLIMEBALL|53/100 tox|[from] item: Leftovers
|-damage|p2a: SLIMEBALL|47/100 tox|[from] psn
|upkeep
|turn|30
|
|t:|1664024867
|move|p1a: Mao|Earthquake|p2a: SLIMEBALL
|-damage|p2a: SLIMEBALL|9/100 tox
|move|p2a: SLIMEBALL|Recover|p2a: SLIMEBALL
|-heal|p2a: SLIMEBALL|59/100 tox
|
|-weather|Sandstorm|[upkeep]
|-heal|p2a: SLIMEBALL|65/100 tox|[from] item: Leftovers
|-damage|p2a: SLIMEBALL|53/100 tox|[from] psn
|upkeep
|turn|31
|
|t:|1664024880
|switch|p2a: DAY1 BROTHER|Heatran, F|62/100
|move|p1a: Mao|Stone Edge|p2a: DAY1 BROTHER
|-damage|p2a: DAY1 BROTHER|13/100
|
|-weather|Sandstorm|[upkeep]
|-heal|p2a: DAY1 BROTHER|19/100|[from] item: Leftovers
|upkeep
|turn|32
|
|t:|1664024887
|move|p1a: Mao|Earthquake|p2a: DAY1 BROTHER
|-supereffective|p2a: DAY1 BROTHER
|-damage|p2a: DAY1 BROTHER|0 fnt
|faint|p2a: DAY1 BROTHER
|
|-weather|none
|upkeep
|
|t:|1664024896
|switch|p2a: REAL DRANK SIPPER|Gardevoir, F, shiny|94/100
|-ability|p2a: REAL DRANK SIPPER|Sand Stream|[from] ability: Trace|[of] p1a: Mao
|-weather|Sandstorm|[from] ability: Sand Stream|[of] p2a: REAL DRANK SIPPER
|turn|33
|
|t:|1664024905
|switch|p1a: drill|Excadrill, M|100/100
|-damage|p1a: drill|97/100|[from] Stealth Rock
|move|p2a: REAL DRANK SIPPER|Moonblast|p1a: drill
|-resisted|p1a: drill
|-damage|p1a: drill|58/100
|-unboost|p1a: drill|spa|1
|-damage|p2a: REAL DRANK SIPPER|85/100|[from] item: Life Orb
|
|-weather|Sandstorm|[upkeep]
|-damage|p2a: REAL DRANK SIPPER|78/100|[from] Sandstorm
|upkeep
|turn|34
|
|t:|1664024917
|switch|p2a: SLIMEBALL|Gastrodon, F|53/100 tox
|move|p1a: drill|Iron Head|p2a: SLIMEBALL
|-resisted|p2a: SLIMEBALL
|-damage|p2a: SLIMEBALL|34/100 tox
|
|-weather|Sandstorm|[upkeep]
|-heal|p2a: SLIMEBALL|40/100 tox|[from] item: Leftovers
|-damage|p2a: SLIMEBALL|34/100 tox|[from] psn
|upkeep
|turn|35
|
|t:|1664024925
|move|p1a: drill|Iron Head|p2a: SLIMEBALL
|-resisted|p2a: SLIMEBALL
|-damage|p2a: SLIMEBALL|14/100 tox
|move|p2a: SLIMEBALL|Recover|p2a: SLIMEBALL
|-heal|p2a: SLIMEBALL|64/100 tox
|
|-weather|Sandstorm|[upkeep]
|-heal|p2a: SLIMEBALL|70/100 tox|[from] item: Leftovers
|-damage|p2a: SLIMEBALL|58/100 tox|[from] psn
|upkeep
|turn|36
|
|t:|1664024933
|move|p1a: drill|Iron Head|p2a: SLIMEBALL
|-resisted|p2a: SLIMEBALL
|-damage|p2a: SLIMEBALL|39/100 tox
|move|p2a: SLIMEBALL|Scald|p1a: drill
|-supereffective|p1a: drill
|-damage|p1a: drill|0 fnt
|faint|p1a: drill
|
|-weather|Sandstorm|[upkeep]
|-heal|p2a: SLIMEBALL|45/100 tox|[from] item: Leftovers
|-damage|p2a: SLIMEBALL|27/100 tox|[from] psn
|upkeep
|
|t:|1664024947
|switch|p1a: Swagzaer|Dracozolt|100/100
|-damage|p1a: Swagzaer|88/100|[from] Stealth Rock
|turn|37
|
|t:|1664024967
|switch|p2a: BROTHERDEM|Tornadus-Therian, M|48/100
|move|p1a: Swagzaer|Draco Meteor|p2a: BROTHERDEM
|-damage|p2a: BROTHERDEM|0 fnt
|-unboost|p1a: Swagzaer|spa|2
|faint|p2a: BROTHERDEM
|-damage|p1a: Swagzaer|78/100|[from] item: Life Orb
|
|-weather|none
|upkeep
|
|t:|1664024974
|switch|p2a: REAL DRANK SIPPER|Gardevoir, F, shiny|78/100
|-ability|p2a: REAL DRANK SIPPER|Sand Rush|[from] ability: Trace|[of] p1a: Swagzaer
|turn|38
|
|t:|1664024980
|switch|p1a: Foncecar|Slowbro, M|64/100 tox
|-damage|p1a: Foncecar|52/100 tox|[from] Stealth Rock
|move|p2a: REAL DRANK SIPPER|Moonblast|p1a: Foncecar
|-damage|p1a: Foncecar|0 fnt
|faint|p1a: Foncecar
|-damage|p2a: REAL DRANK SIPPER|69/100|[from] item: Life Orb
|
|upkeep
|
|t:|1664024988
|switch|p1a: Mao|Tyranitar, M|59/100
|-damage|p1a: Mao|47/100|[from] Stealth Rock
|-weather|Sandstorm|[from] ability: Sand Stream|[of] p1a: Mao
|turn|39
|
|t:|1664025005
|move|p2a: REAL DRANK SIPPER|Moonblast|p1a: Mao
|-supereffective|p1a: Mao
|-damage|p1a: Mao|0 fnt
|faint|p1a: Mao
|-damage|p2a: REAL DRANK SIPPER|59/100|[from] item: Life Orb
|
|-weather|Sandstorm|[upkeep]
|upkeep
|
|t:|1664025012
|switch|p1a: Swagzaer|Dracozolt|78/100
|-damage|p1a: Swagzaer|66/100|[from] Stealth Rock
|turn|40
|c|☆sack2005|gg
|
|t:|1664025016
|move|p2a: REAL DRANK SIPPER|Moonblast|p1a: Swagzaer
|-supereffective|p1a: Swagzaer
|-damage|p1a: Swagzaer|0 fnt
|faint|p1a: Swagzaer
|-damage|p2a: REAL DRANK SIPPER|49/100|[from] item: Life Orb
|
|-weather|Sandstorm|[upkeep]
|upkeep
|
|t:|1664025025
|switch|p1a: Achilles|Zapdos|32/100 tox
|turn|41
|
|t:|1664025029
|move|p2a: REAL DRANK SIPPER|Moonblast|p1a: Achilles
|-damage|p1a: Achilles|0 fnt
|faint|p1a: Achilles
|-damage|p2a: REAL DRANK SIPPER|39/100|[from] item: Life Orb
|
|win|sack2005
|raw|Mutako Z's rating: 1519 &rarr; <strong>1502</strong><br />(-17 for losing)
|raw|sack2005's rating: 1574 &rarr; <strong>1591</strong><br />(+17 for winning)
|l|☆Mutako Z
||Ladder isn't responding, score probably updated but might not have (Request timeout).
