|raw|<div class="broadcast-blue"><strong>This battle is required to be public due to a player having a name starting with 'lt92pf'.</div>
|j|‽LT92PF Sagordo
|j|‽BLOODCLAT
|t:|1660052205
|gametype|singles
|player|p1|LT92PF Sagordo|170|2012
|player|p2|BLOODCLAT|hoopster|1987
|teamsize|p1|6
|teamsize|p2|6
|gen|8
|tier|[Gen 8] OU
|rated|
|rule|Sleep Clause Mod: Limit one foe put to sleep
|rule|Species Clause: Limit one of each Pokémon
|rule|OHKO Clause: OHKO moves are banned
|rule|Evasion Items Clause: Evasion items are banned
|rule|Evasion Moves Clause: Evasion moves are banned
|rule|Endless Battle Clause: Forcing endless battles is banned
|rule|HP Percentage Mod: HP is shown in percentages
|rule|Dynamax Clause: You cannot dynamax
|clearpoke
|poke|p1|Buzzwole|
|poke|p1|Excadrill, M|
|poke|p1|Ferrothorn, F|
|poke|p1|Slowbro, M|
|poke|p1|Tyranitar, F|
|poke|p1|Tornadus-Therian, M|
|poke|p2|Tyranitar, M|
|poke|p2|Clefable, M|
|poke|p2|Excadrill, M|
|poke|p2|Tangrowth, M|
|poke|p2|Slowking-Galar, M|
|poke|p2|Rotom-Wash|
|teampreview
|j| Blop_Le_Slime
|inactive|Battle timer is ON: inactive players will automatically lose when time's up. (requested by BLOODCLAT)
|
|t:|1660052225
|start
|switch|p1a: Tornadus|Tornadus-Therian, M|100/100
|switch|p2a: Clefable|Clefable, M|100/100
|turn|1
|
|t:|1660052230
|move|p1a: Tornadus|Knock Off|p2a: Clefable
|-resisted|p2a: Clefable
|-damage|p2a: Clefable|93/100
|-damage|p1a: Tornadus|84/100|[from] item: Rocky Helmet|[of] p2a: Clefable
|-enditem|p2a: Clefable|Rocky Helmet|[from] move: Knock Off|[of] p1a: Tornadus
|move|p2a: Clefable|Knock Off|p1a: Tornadus
|-damage|p1a: Tornadus|65/100
|-enditem|p1a: Tornadus|Heavy-Duty Boots|[from] move: Knock Off|[of] p2a: Clefable
|
|upkeep
|turn|2
|
|t:|1660052234
|move|p1a: Tornadus|U-turn|p2a: Clefable
|-resisted|p2a: Clefable
|-damage|p2a: Clefable|88/100
|
|t:|1660052238
|switch|p1a: Slowbro|Slowbro, M|100/100|[from]move: U-turn
|move|p2a: Clefable|Stealth Rock|p1a: Slowbro
|-sidestart|p1: LT92PF Sagordo|move: Stealth Rock
|
|upkeep
|turn|3
|
|t:|1660052240
|switch|p2a: Tyranitar|Tyranitar, M|100/100
|-weather|Sandstorm|[from] ability: Sand Stream|[of] p2a: Tyranitar
|move|p1a: Slowbro|Future Sight|p2a: Tyranitar
|-start|p1a: Slowbro|move: Future Sight
|
|-weather|Sandstorm|[upkeep]
|-damage|p1a: Slowbro|94/100|[from] Sandstorm
|upkeep
|turn|4
|j| garbos
|j| supahotnicememe
|j| vo1kna12
|j| playingaround987
|j| Offline
|l| playingaround987
|l| supahotnicememe
|j| fishous friend ☻
|j| LT92PF elcuob
|
|t:|1660052267
|move|p2a: Tyranitar|Fire Punch|p1a: Slowbro
|-resisted|p1a: Slowbro
|-damage|p1a: Slowbro|79/100
|move|p1a: Slowbro|Teleport|p1a: Slowbro
|j| dormir kkkk
|
|t:|1660052276
|switch|p1a: Tyranitar|Tyranitar, F|100/100|[from]move: Teleport
|-damage|p1a: Tyranitar|88/100|[from] Stealth Rock
|
|-weather|Sandstorm|[upkeep]
|upkeep
|turn|5
|l| dormir kkkk
|
|t:|1660052286
|switch|p2a: Rotom|Rotom-Wash|100/100
|move|p1a: Tyranitar|Superpower|p2a: Rotom
|-damage|p2a: Rotom|29/100
|-unboost|p1a: Tyranitar|atk|1
|-unboost|p1a: Tyranitar|def|1
|
|-weather|Sandstorm|[upkeep]
|-damage|p2a: Rotom|23/100|[from] Sandstorm
|-end|p2a: Rotom|move: Future Sight
|-damage|p2a: Rotom|0 fnt
|faint|p2a: Rotom
|upkeep
|
|t:|1660052288
|switch|p2a: Excadrill|Excadrill, M|100/100
|turn|6
|
|t:|1660052294
|switch|p2a: Slowking|Slowking-Galar, M|100/100
|switch|p1a: Buzzwole|Buzzwole|100/100
|-damage|p1a: Buzzwole|88/100|[from] Stealth Rock
|
|-weather|Sandstorm|[upkeep]
|-damage|p1a: Buzzwole|82/100|[from] Sandstorm
|-damage|p2a: Slowking|94/100|[from] Sandstorm
|-heal|p2a: Slowking|100/100|[from] item: Black Sludge
|upkeep
|turn|7
|j| lead woat
|
|t:|1660052302
|switch|p1a: Tornadus|Tornadus-Therian, M|99/100
|-damage|p1a: Tornadus|74/100|[from] Stealth Rock
|move|p2a: Slowking|Trick|p1a: Tornadus
|-activate|p2a: Slowking|move: Trick|[of] p1a: Tornadus
|-item|p1a: Tornadus|Black Sludge|[from] move: Trick
|-enditem|p2a: Slowking|Black Sludge|[silent]|[from] move: Trick
|
|-weather|none
|-damage|p1a: Tornadus|61/100|[from] item: Black Sludge
|upkeep
|turn|8
|
|t:|1660052308
|move|p1a: Tornadus|Defog|p2a: Slowking
|-unboost|p2a: Slowking|evasion|1
|-sideend|p1: LT92PF Sagordo|Stealth Rock|[from] move: Defog|[of] p1a: Tornadus
|move|p2a: Slowking|Sludge Bomb|p1a: Tornadus
|-damage|p1a: Tornadus|27/100
|
|-damage|p1a: Tornadus|15/100|[from] item: Black Sludge
|upkeep
|turn|9
|
|t:|1660052313
|switch|p1a: Slowbro|Slowbro, M|100/100
|switch|p2a: Tangrowth|Tangrowth, M|100/100
|
|upkeep
|turn|10
|
|t:|1660052314
|move|p2a: Tangrowth|Sleep Powder|p1a: Slowbro
|-status|p1a: Slowbro|slp|[from] move: Sleep Powder
|cant|p1a: Slowbro|slp
|
|upkeep
|turn|11
|
|t:|1660052320
|switch|p2a: Tyranitar|Tyranitar, M|100/100
|-weather|Sandstorm|[from] ability: Sand Stream|[of] p2a: Tyranitar
|switch|p1a: Tornadus|Tornadus-Therian, M|48/100
|
|-weather|Sandstorm|[upkeep]
|-damage|p1a: Tornadus|42/100|[from] Sandstorm
|-damage|p1a: Tornadus|30/100|[from] item: Black Sludge
|upkeep
|turn|12
|
|t:|1660052323
|move|p1a: Tornadus|Toxic|p2a: Tyranitar
|-status|p2a: Tyranitar|tox
|move|p2a: Tyranitar|Fire Punch|p1a: Tornadus
|-damage|p1a: Tornadus|0 fnt
|faint|p1a: Tornadus
|
|-weather|Sandstorm|[upkeep]
|-damage|p2a: Tyranitar|94/100 tox|[from] psn
|upkeep
|
|t:|1660052333
|switch|p1a: Slowbro|Slowbro, M|100/100 slp
|turn|13
|
|t:|1660052337
|switch|p2a: Clefable|Clefable, M|88/100
|-curestatus|p1a: Slowbro|slp|[msg]
|move|p1a: Slowbro|Future Sight|p2a: Clefable
|-start|p1a: Slowbro|move: Future Sight
|
|-weather|Sandstorm|[upkeep]
|-damage|p1a: Slowbro|94/100|[from] Sandstorm
|upkeep
|turn|14
|
|t:|1660052340
|switch|p1a: Tyranitar|Tyranitar, F|88/100
|move|p2a: Clefable|Stealth Rock|p1a: Tyranitar
|-sidestart|p1: LT92PF Sagordo|move: Stealth Rock
|
|-weather|Sandstorm|[upkeep]
|upkeep
|turn|15
|j| HereForFrens
|
|t:|1660052345
|move|p1a: Tyranitar|Heavy Slam|p2a: Clefable
|-supereffective|p2a: Clefable
|-damage|p2a: Clefable|0 fnt
|faint|p2a: Clefable
|
|-weather|none
|-hint|Future Sight did not hit because the target is fainted.
|upkeep
|j| Ahsan-219
|
|t:|1660052353
|switch|p2a: Slowking|Slowking-Galar, M|100/100
|turn|16
|j| RNN YasuKe
|j| Noob Killah
|
|t:|1660052359
|switch|p1a: Slowbro|Slowbro, M|100/100
|move|p2a: Slowking|Nasty Plot|p2a: Slowking
|-boost|p2a: Slowking|spa|2
|
|upkeep
|turn|17
|
|t:|1660052363
|move|p2a: Slowking|Sludge Bomb|p1a: Slowbro
|-damage|p1a: Slowbro|42/100
|move|p1a: Slowbro|Teleport|p1a: Slowbro
|
|t:|1660052368
|switch|p1a: Tyranitar|Tyranitar, F|88/100|[from]move: Teleport
|-damage|p1a: Tyranitar|76/100|[from] Stealth Rock
|-weather|Sandstorm|[from] ability: Sand Stream|[of] p1a: Tyranitar
|
|-weather|Sandstorm|[upkeep]
|-damage|p2a: Slowking|94/100|[from] Sandstorm
|upkeep
|turn|18
|
|t:|1660052371
|switch|p2a: Tangrowth|Tangrowth, M|100/100
|move|p1a: Tyranitar|Crunch|p2a: Tangrowth
|-damage|p2a: Tangrowth|65/100
|-damage|p1a: Tyranitar|59/100|[from] item: Rocky Helmet|[of] p2a: Tangrowth
|
|-weather|Sandstorm|[upkeep]
|-damage|p2a: Tangrowth|59/100|[from] Sandstorm
|upkeep
|turn|19
|j| JiminyRickets
|j| Seleukus
|
|t:|1660052376
|switch|p1a: Ferrothorn|Ferrothorn, F|100/100
|-damage|p1a: Ferrothorn|95/100|[from] Stealth Rock
|switch|p2a: Slowking|Slowking-Galar, M|100/100
|
|-weather|Sandstorm|[upkeep]
|-damage|p2a: Slowking|94/100|[from] Sandstorm
|-heal|p1a: Ferrothorn|100/100|[from] item: Leftovers
|upkeep
|turn|20
|
|t:|1660052379
|move|p2a: Slowking|Trick|p1a: Ferrothorn
|-activate|p2a: Slowking|move: Trick|[of] p1a: Ferrothorn
|-enditem|p1a: Ferrothorn|Leftovers|[silent]|[from] move: Trick
|-item|p2a: Slowking|Leftovers|[from] move: Trick
|move|p1a: Ferrothorn|Stealth Rock|p2a: Slowking
|-sidestart|p2: BLOODCLAT|move: Stealth Rock
|
|-weather|Sandstorm|[upkeep]
|-damage|p2a: Slowking|88/100|[from] Sandstorm
|-heal|p2a: Slowking|94/100|[from] item: Leftovers
|upkeep
|turn|21
|j| LT92PF PDC
|j| KFC Chizza
|
|t:|1660052390
|switch|p1a: Excadrill|Excadrill, M|100/100
|-damage|p1a: Excadrill|97/100|[from] Stealth Rock
|move|p2a: Slowking|Nasty Plot|p2a: Slowking
|-boost|p2a: Slowking|spa|2
|
|-weather|none
|-heal|p1a: Excadrill|100/100|[from] item: Leftovers
|-heal|p2a: Slowking|100/100|[from] item: Leftovers
|upkeep
|turn|22
|
|t:|1660052392
|move|p1a: Excadrill|Earthquake|p2a: Slowking
|-supereffective|p2a: Slowking
|-crit|p2a: Slowking
|-damage|p2a: Slowking|0 fnt
|faint|p2a: Slowking
|
|upkeep
|
|t:|1660052397
|switch|p2a: Tangrowth|Tangrowth, M|92/100
|-damage|p2a: Tangrowth|80/100|[from] Stealth Rock
|turn|23
|
|t:|1660052410
|switch|p1a: Ferrothorn|Ferrothorn, F|100/100
|-damage|p1a: Ferrothorn|95/100|[from] Stealth Rock
|move|p2a: Tangrowth|Focus Blast|p1a: Ferrothorn
|-supereffective|p1a: Ferrothorn
|-damage|p1a: Ferrothorn|48/100
|
|upkeep
|turn|24
|
|t:|1660052415
|switch|p1a: Slowbro|Slowbro, M|75/100
|move|p2a: Tangrowth|Focus Blast|p1a: Slowbro
|-resisted|p1a: Slowbro
|-damage|p1a: Slowbro|62/100
|
|upkeep
|turn|25
|
|t:|1660052417
|move|p2a: Tangrowth|Sleep Powder|p1a: Slowbro
|-status|p1a: Slowbro|slp|[from] move: Sleep Powder
|cant|p1a: Slowbro|slp
|
|upkeep
|turn|26
|
|t:|1660052419
|move|p2a: Tangrowth|Giga Drain|p1a: Slowbro
|-supereffective|p1a: Slowbro
|-damage|p1a: Slowbro|11/100 slp
|-heal|p2a: Tangrowth|100/100|[from] drain|[of] p1a: Slowbro
|-curestatus|p1a: Slowbro|slp|[msg]
|move|p1a: Slowbro|Slack Off|p1a: Slowbro
|-heal|p1a: Slowbro|61/100
|
|upkeep
|turn|27
|
|t:|1660052425
|move|p2a: Tangrowth|Sleep Powder|p1a: Slowbro
|-status|p1a: Slowbro|slp|[from] move: Sleep Powder
|cant|p1a: Slowbro|slp
|
|upkeep
|turn|28
|j| Misterioussaint
|
|t:|1660052430
|switch|p1a: Buzzwole|Buzzwole|82/100
|-damage|p1a: Buzzwole|70/100|[from] Stealth Rock
|move|p2a: Tangrowth|Giga Drain|p1a: Buzzwole
|-resisted|p1a: Buzzwole
|-damage|p1a: Buzzwole|51/100
|
|upkeep
|turn|29
|l| LT92PF elcuob
|
|t:|1660052436
|move|p1a: Buzzwole|Roost|p1a: Buzzwole
|-heal|p1a: Buzzwole|100/100
|-singleturn|p1a: Buzzwole|move: Roost
|move|p2a: Tangrowth|Knock Off|p1a: Buzzwole
|-resisted|p1a: Buzzwole
|-damage|p1a: Buzzwole|95/100
|-damage|p2a: Tangrowth|84/100|[from] item: Rocky Helmet|[of] p1a: Buzzwole
|-enditem|p1a: Buzzwole|Rocky Helmet|[from] move: Knock Off|[of] p2a: Tangrowth
|
|upkeep
|turn|30
|
|t:|1660052441
|move|p1a: Buzzwole|Ice Punch|p2a: Tangrowth
|-supereffective|p2a: Tangrowth
|-damage|p2a: Tangrowth|56/100
|-damage|p1a: Buzzwole|78/100|[from] item: Rocky Helmet|[of] p2a: Tangrowth
|move|p2a: Tangrowth|Giga Drain|p1a: Buzzwole
|-resisted|p1a: Buzzwole
|-damage|p1a: Buzzwole|60/100
|-heal|p2a: Tangrowth|66/100|[from] drain|[of] p1a: Buzzwole
|
|upkeep
|turn|31
|
|t:|1660052444
|move|p1a: Buzzwole|Roost|p1a: Buzzwole
|-heal|p1a: Buzzwole|100/100
|-singleturn|p1a: Buzzwole|move: Roost
|move|p2a: Tangrowth|Giga Drain|p1a: Buzzwole
|-resisted|p1a: Buzzwole
|-damage|p1a: Buzzwole|80/100
|-heal|p2a: Tangrowth|76/100|[from] drain|[of] p1a: Buzzwole
|
|upkeep
|turn|32
|
|t:|1660052446
|move|p1a: Buzzwole|Ice Punch|p2a: Tangrowth
|-supereffective|p2a: Tangrowth
|-damage|p2a: Tangrowth|48/100
|-damage|p1a: Buzzwole|64/100|[from] item: Rocky Helmet|[of] p2a: Tangrowth
|move|p2a: Tangrowth|Giga Drain|p1a: Buzzwole
|-resisted|p1a: Buzzwole
|-damage|p1a: Buzzwole|44/100
|-heal|p2a: Tangrowth|58/100|[from] drain|[of] p1a: Buzzwole
|
|upkeep
|turn|33
|
|t:|1660052450
|move|p1a: Buzzwole|Roost|p1a: Buzzwole
|-heal|p1a: Buzzwole|94/100
|-singleturn|p1a: Buzzwole|move: Roost
|move|p2a: Tangrowth|Giga Drain|p1a: Buzzwole
|-resisted|p1a: Buzzwole
|-damage|p1a: Buzzwole|77/100
|-heal|p2a: Tangrowth|67/100|[from] drain|[of] p1a: Buzzwole
|
|upkeep
|turn|34
|j| LT92P Fever
|
|t:|1660052455
|move|p1a: Buzzwole|Ice Punch|p2a: Tangrowth
|-supereffective|p2a: Tangrowth
|-damage|p2a: Tangrowth|42/100
|-status|p2a: Tangrowth|frz
|-damage|p1a: Buzzwole|60/100|[from] item: Rocky Helmet|[of] p2a: Tangrowth
|-curestatus|p2a: Tangrowth|frz|[msg]
|move|p2a: Tangrowth|Giga Drain|p1a: Buzzwole
|-resisted|p1a: Buzzwole
|-damage|p1a: Buzzwole|41/100
|-heal|p2a: Tangrowth|52/100|[from] drain|[of] p1a: Buzzwole
|
|upkeep
|turn|35
|
|t:|1660052460
|switch|p2a: Tyranitar|Tyranitar, M|94/100 tox
|-damage|p2a: Tyranitar|82/100 tox|[from] Stealth Rock
|-weather|Sandstorm|[from] ability: Sand Stream|[of] p2a: Tyranitar
|move|p1a: Buzzwole|Roost|p1a: Buzzwole
|-heal|p1a: Buzzwole|92/100
|-singleturn|p1a: Buzzwole|move: Roost
|
|-weather|Sandstorm|[upkeep]
|-damage|p1a: Buzzwole|86/100|[from] Sandstorm
|-damage|p2a: Tyranitar|76/100 tox|[from] psn
|upkeep
|turn|36
|l| garbos
|
|t:|1660052467
|switch|p1a: Ferrothorn|Ferrothorn, F|48/100
|-damage|p1a: Ferrothorn|42/100|[from] Stealth Rock
|switch|p2a: Tangrowth|Tangrowth, M|86/100
|-damage|p2a: Tangrowth|73/100|[from] Stealth Rock
|
|-weather|Sandstorm|[upkeep]
|-damage|p2a: Tangrowth|67/100|[from] Sandstorm
|upkeep
|turn|37
|
|t:|1660052472
|switch|p1a: Buzzwole|Buzzwole|86/100
|-damage|p1a: Buzzwole|73/100|[from] Stealth Rock
|move|p2a: Tangrowth|Focus Blast|p1a: Buzzwole|[miss]
|-miss|p2a: Tangrowth|p1a: Buzzwole
|
|-weather|Sandstorm|[upkeep]
|-damage|p1a: Buzzwole|67/100|[from] Sandstorm
|-damage|p2a: Tangrowth|61/100|[from] Sandstorm
|upkeep
|turn|38
|
|t:|1660052478
|switch|p2a: Excadrill|Excadrill, M|100/100
|-damage|p2a: Excadrill|97/100|[from] Stealth Rock
|move|p1a: Buzzwole|Roost|p1a: Buzzwole
|-heal|p1a: Buzzwole|100/100
|-singleturn|p1a: Buzzwole|move: Roost
|
|-weather|Sandstorm|[upkeep]
|-damage|p1a: Buzzwole|94/100|[from] Sandstorm
|-heal|p2a: Excadrill|100/100|[from] item: Leftovers
|upkeep
|turn|39
|
|t:|1660052481
|move|p2a: Excadrill|Swords Dance|p2a: Excadrill
|-boost|p2a: Excadrill|atk|2
|move|p1a: Buzzwole|Earthquake|p2a: Excadrill
|-supereffective|p2a: Excadrill
|-damage|p2a: Excadrill|14/100
|
|-weather|none
|-heal|p2a: Excadrill|20/100|[from] item: Leftovers
|upkeep
|turn|40
|
|t:|1660052487
|move|p2a: Excadrill|Iron Head|p1a: Buzzwole
|-damage|p1a: Buzzwole|45/100
|move|p1a: Buzzwole|Earthquake|p2a: Excadrill
|-supereffective|p2a: Excadrill
|-damage|p2a: Excadrill|0 fnt
|faint|p2a: Excadrill
|-ability|p1a: Buzzwole|Beast Boost|boost
|-boost|p1a: Buzzwole|def|1
|
|upkeep
|
|t:|1660052491
|switch|p2a: Tyranitar|Tyranitar, M|76/100 tox
|-damage|p2a: Tyranitar|64/100 tox|[from] Stealth Rock
|-weather|Sandstorm|[from] ability: Sand Stream|[of] p2a: Tyranitar
|turn|41
|
|t:|1660052495
|move|p1a: Buzzwole|Earthquake|p2a: Tyranitar
|-supereffective|p2a: Tyranitar
|-damage|p2a: Tyranitar|0 fnt
|faint|p2a: Tyranitar
|-ability|p1a: Buzzwole|Beast Boost|boost
|-boost|p1a: Buzzwole|def|1
|
|-weather|Sandstorm|[upkeep]
|-damage|p1a: Buzzwole|39/100|[from] Sandstorm
|upkeep
|-message|BLOODCLAT forfeited.
|
|win|LT92PF Sagordo
|raw|LT92PF Sagordo's rating: 2012 &rarr; <strong>2031</strong><br />(+19 for winning)
|raw|BLOODCLAT's rating: 1987 &rarr; <strong>1968</strong><br />(-19 for losing)
|l|‽BLOODCLAT
|j| Tilt Puppet
|l| Offline
