|j|☆Kevinskie
|j|☆Highv0ltag3
|t:|1657219324
|gametype|singles
|player|p1|Kevinskie|102|1728
|player|p2|Highv0ltag3|volo|1793
|teamsize|p1|6
|teamsize|p2|6
|gen|8
|tier|[Gen 8] OU
|rated|
|rule|Sleep Clause Mod: Limit one foe put to sleep
|rule|Species Clause: Limit one of each Pokémon
|rule|OHKO Clause: OHKO moves are banned
|rule|Evasion Moves Clause: Evasion moves are banned
|rule|Endless Battle Clause: Forcing endless battles is banned
|rule|HP Percentage Mod: HP is shown in percentages
|rule|Dynamax Clause: You cannot dynamax
|clearpoke
|poke|p1|Slowbro, M|
|poke|p1|Weavile, M|
|poke|p1|Melmetal|
|poke|p1|Kartana|
|poke|p1|Blacephalon|
|poke|p1|Landorus-Therian, M|
|poke|p2|Mew|
|poke|p2|Heatran, M|
|poke|p2|Weavile, M|
|poke|p2|Skarmory, M|
|poke|p2|Garchomp, F|
|poke|p2|Regieleki|
|teampreview
|inactive|Battle timer is ON: inactive players will automatically lose when time's up. (requested by Highv0ltag3)
|
|t:|1657219337
|start
|switch|p1a: Kartana|Kartana|100/100
|switch|p2a: Skarmory|Skarmory, M|100/100
|turn|1
|
|t:|1657219345
|move|p1a: Kartana|Knock Off|p2a: Skarmory
|-damage|p2a: Skarmory|66/100
|-enditem|p2a: Skarmory|Custap Berry|[from] move: Knock Off|[of] p1a: Kartana
|move|p2a: Skarmory|Stealth Rock|p1a: Kartana
|-sidestart|p1: Kevinskie|move: Stealth Rock
|
|upkeep
|turn|2
|
|t:|1657219350
|switch|p1a: Landorus|Landorus-Therian, M|100/100
|-damage|p1a: Landorus|88/100|[from] Stealth Rock
|-ability|p1a: Landorus|Intimidate|boost
|-unboost|p2a: Skarmory|atk|1
|move|p2a: Skarmory|Spikes|p1a: Landorus
|-sidestart|p1: Kevinskie|Spikes
|
|-heal|p1a: Landorus|94/100|[from] item: Leftovers
|upkeep
|turn|3
|
|t:|1657219358
|move|p2a: Skarmory|Taunt|p1a: Landorus
|-start|p1a: Landorus|move: Taunt
|cant|p1a: Landorus|move: Taunt|Defog
|
|-heal|p1a: Landorus|99/100|[from] item: Leftovers
|upkeep
|turn|4
|j| CB Bhris Breezy
|j| PCCWVictorMa
|
|t:|1657219365
|move|p2a: Skarmory|Spikes|p1a: Landorus
|-sidestart|p1: Kevinskie|Spikes
|move|p1a: Landorus|U-turn|p2a: Skarmory
|-resisted|p2a: Skarmory
|-damage|p2a: Skarmory|62/100
|
|t:|1657219367
|switch|p1a: Slowbro|Slowbro, M|100/100|[from]move: U-turn
|
|upkeep
|turn|5
|
|t:|1657219370
|switch|p2a: Weavile|Weavile, M|100/100
|-ability|p2a: Weavile|Pressure
|move|p1a: Slowbro|Scald|p2a: Weavile
|-damage|p2a: Weavile|59/100
|
|upkeep
|turn|6
|
|t:|1657219377
|move|p2a: Weavile|Swords Dance|p2a: Weavile
|-boost|p2a: Weavile|atk|2
|move|p1a: Slowbro|Scald|p2a: Weavile
|-damage|p2a: Weavile|21/100
|
|upkeep
|turn|7
|
|t:|1657219400
|switch|p1a: Blacephalon|Blacephalon|100/100
|-damage|p1a: Blacephalon|76/100|[from] Stealth Rock
|-damage|p1a: Blacephalon|59/100|[from] Spikes
|move|p2a: Weavile|Knock Off|p1a: Blacephalon
|-supereffective|p1a: Blacephalon
|-damage|p1a: Blacephalon|0 fnt
|-enditem|p1a: Blacephalon|Choice Specs|[from] move: Knock Off|[of] p2a: Weavile
|faint|p1a: Blacephalon
|
|upkeep
|
|t:|1657219404
|switch|p1a: Kartana|Kartana|100/100
|-damage|p1a: Kartana|94/100|[from] Stealth Rock
|-damage|p1a: Kartana|78/100|[from] Spikes
|turn|8
|
|t:|1657219416
|switch|p2a: Skarmory|Skarmory, M|62/100
|move|p1a: Kartana|Sacred Sword|p2a: Skarmory
|-damage|p2a: Skarmory|28/100
|
|upkeep
|turn|9
|
|t:|1657219429
|switch|p2a: Mew|Mew|100/100
|move|p1a: Kartana|Sacred Sword|p2a: Mew
|-resisted|p2a: Mew
|-damage|p2a: Mew|82/100
|
|upkeep
|turn|10
|
|t:|1657219441
|switch|p1a: Slowbro|Slowbro, M|100/100
|move|p2a: Mew|Nasty Plot|p2a: Mew
|-boost|p2a: Mew|spa|2
|
|upkeep
|turn|11
|
|t:|1657219449
|switch|p2a: Regieleki|Regieleki|100/100
|move|p1a: Slowbro|Teleport|p1a: Slowbro
|
|t:|1657219452
|switch|p1a: Landorus|Landorus-Therian, M|99/100|[from]move: Teleport
|-damage|p1a: Landorus|88/100|[from] Stealth Rock
|-ability|p1a: Landorus|Intimidate|boost
|-unboost|p2a: Regieleki|atk|1
|
|-heal|p1a: Landorus|94/100|[from] item: Leftovers
|upkeep
|turn|12
|
|t:|1657219454
|move|p2a: Regieleki|Explosion|p1a: Landorus
|-damage|p1a: Landorus|65/100
|faint|p2a: Regieleki
|move|p1a: Landorus|Defog|p2: Regieleki|[notarget]
|-fail|p1a: Landorus
|
|-heal|p1a: Landorus|71/100|[from] item: Leftovers
|upkeep
|
|t:|1657219457
|switch|p2a: Weavile|Weavile, M|21/100
|-ability|p2a: Weavile|Pressure
|turn|13
|
|t:|1657219465
|switch|p1a: Kartana|Kartana|78/100
|-damage|p1a: Kartana|72/100|[from] Stealth Rock
|-damage|p1a: Kartana|55/100|[from] Spikes
|move|p2a: Weavile|Triple Axel|p1a: Kartana
|-damage|p1a: Kartana|45/100
|-damage|p1a: Kartana|23/100
|-damage|p1a: Kartana|0 fnt
|faint|p1a: Kartana
|-hitcount|p1: Kartana|3
|
|upkeep
|
|t:|1657219477
|switch|p1a: Weavile|Weavile, M|100/100
|-damage|p1a: Weavile|76/100|[from] Stealth Rock
|-damage|p1a: Weavile|59/100|[from] Spikes
|-ability|p1a: Weavile|Pressure
|turn|14
|
|t:|1657219483
|switch|p2a: Skarmory|Skarmory, M|28/100
|move|p1a: Weavile|Knock Off|p2a: Skarmory
|-damage|p2a: Skarmory|0 fnt
|faint|p2a: Skarmory
|
|upkeep
|j| Lawic
|
|t:|1657219498
|switch|p2a: Mew|Mew|82/100
|turn|15
|
|t:|1657219499
|move|p2a: Mew|Vacuum Wave|p1a: Weavile
|-supereffective|p1a: Weavile
|-damage|p1a: Weavile|0 fnt
|faint|p1a: Weavile
|-damage|p2a: Mew|72/100|[from] item: Life Orb
|
|upkeep
|
|t:|1657219505
|switch|p1a: Melmetal|Melmetal|100/100
|-damage|p1a: Melmetal|94/100|[from] Stealth Rock
|-damage|p1a: Melmetal|78/100|[from] Spikes
|turn|16
|
|t:|1657219510
|move|p2a: Mew|Vacuum Wave|p1a: Melmetal
|-supereffective|p1a: Melmetal
|-crit|p1a: Melmetal
|-damage|p1a: Melmetal|53/100
|-damage|p2a: Mew|62/100|[from] item: Life Orb
|move|p1a: Melmetal|Double Iron Bash|p2a: Mew
|-crit|p2a: Mew
|-damage|p2a: Mew|5/100
|-damage|p2a: Mew|0 fnt
|faint|p2a: Mew
|-hitcount|p2: Mew|2
|
|upkeep
|l| PCCWVictorMa
|
|t:|1657219511
|switch|p2a: Heatran|Heatran, M|100/100
|-item|p2a: Heatran|Air Balloon
|turn|17
|
|t:|1657219514
|move|p2a: Heatran|Eruption|p1a: Melmetal
|-supereffective|p1a: Melmetal
|-damage|p1a: Melmetal|0 fnt
|faint|p1a: Melmetal
|
|upkeep
|
|t:|1657219517
|switch|p1a: Slowbro|Slowbro, M|100/100
|turn|18
|
|t:|1657219519
|move|p2a: Heatran|Eruption|p1a: Slowbro
|-resisted|p1a: Slowbro
|-damage|p1a: Slowbro|59/100
|move|p1a: Slowbro|Scald|p2a: Heatran
|-supereffective|p2a: Heatran
|-damage|p2a: Heatran|42/100
|-enditem|p2a: Heatran|Air Balloon
|
|upkeep
|turn|19
|
|t:|1657219525
|move|p2a: Heatran|Magma Storm|p1a: Slowbro
|-resisted|p1a: Slowbro
|-damage|p1a: Slowbro|29/100
|-activate|p1a: Slowbro|move: Magma Storm|[of] p2a: Heatran
|move|p1a: Slowbro|Slack Off|p1a: Slowbro
|-heal|p1a: Slowbro|79/100
|
|-damage|p1a: Slowbro|67/100|[from] move: Magma Storm|[partiallytrapped]
|upkeep
|turn|20
|
|t:|1657219530
|move|p2a: Heatran|Earth Power|p1a: Slowbro
|-damage|p1a: Slowbro|30/100
|move|p1a: Slowbro|Slack Off|p1a: Slowbro
|-heal|p1a: Slowbro|80/100
|
|-damage|p1a: Slowbro|68/100|[from] move: Magma Storm|[partiallytrapped]
|upkeep
|turn|21
|
|t:|1657219532
|move|p2a: Heatran|Earth Power|p1a: Slowbro
|-crit|p1a: Slowbro
|-damage|p1a: Slowbro|11/100
|move|p1a: Slowbro|Slack Off|p1a: Slowbro
|-heal|p1a: Slowbro|61/100
|
|-damage|p1a: Slowbro|49/100|[from] move: Magma Storm|[partiallytrapped]
|upkeep
|turn|22
|
|t:|1657219536
|move|p2a: Heatran|Earth Power|p1a: Slowbro
|-damage|p1a: Slowbro|15/100
|move|p1a: Slowbro|Slack Off|p1a: Slowbro
|-heal|p1a: Slowbro|65/100
|
|-damage|p1a: Slowbro|52/100|[from] move: Magma Storm|[partiallytrapped]
|upkeep
|turn|23
|
|t:|1657219540
|move|p2a: Heatran|Earth Power|p1a: Slowbro
|-damage|p1a: Slowbro|16/100
|move|p1a: Slowbro|Slack Off|p1a: Slowbro
|-heal|p1a: Slowbro|66/100
|
|-end|p1a: Slowbro|Magma Storm|[partiallytrapped]
|upkeep
|turn|24
|
|t:|1657219547
|move|p2a: Heatran|Earth Power|p1a: Slowbro
|-damage|p1a: Slowbro|32/100
|move|p1a: Slowbro|Slack Off|p1a: Slowbro
|-heal|p1a: Slowbro|82/100
|
|upkeep
|turn|25
|
|t:|1657219551
|move|p2a: Heatran|Earth Power|p1a: Slowbro
|-crit|p1a: Slowbro
|-damage|p1a: Slowbro|29/100
|move|p1a: Slowbro|Slack Off|p1a: Slowbro
|-heal|p1a: Slowbro|79/100
|
|upkeep
|turn|26
|
|t:|1657219555
|move|p2a: Heatran|Magma Storm|p1a: Slowbro
|-resisted|p1a: Slowbro
|-damage|p1a: Slowbro|49/100
|-activate|p1a: Slowbro|move: Magma Storm|[of] p2a: Heatran
|move|p1a: Slowbro|Slack Off|p1a: Slowbro
|-heal|p1a: Slowbro|99/100
|
|-damage|p1a: Slowbro|86/100|[from] move: Magma Storm|[partiallytrapped]
|upkeep
|turn|27
|
|t:|1657219559
|move|p2a: Heatran|Earth Power|p1a: Slowbro
|-damage|p1a: Slowbro|52/100
|move|p1a: Slowbro|Scald|p2a: Heatran
|-supereffective|p2a: Heatran
|-damage|p2a: Heatran|0 fnt
|faint|p2a: Heatran
|
|-end|p1a: Slowbro|Magma Storm|[partiallytrapped]|[silent]
|upkeep
|
|t:|1657219561
|switch|p2a: Weavile|Weavile, M|21/100
|-ability|p2a: Weavile|Pressure
|turn|28
|
|t:|1657219565
|switch|p1a: Landorus|Landorus-Therian, M|71/100
|-damage|p1a: Landorus|59/100|[from] Stealth Rock
|-ability|p1a: Landorus|Intimidate|boost
|-unboost|p2a: Weavile|atk|1
|move|p2a: Weavile|Knock Off|p1a: Landorus
|-damage|p1a: Landorus|36/100
|-enditem|p1a: Landorus|Leftovers|[from] move: Knock Off|[of] p2a: Weavile
|
|upkeep
|turn|29
|
|t:|1657219571
|move|p2a: Weavile|Triple Axel|p1a: Landorus|[miss]
|-miss|p2a: Weavile|p1a: Landorus
|move|p1a: Landorus|Earthquake|p2a: Weavile
|-damage|p2a: Weavile|0 fnt
|faint|p2a: Weavile
|
|upkeep
|
|t:|1657219572
|switch|p2a: Garchomp|Garchomp, F|100/100
|turn|30
|
|t:|1657219579
|move|p2a: Garchomp|Swords Dance|p2a: Garchomp
|-boost|p2a: Garchomp|atk|2
|move|p1a: Landorus|Earthquake|p2a: Garchomp
|-damage|p2a: Garchomp|50/100
|
|upkeep
|turn|31
|
|t:|1657219582
|move|p2a: Garchomp|Aqua Tail|p1a: Landorus
|-supereffective|p1a: Landorus
|-damage|p1a: Landorus|0 fnt
|faint|p1a: Landorus
|
|upkeep
|
|t:|1657219585
|switch|p1a: Slowbro|Slowbro, M|85/100
|turn|32
|
|t:|1657219589
|move|p2a: Garchomp|Earthquake|p1a: Slowbro
|-damage|p1a: Slowbro|21/100
|move|p1a: Slowbro|Scald|p2a: Garchomp
|-damage|p2a: Garchomp|19/100
|-enditem|p2a: Garchomp|Salac Berry|[eat]
|-boost|p2a: Garchomp|spe|1|[from] item: Salac Berry
|
|upkeep
|turn|33
|c|☆Highv0ltag3|Gg
|c|☆Highv0ltag3|Wp
|
|t:|1657219595
|move|p2a: Garchomp|Earthquake|p1a: Slowbro
|-damage|p1a: Slowbro|0 fnt
|faint|p1a: Slowbro
|
|win|Highv0ltag3
|raw|Kevinskie's rating: 1728 &rarr; <strong>1712</strong><br />(-16 for losing)
|raw|Highv0ltag3's rating: 1793 &rarr; <strong>1809</strong><br />(+16 for winning)
|c|☆Kevinskie|gg
