|j|☆LoSconosciuto
|j|☆Down$hift
|t:|1656254564
|gametype|singles
|player|p1|LoSconosciuto|#teamgapdos|1779
|player|p2|Down$hift|teamrocket|1752
|teamsize|p1|6
|teamsize|p2|6
|gen|8
|tier|[Gen 8] OU
|rated|
|rule|Sleep Clause Mod: Limit one foe put to sleep
|rule|Species Clause: Limit one of each Pokémon
|rule|OHKO Clause: OHKO moves are banned
|rule|Evasion Moves Clause: Evasion moves are banned
|rule|Endless Battle Clause: Forcing endless battles is banned
|rule|HP Percentage Mod: HP is shown in percentages
|rule|Dynamax Clause: You cannot dynamax
|clearpoke
|poke|p1|Landorus-Therian, M|
|poke|p1|Heatran, M|
|poke|p1|Gastrodon, M|
|poke|p1|Blacephalon|
|poke|p1|Clefable, M|
|poke|p1|Tornadus-Therian, M|
|poke|p2|Jolteon, M|
|poke|p2|Torkoal, M|
|poke|p2|Tapu Lele|
|poke|p2|Espeon, F|
|poke|p2|Polteageist-Antique|
|poke|p2|Cloyster, F|
|teampreview
|inactive|Battle timer is ON: inactive players will automatically lose when time's up. (requested by LoSconosciuto)
|c|☆Down$hift|Hf
|c|☆LoSconosciuto|hf
|
|t:|1656254580
|start
|switch|p1a: Tornadus|Tornadus-Therian, M|100/100
|switch|p2a: Canned Calamari|Tapu Lele|100/100
|-fieldstart|move: Psychic Terrain|[from] ability: Psychic Surge|[of] p2a: Canned Calamari
|turn|1
|
|t:|1656254587
|switch|p2a: Sakura|Espeon, F|100/100
|move|p1a: Tornadus|Knock Off|p2a: Sakura
|-supereffective|p2a: Sakura
|-damage|p2a: Sakura|44/100
|-enditem|p2a: Sakura|Eject Button|[from] move: Knock Off|[of] p1a: Tornadus
|
|upkeep
|turn|2
|
|t:|1656254602
|move|p2a: Sakura|Yawn|p1a: Tornadus
|-start|p1a: Tornadus|move: Yawn|[of] p2a: Sakura
|move|p1a: Tornadus|U-turn|p2a: Sakura
|-supereffective|p2a: Sakura
|-damage|p2a: Sakura|0 fnt
|faint|p2a: Sakura
|
|t:|1656254615
|switch|p1a: Heatran|Heatran, M|100/100|[from]move: U-turn
|-item|p1a: Heatran|Air Balloon
|
|upkeep
|j| 50 at max
|
|t:|1656254629
|switch|p2a: Canned Calamari|Tapu Lele|100/100
|turn|3
|
|t:|1656254639
|switch|p1a: Tornadus|Tornadus-Therian, M|100/100
|move|p2a: Canned Calamari|Taunt|p1a: Tornadus
|-start|p1a: Tornadus|move: Taunt
|
|upkeep
|turn|4
|
|t:|1656254647
|switch|p2a: Master Oogway|Torkoal, M|100/100
|-weather|SunnyDay|[from] ability: Drought|[of] p2a: Master Oogway
|move|p1a: Tornadus|Knock Off|p2a: Master Oogway
|-damage|p2a: Master Oogway|89/100
|-enditem|p2a: Master Oogway|Eject Pack|[from] move: Knock Off|[of] p1a: Tornadus
|
|-weather|SunnyDay|[upkeep]
|upkeep
|turn|5
|
|t:|1656254665
|move|p1a: Tornadus|U-turn|p2a: Master Oogway
|-resisted|p2a: Master Oogway
|-damage|p2a: Master Oogway|85/100
|
|t:|1656254669
|switch|p1a: Heatran|Heatran, M|100/100|[from]move: U-turn
|-item|p1a: Heatran|Air Balloon
|move|p2a: Master Oogway|Stealth Rock|p1a: Heatran
|-sidestart|p1: LoSconosciuto|move: Stealth Rock
|
|-weather|SunnyDay|[upkeep]
|upkeep
|turn|6
|
|t:|1656254679
|switch|p2a: Canned Calamari|Tapu Lele|100/100
|move|p1a: Heatran|Eruption|p2a: Canned Calamari
|-damage|p2a: Canned Calamari|0 fnt
|faint|p2a: Canned Calamari
|
|-weather|SunnyDay|[upkeep]
|upkeep
|j| paolode99☭
|
|t:|1656254702
|switch|p2a: Mega Ghastly|Cloyster, F|100/100
|turn|7
|j| xiao123
|
|t:|1656254705
|move|p1a: Heatran|Magma Storm|p2a: Mega Ghastly|[miss]
|-miss|p1a: Heatran|p2a: Mega Ghastly
|move|p2a: Mega Ghastly|Shell Smash|p2a: Mega Ghastly
|-unboost|p2a: Mega Ghastly|def|1
|-unboost|p2a: Mega Ghastly|spd|1
|-boost|p2a: Mega Ghastly|atk|2
|-boost|p2a: Mega Ghastly|spa|2
|-boost|p2a: Mega Ghastly|spe|2
|
|-weather|SunnyDay|[upkeep]
|upkeep
|turn|8
|
|t:|1656254721
|switch|p1a: Gastrodon|Gastrodon, M|100/100
|-damage|p1a: Gastrodon|94/100|[from] Stealth Rock
|move|p2a: Mega Ghastly|Rock Blast|p1a: Gastrodon
|-resisted|p1a: Gastrodon
|-damage|p1a: Gastrodon|87/100
|-resisted|p1a: Gastrodon
|-damage|p1a: Gastrodon|79/100
|-resisted|p1a: Gastrodon
|-damage|p1a: Gastrodon|71/100
|-resisted|p1a: Gastrodon
|-damage|p1a: Gastrodon|63/100
|-resisted|p1a: Gastrodon
|-damage|p1a: Gastrodon|56/100
|-hitcount|p1a: Gastrodon|5
|
|-weather|none
|-heal|p1a: Gastrodon|62/100|[from] item: Leftovers
|-fieldend|move: Psychic Terrain
|upkeep
|turn|9
|
|t:|1656254732
|move|p2a: Mega Ghastly|Icicle Spear|p1a: Gastrodon
|-damage|p1a: Gastrodon|39/100
|-damage|p1a: Gastrodon|16/100
|-damage|p1a: Gastrodon|0 fnt
|faint|p1a: Gastrodon
|-hitcount|p1: Gastrodon|3
|
|upkeep
|
|t:|1656254737
|switch|p1a: Clefable|Clefable, M|100/100
|turn|10
|
|t:|1656254741
|move|p2a: Mega Ghastly|Icicle Spear|p1a: Clefable
|-damage|p1a: Clefable|91/100
|-damage|p1a: Clefable|83/100
|-damage|p1a: Clefable|74/100
|-damage|p1a: Clefable|66/100
|-damage|p1a: Clefable|57/100
|-hitcount|p1a: Clefable|5
|move|p1a: Clefable|Moonblast|p2a: Mega Ghastly
|-damage|p2a: Mega Ghastly|18/100
|
|upkeep
|turn|11
|
|t:|1656254746
|move|p2a: Mega Ghastly|Icicle Spear|p1a: Clefable
|-damage|p1a: Clefable|48/100
|-damage|p1a: Clefable|39/100
|-damage|p1a: Clefable|31/100
|-damage|p1a: Clefable|22/100
|-damage|p1a: Clefable|13/100
|-hitcount|p1a: Clefable|5
|move|p1a: Clefable|Soft-Boiled|p1a: Clefable
|-heal|p1a: Clefable|63/100
|
|upkeep
|turn|12
|
|t:|1656254751
|move|p2a: Mega Ghastly|Icicle Spear|p1a: Clefable
|-damage|p1a: Clefable|55/100
|-damage|p1a: Clefable|46/100
|-damage|p1a: Clefable|36/100
|-damage|p1a: Clefable|28/100
|-damage|p1a: Clefable|19/100
|-hitcount|p1a: Clefable|5
|move|p1a: Clefable|Soft-Boiled|p1a: Clefable
|-heal|p1a: Clefable|69/100
|
|upkeep
|turn|13
|
|t:|1656254754
|move|p2a: Mega Ghastly|Icicle Spear|p1a: Clefable
|-damage|p1a: Clefable|59/100
|-damage|p1a: Clefable|50/100
|-damage|p1a: Clefable|42/100
|-damage|p1a: Clefable|32/100
|-damage|p1a: Clefable|24/100
|-hitcount|p1a: Clefable|5
|move|p1a: Clefable|Soft-Boiled|p1a: Clefable
|-heal|p1a: Clefable|74/100
|
|upkeep
|turn|14
|j| Ciro napoli
|
|t:|1656254758
|move|p2a: Mega Ghastly|Icicle Spear|p1a: Clefable
|-damage|p1a: Clefable|64/100
|-damage|p1a: Clefable|56/100
|-crit|p1a: Clefable
|-damage|p1a: Clefable|42/100
|-crit|p1a: Clefable
|-damage|p1a: Clefable|29/100
|-damage|p1a: Clefable|21/100
|-hitcount|p1a: Clefable|5
|move|p1a: Clefable|Soft-Boiled|p1a: Clefable
|-heal|p1a: Clefable|71/100
|
|upkeep
|turn|15
|
|t:|1656254761
|move|p2a: Mega Ghastly|Icicle Spear|p1a: Clefable
|-damage|p1a: Clefable|62/100
|-damage|p1a: Clefable|54/100
|-damage|p1a: Clefable|45/100
|-damage|p1a: Clefable|35/100
|-damage|p1a: Clefable|25/100
|-hitcount|p1a: Clefable|5
|move|p1a: Clefable|Soft-Boiled|p1a: Clefable
|-heal|p1a: Clefable|75/100
|
|upkeep
|turn|16
|
|t:|1656254763
|move|p2a: Mega Ghastly|Icicle Spear|p1a: Clefable
|-damage|p1a: Clefable|67/100
|-damage|p1a: Clefable|58/100
|-damage|p1a: Clefable|50/100
|-damage|p1a: Clefable|41/100
|-damage|p1a: Clefable|32/100
|-hitcount|p1a: Clefable|5
|move|p1a: Clefable|Soft-Boiled|p1a: Clefable
|-heal|p1a: Clefable|82/100
|
|upkeep
|turn|17
|
|t:|1656254765
|move|p2a: Mega Ghastly|Icicle Spear|p1a: Clefable
|-damage|p1a: Clefable|73/100
|-damage|p1a: Clefable|65/100
|-damage|p1a: Clefable|56/100
|-damage|p1a: Clefable|47/100
|-damage|p1a: Clefable|38/100
|-hitcount|p1a: Clefable|5
|move|p1a: Clefable|Soft-Boiled|p1a: Clefable
|-heal|p1a: Clefable|88/100
|
|upkeep
|turn|18
|
|t:|1656254768
|move|p2a: Mega Ghastly|Icicle Spear|p1a: Clefable
|-damage|p1a: Clefable|78/100
|-damage|p1a: Clefable|69/100
|-damage|p1a: Clefable|60/100
|-damage|p1a: Clefable|51/100
|-damage|p1a: Clefable|42/100
|-hitcount|p1a: Clefable|5
|move|p1a: Clefable|Soft-Boiled|p1a: Clefable
|-heal|p1a: Clefable|92/100
|
|upkeep
|turn|19
|
|t:|1656254770
|move|p2a: Mega Ghastly|Icicle Spear|p1a: Clefable
|-damage|p1a: Clefable|82/100
|-damage|p1a: Clefable|74/100
|-damage|p1a: Clefable|65/100
|-damage|p1a: Clefable|56/100
|-damage|p1a: Clefable|47/100
|-hitcount|p1a: Clefable|5
|move|p1a: Clefable|Moonblast|p2a: Mega Ghastly
|-damage|p2a: Mega Ghastly|0 fnt
|faint|p2a: Mega Ghastly
|
|upkeep
|c| Ciro napoli|Bel team
|
|t:|1656254783
|switch|p2a: Bri’ ish Cleanup|Polteageist-Antique|100/100
|turn|20
|c| Ciro napoli|Vedo un po' di Sash
|
|t:|1656254793
|move|p2a: Bri’ ish Cleanup|Shell Smash|p2a: Bri’ ish Cleanup
|-unboost|p2a: Bri’ ish Cleanup|def|1
|-unboost|p2a: Bri’ ish Cleanup|spd|1
|-boost|p2a: Bri’ ish Cleanup|atk|2
|-boost|p2a: Bri’ ish Cleanup|spa|2
|-boost|p2a: Bri’ ish Cleanup|spe|2
|move|p1a: Clefable|Calm Mind|p1a: Clefable
|-boost|p1a: Clefable|spa|1
|-boost|p1a: Clefable|spd|1
|
|upkeep
|turn|21
|
|t:|1656254801
|move|p2a: Bri’ ish Cleanup|Shell Smash|p2a: Bri’ ish Cleanup
|-unboost|p2a: Bri’ ish Cleanup|def|1
|-unboost|p2a: Bri’ ish Cleanup|spd|1
|-boost|p2a: Bri’ ish Cleanup|atk|2
|-boost|p2a: Bri’ ish Cleanup|spa|2
|-boost|p2a: Bri’ ish Cleanup|spe|2
|move|p1a: Clefable|Soft-Boiled|p1a: Clefable
|-heal|p1a: Clefable|97/100
|
|upkeep
|turn|22
|
|t:|1656254810
|move|p2a: Bri’ ish Cleanup|Stored Power|p1a: Clefable
|-damage|p1a: Clefable|31/100
|move|p1a: Clefable|Calm Mind|p1a: Clefable
|-boost|p1a: Clefable|spa|1
|-boost|p1a: Clefable|spd|1
|
|upkeep
|turn|23
|c|☆LoSconosciuto|wow that's a lot
|
|t:|1656254824
|move|p2a: Bri’ ish Cleanup|Stored Power|p1a: Clefable
|-damage|p1a: Clefable|0 fnt
|faint|p1a: Clefable
|
|upkeep
|c|☆Down$hift|Ye
|
|t:|1656254830
|switch|p1a: Heatran|Heatran, M|100/100
|-damage|p1a: Heatran|88/100|[from] Stealth Rock
|-item|p1a: Heatran|Air Balloon
|turn|24
|c|☆Down$hift|this mon is strong af
|l| xiao123
|j| 8th Hokage Killua
|
|t:|1656254841
|move|p2a: Bri’ ish Cleanup|Stored Power|p1a: Heatran
|-resisted|p1a: Heatran
|-damage|p1a: Heatran|0 fnt
|-enditem|p1a: Heatran|Air Balloon
|faint|p1a: Heatran
|
|upkeep
|-message|LoSconosciuto forfeited.
|
|win|Down$hift
|raw|LoSconosciuto's rating: 1779 &rarr; <strong>1757</strong><br />(-22 for losing)
|raw|Down$hift's rating: 1752 &rarr; <strong>1774</strong><br />(+22 for winning)
|l|☆LoSconosciuto
|l| 50 at max
|l|☆Down$hift
|j| ACII
||Ladder isn't responding, score probably updated but might not have (Request timeout).
|l| ACII
|l| Ciro napoli
