|html|<div class="broadcast-blue"><strong>[Gen 8] OU is currently suspecting Melmetal! For information on how to participate check out the <a href="https://www.smogon.com/forums/threads/np-ss-ou-suspect-process-round-12-monster-mash.3709234/">suspect thread</a>.</strong></div>
|j|☆Aim on mai wei
|j|☆Maitredouard2
|t:|1666084824
|gametype|singles
|player|p1|Aim on mai wei|1|1739
|player|p2|Maitredouard2|lance|1695
|teamsize|p1|6
|teamsize|p2|6
|gen|8
|tier|[Gen 8] OU
|rated|
|rule|Sleep Clause Mod: Limit one foe put to sleep
|rule|Species Clause: Limit one of each Pokémon
|rule|OHKO Clause: OHKO moves are banned
|rule|Evasion Items Clause: Evasion items are banned
|rule|Evasion Moves Clause: Evasion moves are banned
|rule|Endless Battle Clause: Forcing endless battles is banned
|rule|HP Percentage Mod: HP is shown in percentages
|rule|Dynamax Clause: You cannot dynamax
|clearpoke
|poke|p1|Ditto|
|poke|p1|Quagsire, F|
|poke|p1|Blissey, F|
|poke|p1|Corviknight, F|
|poke|p1|Dragonite, F|
|poke|p1|Weavile, F|
|poke|p2|Mandibuzz, F|
|poke|p2|Landorus-Therian, M|
|poke|p2|Blissey, F|
|poke|p2|Heatran, F|
|poke|p2|Toxapex, F|
|poke|p2|Tapu Lele|
|teampreview
|
|t:|1666084834
|start
|switch|p1a: Dragonite|Dragonite, F|100/100
|switch|p2a: Landorus|Landorus-Therian, M|100/100
|-ability|p2a: Landorus|Intimidate|boost
|-unboost|p1a: Dragonite|atk|1
|turn|1
|j| lesamangud
|
|t:|1666084841
|move|p2a: Landorus|U-turn|p1a: Dragonite
|-resisted|p1a: Dragonite
|-damage|p1a: Dragonite|96/100
|
|t:|1666084844
|switch|p2a: Mandibuzz|Mandibuzz, F|100/100|[from]move: U-turn
|move|p1a: Dragonite|Ice Beam|p2a: Mandibuzz
|-supereffective|p2a: Mandibuzz
|-damage|p2a: Mandibuzz|68/100
|
|upkeep
|turn|2
|
|t:|1666084852
|switch|p1a: Corviknight|Corviknight, F|100/100
|-ability|p1a: Corviknight|Pressure
|move|p2a: Mandibuzz|Toxic|p1a: Corviknight
|-immune|p1a: Corviknight
|
|upkeep
|turn|3
|
|t:|1666084860
|switch|p2a: Landorus|Landorus-Therian, M|100/100
|-ability|p2a: Landorus|Intimidate|boost
|-unboost|p1a: Corviknight|atk|1
|move|p1a: Corviknight|Body Press|p2a: Landorus
|-resisted|p2a: Landorus
|-damage|p2a: Landorus|87/100
|
|upkeep
|turn|4
|
|t:|1666084868
|move|p2a: Landorus|Knock Off|p1a: Corviknight
|-damage|p1a: Corviknight|75/100
|-enditem|p1a: Corviknight|Shed Shell|[from] move: Knock Off|[of] p2a: Landorus
|move|p1a: Corviknight|Body Press|p2a: Landorus
|-resisted|p2a: Landorus
|-damage|p2a: Landorus|72/100
|
|upkeep
|turn|5
|
|t:|1666084876
|switch|p2a: Toxapex|Toxapex, F|100/100
|move|p1a: Corviknight|Roost|p1a: Corviknight
|-heal|p1a: Corviknight|100/100
|-singleturn|p1a: Corviknight|move: Roost
|
|upkeep
|turn|6
|
|t:|1666084883
|switch|p1a: Blissey|Blissey, F|100/100
|switch|p2a: Landorus|Landorus-Therian, M|72/100
|-ability|p2a: Landorus|Intimidate|boost
|-unboost|p1a: Blissey|atk|1
|
|upkeep
|turn|7
|
|t:|1666084890
|move|p2a: Landorus|Knock Off|p1a: Blissey
|-damage|p1a: Blissey|68/100
|-enditem|p1a: Blissey|Heavy-Duty Boots|[from] move: Knock Off|[of] p2a: Landorus
|move|p1a: Blissey|Stealth Rock|p2a: Landorus
|-sidestart|p2: Maitredouard2|move: Stealth Rock
|
|upkeep
|turn|8
|
|t:|1666084898
|switch|p2a: Heatran|Heatran, F|100/100
|-damage|p2a: Heatran|88/100|[from] Stealth Rock
|-item|p2a: Heatran|Air Balloon
|move|p1a: Blissey|Soft-Boiled|p1a: Blissey
|-heal|p1a: Blissey|100/100
|
|upkeep
|turn|9
|
|t:|1666084907
|move|p2a: Heatran|Stealth Rock|p1a: Blissey
|-sidestart|p1: Aim on mai wei|move: Stealth Rock
|move|p1a: Blissey|Seismic Toss|p2a: Heatran
|-damage|p2a: Heatran|62/100
|-enditem|p2a: Heatran|Air Balloon
|
|upkeep
|turn|10
|
|t:|1666084914
|move|p2a: Heatran|Magma Storm|p1a: Blissey
|-damage|p1a: Blissey|79/100
|-activate|p1a: Blissey|move: Magma Storm|[of] p2a: Heatran
|move|p1a: Blissey|Seismic Toss|p2a: Heatran
|-damage|p2a: Heatran|36/100
|
|-damage|p1a: Blissey|67/100|[from] move: Magma Storm|[partiallytrapped]
|upkeep
|turn|11
|
|t:|1666084923
|move|p2a: Heatran|Taunt|p1a: Blissey
|-start|p1a: Blissey|move: Taunt
|move|p1a: Blissey|Seismic Toss|p2a: Heatran
|-damage|p2a: Heatran|10/100
|
|-damage|p1a: Blissey|54/100|[from] move: Magma Storm|[partiallytrapped]
|upkeep
|turn|12
|
|t:|1666084932
|move|p2a: Heatran|Magma Storm|p1a: Blissey
|-damage|p1a: Blissey|35/100
|move|p1a: Blissey|Seismic Toss|p2a: Heatran
|-damage|p2a: Heatran|0 fnt
|faint|p2a: Heatran
|
|-end|p1a: Blissey|Magma Storm|[partiallytrapped]|[silent]
|upkeep
|
|t:|1666084943
|switch|p2a: Mandibuzz|Mandibuzz, F|68/100
|turn|13
|
|t:|1666084949
|switch|p1a: Corviknight|Corviknight, F|100/100
|-damage|p1a: Corviknight|88/100|[from] Stealth Rock
|-ability|p1a: Corviknight|Pressure
|move|p2a: Mandibuzz|Toxic|p1a: Corviknight
|-immune|p1a: Corviknight
|
|upkeep
|turn|14
|
|t:|1666084958
|move|p2a: Mandibuzz|Taunt|p1a: Corviknight
|-start|p1a: Corviknight|move: Taunt
|cant|p1a: Corviknight|move: Taunt|Defog
|
|upkeep
|turn|15
|
|t:|1666084963
|move|p2a: Mandibuzz|Foul Play|p1a: Corviknight
|-damage|p1a: Corviknight|69/100
|move|p1a: Corviknight|Body Press|p2a: Mandibuzz
|-damage|p2a: Mandibuzz|51/100
|
|upkeep
|turn|16
|
|t:|1666084973
|move|p2a: Mandibuzz|Foul Play|p1a: Corviknight
|-damage|p1a: Corviknight|49/100
|move|p1a: Corviknight|Body Press|p2a: Mandibuzz
|-crit|p2a: Mandibuzz
|-damage|p2a: Mandibuzz|25/100
|
|-end|p1a: Corviknight|move: Taunt
|upkeep
|turn|17
|
|t:|1666084985
|switch|p2a: Tapu Lele|Tapu Lele|100/100
|-damage|p2a: Tapu Lele|88/100|[from] Stealth Rock
|-fieldstart|move: Psychic Terrain|[from] ability: Psychic Surge|[of] p2a: Tapu Lele
|move|p1a: Corviknight|Body Press|p2a: Tapu Lele
|-resisted|p2a: Tapu Lele
|-damage|p2a: Tapu Lele|79/100
|
|upkeep
|turn|18
|
|t:|1666084994
|move|p2a: Tapu Lele|Focus Blast|p1a: Corviknight
|-damage|p1a: Corviknight|0 fnt
|faint|p1a: Corviknight
|
|upkeep
|j| 10 Million Voices
|
|t:|1666085004
|switch|p1a: Ditto|Ditto|100/100
|-damage|p1a: Ditto|88/100|[from] Stealth Rock
|-transform|p1a: Ditto|p2a: Tapu Lele|[from] ability: Imposter
|turn|19
|
|t:|1666085013
|switch|p2a: Blissey|Blissey, F|100/100
|move|p1a: Ditto|Psyshock|p2a: Blissey
|-damage|p2a: Blissey|53/100
|
|upkeep
|turn|20
|
|t:|1666085020
|switch|p1a: Blissey|Blissey, F|35/100
|-damage|p1a: Blissey|23/100|[from] Stealth Rock
|move|p2a: Blissey|Soft-Boiled|p2a: Blissey
|-heal|p2a: Blissey|100/100
|
|upkeep
|turn|21
|
|t:|1666085028
|move|p2a: Blissey|Toxic|p1a: Blissey
|-status|p1a: Blissey|tox
|move|p1a: Blissey|Soft-Boiled|p1a: Blissey
|-heal|p1a: Blissey|73/100 tox
|
|-damage|p1a: Blissey|66/100 tox|[from] psn
|-fieldend|move: Psychic Terrain
|upkeep
|turn|22
|
|t:|1666085036
|move|p1a: Blissey|Soft-Boiled|p1a: Blissey
|-heal|p1a: Blissey|100/100 tox
|move|p2a: Blissey|Teleport|p2a: Blissey
|
|t:|1666085040
|switch|p2a: Tapu Lele|Tapu Lele|79/100|[from]move: Teleport
|-damage|p2a: Tapu Lele|66/100|[from] Stealth Rock
|-fieldstart|move: Psychic Terrain|[from] ability: Psychic Surge|[of] p2a: Tapu Lele
|
|-damage|p1a: Blissey|88/100 tox|[from] psn
|upkeep
|turn|23
|
|t:|1666085049
|-curestatus|p1a: Blissey|tox|[from] ability: Natural Cure
|switch|p1a: Ditto|Ditto|88/100
|-damage|p1a: Ditto|76/100|[from] Stealth Rock
|-transform|p1a: Ditto|p2a: Tapu Lele|[from] ability: Imposter
|move|p2a: Tapu Lele|Moonblast|p1a: Ditto
|-damage|p1a: Ditto|3/100
|
|upkeep
|turn|24
|
|t:|1666085063
|switch|p1a: Weavile|Weavile, F|100/100
|-ability|p1a: Weavile|Pressure
|switch|p2a: Blissey|Blissey, F|100/100
|
|upkeep
|turn|25
|
|t:|1666085072
|move|p1a: Weavile|Swords Dance|p1a: Weavile
|-boost|p1a: Weavile|atk|2
|move|p2a: Blissey|Toxic|p1a: Weavile
|-status|p1a: Weavile|tox
|
|-damage|p1a: Weavile|94/100 tox|[from] psn
|upkeep
|turn|26
|
|t:|1666085082
|move|p1a: Weavile|Knock Off|p2a: Blissey
|-crit|p2a: Blissey
|-damage|p2a: Blissey|0 fnt
|-enditem|p2a: Blissey|Heavy-Duty Boots|[from] move: Knock Off|[of] p1a: Weavile
|faint|p2a: Blissey
|
|-damage|p1a: Weavile|82/100 tox|[from] psn
|-fieldend|move: Psychic Terrain
|upkeep
|
|t:|1666085093
|switch|p2a: Landorus|Landorus-Therian, M|72/100
|-damage|p2a: Landorus|59/100|[from] Stealth Rock
|-ability|p2a: Landorus|Intimidate|boost
|-unboost|p1a: Weavile|atk|1
|turn|27
|
|t:|1666085098
|switch|p2a: Toxapex|Toxapex, F|100/100
|-damage|p2a: Toxapex|88/100|[from] Stealth Rock
|move|p1a: Weavile|Ice Shard|p2a: Toxapex
|-resisted|p2a: Toxapex
|-damage|p2a: Toxapex|79/100
|
|-damage|p1a: Weavile|64/100 tox|[from] psn
|upkeep
|turn|28
|
|t:|1666085110
|switch|p1a: Blissey|Blissey, F|88/100
|-damage|p1a: Blissey|76/100|[from] Stealth Rock
|move|p2a: Toxapex|Recover|p2a: Toxapex
|-heal|p2a: Toxapex|100/100
|
|upkeep
|turn|29
|
|t:|1666085118
|switch|p2a: Tapu Lele|Tapu Lele|66/100
|-damage|p2a: Tapu Lele|54/100|[from] Stealth Rock
|-fieldstart|move: Psychic Terrain|[from] ability: Psychic Surge|[of] p2a: Tapu Lele
|move|p1a: Blissey|Heal Bell|p1a: Blissey
|-activate|p1a: Blissey|move: Heal Bell
|-curestatus|p1: Weavile|tox|[msg]
|
|upkeep
|turn|30
|
|t:|1666085129
|switch|p1a: Ditto|Ditto|3/100
|-damage|p1a: Ditto|0 fnt|[from] Stealth Rock
|faint|p1a: Ditto
|move|p2a: Tapu Lele|Psyshock|p1: Ditto|[notarget]
|-fail|p2a: Tapu Lele
|
|upkeep
|j| westcottike
|
|t:|1666085136
|switch|p1a: Weavile|Weavile, F|64/100
|-ability|p1a: Weavile|Pressure
|turn|31
|
|t:|1666085145
|switch|p2a: Toxapex|Toxapex, F|100/100
|-damage|p2a: Toxapex|88/100|[from] Stealth Rock
|move|p1a: Weavile|Knock Off|p2a: Toxapex
|-crit|p2a: Toxapex
|-damage|p2a: Toxapex|41/100
|-damage|p1a: Weavile|48/100|[from] item: Rocky Helmet|[of] p2a: Toxapex
|-enditem|p2a: Toxapex|Rocky Helmet|[from] move: Knock Off|[of] p1a: Weavile
|
|upkeep
|turn|32
|
|t:|1666085156
|switch|p1a: Blissey|Blissey, F|76/100
|-damage|p1a: Blissey|63/100|[from] Stealth Rock
|move|p2a: Toxapex|Recover|p2a: Toxapex
|-heal|p2a: Toxapex|91/100
|
|upkeep
|turn|33
|
|t:|1666085163
|move|p1a: Blissey|Soft-Boiled|p1a: Blissey
|-heal|p1a: Blissey|100/100
|move|p2a: Toxapex|Toxic|p1a: Blissey
|-status|p1a: Blissey|tox
|
|-damage|p1a: Blissey|94/100 tox|[from] psn
|-fieldend|move: Psychic Terrain
|upkeep
|turn|34
|
|t:|1666085172
|move|p1a: Blissey|Seismic Toss|p2a: Toxapex
|-damage|p2a: Toxapex|58/100
|move|p2a: Toxapex|Scald|p1a: Blissey
|-damage|p1a: Blissey|88/100 tox
|
|-damage|p1a: Blissey|75/100 tox|[from] psn
|upkeep
|turn|35
|
|t:|1666085181
|switch|p2a: Tapu Lele|Tapu Lele|54/100
|-damage|p2a: Tapu Lele|41/100|[from] Stealth Rock
|-fieldstart|move: Psychic Terrain|[from] ability: Psychic Surge|[of] p2a: Tapu Lele
|move|p1a: Blissey|Seismic Toss|p2a: Tapu Lele
|-damage|p2a: Tapu Lele|6/100
|
|-damage|p1a: Blissey|57/100 tox|[from] psn
|upkeep
|turn|36
|
|t:|1666085198
|-curestatus|p1a: Blissey|tox|[from] ability: Natural Cure
|switch|p1a: Weavile|Weavile, F|48/100
|-ability|p1a: Weavile|Pressure
|move|p2a: Tapu Lele|Moonblast|p1a: Weavile
|-supereffective|p1a: Weavile
|-damage|p1a: Weavile|0 fnt
|faint|p1a: Weavile
|
|upkeep
|
|t:|1666085208
|switch|p1a: Blissey|Blissey, F|57/100
|-damage|p1a: Blissey|44/100|[from] Stealth Rock
|turn|37
|
|t:|1666085212
|move|p2a: Tapu Lele|Moonblast|p1a: Blissey
|-damage|p1a: Blissey|19/100
|move|p1a: Blissey|Soft-Boiled|p1a: Blissey
|-heal|p1a: Blissey|69/100
|
|upkeep
|turn|38
|
|t:|1666085219
|move|p2a: Tapu Lele|Moonblast|p1a: Blissey
|-damage|p1a: Blissey|43/100
|-unboost|p1a: Blissey|spa|1
|move|p1a: Blissey|Soft-Boiled|p1a: Blissey
|-heal|p1a: Blissey|93/100
|
|upkeep
|turn|39
|
|t:|1666085226
|move|p2a: Tapu Lele|Moonblast|p1a: Blissey
|-damage|p1a: Blissey|67/100
|move|p1a: Blissey|Seismic Toss|p2a: Tapu Lele
|-damage|p2a: Tapu Lele|0 fnt
|faint|p2a: Tapu Lele
|
|-fieldend|move: Psychic Terrain
|upkeep
|
|t:|1666085240
|switch|p2a: Landorus|Landorus-Therian, M|59/100
|-damage|p2a: Landorus|47/100|[from] Stealth Rock
|-ability|p2a: Landorus|Intimidate|boost
|-unboost|p1a: Blissey|atk|1
|turn|40
|
|t:|1666085246
|switch|p1a: Dragonite|Dragonite, F|96/100
|move|p2a: Landorus|Explosion|p1a: Dragonite
|-damage|p1a: Dragonite|29/100
|faint|p2a: Landorus
|
|upkeep
|
|t:|1666085253
|switch|p2a: Toxapex|Toxapex, F|92/100
|-damage|p2a: Toxapex|79/100|[from] Stealth Rock
|turn|41
|
|t:|1666085258
|move|p1a: Dragonite|Roost|p1a: Dragonite
|-heal|p1a: Dragonite|79/100
|-singleturn|p1a: Dragonite|move: Roost
|move|p2a: Toxapex|Toxic|p1a: Dragonite
|-status|p1a: Dragonite|tox
|
|-damage|p1a: Dragonite|73/100 tox|[from] psn
|upkeep
|turn|42
|
|t:|1666085267
|switch|p2a: Mandibuzz|Mandibuzz, F|25/100
|move|p1a: Dragonite|Earthquake|p2a: Mandibuzz
|-immune|p2a: Mandibuzz
|
|-damage|p1a: Dragonite|60/100 tox|[from] psn
|upkeep
|turn|43
|
|t:|1666085275
|switch|p2a: Toxapex|Toxapex, F|100/100
|-damage|p2a: Toxapex|88/100|[from] Stealth Rock
|move|p1a: Dragonite|Ice Beam|p2a: Toxapex
|-resisted|p2a: Toxapex
|-damage|p2a: Toxapex|79/100
|
|-damage|p1a: Dragonite|42/100 tox|[from] psn
|upkeep
|turn|44
|j| Wiimicks
|
|t:|1666085285
|switch|p2a: Mandibuzz|Mandibuzz, F|25/100
|move|p1a: Dragonite|Roost|p1a: Dragonite
|-heal|p1a: Dragonite|92/100 tox
|-singleturn|p1a: Dragonite|move: Roost
|
|-damage|p1a: Dragonite|67/100 tox|[from] psn
|upkeep
|turn|45
|
|t:|1666085294
|switch|p2a: Toxapex|Toxapex, F|100/100
|-damage|p2a: Toxapex|88/100|[from] Stealth Rock
|switch|p1a: Blissey|Blissey, F|67/100
|-damage|p1a: Blissey|55/100|[from] Stealth Rock
|
|upkeep
|turn|46
|
|t:|1666085302
|move|p1a: Blissey|Soft-Boiled|p1a: Blissey
|-heal|p1a: Blissey|100/100
|move|p2a: Toxapex|Toxic|p1a: Blissey
|-status|p1a: Blissey|tox
|
|-damage|p1a: Blissey|94/100 tox|[from] psn
|upkeep
|turn|47
|
|t:|1666085310
|move|p1a: Blissey|Heal Bell|p1a: Blissey
|-activate|p1a: Blissey|move: Heal Bell
|-curestatus|p1a: Blissey|tox|[msg]
|-curestatus|p1: Dragonite|tox|[msg]
|move|p2a: Toxapex|Scald|p1a: Blissey
|-damage|p1a: Blissey|88/100
|
|upkeep
|turn|48
|
|t:|1666085318
|move|p1a: Blissey|Seismic Toss|p2a: Toxapex
|-damage|p2a: Toxapex|55/100
|move|p2a: Toxapex|Toxic|p1a: Blissey
|-status|p1a: Blissey|tox
|
|-damage|p1a: Blissey|82/100 tox|[from] psn
|upkeep
|turn|49
|
|t:|1666085326
|move|p1a: Blissey|Seismic Toss|p2a: Toxapex
|-damage|p2a: Toxapex|22/100
|move|p2a: Toxapex|Scald|p1a: Blissey
|-damage|p1a: Blissey|75/100 tox
|
|-damage|p1a: Blissey|63/100 tox|[from] psn
|upkeep
|turn|50
|c| lesamangud|tf
|
|t:|1666085335
|move|p1a: Blissey|Seismic Toss|p2a: Toxapex
|-damage|p2a: Toxapex|0 fnt
|faint|p2a: Toxapex
|
|-damage|p1a: Blissey|44/100 tox|[from] psn
|upkeep
|
|t:|1666085342
|switch|p2a: Mandibuzz|Mandibuzz, F|25/100
|turn|51
|
|t:|1666085346
|-curestatus|p1a: Blissey|tox|[from] ability: Natural Cure
|switch|p1a: Dragonite|Dragonite, F|67/100
|move|p2a: Mandibuzz|Roost|p2a: Mandibuzz
|-heal|p2a: Mandibuzz|75/100
|-singleturn|p2a: Mandibuzz|move: Roost
|
|upkeep
|turn|52
|
|t:|1666085354
|move|p2a: Mandibuzz|Roost|p2a: Mandibuzz
|-heal|p2a: Mandibuzz|100/100
|-singleturn|p2a: Mandibuzz|move: Roost
|move|p1a: Dragonite|Ice Beam|p2a: Mandibuzz
|-damage|p2a: Mandibuzz|85/100
|
|upkeep
|turn|53
|
|t:|1666085363
|move|p2a: Mandibuzz|Toxic|p1a: Dragonite
|-status|p1a: Dragonite|tox
|move|p1a: Dragonite|Ice Beam|p2a: Mandibuzz
|-supereffective|p2a: Mandibuzz
|-damage|p2a: Mandibuzz|53/100
|
|-damage|p1a: Dragonite|61/100 tox|[from] psn
|upkeep
|turn|54
|
|t:|1666085371
|move|p2a: Mandibuzz|Roost|p2a: Mandibuzz
|-heal|p2a: Mandibuzz|100/100
|-singleturn|p2a: Mandibuzz|move: Roost
|move|p1a: Dragonite|Ice Beam|p2a: Mandibuzz
|-damage|p2a: Mandibuzz|86/100
|
|-damage|p1a: Dragonite|48/100 tox|[from] psn
|upkeep
|turn|55
|
|t:|1666085380
|switch|p1a: Quagsire|Quagsire, F|100/100
|-damage|p1a: Quagsire|94/100|[from] Stealth Rock
|move|p2a: Mandibuzz|Taunt|p1a: Quagsire
|-start|p1a: Quagsire|move: Taunt
|
|-heal|p1a: Quagsire|100/100|[from] item: Leftovers
|upkeep
|turn|56
|
|t:|1666085390
|switch|p1a: Dragonite|Dragonite, F|48/100 tox
|move|p2a: Mandibuzz|Toxic|p1a: Dragonite
|-fail|p1a: Dragonite|tox
|
|-damage|p1a: Dragonite|42/100 tox|[from] psn
|upkeep
|turn|57
|
|t:|1666085397
|switch|p1a: Quagsire|Quagsire, F|100/100
|-damage|p1a: Quagsire|94/100|[from] Stealth Rock
|move|p2a: Mandibuzz|Foul Play|p1a: Quagsire
|-damage|p1a: Quagsire|74/100
|
|-heal|p1a: Quagsire|80/100|[from] item: Leftovers
|upkeep
|turn|58
|
|t:|1666085408
|move|p2a: Mandibuzz|Taunt|p1a: Quagsire
|-start|p1a: Quagsire|move: Taunt
|cant|p1a: Quagsire|move: Taunt|Toxic
|
|-heal|p1a: Quagsire|87/100|[from] item: Leftovers
|upkeep
|turn|59
|
|t:|1666085416
|move|p2a: Mandibuzz|Toxic|p1a: Quagsire
|-status|p1a: Quagsire|tox
|move|p1a: Quagsire|Scald|p2a: Mandibuzz
|-damage|p2a: Mandibuzz|74/100
|
|-heal|p1a: Quagsire|93/100 tox|[from] item: Leftovers
|-damage|p1a: Quagsire|87/100 tox|[from] psn
|upkeep
|turn|60
|
|t:|1666085425
|move|p2a: Mandibuzz|Foul Play|p1a: Quagsire
|-damage|p1a: Quagsire|68/100 tox
|move|p1a: Quagsire|Scald|p2a: Mandibuzz
|-damage|p2a: Mandibuzz|60/100
|
|-heal|p1a: Quagsire|74/100 tox|[from] item: Leftovers
|-damage|p1a: Quagsire|62/100 tox|[from] psn
|-end|p1a: Quagsire|move: Taunt
|upkeep
|turn|61
|
|t:|1666085436
|switch|p1a: Dragonite|Dragonite, F|42/100 tox
|move|p2a: Mandibuzz|Taunt|p1a: Dragonite
|-start|p1a: Dragonite|move: Taunt
|
|-damage|p1a: Dragonite|36/100 tox|[from] psn
|upkeep
|turn|62
|
|t:|1666085444
|switch|p1a: Quagsire|Quagsire, F|62/100 tox
|-damage|p1a: Quagsire|56/100 tox|[from] Stealth Rock
|move|p2a: Mandibuzz|Foul Play|p1a: Quagsire
|-crit|p1a: Quagsire
|-damage|p1a: Quagsire|25/100 tox
|
|-heal|p1a: Quagsire|31/100 tox|[from] item: Leftovers
|-damage|p1a: Quagsire|25/100 tox|[from] psn
|upkeep
|turn|63
|
|t:|1666085454
|move|p2a: Mandibuzz|Taunt|p1a: Quagsire
|-start|p1a: Quagsire|move: Taunt
|move|p1a: Quagsire|Scald|p2a: Mandibuzz
|-damage|p2a: Mandibuzz|46/100
|-status|p2a: Mandibuzz|brn
|
|-heal|p1a: Quagsire|31/100 tox|[from] item: Leftovers
|-damage|p1a: Quagsire|19/100 tox|[from] psn
|-damage|p2a: Mandibuzz|40/100 brn|[from] brn
|upkeep
|turn|64
|
|t:|1666085466
|switch|p1a: Blissey|Blissey, F|44/100
|-damage|p1a: Blissey|32/100|[from] Stealth Rock
|move|p2a: Mandibuzz|Roost|p2a: Mandibuzz
|-heal|p2a: Mandibuzz|90/100 brn
|-singleturn|p2a: Mandibuzz|move: Roost
|
|-damage|p2a: Mandibuzz|84/100 brn|[from] brn
|upkeep
|turn|65
|
|t:|1666085477
|move|p2a: Mandibuzz|Taunt|p1a: Blissey
|-start|p1a: Blissey|move: Taunt
|move|p1a: Blissey|Seismic Toss|p2a: Mandibuzz
|-damage|p2a: Mandibuzz|60/100 brn
|
|-damage|p2a: Mandibuzz|54/100 brn|[from] brn
|upkeep
|turn|66
|
|t:|1666085485
|move|p2a: Mandibuzz|Toxic|p1a: Blissey
|-status|p1a: Blissey|tox
|move|p1a: Blissey|Seismic Toss|p2a: Mandibuzz
|-damage|p2a: Mandibuzz|30/100 brn
|
|-damage|p1a: Blissey|26/100 tox|[from] psn
|-damage|p2a: Mandibuzz|24/100 brn|[from] brn
|upkeep
|turn|67
|
|t:|1666085496
|move|p2a: Mandibuzz|Roost|p2a: Mandibuzz
|-heal|p2a: Mandibuzz|74/100 brn
|-singleturn|p2a: Mandibuzz|move: Roost
|move|p1a: Blissey|Seismic Toss|p2a: Mandibuzz
|-damage|p2a: Mandibuzz|51/100 brn
|
|-damage|p1a: Blissey|13/100 tox|[from] psn
|-damage|p2a: Mandibuzz|45/100 brn|[from] brn
|-end|p1a: Blissey|move: Taunt
|upkeep
|turn|68
|j| Ju1ian
|
|t:|1666085508
|move|p2a: Mandibuzz|Taunt|p1a: Blissey
|-start|p1a: Blissey|move: Taunt
|move|p1a: Blissey|Seismic Toss|p2a: Mandibuzz
|-damage|p2a: Mandibuzz|21/100 brn
|
|-damage|p1a: Blissey|0 fnt|[from] psn
|faint|p1a: Blissey
|-damage|p2a: Mandibuzz|15/100 brn|[from] brn
|upkeep
|
|t:|1666085520
|switch|p1a: Dragonite|Dragonite, F|36/100 tox
|turn|69
|
|t:|1666085527
|move|p2a: Mandibuzz|Roost|p2a: Mandibuzz
|-heal|p2a: Mandibuzz|65/100 brn
|-singleturn|p2a: Mandibuzz|move: Roost
|move|p1a: Dragonite|Earthquake|p2a: Mandibuzz
|-damage|p2a: Mandibuzz|44/100 brn
|
|-damage|p1a: Dragonite|30/100 tox|[from] psn
|-damage|p2a: Mandibuzz|38/100 brn|[from] brn
|upkeep
|turn|70
|
|t:|1666085537
|move|p2a: Mandibuzz|Roost|p2a: Mandibuzz
|-heal|p2a: Mandibuzz|88/100 brn
|-singleturn|p2a: Mandibuzz|move: Roost
|move|p1a: Dragonite|Roost|p1a: Dragonite
|-heal|p1a: Dragonite|80/100 tox
|-singleturn|p1a: Dragonite|move: Roost
|
|-damage|p1a: Dragonite|67/100 tox|[from] psn
|-damage|p2a: Mandibuzz|82/100 brn|[from] brn
|upkeep
|turn|71
|
|t:|1666085548
|move|p2a: Mandibuzz|Taunt|p1a: Dragonite
|-start|p1a: Dragonite|move: Taunt
|move|p1a: Dragonite|Ice Beam|p2a: Mandibuzz
|-supereffective|p2a: Mandibuzz
|-damage|p2a: Mandibuzz|53/100 brn
|
|-damage|p1a: Dragonite|48/100 tox|[from] psn
|-damage|p2a: Mandibuzz|46/100 brn|[from] brn
|upkeep
|turn|72
|
|t:|1666085558
|switch|p1a: Quagsire|Quagsire, F|19/100 tox
|-damage|p1a: Quagsire|13/100 tox|[from] Stealth Rock
|move|p2a: Mandibuzz|Taunt|p1a: Quagsire
|-start|p1a: Quagsire|move: Taunt
|
|-heal|p1a: Quagsire|19/100 tox|[from] item: Leftovers
|-damage|p1a: Quagsire|13/100 tox|[from] psn
|-damage|p2a: Mandibuzz|40/100 brn|[from] brn
|upkeep
|turn|73
|
|t:|1666085570
|move|p2a: Mandibuzz|Roost|p2a: Mandibuzz
|-heal|p2a: Mandibuzz|90/100 brn
|-singleturn|p2a: Mandibuzz|move: Roost
|move|p1a: Quagsire|Earthquake|p2a: Mandibuzz
|-damage|p2a: Mandibuzz|70/100 brn
|
|-heal|p1a: Quagsire|19/100 tox|[from] item: Leftovers
|-damage|p1a: Quagsire|7/100 tox|[from] psn
|-damage|p2a: Mandibuzz|63/100 brn|[from] brn
|upkeep
|turn|74
|
|t:|1666085582
|move|p2a: Mandibuzz|Foul Play|p1a: Quagsire
|-damage|p1a: Quagsire|0 fnt
|faint|p1a: Quagsire
|
|-damage|p2a: Mandibuzz|57/100 brn|[from] brn
|upkeep
|
|t:|1666085584
|switch|p1a: Dragonite|Dragonite, F|48/100 tox
|turn|75
|
|t:|1666085590
|move|p2a: Mandibuzz|Taunt|p1a: Dragonite
|-start|p1a: Dragonite|move: Taunt
|cant|p1a: Dragonite|move: Taunt|Roost
|
|-damage|p1a: Dragonite|42/100 tox|[from] psn
|-damage|p2a: Mandibuzz|51/100 brn|[from] brn
|upkeep
|turn|76
|
|t:|1666085598
|move|p2a: Mandibuzz|Roost|p2a: Mandibuzz
|-heal|p2a: Mandibuzz|100/100 brn
|-singleturn|p2a: Mandibuzz|move: Roost
|move|p1a: Dragonite|Earthquake|p2a: Mandibuzz
|-damage|p2a: Mandibuzz|82/100 brn
|
|-damage|p1a: Dragonite|30/100 tox|[from] psn
|-damage|p2a: Mandibuzz|76/100 brn|[from] brn
|upkeep
|turn|77
|l| Ju1ian
|
|t:|1666085608
|move|p2a: Mandibuzz|Foul Play|p1a: Dragonite
|-damage|p1a: Dragonite|16/100 tox
|move|p1a: Dragonite|Ice Beam|p2a: Mandibuzz
|-supereffective|p2a: Mandibuzz
|-damage|p2a: Mandibuzz|44/100 brn
|
|-damage|p1a: Dragonite|0 fnt|[from] psn
|faint|p1a: Dragonite
|
|win|Maitredouard2
|upkeep
|raw|Aim on mai wei's rating: 1739 &rarr; <strong>1716</strong><br />(-23 for losing)
|raw|Maitredouard2's rating: 1695 &rarr; <strong>1718</strong><br />(+23 for winning)
|l|☆Aim on mai wei
|l| lesamangud
|l| westcottike
||Ladder isn't responding, score probably updated but might not have (Request timeout).
