|j|☆Ava<3
|j|☆cump2
|t:|1634322022
|gametype|singles
|player|p1|Ava<3|acetrainerf-gen4|1592
|player|p2|cump2|2|1640
|teamsize|p1|6
|teamsize|p2|6
|gen|8
|tier|[Gen 8] OU
|rated|
|rule|Sleep Clause Mod: Limit one foe put to sleep
|rule|Species Clause: Limit one of each Pokémon
|rule|OHKO Clause: OHKO moves are banned
|rule|Evasion Moves Clause: Evasion moves are banned
|rule|Endless Battle Clause: Forcing endless battles is banned
|rule|HP Percentage Mod: HP is shown in percentages
|rule|Dynamax Clause: You cannot dynamax
|clearpoke
|poke|p1|Toxapex, F|
|poke|p1|Mew|
|poke|p1|Clefable, F|
|poke|p1|Buzzwole|
|poke|p1|Hippowdon, F|
|poke|p1|Corviknight, F|
|poke|p2|Landorus-Therian, M|
|poke|p2|Urshifu-*, F|
|poke|p2|Dragapult, F|
|poke|p2|Slowbro, M|
|poke|p2|Heatran, F|
|poke|p2|Kartana|
|teampreview
|
|t:|1634322036
|start
|switch|p1a: Hippowdon|Hippowdon, F|100/100
|switch|p2a: Dragapult|Dragapult, F|100/100
|-weather|Sandstorm|[from] ability: Sand Stream|[of] p1a: Hippowdon
|turn|1
|
|t:|1634322041
|move|p2a: Dragapult|Shadow Ball|p1a: Hippowdon
|-damage|p1a: Hippowdon|57/100
|move|p1a: Hippowdon|Toxic|p2a: Dragapult
|-status|p2a: Dragapult|tox
|
|-weather|Sandstorm|[upkeep]
|-damage|p2a: Dragapult|95/100 tox|[from] Sandstorm
|-heal|p1a: Hippowdon|64/100|[from] item: Leftovers
|-damage|p2a: Dragapult|89/100 tox|[from] psn
|upkeep
|turn|2
|
|t:|1634322048
|switch|p2a: Urshifu|Urshifu-Rapid-Strike, F, shiny|100/100
|move|p1a: Hippowdon|Slack Off|p1a: Hippowdon
|-heal|p1a: Hippowdon|100/100
|
|-weather|Sandstorm|[upkeep]
|-damage|p2a: Urshifu|94/100|[from] Sandstorm
|upkeep
|turn|3
|
|t:|1634322050
|switch|p1a: Toxapex|Toxapex, F|100/100
|move|p2a: Urshifu|U-turn|p1a: Toxapex
|-resisted|p1a: Toxapex
|-damage|p1a: Toxapex|90/100
|-damage|p2a: Urshifu|78/100|[from] item: Rocky Helmet|[of] p1a: Toxapex
|
|t:|1634322053
|switch|p2a: Slowbro|Slowbro, M, shiny|100/100|[from]move: U-turn
|
|-weather|Sandstorm|[upkeep]
|-damage|p1a: Toxapex|84/100|[from] Sandstorm
|-damage|p2a: Slowbro|94/100|[from] Sandstorm
|upkeep
|turn|4
|j| Tengo1984
|
|t:|1634322057
|move|p1a: Toxapex|Knock Off|p2a: Slowbro
|-supereffective|p2a: Slowbro
|-damage|p2a: Slowbro|75/100
|-enditem|p2a: Slowbro|Heavy-Duty Boots|[from] move: Knock Off|[of] p1a: Toxapex
|move|p2a: Slowbro|Future Sight|p1a: Toxapex
|-start|p2a: Slowbro|move: Future Sight
|
|-weather|Sandstorm|[upkeep]
|-damage|p1a: Toxapex|77/100|[from] Sandstorm
|-damage|p2a: Slowbro|69/100|[from] Sandstorm
|upkeep
|turn|5
|
|t:|1634322062
|switch|p1a: Clefable|Clefable, F|100/100
|move|p2a: Slowbro|Teleport|p2a: Slowbro
|
|t:|1634322066
|switch|p2a: Urshifu|Urshifu-Rapid-Strike, F, shiny|78/100|[from]move: Teleport
|
|-weather|none
|upkeep
|turn|6
|
|t:|1634322078
|switch|p1a: Toxapex|Toxapex, F|100/100
|move|p2a: Urshifu|Surging Strikes|p1a: Toxapex
|-resisted|p1a: Toxapex
|-crit|p1a: Toxapex
|-damage|p1a: Toxapex|92/100
|-damage|p2a: Urshifu|61/100|[from] item: Rocky Helmet|[of] p1a: Toxapex
|-resisted|p1a: Toxapex
|-crit|p1a: Toxapex
|-damage|p1a: Toxapex|83/100
|-damage|p2a: Urshifu|45/100|[from] item: Rocky Helmet|[of] p1a: Toxapex
|-resisted|p1a: Toxapex
|-crit|p1a: Toxapex
|-damage|p1a: Toxapex|75/100
|-damage|p2a: Urshifu|29/100|[from] item: Rocky Helmet|[of] p1a: Toxapex
|-hitcount|p1a: Toxapex|3
|
|-end|p1a: Toxapex|move: Future Sight
|-supereffective|p1a: Toxapex
|-damage|p1a: Toxapex|7/100
|upkeep
|turn|7
|
|t:|1634322097
|switch|p1a: Buzzwole|Buzzwole|100/100
|move|p2a: Urshifu|Surging Strikes|p1a: Buzzwole
|-crit|p1a: Buzzwole
|-damage|p1a: Buzzwole|79/100
|-crit|p1a: Buzzwole
|-damage|p1a: Buzzwole|59/100
|-crit|p1a: Buzzwole
|-damage|p1a: Buzzwole|38/100
|-hitcount|p1a: Buzzwole|3
|
|upkeep
|turn|8
|
|t:|1634322113
|switch|p2a: Dragapult|Dragapult, F|89/100 tox
|switch|p1a: Toxapex|Toxapex, F|40/100
|
|-damage|p2a: Dragapult|83/100 tox|[from] psn
|upkeep
|turn|9
|
|t:|1634322116
|switch|p1a: Corviknight|Corviknight, F|100/100
|-ability|p1a: Corviknight|Pressure
|move|p2a: Dragapult|Shadow Ball|p1a: Corviknight
|-damage|p1a: Corviknight|63/100
|
|-heal|p1a: Corviknight|69/100|[from] item: Leftovers
|-damage|p2a: Dragapult|71/100 tox|[from] psn
|upkeep
|turn|10
|
|t:|1634322121
|switch|p2a: Heatran|Heatran, F|100/100
|move|p1a: Corviknight|U-turn|p2a: Heatran
|-resisted|p2a: Heatran
|-damage|p2a: Heatran|98/100
|
|t:|1634322123
|switch|p1a: Hippowdon|Hippowdon, F|100/100|[from]move: U-turn
|-weather|Sandstorm|[from] ability: Sand Stream|[of] p1a: Hippowdon
|
|-weather|Sandstorm|[upkeep]
|-heal|p2a: Heatran|100/100|[from] item: Leftovers
|upkeep
|turn|11
|
|t:|1634322132
|switch|p2a: Slowbro|Slowbro, M, shiny|100/100
|move|p1a: Hippowdon|Earthquake|p2a: Slowbro
|-damage|p2a: Slowbro|78/100
|
|-weather|Sandstorm|[upkeep]
|-damage|p2a: Slowbro|72/100|[from] Sandstorm
|upkeep
|turn|12
|
|t:|1634322134
|move|p1a: Hippowdon|Toxic|p2a: Slowbro
|-status|p2a: Slowbro|tox
|move|p2a: Slowbro|Future Sight|p1a: Hippowdon
|-start|p2a: Slowbro|move: Future Sight
|
|-weather|Sandstorm|[upkeep]
|-damage|p2a: Slowbro|65/100 tox|[from] Sandstorm
|-damage|p2a: Slowbro|59/100 tox|[from] psn
|upkeep
|turn|13
|
|t:|1634322137
|move|p1a: Hippowdon|Stealth Rock|p2a: Slowbro
|-sidestart|p2: cump2|move: Stealth Rock
|move|p2a: Slowbro|Teleport|p2a: Slowbro
|
|t:|1634322141
|switch|p2a: Urshifu|Urshifu-Rapid-Strike, F, shiny|29/100|[from]move: Teleport
|-damage|p2a: Urshifu|22/100|[from] Stealth Rock
|
|-weather|Sandstorm|[upkeep]
|-damage|p2a: Urshifu|16/100|[from] Sandstorm
|upkeep
|turn|14
|
|t:|1634322145
|switch|p1a: Toxapex|Toxapex, F|73/100
|move|p2a: Urshifu|U-turn|p1a: Toxapex
|-resisted|p1a: Toxapex
|-damage|p1a: Toxapex|62/100
|-damage|p2a: Urshifu|0 fnt|[from] item: Rocky Helmet|[of] p1a: Toxapex
|faint|p2a: Urshifu
|
|-weather|none
|-end|p1a: Toxapex|move: Future Sight
|-supereffective|p1a: Toxapex
|-damage|p1a: Toxapex|0 fnt
|faint|p1a: Toxapex
|upkeep
|
|t:|1634322155
|switch|p2a: Landorus|Landorus-Therian, M|100/100
|switch|p1a: Buzzwole|Buzzwole|38/100
|-damage|p2a: Landorus|88/100|[from] Stealth Rock
|-ability|p2a: Landorus|Intimidate|boost
|-unboost|p1a: Buzzwole|atk|1
|turn|15
|
|t:|1634322158
|move|p1a: Buzzwole|Ice Punch|p2a: Landorus
|-supereffective|p2a: Landorus
|-damage|p2a: Landorus|0 fnt
|faint|p2a: Landorus
|-ability|p1a: Buzzwole|Beast Boost|boost
|-boost|p1a: Buzzwole|atk|1
|
|upkeep
|
|t:|1634322164
|switch|p2a: Slowbro|Slowbro, M, shiny|93/100 tox
|-damage|p2a: Slowbro|80/100 tox|[from] Stealth Rock
|turn|16
|
|t:|1634322167
|move|p1a: Buzzwole|Roost|p1a: Buzzwole
|-heal|p1a: Buzzwole|88/100
|-singleturn|p1a: Buzzwole|move: Roost
|move|p2a: Slowbro|Future Sight|p1a: Buzzwole
|-start|p2a: Slowbro|move: Future Sight
|
|-damage|p2a: Slowbro|74/100 tox|[from] psn
|upkeep
|turn|17
|
|t:|1634322182
|switch|p1a: Corviknight|Corviknight, F|69/100
|-ability|p1a: Corviknight|Pressure
|move|p2a: Slowbro|Scald|p1a: Corviknight
|-damage|p1a: Corviknight|50/100
|
|-heal|p1a: Corviknight|56/100|[from] item: Leftovers
|-damage|p2a: Slowbro|62/100 tox|[from] psn
|upkeep
|turn|18
|
|t:|1634322189
|move|p1a: Corviknight|Roost|p1a: Corviknight
|-heal|p1a: Corviknight|100/100
|-singleturn|p1a: Corviknight|move: Roost
|move|p2a: Slowbro|Teleport|p2a: Slowbro
|
|t:|1634322192
|switch|p2a: Heatran|Heatran, F|100/100|[from]move: Teleport
|-damage|p2a: Heatran|88/100|[from] Stealth Rock
|
|-end|p1a: Corviknight|move: Future Sight
|-resisted|p1a: Corviknight
|-damage|p1a: Corviknight|86/100
|-heal|p2a: Heatran|94/100|[from] item: Leftovers
|-heal|p1a: Corviknight|92/100|[from] item: Leftovers
|upkeep
|turn|19
|
|t:|1634322196
|switch|p1a: Hippowdon|Hippowdon, F|100/100
|-weather|Sandstorm|[from] ability: Sand Stream|[of] p1a: Hippowdon
|move|p2a: Heatran|Toxic|p1a: Hippowdon
|-status|p1a: Hippowdon|tox
|
|-weather|Sandstorm|[upkeep]
|-heal|p2a: Heatran|100/100|[from] item: Leftovers
|-damage|p1a: Hippowdon|94/100 tox|[from] psn
|upkeep
|turn|20
|
|t:|1634322201
|switch|p2a: Slowbro|Slowbro, M, shiny|95/100 tox
|-damage|p2a: Slowbro|83/100 tox|[from] Stealth Rock
|move|p1a: Hippowdon|Earthquake|p2a: Slowbro
|-damage|p2a: Slowbro|60/100 tox
|
|-weather|Sandstorm|[upkeep]
|-damage|p2a: Slowbro|54/100 tox|[from] Sandstorm
|-heal|p1a: Hippowdon|100/100 tox|[from] item: Leftovers
|-damage|p1a: Hippowdon|88/100 tox|[from] psn
|-damage|p2a: Slowbro|48/100 tox|[from] psn
|upkeep
|turn|21
|
|t:|1634322206
|move|p1a: Hippowdon|Earthquake|p2a: Slowbro
|-damage|p2a: Slowbro|24/100 tox
|move|p2a: Slowbro|Slack Off|p2a: Slowbro
|-heal|p2a: Slowbro|74/100 tox
|
|-weather|Sandstorm|[upkeep]
|-damage|p2a: Slowbro|68/100 tox|[from] Sandstorm
|-heal|p1a: Hippowdon|94/100 tox|[from] item: Leftovers
|-damage|p1a: Hippowdon|76/100 tox|[from] psn
|-damage|p2a: Slowbro|56/100 tox|[from] psn
|upkeep
|turn|22
|
|t:|1634322231
|switch|p1a: Clefable|Clefable, F|100/100
|move|p2a: Slowbro|Teleport|p2a: Slowbro
|
|t:|1634322234
|switch|p2a: Heatran|Heatran, F|100/100|[from]move: Teleport
|-damage|p2a: Heatran|88/100|[from] Stealth Rock
|
|-weather|Sandstorm|[upkeep]
|-heal|p2a: Heatran|94/100|[from] item: Leftovers
|upkeep
|turn|23
|
|t:|1634322238
|move|p2a: Heatran|Magma Storm|p1a: Clefable
|-damage|p1a: Clefable|64/100
|-activate|p1a: Clefable|move: Magma Storm|[of] p2a: Heatran
|move|p1a: Clefable|Trick|p2a: Heatran
|-activate|p1a: Clefable|move: Trick|[of] p2a: Heatran
|-item|p2a: Heatran|Sticky Barb|[from] move: Trick
|-item|p1a: Clefable|Leftovers|[from] move: Trick
|
|-weather|none
|-heal|p1a: Clefable|71/100|[from] item: Leftovers
|-damage|p2a: Heatran|82/100|[from] item: Sticky Barb
|upkeep
|turn|24
|
|t:|1634322262
|move|p2a: Heatran|Magma Storm|p1a: Clefable
|-damage|p1a: Clefable|38/100
|move|p1a: Clefable|Soft-Boiled|p1a: Clefable
|-heal|p1a: Clefable|88/100
|
|-heal|p1a: Clefable|94/100|[from] item: Leftovers
|-damage|p2a: Heatran|69/100|[from] item: Sticky Barb
|upkeep
|turn|25
|
|t:|1634322266
|switch|p2a: Slowbro|Slowbro, M, shiny|89/100 tox
|-damage|p2a: Slowbro|76/100 tox|[from] Stealth Rock
|move|p1a: Clefable|Moonblast|p2a: Slowbro
|-damage|p2a: Slowbro|44/100 tox
|-unboost|p2a: Slowbro|spa|1
|
|-heal|p1a: Clefable|99/100|[from] item: Leftovers
|-damage|p2a: Slowbro|38/100 tox|[from] psn
|-end|p1a: Clefable|Magma Storm|[partiallytrapped]|[silent]
|upkeep
|turn|26
|-message|cump2 forfeited.
|
|win|Ava<3
|raw|Ava&lt;3's rating: 1592 &rarr; <strong>1615</strong><br />(+23 for winning)
|raw|cump2's rating: 1640 &rarr; <strong>1617</strong><br />(-23 for losing)
|l|☆cump2
||Ladder isn't responding, score probably updated but might not have (Request timeout).
