|j|☆LT71LX Acey2B
|j|☆isheavydead
|t:|1596838265
|player|p1|LT71LX Acey2B|winona-gen6|1608
|player|p2|isheavydead|169|1667
|teamsize|p1|6
|teamsize|p2|6
|gametype|singles
|gen|8
|tier|[Gen 8] OU
|rated|
|clearpoke
|poke|p1|Torkoal, M|
|poke|p1|Charizard, F|
|poke|p1|Venusaur, M|
|poke|p1|Blissey, F|
|poke|p1|Corviknight, F|
|poke|p1|Zeraora|
|poke|p2|Pelipper, M|
|poke|p2|Crawdaunt, F|
|poke|p2|Seismitoad, M|
|poke|p2|Clefable, F|
|poke|p2|Corviknight, F|
|poke|p2|Kingdra, F|
|rule|Sleep Clause Mod: Limit one foe put to sleep
|rule|Species Clause: Limit one of each Pokémon
|rule|OHKO Clause: OHKO moves are banned
|rule|Evasion Moves Clause: Evasion moves are banned
|rule|Endless Battle Clause: Forcing endless battles is banned
|rule|HP Percentage Mod: HP is shown in percentages
|rule|Dynamax Clause: You cannot dynamax
|teampreview
|
|t:|1596838278
|start
|switch|p1a: Zeraora|Zeraora|100/100
|switch|p2a: Pelipper|Pelipper, M|100/100
|-weather|RainDance|[from] ability: Drizzle|[of] p2a: Pelipper
|turn|1
|inactive|Battle timer is ON: inactive players will automatically lose when time's up. (requested by LT71LX Acey2B)
|
|t:|1596838294
|switch|p2a: Seismitoad|Seismitoad, M|100/100
|move|p1a: Zeraora|Knock Off|p2a: Seismitoad
|-damage|p2a: Seismitoad|63/100
|-enditem|p2a: Seismitoad|Life Orb|[from] move: Knock Off|[of] p1a: Zeraora
|
|-weather|RainDance|[upkeep]
|upkeep
|turn|2
|
|t:|1596838299
|switch|p1a: Blissey|Blissey, F|100/100
|move|p2a: Seismitoad|Hydro Pump|p1a: Blissey|[miss]
|-miss|p2a: Seismitoad|p1a: Blissey
|
|-weather|RainDance|[upkeep]
|upkeep
|turn|3
|
|t:|1596838305
|move|p2a: Seismitoad|Stealth Rock|p1a: Blissey
|-sidestart|p1: LT71LX Acey2B|move: Stealth Rock
|move|p1a: Blissey|Toxic|p2a: Seismitoad
|-status|p2a: Seismitoad|tox
|
|-weather|RainDance|[upkeep]
|-damage|p2a: Seismitoad|57/100 tox|[from] psn
|upkeep
|turn|4
|
|t:|1596838308
|switch|p2a: Crawdaunt|Crawdaunt, F|100/100
|move|p1a: Blissey|Soft-Boiled||[still]
|-fail|p1a: Blissey|heal
|
|-weather|RainDance|[upkeep]
|upkeep
|turn|5
|
|t:|1596838320
|switch|p1a: Charizard|Charizard, F|100/100
|-damage|p1a: Charizard|51/100|[from] Stealth Rock
|move|p2a: Crawdaunt|Knock Off|p1a: Charizard
|-damage|p1a: Charizard|0 fnt
|-enditem|p1a: Charizard|Choice Specs|[from] move: Knock Off|[of] p2a: Crawdaunt
|faint|p1a: Charizard
|
|-weather|RainDance|[upkeep]
|upkeep
|
|t:|1596838324
|switch|p1a: Zeraora|Zeraora|100/100
|turn|6
|
|t:|1596838327
|switch|p2a: Seismitoad|Seismitoad, M|57/100 tox
|move|p1a: Zeraora|Close Combat|p2a: Seismitoad
|-damage|p2a: Seismitoad|11/100 tox
|-unboost|p1a: Zeraora|def|1
|-unboost|p1a: Zeraora|spd|1
|
|-weather|RainDance|[upkeep]
|-damage|p2a: Seismitoad|5/100 tox|[from] psn
|upkeep
|turn|7
|
|t:|1596838332
|switch|p1a: Blissey|Blissey, F|100/100
|move|p2a: Seismitoad|Hydro Pump|p1a: Blissey
|-damage|p1a: Blissey|76/100
|
|-weather|RainDance|[upkeep]
|-damage|p2a: Seismitoad|0 fnt|[from] psn
|faint|p2a: Seismitoad
|upkeep
|j| Ske
|
|t:|1596838336
|switch|p2a: Crawdaunt|Crawdaunt, F|100/100
|turn|8
|
|t:|1596838343
|move|p2a: Crawdaunt|Knock Off|p1a: Blissey
|-damage|p1a: Blissey|0 fnt
|-enditem|p1a: Blissey|Heavy-Duty Boots|[from] move: Knock Off|[of] p2a: Crawdaunt
|faint|p1a: Blissey
|
|-weather|none
|upkeep
|
|t:|1596838347
|switch|p1a: Zeraora|Zeraora|100/100
|turn|9
|
|t:|1596838354
|switch|p2a: Pelipper|Pelipper, M|100/100
|-weather|RainDance|[from] ability: Drizzle|[of] p2a: Pelipper
|move|p1a: Zeraora|Plasma Fists|p2a: Pelipper
|-supereffective|p2a: Pelipper
|-damage|p2a: Pelipper|0 fnt
|-fieldactivate|move: Ion Deluge
|faint|p2a: Pelipper
|
|-weather|RainDance|[upkeep]
|upkeep
|
|t:|1596838357
|switch|p2a: Kingdra|Kingdra, F|100/100
|turn|10
|
|t:|1596838363
|switch|p1a: Torkoal|Torkoal, M|100/100
|-damage|p1a: Torkoal|76/100|[from] Stealth Rock
|-weather|SunnyDay|[from] ability: Drought|[of] p1a: Torkoal
|move|p2a: Kingdra|Surf|p1a: Torkoal
|-supereffective|p1a: Torkoal
|-damage|p1a: Torkoal|0 fnt
|faint|p1a: Torkoal
|
|-weather|SunnyDay|[upkeep]
|upkeep
|
|t:|1596838365
|switch|p1a: Venusaur|Venusaur, M|100/100
|-damage|p1a: Venusaur|88/100|[from] Stealth Rock
|turn|11
|
|t:|1596838369
|move|p1a: Venusaur|Growth|p1a: Venusaur
|-boost|p1a: Venusaur|atk|2
|-boost|p1a: Venusaur|spa|2
|move|p2a: Kingdra|Surf|p1a: Venusaur
|-resisted|p1a: Venusaur
|-damage|p1a: Venusaur|70/100
|
|-weather|SunnyDay|[upkeep]
|upkeep
|turn|12
|
|t:|1596838373
|move|p1a: Venusaur|Giga Drain|p2a: Kingdra
|-damage|p2a: Kingdra|0 fnt
|-heal|p1a: Venusaur|100/100|[from] drain|[of] p2a: Kingdra
|-damage|p1a: Venusaur|91/100|[from] item: Life Orb
|faint|p2a: Kingdra
|
|-weather|SunnyDay|[upkeep]
|upkeep
|
|t:|1596838379
|switch|p2a: Crawdaunt|Crawdaunt, F|100/100
|turn|13
|
|t:|1596838382
|move|p1a: Venusaur|Giga Drain|p2a: Crawdaunt
|-supereffective|p2a: Crawdaunt
|-damage|p2a: Crawdaunt|0 fnt
|-heal|p1a: Venusaur|100/100|[from] drain|[of] p2a: Crawdaunt
|-damage|p1a: Venusaur|91/100|[from] item: Life Orb
|faint|p2a: Crawdaunt
|
|-weather|SunnyDay|[upkeep]
|upkeep
|l| Ske
|-message|isheavydead forfeited.
|
|win|LT71LX Acey2B
|l|☆isheavydead
|raw|LT71LX Acey2B's rating: 1608 &rarr; <strong>1631</strong><br />(+23 for winning)
|raw|isheavydead's rating: 1667 &rarr; <strong>1643</strong><br />(-24 for losing)
