|j|☆ultimategoogolplex
|j|☆uto RAR
|t:|1667438454
|gametype|singles
|player|p1|ultimategoogolplex|2|1732
|player|p2|uto RAR|hilbert|1755
|teamsize|p1|6
|teamsize|p2|6
|gen|8
|tier|[Gen 8] OU
|rated|
|rule|Sleep Clause Mod: Limit one foe put to sleep
|rule|Species Clause: Limit one of each Pokémon
|rule|OHKO Clause: OHKO moves are banned
|rule|Evasion Items Clause: Evasion items are banned
|rule|Evasion Moves Clause: Evasion moves are banned
|rule|Endless Battle Clause: Forcing endless battles is banned
|rule|HP Percentage Mod: HP is shown in percentages
|rule|Dynamax Clause: You cannot dynamax
|clearpoke
|poke|p1|Weavile, F|
|poke|p1|Volcanion|
|poke|p1|Zapdos|
|poke|p1|Landorus-Therian, M|
|poke|p1|Kartana|
|poke|p1|Melmetal|
|poke|p2|Tyranitar, F|
|poke|p2|Excadrill, M|
|poke|p2|Buzzwole|
|poke|p2|Ferrothorn, M|
|poke|p2|Tornadus-Therian, M|
|poke|p2|Slowbro, F|
|teampreview
|inactive|Battle timer is ON: inactive players will automatically lose when time's up. (requested by ultimategoogolplex)
|
|t:|1667438468
|start
|switch|p1a: Weavile|Weavile, F|100/100
|switch|p2a: Ferrothorn|Ferrothorn, M|100/100
|-ability|p1a: Weavile|Pressure
|turn|1
|
|t:|1667438478
|switch|p1a: Landorus|Landorus-Therian, M|100/100
|-ability|p1a: Landorus|Intimidate|boost
|-unboost|p2a: Ferrothorn|atk|1
|move|p2a: Ferrothorn|Knock Off|p1a: Landorus
|-damage|p1a: Landorus|91/100
|-enditem|p1a: Landorus|Leftovers|[from] move: Knock Off|[of] p2a: Ferrothorn
|
|upkeep
|turn|2
|
|t:|1667438486
|switch|p1a: Volcanion|Volcanion|100/100
|move|p2a: Ferrothorn|Stealth Rock|p1a: Volcanion
|-sidestart|p1: ultimategoogolplex|move: Stealth Rock
|
|upkeep
|turn|3
|
|t:|1667438492
|switch|p2a: Slowbro|Slowbro, F|100/100
|move|p1a: Volcanion|Steam Eruption|p2a: Slowbro
|-resisted|p2a: Slowbro
|-damage|p2a: Slowbro|67/100
|-status|p2a: Slowbro|brn
|
|-damage|p2a: Slowbro|61/100 brn|[from] brn
|upkeep
|turn|4
|
|t:|1667438502
|switch|p1a: Zapdos|Zapdos|100/100
|move|p2a: Slowbro|Slack Off|p2a: Slowbro
|-heal|p2a: Slowbro|100/100 brn
|
|-damage|p2a: Slowbro|94/100 brn|[from] brn
|upkeep
|turn|5
|
|t:|1667438509
|switch|p2a: Tyranitar|Tyranitar, F|100/100
|-weather|Sandstorm|[from] ability: Sand Stream|[of] p2a: Tyranitar
|move|p1a: Zapdos|Defog|p2a: Tyranitar
|-unboost|p2a: Tyranitar|evasion|1
|-sideend|p1: ultimategoogolplex|Stealth Rock|[from] move: Defog|[of] p1a: Zapdos
|
|-weather|Sandstorm|[upkeep]
|-damage|p1a: Zapdos|94/100|[from] Sandstorm
|upkeep
|turn|6
|
|t:|1667438520
|move|p1a: Zapdos|Volt Switch|p2a: Tyranitar
|-damage|p2a: Tyranitar|83/100
|
|t:|1667438523
|switch|p1a: Melmetal|Melmetal|100/100|[from]move: Volt Switch
|move|p2a: Tyranitar|Crunch|p1a: Melmetal
|-damage|p1a: Melmetal|61/100
|
|-weather|Sandstorm|[upkeep]
|upkeep
|turn|7
|
|t:|1667438532
|switch|p2a: Ferrothorn|Ferrothorn, M|100/100
|switch|p1a: Volcanion|Volcanion|100/100
|
|-weather|Sandstorm|[upkeep]
|-damage|p1a: Volcanion|95/100|[from] Sandstorm
|upkeep
|turn|8
|j| musik37
|
|t:|1667438540
|switch|p1a: Weavile|Weavile, F|100/100
|-ability|p1a: Weavile|Pressure
|switch|p2a: Slowbro|Slowbro, F|100/100 brn
|
|-weather|Sandstorm|[upkeep]
|-damage|p1a: Weavile|94/100|[from] Sandstorm
|-damage|p2a: Slowbro|94/100 brn|[from] Sandstorm
|-damage|p2a: Slowbro|88/100 brn|[from] brn
|upkeep
|turn|9
|
|t:|1667438549
|switch|p2a: Ferrothorn|Ferrothorn, M|100/100
|move|p1a: Weavile|Knock Off|p2a: Ferrothorn
|-damage|p2a: Ferrothorn|46/100
|-damage|p1a: Weavile|82/100|[from] ability: Iron Barbs|[of] p2a: Ferrothorn
|-enditem|p2a: Ferrothorn|Leftovers|[from] move: Knock Off|[of] p1a: Weavile
|
|-weather|none
|upkeep
|turn|10
|
|t:|1667438558
|switch|p1a: Landorus|Landorus-Therian, M|91/100
|-ability|p1a: Landorus|Intimidate|boost
|-unboost|p2a: Ferrothorn|atk|1
|move|p2a: Ferrothorn|Stealth Rock|p1a: Landorus
|-sidestart|p1: ultimategoogolplex|move: Stealth Rock
|
|upkeep
|turn|11
|
|t:|1667438565
|move|p1a: Landorus|Earthquake|p2a: Ferrothorn
|-damage|p2a: Ferrothorn|16/100
|move|p2a: Ferrothorn|Leech Seed|p1a: Landorus
|-start|p1a: Landorus|move: Leech Seed
|
|-damage|p1a: Landorus|78/100|[from] Leech Seed|[of] p2a: Ferrothorn
|-heal|p2a: Ferrothorn|29/100|[silent]
|upkeep
|turn|12
|
|t:|1667438572
|switch|p2a: Tornadus|Tornadus-Therian, M|100/100
|move|p1a: Landorus|U-turn|p2a: Tornadus
|-resisted|p2a: Tornadus
|-damage|p2a: Tornadus|88/100
|
|t:|1667438577
|switch|p1a: Zapdos|Zapdos|94/100|[from]move: U-turn
|
|upkeep
|turn|13
|
|t:|1667438581
|move|p2a: Tornadus|Toxic|p1a: Zapdos
|-status|p1a: Zapdos|tox
|move|p1a: Zapdos|Defog|p2a: Tornadus
|-unboost|p2a: Tornadus|evasion|1
|-sideend|p1: ultimategoogolplex|Stealth Rock|[from] move: Defog|[of] p1a: Zapdos
|
|-damage|p1a: Zapdos|88/100 tox|[from] psn
|upkeep
|turn|14
|
|t:|1667438590
|switch|p1a: Landorus|Landorus-Therian, M|78/100
|-ability|p1a: Landorus|Intimidate|boost
|-unboost|p2a: Tornadus|atk|1
|move|p2a: Tornadus|Knock Off|p1a: Landorus
|-damage|p1a: Landorus|71/100
|
|upkeep
|turn|15
|
|t:|1667438597
|move|p2a: Tornadus|Toxic|p1a: Landorus
|-status|p1a: Landorus|tox
|move|p1a: Landorus|U-turn|p2a: Tornadus
|-resisted|p2a: Tornadus
|-damage|p2a: Tornadus|76/100
|
|t:|1667438603
|switch|p1a: Volcanion|Volcanion|95/100|[from]move: U-turn
|
|upkeep
|turn|16
|
|t:|1667438609
|move|p2a: Tornadus|U-turn|p1a: Volcanion
|-resisted|p1a: Volcanion
|-crit|p1a: Volcanion
|-damage|p1a: Volcanion|83/100
|
|t:|1667438612
|switch|p2a: Slowbro|Slowbro, F|100/100 brn|[from]move: U-turn
|move|p1a: Volcanion|Steam Eruption|p2a: Slowbro
|-resisted|p2a: Slowbro
|-damage|p2a: Slowbro|70/100 brn
|
|-damage|p2a: Slowbro|64/100 brn|[from] brn
|upkeep
|turn|17
|
|t:|1667438622
|move|p1a: Volcanion|Steam Eruption|p2a: Slowbro
|-resisted|p2a: Slowbro
|-damage|p2a: Slowbro|31/100 brn
|move|p2a: Slowbro|Teleport|p2a: Slowbro
|
|t:|1667438628
|switch|p2a: Tornadus|Tornadus-Therian, M|100/100|[from]move: Teleport
|
|upkeep
|turn|18
|
|t:|1667438632
|switch|p1a: Zapdos|Zapdos|88/100 tox
|move|p2a: Tornadus|Knock Off|p1a: Zapdos
|-damage|p1a: Zapdos|73/100 tox
|-enditem|p1a: Zapdos|Heavy-Duty Boots|[from] move: Knock Off|[of] p2a: Tornadus
|
|-damage|p1a: Zapdos|67/100 tox|[from] psn
|upkeep
|turn|19
|
|t:|1667438640
|switch|p2a: Tyranitar|Tyranitar, F|83/100
|-weather|Sandstorm|[from] ability: Sand Stream|[of] p2a: Tyranitar
|move|p1a: Zapdos|Volt Switch|p2a: Tyranitar
|-damage|p2a: Tyranitar|61/100
|
|t:|1667438649
|switch|p1a: Kartana|Kartana|100/100|[from]move: Volt Switch
|
|-weather|Sandstorm|[upkeep]
|upkeep
|turn|20
|
|t:|1667438655
|switch|p2a: Tornadus|Tornadus-Therian, M|100/100
|move|p1a: Kartana|Knock Off|p2a: Tornadus
|-damage|p2a: Tornadus|53/100
|-enditem|p2a: Tornadus|Heavy-Duty Boots|[from] move: Knock Off|[of] p1a: Kartana
|
|-weather|Sandstorm|[upkeep]
|-damage|p2a: Tornadus|47/100|[from] Sandstorm
|upkeep
|turn|21
|
|t:|1667438664
|switch|p1a: Melmetal|Melmetal|61/100
|move|p2a: Tornadus|U-turn|p1a: Melmetal
|-resisted|p1a: Melmetal
|-damage|p1a: Melmetal|57/100
|
|t:|1667438672
|switch|p2a: Slowbro|Slowbro, F|64/100 brn|[from]move: U-turn
|
|-weather|Sandstorm|[upkeep]
|-damage|p2a: Slowbro|58/100 brn|[from] Sandstorm
|-damage|p2a: Slowbro|52/100 brn|[from] brn
|upkeep
|turn|22
|
|t:|1667438680
|switch|p1a: Weavile|Weavile, F|82/100
|-ability|p1a: Weavile|Pressure
|move|p2a: Slowbro|Slack Off|p2a: Slowbro
|-heal|p2a: Slowbro|100/100 brn
|
|-weather|Sandstorm|[upkeep]
|-damage|p1a: Weavile|76/100|[from] Sandstorm
|-damage|p2a: Slowbro|94/100 brn|[from] Sandstorm
|-damage|p2a: Slowbro|88/100 brn|[from] brn
|upkeep
|turn|23
|
|t:|1667438689
|switch|p2a: Buzzwole|Buzzwole|100/100
|move|p1a: Weavile|Knock Off|p2a: Buzzwole
|-resisted|p2a: Buzzwole
|-damage|p2a: Buzzwole|77/100
|-damage|p1a: Weavile|60/100|[from] item: Rocky Helmet|[of] p2a: Buzzwole
|-enditem|p2a: Buzzwole|Rocky Helmet|[from] move: Knock Off|[of] p1a: Weavile
|
|-weather|none
|upkeep
|turn|24
|
|t:|1667438700
|switch|p1a: Zapdos|Zapdos|67/100 tox
|move|p2a: Buzzwole|Ice Punch|p1a: Zapdos
|-supereffective|p1a: Zapdos
|-damage|p1a: Zapdos|25/100 tox
|
|-damage|p1a: Zapdos|19/100 tox|[from] psn
|upkeep
|turn|25
|
|t:|1667438709
|switch|p2a: Tyranitar|Tyranitar, F|61/100
|-weather|Sandstorm|[from] ability: Sand Stream|[of] p2a: Tyranitar
|move|p1a: Zapdos|Volt Switch|p2a: Tyranitar
|-damage|p2a: Tyranitar|40/100
|
|t:|1667438716
|switch|p1a: Kartana|Kartana|100/100|[from]move: Volt Switch
|
|-weather|Sandstorm|[upkeep]
|upkeep
|turn|26
|
|t:|1667438723
|switch|p1a: Volcanion|Volcanion|83/100
|switch|p2a: Tornadus|Tornadus-Therian, M|81/100
|
|-weather|Sandstorm|[upkeep]
|-damage|p2a: Tornadus|74/100|[from] Sandstorm
|-damage|p1a: Volcanion|77/100|[from] Sandstorm
|upkeep
|turn|27
|
|t:|1667438733
|switch|p1a: Melmetal|Melmetal|57/100
|move|p2a: Tornadus|Knock Off|p1a: Melmetal
|-damage|p1a: Melmetal|46/100
|-enditem|p1a: Melmetal|Assault Vest|[from] move: Knock Off|[of] p2a: Tornadus
|
|-weather|Sandstorm|[upkeep]
|-damage|p2a: Tornadus|68/100|[from] Sandstorm
|upkeep
|turn|28
|
|t:|1667438741
|move|p2a: Tornadus|U-turn|p1a: Melmetal
|-resisted|p1a: Melmetal
|-damage|p1a: Melmetal|42/100
|
|t:|1667438747
|switch|p2a: Buzzwole|Buzzwole|77/100|[from]move: U-turn
|move|p1a: Melmetal|Double Iron Bash|p2a: Buzzwole
|-damage|p2a: Buzzwole|54/100
|-damage|p2a: Buzzwole|28/100
|-hitcount|p2a: Buzzwole|2
|
|-weather|Sandstorm|[upkeep]
|-damage|p2a: Buzzwole|22/100|[from] Sandstorm
|upkeep
|turn|29
|
|t:|1667438755
|move|p2a: Buzzwole|Roost|p2a: Buzzwole
|-heal|p2a: Buzzwole|72/100
|-singleturn|p2a: Buzzwole|move: Roost
|move|p1a: Melmetal|Double Iron Bash|p2a: Buzzwole
|-damage|p2a: Buzzwole|48/100
|-damage|p2a: Buzzwole|25/100
|-hitcount|p2a: Buzzwole|2
|
|-weather|none
|upkeep
|turn|30
|
|t:|1667438763
|switch|p1a: Volcanion|Volcanion|77/100
|move|p2a: Buzzwole|Roost|p2a: Buzzwole
|-heal|p2a: Buzzwole|75/100
|-singleturn|p2a: Buzzwole|move: Roost
|
|upkeep
|turn|31
|
|t:|1667438769
|switch|p2a: Slowbro|Slowbro, F|100/100 brn
|move|p1a: Volcanion|Sludge Wave|p2a: Slowbro
|-damage|p2a: Slowbro|62/100 brn
|
|-damage|p2a: Slowbro|56/100 brn|[from] brn
|upkeep
|turn|32
|
|t:|1667438777
|switch|p1a: Weavile|Weavile, F|60/100
|-ability|p1a: Weavile|Pressure
|move|p2a: Slowbro|Slack Off|p2a: Slowbro
|-heal|p2a: Slowbro|100/100 brn
|
|-damage|p2a: Slowbro|94/100 brn|[from] brn
|upkeep
|turn|33
|
|t:|1667438785
|switch|p2a: Buzzwole|Buzzwole|75/100
|move|p1a: Weavile|Triple Axel|p2a: Buzzwole
|-damage|p2a: Buzzwole|66/100
|-damage|p2a: Buzzwole|46/100
|-damage|p2a: Buzzwole|15/100
|-hitcount|p2a: Buzzwole|3
|
|upkeep
|turn|34
|
|t:|1667438793
|switch|p2a: Ferrothorn|Ferrothorn, M|29/100
|move|p1a: Weavile|Triple Axel|p2a: Ferrothorn
|-damage|p2a: Ferrothorn|18/100
|-damage|p1a: Weavile|47/100|[from] ability: Iron Barbs|[of] p2a: Ferrothorn
|-damage|p2a: Ferrothorn|0 fnt
|-damage|p1a: Weavile|35/100|[from] ability: Iron Barbs|[of] p2a: Ferrothorn
|faint|p2a: Ferrothorn
|-hitcount|p2: Ferrothorn|2
|
|upkeep
|
|t:|1667438802
|switch|p2a: Slowbro|Slowbro, F|100/100 brn
|turn|35
|
|t:|1667438806
|switch|p1a: Volcanion|Volcanion|77/100
|move|p2a: Slowbro|Future Sight|p1a: Volcanion
|-start|p2a: Slowbro|move: Future Sight
|
|-damage|p2a: Slowbro|94/100 brn|[from] brn
|upkeep
|turn|36
|
|t:|1667438812
|move|p1a: Volcanion|Flamethrower|p2a: Slowbro
|-resisted|p2a: Slowbro
|-damage|p2a: Slowbro|69/100 brn
|move|p2a: Slowbro|Teleport|p2a: Slowbro
|
|t:|1667438818
|switch|p2a: Tyranitar|Tyranitar, F|40/100|[from]move: Teleport
|-weather|Sandstorm|[from] ability: Sand Stream|[of] p2a: Tyranitar
|
|-weather|Sandstorm|[upkeep]
|-damage|p1a: Volcanion|71/100|[from] Sandstorm
|upkeep
|turn|37
|
|t:|1667438828
|switch|p1a: Melmetal|Melmetal|42/100
|move|p2a: Tyranitar|Crunch|p1a: Melmetal
|-damage|p1a: Melmetal|2/100
|
|-weather|Sandstorm|[upkeep]
|-end|p1a: Melmetal|move: Future Sight
|-resisted|p1a: Melmetal
|-damage|p1a: Melmetal|0 fnt
|faint|p1a: Melmetal
|upkeep
|
|t:|1667438837
|switch|p1a: Kartana|Kartana|100/100
|turn|38
|
|t:|1667438844
|switch|p2a: Tornadus|Tornadus-Therian, M|100/100
|move|p1a: Kartana|Smart Strike|p2a: Tornadus
|-damage|p2a: Tornadus|54/100
|
|-weather|Sandstorm|[upkeep]
|-damage|p2a: Tornadus|48/100|[from] Sandstorm
|upkeep
|turn|39
|
|t:|1667438852
|move|p1a: Kartana|Smart Strike|p2a: Tornadus
|-damage|p2a: Tornadus|0 fnt
|faint|p2a: Tornadus
|-ability|p1a: Kartana|Beast Boost|boost
|-boost|p1a: Kartana|atk|1
|
|-weather|Sandstorm|[upkeep]
|upkeep
|
|t:|1667438856
|switch|p2a: Slowbro|Slowbro, F|100/100 brn
|turn|40
|
|t:|1667438863
|switch|p1a: Zapdos|Zapdos|19/100 tox
|move|p2a: Slowbro|Teleport|p2a: Slowbro
|
|t:|1667438871
|switch|p2a: Excadrill|Excadrill, M|100/100|[from]move: Teleport
|
|-weather|none
|-damage|p1a: Zapdos|13/100 tox|[from] psn
|upkeep
|turn|41
|
|t:|1667438880
|move|p2a: Excadrill|Swords Dance|p2a: Excadrill
|-boost|p2a: Excadrill|atk|2
|move|p1a: Zapdos|Hurricane|p2a: Excadrill|[miss]
|-miss|p1a: Zapdos|p2a: Excadrill
|
|-damage|p1a: Zapdos|1/100 tox|[from] psn
|upkeep
|turn|42
|
|t:|1667438887
|move|p2a: Excadrill|Rapid Spin|p1a: Zapdos
|-damage|p1a: Zapdos|0 fnt
|-boost|p2a: Excadrill|spe|1
|-status|p2a: Excadrill|par|[from] ability: Static|[of] p1a: Zapdos
|faint|p1a: Zapdos
|
|upkeep
|
|t:|1667438895
|switch|p1a: Landorus|Landorus-Therian, M|71/100 tox
|-ability|p1a: Landorus|Intimidate|boost
|-unboost|p2a: Excadrill|atk|1
|turn|43
|
|t:|1667438903
|move|p1a: Landorus|Earthquake|p2a: Excadrill
|-supereffective|p2a: Excadrill
|-damage|p2a: Excadrill|0 fnt
|faint|p2a: Excadrill
|
|-damage|p1a: Landorus|65/100 tox|[from] psn
|upkeep
|
|t:|1667438905
|switch|p2a: Buzzwole|Buzzwole|15/100
|turn|44
|
|t:|1667438914
|move|p1a: Landorus|U-turn|p2a: Buzzwole
|-resisted|p2a: Buzzwole
|-damage|p2a: Buzzwole|9/100
|
|t:|1667438916
|switch|p1a: Volcanion|Volcanion|71/100|[from]move: U-turn
|move|p2a: Buzzwole|Roost|p2a: Buzzwole
|-heal|p2a: Buzzwole|59/100
|-singleturn|p2a: Buzzwole|move: Roost
|
|upkeep
|turn|45
|
|t:|1667438924
|switch|p2a: Slowbro|Slowbro, F|100/100 brn
|move|p1a: Volcanion|Steam Eruption|p2a: Slowbro
|-resisted|p2a: Slowbro
|-damage|p2a: Slowbro|69/100 brn
|
|-damage|p2a: Slowbro|63/100 brn|[from] brn
|upkeep
|turn|46
|
|t:|1667438938
|move|p1a: Volcanion|Steam Eruption|p2a: Slowbro
|-resisted|p2a: Slowbro
|-damage|p2a: Slowbro|30/100 brn
|move|p2a: Slowbro|Scald|p1a: Volcanion
|-heal|p1a: Volcanion|96/100|[from] ability: Water Absorb|[of] p2a: Slowbro
|
|-damage|p2a: Slowbro|24/100 brn|[from] brn
|upkeep
|turn|47
|
|t:|1667438948
|switch|p2a: Tyranitar|Tyranitar, F|40/100
|-weather|Sandstorm|[from] ability: Sand Stream|[of] p2a: Tyranitar
|move|p1a: Volcanion|Steam Eruption|p2a: Tyranitar
|-supereffective|p2a: Tyranitar
|-damage|p2a: Tyranitar|0 fnt
|faint|p2a: Tyranitar
|
|-weather|Sandstorm|[upkeep]
|-damage|p1a: Volcanion|90/100|[from] Sandstorm
|upkeep
|-message|uto RAR forfeited.
|
|win|ultimategoogolplex
|raw|ultimategoogolplex's rating: 1732 &rarr; <strong>1753</strong><br />(+21 for winning)
|raw|uto RAR's rating: 1755 &rarr; <strong>1734</strong><br />(-21 for losing)
|l|☆uto RAR
