|j|☆Justin UA
|j|☆cump3
|t:|1663444086
|gametype|singles
|player|p1|Justin UA|ethan|1755
|player|p2|cump3|schoolkid-gen4|1705
|teamsize|p1|6
|teamsize|p2|6
|gen|8
|tier|[Gen 8] OU
|rated|
|rule|Sleep Clause Mod: Limit one foe put to sleep
|rule|Species Clause: Limit one of each Pokémon
|rule|OHKO Clause: OHKO moves are banned
|rule|Evasion Items Clause: Evasion items are banned
|rule|Evasion Moves Clause: Evasion moves are banned
|rule|Endless Battle Clause: Forcing endless battles is banned
|rule|HP Percentage Mod: HP is shown in percentages
|rule|Dynamax Clause: You cannot dynamax
|clearpoke
|poke|p1|Dragapult, F|
|poke|p1|Urshifu-*, F|
|poke|p1|Tapu Lele|
|poke|p1|Heatran, F|
|poke|p1|Corviknight, M|
|poke|p1|Landorus-Therian, M|
|poke|p2|Skarmory, F|
|poke|p2|Tapu Koko|
|poke|p2|Bisharp, M|
|poke|p2|Hawlucha, F|
|poke|p2|Latias, F|
|poke|p2|Jirachi|
|teampreview
|c|☆cump3|hf
|j| t-yeu
|c|☆Justin UA|u2
|j| 0SiegeWarfare
|
|t:|1663444115
|start
|switch|p1a: Heatran|Heatran, F|100/100
|switch|p2a: Skarmory|Skarmory, F, shiny|100/100
|turn|1
|
|t:|1663444118
|move|p2a: Skarmory|Stealth Rock|p1a: Heatran
|-sidestart|p1: Justin UA|move: Stealth Rock
|move|p1a: Heatran|Magma Storm|p2a: Skarmory|[miss]
|-miss|p1a: Heatran|p2a: Skarmory
|
|upkeep
|turn|2
|
|t:|1663444120
|move|p2a: Skarmory|Spikes|p1a: Heatran
|-sidestart|p1: Justin UA|Spikes
|move|p1a: Heatran|Magma Storm|p2a: Skarmory|[miss]
|-miss|p1a: Heatran|p2a: Skarmory
|
|upkeep
|turn|3
|
|t:|1663444124
|move|p2a: Skarmory|Spikes|p1a: Heatran
|-sidestart|p1: Justin UA|Spikes
|move|p1a: Heatran|Magma Storm|p2a: Skarmory
|-supereffective|p2a: Skarmory
|-ability|p2a: Skarmory|Sturdy
|-damage|p2a: Skarmory|1/100
|-activate|p2a: Skarmory|move: Magma Storm|[of] p1a: Heatran
|
|-damage|p2a: Skarmory|0 fnt|[from] move: Magma Storm|[partiallytrapped]
|faint|p2a: Skarmory
|upkeep
|c| 0SiegeWarfare|...
|
|t:|1663444159
|switch|p2a: Tapu Koko|Tapu Koko, shiny|100/100
|-fieldstart|move: Electric Terrain|[from] ability: Electric Surge|[of] p2a: Tapu Koko
|turn|4
|j| S0loUnBasicNo0b
|
|t:|1663444166
|move|p2a: Tapu Koko|Light Screen|p2a: Tapu Koko
|-sidestart|p2: cump3|move: Light Screen
|move|p1a: Heatran|Magma Storm|p2a: Tapu Koko
|-damage|p2a: Tapu Koko|76/100
|-activate|p2a: Tapu Koko|move: Magma Storm|[of] p1a: Heatran
|
|-damage|p2a: Tapu Koko|64/100|[from] move: Magma Storm|[partiallytrapped]
|upkeep
|turn|5
|
|t:|1663444170
|move|p2a: Tapu Koko|Reflect|p2a: Tapu Koko
|-sidestart|p2: cump3|Reflect
|move|p1a: Heatran|Earth Power|p2a: Tapu Koko
|-supereffective|p2a: Tapu Koko
|-crit|p2a: Tapu Koko
|-damage|p2a: Tapu Koko|0 fnt
|faint|p2a: Tapu Koko
|
|upkeep
|
|t:|1663444175
|switch|p2a: Hawlucha|Hawlucha, F|100/100
|-enditem|p2a: Hawlucha|Electric Seed
|-boost|p2a: Hawlucha|def|1|[from] item: Electric Seed
|turn|6
|
|t:|1663444178
|move|p2a: Hawlucha|Substitute|p2a: Hawlucha
|-start|p2a: Hawlucha|Substitute
|-damage|p2a: Hawlucha|76/100
|move|p1a: Heatran|Toxic||[still]
|-fail|p1a: Heatran
|
|upkeep
|turn|7
|
|t:|1663444185
|move|p2a: Hawlucha|Swords Dance|p2a: Hawlucha
|-boost|p2a: Hawlucha|atk|2
|move|p1a: Heatran|Magma Storm|p2a: Hawlucha
|-crit|p2a: Hawlucha
|-end|p2a: Hawlucha|Substitute
|
|upkeep
|turn|8
|
|t:|1663444191
|move|p2a: Hawlucha|Substitute|p2a: Hawlucha
|-start|p2a: Hawlucha|Substitute
|-damage|p2a: Hawlucha|51/100
|move|p1a: Heatran|Magma Storm|p2a: Hawlucha|[miss]
|-miss|p1a: Heatran|p2a: Hawlucha
|
|-fieldend|move: Electric Terrain
|upkeep
|turn|9
|j| HSGHWTF
|
|t:|1663444201
|switch|p1a: Corviknight|Corviknight, M|100/100
|-damage|p1a: Corviknight|88/100|[from] Stealth Rock
|-ability|p1a: Corviknight|Pressure
|move|p2a: Hawlucha|Swords Dance|p2a: Hawlucha
|-boost|p2a: Hawlucha|atk|2
|
|-heal|p1a: Corviknight|94/100|[from] item: Leftovers
|upkeep
|turn|10
|
|t:|1663444210
|move|p2a: Hawlucha|Drain Punch|p1a: Corviknight
|-damage|p1a: Corviknight|27/100
|-heal|p2a: Hawlucha|88/100|[from] drain|[of] p1a: Corviknight
|move|p1a: Corviknight|Defog|p2a: Hawlucha
|-sideend|p2: cump3|Reflect
|-sideend|p2: cump3|move: Light Screen
|-sideend|p1: Justin UA|Spikes|[from] move: Defog|[of] p1a: Corviknight
|-sideend|p1: Justin UA|Stealth Rock|[from] move: Defog|[of] p1a: Corviknight
|
|-heal|p1a: Corviknight|33/100|[from] item: Leftovers
|upkeep
|turn|11
|
|t:|1663444214
|move|p2a: Hawlucha|Drain Punch|p1a: Corviknight
|-damage|p1a: Corviknight|0 fnt
|-heal|p2a: Hawlucha|100/100|[from] drain|[of] p1a: Corviknight
|faint|p1a: Corviknight
|
|upkeep
|
|t:|1663444228
|switch|p1a: Landorus|Landorus-Therian, M|100/100
|-ability|p1a: Landorus|Intimidate|boost
|-immune|p2a: Hawlucha
|turn|12
|
|t:|1663444230
|move|p2a: Hawlucha|Acrobatics|p1a: Landorus
|-damage|p1a: Landorus|0 fnt
|faint|p1a: Landorus
|
|upkeep
|
|t:|1663444236
|switch|p1a: Dragapult|Dragapult, F, shiny|100/100
|turn|13
|
|t:|1663444239
|move|p2a: Hawlucha|Acrobatics|p1a: Dragapult
|-damage|p1a: Dragapult|0 fnt
|faint|p1a: Dragapult
|
|upkeep
|l| HSGHWTF
|c|☆Justin UA|fuck
|c|☆Justin UA|gg
|-message|Justin UA forfeited.
|j| HSGHWTF
|c|☆cump3|gg
|
|win|cump3
|raw|Justin UA's rating: 1755 &rarr; <strong>1732</strong><br />(-23 for losing)
|raw|cump3's rating: 1705 &rarr; <strong>1728</strong><br />(+23 for winning)
|l|☆Justin UA
|l| HSGHWTF
||Ladder isn't responding, score probably updated but might not have (Request timeout).
