|html|<div class="broadcast-blue"><strong>[Gen 8] OU is currently suspecting Melmetal! For information on how to participate check out the <a href="https://www.smogon.com/forums/threads/np-ss-ou-suspect-process-round-12-monster-mash.3709234/">suspect thread</a>.</strong></div>
|j|☆OUTD Wraks2
|j|☆frizzi tests
|t:|1666066989
|gametype|singles
|player|p1|OUTD Wraks2|101|1631
|player|p2|frizzi tests|steven|1602
|teamsize|p1|6
|teamsize|p2|6
|gen|8
|tier|[Gen 8] OU
|rated|
|rule|Sleep Clause Mod: Limit one foe put to sleep
|rule|Species Clause: Limit one of each Pokémon
|rule|OHKO Clause: OHKO moves are banned
|rule|Evasion Items Clause: Evasion items are banned
|rule|Evasion Moves Clause: Evasion moves are banned
|rule|Endless Battle Clause: Forcing endless battles is banned
|rule|HP Percentage Mod: HP is shown in percentages
|rule|Dynamax Clause: You cannot dynamax
|clearpoke
|poke|p1|Swampert, M|
|poke|p1|Corviknight, M|
|poke|p1|Blissey, F|
|poke|p1|Rillaboom, M|
|poke|p1|Dragapult, F|
|poke|p1|Conkeldurr, M|
|poke|p2|Ferrothorn, F|
|poke|p2|Zapdos|
|poke|p2|Tapu Lele|
|poke|p2|Landorus-Therian, M|
|poke|p2|Toxapex, M|
|poke|p2|Urshifu-*, F|
|teampreview
|inactive|Battle timer is ON: inactive players will automatically lose when time's up. (requested by OUTD Wraks2)
|
|t:|1666067009
|start
|switch|p1a: Dragapult|Dragapult, F|100/100
|switch|p2a: Tapu Lele|Tapu Lele|100/100
|-fieldstart|move: Psychic Terrain|[from] ability: Psychic Surge|[of] p2a: Tapu Lele
|turn|1
|
|t:|1666067012
|switch|p1a: Corviknight|Corviknight, M|100/100
|-ability|p1a: Corviknight|Pressure
|switch|p2a: Toxapex|Toxapex, M|100/100
|
|upkeep
|turn|2
|
|t:|1666067016
|move|p1a: Corviknight|U-turn|p2a: Toxapex
|-resisted|p2a: Toxapex
|-damage|p2a: Toxapex|95/100
|-damage|p1a: Corviknight|84/100|[from] item: Rocky Helmet|[of] p2a: Toxapex
|
|t:|1666067018
|switch|p1a: Blissey|Blissey, F|100/100|[from]move: U-turn
|move|p2a: Toxapex|Knock Off|p1a: Blissey
|-damage|p1a: Blissey|88/100
|-enditem|p1a: Blissey|Heavy-Duty Boots|[from] move: Knock Off|[of] p2a: Toxapex
|
|upkeep
|turn|3
|
|t:|1666067021
|move|p2a: Toxapex|Toxic Spikes|p1a: Blissey
|-sidestart|p1: OUTD Wraks2|move: Toxic Spikes
|move|p1a: Blissey|Teleport|p1a: Blissey
|
|t:|1666067025
|switch|p1a: Corviknight|Corviknight, M|84/100|[from]move: Teleport
|-ability|p1a: Corviknight|Pressure
|
|upkeep
|turn|4
|
|t:|1666067028
|move|p1a: Corviknight|Defog|p2a: Toxapex
|-unboost|p2a: Toxapex|evasion|1
|-sideend|p1: OUTD Wraks2|Toxic Spikes|[from] move: Defog|[of] p1a: Corviknight
|-fieldend|move: Psychic Terrain
|move|p2a: Toxapex|Knock Off|p1a: Corviknight
|-crit|p1a: Corviknight
|-damage|p1a: Corviknight|71/100
|-damage|p2a: Toxapex|78/100|[from] item: Rocky Helmet|[of] p1a: Corviknight
|-enditem|p1a: Corviknight|Rocky Helmet|[from] move: Knock Off|[of] p2a: Toxapex
|
|upkeep
|turn|5
|
|t:|1666067033
|switch|p1a: Conkeldurr|Conkeldurr, M|100/100
|switch|p2a: Zapdos|Zapdos|100/100
|
|-status|p1a: Conkeldurr|brn|[from] item: Flame Orb
|upkeep
|turn|6
|
|t:|1666067037
|switch|p1a: Swampert|Swampert, M|100/100
|move|p2a: Zapdos|Volt Switch|p1a: Swampert
|-immune|p1a: Swampert
|
|upkeep
|turn|7
|
|t:|1666067044
|switch|p2a: Ferrothorn|Ferrothorn, F|100/100
|move|p1a: Swampert|Flip Turn|p2a: Ferrothorn
|-resisted|p2a: Ferrothorn
|-damage|p2a: Ferrothorn|94/100
|-damage|p1a: Swampert|88/100|[from] ability: Iron Barbs|[of] p2a: Ferrothorn
|-damage|p1a: Swampert|72/100|[from] item: Rocky Helmet|[of] p2a: Ferrothorn
|
|t:|1666067047
|switch|p1a: Conkeldurr|Conkeldurr, M|100/100 brn|[from]move: Flip Turn
|
|-damage|p1a: Conkeldurr|95/100 brn|[from] brn
|upkeep
|turn|8
|
|t:|1666067051
|switch|p2a: Landorus|Landorus-Therian, M|100/100
|-ability|p2a: Landorus|Intimidate|boost
|-unboost|p1a: Conkeldurr|atk|1
|move|p1a: Conkeldurr|Facade|p2a: Landorus
|-damage|p2a: Landorus|47/100
|
|-heal|p2a: Landorus|53/100|[from] item: Leftovers
|-damage|p1a: Conkeldurr|89/100 brn|[from] brn
|upkeep
|turn|9
|
|t:|1666067057
|switch|p1a: Corviknight|Corviknight, M|71/100
|-ability|p1a: Corviknight|Pressure
|move|p2a: Landorus|U-turn|p1a: Corviknight
|-resisted|p1a: Corviknight
|-damage|p1a: Corviknight|67/100
|
|t:|1666067062
|switch|p2a: Urshifu|Urshifu-Rapid-Strike, F|100/100|[from]move: U-turn
|
|upkeep
|turn|10
|
|t:|1666067069
|switch|p1a: Dragapult|Dragapult, F|100/100
|move|p2a: Urshifu|Surging Strikes|p1a: Dragapult
|-resisted|p1a: Dragapult
|-crit|p1a: Dragapult
|-damage|p1a: Dragapult|84/100
|-resisted|p1a: Dragapult
|-crit|p1a: Dragapult
|-damage|p1a: Dragapult|65/100
|-resisted|p1a: Dragapult
|-crit|p1a: Dragapult
|-damage|p1a: Dragapult|47/100
|-hitcount|p1a: Dragapult|3
|
|upkeep
|turn|11
|
|t:|1666067082
|move|p1a: Dragapult|Shadow Ball|p2a: Urshifu
|-crit|p2a: Urshifu
|-damage|p2a: Urshifu|0 fnt
|faint|p2a: Urshifu
|
|upkeep
|
|t:|1666067090
|switch|p2a: Toxapex|Toxapex, M|100/100
|turn|12
|c|☆frizzi tests|lucky
|c|☆OUTD Wraks2|I'm sorry
|
|t:|1666067103
|switch|p1a: Conkeldurr|Conkeldurr, M|89/100 brn
|switch|p2a: Tapu Lele|Tapu Lele|100/100
|-fieldstart|move: Psychic Terrain|[from] ability: Psychic Surge|[of] p2a: Tapu Lele
|
|-damage|p1a: Conkeldurr|83/100 brn|[from] brn
|upkeep
|turn|13
|
|t:|1666067110
|switch|p1a: Blissey|Blissey, F|88/100
|move|p2a: Tapu Lele|Psyshock|p1a: Blissey
|-damage|p1a: Blissey|19/100
|
|upkeep
|turn|14
|
|t:|1666067117
|move|p2a: Tapu Lele|Psyshock|p1a: Blissey
|-damage|p1a: Blissey|0 fnt
|faint|p1a: Blissey
|
|upkeep
|
|t:|1666067135
|switch|p1a: Corviknight|Corviknight, M|67/100
|-ability|p1a: Corviknight|Pressure
|turn|15
|
|t:|1666067141
|switch|p2a: Landorus|Landorus-Therian, M|53/100
|-ability|p2a: Landorus|Intimidate|boost
|-unboost|p1a: Corviknight|atk|1
|move|p1a: Corviknight|Roost|p1a: Corviknight
|-heal|p1a: Corviknight|100/100
|-singleturn|p1a: Corviknight|move: Roost
|
|-heal|p2a: Landorus|59/100|[from] item: Leftovers
|upkeep
|turn|16
|
|t:|1666067146
|move|p2a: Landorus|Stealth Rock|p1a: Corviknight
|-sidestart|p1: OUTD Wraks2|move: Stealth Rock
|move|p1a: Corviknight|Brave Bird|p2a: Landorus
|-damage|p2a: Landorus|36/100
|-damage|p1a: Corviknight|93/100|[from] Recoil
|
|-heal|p2a: Landorus|42/100|[from] item: Leftovers
|-fieldend|move: Psychic Terrain
|upkeep
|turn|17
|
|t:|1666067151
|move|p2a: Landorus|U-turn|p1a: Corviknight
|-resisted|p1a: Corviknight
|-damage|p1a: Corviknight|89/100
|
|t:|1666067153
|switch|p2a: Zapdos|Zapdos|100/100|[from]move: U-turn
|move|p1a: Corviknight|Defog|p2a: Zapdos
|-unboost|p2a: Zapdos|evasion|1
|-sideend|p1: OUTD Wraks2|Stealth Rock|[from] move: Defog|[of] p1a: Corviknight
|
|upkeep
|turn|18
|
|t:|1666067159
|switch|p2a: Tapu Lele|Tapu Lele|100/100
|-fieldstart|move: Psychic Terrain|[from] ability: Psychic Surge|[of] p2a: Tapu Lele
|move|p1a: Corviknight|U-turn|p2a: Tapu Lele
|-damage|p2a: Tapu Lele|84/100
|j| Mel0nL0rd
|
|t:|1666067163
|switch|p1a: Rillaboom|Rillaboom, M|100/100|[from]move: U-turn
|-fieldstart|move: Grassy Terrain|[from] ability: Grassy Surge|[of] p1a: Rillaboom
|
|-heal|p2a: Tapu Lele|90/100|[from] Grassy Terrain
|upkeep
|turn|19
|
|t:|1666067178
|switch|p2a: Zapdos|Zapdos|100/100
|switch|p1a: Dragapult|Dragapult, F|47/100
|
|-heal|p1a: Dragapult|53/100|[from] Grassy Terrain
|upkeep
|turn|20
|
|t:|1666067185
|switch|p1a: Swampert|Swampert, M|72/100
|switch|p2a: Toxapex|Toxapex, M|100/100
|
|-heal|p1a: Swampert|78/100|[from] Grassy Terrain
|-heal|p1a: Swampert|84/100|[from] item: Leftovers
|upkeep
|turn|21
|
|t:|1666067197
|move|p1a: Swampert|Stealth Rock|p2a: Toxapex
|-sidestart|p2: frizzi tests|move: Stealth Rock
|move|p2a: Toxapex|Knock Off|p1a: Swampert
|-damage|p1a: Swampert|71/100
|-enditem|p1a: Swampert|Leftovers|[from] move: Knock Off|[of] p2a: Toxapex
|
|-heal|p1a: Swampert|77/100|[from] Grassy Terrain
|upkeep
|turn|22
|
|t:|1666067203
|switch|p1a: Conkeldurr|Conkeldurr, M|83/100 brn
|move|p2a: Toxapex|Toxic Spikes|p1a: Conkeldurr
|-sidestart|p1: OUTD Wraks2|move: Toxic Spikes
|
|-heal|p1a: Conkeldurr|89/100 brn|[from] Grassy Terrain
|-damage|p1a: Conkeldurr|83/100 brn|[from] brn
|-fieldend|move: Grassy Terrain
|upkeep
|turn|23
|
|t:|1666067213
|move|p1a: Conkeldurr|Facade|p2a: Toxapex
|-damage|p2a: Toxapex|39/100
|-damage|p1a: Conkeldurr|66/100 brn|[from] item: Rocky Helmet|[of] p2a: Toxapex
|move|p2a: Toxapex|Recover|p2a: Toxapex
|-heal|p2a: Toxapex|89/100
|
|-damage|p1a: Conkeldurr|60/100 brn|[from] brn
|upkeep
|turn|24
|j| blended cabbage
|
|t:|1666067221
|move|p1a: Conkeldurr|Knock Off|p2a: Toxapex
|-damage|p2a: Toxapex|47/100
|-damage|p1a: Conkeldurr|44/100 brn|[from] item: Rocky Helmet|[of] p2a: Toxapex
|-enditem|p2a: Toxapex|Rocky Helmet|[from] move: Knock Off|[of] p1a: Conkeldurr
|move|p2a: Toxapex|Recover|p2a: Toxapex
|-heal|p2a: Toxapex|97/100
|
|-damage|p1a: Conkeldurr|38/100 brn|[from] brn
|upkeep
|turn|25
|
|t:|1666067228
|move|p1a: Conkeldurr|Drain Punch|p2a: Toxapex
|-resisted|p2a: Toxapex
|-damage|p2a: Toxapex|72/100
|-heal|p1a: Conkeldurr|48/100 brn|[from] drain|[of] p2a: Toxapex
|move|p2a: Toxapex|Recover|p2a: Toxapex
|-heal|p2a: Toxapex|100/100
|
|-damage|p1a: Conkeldurr|42/100 brn|[from] brn
|upkeep
|turn|26
|
|t:|1666067234
|move|p1a: Conkeldurr|Drain Punch|p2a: Toxapex
|-resisted|p2a: Toxapex
|-damage|p2a: Toxapex|74/100
|-heal|p1a: Conkeldurr|54/100 brn|[from] drain|[of] p2a: Toxapex
|move|p2a: Toxapex|Recover|p2a: Toxapex
|-heal|p2a: Toxapex|100/100
|
|-damage|p1a: Conkeldurr|48/100 brn|[from] brn
|upkeep
|turn|27
|
|t:|1666067239
|switch|p2a: Landorus|Landorus-Therian, M|42/100
|-damage|p2a: Landorus|30/100|[from] Stealth Rock
|-ability|p2a: Landorus|Intimidate|boost
|-unboost|p1a: Conkeldurr|atk|1
|move|p1a: Conkeldurr|Drain Punch|p2a: Landorus
|-resisted|p2a: Landorus
|-damage|p2a: Landorus|7/100
|-heal|p1a: Conkeldurr|61/100 brn|[from] drain|[of] p2a: Landorus
|
|-heal|p2a: Landorus|13/100|[from] item: Leftovers
|-damage|p1a: Conkeldurr|55/100 brn|[from] brn
|upkeep
|turn|28
|
|t:|1666067250
|switch|p1a: Corviknight|Corviknight, M|89/100
|-ability|p1a: Corviknight|Pressure
|move|p2a: Landorus|U-turn|p1a: Corviknight
|-resisted|p1a: Corviknight
|-damage|p1a: Corviknight|86/100
|
|t:|1666067253
|switch|p2a: Zapdos|Zapdos|100/100|[from]move: U-turn
|
|upkeep
|turn|29
|
|t:|1666067263
|switch|p1a: Swampert|Swampert, M|77/100
|-status|p1a: Swampert|psn
|move|p2a: Zapdos|Heat Wave|p1a: Swampert
|-resisted|p1a: Swampert
|-damage|p1a: Swampert|69/100 psn
|
|-damage|p1a: Swampert|56/100 psn|[from] psn
|upkeep
|turn|30
|
|t:|1666067270
|switch|p2a: Ferrothorn|Ferrothorn, F|94/100
|-damage|p2a: Ferrothorn|87/100|[from] Stealth Rock
|move|p1a: Swampert|Flip Turn|p2a: Ferrothorn
|-resisted|p2a: Ferrothorn
|-damage|p2a: Ferrothorn|81/100
|-damage|p1a: Swampert|44/100 psn|[from] ability: Iron Barbs|[of] p2a: Ferrothorn
|-damage|p1a: Swampert|27/100 psn|[from] item: Rocky Helmet|[of] p2a: Ferrothorn
|
|t:|1666067273
|switch|p1a: Conkeldurr|Conkeldurr, M|55/100 brn|[from]move: Flip Turn
|
|-damage|p1a: Conkeldurr|49/100 brn|[from] brn
|upkeep
|turn|31
|
|t:|1666067282
|switch|p2a: Landorus|Landorus-Therian, M|13/100
|-damage|p2a: Landorus|0 fnt|[from] Stealth Rock
|faint|p2a: Landorus
|move|p1a: Conkeldurr|Drain Punch|p2: Landorus|[notarget]
|-fail|p1a: Conkeldurr
|
|-damage|p1a: Conkeldurr|43/100 brn|[from] brn
|upkeep
|
|t:|1666067286
|switch|p2a: Tapu Lele|Tapu Lele|90/100
|-damage|p2a: Tapu Lele|78/100|[from] Stealth Rock
|-fieldstart|move: Psychic Terrain|[from] ability: Psychic Surge|[of] p2a: Tapu Lele
|turn|32
|
|t:|1666067294
|switch|p1a: Corviknight|Corviknight, M|86/100
|-ability|p1a: Corviknight|Pressure
|move|p2a: Tapu Lele|Psychic|p1a: Corviknight
|-resisted|p1a: Corviknight
|-damage|p1a: Corviknight|42/100
|
|upkeep
|turn|33
|
|t:|1666067304
|move|p2a: Tapu Lele|Psychic|p1a: Corviknight
|-resisted|p1a: Corviknight
|-crit|p1a: Corviknight
|-damage|p1a: Corviknight|0 fnt
|faint|p1a: Corviknight
|
|upkeep
|
|t:|1666067307
|switch|p1a: Rillaboom|Rillaboom, M|100/100
|-status|p1a: Rillaboom|psn
|-fieldstart|move: Grassy Terrain|[from] ability: Grassy Surge|[of] p1a: Rillaboom
|turn|34
|
|t:|1666067313
|switch|p2a: Zapdos|Zapdos|100/100
|move|p1a: Rillaboom|Knock Off|p2a: Zapdos
|-damage|p2a: Zapdos|58/100
|-enditem|p2a: Zapdos|Heavy-Duty Boots|[from] move: Knock Off|[of] p1a: Rillaboom
|
|-damage|p1a: Rillaboom|88/100 psn|[from] psn
|upkeep
|turn|35
|
|t:|1666067319
|switch|p1a: Swampert|Swampert, M|27/100 psn
|move|p2a: Zapdos|Heat Wave|p1a: Swampert
|-resisted|p1a: Swampert
|-damage|p1a: Swampert|19/100 psn
|
|-heal|p1a: Swampert|25/100 psn|[from] Grassy Terrain
|-damage|p1a: Swampert|13/100 psn|[from] psn
|upkeep
|turn|36
|
|t:|1666067331
|switch|p2a: Toxapex|Toxapex, M|100/100
|-damage|p2a: Toxapex|88/100|[from] Stealth Rock
|switch|p1a: Conkeldurr|Conkeldurr, M|43/100 brn
|
|-heal|p1a: Conkeldurr|49/100 brn|[from] Grassy Terrain
|-heal|p2a: Toxapex|94/100|[from] Grassy Terrain
|-damage|p1a: Conkeldurr|43/100 brn|[from] brn
|upkeep
|turn|37
|
|t:|1666067341
|move|p1a: Conkeldurr|Drain Punch|p2a: Toxapex
|-resisted|p2a: Toxapex
|-damage|p2a: Toxapex|67/100
|-heal|p1a: Conkeldurr|55/100 brn|[from] drain|[of] p2a: Toxapex
|move|p2a: Toxapex|Recover|p2a: Toxapex
|-heal|p2a: Toxapex|100/100
|
|-heal|p1a: Conkeldurr|61/100 brn|[from] Grassy Terrain
|-damage|p1a: Conkeldurr|55/100 brn|[from] brn
|upkeep
|turn|38
|
|t:|1666067348
|switch|p2a: Tapu Lele|Tapu Lele|78/100
|-damage|p2a: Tapu Lele|65/100|[from] Stealth Rock
|-fieldstart|move: Psychic Terrain|[from] ability: Psychic Surge|[of] p2a: Tapu Lele
|move|p1a: Conkeldurr|Drain Punch|p2a: Tapu Lele
|-resisted|p2a: Tapu Lele
|-damage|p2a: Tapu Lele|39/100
|-heal|p1a: Conkeldurr|65/100 brn|[from] drain|[of] p2a: Tapu Lele
|
|-damage|p1a: Conkeldurr|59/100 brn|[from] brn
|upkeep
|turn|39
|
|t:|1666067357
|switch|p1a: Swampert|Swampert, M|13/100 psn
|move|p2a: Tapu Lele|Psychic|p1a: Swampert
|-damage|p1a: Swampert|0 fnt
|faint|p1a: Swampert
|
|upkeep
|
|t:|1666067359
|switch|p1a: Rillaboom|Rillaboom, M|88/100 psn
|-fieldstart|move: Grassy Terrain|[from] ability: Grassy Surge|[of] p1a: Rillaboom
|turn|40
|
|t:|1666067368
|switch|p2a: Ferrothorn|Ferrothorn, F|81/100
|-damage|p2a: Ferrothorn|75/100|[from] Stealth Rock
|move|p1a: Rillaboom|U-turn|p2a: Ferrothorn
|-damage|p2a: Ferrothorn|49/100
|-damage|p1a: Rillaboom|76/100 psn|[from] ability: Iron Barbs|[of] p2a: Ferrothorn
|-damage|p1a: Rillaboom|59/100 psn|[from] item: Rocky Helmet|[of] p2a: Ferrothorn
|
|t:|1666067371
|switch|p1a: Conkeldurr|Conkeldurr, M|59/100 brn|[from]move: U-turn
|
|-heal|p1a: Conkeldurr|65/100 brn|[from] Grassy Terrain
|-heal|p2a: Ferrothorn|56/100|[from] Grassy Terrain
|-damage|p1a: Conkeldurr|59/100 brn|[from] brn
|upkeep
|turn|41
|
|t:|1666067385
|switch|p2a: Toxapex|Toxapex, M|100/100
|-damage|p2a: Toxapex|88/100|[from] Stealth Rock
|move|p1a: Conkeldurr|Drain Punch|p2a: Toxapex
|-resisted|p2a: Toxapex
|-damage|p2a: Toxapex|60/100
|-heal|p1a: Conkeldurr|71/100 brn|[from] drain|[of] p2a: Toxapex
|
|-heal|p1a: Conkeldurr|77/100 brn|[from] Grassy Terrain
|-heal|p2a: Toxapex|67/100|[from] Grassy Terrain
|-damage|p1a: Conkeldurr|71/100 brn|[from] brn
|upkeep
|turn|42
|
|t:|1666067395
|move|p1a: Conkeldurr|Facade|p2a: Toxapex
|-damage|p2a: Toxapex|3/100
|move|p2a: Toxapex|Recover|p2a: Toxapex
|-heal|p2a: Toxapex|53/100
|
|-heal|p1a: Conkeldurr|77/100 brn|[from] Grassy Terrain
|-heal|p2a: Toxapex|60/100|[from] Grassy Terrain
|-damage|p1a: Conkeldurr|71/100 brn|[from] brn
|upkeep
|turn|43
|
|t:|1666067402
|switch|p2a: Ferrothorn|Ferrothorn, F|56/100
|-damage|p2a: Ferrothorn|49/100|[from] Stealth Rock
|move|p1a: Conkeldurr|Facade|p2a: Ferrothorn
|-resisted|p2a: Ferrothorn
|-damage|p2a: Ferrothorn|24/100
|-damage|p1a: Conkeldurr|59/100 brn|[from] ability: Iron Barbs|[of] p2a: Ferrothorn
|-damage|p1a: Conkeldurr|42/100 brn|[from] item: Rocky Helmet|[of] p2a: Ferrothorn
|
|-heal|p1a: Conkeldurr|48/100 brn|[from] Grassy Terrain
|-heal|p2a: Ferrothorn|31/100|[from] Grassy Terrain
|-damage|p1a: Conkeldurr|42/100 brn|[from] brn
|upkeep
|turn|44
|
|t:|1666067408
|switch|p2a: Toxapex|Toxapex, M|93/100
|-damage|p2a: Toxapex|80/100|[from] Stealth Rock
|move|p1a: Conkeldurr|Drain Punch|p2a: Toxapex
|-resisted|p2a: Toxapex
|-damage|p2a: Toxapex|54/100
|-heal|p1a: Conkeldurr|54/100 brn|[from] drain|[of] p2a: Toxapex
|
|-heal|p1a: Conkeldurr|60/100 brn|[from] Grassy Terrain
|-heal|p2a: Toxapex|60/100|[from] Grassy Terrain
|-damage|p1a: Conkeldurr|54/100 brn|[from] brn
|-fieldend|move: Grassy Terrain
|upkeep
|turn|45
|
|t:|1666067421
|switch|p2a: Ferrothorn|Ferrothorn, F|31/100
|-damage|p2a: Ferrothorn|24/100|[from] Stealth Rock
|move|p1a: Conkeldurr|Facade|p2a: Ferrothorn
|-resisted|p2a: Ferrothorn
|-damage|p2a: Ferrothorn|0 fnt
|-damage|p1a: Conkeldurr|42/100 brn|[from] ability: Iron Barbs|[of] p2a: Ferrothorn
|-damage|p1a: Conkeldurr|25/100 brn|[from] item: Rocky Helmet|[of] p2a: Ferrothorn
|faint|p2a: Ferrothorn
|
|-damage|p1a: Conkeldurr|19/100 brn|[from] brn
|upkeep
|
|t:|1666067432
|switch|p2a: Zapdos|Zapdos|58/100
|-damage|p2a: Zapdos|33/100|[from] Stealth Rock
|turn|46
|
|t:|1666067449
|switch|p1a: Dragapult|Dragapult, F|53/100
|-status|p1a: Dragapult|psn
|move|p2a: Zapdos|Roost|p2a: Zapdos
|-heal|p2a: Zapdos|83/100
|-singleturn|p2a: Zapdos|move: Roost
|
|-damage|p1a: Dragapult|41/100 psn|[from] psn
|upkeep
|turn|47
|
|t:|1666067458
|switch|p2a: Toxapex|Toxapex, M|94/100
|-damage|p2a: Toxapex|81/100|[from] Stealth Rock
|move|p1a: Dragapult|Draco Meteor|p2a: Toxapex
|-damage|p2a: Toxapex|31/100
|-unboost|p1a: Dragapult|spa|2
|
|-damage|p1a: Dragapult|28/100 psn|[from] psn
|upkeep
|turn|48
|
|t:|1666067464
|switch|p1a: Conkeldurr|Conkeldurr, M|19/100 brn
|move|p2a: Toxapex|Recover|p2a: Toxapex
|-heal|p2a: Toxapex|81/100
|
|-damage|p1a: Conkeldurr|13/100 brn|[from] brn
|upkeep
|turn|49
|
|t:|1666067472
|move|p1a: Conkeldurr|Drain Punch|p2a: Toxapex
|-resisted|p2a: Toxapex
|-damage|p2a: Toxapex|56/100
|-heal|p1a: Conkeldurr|24/100 brn|[from] drain|[of] p2a: Toxapex
|move|p2a: Toxapex|Knock Off|p1a: Conkeldurr
|-resisted|p1a: Conkeldurr
|-damage|p1a: Conkeldurr|17/100 brn
|-enditem|p1a: Conkeldurr|Flame Orb|[from] move: Knock Off|[of] p2a: Toxapex
|
|-damage|p1a: Conkeldurr|11/100 brn|[from] brn
|upkeep
|turn|50
|
|t:|1666067494
|switch|p2a: Zapdos|Zapdos|83/100
|-damage|p2a: Zapdos|58/100|[from] Stealth Rock
|move|p1a: Conkeldurr|Drain Punch|p2a: Zapdos
|-resisted|p2a: Zapdos
|-damage|p2a: Zapdos|32/100
|-heal|p1a: Conkeldurr|25/100 brn|[from] drain|[of] p2a: Zapdos
|
|-damage|p1a: Conkeldurr|19/100 brn|[from] brn
|upkeep
|turn|51
|
|t:|1666067500
|switch|p1a: Dragapult|Dragapult, F|28/100 psn
|move|p2a: Zapdos|Volt Switch|p1a: Dragapult
|-resisted|p1a: Dragapult
|-damage|p1a: Dragapult|7/100 psn
|
|t:|1666067506
|switch|p2a: Toxapex|Toxapex, M|90/100|[from]move: Volt Switch
|-damage|p2a: Toxapex|77/100|[from] Stealth Rock
|
|-damage|p1a: Dragapult|0 fnt|[from] psn
|faint|p1a: Dragapult
|upkeep
|
|t:|1666067508
|switch|p1a: Rillaboom|Rillaboom, M|59/100 psn
|-fieldstart|move: Grassy Terrain|[from] ability: Grassy Surge|[of] p1a: Rillaboom
|turn|52
|
|t:|1666067513
|switch|p2a: Zapdos|Zapdos|32/100
|-damage|p2a: Zapdos|8/100|[from] Stealth Rock
|move|p1a: Rillaboom|Wood Hammer|p2a: Zapdos
|-resisted|p2a: Zapdos
|-crit|p2a: Zapdos
|-damage|p2a: Zapdos|0 fnt
|faint|p2a: Zapdos
|-damage|p1a: Rillaboom|57/100 psn|[from] Recoil
|
|-heal|p1a: Rillaboom|63/100 psn|[from] Grassy Terrain
|-damage|p1a: Rillaboom|51/100 psn|[from] psn
|upkeep
|
|t:|1666067515
|switch|p2a: Tapu Lele|Tapu Lele|39/100
|-damage|p2a: Tapu Lele|27/100|[from] Stealth Rock
|-fieldstart|move: Psychic Terrain|[from] ability: Psychic Surge|[of] p2a: Tapu Lele
|turn|53
|
|t:|1666067520
|move|p2a: Tapu Lele|Psychic|p1a: Rillaboom
|-damage|p1a: Rillaboom|0 fnt
|faint|p1a: Rillaboom
|
|upkeep
|c|☆frizzi tests|gg
|c|☆OUTD Wraks2|gg
|-message|OUTD Wraks2 forfeited.
|
|win|frizzi tests
|raw|OUTD Wraks2's rating: 1631 &rarr; <strong>1609</strong><br />(-22 for losing)
|raw|frizzi tests's rating: 1602 &rarr; <strong>1624</strong><br />(+22 for winning)
|l|☆OUTD Wraks2
|l| Mel0nL0rd
