|j|☆Mutako Z
|j|☆Rockworker
|t:|1658267558
|gametype|singles
|player|p1|Mutako Z|cynthia-gen4|1416
|player|p2|Rockworker|worker|1401
|teamsize|p1|6
|teamsize|p2|6
|gen|8
|tier|[Gen 8] OU
|rated|
|rule|Sleep Clause Mod: Limit one foe put to sleep
|rule|Species Clause: Limit one of each Pokémon
|rule|OHKO Clause: OHKO moves are banned
|rule|Evasion Moves Clause: Evasion moves are banned
|rule|Endless Battle Clause: Forcing endless battles is banned
|rule|HP Percentage Mod: HP is shown in percentages
|rule|Dynamax Clause: You cannot dynamax
|clearpoke
|poke|p1|Zeraora|
|poke|p1|Zapdos|
|poke|p1|Rillaboom, M|
|poke|p1|Tornadus-Therian, M|
|poke|p1|Heatran, F|
|poke|p1|Weavile, M|
|poke|p2|Toxapex, M|
|poke|p2|Clefable, F|
|poke|p2|Corviknight, F|
|poke|p2|Blissey, F|
|poke|p2|Ferrothorn, M|
|poke|p2|Celesteela|
|teampreview
|inactive|Battle timer is ON: inactive players will automatically lose when time's up. (requested by Rockworker)
|
|t:|1658267565
|start
|switch|p1a: Heatran|Heatran, F|100/100
|switch|p2a: Corviknight|Corviknight, F|100/100
|turn|1
|
|t:|1658267570
|move|p2a: Corviknight|U-turn|p1a: Heatran
|-resisted|p1a: Heatran
|-damage|p1a: Heatran|95/100
|
|t:|1658267572
|switch|p2a: Blissey|Blissey, F|100/100|[from]move: U-turn
|move|p1a: Heatran|Magma Storm|p2a: Blissey
|-damage|p2a: Blissey|82/100
|-activate|p2a: Blissey|move: Magma Storm|[of] p1a: Heatran
|
|-heal|p1a: Heatran|100/100|[from] item: Leftovers
|-damage|p2a: Blissey|70/100|[from] move: Magma Storm|[partiallytrapped]
|upkeep
|turn|2
|
|t:|1658267580
|move|p2a: Blissey|Tri Attack|p1a: Heatran
|-resisted|p1a: Heatran
|-damage|p1a: Heatran|91/100
|move|p1a: Heatran|Stealth Rock|p2a: Blissey
|-sidestart|p2: Rockworker|move: Stealth Rock
|
|-heal|p1a: Heatran|97/100|[from] item: Leftovers
|-damage|p2a: Blissey|57/100|[from] move: Magma Storm|[partiallytrapped]
|upkeep
|turn|3
|
|t:|1658267588
|move|p2a: Blissey|Soft-Boiled|p2a: Blissey
|-heal|p2a: Blissey|100/100
|move|p1a: Heatran|Taunt|p2a: Blissey
|-start|p2a: Blissey|move: Taunt
|
|-heal|p1a: Heatran|100/100|[from] item: Leftovers
|-damage|p2a: Blissey|88/100|[from] move: Magma Storm|[partiallytrapped]
|upkeep
|turn|4
|
|t:|1658267598
|move|p2a: Blissey|Tri Attack|p1a: Heatran
|-resisted|p1a: Heatran
|-damage|p1a: Heatran|91/100
|-status|p1a: Heatran|par
|cant|p1a: Heatran|par
|
|-heal|p1a: Heatran|97/100 par|[from] item: Leftovers
|-damage|p2a: Blissey|76/100|[from] move: Magma Storm|[partiallytrapped]
|upkeep
|turn|5
|
|t:|1658267607
|move|p2a: Blissey|Tri Attack|p1a: Heatran
|-resisted|p1a: Heatran
|-damage|p1a: Heatran|87/100 par
|move|p1a: Heatran|Magma Storm|p2a: Blissey
|-damage|p2a: Blissey|55/100
|
|-heal|p1a: Heatran|94/100 par|[from] item: Leftovers
|-end|p2a: Blissey|Magma Storm|[partiallytrapped]
|upkeep
|turn|6
|
|t:|1658267616
|switch|p2a: Toxapex|Toxapex, M|100/100
|-damage|p2a: Toxapex|88/100|[from] Stealth Rock
|move|p1a: Heatran|Magma Storm|p2a: Toxapex
|-resisted|p2a: Toxapex
|-damage|p2a: Toxapex|76/100
|-activate|p2a: Toxapex|move: Magma Storm|[of] p1a: Heatran
|
|-heal|p1a: Heatran|99/100 par|[from] item: Leftovers
|-damage|p2a: Toxapex|64/100|[from] move: Magma Storm|[partiallytrapped]
|upkeep
|turn|7
|
|t:|1658267625
|move|p2a: Toxapex|Scald|p1a: Heatran
|-supereffective|p1a: Heatran
|-damage|p1a: Heatran|67/100 par
|cant|p1a: Heatran|par
|
|-heal|p1a: Heatran|73/100 par|[from] item: Leftovers
|-damage|p2a: Toxapex|51/100|[from] move: Magma Storm|[partiallytrapped]
|upkeep
|turn|8
|
|t:|1658267635
|switch|p1a: Tornadus|Tornadus-Therian, M|100/100
|move|p2a: Toxapex|Scald|p1a: Tornadus
|-damage|p1a: Tornadus|74/100
|
|-end|p2a: Toxapex|Magma Storm|[partiallytrapped]|[silent]
|upkeep
|turn|9
|
|t:|1658267641
|move|p1a: Tornadus|Hurricane|p2a: Toxapex
|-damage|p2a: Toxapex|28/100
|-start|p2a: Toxapex|confusion
|-activate|p2a: Toxapex|confusion
|move|p2a: Toxapex|Sludge Bomb|p1a: Tornadus
|-damage|p1a: Tornadus|44/100
|
|upkeep
|turn|10
|
|t:|1658267651
|switch|p2a: Blissey|Blissey, F|55/100
|move|p1a: Tornadus|U-turn|p2a: Blissey
|-damage|p2a: Blissey|21/100
|
|t:|1658267661
|switch|p1a: Zeraora|Zeraora|100/100|[from]move: U-turn
|
|upkeep
|turn|11
|
|t:|1658267665
|move|p1a: Zeraora|Knock Off|p2a: Blissey
|-damage|p2a: Blissey|0 fnt
|-enditem|p2a: Blissey|Heavy-Duty Boots|[from] move: Knock Off|[of] p1a: Zeraora
|faint|p2a: Blissey
|
|upkeep
|
|t:|1658267670
|switch|p2a: Ferrothorn|Ferrothorn, M|100/100
|-damage|p2a: Ferrothorn|94/100|[from] Stealth Rock
|turn|12
|
|t:|1658267676
|switch|p1a: Heatran|Heatran, F|73/100 par
|move|p2a: Ferrothorn|Knock Off|p1a: Heatran
|-damage|p1a: Heatran|37/100 par
|-status|p2a: Ferrothorn|brn|[from] ability: Flame Body|[of] p1a: Heatran
|-enditem|p1a: Heatran|Leftovers|[from] move: Knock Off|[of] p2a: Ferrothorn
|
|-damage|p2a: Ferrothorn|88/100 brn|[from] brn
|upkeep
|turn|13
|
|t:|1658267686
|switch|p2a: Toxapex|Toxapex, M|61/100
|-damage|p2a: Toxapex|49/100|[from] Stealth Rock
|cant|p1a: Heatran|par
|
|upkeep
|turn|14
|
|t:|1658267694
|switch|p1a: Rillaboom|Rillaboom, M|100/100
|-fieldstart|move: Grassy Terrain|[from] ability: Grassy Surge|[of] p1a: Rillaboom
|move|p2a: Toxapex|Scald|p1a: Rillaboom
|-resisted|p1a: Rillaboom
|-damage|p1a: Rillaboom|82/100
|
|-heal|p1a: Rillaboom|88/100|[from] Grassy Terrain
|-heal|p2a: Toxapex|55/100|[from] Grassy Terrain
|upkeep
|turn|15
|
|t:|1658267705
|move|p1a: Rillaboom|Knock Off|p2a: Toxapex
|-damage|p2a: Toxapex|17/100
|-enditem|p2a: Toxapex|Assault Vest|[from] move: Knock Off|[of] p1a: Rillaboom
|move|p2a: Toxapex|Sludge Bomb|p1a: Rillaboom
|-supereffective|p1a: Rillaboom
|-damage|p1a: Rillaboom|11/100
|
|-heal|p1a: Rillaboom|17/100|[from] Grassy Terrain
|-heal|p2a: Toxapex|24/100|[from] Grassy Terrain
|upkeep
|turn|16
|
|t:|1658267714
|move|p1a: Rillaboom|Knock Off|p2a: Toxapex
|-damage|p2a: Toxapex|0 fnt
|faint|p2a: Toxapex
|
|-heal|p1a: Rillaboom|23/100|[from] Grassy Terrain
|upkeep
|
|t:|1658267717
|switch|p2a: Corviknight|Corviknight, F|100/100
|-damage|p2a: Corviknight|88/100|[from] Stealth Rock
|turn|17
|
|t:|1658267721
|move|p1a: Rillaboom|Knock Off|p2a: Corviknight
|-damage|p2a: Corviknight|38/100
|-enditem|p2a: Corviknight|Choice Band|[from] move: Knock Off|[of] p1a: Rillaboom
|move|p2a: Corviknight|Brave Bird|p1a: Rillaboom
|-supereffective|p1a: Rillaboom
|-damage|p1a: Rillaboom|0 fnt
|faint|p1a: Rillaboom
|-damage|p2a: Corviknight|31/100|[from] Recoil
|
|upkeep
|
|t:|1658267733
|switch|p1a: Zapdos|Zapdos|100/100
|turn|18
|
|t:|1658267736
|move|p1a: Zapdos|Volt Switch|p2a: Corviknight
|-supereffective|p2a: Corviknight
|-damage|p2a: Corviknight|0 fnt
|faint|p2a: Corviknight
|
|t:|1658267741
|switch|p1a: Heatran|Heatran, F|37/100 par|[from]move: Volt Switch
|
|-heal|p1a: Heatran|44/100 par|[from] Grassy Terrain
|-fieldend|move: Grassy Terrain
|upkeep
|
|t:|1658267747
|switch|p2a: Clefable|Clefable, F|100/100
|turn|19
|
|t:|1658267750
|move|p2a: Clefable|Flamethrower|p1a: Heatran
|-damage|p1a: Heatran|22/100 par
|move|p1a: Heatran|Magma Storm|p2a: Clefable
|-damage|p2a: Clefable|50/100
|-activate|p2a: Clefable|move: Magma Storm|[of] p1a: Heatran
|
|upkeep
|turn|20
|
|t:|1658267758
|move|p2a: Clefable|Flamethrower|p1a: Heatran
|-damage|p1a: Heatran|0 fnt
|faint|p1a: Heatran
|
|-end|p2a: Clefable|Magma Storm|[partiallytrapped]|[silent]
|upkeep
|
|t:|1658267768
|switch|p1a: Zapdos|Zapdos|100/100
|turn|21
|
|t:|1658267771
|move|p1a: Zapdos|Hurricane|p2a: Clefable|[miss]
|-miss|p1a: Zapdos|p2a: Clefable
|move|p2a: Clefable|Soft-Boiled|p2a: Clefable
|-heal|p2a: Clefable|99/100
|
|upkeep
|turn|22
|
|t:|1658267776
|move|p1a: Zapdos|Hurricane|p2a: Clefable|[miss]
|-miss|p1a: Zapdos|p2a: Clefable
|move|p2a: Clefable|Ice Beam|p1a: Zapdos
|-supereffective|p1a: Zapdos
|-damage|p1a: Zapdos|41/100
|
|upkeep
|turn|23
|
|t:|1658267782
|move|p1a: Zapdos|Roost|p1a: Zapdos
|-heal|p1a: Zapdos|91/100
|-singleturn|p1a: Zapdos|move: Roost
|move|p2a: Clefable|Moonblast|p1a: Zapdos
|-damage|p1a: Zapdos|40/100
|-unboost|p1a: Zapdos|spa|1
|
|upkeep
|turn|24
|
|t:|1658267790
|move|p1a: Zapdos|Roost|p1a: Zapdos
|-heal|p1a: Zapdos|90/100
|-singleturn|p1a: Zapdos|move: Roost
|move|p2a: Clefable|Moonblast|p1a: Zapdos
|-damage|p1a: Zapdos|43/100
|
|upkeep
|turn|25
|
|t:|1658267799
|switch|p1a: Tornadus|Tornadus-Therian, M|77/100
|move|p2a: Clefable|Moonblast|p1a: Tornadus
|-damage|p1a: Tornadus|26/100
|-unboost|p1a: Tornadus|spa|1
|
|upkeep
|turn|26
|
|t:|1658267806
|move|p1a: Tornadus|U-turn|p2a: Clefable
|-resisted|p2a: Clefable
|-damage|p2a: Clefable|91/100
|
|t:|1658267812
|switch|p1a: Zapdos|Zapdos|43/100|[from]move: U-turn
|move|p2a: Clefable|Moonblast|p1a: Zapdos
|-damage|p1a: Zapdos|0 fnt
|faint|p1a: Zapdos
|
|upkeep
|
|t:|1658267820
|switch|p1a: Weavile|Weavile, M|100/100
|-ability|p1a: Weavile|Pressure
|turn|27
|
|t:|1658267826
|move|p1a: Weavile|Triple Axel|p2a: Clefable
|-damage|p2a: Clefable|78/100
|-crit|p2a: Clefable
|-damage|p2a: Clefable|43/100
|-damage|p2a: Clefable|6/100
|-hitcount|p2a: Clefable|3
|move|p2a: Clefable|Moonblast|p1a: Weavile
|-supereffective|p1a: Weavile
|-damage|p1a: Weavile|0 fnt
|faint|p1a: Weavile
|
|upkeep
|
|t:|1658267836
|switch|p1a: Zeraora|Zeraora|100/100
|turn|28
|
|t:|1658267839
|move|p1a: Zeraora|Knock Off|p2a: Clefable
|-resisted|p2a: Clefable
|-damage|p2a: Clefable|0 fnt
|-enditem|p2a: Clefable|Life Orb|[from] move: Knock Off|[of] p1a: Zeraora
|faint|p2a: Clefable
|
|upkeep
|
|t:|1658267842
|switch|p2a: Ferrothorn|Ferrothorn, M|88/100 brn
|-damage|p2a: Ferrothorn|82/100 brn|[from] Stealth Rock
|turn|29
|
|t:|1658267850
|move|p1a: Zeraora|Close Combat|p2a: Ferrothorn
|-supereffective|p2a: Ferrothorn
|-damage|p2a: Ferrothorn|21/100 brn
|-unboost|p1a: Zeraora|def|1
|-unboost|p1a: Zeraora|spd|1
|-damage|p1a: Zeraora|88/100|[from] ability: Iron Barbs|[of] p2a: Ferrothorn
|move|p2a: Ferrothorn|Power Whip|p1a: Zeraora
|-damage|p1a: Zeraora|3/100
|
|-heal|p1a: Zeraora|9/100|[from] item: Leftovers
|-damage|p2a: Ferrothorn|15/100 brn|[from] brn
|upkeep
|turn|30
|
|t:|1658267862
|switch|p1a: Tornadus|Tornadus-Therian, M|60/100
|move|p2a: Ferrothorn|Power Whip|p1a: Tornadus
|-resisted|p1a: Tornadus
|-damage|p1a: Tornadus|39/100
|
|-damage|p2a: Ferrothorn|9/100 brn|[from] brn
|upkeep
|turn|31
|
|t:|1658267874
|switch|p2a: Celesteela|Celesteela|100/100
|-damage|p2a: Celesteela|88/100|[from] Stealth Rock
|move|p1a: Tornadus|U-turn|p2a: Celesteela
|-resisted|p2a: Celesteela
|-damage|p2a: Celesteela|85/100
|
|t:|1658267880
|switch|p1a: Zeraora|Zeraora|9/100|[from]move: U-turn
|
|-heal|p1a: Zeraora|15/100|[from] item: Leftovers
|upkeep
|turn|32
|
|t:|1658267885
|switch|p1a: Tornadus|Tornadus-Therian, M|73/100
|move|p2a: Celesteela|Autotomize|p2a: Celesteela
|-boost|p2a: Celesteela|spe|2
|-start|p2a: Celesteela|Autotomize
|
|upkeep
|turn|33
|
|t:|1658267894
|move|p2a: Celesteela|Autotomize|p2a: Celesteela
|-boost|p2a: Celesteela|spe|2
|-start|p2a: Celesteela|Autotomize
|move|p1a: Tornadus|Hurricane|p2a: Celesteela
|-resisted|p2a: Celesteela
|-damage|p2a: Celesteela|65/100
|
|upkeep
|turn|34
|
|t:|1658267901
|move|p2a: Celesteela|Flash Cannon|p1a: Tornadus
|-damage|p1a: Tornadus|28/100
|move|p1a: Tornadus|Hurricane|p2a: Celesteela
|-resisted|p2a: Celesteela
|-damage|p2a: Celesteela|44/100
|-start|p2a: Celesteela|confusion
|
|upkeep
|turn|35
|
|t:|1658267908
|-activate|p2a: Celesteela|confusion
|move|p2a: Celesteela|Flash Cannon|p1a: Tornadus
|-damage|p1a: Tornadus|0 fnt
|faint|p1a: Tornadus
|-ability|p2a: Celesteela|Beast Boost|boost
|-boost|p2a: Celesteela|spa|1
|
|upkeep
|
|t:|1658267913
|switch|p1a: Zeraora|Zeraora|15/100
|turn|36
|
|t:|1658267916
|-activate|p2a: Celesteela|confusion
|move|p2a: Celesteela|Flash Cannon|p1a: Zeraora
|-resisted|p1a: Zeraora
|-damage|p1a: Zeraora|0 fnt
|faint|p1a: Zeraora
|
|win|Rockworker
|raw|Mutako Z's rating: 1416 &rarr; <strong>1395</strong><br />(-21 for losing)
|raw|Rockworker's rating: 1401 &rarr; <strong>1422</strong><br />(+21 for winning)
