|j|☆Bassyxx
|j|☆Knight-Devilion
|player|p1|Bassyxx|teammagmagruntf-gen3|1125
|player|p2|Knight-Devilion|plasmagrunt-gen5bw|1157
|teamsize|p1|6
|teamsize|p2|6
|gametype|singles
|gen|8
|tier|[Gen 8] OU
|rated|
|html|<div class="broadcast-blue"><strong>OU is currently suspecting Dracovish! For information on how to participate check out the <a href="https://www.smogon.com/forums/threads/3664521/">suspect thread</a>.</strong></div>
|clearpoke
|poke|p1|Togekiss, F|
|poke|p1|Kyurem|
|poke|p1|Bisharp, M|
|poke|p1|Rotom-Wash|
|poke|p1|Dragapult, F|
|poke|p1|Tyranitar, F|
|poke|p2|Venusaur, M|
|poke|p2|Pelipper, M|
|poke|p2|Torkoal, M|
|poke|p2|Ninetales-Alola, F|
|poke|p2|Gigalith, M|
|poke|p2|Jolteon, F|
|rule|Sleep Clause Mod: Limit one foe put to sleep
|rule|Species Clause: Limit one of each Pokémon
|rule|OHKO Clause: OHKO moves are banned
|rule|Evasion Moves Clause: Evasion moves are banned
|rule|Endless Battle Clause: Forcing endless battles is banned
|rule|HP Percentage Mod: HP is shown in percentages
|rule|Dynamax Clause: You cannot dynamax
|teampreview
|
|start
|switch|p1a: Rotom|Rotom-Wash|100/100
|switch|p2a: le sensible|Torkoal, M|100/100
|-weather|SunnyDay|[from] ability: Drought|[of] p2a: le sensible
|turn|1
|
|move|p1a: Rotom|Hydro Pump|p2a: le sensible|[miss]
|-miss|p1a: Rotom|p2a: le sensible
|move|p2a: le sensible|Stealth Rock|p1a: Rotom
|-sidestart|p1: Bassyxx|move: Stealth Rock
|
|-weather|SunnyDay|[upkeep]
|upkeep
|turn|2
|inactive|Battle timer is ON: inactive players will automatically lose when time's up. (requested by Bassyxx)
|
|switch|p2a: Tank-Zilla|Venusaur, M|100/100
|move|p1a: Rotom|Hydro Pump|p2a: Tank-Zilla|[miss]
|-miss|p1a: Rotom|p2a: Tank-Zilla
|
|-weather|SunnyDay|[upkeep]
|upkeep
|turn|3
|inactive|Knight-Devilion has 120 seconds left.
|
|switch|p1a: Tyranitar|Tyranitar, F|100/100
|-damage|p1a: Tyranitar|88/100|[from] Stealth Rock
|-weather|Sandstorm|[from] ability: Sand Stream|[of] p1a: Tyranitar
|move|p2a: Tank-Zilla|Giga Drain|p1a: Tyranitar
|-supereffective|p1a: Tyranitar
|-damage|p1a: Tyranitar|54/100
|
|-weather|Sandstorm|[upkeep]
|-damage|p2a: Tank-Zilla|95/100|[from] Sandstorm
|-heal|p2a: Tank-Zilla|100/100|[from] item: Black Sludge
|upkeep
|turn|4
|inactive|Knight-Devilion has 120 seconds left.
|
|switch|p2a: C'est le facteur|Pelipper, M, shiny|100/100
|-weather|RainDance|[from] ability: Drizzle|[of] p2a: C'est le facteur
|move|p1a: Tyranitar|Stone Edge|p2a: C'est le facteur
|-supereffective|p2a: C'est le facteur
|-damage|p2a: C'est le facteur|0 fnt
|faint|p2a: C'est le facteur
|
|-weather|RainDance|[upkeep]
|upkeep
|inactive|Knight-Devilion has 120 seconds left.
|
|switch|p2a: hérisse les poils|Jolteon, F|100/100
|turn|5
|inactive|Knight-Devilion has 120 seconds left.
|
|switch|p1a: Kyurem|Kyurem|100/100
|-damage|p1a: Kyurem|76/100|[from] Stealth Rock
|-ability|p1a: Kyurem|Pressure
|move|p2a: hérisse les poils|Weather Ball|p1a: Kyurem
|-resisted|p1a: Kyurem
|-damage|p1a: Kyurem|64/100
|
|-weather|RainDance|[upkeep]
|upkeep
|turn|6
|inactive|Knight-Devilion has 120 seconds left.
|
|move|p2a: hérisse les poils|Yawn|p1a: Kyurem
|-start|p1a: Kyurem|move: Yawn|[of] p2a: hérisse les poils
|move|p1a: Kyurem|Earth Power|p2a: hérisse les poils
|-supereffective|p2a: hérisse les poils
|-damage|p2a: hérisse les poils|14/100
|
|-weather|RainDance|[upkeep]
|upkeep
|turn|7
|inactive|Knight-Devilion has 120 seconds left.
|inactive|Bassyxx has 120 seconds left.
|
|switch|p1a: Togekiss|Togekiss, F|100/100
|-damage|p1a: Togekiss|76/100|[from] Stealth Rock
|move|p2a: hérisse les poils|Copycat|p2a: hérisse les poils
|move|p2a: hérisse les poils|Earth Power|p1a: Togekiss|[from]Copycat
|-immune|p1a: Togekiss
|
|-weather|RainDance|[upkeep]
|upkeep
|turn|8
|inactive|Knight-Devilion has 120 seconds left.
|
|move|p2a: hérisse les poils|Thunder|p1a: Togekiss
|-supereffective|p1a: Togekiss
|-damage|p1a: Togekiss|0 fnt
|faint|p1a: Togekiss
|
|-weather|none
|upkeep
|
|switch|p1a: Tyranitar|Tyranitar, F|54/100
|-damage|p1a: Tyranitar|42/100|[from] Stealth Rock
|-weather|Sandstorm|[from] ability: Sand Stream|[of] p1a: Tyranitar
|turn|9
|
|move|p2a: hérisse les poils|Yawn|p1a: Tyranitar
|-start|p1a: Tyranitar|move: Yawn|[of] p2a: hérisse les poils
|move|p1a: Tyranitar|Earthquake|p2a: hérisse les poils
|-supereffective|p2a: hérisse les poils
|-damage|p2a: hérisse les poils|0 fnt
|faint|p2a: hérisse les poils
|
|-weather|Sandstorm|[upkeep]
|upkeep
|
|switch|p2a: Tank-Zilla|Venusaur, M|100/100
|turn|10
|inactive|Bassyxx has 120 seconds left.
|inactive|Bassyxx has 90 seconds left.
|
|move|p2a: Tank-Zilla|Giga Drain|p1a: Tyranitar
|-supereffective|p1a: Tyranitar
|-damage|p1a: Tyranitar|4/100
|-enditem|p1a: Tyranitar|Aguav Berry|[eat]
|-heal|p1a: Tyranitar|37/100|[from] item: Aguav Berry
|move|p1a: Tyranitar|Stone Edge|p2a: Tank-Zilla
|-crit|p2a: Tank-Zilla
|-damage|p2a: Tank-Zilla|8/100
|
|-weather|Sandstorm|[upkeep]
|-damage|p2a: Tank-Zilla|2/100|[from] Sandstorm
|-heal|p2a: Tank-Zilla|8/100|[from] item: Black Sludge
|-end|p1a: Tyranitar|move: Yawn|[silent]
|-status|p1a: Tyranitar|slp
|upkeep
|turn|11
|inactive|Bassyxx has 90 seconds left.
|
|switch|p1a: Kyurem|Kyurem|64/100
|-damage|p1a: Kyurem|39/100|[from] Stealth Rock
|-ability|p1a: Kyurem|Pressure
|move|p2a: Tank-Zilla|Giga Drain|p1a: Kyurem
|-resisted|p1a: Kyurem
|-damage|p1a: Kyurem|30/100
|-heal|p2a: Tank-Zilla|15/100|[from] drain|[of] p1a: Kyurem
|
|-weather|Sandstorm|[upkeep]
|-damage|p2a: Tank-Zilla|9/100|[from] Sandstorm
|-damage|p1a: Kyurem|24/100|[from] Sandstorm
|-heal|p2a: Tank-Zilla|15/100|[from] item: Black Sludge
|upkeep
|turn|12
|inactive|Bassyxx has 90 seconds left.
|
|move|p2a: Tank-Zilla|Weather Ball|p1a: Kyurem
|-supereffective|p1a: Kyurem
|-damage|p1a: Kyurem|0 fnt
|faint|p1a: Kyurem
|
|-weather|Sandstorm|[upkeep]
|-damage|p2a: Tank-Zilla|9/100|[from] Sandstorm
|-heal|p2a: Tank-Zilla|15/100|[from] item: Black Sludge
|upkeep
|
|switch|p1a: Dragapult|Dragapult, F|100/100
|-damage|p1a: Dragapult|88/100|[from] Stealth Rock
|turn|13
|
|move|p1a: Dragapult|Substitute|p1a: Dragapult
|-start|p1a: Dragapult|Substitute
|-damage|p1a: Dragapult|63/100
|move|p2a: Tank-Zilla|Giga Drain|p1a: Dragapult
|-resisted|p1a: Dragapult
|-crit|p1a: Dragapult
|-end|p1a: Dragapult|Substitute
|-heal|p2a: Tank-Zilla|28/100|[from] drain|[of] p1a: Dragapult
|
|-weather|none
|-heal|p1a: Dragapult|69/100|[from] item: Leftovers
|-heal|p2a: Tank-Zilla|34/100|[from] item: Black Sludge
|upkeep
|turn|14
|
|move|p1a: Dragapult|Substitute|p1a: Dragapult
|-start|p1a: Dragapult|Substitute
|-damage|p1a: Dragapult|44/100
|move|p2a: Tank-Zilla|Sludge Bomb|p1a: Dragapult
|-resisted|p1a: Dragapult
|-activate|p1a: Dragapult|move: Substitute|[damage]
|
|-heal|p1a: Dragapult|50/100|[from] item: Leftovers
|-heal|p2a: Tank-Zilla|40/100|[from] item: Black Sludge
|upkeep
|turn|15
|inactive|Bassyxx has 90 seconds left.
|
|move|p1a: Dragapult|Dragon Dance|p1a: Dragapult
|-boost|p1a: Dragapult|atk|1
|-boost|p1a: Dragapult|spe|1
|move|p2a: Tank-Zilla|Sludge Bomb|p1a: Dragapult
|-resisted|p1a: Dragapult
|-end|p1a: Dragapult|Substitute
|
|-heal|p1a: Dragapult|56/100|[from] item: Leftovers
|-heal|p2a: Tank-Zilla|46/100|[from] item: Black Sludge
|upkeep
|turn|16
|inactive|Bassyxx has 90 seconds left.
|
|move|p1a: Dragapult|Dragon Darts|p2a: Tank-Zilla
|-damage|p2a: Tank-Zilla|0 fnt
|faint|p2a: Tank-Zilla
|
|-heal|p1a: Dragapult|62/100|[from] item: Leftovers
|upkeep
|
|switch|p2a: Le Kyubi Kitsune|Ninetales-Alola, F|100/100
|-weather|Hail|[from] ability: Snow Warning|[of] p2a: Le Kyubi Kitsune
|turn|17
|
|move|p1a: Dragapult|Phantom Force||[still]
|-prepare|p1a: Dragapult|Phantom Force|p2a: Le Kyubi Kitsune
|move|p2a: Le Kyubi Kitsune|Moonblast|p1a: Dragapult|[miss]
|-miss|p2a: Le Kyubi Kitsune|p1a: Dragapult
|
|-weather|Hail|[upkeep]
|-damage|p1a: Dragapult|56/100|[from] Hail
|-heal|p1a: Dragapult|62/100|[from] item: Leftovers
|upkeep
|turn|18
|
|move|p1a: Dragapult|Phantom Force|p2a: Le Kyubi Kitsune|[from]lockedmove
|-enditem|p2a: Le Kyubi Kitsune|Focus Sash
|-damage|p2a: Le Kyubi Kitsune|1/100
|move|p2a: Le Kyubi Kitsune|Moonblast|p1a: Dragapult
|-supereffective|p1a: Dragapult
|-damage|p1a: Dragapult|0 fnt
|faint|p1a: Dragapult
|
|-weather|Hail|[upkeep]
|upkeep
|
|switch|p1a: Tyranitar|Tyranitar, F|37/100 slp
|-damage|p1a: Tyranitar|25/100 slp|[from] Stealth Rock
|-weather|Sandstorm|[from] ability: Sand Stream|[of] p1a: Tyranitar
|turn|19
|
|switch|p2a: le sensible|Torkoal, M|100/100
|-weather|SunnyDay|[from] ability: Drought|[of] p2a: le sensible
|cant|p1a: Tyranitar|slp
|
|-weather|SunnyDay|[upkeep]
|upkeep
|turn|20
|
|cant|p1a: Tyranitar|slp
|move|p2a: le sensible|Solar Beam||[still]
|-prepare|p2a: le sensible|Solar Beam|p1a: Tyranitar
|-anim|p2a: le sensible|Solar Beam|p1a: Tyranitar
|-supereffective|p1a: Tyranitar
|-damage|p1a: Tyranitar|0 fnt
|faint|p1a: Tyranitar
|
|-weather|SunnyDay|[upkeep]
|upkeep
|
|switch|p1a: Rotom|Rotom-Wash|100/100
|-damage|p1a: Rotom|88/100|[from] Stealth Rock
|turn|21
|
|move|p1a: Rotom|Hydro Pump|p2a: le sensible
|-supereffective|p2a: le sensible
|-crit|p2a: le sensible
|-damage|p2a: le sensible|18/100
|move|p2a: le sensible|Solar Beam||[still]
|-prepare|p2a: le sensible|Solar Beam|p1a: Rotom
|-anim|p2a: le sensible|Solar Beam|p1a: Rotom
|-supereffective|p1a: Rotom
|-damage|p1a: Rotom|0 fnt
|faint|p1a: Rotom
|
|-weather|SunnyDay|[upkeep]
|upkeep
|
|switch|p1a: Bisharp|Bisharp, M|100/100
|-damage|p1a: Bisharp|95/100|[from] Stealth Rock
|turn|22
|
|move|p1a: Bisharp|Iron Head|p2a: le sensible
|-resisted|p2a: le sensible
|-damage|p2a: le sensible|0 fnt
|-damage|p1a: Bisharp|85/100|[from] item: Life Orb
|faint|p2a: le sensible
|
|-weather|SunnyDay|[upkeep]
|upkeep
|
|switch|p2a: Le Kyubi Kitsune|Ninetales-Alola, F|1/100
|-weather|Hail|[from] ability: Snow Warning|[of] p2a: Le Kyubi Kitsune
|turn|23
|
|move|p1a: Bisharp|Sucker Punch|p2a: Le Kyubi Kitsune
|-resisted|p2a: Le Kyubi Kitsune
|-damage|p2a: Le Kyubi Kitsune|0 fnt
|-damage|p1a: Bisharp|75/100|[from] item: Life Orb
|faint|p2a: Le Kyubi Kitsune
|
|-weather|Hail|[upkeep]
|-damage|p1a: Bisharp|69/100|[from] Hail
|upkeep
|
|switch|p2a: Géode de crystal|Gigalith, M, shiny|100/100
|-weather|Sandstorm|[from] ability: Sand Stream|[of] p2a: Géode de crystal
|turn|24
|
|move|p1a: Bisharp|Iron Head|p2a: Géode de crystal
|-supereffective|p2a: Géode de crystal
|-damage|p2a: Géode de crystal|14/100
|-damage|p1a: Bisharp|59/100|[from] item: Life Orb
|move|p2a: Géode de crystal|Body Press|p1a: Bisharp
|-supereffective|p1a: Bisharp
|-damage|p1a: Bisharp|0 fnt
|faint|p1a: Bisharp
|
|win|Knight-Devilion
|l|☆Bassyxx
||Ladder (probably) updated, but score could not be retrieved (Response not received).
