|j|☆The Teal Scizor
|j|☆Forwards
|t:|1667824594
|gametype|singles
|player|p1|The Teal Scizor|266|1709
|player|p2|Forwards|rollerskater|1844
|teamsize|p1|6
|teamsize|p2|6
|gen|8
|tier|[Gen 8] OU
|rated|
|rule|Sleep Clause Mod: Limit one foe put to sleep
|rule|Species Clause: Limit one of each Pokémon
|rule|OHKO Clause: OHKO moves are banned
|rule|Evasion Items Clause: Evasion items are banned
|rule|Evasion Moves Clause: Evasion moves are banned
|rule|Endless Battle Clause: Forcing endless battles is banned
|rule|HP Percentage Mod: HP is shown in percentages
|rule|Dynamax Clause: You cannot dynamax
|clearpoke
|poke|p1|Urshifu-*, F|
|poke|p1|Tapu Lele|
|poke|p1|Toxapex, M|
|poke|p1|Weavile, M|
|poke|p1|Clefable, F|
|poke|p1|Landorus-Therian, M|
|poke|p2|Raikou|
|poke|p2|Zapdos|
|poke|p2|Dragonite, M|
|poke|p2|Urshifu-*, M|
|poke|p2|Melmetal|
|poke|p2|Swampert, F|
|teampreview
|inactive|Battle timer is ON: inactive players will automatically lose when time's up. (requested by The Teal Scizor)
|
|t:|1667824602
|start
|switch|p1a: Tapu Lele|Tapu Lele|100/100
|switch|p2a: Swampert|Swampert, F|100/100
|-fieldstart|move: Psychic Terrain|[from] ability: Psychic Surge|[of] p1a: Tapu Lele
|turn|1
|inactive|Forwards has 120 seconds left.
|inactive|Forwards has 90 seconds left.
|
|t:|1667824678
|move|p1a: Tapu Lele|Psychic|p2a: Swampert
|-damage|p2a: Swampert|31/100
|-unboost|p2a: Swampert|spd|1
|move|p2a: Swampert|Earthquake|p1a: Tapu Lele
|-damage|p1a: Tapu Lele|40/100
|
|-heal|p2a: Swampert|37/100|[from] item: Leftovers
|upkeep
|turn|2
|
|t:|1667824685
|switch|p2a: Melmetal|Melmetal|100/100
|move|p1a: Tapu Lele|Psychic|p2a: Melmetal
|-resisted|p2a: Melmetal
|-damage|p2a: Melmetal|53/100
|-unboost|p2a: Melmetal|spd|1
|
|-heal|p2a: Melmetal|59/100|[from] item: Leftovers
|upkeep
|turn|3
|
|t:|1667824692
|move|p2a: Melmetal|Protect|p2a: Melmetal
|-singleturn|p2a: Melmetal|Protect
|move|p1a: Tapu Lele|Psychic|p2a: Melmetal
|-activate|p2a: Melmetal|move: Protect
|
|-heal|p2a: Melmetal|65/100|[from] item: Leftovers
|upkeep
|turn|4
|inactive|Forwards has 90 seconds left.
|
|t:|1667824724
|move|p1a: Tapu Lele|Psychic|p2a: Melmetal
|-resisted|p2a: Melmetal
|-damage|p2a: Melmetal|0 fnt
|faint|p2a: Melmetal
|
|upkeep
|
|t:|1667824727
|switch|p2a: Urshifu|Urshifu-Rapid-Strike, M|100/100
|turn|5
|
|t:|1667824736
|switch|p1a: Clefable|Clefable, F|100/100
|move|p2a: Urshifu|U-turn|p1a: Clefable
|-resisted|p1a: Clefable
|-damage|p1a: Clefable|87/100
|
|t:|1667824739
|switch|p2a: Swampert|Swampert, F|37/100|[from]move: U-turn
|
|-heal|p1a: Clefable|93/100|[from] item: Leftovers
|-heal|p2a: Swampert|44/100|[from] item: Leftovers
|-fieldend|move: Psychic Terrain
|upkeep
|turn|6
|
|t:|1667824748
|move|p1a: Clefable|Stealth Rock|p2a: Swampert
|-sidestart|p2: Forwards|move: Stealth Rock
|move|p2a: Swampert|Stealth Rock|p1a: Clefable
|-sidestart|p1: The Teal Scizor|move: Stealth Rock
|
|-heal|p1a: Clefable|99/100|[from] item: Leftovers
|-heal|p2a: Swampert|50/100|[from] item: Leftovers
|upkeep
|turn|7
|
|t:|1667824754
|move|p1a: Clefable|Moonblast|p2a: Swampert
|-damage|p2a: Swampert|26/100
|move|p2a: Swampert|Flip Turn|p1a: Clefable
|-damage|p1a: Clefable|60/100
|
|t:|1667824761
|switch|p2a: Raikou|Raikou, shiny|100/100|[from]move: Flip Turn
|-damage|p2a: Raikou|88/100|[from] Stealth Rock
|
|-heal|p1a: Clefable|66/100|[from] item: Leftovers
|upkeep
|turn|8
|j| cypherstest
|inactive|Forwards has 120 seconds left.
|
|t:|1667824773
|move|p2a: Raikou|Thunderbolt|p1a: Clefable
|-damage|p1a: Clefable|22/100
|move|p1a: Clefable|Soft-Boiled|p1a: Clefable
|-heal|p1a: Clefable|72/100
|
|-heal|p1a: Clefable|78/100|[from] item: Leftovers
|upkeep
|turn|9
|
|t:|1667824778
|move|p2a: Raikou|Thunderbolt|p1a: Clefable
|-damage|p1a: Clefable|36/100
|move|p1a: Clefable|Soft-Boiled|p1a: Clefable
|-heal|p1a: Clefable|86/100
|
|-heal|p1a: Clefable|92/100|[from] item: Leftovers
|upkeep
|turn|10
|
|t:|1667824783
|switch|p2a: Swampert|Swampert, F|26/100
|-damage|p2a: Swampert|20/100|[from] Stealth Rock
|move|p1a: Clefable|Moonblast|p2a: Swampert
|-damage|p2a: Swampert|0 fnt
|faint|p2a: Swampert
|
|-heal|p1a: Clefable|98/100|[from] item: Leftovers
|upkeep
|
|t:|1667824795
|switch|p2a: Dragonite|Dragonite, M|100/100
|turn|11
|
|t:|1667824798
|move|p2a: Dragonite|Earthquake|p1a: Clefable
|-damage|p1a: Clefable|61/100
|move|p1a: Clefable|Moonblast|p2a: Dragonite
|-supereffective|p2a: Dragonite
|-damage|p2a: Dragonite|71/100
|-unboost|p2a: Dragonite|spa|1
|
|-heal|p1a: Clefable|67/100|[from] item: Leftovers
|upkeep
|turn|12
|-message|Forwards forfeited.
|
|win|The Teal Scizor
|raw|The Teal Scizor's rating: 1709 &rarr; <strong>1737</strong><br />(+28 for winning)
|raw|Forwards's rating: 1853 &rarr; <strong>1825</strong><br />(-28 for losing)
|l|☆Forwards
|l| cypherstest
||Ladder isn't responding, score probably updated but might not have (Request timeout).
