|j|☆ultimategoogolplex
|j|☆IcarusRe
|t:|1668149548
|gametype|singles
|player|p1|ultimategoogolplex|265|1728
|player|p2|IcarusRe|rood|1614
|teamsize|p1|6
|teamsize|p2|6
|gen|8
|tier|[Gen 8] OU
|rated|
|rule|Sleep Clause Mod: Limit one foe put to sleep
|rule|Species Clause: Limit one of each Pokémon
|rule|OHKO Clause: OHKO moves are banned
|rule|Evasion Items Clause: Evasion items are banned
|rule|Evasion Moves Clause: Evasion moves are banned
|rule|Endless Battle Clause: Forcing endless battles is banned
|rule|HP Percentage Mod: HP is shown in percentages
|rule|Dynamax Clause: You cannot dynamax
|clearpoke
|poke|p1|Weavile, M|
|poke|p1|Volcanion|
|poke|p1|Zapdos|
|poke|p1|Landorus-Therian, M|
|poke|p1|Kartana|
|poke|p1|Melmetal|
|poke|p2|Mew|
|poke|p2|Ninetales-Alola, M|
|poke|p2|Moltres-Galar|
|poke|p2|Barbaracle, M|
|poke|p2|Landorus-Therian, M|
|poke|p2|Celesteela|
|teampreview
|inactive|Battle timer is ON: inactive players will automatically lose when time's up. (requested by ultimategoogolplex)
|j| Fourthstar
|
|t:|1668149565
|start
|switch|p1a: Volcanion|Volcanion|100/100
|switch|p2a: Landorus|Landorus-Therian, M|100/100
|-ability|p2a: Landorus|Intimidate|boost
|-unboost|p1a: Volcanion|atk|1
|turn|1
|
|t:|1668149574
|switch|p1a: Landorus|Landorus-Therian, M|100/100
|-ability|p1a: Landorus|Intimidate|boost
|-unboost|p2a: Landorus|atk|1
|move|p2a: Landorus|Earthquake|p1a: Landorus
|-immune|p1a: Landorus
|
|upkeep
|turn|2
|
|t:|1668149576
|move|p2a: Landorus|Stealth Rock|p1a: Landorus
|-sidestart|p1: ultimategoogolplex|move: Stealth Rock
|move|p1a: Landorus|U-turn|p2a: Landorus
|-resisted|p2a: Landorus
|-damage|p2a: Landorus|87/100
|
|t:|1668149584
|switch|p1a: Zapdos|Zapdos|100/100|[from]move: U-turn
|
|upkeep
|turn|3
|
|t:|1668149588
|move|p2a: Landorus|Explosion|p1a: Zapdos
|-damage|p1a: Zapdos|49/100
|faint|p2a: Landorus
|move|p1a: Zapdos|Defog|p2: Landorus|[notarget]
|-fail|p1a: Zapdos
|
|upkeep
|
|t:|1668149605
|switch|p2a: Mew|Mew|100/100
|turn|4
|
|t:|1668149609
|switch|p1a: Melmetal|Melmetal|100/100
|-damage|p1a: Melmetal|94/100|[from] Stealth Rock
|move|p2a: Mew|Taunt|p1a: Melmetal
|-start|p1a: Melmetal|move: Taunt
|
|upkeep
|turn|5
|
|t:|1668149611
|move|p2a: Mew|Cosmic Power|p2a: Mew
|-boost|p2a: Mew|def|1
|-boost|p2a: Mew|spd|1
|move|p1a: Melmetal|Double Iron Bash|p2a: Mew
|-damage|p2a: Mew|79/100
|-damage|p2a: Mew|56/100
|-hitcount|p2a: Mew|2
|
|-heal|p2a: Mew|62/100|[from] item: Leftovers
|upkeep
|turn|6
|
|t:|1668149614
|move|p2a: Mew|Cosmic Power|p2a: Mew
|-boost|p2a: Mew|def|1
|-boost|p2a: Mew|spd|1
|move|p1a: Melmetal|Double Iron Bash|p2a: Mew
|-damage|p2a: Mew|43/100
|-damage|p2a: Mew|24/100
|-hitcount|p2a: Mew|2
|
|-heal|p2a: Mew|30/100|[from] item: Leftovers
|-end|p1a: Melmetal|move: Taunt
|upkeep
|turn|7
|
|t:|1668149621
|switch|p1a: Landorus|Landorus-Therian, M|100/100
|-damage|p1a: Landorus|88/100|[from] Stealth Rock
|-ability|p1a: Landorus|Intimidate|boost
|-unboost|p2a: Mew|atk|1
|move|p2a: Mew|Soft-Boiled|p2a: Mew
|-heal|p2a: Mew|80/100
|
|-heal|p2a: Mew|87/100|[from] item: Leftovers
|-heal|p1a: Landorus|94/100|[from] item: Leftovers
|upkeep
|turn|8
|
|t:|1668149624
|move|p2a: Mew|Taunt|p1a: Landorus
|-start|p1a: Landorus|move: Taunt
|cant|p1a: Landorus|move: Taunt|Toxic
|
|-heal|p2a: Mew|93/100|[from] item: Leftovers
|-heal|p1a: Landorus|99/100|[from] item: Leftovers
|upkeep
|turn|9
|
|t:|1668149627
|move|p2a: Mew|Cosmic Power|p2a: Mew
|-boost|p2a: Mew|def|1
|-boost|p2a: Mew|spd|1
|move|p1a: Landorus|U-turn|p2a: Mew
|-supereffective|p2a: Mew
|-damage|p2a: Mew|77/100
|
|t:|1668149632
|switch|p1a: Weavile|Weavile, M|100/100|[from]move: U-turn
|-damage|p1a: Weavile|76/100|[from] Stealth Rock
|-ability|p1a: Weavile|Pressure
|
|-heal|p2a: Mew|83/100|[from] item: Leftovers
|upkeep
|turn|10
|
|t:|1668149635
|move|p1a: Weavile|Beat Up|p2a: Mew
|-supereffective|p2a: Mew
|-damage|p2a: Mew|73/100
|-supereffective|p2a: Mew
|-damage|p2a: Mew|62/100
|-supereffective|p2a: Mew
|-damage|p2a: Mew|52/100
|-supereffective|p2a: Mew
|-damage|p2a: Mew|43/100
|-supereffective|p2a: Mew
|-damage|p2a: Mew|29/100
|-supereffective|p2a: Mew
|-damage|p2a: Mew|20/100
|-hitcount|p2a: Mew|6
|move|p2a: Mew|Taunt|p1a: Weavile
|-start|p1a: Weavile|move: Taunt
|
|-heal|p2a: Mew|26/100|[from] item: Leftovers
|upkeep
|turn|11
|
|t:|1668149647
|move|p1a: Weavile|Beat Up|p2a: Mew
|-supereffective|p2a: Mew
|-damage|p2a: Mew|16/100
|-supereffective|p2a: Mew
|-damage|p2a: Mew|5/100
|-supereffective|p2a: Mew
|-damage|p2a: Mew|0 fnt
|faint|p2a: Mew
|-hitcount|p2: Mew|3
|
|upkeep
|
|t:|1668149649
|switch|p2a: Ninetales|Ninetales-Alola, M|100/100
|-weather|Hail|[from] ability: Snow Warning|[of] p2a: Ninetales
|turn|12
|
|t:|1668149660
|switch|p1a: Melmetal|Melmetal|94/100
|-damage|p1a: Melmetal|88/100|[from] Stealth Rock
|move|p2a: Ninetales|Aurora Veil|p2a: Ninetales
|-sidestart|p2: IcarusRe|move: Aurora Veil
|
|-weather|Hail|[upkeep]
|-damage|p1a: Melmetal|82/100|[from] Hail
|upkeep
|turn|13
|
|t:|1668149663
|move|p2a: Ninetales|Safeguard|p2a: Ninetales
|-sidestart|p2: IcarusRe|Safeguard
|move|p1a: Melmetal|Thunder Punch|p2a: Ninetales
|-damage|p2a: Ninetales|80/100
|
|-weather|Hail|[upkeep]
|-damage|p1a: Melmetal|76/100|[from] Hail
|upkeep
|turn|14
|
|t:|1668149677
|switch|p2a: Moltres|Moltres-Galar|100/100
|move|p1a: Melmetal|Thunder Punch|p2a: Moltres
|-supereffective|p2a: Moltres
|-damage|p2a: Moltres|62/100
|
|-weather|Hail|[upkeep]
|-damage|p2a: Moltres|56/100|[from] Hail
|-damage|p1a: Melmetal|70/100|[from] Hail
|upkeep
|turn|15
|
|t:|1668149687
|move|p2a: Moltres|Agility|p2a: Moltres
|-boost|p2a: Moltres|spe|2
|move|p1a: Melmetal|Double Iron Bash|p2a: Moltres
|-damage|p2a: Moltres|31/100
|-damage|p2a: Moltres|6/100
|-hitcount|p2a: Moltres|2
|-ability|p2a: Moltres|Berserk|boost
|-boost|p2a: Moltres|spa|1
|
|-weather|Hail|[upkeep]
|-damage|p2a: Moltres|0 fnt|[from] Hail
|-damage|p1a: Melmetal|64/100|[from] Hail
|faint|p2a: Moltres
|upkeep
|
|t:|1668149693
|switch|p2a: Celesteela|Celesteela|100/100
|turn|16
|
|t:|1668149700
|move|p2a: Celesteela|Flamethrower|p1a: Melmetal
|-supereffective|p1a: Melmetal
|-damage|p1a: Melmetal|34/100
|move|p1a: Melmetal|Thunder Punch|p2a: Celesteela
|-supereffective|p2a: Celesteela
|-damage|p2a: Celesteela|70/100
|
|-weather|none
|upkeep
|turn|17
|
|t:|1668149709
|move|p2a: Celesteela|Flamethrower|p1a: Melmetal
|-supereffective|p1a: Melmetal
|-damage|p1a: Melmetal|4/100
|move|p1a: Melmetal|Thunder Punch|p2a: Celesteela
|-supereffective|p2a: Celesteela
|-damage|p2a: Celesteela|35/100
|
|-sideend|p2: IcarusRe|Safeguard
|upkeep
|turn|18
|
|t:|1668149716
|move|p2a: Celesteela|Flamethrower|p1a: Melmetal
|-supereffective|p1a: Melmetal
|-damage|p1a: Melmetal|0 fnt
|faint|p1a: Melmetal
|-ability|p2a: Celesteela|Beast Boost|boost
|-boost|p2a: Celesteela|spa|1
|
|upkeep
|
|t:|1668149726
|switch|p1a: Weavile|Weavile, M|76/100
|-damage|p1a: Weavile|51/100|[from] Stealth Rock
|-ability|p1a: Weavile|Pressure
|turn|19
|
|t:|1668149730
|move|p1a: Weavile|Knock Off|p2a: Celesteela
|-damage|p2a: Celesteela|0 fnt
|-enditem|p2a: Celesteela|Power Herb|[from] move: Knock Off|[of] p1a: Weavile
|faint|p2a: Celesteela
|
|-sideend|p2: IcarusRe|move: Aurora Veil
|upkeep
|
|t:|1668149733
|switch|p2a: Ninetales|Ninetales-Alola, M|80/100
|-weather|Hail|[from] ability: Snow Warning|[of] p2a: Ninetales
|turn|20
|
|t:|1668149738
|move|p1a: Weavile|Knock Off|p2a: Ninetales
|-resisted|p2a: Ninetales
|-damage|p2a: Ninetales|34/100
|-enditem|p2a: Ninetales|Light Clay|[from] move: Knock Off|[of] p1a: Weavile
|move|p2a: Ninetales|Aurora Veil|p2a: Ninetales
|-sidestart|p2: IcarusRe|move: Aurora Veil
|
|-weather|Hail|[upkeep]
|upkeep
|turn|21
|
|t:|1668149745
|move|p1a: Weavile|Knock Off|p2a: Ninetales
|-resisted|p2a: Ninetales
|-damage|p2a: Ninetales|19/100
|move|p2a: Ninetales|Encore|p1a: Weavile
|-start|p1a: Weavile|Encore
|
|-weather|Hail|[upkeep]
|upkeep
|turn|22
|
|t:|1668149751
|move|p1a: Weavile|Knock Off|p2a: Ninetales
|-resisted|p2a: Ninetales
|-damage|p2a: Ninetales|2/100
|move|p2a: Ninetales|Safeguard|p2a: Ninetales
|-sidestart|p2: IcarusRe|Safeguard
|
|-weather|Hail|[upkeep]
|upkeep
|turn|23
|
|t:|1668149759
|switch|p1a: Kartana|Kartana|100/100
|-damage|p1a: Kartana|94/100|[from] Stealth Rock
|move|p2a: Ninetales|Aurora Veil||[still]
|-fail|p2a: Ninetales
|
|-weather|Hail|[upkeep]
|-damage|p1a: Kartana|88/100|[from] Hail
|upkeep
|turn|24
|
|t:|1668149764
|move|p1a: Kartana|Leaf Blade|p2a: Ninetales
|-crit|p2a: Ninetales
|-damage|p2a: Ninetales|0 fnt
|faint|p2a: Ninetales
|-ability|p1a: Kartana|Beast Boost|boost
|-boost|p1a: Kartana|atk|1
|
|-weather|none
|-sideend|p2: IcarusRe|move: Aurora Veil
|upkeep
|
|t:|1668149765
|switch|p2a: Barbaracle|Barbaracle, M|100/100
|turn|25
|-message|IcarusRe forfeited.
|
|win|ultimategoogolplex
|raw|ultimategoogolplex's rating: 1728 &rarr; <strong>1742</strong><br />(+14 for winning)
|raw|IcarusRe's rating: 1614 &rarr; <strong>1600</strong><br />(-14 for losing)
|l|☆IcarusRe
