|j|☆Blue chen
|j|☆chockwayne
|player|p1|Blue chen|karen|1816
|player|p2|chockwayne|2|1823
|teamsize|p1|6
|teamsize|p2|6
|gametype|singles
|gen|8
|tier|[Gen 8] OU
|rated|
|clearpoke
|poke|p1|Accelgor, M|
|poke|p1|Volcarona, M|
|poke|p1|Urshifu-*, M|
|poke|p1|Azumarill, M|
|poke|p1|Dracozolt|
|poke|p1|Magearna|
|poke|p2|Volcarona, M|
|poke|p2|Ninetales-Alola, F|
|poke|p2|Azumarill, M|
|poke|p2|Dragapult, M|
|poke|p2|Excadrill, F|
|poke|p2|Magearna|
|rule|Sleep Clause Mod: Limit one foe put to sleep
|rule|Species Clause: Limit one of each Pokémon
|rule|OHKO Clause: OHKO moves are banned
|rule|Evasion Moves Clause: Evasion moves are banned
|rule|Endless Battle Clause: Forcing endless battles is banned
|rule|HP Percentage Mod: HP is shown in percentages
|rule|Dynamax Clause: You cannot dynamax
|teampreview
|
|start
|switch|p1a: Accelgor|Accelgor, M|100/100
|switch|p2a: Excadrill|Excadrill, F|100/100
|-ability|p2a: Excadrill|Mold Breaker
|turn|1
|j| look!rocket!
|l|☆chockwayne
|player|p2|
|j| Shimeon91
|inactive|Battle timer is ON: inactive players will automatically lose when time's up. (requested by Blue chen)
|j|☆chockwayne
|inactive|chockwayne reconnected and has 125 seconds left.
|player|p2|chockwayne|2
|inactive|chockwayne has 120 seconds left.
|
|move|p1a: Accelgor|Spikes|p2a: Excadrill
|-sidestart|p2: chockwayne|Spikes
|move|p2a: Excadrill|Rock Tomb|p1a: Accelgor
|-supereffective|p1a: Accelgor
|-damage|p1a: Accelgor|23/100
|-unboost|p1a: Accelgor|spe|1
|
|upkeep
|turn|2
|inactive|Blue chen has 120 seconds left.
|j| low level threat
|
|move|p2a: Excadrill|Earthquake|p1a: Accelgor
|-resisted|p1a: Accelgor
|-damage|p1a: Accelgor|0 fnt
|faint|p1a: Accelgor
|
|upkeep
|
|switch|p1a: Urshifu|Urshifu, M|100/100
|turn|3
|j| growing pain
|
|switch|p2a: Volcarona|Volcarona, M|100/100
|move|p1a: Urshifu|Wicked Blow|p2a: Volcarona
|-crit|p2a: Volcarona
|-damage|p2a: Volcarona|8/100
|-status|p1a: Urshifu|brn|[from] ability: Flame Body|[of] p2a: Volcarona
|
|-damage|p1a: Urshifu|94/100 brn|[from] brn
|upkeep
|turn|4
|
|move|p1a: Urshifu|Wicked Blow|p2a: Volcarona
|-crit|p2a: Volcarona
|-damage|p2a: Volcarona|0 fnt
|faint|p2a: Volcarona
|
|-heal|p1a: Urshifu|100/100 brn|[from] item: Leftovers
|-damage|p1a: Urshifu|94/100 brn|[from] brn
|upkeep
|
|switch|p2a: Ninetales|Ninetales-Alola, F|100/100
|-damage|p2a: Ninetales|88/100|[from] Spikes
|-weather|Hail|[from] ability: Snow Warning|[of] p2a: Ninetales
|turn|5
|
|move|p2a: Ninetales|Aurora Veil|p2a: Ninetales
|-sidestart|p2: chockwayne|move: Aurora Veil
|move|p1a: Urshifu|Close Combat|p2a: Ninetales
|-damage|p2a: Ninetales|65/100
|-unboost|p1a: Urshifu|def|1
|-unboost|p1a: Urshifu|spd|1
|
|-weather|Hail|[upkeep]
|-damage|p1a: Urshifu|88/100 brn|[from] Hail
|-heal|p1a: Urshifu|94/100 brn|[from] item: Leftovers
|-damage|p1a: Urshifu|88/100 brn|[from] brn
|upkeep
|turn|6
|
|move|p2a: Ninetales|Moonblast|p1a: Urshifu
|-supereffective|p1a: Urshifu
|-damage|p1a: Urshifu|0 fnt
|faint|p1a: Urshifu
|
|-weather|Hail|[upkeep]
|upkeep
|
|switch|p1a: Volcarona|Volcarona, M|100/100
|turn|7
|
|move|p2a: Ninetales|Hypnosis|p1a: Volcarona
|-status|p1a: Volcarona|slp|[from] move: Hypnosis
|cant|p1a: Volcarona|slp
|
|-weather|Hail|[upkeep]
|-damage|p1a: Volcarona|94/100 slp|[from] Hail
|upkeep
|turn|8
|
|switch|p2a: Excadrill|Excadrill, F|100/100
|-damage|p2a: Excadrill|88/100|[from] Spikes
|-ability|p2a: Excadrill|Mold Breaker
|cant|p1a: Volcarona|slp
|
|-weather|Hail|[upkeep]
|-damage|p1a: Volcarona|88/100 slp|[from] Hail
|-damage|p2a: Excadrill|82/100|[from] Hail
|upkeep
|turn|9
|
|cant|p1a: Volcarona|slp
|move|p2a: Excadrill|Stealth Rock|p1a: Volcarona
|-sidestart|p1: Blue chen|move: Stealth Rock
|
|-weather|none
|upkeep
|turn|10
|
|-curestatus|p1a: Volcarona|slp|[msg]
|move|p1a: Volcarona|Flamethrower|p2a: Excadrill
|-supereffective|p2a: Excadrill
|-damage|p2a: Excadrill|15/100
|move|p2a: Excadrill|Rock Tomb|p1a: Volcarona
|-supereffective|p1a: Volcarona
|-damage|p1a: Volcarona|0 fnt
|faint|p1a: Volcarona
|
|upkeep
|
|switch|p1a: Azumarill|Azumarill, M|100/100
|-damage|p1a: Azumarill|88/100|[from] Stealth Rock
|turn|11
|
|move|p1a: Azumarill|Aqua Jet|p2a: Excadrill
|-supereffective|p2a: Excadrill
|-damage|p2a: Excadrill|0 fnt
|faint|p2a: Excadrill
|
|upkeep
|
|switch|p2a: Ninetales|Ninetales-Alola, F|65/100
|-damage|p2a: Ninetales|53/100|[from] Spikes
|-weather|Hail|[from] ability: Snow Warning|[of] p2a: Ninetales
|turn|12
|
|move|p2a: Ninetales|Freeze-Dry|p1a: Azumarill
|-supereffective|p1a: Azumarill
|-damage|p1a: Azumarill|22/100
|-enditem|p1a: Azumarill|Sitrus Berry|[eat]
|-heal|p1a: Azumarill|47/100|[from] item: Sitrus Berry
|move|p1a: Azumarill|Belly Drum||[still]
|-fail|p1a: Azumarill
|
|-weather|Hail|[upkeep]
|-damage|p1a: Azumarill|41/100|[from] Hail
|-sideend|p2: chockwayne|move: Aurora Veil
|upkeep
|turn|13
|
|move|p2a: Ninetales|Aurora Veil|p2a: Ninetales
|-sidestart|p2: chockwayne|move: Aurora Veil
|move|p1a: Azumarill|Play Rough|p2a: Ninetales
|-damage|p2a: Ninetales|11/100
|
|-weather|Hail|[upkeep]
|-damage|p1a: Azumarill|35/100|[from] Hail
|upkeep
|turn|14
|
|move|p1a: Azumarill|Aqua Jet|p2a: Ninetales
|-damage|p2a: Ninetales|0 fnt
|faint|p2a: Ninetales
|
|-weather|Hail|[upkeep]
|-damage|p1a: Azumarill|29/100|[from] Hail
|upkeep
|
|switch|p2a: Magearna|Magearna|100/100
|-damage|p2a: Magearna|88/100|[from] Spikes
|turn|15
|
|move|p2a: Magearna|Shift Gear|p2a: Magearna
|-boost|p2a: Magearna|spe|2
|-boost|p2a: Magearna|atk|1
|move|p1a: Azumarill|Knock Off|p2a: Magearna
|-resisted|p2a: Magearna
|-damage|p2a: Magearna|80/100
|-enditem|p2a: Magearna|Leftovers|[from] move: Knock Off|[of] p1a: Azumarill
|
|-weather|Hail|[upkeep]
|-damage|p2a: Magearna|74/100|[from] Hail
|-damage|p1a: Azumarill|23/100|[from] Hail
|upkeep
|turn|16
|
|switch|p1a: Magearna|Magearna|100/100
|-damage|p1a: Magearna|94/100|[from] Stealth Rock
|move|p2a: Magearna|Draining Kiss|p1a: Magearna
|-resisted|p1a: Magearna
|-damage|p1a: Magearna|85/100
|-heal|p2a: Magearna|81/100|[from] drain|[of] p1a: Magearna
|
|-weather|none
|-heal|p1a: Magearna|91/100|[from] item: Leftovers
|upkeep
|turn|17
|
|move|p2a: Magearna|Calm Mind|p2a: Magearna
|-boost|p2a: Magearna|spa|1
|-boost|p2a: Magearna|spd|1
|move|p1a: Magearna|Calm Mind|p1a: Magearna
|-boost|p1a: Magearna|spa|1
|-boost|p1a: Magearna|spd|1
|
|-heal|p1a: Magearna|97/100|[from] item: Leftovers
|upkeep
|turn|18
|
|move|p2a: Magearna|Calm Mind|p2a: Magearna
|-boost|p2a: Magearna|spa|1
|-boost|p2a: Magearna|spd|1
|move|p1a: Magearna|Calm Mind|p1a: Magearna
|-boost|p1a: Magearna|spa|1
|-boost|p1a: Magearna|spd|1
|
|-heal|p1a: Magearna|100/100|[from] item: Leftovers
|upkeep
|turn|19
|
|move|p2a: Magearna|Calm Mind|p2a: Magearna
|-boost|p2a: Magearna|spa|1
|-boost|p2a: Magearna|spd|1
|move|p1a: Magearna|Iron Defense|p1a: Magearna
|-boost|p1a: Magearna|def|2
|
|upkeep
|turn|20
|
|move|p2a: Magearna|Calm Mind|p2a: Magearna
|-boost|p2a: Magearna|spa|1
|-boost|p2a: Magearna|spd|1
|move|p1a: Magearna|Calm Mind|p1a: Magearna
|-boost|p1a: Magearna|spa|1
|-boost|p1a: Magearna|spd|1
|
|-sideend|p2: chockwayne|move: Aurora Veil
|upkeep
|turn|21
|
|move|p2a: Magearna|Stored Power|p1a: Magearna
|-resisted|p1a: Magearna
|-crit|p1a: Magearna
|-damage|p1a: Magearna|0 fnt
|faint|p1a: Magearna
|-ability|p2a: Magearna|Soul-Heart|boost
|-boost|p2a: Magearna|spa|1
|
|upkeep
|-message|Blue chen forfeited.
|
|win|chockwayne
|l|☆Blue chen
|l|☆chockwayne
|l| Shimeon91
|l| look!rocket!
|l| low level threat
