|j|☆Arcaninesquad
|j|☆DonulTrum
|t:|1629555991
|gametype|singles
|player|p1|Arcaninesquad|cynthia-gen4|1648
|player|p2|DonulTrum|169|1634
|teamsize|p1|6
|teamsize|p2|6
|gen|8
|tier|[Gen 8] OU
|rated|
|rule|Sleep Clause Mod: Limit one foe put to sleep
|rule|Species Clause: Limit one of each Pokémon
|rule|OHKO Clause: OHKO moves are banned
|rule|Evasion Moves Clause: Evasion moves are banned
|rule|Endless Battle Clause: Forcing endless battles is banned
|rule|HP Percentage Mod: HP is shown in percentages
|rule|Dynamax Clause: You cannot dynamax
|clearpoke
|poke|p1|Tapu Koko|
|poke|p1|Landorus-Therian, M|
|poke|p1|Slowking, F|
|poke|p1|Heatran, M|
|poke|p1|Weavile, M|
|poke|p1|Skarmory, F|
|poke|p2|Claydol|
|poke|p2|Crawdaunt, F|
|poke|p2|Grimmsnarl, M|
|poke|p2|Volcanion|
|poke|p2|Conkeldurr, F|
|poke|p2|Dusclops, F|
|teampreview
|inactive|Battle timer is ON: inactive players will automatically lose when time's up. (requested by Arcaninesquad)
|
|t:|1629556008
|start
|switch|p1a: Tapu Koko|Tapu Koko|100/100
|switch|p2a: Volcanion|Volcanion|100/100
|-fieldstart|move: Electric Terrain|[from] ability: Electric Surge|[of] p1a: Tapu Koko
|turn|1
|
|t:|1629556022
|switch|p2a: Claydol|Claydol|100/100
|move|p1a: Tapu Koko|U-turn|p2a: Claydol
|-supereffective|p2a: Claydol
|-damage|p2a: Claydol|68/100
|
|t:|1629556027
|switch|p1a: Weavile|Weavile, M|100/100|[from]move: U-turn
|-ability|p1a: Weavile|Pressure
|
|-heal|p2a: Claydol|75/100|[from] item: Leftovers
|upkeep
|turn|2
|
|t:|1629556034
|switch|p2a: Grimmsnarl|Grimmsnarl, M|100/100
|move|p1a: Weavile|Knock Off|p2a: Grimmsnarl
|-resisted|p2a: Grimmsnarl
|-damage|p2a: Grimmsnarl|86/100
|-enditem|p2a: Grimmsnarl|Light Clay|[from] move: Knock Off|[of] p1a: Weavile
|
|upkeep
|turn|3
|
|t:|1629556041
|switch|p1a: Skarmory|Skarmory, F|100/100
|move|p2a: Grimmsnarl|Reflect|p2a: Grimmsnarl
|-sidestart|p2: DonulTrum|Reflect
|
|upkeep
|turn|4
|
|t:|1629556048
|move|p2a: Grimmsnarl|Taunt|p1a: Skarmory
|-start|p1a: Skarmory|move: Taunt
|cant|p1a: Skarmory|move: Taunt|Spikes
|
|upkeep
|turn|5
|j| emerald234
|
|t:|1629556056
|switch|p1a: Landorus|Landorus-Therian, M|100/100
|-ability|p1a: Landorus|Intimidate|boost
|-unboost|p2a: Grimmsnarl|atk|1
|move|p2a: Grimmsnarl|Light Screen|p2a: Grimmsnarl
|-sidestart|p2: DonulTrum|move: Light Screen
|
|-fieldend|move: Electric Terrain
|upkeep
|turn|6
|
|t:|1629556064
|move|p2a: Grimmsnarl|Taunt|p1a: Landorus
|-start|p1a: Landorus|move: Taunt
|move|p1a: Landorus|U-turn|p2a: Grimmsnarl
|-damage|p2a: Grimmsnarl|72/100
|
|t:|1629556069
|switch|p1a: Skarmory|Skarmory, F|100/100|[from]move: U-turn
|
|upkeep
|turn|7
|
|t:|1629556072
|move|p2a: Grimmsnarl|Taunt|p1a: Skarmory
|-start|p1a: Skarmory|move: Taunt
|cant|p1a: Skarmory|move: Taunt|Spikes
|
|-sideend|p2: DonulTrum|Reflect
|upkeep
|turn|8
|
|t:|1629556081
|switch|p1a: Landorus|Landorus-Therian, M|100/100
|-ability|p1a: Landorus|Intimidate|boost
|-unboost|p2a: Grimmsnarl|atk|1
|switch|p2a: Crawdaunt|Crawdaunt, F|100/100
|
|upkeep
|turn|9
|
|t:|1629556091
|move|p1a: Landorus|U-turn|p2a: Crawdaunt
|-supereffective|p2a: Crawdaunt
|-damage|p2a: Crawdaunt|32/100
|
|t:|1629556094
|switch|p1a: Skarmory|Skarmory, F|100/100|[from]move: U-turn
|move|p2a: Crawdaunt|Crabhammer|p1a: Skarmory
|-damage|p1a: Skarmory|35/100
|-damage|p2a: Crawdaunt|15/100|[from] item: Rocky Helmet|[of] p1a: Skarmory
|
|-sideend|p2: DonulTrum|move: Light Screen
|upkeep
|turn|10
|
|t:|1629556102
|move|p2a: Crawdaunt|Crabhammer|p1a: Skarmory
|-damage|p1a: Skarmory|0 fnt
|-damage|p2a: Crawdaunt|0 fnt|[from] item: Rocky Helmet|[of] p1a: Skarmory
|faint|p1a: Skarmory
|faint|p2a: Crawdaunt
|
|upkeep
|
|t:|1629556110
|switch|p2a: Grimmsnarl|Grimmsnarl, M|72/100
|switch|p1a: Tapu Koko|Tapu Koko|100/100
|-fieldstart|move: Electric Terrain|[from] ability: Electric Surge|[of] p1a: Tapu Koko
|turn|11
|
|t:|1629556115
|move|p2a: Grimmsnarl|Light Screen|p2a: Grimmsnarl
|-sidestart|p2: DonulTrum|move: Light Screen
|move|p1a: Tapu Koko|Dazzling Gleam|p2a: Grimmsnarl
|-supereffective|p2a: Grimmsnarl
|-damage|p2a: Grimmsnarl|45/100
|
|upkeep
|turn|12
|
|t:|1629556121
|move|p2a: Grimmsnarl|Reflect|p2a: Grimmsnarl
|-sidestart|p2: DonulTrum|Reflect
|move|p1a: Tapu Koko|U-turn|p2a: Grimmsnarl
|-damage|p2a: Grimmsnarl|34/100
|
|t:|1629556124
|switch|p1a: Heatran|Heatran, M|100/100|[from]move: U-turn
|
|upkeep
|turn|13
|
|t:|1629556128
|switch|p2a: Claydol|Claydol|75/100
|move|p1a: Heatran|Magma Storm|p2a: Claydol
|-damage|p2a: Claydol|61/100
|-activate|p2a: Claydol|move: Magma Storm|[of] p1a: Heatran
|
|-heal|p2a: Claydol|67/100|[from] item: Leftovers
|-damage|p2a: Claydol|55/100|[from] move: Magma Storm|[partiallytrapped]
|upkeep
|turn|14
|
|t:|1629556137
|move|p1a: Heatran|Taunt|p2a: Claydol
|-start|p2a: Claydol|move: Taunt
|cant|p2a: Claydol|move: Taunt|Stealth Rock
|
|-heal|p2a: Claydol|61/100|[from] item: Leftovers
|-damage|p2a: Claydol|48/100|[from] move: Magma Storm|[partiallytrapped]
|upkeep
|turn|15
|
|t:|1629556143
|switch|p1a: Slowking|Slowking, F|100/100
|move|p2a: Claydol|Rapid Spin|p1a: Slowking
|-damage|p1a: Slowking|93/100
|-boost|p2a: Claydol|spe|1
|-end|p2a: Claydol|Magma Storm|[partiallytrapped]
|
|-heal|p2a: Claydol|55/100|[from] item: Leftovers
|-sideend|p2: DonulTrum|move: Light Screen
|-fieldend|move: Electric Terrain
|upkeep
|turn|16
|
|t:|1629556156
|move|p2a: Claydol|Rapid Spin|p1a: Slowking
|-crit|p1a: Slowking
|-damage|p1a: Slowking|81/100
|-boost|p2a: Claydol|spe|1
|move|p1a: Slowking|Teleport|p1a: Slowking
|
|t:|1629556160
|switch|p1a: Weavile|Weavile, M|100/100|[from]move: Teleport
|-ability|p1a: Weavile|Pressure
|
|-heal|p2a: Claydol|61/100|[from] item: Leftovers
|-end|p2a: Claydol|move: Taunt
|-sideend|p2: DonulTrum|Reflect
|upkeep
|turn|17
|j| KangkongNation2
|
|t:|1629556167
|move|p1a: Weavile|Knock Off|p2a: Claydol
|-supereffective|p2a: Claydol
|-damage|p2a: Claydol|0 fnt
|-enditem|p2a: Claydol|Leftovers|[from] move: Knock Off|[of] p1a: Weavile
|faint|p2a: Claydol
|
|upkeep
|
|t:|1629556173
|switch|p2a: Conkeldurr|Conkeldurr, F|100/100
|turn|18
|
|t:|1629556176
|switch|p1a: Landorus|Landorus-Therian, M|100/100
|-ability|p1a: Landorus|Intimidate|boost
|-unboost|p2a: Conkeldurr|atk|1
|move|p2a: Conkeldurr|Bulk Up|p2a: Conkeldurr
|-boost|p2a: Conkeldurr|atk|1
|-boost|p2a: Conkeldurr|def|1
|
|-status|p2a: Conkeldurr|brn|[from] item: Flame Orb
|upkeep
|turn|19
|
|t:|1629556187
|move|p1a: Landorus|Earthquake|p2a: Conkeldurr
|-damage|p2a: Conkeldurr|73/100 brn
|move|p2a: Conkeldurr|Ice Punch|p1a: Landorus
|-supereffective|p1a: Landorus
|-damage|p1a: Landorus|0 fnt
|faint|p1a: Landorus
|
|-damage|p2a: Conkeldurr|67/100 brn|[from] brn
|upkeep
|
|t:|1629556193
|switch|p1a: Tapu Koko|Tapu Koko|100/100
|-fieldstart|move: Electric Terrain|[from] ability: Electric Surge|[of] p1a: Tapu Koko
|turn|20
|
|t:|1629556199
|switch|p2a: Dusclops|Dusclops, F, shiny|100/100
|-ability|p2a: Dusclops|Pressure
|move|p1a: Tapu Koko|Dazzling Gleam|p2a: Dusclops
|-damage|p2a: Dusclops|79/100
|
|upkeep
|turn|21
|
|t:|1629556211
|switch|p2a: Volcanion|Volcanion|100/100
|move|p1a: Tapu Koko|Thunderbolt|p2a: Volcanion
|-supereffective|p2a: Volcanion
|-damage|p2a: Volcanion|0 fnt
|faint|p2a: Volcanion
|
|upkeep
|
|t:|1629556218
|switch|p2a: Grimmsnarl|Grimmsnarl, M|34/100
|turn|22
|-message|DonulTrum forfeited.
|
|win|Arcaninesquad
|raw|Arcaninesquad's rating: 1648 &rarr; <strong>1667</strong><br />(+19 for winning)
|raw|DonulTrum's rating: 1634 &rarr; <strong>1615</strong><br />(-19 for losing)
|l|☆DonulTrum
|l| emerald234
|l|☆Arcaninesquad
