|j|‽minimax_ai
|j|☆Raimei Hakkei 2
|t:|1667339132
|gametype|singles
|player|p1|minimax_ai|266|1638
|player|p2|Raimei Hakkei 2|265|1639
|teamsize|p1|6
|teamsize|p2|6
|gen|8
|tier|[Gen 8] OU
|rated|
|rule|Sleep Clause Mod: Limit one foe put to sleep
|rule|Species Clause: Limit one of each Pokémon
|rule|OHKO Clause: OHKO moves are banned
|rule|Evasion Items Clause: Evasion items are banned
|rule|Evasion Moves Clause: Evasion moves are banned
|rule|Endless Battle Clause: Forcing endless battles is banned
|rule|HP Percentage Mod: HP is shown in percentages
|rule|Dynamax Clause: You cannot dynamax
|clearpoke
|poke|p1|Rotom-Wash|
|poke|p1|Weavile, M|
|poke|p1|Landorus-Therian, M|
|poke|p1|Heatran, M|
|poke|p1|Tangrowth, F|
|poke|p1|Melmetal|
|poke|p2|Landorus-Therian, M|
|poke|p2|Urshifu-*, M|
|poke|p2|Dragonite, F|
|poke|p2|Tyrantrum, F|
|poke|p2|Aegislash, M|
|poke|p2|Chansey, F|
|teampreview
|inactive|Battle timer is ON: inactive players will automatically lose when time's up. (requested by Raimei Hakkei 2)
|inactive|minimax_ai also wants the timer to be on.
|
|t:|1667339139
|start
|switch|p1a: Landorus|Landorus-Therian, M|100/100
|switch|p2a: Gundari: Ryuseigun|Urshifu-Rapid-Strike, M|100/100
|-ability|p1a: Landorus|Intimidate|boost
|-unboost|p2a: Gundari: Ryuseigun|atk|1
|turn|1
|
|t:|1667339142
|move|p2a: Gundari: Ryuseigun|U-turn|p1a: Landorus
|-resisted|p1a: Landorus
|-damage|p1a: Landorus|88/100
|
|t:|1667339145
|switch|p2a: Raging Drunk|Landorus-Therian, M|100/100|[from]move: U-turn
|-ability|p2a: Raging Drunk|Intimidate|boost
|-unboost|p1a: Landorus|atk|1
|move|p1a: Landorus|Defog|p2a: Raging Drunk
|-unboost|p2a: Raging Drunk|evasion|1
|
|-heal|p1a: Landorus|94/100|[from] item: Leftovers
|upkeep
|turn|2
|
|t:|1667339149
|move|p1a: Landorus|Toxic|p2a: Raging Drunk
|-status|p2a: Raging Drunk|tox
|-enditem|p2a: Raging Drunk|Lum Berry|[eat]
|-curestatus|p2a: Raging Drunk|tox|[msg]
|move|p2a: Raging Drunk|Toxic|p1a: Landorus
|-status|p1a: Landorus|tox
|
|-heal|p1a: Landorus|99/100 tox|[from] item: Leftovers
|-damage|p1a: Landorus|94/100 tox|[from] psn
|upkeep
|turn|3
|
|t:|1667339151
|switch|p1a: Heatran|Heatran, M|100/100
|-item|p1a: Heatran|Air Balloon
|move|p2a: Raging Drunk|Stealth Rock|p1a: Heatran
|-sidestart|p1: minimax_ai|move: Stealth Rock
|
|upkeep
|turn|4
|
|t:|1667339154
|move|p1a: Heatran|Eruption|p2a: Raging Drunk
|-damage|p2a: Raging Drunk|19/100
|move|p2a: Raging Drunk|Knock Off|p1a: Heatran
|-damage|p1a: Heatran|72/100
|-enditem|p1a: Heatran|Air Balloon
|
|upkeep
|turn|5
|
|t:|1667339158
|switch|p2a: Flirty Drunk|Chansey, F|100/100
|move|p1a: Heatran|Magma Storm|p2a: Flirty Drunk|[miss]
|-miss|p1a: Heatran|p2a: Flirty Drunk
|
|upkeep
|turn|6
|
|t:|1667339163
|move|p1a: Heatran|Stealth Rock|p2a: Flirty Drunk
|-sidestart|p2: Raimei Hakkei 2|move: Stealth Rock
|move|p2a: Flirty Drunk|Teleport|p2a: Flirty Drunk
|
|t:|1667339166
|switch|p2a: Gundari: Ryuseigun|Urshifu-Rapid-Strike, M|100/100|[from]move: Teleport
|-damage|p2a: Gundari: Ryuseigun|94/100|[from] Stealth Rock
|
|upkeep
|turn|7
|
|t:|1667339168
|switch|p1a: Tangrowth|Tangrowth, F|100/100
|-damage|p1a: Tangrowth|88/100|[from] Stealth Rock
|move|p2a: Gundari: Ryuseigun|Close Combat|p1a: Tangrowth
|-damage|p1a: Tangrowth|43/100
|-unboost|p2a: Gundari: Ryuseigun|def|1
|-unboost|p2a: Gundari: Ryuseigun|spd|1
|-damage|p2a: Gundari: Ryuseigun|78/100|[from] item: Rocky Helmet|[of] p1a: Tangrowth
|
|upkeep
|turn|8
|
|t:|1667339171
|switch|p1a: Landorus|Landorus-Therian, M|94/100 tox
|-damage|p1a: Landorus|82/100 tox|[from] Stealth Rock
|-ability|p1a: Landorus|Intimidate|boost
|-unboost|p2a: Gundari: Ryuseigun|atk|1
|move|p2a: Gundari: Ryuseigun|Close Combat|p1a: Landorus
|-resisted|p1a: Landorus
|-damage|p1a: Landorus|54/100 tox
|-unboost|p2a: Gundari: Ryuseigun|def|1
|-unboost|p2a: Gundari: Ryuseigun|spd|1
|
|-heal|p1a: Landorus|60/100 tox|[from] item: Leftovers
|-damage|p1a: Landorus|54/100 tox|[from] psn
|upkeep
|turn|9
|
|t:|1667339174
|switch|p2a: Raging Drunk|Landorus-Therian, M|19/100
|-damage|p2a: Raging Drunk|7/100|[from] Stealth Rock
|-ability|p2a: Raging Drunk|Intimidate|boost
|-unboost|p1a: Landorus|atk|1
|move|p1a: Landorus|U-turn|p2a: Raging Drunk
|-resisted|p2a: Raging Drunk
|-damage|p2a: Raging Drunk|2/100
|
|t:|1667339174
|switch|p1a: Melmetal|Melmetal|100/100|[from]move: U-turn
|-damage|p1a: Melmetal|94/100|[from] Stealth Rock
|
|upkeep
|turn|10
|
|t:|1667339177
|move|p2a: Raging Drunk|Earth Power|p1a: Melmetal
|-supereffective|p1a: Melmetal
|-damage|p1a: Melmetal|61/100
|move|p1a: Melmetal|Double Iron Bash|p2a: Raging Drunk
|-damage|p2a: Raging Drunk|0 fnt
|faint|p2a: Raging Drunk
|-hitcount|p2: Raging Drunk|1
|
|upkeep
|
|t:|1667339182
|switch|p2a: Gundari: Ryuseigun|Urshifu-Rapid-Strike, M|78/100
|-damage|p2a: Gundari: Ryuseigun|72/100|[from] Stealth Rock
|turn|11
|
|t:|1667339185
|switch|p1a: Landorus|Landorus-Therian, M|54/100 tox
|-damage|p1a: Landorus|41/100 tox|[from] Stealth Rock
|-ability|p1a: Landorus|Intimidate|boost
|-unboost|p2a: Gundari: Ryuseigun|atk|1
|move|p2a: Gundari: Ryuseigun|Close Combat|p1a: Landorus
|-resisted|p1a: Landorus
|-crit|p1a: Landorus
|-damage|p1a: Landorus|0 fnt
|-unboost|p2a: Gundari: Ryuseigun|def|1
|-unboost|p2a: Gundari: Ryuseigun|spd|1
|faint|p1a: Landorus
|
|upkeep
|
|t:|1667339185
|switch|p1a: Rotom|Rotom-Wash|100/100
|-damage|p1a: Rotom|88/100|[from] Stealth Rock
|turn|12
|
|t:|1667339189
|switch|p2a: Flirty Drunk|Chansey, F|100/100
|-damage|p2a: Flirty Drunk|88/100|[from] Stealth Rock
|move|p1a: Rotom|Thunderbolt|p2a: Flirty Drunk
|-damage|p2a: Flirty Drunk|77/100
|
|-heal|p1a: Rotom|94/100|[from] item: Leftovers
|upkeep
|turn|13
|
|t:|1667339193
|move|p1a: Rotom|Thunderbolt|p2a: Flirty Drunk
|-damage|p2a: Flirty Drunk|65/100
|move|p2a: Flirty Drunk|Teleport|p2a: Flirty Drunk
|
|t:|1667339198
|switch|p2a: Horai Hakke|Tyrantrum, F|100/100|[from]move: Teleport
|-damage|p2a: Horai Hakke|88/100|[from] Stealth Rock
|
|-heal|p1a: Rotom|100/100|[from] item: Leftovers
|upkeep
|turn|14
|
|t:|1667339204
|move|p1a: Rotom|Hydro Pump|p2a: Horai Hakke
|-damage|p2a: Horai Hakke|16/100
|move|p2a: Horai Hakke|Head Smash|p1a: Rotom|[miss]
|-miss|p2a: Horai Hakke|p1a: Rotom
|
|upkeep
|turn|15
|
|t:|1667339209
|switch|p2a: Flirty Drunk|Chansey, F|65/100
|-damage|p2a: Flirty Drunk|53/100|[from] Stealth Rock
|move|p1a: Rotom|Hydro Pump|p2a: Flirty Drunk
|-damage|p2a: Flirty Drunk|41/100
|
|upkeep
|turn|16
|
|t:|1667339211
|move|p1a: Rotom|Hydro Pump|p2a: Flirty Drunk
|-damage|p2a: Flirty Drunk|28/100
|move|p2a: Flirty Drunk|Soft-Boiled|p2a: Flirty Drunk
|-heal|p2a: Flirty Drunk|78/100
|
|upkeep
|turn|17
|
|t:|1667339214
|move|p1a: Rotom|Thunderbolt|p2a: Flirty Drunk
|-damage|p2a: Flirty Drunk|67/100
|move|p2a: Flirty Drunk|Soft-Boiled|p2a: Flirty Drunk
|-heal|p2a: Flirty Drunk|100/100
|
|upkeep
|turn|18
|
|t:|1667339216
|move|p1a: Rotom|Thunderbolt|p2a: Flirty Drunk
|-damage|p2a: Flirty Drunk|90/100
|move|p2a: Flirty Drunk|Toxic|p1a: Rotom
|-status|p1a: Rotom|tox
|
|-damage|p1a: Rotom|94/100 tox|[from] psn
|upkeep
|turn|19
|
|t:|1667339219
|move|p1a: Rotom|Thunderbolt|p2a: Flirty Drunk
|-damage|p2a: Flirty Drunk|79/100
|move|p2a: Flirty Drunk|Seismic Toss|p1a: Rotom
|-damage|p1a: Rotom|61/100 tox
|
|-heal|p1a: Rotom|68/100 tox|[from] item: Leftovers
|-damage|p1a: Rotom|55/100 tox|[from] psn
|upkeep
|turn|20
|
|t:|1667339221
|move|p1a: Rotom|Thunderbolt|p2a: Flirty Drunk
|-damage|p2a: Flirty Drunk|68/100
|move|p2a: Flirty Drunk|Soft-Boiled|p2a: Flirty Drunk
|-heal|p2a: Flirty Drunk|100/100
|
|-heal|p1a: Rotom|61/100 tox|[from] item: Leftovers
|-damage|p1a: Rotom|43/100 tox|[from] psn
|upkeep
|turn|21
|
|t:|1667339224
|switch|p1a: Tangrowth|Tangrowth, F|76/100
|-damage|p1a: Tangrowth|64/100|[from] Stealth Rock
|move|p2a: Flirty Drunk|Seismic Toss|p1a: Tangrowth
|-damage|p1a: Tangrowth|39/100
|-damage|p2a: Flirty Drunk|84/100|[from] item: Rocky Helmet|[of] p1a: Tangrowth
|
|upkeep
|turn|22
|
|t:|1667339228
|move|p2a: Flirty Drunk|Toxic|p1a: Tangrowth
|-status|p1a: Tangrowth|tox
|move|p1a: Tangrowth|Sleep Powder|p2a: Flirty Drunk
|-status|p2a: Flirty Drunk|slp|[from] move: Sleep Powder
|
|-damage|p1a: Tangrowth|33/100 tox|[from] psn
|upkeep
|turn|23
|
|t:|1667339233
|-curestatus|p2a: Flirty Drunk|slp|[from] ability: Natural Cure
|switch|p2a: Horai Hakke|Tyrantrum, F|16/100
|-damage|p2a: Horai Hakke|4/100|[from] Stealth Rock
|move|p1a: Tangrowth|Sleep Powder|p2a: Horai Hakke
|-status|p2a: Horai Hakke|slp|[from] move: Sleep Powder
|
|-damage|p1a: Tangrowth|20/100 tox|[from] psn
|upkeep
|turn|24
|
|t:|1667339236
|switch|p2a: Flirty Drunk|Chansey, F|84/100
|-damage|p2a: Flirty Drunk|71/100|[from] Stealth Rock
|move|p1a: Tangrowth|Giga Drain|p2a: Flirty Drunk
|-damage|p2a: Flirty Drunk|62/100
|-heal|p1a: Tangrowth|28/100 tox|[from] drain|[of] p2a: Flirty Drunk
|
|-damage|p1a: Tangrowth|10/100 tox|[from] psn
|upkeep
|turn|25
|
|t:|1667339239
|switch|p1a: Rotom|Rotom-Wash|43/100 tox
|-damage|p1a: Rotom|30/100 tox|[from] Stealth Rock
|move|p2a: Flirty Drunk|Soft-Boiled|p2a: Flirty Drunk
|-heal|p2a: Flirty Drunk|100/100
|
|-heal|p1a: Rotom|36/100 tox|[from] item: Leftovers
|-damage|p1a: Rotom|30/100 tox|[from] psn
|upkeep
|turn|26
|
|t:|1667339243
|switch|p2a: Horai Hakke|Tyrantrum, F|4/100 slp
|-damage|p2a: Horai Hakke|0 fnt|[from] Stealth Rock
|faint|p2a: Horai Hakke
|move|p1a: Rotom|Hydro Pump|p2: Horai Hakke|[notarget]
|-fail|p1a: Rotom
|
|-heal|p1a: Rotom|36/100 tox|[from] item: Leftovers
|-damage|p1a: Rotom|24/100 tox|[from] psn
|upkeep
|
|t:|1667339246
|switch|p2a: Gundari: Ryuseigun|Urshifu-Rapid-Strike, M|72/100
|-damage|p2a: Gundari: Ryuseigun|66/100|[from] Stealth Rock
|turn|27
|
|t:|1667339251
|move|p2a: Gundari: Ryuseigun|Close Combat|p1a: Rotom
|-damage|p1a: Rotom|0 fnt
|-unboost|p2a: Gundari: Ryuseigun|def|1
|-unboost|p2a: Gundari: Ryuseigun|spd|1
|faint|p1a: Rotom
|
|upkeep
|
|t:|1667339251
|switch|p1a: Weavile|Weavile, M|100/100
|-damage|p1a: Weavile|76/100|[from] Stealth Rock
|-ability|p1a: Weavile|Pressure
|turn|28
|
|t:|1667339255
|switch|p2a: Flirty Drunk|Chansey, F|100/100
|-damage|p2a: Flirty Drunk|88/100|[from] Stealth Rock
|move|p1a: Weavile|Knock Off|p2a: Flirty Drunk
|-damage|p2a: Flirty Drunk|46/100
|-enditem|p2a: Flirty Drunk|Eviolite|[from] move: Knock Off|[of] p1a: Weavile
|
|upkeep
|turn|29
|
|t:|1667339260
|move|p1a: Weavile|Knock Off|p2a: Flirty Drunk
|-damage|p2a: Flirty Drunk|0 fnt
|faint|p2a: Flirty Drunk
|
|upkeep
|
|t:|1667339262
|switch|p2a: Gundari: Ryuseigun|Urshifu-Rapid-Strike, M|66/100
|-damage|p2a: Gundari: Ryuseigun|59/100|[from] Stealth Rock
|turn|30
|
|t:|1667339264
|switch|p1a: Tangrowth|Tangrowth, F|43/100 tox
|-damage|p1a: Tangrowth|31/100 tox|[from] Stealth Rock
|move|p2a: Gundari: Ryuseigun|Close Combat|p1a: Tangrowth
|-damage|p1a: Tangrowth|0 fnt
|-unboost|p2a: Gundari: Ryuseigun|def|1
|-unboost|p2a: Gundari: Ryuseigun|spd|1
|-damage|p2a: Gundari: Ryuseigun|43/100|[from] item: Rocky Helmet|[of] p1a: Tangrowth
|faint|p1a: Tangrowth
|
|upkeep
|
|t:|1667339264
|switch|p1a: Weavile|Weavile, M|76/100
|-damage|p1a: Weavile|51/100|[from] Stealth Rock
|-ability|p1a: Weavile|Pressure
|turn|31
|
|t:|1667339269
|switch|p2a: Thieving Drunk|Dragonite, F|100/100
|move|p1a: Weavile|Knock Off|p2a: Thieving Drunk
|-damage|p2a: Thieving Drunk|60/100
|-enditem|p2a: Thieving Drunk|Heavy-Duty Boots|[from] move: Knock Off|[of] p1a: Weavile
|
|upkeep
|turn|32
|j| Shotintheheart
|
|t:|1667339274
|move|p1a: Weavile|Knock Off|p2a: Thieving Drunk
|-damage|p2a: Thieving Drunk|4/100
|move|p2a: Thieving Drunk|Roost|p2a: Thieving Drunk
|-heal|p2a: Thieving Drunk|54/100
|-singleturn|p2a: Thieving Drunk|move: Roost
|
|upkeep
|turn|33
|
|t:|1667339280
|move|p1a: Weavile|Knock Off|p2a: Thieving Drunk
|-damage|p2a: Thieving Drunk|5/100
|move|p2a: Thieving Drunk|Earthquake|p1a: Weavile
|-damage|p1a: Weavile|0 fnt
|faint|p1a: Weavile
|
|upkeep
|
|t:|1667339280
|switch|p1a: Melmetal|Melmetal|61/100
|-damage|p1a: Melmetal|55/100|[from] Stealth Rock
|turn|34
|
|t:|1667339283
|move|p2a: Thieving Drunk|Earthquake|p1a: Melmetal
|-supereffective|p1a: Melmetal
|-damage|p1a: Melmetal|18/100
|move|p1a: Melmetal|Thunder Punch|p2a: Thieving Drunk
|-damage|p2a: Thieving Drunk|0 fnt
|faint|p2a: Thieving Drunk
|
|upkeep
|
|t:|1667339285
|switch|p2a: Gundari: Ryuseigun|Urshifu-Rapid-Strike, M|43/100
|-damage|p2a: Gundari: Ryuseigun|37/100|[from] Stealth Rock
|turn|35
|
|t:|1667339288
|move|p2a: Gundari: Ryuseigun|Close Combat|p1a: Melmetal
|-supereffective|p1a: Melmetal
|-damage|p1a: Melmetal|0 fnt
|-unboost|p2a: Gundari: Ryuseigun|def|1
|-unboost|p2a: Gundari: Ryuseigun|spd|1
|faint|p1a: Melmetal
|
|upkeep
|
|t:|1667339288
|switch|p1a: Heatran|Heatran, M|72/100
|-damage|p1a: Heatran|60/100|[from] Stealth Rock
|turn|36
|
|t:|1667339290
|move|p2a: Gundari: Ryuseigun|Close Combat|p1a: Heatran
|-supereffective|p1a: Heatran
|-damage|p1a: Heatran|0 fnt
|-unboost|p2a: Gundari: Ryuseigun|def|1
|-unboost|p2a: Gundari: Ryuseigun|spd|1
|faint|p1a: Heatran
|
|win|Raimei Hakkei 2
|raw|minimax_ai's rating: 1638 &rarr; <strong>1618</strong><br />(-20 for losing)
|raw|Raimei Hakkei 2's rating: 1639 &rarr; <strong>1659</strong><br />(+20 for winning)
