|j|☆gay bot cute
|j|☆cump2
|t:|1659632673
|gametype|singles
|player|p1|gay bot cute|youngster|1778
|player|p2|cump2|doctor|1721
|teamsize|p1|6
|teamsize|p2|6
|gen|8
|tier|[Gen 8] OU
|rated|
|rule|Sleep Clause Mod: Limit one foe put to sleep
|rule|Species Clause: Limit one of each Pokémon
|rule|OHKO Clause: OHKO moves are banned
|rule|Evasion Items Clause: Evasion items are banned
|rule|Evasion Moves Clause: Evasion moves are banned
|rule|Endless Battle Clause: Forcing endless battles is banned
|rule|HP Percentage Mod: HP is shown in percentages
|rule|Dynamax Clause: You cannot dynamax
|clearpoke
|poke|p1|Tyranitar, M|
|poke|p1|Blacephalon|
|poke|p1|Corviknight, M|
|poke|p1|Volcanion|
|poke|p1|Zapdos|
|poke|p1|Nidoking, M|
|poke|p2|Ferrothorn, F|
|poke|p2|Tornadus-Therian, M|
|poke|p2|Slowking, M|
|poke|p2|Urshifu-*, F|
|poke|p2|Porygon-Z|
|poke|p2|Landorus-Therian, M|
|teampreview
|c|☆cump2|hf
|inactive|Battle timer is ON: inactive players will automatically lose when time's up. (requested by cump2)
|inactive|gay bot cute has 120 seconds left.
|
|t:|1659632757
|start
|switch|p1a: Zapdos|Zapdos|100/100
|switch|p2a: Urshifu|Urshifu-Rapid-Strike, F|100/100
|turn|1
|j| Lemon to Aid
|
|t:|1659632762
|switch|p2a: Slowking|Slowking, M, shiny|100/100
|move|p1a: Zapdos|Hurricane|p2a: Slowking
|-damage|p2a: Slowking|42/100
|-start|p2a: Slowking|confusion
|
|upkeep
|turn|2
|inactive|gay bot cute has 120 seconds left.
|
|t:|1659632811
|switch|p2a: Landorus|Landorus-Therian, M|100/100
|-ability|p2a: Landorus|Intimidate|boost
|-unboost|p1a: Zapdos|atk|1
|move|p1a: Zapdos|Hurricane|p2a: Landorus
|-damage|p2a: Landorus|0 fnt
|faint|p2a: Landorus
|
|upkeep
|
|t:|1659632819
|switch|p2a: Porygon-Z|Porygon-Z, shiny|100/100
|-ability|p2a: Porygon-Z|Download|boost
|-boost|p2a: Porygon-Z|atk|1
|turn|3
|
|t:|1659632822
|switch|p1a: Tyranitar|Tyranitar, M|100/100
|-weather|Sandstorm|[from] ability: Sand Stream|[of] p1a: Tyranitar
|switch|p2a: Urshifu|Urshifu-Rapid-Strike, F|100/100
|
|-weather|Sandstorm|[upkeep]
|-damage|p2a: Urshifu|94/100|[from] Sandstorm
|upkeep
|turn|4
|
|t:|1659632824
|switch|p1a: Volcanion|Volcanion|100/100
|move|p2a: Urshifu|U-turn|p1a: Volcanion
|-resisted|p1a: Volcanion
|-damage|p1a: Volcanion|87/100
|
|t:|1659632827
|switch|p2a: Porygon-Z|Porygon-Z, shiny|100/100|[from]move: U-turn
|-ability|p2a: Porygon-Z|Download|boost
|-boost|p2a: Porygon-Z|spa|1
|
|-weather|Sandstorm|[upkeep]
|-damage|p2a: Porygon-Z|94/100|[from] Sandstorm
|-damage|p1a: Volcanion|81/100|[from] Sandstorm
|upkeep
|turn|5
|
|t:|1659632833
|switch|p1a: Tyranitar|Tyranitar, M|100/100
|move|p2a: Porygon-Z|Ice Beam|p1a: Tyranitar
|-damage|p1a: Tyranitar|47/100
|
|-weather|Sandstorm|[upkeep]
|-damage|p2a: Porygon-Z|88/100|[from] Sandstorm
|upkeep
|turn|6
|
|t:|1659632836
|switch|p1a: Volcanion|Volcanion|81/100
|move|p2a: Porygon-Z|Ice Beam|p1a: Volcanion
|-resisted|p1a: Volcanion
|-damage|p1a: Volcanion|58/100
|
|-weather|Sandstorm|[upkeep]
|-damage|p2a: Porygon-Z|82/100|[from] Sandstorm
|-damage|p1a: Volcanion|52/100|[from] Sandstorm
|upkeep
|turn|7
|
|t:|1659632839
|switch|p2a: Slowking|Slowking, M, shiny|75/100
|switch|p1a: Tyranitar|Tyranitar, M|47/100
|
|-weather|none
|upkeep
|turn|8
|
|t:|1659632843
|switch|p2a: Urshifu|Urshifu-Rapid-Strike, F|94/100
|move|p1a: Tyranitar|Superpower|p2a: Urshifu
|-damage|p2a: Urshifu|32/100
|-unboost|p1a: Tyranitar|atk|1
|-unboost|p1a: Tyranitar|def|1
|
|upkeep
|turn|9
|
|t:|1659632847
|switch|p1a: Blacephalon|Blacephalon|100/100
|move|p2a: Urshifu|Close Combat|p1a: Blacephalon
|-immune|p1a: Blacephalon
|
|upkeep
|turn|10
|
|t:|1659632853
|switch|p1a: Zapdos|Zapdos|100/100
|move|p2a: Urshifu|Aqua Jet|p1a: Zapdos
|-damage|p1a: Zapdos|75/100
|
|upkeep
|turn|11
|
|t:|1659632858
|switch|p1a: Volcanion|Volcanion|52/100
|switch|p2a: Slowking|Slowking, M, shiny|100/100
|
|upkeep
|turn|12
|
|t:|1659632861
|switch|p1a: Tyranitar|Tyranitar, M|47/100
|-weather|Sandstorm|[from] ability: Sand Stream|[of] p1a: Tyranitar
|move|p2a: Slowking|Toxic|p1a: Tyranitar
|-status|p1a: Tyranitar|tox
|
|-weather|Sandstorm|[upkeep]
|-damage|p2a: Slowking|94/100|[from] Sandstorm
|-damage|p1a: Tyranitar|41/100 tox|[from] psn
|upkeep
|turn|13
|
|t:|1659632868
|switch|p2a: Ferrothorn|Ferrothorn, F|100/100
|move|p1a: Tyranitar|Crunch|p2a: Ferrothorn
|-damage|p2a: Ferrothorn|65/100
|-damage|p1a: Tyranitar|28/100 tox|[from] ability: Iron Barbs|[of] p2a: Ferrothorn
|-damage|p1a: Tyranitar|12/100 tox|[from] item: Rocky Helmet|[of] p2a: Ferrothorn
|
|-weather|Sandstorm|[upkeep]
|-damage|p1a: Tyranitar|0 fnt|[from] psn
|faint|p1a: Tyranitar
|upkeep
|
|t:|1659632875
|switch|p1a: Zapdos|Zapdos|75/100
|turn|14
|
|t:|1659632880
|move|p1a: Zapdos|Hurricane|p2a: Ferrothorn
|-damage|p2a: Ferrothorn|0 fnt
|faint|p2a: Ferrothorn
|
|-weather|Sandstorm|[upkeep]
|-damage|p1a: Zapdos|69/100|[from] Sandstorm
|upkeep
|
|t:|1659632887
|switch|p2a: Porygon-Z|Porygon-Z, shiny|82/100
|-ability|p2a: Porygon-Z|Download|boost
|-boost|p2a: Porygon-Z|atk|1
|turn|15
|
|t:|1659632891
|switch|p1a: Corviknight|Corviknight, M|100/100
|-ability|p1a: Corviknight|Pressure
|move|p2a: Porygon-Z|Tri Attack|p1a: Corviknight
|-resisted|p1a: Corviknight
|-damage|p1a: Corviknight|77/100
|
|-weather|Sandstorm|[upkeep]
|-damage|p2a: Porygon-Z|76/100|[from] Sandstorm
|-heal|p1a: Corviknight|83/100|[from] item: Leftovers
|upkeep
|turn|16
|
|t:|1659632894
|switch|p2a: Tornadus|Tornadus-Therian, M, shiny|100/100
|move|p1a: Corviknight|U-turn|p2a: Tornadus
|-resisted|p2a: Tornadus
|-damage|p2a: Tornadus|94/100
|
|t:|1659632896
|switch|p1a: Zapdos|Zapdos|69/100|[from]move: U-turn
|
|-weather|none
|upkeep
|turn|17
|
|t:|1659632899
|move|p2a: Tornadus|Knock Off|p1a: Zapdos
|-damage|p1a: Zapdos|43/100
|-enditem|p1a: Zapdos|Choice Specs|[from] move: Knock Off|[of] p2a: Tornadus
|move|p1a: Zapdos|Volt Switch|p2a: Tornadus
|-supereffective|p2a: Tornadus
|-damage|p2a: Tornadus|17/100
|
|t:|1659632907
|switch|p1a: Corviknight|Corviknight, M|83/100|[from]move: Volt Switch
|-ability|p1a: Corviknight|Pressure
|
|-heal|p1a: Corviknight|89/100|[from] item: Leftovers
|upkeep
|turn|18
|
|t:|1659632914
|switch|p2a: Slowking|Slowking, M, shiny|100/100
|move|p1a: Corviknight|Brave Bird|p2a: Slowking
|-damage|p2a: Slowking|61/100
|-damage|p1a: Corviknight|76/100|[from] Recoil
|
|-heal|p1a: Corviknight|82/100|[from] item: Leftovers
|upkeep
|turn|19
|
|t:|1659632916
|move|p1a: Corviknight|U-turn|p2a: Slowking
|-supereffective|p2a: Slowking
|-damage|p2a: Slowking|30/100
|
|t:|1659632918
|switch|p1a: Zapdos|Zapdos|43/100|[from]move: U-turn
|move|p2a: Slowking|Teleport|p2a: Slowking
|
|t:|1659632921
|switch|p2a: Porygon-Z|Porygon-Z, shiny|76/100|[from]move: Teleport
|-ability|p2a: Porygon-Z|Download|boost
|-boost|p2a: Porygon-Z|atk|1
|
|upkeep
|turn|20
|
|t:|1659632925
|switch|p1a: Nidoking|Nidoking, M|100/100
|move|p2a: Porygon-Z|Thunderbolt|p1a: Nidoking
|-immune|p1a: Nidoking
|
|upkeep
|turn|21
|
|t:|1659632933
|switch|p1a: Zapdos|Zapdos|43/100
|switch|p2a: Tornadus|Tornadus-Therian, M, shiny|50/100
|
|upkeep
|turn|22
|
|t:|1659632936
|move|p2a: Tornadus|Hurricane|p1a: Zapdos
|-resisted|p1a: Zapdos
|-damage|p1a: Zapdos|19/100
|move|p1a: Zapdos|Volt Switch|p2a: Tornadus
|-supereffective|p2a: Tornadus
|-damage|p2a: Tornadus|0 fnt
|faint|p2a: Tornadus
|
|t:|1659632939
|switch|p1a: Blacephalon|Blacephalon|100/100|[from]move: Volt Switch
|
|upkeep
|
|t:|1659632942
|switch|p2a: Urshifu|Urshifu-Rapid-Strike, F|32/100
|turn|23
|
|t:|1659632944
|switch|p1a: Volcanion|Volcanion|52/100
|move|p2a: Urshifu|Aqua Jet|p1a: Volcanion
|-heal|p1a: Volcanion|77/100|[from] ability: Water Absorb|[of] p2a: Urshifu
|
|upkeep
|turn|24
|j| revanito
|
|t:|1659632947
|move|p2a: Urshifu|Close Combat|p1a: Volcanion
|-damage|p1a: Volcanion|12/100
|-unboost|p2a: Urshifu|def|1
|-unboost|p2a: Urshifu|spd|1
|move|p1a: Volcanion|Steam Eruption|p2a: Urshifu
|-resisted|p2a: Urshifu
|-damage|p2a: Urshifu|0 fnt
|faint|p2a: Urshifu
|
|upkeep
|
|t:|1659632950
|switch|p2a: Porygon-Z|Porygon-Z, shiny|76/100
|-ability|p2a: Porygon-Z|Download|boost
|-boost|p2a: Porygon-Z|spa|1
|turn|25
|j| coeur de ciel
|
|t:|1659632956
|switch|p1a: Nidoking|Nidoking, M|100/100
|move|p2a: Porygon-Z|Ice Beam|p1a: Nidoking
|-supereffective|p1a: Nidoking
|-damage|p1a: Nidoking|0 fnt
|faint|p1a: Nidoking
|
|upkeep
|
|t:|1659632962
|switch|p1a: Corviknight|Corviknight, M|82/100
|-ability|p1a: Corviknight|Pressure
|turn|26
|
|t:|1659632964
|move|p2a: Porygon-Z|Ice Beam|p1a: Corviknight
|-damage|p1a: Corviknight|31/100
|move|p1a: Corviknight|Brave Bird|p2a: Porygon-Z
|-damage|p2a: Porygon-Z|26/100
|-damage|p1a: Corviknight|18/100|[from] Recoil
|
|-heal|p1a: Corviknight|24/100|[from] item: Leftovers
|upkeep
|turn|27
|
|t:|1659632970
|switch|p1a: Volcanion|Volcanion|12/100
|move|p2a: Porygon-Z|Ice Beam|p1a: Volcanion
|-resisted|p1a: Volcanion
|-damage|p1a: Volcanion|0 fnt
|faint|p1a: Volcanion
|
|upkeep
|
|t:|1659632972
|switch|p1a: Blacephalon|Blacephalon|100/100
|turn|28
|
|t:|1659632988
|switch|p1a: Zapdos|Zapdos|19/100
|move|p2a: Porygon-Z|Ice Beam|p1a: Zapdos
|-supereffective|p1a: Zapdos
|-damage|p1a: Zapdos|0 fnt
|faint|p1a: Zapdos
|
|upkeep
|
|t:|1659632991
|switch|p1a: Blacephalon|Blacephalon|100/100
|turn|29
|j| have we gone
|
|t:|1659633014
|move|p1a: Blacephalon|Trick|p2a: Porygon-Z
|-activate|p1a: Blacephalon|move: Trick|[of] p2a: Porygon-Z
|-item|p2a: Porygon-Z|Choice Scarf|[from] move: Trick
|-item|p1a: Blacephalon|Choice Specs|[from] move: Trick
|move|p2a: Porygon-Z|Ice Beam|p1a: Blacephalon
|-resisted|p1a: Blacephalon
|-damage|p1a: Blacephalon|53/100
|
|upkeep
|turn|30
|
|t:|1659633022
|switch|p2a: Slowking|Slowking, M, shiny|63/100
|move|p1a: Blacephalon|Shadow Ball|p2a: Slowking
|-supereffective|p2a: Slowking
|-damage|p2a: Slowking|0 fnt
|faint|p2a: Slowking
|-ability|p1a: Blacephalon|Beast Boost|boost
|-boost|p1a: Blacephalon|spa|1
|
|upkeep
|
|t:|1659633024
|switch|p2a: Porygon-Z|Porygon-Z, shiny|26/100
|-ability|p2a: Porygon-Z|Download|boost
|-boost|p2a: Porygon-Z|atk|1
|turn|31
|
|t:|1659633026
|switch|p1a: Corviknight|Corviknight, M|24/100
|-ability|p1a: Corviknight|Pressure
|move|p2a: Porygon-Z|Thunderbolt|p1a: Corviknight
|-supereffective|p1a: Corviknight
|-damage|p1a: Corviknight|0 fnt
|faint|p1a: Corviknight
|
|upkeep
|
|t:|1659633028
|switch|p1a: Blacephalon|Blacephalon|53/100
|turn|32
|
|t:|1659633030
|move|p2a: Porygon-Z|Thunderbolt|p1a: Blacephalon
|-damage|p1a: Blacephalon|0 fnt
|faint|p1a: Blacephalon
|
|win|cump2
|raw|gay bot cute's rating: 1794 &rarr; <strong>1770</strong><br />(-24 for losing)
|raw|cump2's rating: 1721 &rarr; <strong>1745</strong><br />(+24 for winning)
|c|☆cump2|gg
|c|☆gay bot cute|bg
|l|☆gay bot cute
|l| revanito
||Ladder isn't responding, score probably updated but might not have (Request timeout).
