|raw|<div class="broadcast-blue"><strong>This battle is required to be public due to a player having a name starting with 'LT73IU'.</div>
|j|☆ezwz
|j|☆LT73IU Hablo kems
|t:|1598455389
|player|p1|ezwz|youngster-gen4|1864
|player|p2|LT73IU Hablo kems|unknown|1837
|teamsize|p1|6
|teamsize|p2|6
|gametype|singles
|gen|8
|tier|[Gen 8] OU
|rated|
|clearpoke
|poke|p1|Excadrill, M|
|poke|p1|Ferrothorn, F|
|poke|p1|Volcarona, M|
|poke|p1|Primarina, M|
|poke|p1|Clefable, M|
|poke|p1|Hydreigon, F|
|poke|p2|Magnezone|
|poke|p2|Rhyperior, M|
|poke|p2|Mandibuzz, F|
|poke|p2|Clefable, M|
|poke|p2|Rillaboom, F|
|poke|p2|Dragapult, F|
|rule|Sleep Clause Mod: Limit one foe put to sleep
|rule|Species Clause: Limit one of each Pokémon
|rule|OHKO Clause: OHKO moves are banned
|rule|Evasion Moves Clause: Evasion moves are banned
|rule|Endless Battle Clause: Forcing endless battles is banned
|rule|HP Percentage Mod: HP is shown in percentages
|rule|Dynamax Clause: You cannot dynamax
|teampreview
|j| Youngster Maxance
|
|t:|1598455414
|start
|switch|p1a: Clefable|Clefable, M|100/100
|switch|p2a: Clefable|Clefable, M|100/100
|turn|1
|j| Various artist
|j| electrode36
|l| electrode36
|
|t:|1598455425
|switch|p2a: Magnezone|Magnezone|100/100
|move|p1a: Clefable|Calm Mind|p1a: Clefable
|-boost|p1a: Clefable|spa|1
|-boost|p1a: Clefable|spd|1
|
|upkeep
|turn|2
|j| LT73IU HAXX
|
|t:|1598455447
|switch|p1a: Excadrill|Excadrill, M|100/100
|-ability|p1a: Excadrill|Mold Breaker
|move|p2a: Magnezone|Flash Cannon|p1a: Excadrill
|-resisted|p1a: Excadrill
|-damage|p1a: Excadrill|67/100
|
|-heal|p1a: Excadrill|73/100|[from] item: Leftovers
|upkeep
|turn|3
|
|t:|1598455458
|switch|p2a: Rhyperior|Rhyperior, M|100/100
|move|p1a: Excadrill|Stealth Rock|p2a: Rhyperior
|-sidestart|p2: LT73IU Hablo kems|move: Stealth Rock
|
|-heal|p1a: Excadrill|79/100|[from] item: Leftovers
|upkeep
|turn|4
|j| LT73IU KL
|inactive|Battle timer is ON: inactive players will automatically lose when time's up. (requested by ezwz)
|j| lt73iu leo
|j| Ox the Fox
|j| meatybawls
|inactive|LT73IU Hablo kems has 120 seconds left.
|j| Frostigar479
|j| Hockey1
|j| LT73IU devWIN@!
|
|t:|1598455525
|switch|p1a: Primarina|Primarina, M|100/100
|move|p2a: Rhyperior|High Horsepower|p1a: Primarina
|-damage|p1a: Primarina|55/100
|
|-heal|p1a: Primarina|61/100|[from] item: Leftovers
|upkeep
|turn|5
|
|t:|1598455530
|switch|p2a: Rillaboom|Rillaboom, F|100/100
|-damage|p2a: Rillaboom|88/100|[from] Stealth Rock
|-fieldstart|move: Grassy Terrain|[from] ability: Grassy Surge|[of] p2a: Rillaboom
|move|p1a: Primarina|Draining Kiss|p2a: Rillaboom
|-damage|p2a: Rillaboom|55/100
|-heal|p1a: Primarina|85/100|[from] drain|[of] p2a: Rillaboom
|
|-heal|p2a: Rillaboom|61/100|[from] Grassy Terrain
|-heal|p1a: Primarina|91/100|[from] item: Leftovers
|-heal|p1a: Primarina|97/100|[from] Grassy Terrain
|upkeep
|turn|6
|
|t:|1598455537
|switch|p1a: Ferrothorn|Ferrothorn, F|100/100
|move|p2a: Rillaboom|Knock Off|p1a: Ferrothorn
|-damage|p1a: Ferrothorn|71/100
|-damage|p2a: Rillaboom|49/100|[from] ability: Iron Barbs|[of] p1a: Ferrothorn
|-enditem|p1a: Ferrothorn|Leftovers|[from] move: Knock Off|[of] p2a: Rillaboom
|
|-heal|p2a: Rillaboom|55/100|[from] Grassy Terrain
|-heal|p1a: Ferrothorn|77/100|[from] Grassy Terrain
|upkeep
|turn|7
|
|t:|1598455543
|switch|p2a: Clefable|Clefable, M|100/100
|move|p1a: Ferrothorn|Knock Off|p2a: Clefable
|-resisted|p2a: Clefable
|-damage|p2a: Clefable|93/100
|-enditem|p2a: Clefable|Life Orb|[from] move: Knock Off|[of] p1a: Ferrothorn
|
|-heal|p2a: Clefable|99/100|[from] Grassy Terrain
|-heal|p1a: Ferrothorn|83/100|[from] Grassy Terrain
|upkeep
|turn|8
|n| LT73IU devWIN|lt73iudevwin
|
|t:|1598455558
|switch|p1a: Volcarona|Volcarona, M|100/100
|move|p2a: Clefable|Calm Mind|p2a: Clefable
|-boost|p2a: Clefable|spa|1
|-boost|p2a: Clefable|spd|1
|
|-heal|p2a: Clefable|100/100|[from] Grassy Terrain
|upkeep
|turn|9
|
|t:|1598455563
|switch|p2a: Rhyperior|Rhyperior, M|100/100
|-damage|p2a: Rhyperior|94/100|[from] Stealth Rock
|move|p1a: Volcarona|Quiver Dance|p1a: Volcarona
|-boost|p1a: Volcarona|spa|1
|-boost|p1a: Volcarona|spd|1
|-boost|p1a: Volcarona|spe|1
|
|-heal|p2a: Rhyperior|100/100|[from] item: Leftovers
|-fieldend|move: Grassy Terrain
|upkeep
|turn|10
|l| Frostigar479
|
|t:|1598455567
|switch|p1a: Ferrothorn|Ferrothorn, F|83/100
|move|p2a: Rhyperior|Stealth Rock|p1a: Ferrothorn
|-sidestart|p1: ezwz|move: Stealth Rock
|
|upkeep
|turn|11
|c| LT73IU devWIN|wait why does
|j| t04ster
|c| LT73IU devWIN|liar
|
|t:|1598455576
|move|p2a: Rhyperior|Swords Dance|p2a: Rhyperior
|-boost|p2a: Rhyperior|atk|2
|move|p1a: Ferrothorn|Body Press|p2a: Rhyperior
|-supereffective|p2a: Rhyperior
|-damage|p2a: Rhyperior|73/100
|
|-heal|p2a: Rhyperior|80/100|[from] item: Leftovers
|upkeep
|turn|12
|c| LT73IU devWIN|familiar *
|
|t:|1598455582
|switch|p1a: Hydreigon|Hydreigon, F|100/100
|-damage|p1a: Hydreigon|88/100|[from] Stealth Rock
|move|p2a: Rhyperior|High Horsepower|p1a: Hydreigon
|-immune|p1a: Hydreigon|[from] ability: Levitate
|
|-heal|p2a: Rhyperior|86/100|[from] item: Leftovers
|upkeep
|turn|13
|
|t:|1598455586
|switch|p2a: Clefable|Clefable, M|100/100
|move|p1a: Hydreigon|Draco Meteor|p2a: Clefable
|-immune|p2a: Clefable
|
|upkeep
|turn|14
|c| LT73IU devWIN|okay let me type it again, why does that rilla team look familiar
|
|t:|1598455598
|switch|p1a: Volcarona|Volcarona, M|100/100
|switch|p2a: Rhyperior|Rhyperior, M|86/100
|-damage|p2a: Rhyperior|80/100|[from] Stealth Rock
|
|-heal|p2a: Rhyperior|86/100|[from] item: Leftovers
|upkeep
|turn|15
|j| ID Uc207Pr4f57t9
|j| fluffy cows
|
|t:|1598455607
|switch|p1a: Primarina|Primarina, M|97/100
|-damage|p1a: Primarina|84/100|[from] Stealth Rock
|move|p2a: Rhyperior|Swords Dance|p2a: Rhyperior
|-boost|p2a: Rhyperior|atk|2
|
|-heal|p1a: Primarina|90/100|[from] item: Leftovers
|-heal|p2a: Rhyperior|92/100|[from] item: Leftovers
|upkeep
|turn|16
|l| t04ster
|
|t:|1598455615
|switch|p2a: Rillaboom|Rillaboom, F|55/100
|-damage|p2a: Rillaboom|42/100|[from] Stealth Rock
|-fieldstart|move: Grassy Terrain|[from] ability: Grassy Surge|[of] p2a: Rillaboom
|move|p1a: Primarina|Scald|p2a: Rillaboom
|-resisted|p2a: Rillaboom
|-damage|p2a: Rillaboom|20/100
|-status|p2a: Rillaboom|brn
|
|-heal|p2a: Rillaboom|26/100 brn|[from] Grassy Terrain
|-heal|p1a: Primarina|96/100|[from] item: Leftovers
|-heal|p1a: Primarina|100/100|[from] Grassy Terrain
|-damage|p2a: Rillaboom|20/100 brn|[from] brn
|upkeep
|turn|17
|j| Livio ElTito
|
|t:|1598455621
|switch|p1a: Ferrothorn|Ferrothorn, F|83/100
|-damage|p1a: Ferrothorn|77/100|[from] Stealth Rock
|move|p2a: Rillaboom|U-turn|p1a: Ferrothorn
|-damage|p1a: Ferrothorn|65/100
|-damage|p2a: Rillaboom|7/100 brn|[from] ability: Iron Barbs|[of] p1a: Ferrothorn
|j| A1Channel
|
|t:|1598455626
|switch|p2a: Rhyperior|Rhyperior, M|92/100|[from]move: U-turn
|-damage|p2a: Rhyperior|86/100|[from] Stealth Rock
|
|-heal|p2a: Rhyperior|92/100|[from] item: Leftovers
|-heal|p2a: Rhyperior|98/100|[from] Grassy Terrain
|-heal|p1a: Ferrothorn|71/100|[from] Grassy Terrain
|upkeep
|turn|18
|
|t:|1598455630
|switch|p1a: Primarina|Primarina, M|100/100
|-damage|p1a: Primarina|88/100|[from] Stealth Rock
|move|p2a: Rhyperior|High Horsepower|p1a: Primarina
|-damage|p1a: Primarina|46/100
|
|-heal|p1a: Primarina|52/100|[from] item: Leftovers
|-heal|p1a: Primarina|58/100|[from] Grassy Terrain
|-heal|p2a: Rhyperior|100/100|[from] item: Leftovers
|upkeep
|turn|19
|l| LT73IU devWIN
|j| LT73IU devWIN
|
|t:|1598455639
|switch|p2a: Clefable|Clefable, M|100/100
|move|p1a: Primarina|Substitute|p1a: Primarina
|-start|p1a: Primarina|Substitute
|-damage|p1a: Primarina|33/100
|
|-heal|p1a: Primarina|39/100|[from] item: Leftovers
|-heal|p1a: Primarina|45/100|[from] Grassy Terrain
|upkeep
|turn|20
|
|t:|1598455643
|move|p1a: Primarina|Calm Mind|p1a: Primarina
|-boost|p1a: Primarina|spa|1
|-boost|p1a: Primarina|spd|1
|move|p2a: Clefable|Moonblast|p1a: Primarina
|-activate|p1a: Primarina|move: Substitute|[damage]
|
|-heal|p1a: Primarina|51/100|[from] item: Leftovers
|-heal|p1a: Primarina|57/100|[from] Grassy Terrain
|-fieldend|move: Grassy Terrain
|upkeep
|turn|21
|
|t:|1598455645
|move|p1a: Primarina|Calm Mind|p1a: Primarina
|-boost|p1a: Primarina|spa|1
|-boost|p1a: Primarina|spd|1
|move|p2a: Clefable|Calm Mind|p2a: Clefable
|-boost|p2a: Clefable|spa|1
|-boost|p2a: Clefable|spd|1
|
|-heal|p1a: Primarina|63/100|[from] item: Leftovers
|upkeep
|turn|22
|
|t:|1598455650
|move|p1a: Primarina|Calm Mind|p1a: Primarina
|-boost|p1a: Primarina|spa|1
|-boost|p1a: Primarina|spd|1
|move|p2a: Clefable|Calm Mind|p2a: Clefable
|-boost|p2a: Clefable|spa|1
|-boost|p2a: Clefable|spd|1
|
|-heal|p1a: Primarina|69/100|[from] item: Leftovers
|upkeep
|turn|23
|
|t:|1598455653
|move|p1a: Primarina|Scald|p2a: Clefable
|-damage|p2a: Clefable|56/100
|move|p2a: Clefable|Calm Mind|p2a: Clefable
|-boost|p2a: Clefable|spa|1
|-boost|p2a: Clefable|spd|1
|
|-heal|p1a: Primarina|75/100|[from] item: Leftovers
|upkeep
|turn|24
|
|t:|1598455657
|move|p1a: Primarina|Scald|p2a: Clefable
|-damage|p2a: Clefable|19/100
|-status|p2a: Clefable|brn
|move|p2a: Clefable|Calm Mind|p2a: Clefable
|-boost|p2a: Clefable|spa|1
|-boost|p2a: Clefable|spd|1
|
|-heal|p1a: Primarina|82/100|[from] item: Leftovers
|upkeep
|turn|25
|
|t:|1598455660
|move|p1a: Primarina|Scald|p2a: Clefable
|-damage|p2a: Clefable|0 fnt
|faint|p2a: Clefable
|
|-heal|p1a: Primarina|88/100|[from] item: Leftovers
|upkeep
|-message|LT73IU Hablo kems forfeited.
|
|win|ezwz
|l|☆LT73IU Hablo kems
|l|☆ezwz
|l| LT73IU devWIN
|l| lt73iu leo
|l| A1Channel
|l| Youngster Maxance
||Ladder (probably) updated, but score could not be retrieved (Request timeout).
|l| Various artist
|j| Youngster Maxance
|l| meatybawls
|l| Youngster Maxance
|l| fluffy cows
|j| bloartle
|l| bloartle
|l| LT73IU HAXX
|l| LT73IU KL
|l| ID Uc207Pr4f57t9
