|j|☆DinotheGOAT
|j|☆maxinyuuu
|t:|1664195460
|gametype|singles
|player|p1|DinotheGOAT|swimmer-gen4|1585
|player|p2|maxinyuuu|lusamine-nihilego|1620
|teamsize|p1|6
|teamsize|p2|6
|gen|8
|tier|[Gen 8] OU
|rated|
|rule|Sleep Clause Mod: Limit one foe put to sleep
|rule|Species Clause: Limit one of each Pokémon
|rule|OHKO Clause: OHKO moves are banned
|rule|Evasion Items Clause: Evasion items are banned
|rule|Evasion Moves Clause: Evasion moves are banned
|rule|Endless Battle Clause: Forcing endless battles is banned
|rule|HP Percentage Mod: HP is shown in percentages
|rule|Dynamax Clause: You cannot dynamax
|clearpoke
|poke|p1|Nidoking, M|
|poke|p1|Hydreigon, M|
|poke|p1|Melmetal|
|poke|p1|Volcarona, F|
|poke|p1|Urshifu-*, F|
|poke|p1|Dragapult, F|
|poke|p2|Corviknight, F|
|poke|p2|Heatran, F|
|poke|p2|Kartana|
|poke|p2|Regieleki|
|poke|p2|Rotom-Wash|
|poke|p2|Excadrill, M|
|teampreview
|
|t:|1664195486
|start
|switch|p1a: Dragapult|Dragapult, F|100/100
|switch|p2a: Kartana|Kartana|100/100
|turn|1
|inactive|Battle timer is ON: inactive players will automatically lose when time's up. (requested by DinotheGOAT)
|
|t:|1664195493
|switch|p1a: Melmetal|Melmetal|100/100
|move|p2a: Kartana|Knock Off|p1a: Melmetal
|-damage|p1a: Melmetal|66/100
|-enditem|p1a: Melmetal|Protective Pads|[from] move: Knock Off|[of] p2a: Kartana
|
|upkeep
|turn|2
|
|t:|1664195506
|switch|p2a: Corviknight|Corviknight, F|100/100
|-ability|p2a: Corviknight|Pressure
|move|p1a: Melmetal|Earthquake|p2a: Corviknight
|-immune|p2a: Corviknight
|
|upkeep
|turn|3
|
|t:|1664195513
|move|p2a: Corviknight|U-turn|p1a: Melmetal
|-resisted|p1a: Melmetal
|-damage|p1a: Melmetal|62/100
|
|t:|1664195518
|switch|p2a: Heatran|Heatran, F|100/100|[from]move: U-turn
|move|p1a: Melmetal|Thunder Wave|p2a: Heatran
|-status|p2a: Heatran|par
|
|upkeep
|turn|4
|
|t:|1664195528
|cant|p2a: Heatran|par
|move|p1a: Melmetal|Earthquake|p2a: Heatran
|-supereffective|p2a: Heatran
|-damage|p2a: Heatran|0 fnt
|faint|p2a: Heatran
|
|upkeep
|
|t:|1664195533
|switch|p2a: Excadrill|Excadrill, M|100/100
|-ability|p2a: Excadrill|Mold Breaker
|turn|5
|
|t:|1664195538
|move|p2a: Excadrill|Earthquake|p1a: Melmetal
|-supereffective|p1a: Melmetal
|-damage|p1a: Melmetal|5/100
|move|p1a: Melmetal|Earthquake|p2a: Excadrill
|-supereffective|p2a: Excadrill
|-enditem|p2a: Excadrill|Focus Sash
|-damage|p2a: Excadrill|1/100
|
|upkeep
|turn|6
|
|t:|1664195542
|switch|p1a: Hydreigon|Hydreigon, M|100/100
|move|p2a: Excadrill|Earthquake|p1a: Hydreigon
|-damage|p1a: Hydreigon|41/100
|
|upkeep
|turn|7
|
|t:|1664195547
|move|p1a: Hydreigon|U-turn|p2a: Excadrill
|-resisted|p2a: Excadrill
|-damage|p2a: Excadrill|0 fnt
|faint|p2a: Excadrill
|
|t:|1664195554
|switch|p1a: Nidoking|Nidoking, M|100/100|[from]move: U-turn
|
|upkeep
|
|t:|1664195568
|switch|p2a: Kartana|Kartana|100/100
|turn|8
|
|t:|1664195583
|move|p2a: Kartana|Leaf Blade|p1a: Nidoking
|-damage|p1a: Nidoking|0 fnt
|faint|p1a: Nidoking
|-ability|p2a: Kartana|Beast Boost|boost
|-boost|p2a: Kartana|atk|1
|
|upkeep
|
|t:|1664195590
|switch|p1a: Dragapult|Dragapult, F|100/100
|turn|9
|
|t:|1664195596
|switch|p2a: Corviknight|Corviknight, F|100/100
|-ability|p2a: Corviknight|Pressure
|move|p1a: Dragapult|Shadow Ball|p2a: Corviknight
|-damage|p2a: Corviknight|48/100
|
|-heal|p2a: Corviknight|54/100|[from] item: Leftovers
|upkeep
|turn|10
|
|t:|1664195607
|switch|p2a: Rotom|Rotom-Wash|100/100
|move|p1a: Dragapult|Shadow Ball|p2a: Rotom
|-damage|p2a: Rotom|56/100
|-unboost|p2a: Rotom|spd|1
|
|upkeep
|turn|11
|-message|maxinyuuu forfeited.
|
|win|DinotheGOAT
|raw|DinotheGOAT's rating: 1585 &rarr; <strong>1607</strong><br />(+22 for winning)
|raw|maxinyuuu's rating: 1620 &rarr; <strong>1598</strong><br />(-22 for losing)
|l|☆maxinyuuu
