|raw|<div class="broadcast-blue"><strong>This battle is required to be public due to a player having a name starting with 'LT73IU'.</div>
|j|☆Shootingwolf
|j|☆LT73IU NTAIZAI
|t:|1598161297
|player|p1|Shootingwolf|erika|1590
|player|p2|LT73IU NTAIZAI|psychic-gen2|1587
|teamsize|p1|6
|teamsize|p2|6
|gametype|singles
|gen|8
|tier|[Gen 8] OU
|rated|
|clearpoke
|poke|p1|Urshifu-*, F|
|poke|p1|Volcarona, F|
|poke|p1|Mandibuzz, F|
|poke|p1|Chansey, F|
|poke|p1|Scolipede, F|
|poke|p1|Marowak-Alola, M|
|poke|p2|Clefable, M|
|poke|p2|Ditto|
|poke|p2|Ferrothorn, M|
|poke|p2|Hippowdon, M|
|poke|p2|Blissey, F|
|poke|p2|Xatu, F|
|rule|Sleep Clause Mod: Limit one foe put to sleep
|rule|Species Clause: Limit one of each Pokémon
|rule|OHKO Clause: OHKO moves are banned
|rule|Evasion Moves Clause: Evasion moves are banned
|rule|Endless Battle Clause: Forcing endless battles is banned
|rule|HP Percentage Mod: HP is shown in percentages
|rule|Dynamax Clause: You cannot dynamax
|teampreview
|inactive|Battle timer is ON: inactive players will automatically lose when time's up. (requested by LT73IU NTAIZAI)
|
|t:|1598161306
|start
|switch|p1a: Marowak|Marowak-Alola, M|100/100
|switch|p2a: Hippowdon|Hippowdon, M|100/100
|-weather|Sandstorm|[from] ability: Sand Stream|[of] p2a: Hippowdon
|turn|1
|
|t:|1598161326
|switch|p1a: Chansey|Chansey, F|100/100
|move|p2a: Hippowdon|Stealth Rock|p1a: Chansey
|-sidestart|p1: Shootingwolf|move: Stealth Rock
|
|-weather|Sandstorm|[upkeep]
|-damage|p1a: Chansey|94/100|[from] Sandstorm
|upkeep
|turn|2
|
|t:|1598161342
|switch|p1a: Urshifu|Urshifu, F|100/100
|-damage|p1a: Urshifu|94/100|[from] Stealth Rock
|switch|p2a: Ferrothorn|Ferrothorn, M|100/100
|
|-weather|Sandstorm|[upkeep]
|-damage|p1a: Urshifu|88/100|[from] Sandstorm
|upkeep
|turn|3
|
|t:|1598161360
|switch|p1a: Mandibuzz|Mandibuzz, F|100/100
|move|p2a: Ferrothorn|Body Press|p1a: Mandibuzz
|-damage|p1a: Mandibuzz|84/100
|
|-weather|Sandstorm|[upkeep]
|upkeep
|turn|4
|
|t:|1598161365
|move|p1a: Mandibuzz|Defog|p2a: Ferrothorn
|-unboost|p2a: Ferrothorn|evasion|1
|-sideend|p1: Shootingwolf|Stealth Rock|[from] move: Defog|[of] p1a: Mandibuzz
|move|p2a: Ferrothorn|Spikes|p1a: Mandibuzz
|-sidestart|p1: Shootingwolf|Spikes
|
|-weather|Sandstorm|[upkeep]
|upkeep
|turn|5
|
|t:|1598161370
|switch|p1a: Volcarona|Volcarona, F|100/100
|move|p2a: Ferrothorn|Leech Seed|p1a: Volcarona
|-start|p1a: Volcarona|move: Leech Seed
|
|-weather|none
|-damage|p1a: Volcarona|88/100|[from] Leech Seed|[of] p2a: Ferrothorn
|upkeep
|turn|6
|
|t:|1598161376
|switch|p1a: Marowak|Marowak-Alola, M|100/100
|-damage|p1a: Marowak|88/100|[from] Spikes
|switch|p2a: Hippowdon|Hippowdon, M|100/100
|-weather|Sandstorm|[from] ability: Sand Stream|[of] p2a: Hippowdon
|
|-weather|Sandstorm|[upkeep]
|-damage|p1a: Marowak|82/100|[from] Sandstorm
|upkeep
|turn|7
|
|t:|1598161383
|move|p1a: Marowak|Flare Blitz|p2a: Hippowdon
|-crit|p2a: Hippowdon
|-damage|p2a: Hippowdon|28/100
|-status|p2a: Hippowdon|brn
|-damage|p1a: Marowak|65/100|[from] item: Rocky Helmet|[of] p2a: Hippowdon
|-damage|p1a: Marowak|33/100|[from] Recoil
|move|p2a: Hippowdon|Stealth Rock|p1a: Marowak
|-sidestart|p1: Shootingwolf|move: Stealth Rock
|
|-weather|Sandstorm|[upkeep]
|-damage|p1a: Marowak|26/100|[from] Sandstorm
|-damage|p2a: Hippowdon|22/100 brn|[from] brn
|upkeep
|turn|8
|
|t:|1598161389
|move|p1a: Marowak|Shadow Bone|p2a: Hippowdon
|-damage|p2a: Hippowdon|0 fnt
|faint|p2a: Hippowdon
|
|-weather|Sandstorm|[upkeep]
|-damage|p1a: Marowak|20/100|[from] Sandstorm
|upkeep
|c|☆LT73IU NTAIZAI|cmon
|
|t:|1598161394
|switch|p2a: Ditto|Ditto|100/100
|-transform|p2a: Ditto|p1a: Marowak|[from] ability: Imposter
|turn|9
|c|☆LT73IU NTAIZAI|really.
|
|t:|1598161405
|switch|p1a: Chansey|Chansey, F|94/100
|-damage|p1a: Chansey|82/100|[from] Spikes
|-damage|p1a: Chansey|70/100|[from] Stealth Rock
|move|p2a: Ditto|Shadow Bone|p1a: Chansey
|-immune|p1a: Chansey
|
|-weather|Sandstorm|[upkeep]
|-damage|p2a: Ditto|94/100|[from] Sandstorm
|-damage|p1a: Chansey|64/100|[from] Sandstorm
|upkeep
|turn|10
|
|t:|1598161411
|switch|p2a: Ferrothorn|Ferrothorn, M|100/100
|switch|p1a: Mandibuzz|Mandibuzz, F|84/100
|
|-weather|none
|upkeep
|turn|11
|
|t:|1598161416
|move|p1a: Mandibuzz|Defog|p2a: Ferrothorn
|-unboost|p2a: Ferrothorn|evasion|1
|-sideend|p1: Shootingwolf|Spikes|[from] move: Defog|[of] p1a: Mandibuzz
|-sideend|p1: Shootingwolf|Stealth Rock|[from] move: Defog|[of] p1a: Mandibuzz
|move|p2a: Ferrothorn|Spikes|p1a: Mandibuzz
|-sidestart|p1: Shootingwolf|Spikes
|
|upkeep
|turn|12
|
|t:|1598161427
|move|p1a: Mandibuzz|Defog|p2a: Ferrothorn
|-unboost|p2a: Ferrothorn|evasion|1
|-sideend|p1: Shootingwolf|Spikes|[from] move: Defog|[of] p1a: Mandibuzz
|move|p2a: Ferrothorn|Spikes|p1a: Mandibuzz
|-sidestart|p1: Shootingwolf|Spikes
|
|upkeep
|turn|13
|
|t:|1598161432
|move|p1a: Mandibuzz|U-turn|p2a: Ferrothorn
|-damage|p2a: Ferrothorn|94/100
|-damage|p1a: Mandibuzz|72/100|[from] ability: Iron Barbs|[of] p2a: Ferrothorn
|
|t:|1598161434
|switch|p1a: Marowak|Marowak-Alola, M|20/100|[from]move: U-turn
|-damage|p1a: Marowak|8/100|[from] Spikes
|move|p2a: Ferrothorn|Spikes|p1a: Marowak
|-sidestart|p1: Shootingwolf|Spikes
|
|-heal|p2a: Ferrothorn|99/100|[from] item: Leftovers
|upkeep
|turn|14
|
|t:|1598161436
|switch|p2a: Xatu|Xatu, F|100/100
|move|p1a: Marowak|Pain Split|p2a: Xatu
|-sethp|p2a: Xatu|54/100|[from] move: Pain Split|[silent]
|-sethp|p1a: Marowak|59/100|[from] move: Pain Split
|
|upkeep
|turn|15
|c|☆LT73IU NTAIZAI|lol
|
|t:|1598161444
|move|p2a: Xatu|Night Shade|p1a: Marowak
|-damage|p1a: Marowak|26/100
|move|p1a: Marowak|Shadow Bone|p2a: Xatu
|-supereffective|p2a: Xatu
|-damage|p2a: Xatu|0 fnt
|faint|p2a: Xatu
|
|upkeep
|
|t:|1598161449
|switch|p2a: Clefable|Clefable, M|100/100
|turn|16
|
|t:|1598161452
|move|p2a: Clefable|Wish|p2a: Clefable
|move|p1a: Marowak|Pain Split|p2a: Clefable
|-sethp|p2a: Clefable|60/100|[from] move: Pain Split|[silent]
|-sethp|p1a: Marowak|78/100|[from] move: Pain Split
|
|-heal|p2a: Clefable|66/100|[from] item: Leftovers
|upkeep
|turn|17
|
|t:|1598161459
|move|p2a: Clefable|Calm Mind|p2a: Clefable
|-boost|p2a: Clefable|spa|1
|-boost|p2a: Clefable|spd|1
|move|p1a: Marowak|Shadow Bone|p2a: Clefable
|-damage|p2a: Clefable|11/100
|
|-heal|p2a: Clefable|61/100|[from] move: Wish|[wisher] Clefable
|-heal|p2a: Clefable|67/100|[from] item: Leftovers
|upkeep
|turn|18
|-message|LT73IU NTAIZAI forfeited.
|
|win|Shootingwolf
|l|☆LT73IU NTAIZAI
|raw|Shootingwolf's rating: 1590 &rarr; <strong>1609</strong><br />(+19 for winning)
|raw|LT73IU NTAIZAI's rating: 1587 &rarr; <strong>1567</strong><br />(-20 for losing)
