|j|☆I'm Arnaud
|j|☆Aggron
|t:|1656217030
|gametype|singles
|player|p1|I'm Arnaud|chase|1583
|player|p2|Aggron|janitor|1531
|teamsize|p1|6
|teamsize|p2|6
|gen|8
|tier|[Gen 8] OU
|rated|
|rule|Sleep Clause Mod: Limit one foe put to sleep
|rule|Species Clause: Limit one of each Pokémon
|rule|OHKO Clause: OHKO moves are banned
|rule|Evasion Moves Clause: Evasion moves are banned
|rule|Endless Battle Clause: Forcing endless battles is banned
|rule|HP Percentage Mod: HP is shown in percentages
|rule|Dynamax Clause: You cannot dynamax
|clearpoke
|poke|p1|Heracross, M|
|poke|p1|Tapu Koko|
|poke|p1|Corviknight, M|
|poke|p1|Slowbro, M|
|poke|p1|Landorus-Therian, M|
|poke|p1|Tyranitar, M|
|poke|p2|Heatran, F|
|poke|p2|Conkeldurr, M|
|poke|p2|Grimmsnarl, M|
|poke|p2|Rillaboom, M|
|poke|p2|Swampert, M|
|poke|p2|Tornadus-Therian, M|
|teampreview
|inactive|Battle timer is ON: inactive players will automatically lose when time's up. (requested by Aggron)
|
|t:|1656217037
|start
|switch|p1a: Tapu Koko|Tapu Koko|100/100
|switch|p2a: Swampert|Swampert, M|100/100
|-fieldstart|move: Electric Terrain|[from] ability: Electric Surge|[of] p1a: Tapu Koko
|turn|1
|
|t:|1656217048
|move|p1a: Tapu Koko|U-turn|p2a: Swampert
|-damage|p2a: Swampert|85/100
|
|t:|1656217050
|switch|p1a: Corviknight|Corviknight, M|100/100|[from]move: U-turn
|-ability|p1a: Corviknight|Pressure
|move|p2a: Swampert|Flip Turn|p1a: Corviknight
|-damage|p1a: Corviknight|86/100
|
|t:|1656217060
|switch|p2a: Conkeldurr|Conkeldurr, M|100/100|[from]move: Flip Turn
|
|-status|p2a: Conkeldurr|brn|[from] item: Flame Orb
|upkeep
|turn|2
|j| Metronome Sellout
|
|t:|1656217069
|switch|p1a: Slowbro|Slowbro, M|100/100
|move|p2a: Conkeldurr|Drain Punch|p1a: Slowbro
|-resisted|p1a: Slowbro
|-damage|p1a: Slowbro|80/100
|
|-damage|p2a: Conkeldurr|94/100 brn|[from] brn
|upkeep
|turn|3
|j| CB Bhris Breezy
|
|t:|1656217074
|move|p2a: Conkeldurr|Knock Off|p1a: Slowbro
|-supereffective|p1a: Slowbro
|-damage|p1a: Slowbro|7/100
|-enditem|p1a: Slowbro|Heavy-Duty Boots|[from] move: Knock Off|[of] p2a: Conkeldurr
|move|p1a: Slowbro|Teleport|p1a: Slowbro
|
|t:|1656217079
|switch|p1a: Tapu Koko|Tapu Koko|100/100|[from]move: Teleport
|
|-damage|p2a: Conkeldurr|88/100 brn|[from] brn
|upkeep
|turn|4
|
|t:|1656217085
|switch|p2a: Swampert|Swampert, M|85/100
|move|p1a: Tapu Koko|U-turn|p2a: Swampert
|-damage|p2a: Swampert|70/100
|
|t:|1656217087
|switch|p1a: Heracross|Heracross, M|100/100|[from]move: U-turn
|
|-heal|p2a: Swampert|76/100|[from] item: Leftovers
|-status|p1a: Heracross|brn|[from] item: Flame Orb
|upkeep
|turn|5
|
|t:|1656217091
|switch|p2a: Tornadus|Tornadus-Therian, M|100/100
|move|p1a: Heracross|Swords Dance|p1a: Heracross
|-boost|p1a: Heracross|atk|2
|
|-damage|p1a: Heracross|95/100 brn|[from] brn
|-fieldend|move: Electric Terrain
|upkeep
|turn|6
|
|t:|1656217095
|switch|p1a: Tapu Koko|Tapu Koko|100/100
|-fieldstart|move: Electric Terrain|[from] ability: Electric Surge|[of] p1a: Tapu Koko
|move|p2a: Tornadus|Hurricane|p1a: Tapu Koko
|-resisted|p1a: Tapu Koko
|-damage|p1a: Tapu Koko|68/100
|
|upkeep
|turn|7
|
|t:|1656217100
|switch|p2a: Swampert|Swampert, M|76/100
|move|p1a: Tapu Koko|Roost|p1a: Tapu Koko
|-heal|p1a: Tapu Koko|100/100
|-singleturn|p1a: Tapu Koko|move: Roost
|
|-heal|p2a: Swampert|82/100|[from] item: Leftovers
|upkeep
|turn|8
|
|t:|1656217104
|move|p1a: Tapu Koko|U-turn|p2a: Swampert
|-damage|p2a: Swampert|66/100
|
|t:|1656217106
|switch|p1a: Corviknight|Corviknight, M|86/100|[from]move: U-turn
|-ability|p1a: Corviknight|Pressure
|move|p2a: Swampert|Flip Turn|p1a: Corviknight
|-damage|p1a: Corviknight|72/100
|
|t:|1656217110
|switch|p2a: Heatran|Heatran, F|100/100|[from]move: Flip Turn
|
|upkeep
|turn|9
|
|t:|1656217113
|switch|p1a: Tyranitar|Tyranitar, M|100/100
|-weather|Sandstorm|[from] ability: Sand Stream|[of] p1a: Tyranitar
|move|p2a: Heatran|Magma Storm|p1a: Tyranitar
|-resisted|p1a: Tyranitar
|-damage|p1a: Tyranitar|83/100
|-activate|p1a: Tyranitar|move: Magma Storm|[of] p2a: Heatran
|
|-weather|Sandstorm|[upkeep]
|-damage|p1a: Tyranitar|71/100|[from] move: Magma Storm|[partiallytrapped]
|upkeep
|turn|10
|
|t:|1656217120
|switch|p2a: Rillaboom|Rillaboom, M|100/100
|-fieldstart|move: Grassy Terrain|[from] ability: Grassy Surge|[of] p2a: Rillaboom
|move|p1a: Tyranitar|Stone Edge|p2a: Rillaboom|[miss]
|-miss|p1a: Tyranitar|p2a: Rillaboom
|
|-weather|Sandstorm|[upkeep]
|-damage|p2a: Rillaboom|94/100|[from] Sandstorm
|-heal|p2a: Rillaboom|100/100|[from] Grassy Terrain
|-heal|p1a: Tyranitar|77/100|[from] Grassy Terrain
|-end|p1a: Tyranitar|Magma Storm|[partiallytrapped]|[silent]
|upkeep
|turn|11
|
|t:|1656217129
|switch|p1a: Corviknight|Corviknight, M|72/100
|-ability|p1a: Corviknight|Pressure
|move|p2a: Rillaboom|U-turn|p1a: Corviknight
|-resisted|p1a: Corviknight
|-damage|p1a: Corviknight|66/100
|
|t:|1656217138
|switch|p2a: Conkeldurr|Conkeldurr, M|88/100 brn|[from]move: U-turn
|
|-weather|Sandstorm|[upkeep]
|-damage|p2a: Conkeldurr|82/100 brn|[from] Sandstorm
|-heal|p2a: Conkeldurr|88/100 brn|[from] Grassy Terrain
|-damage|p2a: Conkeldurr|82/100 brn|[from] brn
|upkeep
|turn|12
|
|t:|1656217145
|switch|p1a: Tapu Koko|Tapu Koko|100/100
|-fieldstart|move: Electric Terrain|[from] ability: Electric Surge|[of] p1a: Tapu Koko
|move|p2a: Conkeldurr|Drain Punch|p1a: Tapu Koko
|-resisted|p1a: Tapu Koko
|-damage|p1a: Tapu Koko|49/100
|-heal|p2a: Conkeldurr|99/100 brn|[from] drain|[of] p1a: Tapu Koko
|
|-weather|Sandstorm|[upkeep]
|-damage|p1a: Tapu Koko|43/100|[from] Sandstorm
|-damage|p2a: Conkeldurr|94/100 brn|[from] Sandstorm
|-damage|p2a: Conkeldurr|88/100 brn|[from] brn
|upkeep
|turn|13
|
|t:|1656217153
|switch|p2a: Swampert|Swampert, M|66/100
|move|p1a: Tapu Koko|Roost|p1a: Tapu Koko
|-heal|p1a: Tapu Koko|93/100
|-singleturn|p1a: Tapu Koko|move: Roost
|
|-weather|none
|-heal|p2a: Swampert|73/100|[from] item: Leftovers
|upkeep
|turn|14
|
|t:|1656217156
|move|p1a: Tapu Koko|U-turn|p2a: Swampert
|-damage|p2a: Swampert|57/100
|
|t:|1656217158
|switch|p1a: Corviknight|Corviknight, M|66/100|[from]move: U-turn
|-ability|p1a: Corviknight|Pressure
|move|p2a: Swampert|Stealth Rock|p1a: Corviknight
|-sidestart|p1: I'm Arnaud|move: Stealth Rock
|
|-heal|p2a: Swampert|63/100|[from] item: Leftovers
|upkeep
|turn|15
|
|t:|1656217164
|move|p1a: Corviknight|Roost|p1a: Corviknight
|-heal|p1a: Corviknight|100/100
|-singleturn|p1a: Corviknight|move: Roost
|move|p2a: Swampert|Yawn|p1a: Corviknight
|-activate|p1a: Corviknight|move: Electric Terrain
|
|-heal|p2a: Swampert|69/100|[from] item: Leftovers
|upkeep
|turn|16
|
|t:|1656217171
|move|p1a: Corviknight|Defog|p2a: Swampert
|-unboost|p2a: Swampert|evasion|1
|-sideend|p1: I'm Arnaud|Stealth Rock|[from] move: Defog|[of] p1a: Corviknight
|-fieldend|move: Electric Terrain
|move|p2a: Swampert|Stealth Rock|p1a: Corviknight
|-sidestart|p1: I'm Arnaud|move: Stealth Rock
|
|-heal|p2a: Swampert|75/100|[from] item: Leftovers
|upkeep
|turn|17
|
|t:|1656217175
|move|p1a: Corviknight|Body Press|p2a: Swampert
|-damage|p2a: Swampert|52/100
|move|p2a: Swampert|Yawn|p1a: Corviknight
|-start|p1a: Corviknight|move: Yawn|[of] p2a: Swampert
|
|-heal|p2a: Swampert|58/100|[from] item: Leftovers
|upkeep
|turn|18
|
|t:|1656217179
|move|p1a: Corviknight|U-turn|p2a: Swampert
|-damage|p2a: Swampert|44/100
|
|t:|1656217182
|switch|p1a: Slowbro|Slowbro, M|41/100|[from]move: U-turn
|-damage|p1a: Slowbro|28/100|[from] Stealth Rock
|move|p2a: Swampert|Flip Turn|p1a: Slowbro
|-resisted|p1a: Slowbro
|-damage|p1a: Slowbro|22/100
|
|t:|1656217189
|switch|p2a: Rillaboom|Rillaboom, M|100/100|[from]move: Flip Turn
|-fieldstart|move: Grassy Terrain|[from] ability: Grassy Surge|[of] p2a: Rillaboom
|
|-heal|p1a: Slowbro|28/100|[from] Grassy Terrain
|upkeep
|turn|19
|
|t:|1656217195
|switch|p1a: Corviknight|Corviknight, M|100/100
|-ability|p1a: Corviknight|Pressure
|move|p2a: Rillaboom|U-turn|p1a: Corviknight
|-resisted|p1a: Corviknight
|-damage|p1a: Corviknight|94/100
|
|t:|1656217199
|switch|p2a: Heatran|Heatran, F|100/100|[from]move: U-turn
|
|upkeep
|turn|20
|
|t:|1656217203
|switch|p1a: Tyranitar|Tyranitar, M|77/100
|-damage|p1a: Tyranitar|65/100|[from] Stealth Rock
|-weather|Sandstorm|[from] ability: Sand Stream|[of] p1a: Tyranitar
|move|p2a: Heatran|Magma Storm|p1a: Tyranitar
|-resisted|p1a: Tyranitar
|-damage|p1a: Tyranitar|46/100
|-activate|p1a: Tyranitar|move: Magma Storm|[of] p2a: Heatran
|
|-weather|Sandstorm|[upkeep]
|-heal|p1a: Tyranitar|52/100|[from] Grassy Terrain
|-damage|p1a: Tyranitar|40/100|[from] move: Magma Storm|[partiallytrapped]
|upkeep
|turn|21
|
|t:|1656217206
|move|p2a: Heatran|Earth Power|p1a: Tyranitar
|-supereffective|p1a: Tyranitar
|-damage|p1a: Tyranitar|0 fnt
|faint|p1a: Tyranitar
|
|-weather|Sandstorm|[upkeep]
|upkeep
|
|t:|1656217210
|switch|p1a: Heracross|Heracross, M|95/100 brn
|-damage|p1a: Heracross|82/100 brn|[from] Stealth Rock
|turn|22
|
|t:|1656217226
|move|p1a: Heracross|Knock Off|p2a: Heatran
|-damage|p2a: Heatran|55/100
|-enditem|p2a: Heatran|Leftovers|[from] move: Knock Off|[of] p1a: Heracross
|move|p2a: Heatran|Magma Storm|p1a: Heracross|[miss]
|-miss|p2a: Heatran|p1a: Heracross
|
|-weather|Sandstorm|[upkeep]
|-damage|p1a: Heracross|76/100 brn|[from] Sandstorm
|-heal|p1a: Heracross|82/100 brn|[from] Grassy Terrain
|-heal|p2a: Heatran|61/100|[from] Grassy Terrain
|-damage|p1a: Heracross|76/100 brn|[from] brn
|-fieldend|move: Grassy Terrain
|upkeep
|turn|23
|
|t:|1656217231
|switch|p2a: Tornadus|Tornadus-Therian, M|100/100
|move|p1a: Heracross|Knock Off|p2a: Tornadus
|-damage|p2a: Tornadus|47/100
|-enditem|p2a: Tornadus|Heavy-Duty Boots|[from] move: Knock Off|[of] p1a: Heracross
|
|-weather|Sandstorm|[upkeep]
|-damage|p2a: Tornadus|41/100|[from] Sandstorm
|-damage|p1a: Heracross|70/100 brn|[from] Sandstorm
|-damage|p1a: Heracross|64/100 brn|[from] brn
|upkeep
|turn|24
|
|t:|1656217237
|move|p2a: Tornadus|U-turn|p1a: Heracross
|-resisted|p1a: Heracross
|-damage|p1a: Heracross|54/100 brn
|
|t:|1656217248
|switch|p2a: Heatran|Heatran, F|61/100|[from]move: U-turn
|move|p1a: Heracross|Knock Off|p2a: Heatran
|-damage|p2a: Heatran|27/100
|
|-weather|none
|-damage|p1a: Heracross|48/100 brn|[from] brn
|upkeep
|turn|25
|
|t:|1656217255
|move|p1a: Heracross|Close Combat|p2a: Heatran
|-supereffective|p2a: Heatran
|-damage|p2a: Heatran|0 fnt
|-unboost|p1a: Heracross|def|1
|-unboost|p1a: Heracross|spd|1
|faint|p2a: Heatran
|
|-damage|p1a: Heracross|42/100 brn|[from] brn
|upkeep
|
|t:|1656217257
|switch|p2a: Tornadus|Tornadus-Therian, M|74/100
|turn|26
|
|t:|1656217260
|switch|p1a: Tapu Koko|Tapu Koko|93/100
|-fieldstart|move: Electric Terrain|[from] ability: Electric Surge|[of] p1a: Tapu Koko
|move|p2a: Tornadus|Hurricane|p1a: Tapu Koko
|-resisted|p1a: Tapu Koko
|-damage|p1a: Tapu Koko|61/100
|
|upkeep
|turn|27
|
|t:|1656217263
|switch|p2a: Swampert|Swampert, M|44/100
|move|p1a: Tapu Koko|Roost|p1a: Tapu Koko
|-heal|p1a: Tapu Koko|100/100
|-singleturn|p1a: Tapu Koko|move: Roost
|
|-heal|p2a: Swampert|50/100|[from] item: Leftovers
|upkeep
|turn|28
|
|t:|1656217268
|move|p1a: Tapu Koko|U-turn|p2a: Swampert
|-damage|p2a: Swampert|35/100
|
|t:|1656217270
|switch|p1a: Slowbro|Slowbro, M|61/100|[from]move: U-turn
|-damage|p1a: Slowbro|48/100|[from] Stealth Rock
|move|p2a: Swampert|Flip Turn|p1a: Slowbro
|-resisted|p1a: Slowbro
|-damage|p1a: Slowbro|42/100
|
|t:|1656217286
|switch|p2a: Rillaboom|Rillaboom, M|100/100|[from]move: Flip Turn
|-fieldstart|move: Grassy Terrain|[from] ability: Grassy Surge|[of] p2a: Rillaboom
|
|-heal|p1a: Slowbro|48/100|[from] Grassy Terrain
|upkeep
|turn|29
|
|t:|1656217292
|switch|p1a: Corviknight|Corviknight, M|94/100
|-ability|p1a: Corviknight|Pressure
|move|p2a: Rillaboom|U-turn|p1a: Corviknight
|-resisted|p1a: Corviknight
|-crit|p1a: Corviknight
|-damage|p1a: Corviknight|85/100
|
|t:|1656217299
|switch|p2a: Conkeldurr|Conkeldurr, M|88/100 brn|[from]move: U-turn
|
|-heal|p2a: Conkeldurr|94/100 brn|[from] Grassy Terrain
|-damage|p2a: Conkeldurr|88/100 brn|[from] brn
|upkeep
|turn|30
|
|t:|1656217306
|switch|p1a: Slowbro|Slowbro, M|81/100
|-damage|p1a: Slowbro|69/100|[from] Stealth Rock
|move|p2a: Conkeldurr|Knock Off|p1a: Slowbro
|-supereffective|p1a: Slowbro
|-crit|p1a: Slowbro
|-damage|p1a: Slowbro|0 fnt
|faint|p1a: Slowbro
|
|-heal|p2a: Conkeldurr|94/100 brn|[from] Grassy Terrain
|-damage|p2a: Conkeldurr|88/100 brn|[from] brn
|upkeep
|
|t:|1656217309
|switch|p1a: Tapu Koko|Tapu Koko|100/100
|-fieldstart|move: Electric Terrain|[from] ability: Electric Surge|[of] p1a: Tapu Koko
|turn|31
|
|t:|1656217316
|switch|p2a: Swampert|Swampert, M|35/100
|move|p1a: Tapu Koko|Dazzling Gleam|p2a: Swampert
|-damage|p2a: Swampert|15/100
|
|-heal|p2a: Swampert|21/100|[from] item: Leftovers
|upkeep
|turn|32
|
|t:|1656217320
|move|p1a: Tapu Koko|U-turn|p2a: Swampert
|-damage|p2a: Swampert|7/100
|
|t:|1656217323
|switch|p1a: Corviknight|Corviknight, M|85/100|[from]move: U-turn
|-ability|p1a: Corviknight|Pressure
|move|p2a: Swampert|Earthquake|p1a: Corviknight
|-immune|p1a: Corviknight
|
|-heal|p2a: Swampert|13/100|[from] item: Leftovers
|upkeep
|turn|33
|
|t:|1656217327
|move|p1a: Corviknight|U-turn|p2a: Swampert
|-damage|p2a: Swampert|0 fnt
|faint|p2a: Swampert
|
|t:|1656217331
|switch|p1a: Landorus|Landorus-Therian, M|100/100|[from]move: U-turn
|-damage|p1a: Landorus|88/100|[from] Stealth Rock
|
|-heal|p1a: Landorus|94/100|[from] item: Leftovers
|upkeep
|
|t:|1656217340
|switch|p2a: Rillaboom|Rillaboom, M|100/100
|-fieldstart|move: Grassy Terrain|[from] ability: Grassy Surge|[of] p2a: Rillaboom
|turn|34
|
|t:|1656217346
|switch|p1a: Corviknight|Corviknight, M|85/100
|-ability|p1a: Corviknight|Pressure
|move|p2a: Rillaboom|Wood Hammer|p1a: Corviknight
|-resisted|p1a: Corviknight
|-damage|p1a: Corviknight|63/100
|-damage|p2a: Rillaboom|92/100|[from] Recoil
|
|-heal|p2a: Rillaboom|98/100|[from] Grassy Terrain
|upkeep
|turn|35
|
|t:|1656217356
|switch|p2a: Conkeldurr|Conkeldurr, M|88/100 brn
|move|p1a: Corviknight|Defog|p2a: Conkeldurr
|-unboost|p2a: Conkeldurr|evasion|1
|-sideend|p1: I'm Arnaud|Stealth Rock|[from] move: Defog|[of] p1a: Corviknight
|-fieldend|move: Grassy Terrain
|
|-damage|p2a: Conkeldurr|82/100 brn|[from] brn
|upkeep
|turn|36
|
|t:|1656217362
|switch|p1a: Tapu Koko|Tapu Koko|100/100
|-fieldstart|move: Electric Terrain|[from] ability: Electric Surge|[of] p1a: Tapu Koko
|move|p2a: Conkeldurr|Facade|p1a: Tapu Koko
|-damage|p1a: Tapu Koko|0 fnt
|faint|p1a: Tapu Koko
|
|-damage|p2a: Conkeldurr|76/100 brn|[from] brn
|upkeep
|
|t:|1656217368
|switch|p1a: Heracross|Heracross, M|42/100 brn
|turn|37
|j| PSaddict123
|
|t:|1656217371
|switch|p2a: Tornadus|Tornadus-Therian, M|100/100
|move|p1a: Heracross|Close Combat|p2a: Tornadus
|-resisted|p2a: Tornadus
|-damage|p2a: Tornadus|45/100
|-unboost|p1a: Heracross|def|1
|-unboost|p1a: Heracross|spd|1
|
|-damage|p1a: Heracross|36/100 brn|[from] brn
|upkeep
|turn|38
|
|t:|1656217377
|move|p2a: Tornadus|Hurricane|p1a: Heracross
|-supereffective|p1a: Heracross
|-damage|p1a: Heracross|0 fnt
|faint|p1a: Heracross
|
|upkeep
|-message|I'm Arnaud forfeited.
|
|win|Aggron
|raw|I&apos;m Arnaud's rating: 1583 &rarr; <strong>1560</strong><br />(-23 for losing)
|raw|Aggron's rating: 1531 &rarr; <strong>1554</strong><br />(+23 for winning)
|l|☆I'm Arnaud
