|raw|<div class="broadcast-blue"><strong>This battle is required to be public due to a player having a name starting with 'lt92pf'.</div>
|j|☆the art of
|j|☆LT92PF Po
|t:|1659867021
|gametype|singles
|player|p1|the art of|hilbert-wonderlauncher|1647
|player|p2|LT92PF Po|volo-ginkgo|1708
|teamsize|p1|6
|teamsize|p2|6
|gen|8
|tier|[Gen 8] OU
|rated|
|rule|Sleep Clause Mod: Limit one foe put to sleep
|rule|Species Clause: Limit one of each Pokémon
|rule|OHKO Clause: OHKO moves are banned
|rule|Evasion Items Clause: Evasion items are banned
|rule|Evasion Moves Clause: Evasion moves are banned
|rule|Endless Battle Clause: Forcing endless battles is banned
|rule|HP Percentage Mod: HP is shown in percentages
|rule|Dynamax Clause: You cannot dynamax
|clearpoke
|poke|p1|Rillaboom, M|
|poke|p1|Dragonite, F|
|poke|p1|Weavile, M|
|poke|p1|Heatran, M|
|poke|p1|Nidoking, M|
|poke|p1|Crawdaunt, M|
|poke|p2|Volcarona, F|
|poke|p2|Tapu Fini|
|poke|p2|Urshifu-*, F|
|poke|p2|Tapu Lele|
|poke|p2|Landorus-Therian, M|
|poke|p2|Ferrothorn, F|
|teampreview
|inactive|Battle timer is ON: inactive players will automatically lose when time's up. (requested by LT92PF Po)
|j| hxcsnx
|inactive|the art of has 120 seconds left.
|
|t:|1659867073
|start
|switch|p1a: Rillaboom|Rillaboom, M|100/100
|switch|p2a: Ferrothorn|Ferrothorn, F, shiny|100/100
|-fieldstart|move: Grassy Terrain|[from] ability: Grassy Surge|[of] p1a: Rillaboom
|turn|1
|
|t:|1659867075
|move|p1a: Rillaboom|Swords Dance|p1a: Rillaboom
|-boost|p1a: Rillaboom|atk|2
|move|p2a: Ferrothorn|Knock Off|p1a: Rillaboom
|-damage|p1a: Rillaboom|79/100
|-enditem|p1a: Rillaboom|Life Orb|[from] move: Knock Off|[of] p2a: Ferrothorn
|
|-heal|p1a: Rillaboom|85/100|[from] Grassy Terrain
|upkeep
|turn|2
|l| hxcsnx
|
|t:|1659867080
|move|p1a: Rillaboom|Superpower|p2a: Ferrothorn
|-supereffective|p2a: Ferrothorn
|-damage|p2a: Ferrothorn|0 fnt
|-unboost|p1a: Rillaboom|atk|1
|-unboost|p1a: Rillaboom|def|1
|-damage|p1a: Rillaboom|73/100|[from] ability: Iron Barbs|[of] p2a: Ferrothorn
|-damage|p1a: Rillaboom|57/100|[from] item: Rocky Helmet|[of] p2a: Ferrothorn
|faint|p2a: Ferrothorn
|
|-heal|p1a: Rillaboom|63/100|[from] Grassy Terrain
|upkeep
|
|t:|1659867099
|switch|p2a: Tapu Lele|Tapu Lele, shiny|100/100
|-fieldstart|move: Psychic Terrain|[from] ability: Psychic Surge|[of] p2a: Tapu Lele
|turn|3
|
|t:|1659867110
|switch|p1a: Heatran|Heatran, M|100/100
|-item|p1a: Heatran|Air Balloon
|move|p2a: Tapu Lele|Psyshock|p1a: Heatran
|-resisted|p1a: Heatran
|-damage|p1a: Heatran|75/100
|-enditem|p1a: Heatran|Air Balloon
|
|upkeep
|turn|4
|
|t:|1659867114
|move|p2a: Tapu Lele|Psyshock|p1a: Heatran
|-resisted|p1a: Heatran
|-damage|p1a: Heatran|48/100
|move|p1a: Heatran|Stealth Rock|p2a: Tapu Lele
|-sidestart|p2: LT92PF Po|move: Stealth Rock
|
|upkeep
|turn|5
|
|t:|1659867120
|switch|p1a: Weavile|Weavile, M|100/100
|-ability|p1a: Weavile|Pressure
|move|p2a: Tapu Lele|Psyshock|p1a: Weavile
|-immune|p1a: Weavile
|
|upkeep
|turn|6
|
|t:|1659867123
|move|p1a: Weavile|Knock Off|p2a: Tapu Lele
|-damage|p2a: Tapu Lele|27/100
|-enditem|p2a: Tapu Lele|Twisted Spoon|[from] move: Knock Off|[of] p1a: Weavile
|move|p2a: Tapu Lele|Moonblast|p1a: Weavile
|-supereffective|p1a: Weavile
|-damage|p1a: Weavile|0 fnt
|faint|p1a: Weavile
|
|upkeep
|
|t:|1659867133
|switch|p1a: Rillaboom|Rillaboom, M|63/100
|-fieldstart|move: Grassy Terrain|[from] ability: Grassy Surge|[of] p1a: Rillaboom
|turn|7
|
|t:|1659867142
|switch|p2a: Volcarona|Volcarona, F|100/100
|move|p1a: Rillaboom|Grassy Glide|p2a: Volcarona
|-resisted|p2a: Volcarona
|-damage|p2a: Volcarona|82/100
|
|-heal|p2a: Volcarona|88/100|[from] Grassy Terrain
|-heal|p1a: Rillaboom|69/100|[from] Grassy Terrain
|upkeep
|turn|8
|
|t:|1659867164
|switch|p1a: Dragonite|Dragonite, F|100/100
|move|p2a: Volcarona|Bug Buzz|p1a: Dragonite
|-resisted|p1a: Dragonite
|-damage|p1a: Dragonite|89/100
|
|-heal|p2a: Volcarona|94/100|[from] Grassy Terrain
|upkeep
|turn|9
|
|t:|1659867179
|switch|p2a: Tapu Fini|Tapu Fini, shiny|100/100
|-damage|p2a: Tapu Fini|88/100|[from] Stealth Rock
|-fieldstart|move: Misty Terrain|[from] ability: Misty Surge|[of] p2a: Tapu Fini
|move|p1a: Dragonite|Dragon Dance|p1a: Dragonite
|-boost|p1a: Dragonite|atk|1
|-boost|p1a: Dragonite|spe|1
|
|upkeep
|turn|10
|inactive|the art of has 120 seconds left.
|
|t:|1659867212
|move|p2a: Tapu Fini|Trick|p1a: Dragonite
|-activate|p2a: Tapu Fini|move: Trick|[of] p1a: Dragonite
|-item|p1a: Dragonite|Choice Scarf|[from] move: Trick
|-item|p2a: Tapu Fini|Heavy-Duty Boots|[from] move: Trick
|move|p1a: Dragonite|Earthquake|p2a: Tapu Fini
|-damage|p2a: Tapu Fini|45/100
|
|upkeep
|turn|11
|
|t:|1659867219
|switch|p1a: Nidoking|Nidoking, M|100/100
|move|p2a: Tapu Fini|Defog|p1a: Nidoking
|-unboost|p1a: Nidoking|evasion|1
|-sideend|p2: LT92PF Po|Stealth Rock|[from] move: Defog|[of] p2a: Tapu Fini
|-fieldend|Misty Terrain
|
|upkeep
|turn|12
|
|t:|1659867225
|switch|p2a: Volcarona|Volcarona, F|94/100
|move|p1a: Nidoking|Sludge Wave|p2a: Volcarona
|-damage|p2a: Volcarona|26/100
|
|upkeep
|turn|13
|
|t:|1659867246
|move|p2a: Volcarona|Bug Buzz|p1a: Nidoking
|-resisted|p1a: Nidoking
|-damage|p1a: Nidoking|51/100
|move|p1a: Nidoking|Sludge Wave|p2a: Volcarona
|-damage|p2a: Volcarona|0 fnt
|faint|p2a: Volcarona
|
|upkeep
|
|t:|1659867249
|switch|p2a: Urshifu|Urshifu-Rapid-Strike, F|100/100
|turn|14
|
|t:|1659867261
|switch|p1a: Heatran|Heatran, M|48/100
|move|p2a: Urshifu|Surging Strikes|p1a: Heatran
|-supereffective|p1a: Heatran
|-crit|p1a: Heatran
|-damage|p1a: Heatran|18/100
|-supereffective|p1a: Heatran
|-crit|p1a: Heatran
|-damage|p1a: Heatran|0 fnt
|faint|p1a: Heatran
|-hitcount|p1: Heatran|2
|
|upkeep
|
|t:|1659867273
|switch|p1a: Crawdaunt|Crawdaunt, M|100/100
|turn|15
|
|t:|1659867276
|move|p2a: Urshifu|Close Combat|p1a: Crawdaunt
|-supereffective|p1a: Crawdaunt
|-damage|p1a: Crawdaunt|0 fnt
|-unboost|p2a: Urshifu|def|1
|-unboost|p2a: Urshifu|spd|1
|faint|p1a: Crawdaunt
|
|upkeep
|
|t:|1659867280
|switch|p1a: Rillaboom|Rillaboom, M|69/100
|-fieldstart|move: Grassy Terrain|[from] ability: Grassy Surge|[of] p1a: Rillaboom
|turn|16
|
|t:|1659867290
|switch|p2a: Tapu Fini|Tapu Fini, shiny|45/100
|-fieldstart|move: Misty Terrain|[from] ability: Misty Surge|[of] p2a: Tapu Fini
|move|p1a: Rillaboom|Swords Dance|p1a: Rillaboom
|-boost|p1a: Rillaboom|atk|2
|
|upkeep
|turn|17
|
|t:|1659867293
|move|p2a: Tapu Fini|Moonblast|p1a: Rillaboom
|-damage|p1a: Rillaboom|30/100
|move|p1a: Rillaboom|Grassy Glide|p2a: Tapu Fini
|-supereffective|p2a: Tapu Fini
|-damage|p2a: Tapu Fini|0 fnt
|faint|p2a: Tapu Fini
|
|upkeep
|
|t:|1659867295
|switch|p2a: Urshifu|Urshifu-Rapid-Strike, F|100/100
|turn|18
|
|t:|1659867304
|switch|p1a: Dragonite|Dragonite, F|89/100
|move|p2a: Urshifu|Close Combat|p1a: Dragonite
|-resisted|p1a: Dragonite
|-damage|p1a: Dragonite|52/100
|-unboost|p2a: Urshifu|def|1
|-unboost|p2a: Urshifu|spd|1
|
|upkeep
|turn|19
|
|t:|1659867313
|switch|p2a: Tapu Lele|Tapu Lele, shiny|27/100
|-fieldstart|move: Psychic Terrain|[from] ability: Psychic Surge|[of] p2a: Tapu Lele
|move|p1a: Dragonite|Dual Wingbeat|p2a: Tapu Lele
|-damage|p2a: Tapu Lele|0 fnt
|faint|p2a: Tapu Lele
|-hitcount|p2: Tapu Lele|1
|
|upkeep
|inactive|LT92PF Po has 120 seconds left.
|
|t:|1659867343
|switch|p2a: Landorus|Landorus-Therian, M, shiny|100/100
|-ability|p2a: Landorus|Intimidate|boost
|-unboost|p1a: Dragonite|atk|1
|turn|20
|inactive|LT92PF Po has 120 seconds left.
|
|t:|1659867353
|switch|p1a: Nidoking|Nidoking, M|51/100
|move|p2a: Landorus|Stealth Rock|p1a: Nidoking
|-sidestart|p1: the art of|move: Stealth Rock
|
|upkeep
|turn|21
|
|t:|1659867365
|switch|p2a: Urshifu|Urshifu-Rapid-Strike, F|100/100
|move|p1a: Nidoking|Sludge Wave|p2a: Urshifu
|-damage|p2a: Urshifu|9/100
|
|upkeep
|turn|22
|
|t:|1659867373
|move|p2a: Urshifu|Ice Punch|p1a: Nidoking
|-supereffective|p1a: Nidoking
|-damage|p1a: Nidoking|0 fnt
|faint|p1a: Nidoking
|
|upkeep
|
|t:|1659867378
|switch|p1a: Rillaboom|Rillaboom, M|30/100
|-damage|p1a: Rillaboom|17/100|[from] Stealth Rock
|-fieldstart|move: Grassy Terrain|[from] ability: Grassy Surge|[of] p1a: Rillaboom
|turn|23
|c|☆LT92PF Po|i had it
|c|☆LT92PF Po|why
|inactive|LT92PF Po has 120 seconds left.
|
|t:|1659867435
|move|p1a: Rillaboom|Grassy Glide|p2a: Urshifu
|-supereffective|p2a: Urshifu
|-damage|p2a: Urshifu|0 fnt
|faint|p2a: Urshifu
|
|-heal|p1a: Rillaboom|24/100|[from] Grassy Terrain
|upkeep
|
|t:|1659867437
|switch|p2a: Landorus|Landorus-Therian, M, shiny|100/100
|-ability|p2a: Landorus|Intimidate|boost
|-unboost|p1a: Rillaboom|atk|1
|turn|24
|inactive|the art of has 120 seconds left.
|
|t:|1659867485
|move|p1a: Rillaboom|Grassy Glide|p2a: Landorus
|-damage|p2a: Landorus|67/100
|move|p2a: Landorus|U-turn|p1a: Rillaboom
|-supereffective|p1a: Rillaboom
|-damage|p1a: Rillaboom|0 fnt
|faint|p1a: Rillaboom
|
|-heal|p2a: Landorus|73/100|[from] item: Leftovers
|upkeep
|
|t:|1659867488
|switch|p1a: Dragonite|Dragonite, F|52/100
|-damage|p1a: Dragonite|27/100|[from] Stealth Rock
|turn|25
|inactive|LT92PF Po has 120 seconds left.
|
|t:|1659867500
|move|p1a: Dragonite|Ice Punch|p2a: Landorus
|-supereffective|p2a: Landorus
|-damage|p2a: Landorus|0 fnt
|faint|p2a: Landorus
|
|win|the art of
|raw|the art of's rating: 1624 &rarr; <strong>1649</strong><br />(+25 for winning)
|raw|LT92PF Po's rating: 1708 &rarr; <strong>1683</strong><br />(-25 for losing)
|l|☆LT92PF Po
