|raw|<div class="broadcast-blue"><strong>This battle is required to be public due to a player having a name starting with 'lt83aq'.</div>
|j|‽PokeDa
|j|☆LT83AQ fris
|t:|1627050747
|gametype|singles
|player|p1|PokeDa|winona-gen6|1666
|player|p2|LT83AQ fris|102|1788
|teamsize|p1|6
|teamsize|p2|6
|gen|8
|tier|[Gen 8] OU
|rated|
|rule|Sleep Clause Mod: Limit one foe put to sleep
|rule|Species Clause: Limit one of each Pokémon
|rule|OHKO Clause: OHKO moves are banned
|rule|Evasion Moves Clause: Evasion moves are banned
|rule|Endless Battle Clause: Forcing endless battles is banned
|rule|HP Percentage Mod: HP is shown in percentages
|rule|Dynamax Clause: You cannot dynamax
|clearpoke
|poke|p1|Tapu Lele|
|poke|p1|Heatran, M|
|poke|p1|Landorus-Therian, M|
|poke|p1|Ferrothorn, M|
|poke|p1|Dragapult, M|
|poke|p1|Nidoking, M|
|poke|p2|Scizor, M|
|poke|p2|Toxapex, M|
|poke|p2|Clefable, F|
|poke|p2|Hippowdon, M|
|poke|p2|Skarmory, M|
|poke|p2|Tapu Koko|
|teampreview
|inactive|Battle timer is ON: inactive players will automatically lose when time's up. (requested by LT83AQ fris)
|
|t:|1627050771
|start
|switch|p1a: Nidoking|Nidoking, M, shiny|100/100
|switch|p2a: Toxapex|Toxapex, M|100/100
|turn|1
|
|t:|1627050784
|switch|p1a: Ferrothorn|Ferrothorn, M|100/100
|move|p2a: Toxapex|Scald|p1a: Ferrothorn
|-resisted|p1a: Ferrothorn
|-damage|p1a: Ferrothorn|93/100
|
|upkeep
|turn|2
|
|t:|1627050794
|switch|p2a: Skarmory|Skarmory, M|100/100
|move|p1a: Ferrothorn|Knock Off|p2a: Skarmory
|-damage|p2a: Skarmory|87/100
|-damage|p1a: Ferrothorn|77/100|[from] item: Rocky Helmet|[of] p2a: Skarmory
|-enditem|p2a: Skarmory|Rocky Helmet|[from] move: Knock Off|[of] p1a: Ferrothorn
|
|upkeep
|turn|3
|
|t:|1627050811
|switch|p1a: Heatran|Heatran, M|100/100
|move|p2a: Skarmory|Spikes|p1a: Heatran
|-sidestart|p1: PokeDa|Spikes
|
|upkeep
|turn|4
|
|t:|1627050832
|switch|p2a: Hippowdon|Hippowdon, M|100/100
|-weather|Sandstorm|[from] ability: Sand Stream|[of] p2a: Hippowdon
|move|p1a: Heatran|Magma Storm|p2a: Hippowdon
|-damage|p2a: Hippowdon|71/100
|-activate|p2a: Hippowdon|move: Magma Storm|[of] p1a: Heatran
|
|-weather|Sandstorm|[upkeep]
|-damage|p2a: Hippowdon|59/100|[from] move: Magma Storm|[partiallytrapped]
|upkeep
|turn|5
|
|t:|1627050842
|move|p1a: Heatran|Taunt|p2a: Hippowdon
|-start|p2a: Hippowdon|move: Taunt
|cant|p2a: Hippowdon|move: Taunt|Slack Off
|
|-weather|Sandstorm|[upkeep]
|-damage|p2a: Hippowdon|46/100|[from] move: Magma Storm|[partiallytrapped]
|upkeep
|turn|6
|
|t:|1627050849
|switch|p1a: Landorus|Landorus-Therian, M|100/100
|-ability|p1a: Landorus|Intimidate|boost
|-unboost|p2a: Hippowdon|atk|1
|move|p2a: Hippowdon|Earthquake|p1a: Landorus
|-immune|p1a: Landorus
|
|-weather|Sandstorm|[upkeep]
|-end|p2a: Hippowdon|Magma Storm|[partiallytrapped]|[silent]
|upkeep
|turn|7
|
|t:|1627050857
|move|p1a: Landorus|U-turn|p2a: Hippowdon
|-damage|p2a: Hippowdon|31/100
|
|t:|1627050867
|switch|p1a: Dragapult|Dragapult, M|100/100|[from]move: U-turn
|-damage|p1a: Dragapult|88/100|[from] Spikes
|move|p2a: Hippowdon|Earthquake|p1a: Dragapult
|-damage|p1a: Dragapult|54/100
|
|-weather|Sandstorm|[upkeep]
|-damage|p1a: Dragapult|48/100|[from] Sandstorm
|-end|p2a: Hippowdon|move: Taunt
|upkeep
|turn|8
|
|t:|1627050874
|switch|p2a: Toxapex|Toxapex, M|100/100
|move|p1a: Dragapult|Shadow Ball|p2a: Toxapex
|-damage|p2a: Toxapex|66/100
|
|-weather|none
|-heal|p2a: Toxapex|72/100|[from] item: Black Sludge
|upkeep
|turn|9
|
|t:|1627050886
|switch|p1a: Ferrothorn|Ferrothorn, M|77/100
|-damage|p1a: Ferrothorn|64/100|[from] Spikes
|move|p2a: Toxapex|Light Screen|p2a: Toxapex
|-sidestart|p2: LT83AQ fris|move: Light Screen
|
|-heal|p2a: Toxapex|78/100|[from] item: Black Sludge
|upkeep
|turn|10
|
|t:|1627050901
|move|p2a: Toxapex|Scald|p1a: Ferrothorn
|-resisted|p1a: Ferrothorn
|-damage|p1a: Ferrothorn|57/100
|move|p1a: Ferrothorn|Leech Seed|p2a: Toxapex
|-start|p2a: Toxapex|move: Leech Seed
|
|-heal|p2a: Toxapex|84/100|[from] item: Black Sludge
|-damage|p2a: Toxapex|72/100|[from] Leech Seed|[of] p1a: Ferrothorn
|-heal|p1a: Ferrothorn|68/100|[silent]
|upkeep
|turn|11
|
|t:|1627050907
|switch|p2a: Hippowdon|Hippowdon, M|31/100
|-weather|Sandstorm|[from] ability: Sand Stream|[of] p2a: Hippowdon
|switch|p1a: Heatran|Heatran, M|100/100
|-damage|p1a: Heatran|88/100|[from] Spikes
|
|-weather|Sandstorm|[upkeep]
|-heal|p1a: Heatran|94/100|[from] item: Leftovers
|upkeep
|turn|12
|
|t:|1627050919
|move|p1a: Heatran|Taunt|p2a: Hippowdon
|-start|p2a: Hippowdon|move: Taunt
|cant|p2a: Hippowdon|move: Taunt|Slack Off
|
|-weather|Sandstorm|[upkeep]
|-heal|p1a: Heatran|100/100|[from] item: Leftovers
|upkeep
|turn|13
|
|t:|1627050931
|switch|p1a: Landorus|Landorus-Therian, M|100/100
|-ability|p1a: Landorus|Intimidate|boost
|-unboost|p2a: Hippowdon|atk|1
|switch|p2a: Toxapex|Toxapex, M|100/100
|
|-weather|Sandstorm|[upkeep]
|-damage|p2a: Toxapex|94/100|[from] Sandstorm
|-heal|p2a: Toxapex|100/100|[from] item: Black Sludge
|-sideend|p2: LT83AQ fris|move: Light Screen
|upkeep
|turn|14
|
|t:|1627050936
|move|p1a: Landorus|Earthquake|p2a: Toxapex
|-supereffective|p2a: Toxapex
|-damage|p2a: Toxapex|33/100
|move|p2a: Toxapex|Light Screen|p2a: Toxapex
|-sidestart|p2: LT83AQ fris|move: Light Screen
|
|-weather|Sandstorm|[upkeep]
|-damage|p2a: Toxapex|27/100|[from] Sandstorm
|-heal|p2a: Toxapex|33/100|[from] item: Black Sludge
|upkeep
|turn|15
|
|t:|1627050945
|switch|p2a: Clefable|Clefable, F|100/100
|move|p1a: Landorus|Defog|p2a: Clefable
|-unboost|p2a: Clefable|evasion|1
|-sideend|p2: LT83AQ fris|move: Light Screen
|-sideend|p1: PokeDa|Spikes|[from] move: Defog|[of] p1a: Landorus
|
|-weather|none
|upkeep
|turn|16
|
|t:|1627050956
|move|p1a: Landorus|U-turn|p2a: Clefable
|-resisted|p2a: Clefable
|-damage|p2a: Clefable|91/100
|
|t:|1627050965
|switch|p1a: Heatran|Heatran, M|100/100|[from]move: U-turn
|move|p2a: Clefable|Knock Off|p1a: Heatran
|-damage|p1a: Heatran|88/100
|-enditem|p1a: Heatran|Leftovers|[from] move: Knock Off|[of] p2a: Clefable
|
|-heal|p2a: Clefable|97/100|[from] item: Leftovers
|upkeep
|turn|17
|
|t:|1627050978
|move|p1a: Heatran|Magma Storm|p2a: Clefable
|-damage|p2a: Clefable|60/100
|-activate|p2a: Clefable|move: Magma Storm|[of] p1a: Heatran
|move|p2a: Clefable|Thunder Wave|p1a: Heatran
|-status|p1a: Heatran|par
|
|-heal|p2a: Clefable|66/100|[from] item: Leftovers
|upkeep
|turn|18
|
|t:|1627050990
|move|p2a: Clefable|Soft-Boiled|p2a: Clefable
|-heal|p2a: Clefable|100/100
|move|p1a: Heatran|Taunt|p2a: Clefable
|-start|p2a: Clefable|move: Taunt
|
|upkeep
|turn|19
|
|t:|1627050994
|move|p2a: Clefable|Moonblast|p1a: Heatran
|-resisted|p1a: Heatran
|-damage|p1a: Heatran|83/100 par
|cant|p1a: Heatran|par
|
|upkeep
|turn|20
|
|t:|1627051001
|move|p2a: Clefable|Moonblast|p1a: Heatran
|-resisted|p1a: Heatran
|-damage|p1a: Heatran|78/100 par
|move|p1a: Heatran|Stealth Rock|p2a: Clefable
|-sidestart|p2: LT83AQ fris|move: Stealth Rock
|
|upkeep
|turn|21
|
|t:|1627051007
|move|p2a: Clefable|Moonblast|p1a: Heatran
|-resisted|p1a: Heatran
|-damage|p1a: Heatran|73/100 par
|-unboost|p1a: Heatran|spa|1
|move|p1a: Heatran|Magma Storm|p2a: Clefable
|-damage|p2a: Clefable|77/100
|
|-heal|p2a: Clefable|83/100|[from] item: Leftovers
|-end|p2a: Clefable|move: Taunt
|upkeep
|turn|22
|
|t:|1627051025
|switch|p1a: Ferrothorn|Ferrothorn, M|68/100
|move|p2a: Clefable|Knock Off|p1a: Ferrothorn
|-crit|p1a: Ferrothorn
|-damage|p1a: Ferrothorn|54/100
|-activate|p1a: Ferrothorn|ability: Iron Barbs
|-enditem|p1a: Ferrothorn|Rocky Helmet|[from] move: Knock Off|[of] p2a: Clefable
|
|-heal|p2a: Clefable|89/100|[from] item: Leftovers
|-end|p2a: Clefable|Magma Storm|[partiallytrapped]
|upkeep
|turn|23
|
|t:|1627051040
|switch|p2a: Hippowdon|Hippowdon, M|31/100
|-weather|Sandstorm|[from] ability: Sand Stream|[of] p2a: Hippowdon
|switch|p1a: Nidoking|Nidoking, M, shiny|100/100
|
|-weather|Sandstorm|[upkeep]
|upkeep
|turn|24
|
|t:|1627051062
|switch|p2a: Scizor|Scizor, M|100/100
|move|p1a: Nidoking|Earth Power|p2a: Scizor
|-damage|p2a: Scizor|41/100
|
|-weather|Sandstorm|[upkeep]
|upkeep
|turn|25
|
|t:|1627051070
|move|p2a: Scizor|Bullet Punch|p1a: Nidoking
|-damage|p1a: Nidoking|57/100
|move|p1a: Nidoking|Earth Power|p2a: Scizor
|-damage|p2a: Scizor|0 fnt
|faint|p2a: Scizor
|
|-weather|Sandstorm|[upkeep]
|upkeep
|
|t:|1627051077
|switch|p2a: Tapu Koko|Tapu Koko|100/100
|-fieldstart|move: Electric Terrain|[from] ability: Electric Surge|[of] p2a: Tapu Koko
|turn|26
|
|t:|1627051085
|move|p2a: Tapu Koko|U-turn|p1a: Nidoking
|-resisted|p1a: Nidoking
|-damage|p1a: Nidoking|44/100
|
|t:|1627051090
|switch|p2a: Skarmory|Skarmory, M|87/100|[from]move: U-turn
|-damage|p2a: Skarmory|75/100|[from] Stealth Rock
|move|p1a: Nidoking|Sludge Wave|p2a: Skarmory
|-immune|p2a: Skarmory
|
|-weather|Sandstorm|[upkeep]
|upkeep
|turn|27
|
|t:|1627051108
|move|p1a: Nidoking|Flamethrower|p2a: Skarmory
|-supereffective|p2a: Skarmory
|-damage|p2a: Skarmory|0 fnt
|faint|p2a: Skarmory
|
|-weather|none
|upkeep
|
|t:|1627051110
|switch|p2a: Tapu Koko|Tapu Koko|100/100
|turn|28
|
|t:|1627051115
|move|p2a: Tapu Koko|U-turn|p1a: Nidoking
|-resisted|p1a: Nidoking
|-crit|p1a: Nidoking
|-damage|p1a: Nidoking|26/100
|
|t:|1627051120
|switch|p2a: Hippowdon|Hippowdon, M|31/100|[from]move: U-turn
|-weather|Sandstorm|[from] ability: Sand Stream|[of] p2a: Hippowdon
|move|p1a: Nidoking|Earth Power|p2a: Hippowdon
|-damage|p2a: Hippowdon|0 fnt
|faint|p2a: Hippowdon
|
|-weather|Sandstorm|[upkeep]
|upkeep
|
|t:|1627051122
|switch|p2a: Tapu Koko|Tapu Koko|100/100
|turn|29
|
|t:|1627051133
|switch|p1a: Landorus|Landorus-Therian, M|100/100
|-ability|p1a: Landorus|Intimidate|boost
|-unboost|p2a: Tapu Koko|atk|1
|move|p2a: Tapu Koko|Dazzling Gleam|p1a: Landorus
|-damage|p1a: Landorus|70/100
|
|-weather|Sandstorm|[upkeep]
|-damage|p2a: Tapu Koko|94/100|[from] Sandstorm
|-heal|p1a: Landorus|76/100|[from] item: Leftovers
|upkeep
|turn|30
|
|t:|1627051143
|move|p2a: Tapu Koko|Dazzling Gleam|p1a: Landorus
|-damage|p1a: Landorus|41/100
|move|p1a: Landorus|Earthquake|p2a: Tapu Koko
|-supereffective|p2a: Tapu Koko
|-damage|p2a: Tapu Koko|0 fnt
|faint|p2a: Tapu Koko
|
|-weather|Sandstorm|[upkeep]
|-heal|p1a: Landorus|47/100|[from] item: Leftovers
|-fieldend|move: Electric Terrain
|upkeep
|
|t:|1627051147
|switch|p2a: Clefable|Clefable, F|89/100
|turn|31
|
|t:|1627051159
|move|p1a: Landorus|Earthquake|p2a: Clefable
|-damage|p2a: Clefable|47/100
|move|p2a: Clefable|Knock Off|p1a: Landorus
|-damage|p1a: Landorus|35/100
|-enditem|p1a: Landorus|Leftovers|[from] move: Knock Off|[of] p2a: Clefable
|
|-weather|Sandstorm|[upkeep]
|-heal|p2a: Clefable|53/100|[from] item: Leftovers
|upkeep
|turn|32
|
|t:|1627051167
|move|p1a: Landorus|U-turn|p2a: Clefable
|-resisted|p2a: Clefable
|-damage|p2a: Clefable|43/100
|
|t:|1627051171
|switch|p1a: Tapu Lele|Tapu Lele|100/100|[from]move: U-turn
|-fieldstart|move: Psychic Terrain|[from] ability: Psychic Surge|[of] p1a: Tapu Lele
|move|p2a: Clefable|Soft-Boiled|p2a: Clefable
|-heal|p2a: Clefable|93/100
|
|-weather|none
|-heal|p2a: Clefable|99/100|[from] item: Leftovers
|upkeep
|turn|33
|
|t:|1627051174
|move|p1a: Tapu Lele|Psychic|p2a: Clefable
|-damage|p2a: Clefable|46/100
|move|p2a: Clefable|Thunder Wave|p1a: Tapu Lele
|-status|p1a: Tapu Lele|par
|
|-heal|p2a: Clefable|52/100|[from] item: Leftovers
|upkeep
|turn|34
|
|t:|1627051182
|cant|p1a: Tapu Lele|par
|move|p2a: Clefable|Knock Off|p1a: Tapu Lele
|-damage|p1a: Tapu Lele|79/100 par
|-enditem|p1a: Tapu Lele|Choice Scarf|[from] move: Knock Off|[of] p2a: Clefable
|
|-heal|p2a: Clefable|58/100|[from] item: Leftovers
|upkeep
|turn|35
|
|t:|1627051192
|move|p2a: Clefable|Moonblast|p1a: Tapu Lele
|-damage|p1a: Tapu Lele|47/100 par
|move|p1a: Tapu Lele|Future Sight|p2a: Clefable
|-start|p1a: Tapu Lele|move: Future Sight
|
|-heal|p2a: Clefable|64/100|[from] item: Leftovers
|upkeep
|turn|36
|
|t:|1627051200
|switch|p1a: Ferrothorn|Ferrothorn, M|54/100
|move|p2a: Clefable|Moonblast|p1a: Ferrothorn
|-resisted|p1a: Ferrothorn
|-damage|p1a: Ferrothorn|41/100
|
|-heal|p2a: Clefable|71/100|[from] item: Leftovers
|-fieldend|move: Psychic Terrain
|upkeep
|turn|37
|
|t:|1627051211
|move|p2a: Clefable|Soft-Boiled|p2a: Clefable
|-heal|p2a: Clefable|100/100
|move|p1a: Ferrothorn|Gyro Ball|p2a: Clefable
|-supereffective|p2a: Clefable
|-damage|p2a: Clefable|49/100
|
|-end|p2a: Clefable|move: Future Sight
|-damage|p2a: Clefable|0 fnt
|faint|p2a: Clefable
|upkeep
|
|t:|1627051217
|switch|p2a: Toxapex|Toxapex, M|67/100
|-damage|p2a: Toxapex|54/100|[from] Stealth Rock
|turn|38
|-message|LT83AQ fris forfeited.
|
|win|PokeDa
|raw|PokeDa's rating: 1666 &rarr; <strong>1693</strong><br />(+27 for winning)
|raw|LT83AQ fris's rating: 1788 &rarr; <strong>1761</strong><br />(-27 for losing)
|l|☆LT83AQ fris
||Ladder isn't responding, score probably updated but might not have (Request timeout).
