|j|‽minimax_ai
|j|☆A3720
|t:|1668132764
|gametype|singles
|player|p1|minimax_ai|265|1626
|player|p2|A3720|170|1765
|teamsize|p1|6
|teamsize|p2|6
|gen|8
|tier|[Gen 8] OU
|rated|
|rule|Sleep Clause Mod: Limit one foe put to sleep
|rule|Species Clause: Limit one of each Pokémon
|rule|OHKO Clause: OHKO moves are banned
|rule|Evasion Items Clause: Evasion items are banned
|rule|Evasion Moves Clause: Evasion moves are banned
|rule|Endless Battle Clause: Forcing endless battles is banned
|rule|HP Percentage Mod: HP is shown in percentages
|rule|Dynamax Clause: You cannot dynamax
|clearpoke
|poke|p1|Rotom-Wash|
|poke|p1|Weavile, F|
|poke|p1|Landorus-Therian, M|
|poke|p1|Heatran, M|
|poke|p1|Tangrowth, F|
|poke|p1|Melmetal|
|poke|p2|Vanilluxe, M|
|poke|p2|Arctozolt|
|poke|p2|Toxapex, F|
|poke|p2|Magnezone|
|poke|p2|Landorus-Therian, M|
|poke|p2|Tornadus-Therian, M|
|teampreview
|inactive|Battle timer is ON: inactive players will automatically lose when time's up. (requested by minimax_ai)
|
|t:|1668132782
|start
|switch|p1a: Heatran|Heatran, M|100/100
|switch|p2a: Vanilluxe|Vanilluxe, M|100/100
|-item|p1a: Heatran|Air Balloon
|-weather|Hail|[from] ability: Snow Warning|[of] p2a: Vanilluxe
|turn|1
|
|t:|1668132789
|switch|p2a: Toxapex|Toxapex, F, shiny|100/100
|move|p1a: Heatran|Magma Storm|p2a: Toxapex|[miss]
|-miss|p1a: Heatran|p2a: Toxapex
|
|-weather|Hail|[upkeep]
|-damage|p1a: Heatran|94/100|[from] Hail
|-damage|p2a: Toxapex|94/100|[from] Hail
|upkeep
|turn|2
|
|t:|1668132792
|move|p1a: Heatran|Stealth Rock|p2a: Toxapex
|-sidestart|p2: A3720|move: Stealth Rock
|move|p2a: Toxapex|Knock Off|p1a: Heatran
|-damage|p1a: Heatran|81/100
|-enditem|p1a: Heatran|Air Balloon
|
|-weather|Hail|[upkeep]
|-damage|p1a: Heatran|74/100|[from] Hail
|-damage|p2a: Toxapex|88/100|[from] Hail
|upkeep
|turn|3
|
|t:|1668132796
|move|p1a: Heatran|Magma Storm|p2a: Toxapex
|-resisted|p2a: Toxapex
|-damage|p2a: Toxapex|67/100
|-activate|p2a: Toxapex|move: Magma Storm|[of] p1a: Heatran
|-enditem|p2a: Toxapex|Eject Button
|
|t:|1668132799
|switch|p2a: Magnezone|Magnezone|100/100
|-damage|p2a: Magnezone|94/100|[from] Stealth Rock
|
|-weather|Hail|[upkeep]
|-damage|p1a: Heatran|68/100|[from] Hail
|-damage|p2a: Magnezone|88/100|[from] Hail
|upkeep
|turn|4
|
|t:|1668132801
|move|p1a: Heatran|Eruption|p2a: Magnezone
|-supereffective|p2a: Magnezone
|-damage|p2a: Magnezone|22/100
|move|p2a: Magnezone|Mirror Coat|p1a: Heatran
|-damage|p1a: Heatran|0 fnt
|faint|p1a: Heatran
|
|-weather|Hail|[upkeep]
|-damage|p2a: Magnezone|16/100|[from] Hail
|upkeep
|
|t:|1668132801
|switch|p1a: Weavile|Weavile, F|100/100
|-ability|p1a: Weavile|Pressure
|turn|5
|
|t:|1668132807
|switch|p2a: Toxapex|Toxapex, F, shiny|100/100
|-damage|p2a: Toxapex|88/100|[from] Stealth Rock
|move|p1a: Weavile|Knock Off|p2a: Toxapex
|-damage|p2a: Toxapex|61/100
|
|-weather|none
|upkeep
|turn|6
|
|t:|1668132812
|switch|p1a: Melmetal|Melmetal|100/100
|move|p2a: Toxapex|Knock Off|p1a: Melmetal
|-damage|p1a: Melmetal|93/100
|-enditem|p1a: Melmetal|Assault Vest|[from] move: Knock Off|[of] p2a: Toxapex
|
|upkeep
|turn|7
|
|t:|1668132823
|move|p2a: Toxapex|Recover|p2a: Toxapex
|-heal|p2a: Toxapex|100/100
|move|p1a: Melmetal|Double Iron Bash|p2a: Toxapex
|-resisted|p2a: Toxapex
|-damage|p2a: Toxapex|88/100
|-resisted|p2a: Toxapex
|-damage|p2a: Toxapex|76/100
|-hitcount|p2a: Toxapex|2
|
|upkeep
|turn|8
|
|t:|1668132831
|switch|p2a: Landorus|Landorus-Therian, M|100/100
|-damage|p2a: Landorus|88/100|[from] Stealth Rock
|-ability|p2a: Landorus|Intimidate|boost
|-unboost|p1a: Melmetal|atk|1
|move|p1a: Melmetal|Ice Punch|p2a: Landorus
|-supereffective|p2a: Landorus
|-damage|p2a: Landorus|0 fnt
|faint|p2a: Landorus
|
|upkeep
|
|t:|1668132844
|switch|p2a: Magnezone|Magnezone|16/100
|-damage|p2a: Magnezone|10/100|[from] Stealth Rock
|turn|9
|
|t:|1668132847
|move|p2a: Magnezone|Discharge|p1a: Melmetal
|-damage|p1a: Melmetal|58/100
|move|p1a: Melmetal|Thunder Punch|p2a: Magnezone
|-resisted|p2a: Magnezone
|-damage|p2a: Magnezone|0 fnt
|faint|p2a: Magnezone
|
|upkeep
|
|t:|1668132862
|switch|p2a: Tornadus|Tornadus-Therian, M|100/100
|turn|10
|
|t:|1668132864
|move|p2a: Tornadus|Defog|p1a: Melmetal
|-unboost|p1a: Melmetal|evasion|1
|-sideend|p2: A3720|Stealth Rock|[from] move: Defog|[of] p2a: Tornadus
|move|p1a: Melmetal|Double Iron Bash|p2a: Tornadus
|-damage|p2a: Tornadus|74/100
|-damage|p2a: Tornadus|45/100
|-hitcount|p2a: Tornadus|2
|
|upkeep
|turn|11
|
|t:|1668132867
|move|p2a: Tornadus|U-turn|p1a: Melmetal
|-resisted|p1a: Melmetal
|-damage|p1a: Melmetal|54/100
|
|t:|1668132869
|switch|p2a: Toxapex|Toxapex, F, shiny|100/100|[from]move: U-turn
|move|p1a: Melmetal|Ice Punch|p2a: Toxapex
|-resisted|p2a: Toxapex
|-damage|p2a: Toxapex|94/100
|
|upkeep
|turn|12
|
|t:|1668132873
|move|p2a: Toxapex|Knock Off|p1a: Melmetal
|-damage|p1a: Melmetal|49/100
|move|p1a: Melmetal|Ice Punch|p2a: Toxapex
|-resisted|p2a: Toxapex
|-damage|p2a: Toxapex|88/100
|
|upkeep
|turn|13
|
|t:|1668132875
|move|p2a: Toxapex|Knock Off|p1a: Melmetal
|-damage|p1a: Melmetal|43/100
|move|p1a: Melmetal|Thunder Punch|p2a: Toxapex
|-supereffective|p2a: Toxapex
|-damage|p2a: Toxapex|58/100
|
|upkeep
|turn|14
|
|t:|1668132878
|move|p2a: Toxapex|Recover|p2a: Toxapex
|-heal|p2a: Toxapex|100/100
|move|p1a: Melmetal|Ice Punch|p2a: Toxapex
|-resisted|p2a: Toxapex
|-damage|p2a: Toxapex|94/100
|-status|p2a: Toxapex|frz
|
|upkeep
|turn|15
|
|t:|1668132882
|cant|p2a: Toxapex|frz
|move|p1a: Melmetal|Thunder Punch|p2a: Toxapex
|-supereffective|p2a: Toxapex
|-damage|p2a: Toxapex|67/100 frz
|
|upkeep
|turn|16
|
|t:|1668132885
|cant|p2a: Toxapex|frz
|move|p1a: Melmetal|Double Iron Bash|p2a: Toxapex
|-resisted|p2a: Toxapex
|-damage|p2a: Toxapex|58/100 frz
|-resisted|p2a: Toxapex
|-damage|p2a: Toxapex|49/100 frz
|-hitcount|p2a: Toxapex|2
|
|upkeep
|turn|17
|
|t:|1668132888
|-curestatus|p2a: Toxapex|frz|[msg]
|move|p2a: Toxapex|Knock Off|p1a: Melmetal
|-damage|p1a: Melmetal|38/100
|move|p1a: Melmetal|Double Iron Bash|p2a: Toxapex
|-resisted|p2a: Toxapex
|-damage|p2a: Toxapex|41/100
|-resisted|p2a: Toxapex
|-damage|p2a: Toxapex|34/100
|-hitcount|p2a: Toxapex|2
|
|upkeep
|turn|18
|
|t:|1668132891
|move|p2a: Toxapex|Recover|p2a: Toxapex
|-heal|p2a: Toxapex|84/100
|move|p1a: Melmetal|Thunder Punch|p2a: Toxapex
|-supereffective|p2a: Toxapex
|-damage|p2a: Toxapex|57/100
|
|upkeep
|turn|19
|
|t:|1668132899
|move|p2a: Toxapex|Knock Off|p1a: Melmetal
|-damage|p1a: Melmetal|32/100
|move|p1a: Melmetal|Double Iron Bash|p2a: Toxapex
|-resisted|p2a: Toxapex
|-damage|p2a: Toxapex|49/100
|-resisted|p2a: Toxapex
|-damage|p2a: Toxapex|41/100
|-hitcount|p2a: Toxapex|2
|
|upkeep
|turn|20
|
|t:|1668132901
|switch|p1a: Landorus|Landorus-Therian, M|100/100
|-ability|p1a: Landorus|Intimidate|boost
|-unboost|p2a: Toxapex|atk|1
|move|p2a: Toxapex|Recover|p2a: Toxapex
|-heal|p2a: Toxapex|91/100
|
|upkeep
|turn|21
|
|t:|1668132913
|move|p1a: Landorus|Earthquake|p2a: Toxapex
|-supereffective|p2a: Toxapex
|-damage|p2a: Toxapex|37/100
|move|p2a: Toxapex|Toxic|p1a: Landorus
|-status|p1a: Landorus|tox
|
|-damage|p1a: Landorus|94/100 tox|[from] psn
|upkeep
|turn|22
|
|t:|1668132917
|switch|p1a: Weavile|Weavile, F|100/100
|-ability|p1a: Weavile|Pressure
|switch|p2a: Tornadus|Tornadus-Therian, M|78/100
|
|upkeep
|turn|23
|
|t:|1668132931
|switch|p2a: Toxapex|Toxapex, F, shiny|71/100
|move|p1a: Weavile|Triple Axel|p2a: Toxapex
|-resisted|p2a: Toxapex
|-damage|p2a: Toxapex|66/100
|-resisted|p2a: Toxapex
|-damage|p2a: Toxapex|56/100
|-resisted|p2a: Toxapex
|-damage|p2a: Toxapex|42/100
|-hitcount|p2a: Toxapex|3
|
|upkeep
|turn|24
|
|t:|1668132933
|move|p1a: Weavile|Triple Axel|p2a: Toxapex
|-resisted|p2a: Toxapex
|-damage|p2a: Toxapex|38/100
|-resisted|p2a: Toxapex
|-damage|p2a: Toxapex|28/100
|-resisted|p2a: Toxapex
|-damage|p2a: Toxapex|15/100
|-hitcount|p2a: Toxapex|3
|move|p2a: Toxapex|Recover|p2a: Toxapex
|-heal|p2a: Toxapex|65/100
|
|upkeep
|turn|25
|
|t:|1668132939
|move|p1a: Weavile|Triple Axel|p2a: Toxapex
|-resisted|p2a: Toxapex
|-damage|p2a: Toxapex|60/100
|-resisted|p2a: Toxapex
|-damage|p2a: Toxapex|50/100
|-resisted|p2a: Toxapex
|-damage|p2a: Toxapex|38/100
|-hitcount|p2a: Toxapex|3
|move|p2a: Toxapex|Recover|p2a: Toxapex
|-heal|p2a: Toxapex|88/100
|
|upkeep
|turn|26
|
|t:|1668132941
|move|p1a: Weavile|Triple Axel|p2a: Toxapex
|-resisted|p2a: Toxapex
|-damage|p2a: Toxapex|84/100
|-resisted|p2a: Toxapex
|-damage|p2a: Toxapex|75/100
|-resisted|p2a: Toxapex
|-damage|p2a: Toxapex|63/100
|-hitcount|p2a: Toxapex|3
|move|p2a: Toxapex|Knock Off|p1a: Weavile
|-resisted|p1a: Weavile
|-damage|p1a: Weavile|88/100
|-enditem|p1a: Weavile|Choice Band|[from] move: Knock Off|[of] p2a: Toxapex
|
|upkeep
|turn|27
|
|t:|1668132947
|move|p1a: Weavile|Knock Off|p2a: Toxapex
|-damage|p2a: Toxapex|43/100
|move|p2a: Toxapex|Recover|p2a: Toxapex
|-heal|p2a: Toxapex|93/100
|
|upkeep
|turn|28
|
|t:|1668132949
|move|p1a: Weavile|Triple Axel|p2a: Toxapex
|-resisted|p2a: Toxapex
|-damage|p2a: Toxapex|90/100
|-resisted|p2a: Toxapex
|-damage|p2a: Toxapex|83/100
|-resisted|p2a: Toxapex
|-damage|p2a: Toxapex|74/100
|-hitcount|p2a: Toxapex|3
|move|p2a: Toxapex|Toxic|p1a: Weavile
|-status|p1a: Weavile|tox
|
|-damage|p1a: Weavile|82/100 tox|[from] psn
|upkeep
|turn|29
|
|t:|1668132953
|move|p1a: Weavile|Triple Axel|p2a: Toxapex
|-resisted|p2a: Toxapex
|-damage|p2a: Toxapex|71/100
|-resisted|p2a: Toxapex
|-damage|p2a: Toxapex|65/100
|-resisted|p2a: Toxapex
|-damage|p2a: Toxapex|55/100
|-hitcount|p2a: Toxapex|3
|move|p2a: Toxapex|Knock Off|p1a: Weavile
|-resisted|p1a: Weavile
|-damage|p1a: Weavile|74/100 tox
|
|-damage|p1a: Weavile|62/100 tox|[from] psn
|upkeep
|turn|30
|
|t:|1668132956
|move|p1a: Weavile|Triple Axel|p2a: Toxapex
|-resisted|p2a: Toxapex
|-crit|p2a: Toxapex
|-damage|p2a: Toxapex|51/100
|-resisted|p2a: Toxapex
|-damage|p2a: Toxapex|45/100
|-resisted|p2a: Toxapex
|-damage|p2a: Toxapex|36/100
|-hitcount|p2a: Toxapex|3
|move|p2a: Toxapex|Recover|p2a: Toxapex
|-heal|p2a: Toxapex|86/100
|
|-damage|p1a: Weavile|44/100 tox|[from] psn
|upkeep
|turn|31
|
|t:|1668132960
|move|p1a: Weavile|Knock Off|p2a: Toxapex
|-damage|p2a: Toxapex|68/100
|move|p2a: Toxapex|Knock Off|p1a: Weavile
|-resisted|p1a: Weavile
|-damage|p1a: Weavile|36/100 tox
|
|-damage|p1a: Weavile|12/100 tox|[from] psn
|upkeep
|turn|32
|
|t:|1668132966
|move|p1a: Weavile|Knock Off|p2a: Toxapex
|-damage|p2a: Toxapex|50/100
|move|p2a: Toxapex|Knock Off|p1a: Weavile
|-resisted|p1a: Weavile
|-damage|p1a: Weavile|4/100 tox
|
|-damage|p1a: Weavile|0 fnt|[from] psn
|faint|p1a: Weavile
|upkeep
|
|t:|1668132966
|switch|p1a: Melmetal|Melmetal|32/100
|turn|33
|
|t:|1668132968
|move|p2a: Toxapex|Recover|p2a: Toxapex
|-heal|p2a: Toxapex|99/100
|move|p1a: Melmetal|Double Iron Bash|p2a: Toxapex
|-resisted|p2a: Toxapex
|-damage|p2a: Toxapex|88/100
|-resisted|p2a: Toxapex
|-damage|p2a: Toxapex|75/100
|-hitcount|p2a: Toxapex|2
|
|upkeep
|turn|34
|
|t:|1668132972
|move|p2a: Toxapex|Knock Off|p1a: Melmetal
|-damage|p1a: Melmetal|27/100
|move|p1a: Melmetal|Double Iron Bash|p2a: Toxapex
|-resisted|p2a: Toxapex
|-damage|p2a: Toxapex|62/100
|-resisted|p2a: Toxapex
|-damage|p2a: Toxapex|50/100
|-hitcount|p2a: Toxapex|2
|
|upkeep
|turn|35
|
|t:|1668132977
|move|p2a: Toxapex|Recover|p2a: Toxapex
|-heal|p2a: Toxapex|100/100
|move|p1a: Melmetal|Double Iron Bash|p2a: Toxapex
|-resisted|p2a: Toxapex
|-damage|p2a: Toxapex|88/100
|-resisted|p2a: Toxapex
|-damage|p2a: Toxapex|75/100
|-hitcount|p2a: Toxapex|2
|
|upkeep
|turn|36
|
|t:|1668132979
|move|p2a: Toxapex|Knock Off|p1a: Melmetal
|-damage|p1a: Melmetal|21/100
|move|p1a: Melmetal|Earthquake|p2a: Toxapex
|-supereffective|p2a: Toxapex
|-damage|p2a: Toxapex|31/100
|
|upkeep
|turn|37
|
|t:|1668132987
|move|p2a: Toxapex|Recover|p2a: Toxapex
|-heal|p2a: Toxapex|81/100
|move|p1a: Melmetal|Earthquake|p2a: Toxapex
|-supereffective|p2a: Toxapex
|-damage|p2a: Toxapex|39/100
|
|upkeep
|turn|38
|
|t:|1668132992
|move|p2a: Toxapex|Recover|p2a: Toxapex
|-heal|p2a: Toxapex|89/100
|move|p1a: Melmetal|Earthquake|p2a: Toxapex
|-supereffective|p2a: Toxapex
|-damage|p2a: Toxapex|43/100
|
|upkeep
|turn|39
|
|t:|1668132995
|move|p2a: Toxapex|Recover|p2a: Toxapex
|-heal|p2a: Toxapex|93/100
|move|p1a: Melmetal|Earthquake|p2a: Toxapex
|-supereffective|p2a: Toxapex
|-damage|p2a: Toxapex|45/100
|
|upkeep
|turn|40
|
|t:|1668132999
|move|p2a: Toxapex|Recover|p2a: Toxapex
|-heal|p2a: Toxapex|95/100
|move|p1a: Melmetal|Earthquake|p2a: Toxapex
|-supereffective|p2a: Toxapex
|-damage|p2a: Toxapex|46/100
|
|upkeep
|turn|41
|
|t:|1668133004
|switch|p2a: Tornadus|Tornadus-Therian, M|100/100
|move|p1a: Melmetal|Earthquake|p2a: Tornadus
|-immune|p2a: Tornadus
|
|upkeep
|turn|42
|
|t:|1668133006
|move|p2a: Tornadus|Heat Wave|p1a: Melmetal
|-supereffective|p1a: Melmetal
|-damage|p1a: Melmetal|0 fnt
|faint|p1a: Melmetal
|
|upkeep
|
|t:|1668133006
|switch|p1a: Rotom|Rotom-Wash|100/100
|turn|43
|
|t:|1668133013
|move|p2a: Tornadus|U-turn|p1a: Rotom
|-damage|p1a: Rotom|85/100
|
|t:|1668133015
|switch|p2a: Vanilluxe|Vanilluxe, M|100/100|[from]move: U-turn
|-weather|Hail|[from] ability: Snow Warning|[of] p2a: Vanilluxe
|move|p1a: Rotom|Nasty Plot|p1a: Rotom
|-boost|p1a: Rotom|spa|2
|
|-weather|Hail|[upkeep]
|-damage|p1a: Rotom|79/100|[from] Hail
|-heal|p1a: Rotom|85/100|[from] item: Leftovers
|upkeep
|turn|44
|
|t:|1668133025
|switch|p2a: Toxapex|Toxapex, F, shiny|79/100
|move|p1a: Rotom|Hydro Pump|p2a: Toxapex
|-resisted|p2a: Toxapex
|-damage|p2a: Toxapex|42/100
|
|-weather|Hail|[upkeep]
|-damage|p1a: Rotom|79/100|[from] Hail
|-damage|p2a: Toxapex|36/100|[from] Hail
|-heal|p1a: Rotom|85/100|[from] item: Leftovers
|upkeep
|turn|45
|
|t:|1668133027
|move|p1a: Rotom|Hydro Pump|p2a: Toxapex
|-resisted|p2a: Toxapex
|-damage|p2a: Toxapex|0 fnt
|faint|p2a: Toxapex
|
|-weather|Hail|[upkeep]
|-damage|p1a: Rotom|79/100|[from] Hail
|-heal|p1a: Rotom|85/100|[from] item: Leftovers
|upkeep
|
|t:|1668133030
|switch|p2a: Arctozolt|Arctozolt|100/100
|turn|46
|
|t:|1668133033
|switch|p1a: Landorus|Landorus-Therian, M|94/100 tox
|-ability|p1a: Landorus|Intimidate|boost
|-unboost|p2a: Arctozolt|atk|1
|move|p2a: Arctozolt|Freeze-Dry|p1a: Landorus
|-supereffective|p1a: Landorus
|-damage|p1a: Landorus|0 fnt
|faint|p1a: Landorus
|
|-weather|Hail|[upkeep]
|upkeep
|
|t:|1668133033
|switch|p1a: Tangrowth|Tangrowth, F|100/100
|turn|47
|
|t:|1668133041
|switch|p2a: Tornadus|Tornadus-Therian, M|100/100
|switch|p1a: Rotom|Rotom-Wash|85/100
|
|-weather|none
|-heal|p1a: Rotom|92/100|[from] item: Leftovers
|upkeep
|turn|48
|
|t:|1668133045
|move|p2a: Tornadus|U-turn|p1a: Rotom
|-damage|p1a: Rotom|75/100
|
|t:|1668133047
|switch|p2a: Vanilluxe|Vanilluxe, M|100/100|[from]move: U-turn
|-weather|Hail|[from] ability: Snow Warning|[of] p2a: Vanilluxe
|move|p1a: Rotom|Nasty Plot|p1a: Rotom
|-boost|p1a: Rotom|spa|2
|
|-weather|Hail|[upkeep]
|-damage|p1a: Rotom|69/100|[from] Hail
|-heal|p1a: Rotom|75/100|[from] item: Leftovers
|upkeep
|turn|49
|
|t:|1668133051
|move|p1a: Rotom|Hydro Pump|p2a: Vanilluxe|[miss]
|-miss|p1a: Rotom|p2a: Vanilluxe
|move|p2a: Vanilluxe|Freeze-Dry|p1a: Rotom
|-supereffective|p1a: Rotom
|-damage|p1a: Rotom|0 fnt
|faint|p1a: Rotom
|
|-weather|Hail|[upkeep]
|upkeep
|
|t:|1668133051
|switch|p1a: Tangrowth|Tangrowth, F|100/100
|turn|50
|
|t:|1668133053
|move|p2a: Vanilluxe|Freeze-Dry|p1a: Tangrowth
|-supereffective|p1a: Tangrowth
|-damage|p1a: Tangrowth|0 fnt
|faint|p1a: Tangrowth
|
|win|A3720
|raw|minimax_ai's rating: 1626 &rarr; <strong>1614</strong><br />(-12 for losing)
|raw|A3720's rating: 1765 &rarr; <strong>1777</strong><br />(+12 for winning)
