|j|☆WhereIsMyMime
|j|☆Forwards
|t:|1658768411
|gametype|singles
|player|p1|WhereIsMyMime|unknown|1411
|player|p2|Forwards|adaman|1432
|teamsize|p1|6
|teamsize|p2|6
|gen|8
|tier|[Gen 8] OU
|rated|
|rule|Sleep Clause Mod: Limit one foe put to sleep
|rule|Species Clause: Limit one of each Pokémon
|rule|OHKO Clause: OHKO moves are banned
|rule|Evasion Moves Clause: Evasion moves are banned
|rule|Endless Battle Clause: Forcing endless battles is banned
|rule|HP Percentage Mod: HP is shown in percentages
|rule|Dynamax Clause: You cannot dynamax
|clearpoke
|poke|p1|Dragapult, M|
|poke|p1|Heatran, F|
|poke|p1|Landorus-Therian, M|
|poke|p1|Weavile, M|
|poke|p1|Tapu Lele|
|poke|p1|Slowbro, M|
|poke|p2|Torkoal, M|
|poke|p2|Venusaur, F|
|poke|p2|Charizard, M|
|poke|p2|Victini|
|poke|p2|Heatran, M|
|poke|p2|Xatu, F|
|teampreview
|inactive|Battle timer is ON: inactive players will automatically lose when time's up. (requested by WhereIsMyMime)
|inactive|Forwards has 120 seconds left.
|
|t:|1658768475
|start
|switch|p1a: Landorus|Landorus-Therian, M|100/100
|switch|p2a: Torkoal|Torkoal, M|100/100
|-ability|p1a: Landorus|Intimidate|boost
|-unboost|p2a: Torkoal|atk|1
|-weather|SunnyDay|[from] ability: Drought|[of] p2a: Torkoal
|turn|1
|
|t:|1658768487
|switch|p2a: Xatu|Xatu, F|100/100
|move|p1a: Landorus|Earthquake|p2a: Xatu
|-immune|p2a: Xatu
|
|-weather|SunnyDay|[upkeep]
|upkeep
|turn|2
|inactive|Forwards has 120 seconds left.
|
|t:|1658768518
|move|p2a: Xatu|Thunder Wave|p1a: Landorus
|-immune|p1a: Landorus
|move|p1a: Landorus|U-turn|p2a: Xatu
|-damage|p2a: Xatu|81/100
|
|t:|1658768532
|switch|p1a: Weavile|Weavile, M|100/100|[from]move: U-turn
|-ability|p1a: Weavile|Pressure
|
|-weather|SunnyDay|[upkeep]
|-heal|p2a: Xatu|87/100|[from] item: Leftovers
|upkeep
|turn|3
|
|t:|1658768540
|move|p1a: Weavile|Knock Off|p2a: Xatu
|-supereffective|p2a: Xatu
|-damage|p2a: Xatu|0 fnt
|-enditem|p2a: Xatu|Leftovers|[from] move: Knock Off|[of] p1a: Weavile
|faint|p2a: Xatu
|
|-weather|SunnyDay|[upkeep]
|upkeep
|inactive|Forwards has 120 seconds left.
|
|t:|1658768557
|switch|p2a: Charizard|Charizard, M|100/100
|turn|4
|
|t:|1658768564
|switch|p1a: Heatran|Heatran, F|100/100
|move|p2a: Charizard|Focus Blast|p1a: Heatran|[miss]
|-miss|p2a: Charizard|p1a: Heatran
|
|-weather|SunnyDay|[upkeep]
|-damage|p2a: Charizard|88/100|[from] ability: Solar Power|[of] p2a: Charizard
|upkeep
|turn|5
|
|t:|1658768574
|switch|p1a: Landorus|Landorus-Therian, M|100/100
|-ability|p1a: Landorus|Intimidate|boost
|-unboost|p2a: Charizard|atk|1
|move|p2a: Charizard|Focus Blast|p1a: Landorus
|-resisted|p1a: Landorus
|-damage|p1a: Landorus|70/100
|
|-weather|SunnyDay|[upkeep]
|-damage|p2a: Charizard|76/100|[from] ability: Solar Power|[of] p2a: Charizard
|upkeep
|turn|6
|
|t:|1658768591
|switch|p1a: Heatran|Heatran, F|100/100
|move|p2a: Charizard|Focus Blast|p1a: Heatran|[miss]
|-miss|p2a: Charizard|p1a: Heatran
|
|-weather|SunnyDay|[upkeep]
|-damage|p2a: Charizard|63/100|[from] ability: Solar Power|[of] p2a: Charizard
|upkeep
|turn|7
|
|t:|1658768607
|switch|p1a: Landorus|Landorus-Therian, M|70/100
|-ability|p1a: Landorus|Intimidate|boost
|-unboost|p2a: Charizard|atk|1
|move|p2a: Charizard|Focus Blast|p1a: Landorus
|-resisted|p1a: Landorus
|-damage|p1a: Landorus|40/100
|
|-weather|SunnyDay|[upkeep]
|-damage|p2a: Charizard|51/100|[from] ability: Solar Power|[of] p2a: Charizard
|upkeep
|turn|8
|
|t:|1658768617
|move|p2a: Charizard|Focus Blast|p1a: Landorus
|-resisted|p1a: Landorus
|-damage|p1a: Landorus|12/100
|move|p1a: Landorus|U-turn|p2a: Charizard
|-resisted|p2a: Charizard
|-damage|p2a: Charizard|42/100
|
|t:|1658768629
|switch|p1a: Tapu Lele|Tapu Lele|100/100|[from]move: U-turn
|-fieldstart|move: Psychic Terrain|[from] ability: Psychic Surge|[of] p1a: Tapu Lele
|
|-weather|none
|upkeep
|turn|9
|inactive|WhereIsMyMime has 120 seconds left.
|
|t:|1658768647
|switch|p2a: Torkoal|Torkoal, M|100/100
|-weather|SunnyDay|[from] ability: Drought|[of] p2a: Torkoal
|switch|p1a: Heatran|Heatran, F|100/100
|
|-weather|SunnyDay|[upkeep]
|upkeep
|turn|10
|
|t:|1658768667
|move|p1a: Heatran|Stealth Rock|p2a: Torkoal
|-sidestart|p2: Forwards|move: Stealth Rock
|move|p2a: Torkoal|Stealth Rock|p1a: Heatran
|-sidestart|p1: WhereIsMyMime|move: Stealth Rock
|
|-weather|SunnyDay|[upkeep]
|upkeep
|turn|11
|
|t:|1658768679
|switch|p1a: Slowbro|Slowbro, M|100/100
|-damage|p1a: Slowbro|88/100|[from] Stealth Rock
|move|p2a: Torkoal|Rapid Spin|p1a: Slowbro
|-damage|p1a: Slowbro|83/100
|-boost|p2a: Torkoal|spe|1
|-sideend|p2: Forwards|Stealth Rock|[from] move: Rapid Spin|[of] p2a: Torkoal
|
|-weather|SunnyDay|[upkeep]
|upkeep
|turn|12
|
|t:|1658768696
|switch|p2a: Venusaur|Venusaur, F|100/100
|move|p1a: Slowbro|Scald|p2a: Venusaur
|-resisted|p2a: Venusaur
|-damage|p2a: Venusaur|93/100
|
|-weather|SunnyDay|[upkeep]
|-fieldend|move: Psychic Terrain
|upkeep
|turn|13
|
|t:|1658768702
|move|p2a: Venusaur|Growth|p2a: Venusaur
|-boost|p2a: Venusaur|atk|2
|-boost|p2a: Venusaur|spa|2
|move|p1a: Slowbro|Future Sight|p2a: Venusaur
|-start|p1a: Slowbro|move: Future Sight
|
|-weather|SunnyDay|[upkeep]
|upkeep
|turn|14
|
|t:|1658768712
|switch|p1a: Heatran|Heatran, F|100/100
|-damage|p1a: Heatran|88/100|[from] Stealth Rock
|move|p2a: Venusaur|Giga Drain|p1a: Heatran
|-resisted|p1a: Heatran
|-damage|p1a: Heatran|74/100
|-heal|p2a: Venusaur|100/100|[from] drain|[of] p1a: Heatran
|-damage|p2a: Venusaur|91/100|[from] item: Life Orb
|
|-weather|SunnyDay|[upkeep]
|-heal|p1a: Heatran|80/100|[from] item: Leftovers
|upkeep
|turn|15
|
|t:|1658768733
|switch|p2a: Victini|Victini|100/100
|switch|p1a: Slowbro|Slowbro, M|100/100
|-damage|p1a: Slowbro|88/100|[from] Stealth Rock
|
|-weather|SunnyDay|[upkeep]
|-end|p2a: Victini|move: Future Sight
|-resisted|p2a: Victini
|-damage|p2a: Victini|81/100
|upkeep
|turn|16
|
|t:|1658768745
|move|p2a: Victini|Bolt Strike|p1a: Slowbro
|-supereffective|p1a: Slowbro
|-crit|p1a: Slowbro
|-damage|p1a: Slowbro|0 fnt
|faint|p1a: Slowbro
|
|-weather|none
|upkeep
|
|t:|1658768752
|switch|p1a: Landorus|Landorus-Therian, M|12/100
|-damage|p1a: Landorus|0 fnt|[from] Stealth Rock
|faint|p1a: Landorus
|
|t:|1658768758
|switch|p1a: Dragapult|Dragapult, M|100/100
|-damage|p1a: Dragapult|88/100|[from] Stealth Rock
|turn|17
|
|t:|1658768771
|switch|p2a: Torkoal|Torkoal, M|100/100
|-weather|SunnyDay|[from] ability: Drought|[of] p2a: Torkoal
|move|p1a: Dragapult|Substitute|p1a: Dragapult
|-start|p1a: Dragapult|Substitute
|-damage|p1a: Dragapult|63/100
|
|-weather|SunnyDay|[upkeep]
|-heal|p1a: Dragapult|69/100|[from] item: Leftovers
|upkeep
|turn|18
|
|t:|1658768781
|move|p1a: Dragapult|Dragon Dance|p1a: Dragapult
|-boost|p1a: Dragapult|atk|1
|-boost|p1a: Dragapult|spe|1
|move|p2a: Torkoal|Lava Plume|p1a: Dragapult
|-resisted|p1a: Dragapult
|-end|p1a: Dragapult|Substitute
|
|-weather|SunnyDay|[upkeep]
|-heal|p1a: Dragapult|75/100|[from] item: Leftovers
|upkeep
|turn|19
|
|t:|1658768790
|move|p1a: Dragapult|Disable|p2a: Torkoal
|-start|p2a: Torkoal|Disable|Lava Plume
|cant|p2a: Torkoal|Disable|Lava Plume
|
|-weather|SunnyDay|[upkeep]
|-heal|p1a: Dragapult|81/100|[from] item: Leftovers
|upkeep
|turn|20
|
|t:|1658768796
|move|p1a: Dragapult|Substitute|p1a: Dragapult
|-start|p1a: Dragapult|Substitute
|-damage|p1a: Dragapult|56/100
|move|p2a: Torkoal|Yawn||[still]
|-fail|p2a: Torkoal
|
|-weather|SunnyDay|[upkeep]
|-heal|p1a: Dragapult|62/100|[from] item: Leftovers
|upkeep
|turn|21
|
|t:|1658768803
|switch|p2a: Venusaur|Venusaur, F|91/100
|move|p1a: Dragapult|Dragon Dance|p1a: Dragapult
|-boost|p1a: Dragapult|atk|1
|-boost|p1a: Dragapult|spe|1
|
|-weather|SunnyDay|[upkeep]
|-heal|p1a: Dragapult|68/100|[from] item: Leftovers
|upkeep
|turn|22
|
|t:|1658768812
|move|p1a: Dragapult|Dragon Dance|p1a: Dragapult
|-boost|p1a: Dragapult|atk|1
|-boost|p1a: Dragapult|spe|1
|move|p2a: Venusaur|Earth Power|p1a: Dragapult
|-end|p1a: Dragapult|Substitute
|-damage|p2a: Venusaur|81/100|[from] item: Life Orb
|
|-weather|SunnyDay|[upkeep]
|-heal|p1a: Dragapult|74/100|[from] item: Leftovers
|upkeep
|turn|23
|
|t:|1658768825
|move|p1a: Dragapult|Last Resort|p2a: Venusaur
|-damage|p2a: Venusaur|0 fnt
|faint|p2a: Venusaur
|
|-weather|SunnyDay|[upkeep]
|-heal|p1a: Dragapult|80/100|[from] item: Leftovers
|upkeep
|
|t:|1658768833
|switch|p2a: Heatran|Heatran, M|100/100
|turn|24
|
|t:|1658768838
|move|p1a: Dragapult|Substitute|p1a: Dragapult
|-start|p1a: Dragapult|Substitute
|-damage|p1a: Dragapult|55/100
|move|p2a: Heatran|Flash Cannon|p1a: Dragapult
|-end|p1a: Dragapult|Substitute
|
|-weather|none
|-heal|p1a: Dragapult|61/100|[from] item: Leftovers
|upkeep
|turn|25
|
|t:|1658768849
|switch|p2a: Charizard|Charizard, M|42/100
|move|p1a: Dragapult|Substitute|p1a: Dragapult
|-start|p1a: Dragapult|Substitute
|-damage|p1a: Dragapult|36/100
|
|-heal|p1a: Dragapult|42/100|[from] item: Leftovers
|upkeep
|turn|26
|
|t:|1658768868
|move|p1a: Dragapult|Dragon Dance|p1a: Dragapult
|-boost|p1a: Dragapult|atk|1
|-boost|p1a: Dragapult|spe|1
|move|p2a: Charizard|Flamethrower|p1a: Dragapult
|-resisted|p1a: Dragapult
|-end|p1a: Dragapult|Substitute
|
|-heal|p1a: Dragapult|48/100|[from] item: Leftovers
|upkeep
|turn|27
|
|t:|1658768878
|move|p1a: Dragapult|Disable|p2a: Charizard
|-start|p2a: Charizard|Disable|Flamethrower
|cant|p2a: Charizard|Disable|Flamethrower
|
|-heal|p1a: Dragapult|54/100|[from] item: Leftovers
|upkeep
|turn|28
|-message|Forwards forfeited.
|
|win|WhereIsMyMime
|raw|WhereIsMyMime's rating: 1411 &rarr; <strong>1432</strong><br />(+21 for winning)
|raw|Forwards's rating: 1431 &rarr; <strong>1410</strong><br />(-21 for losing)
|l|☆Forwards
||Ladder isn't responding, score probably updated but might not have (Request timeout).
