|raw|<div class="broadcast-blue"><strong>This battle is required to be public due to a player having a name starting with 'lt92pf'.</div>
|j|☆LT92PF Fc
|j|☆Hostile Takeovers
|t:|1660284500
|gametype|singles
|player|p1|LT92PF Fc|#wcop2022canada|1947
|player|p2|Hostile Takeovers|giovanni-gen3|1866
|teamsize|p1|6
|teamsize|p2|6
|gen|8
|tier|[Gen 8] OU
|rated|
|rule|Sleep Clause Mod: Limit one foe put to sleep
|rule|Species Clause: Limit one of each Pokémon
|rule|OHKO Clause: OHKO moves are banned
|rule|Evasion Items Clause: Evasion items are banned
|rule|Evasion Moves Clause: Evasion moves are banned
|rule|Endless Battle Clause: Forcing endless battles is banned
|rule|HP Percentage Mod: HP is shown in percentages
|rule|Dynamax Clause: You cannot dynamax
|clearpoke
|poke|p1|Tyranitar, F|
|poke|p1|Excadrill, M|
|poke|p1|Tornadus-Therian, M|
|poke|p1|Toxapex, F|
|poke|p1|Heatran, M|
|poke|p1|Tangrowth, F|
|poke|p2|Dragonite, F|
|poke|p2|Ferrothorn, M|
|poke|p2|Clefable, M|
|poke|p2|Heatran, M|
|poke|p2|Rillaboom, M|
|poke|p2|Zapdos|
|teampreview
|inactive|Battle timer is ON: inactive players will automatically lose when time's up. (requested by Hostile Takeovers)
|j| lt92pf star
|
|t:|1660284524
|start
|switch|p1a: Toxapex|Toxapex, F|100/100
|switch|p2a: Heatran|Heatran, M|100/100
|turn|1
|j| Rubiaa
|j| Lunarr
|
|t:|1660284534
|switch|p2a: Ferrothorn|Ferrothorn, M|100/100
|move|p1a: Toxapex|Knock Off|p2a: Ferrothorn
|-damage|p2a: Ferrothorn|92/100
|-damage|p1a: Toxapex|88/100|[from] ability: Iron Barbs|[of] p2a: Ferrothorn
|-damage|p1a: Toxapex|72/100|[from] item: Rocky Helmet|[of] p2a: Ferrothorn
|-enditem|p2a: Ferrothorn|Rocky Helmet|[from] move: Knock Off|[of] p1a: Toxapex
|
|upkeep
|turn|2
|
|t:|1660284543
|move|p1a: Toxapex|Toxic Spikes|p2a: Ferrothorn
|-sidestart|p2: Hostile Takeovers|move: Toxic Spikes
|move|p2a: Ferrothorn|Knock Off|p1a: Toxapex
|-damage|p1a: Toxapex|59/100
|-damage|p2a: Ferrothorn|75/100|[from] item: Rocky Helmet|[of] p1a: Toxapex
|-enditem|p1a: Toxapex|Rocky Helmet|[from] move: Knock Off|[of] p2a: Ferrothorn
|
|upkeep
|turn|3
|
|t:|1660284560
|switch|p1a: Heatran|Heatran, M|100/100
|move|p2a: Ferrothorn|Knock Off|p1a: Heatran
|-crit|p1a: Heatran
|-damage|p1a: Heatran|69/100
|-enditem|p1a: Heatran|Choice Specs|[from] move: Knock Off|[of] p2a: Ferrothorn
|
|upkeep
|turn|4
|
|t:|1660284587
|switch|p2a: Heatran|Heatran, M|100/100
|move|p1a: Heatran|Flamethrower|p2a: Heatran
|-start|p2a: Heatran|ability: Flash Fire
|
|upkeep
|turn|5
|j| Tace
|inactive|LT92PF Fc has 120 seconds left.
|
|t:|1660284624
|move|p1a: Heatran|Earth Power|p2a: Heatran
|-supereffective|p2a: Heatran
|-damage|p2a: Heatran|27/100
|-unboost|p2a: Heatran|spd|1
|move|p2a: Heatran|Earth Power|p1a: Heatran
|-supereffective|p1a: Heatran
|-damage|p1a: Heatran|0 fnt
|faint|p1a: Heatran
|
|-heal|p2a: Heatran|33/100|[from] item: Leftovers
|upkeep
|
|t:|1660284627
|switch|p1a: Excadrill|Excadrill, M|100/100
|turn|6
|inactive|Hostile Takeovers has 120 seconds left.
|j| Kate
|
|t:|1660284663
|-end|p2a: Heatran|ability: Flash Fire|[silent]
|switch|p2a: Rillaboom|Rillaboom, M|100/100
|-status|p2a: Rillaboom|psn
|-fieldstart|move: Grassy Terrain|[from] ability: Grassy Surge|[of] p2a: Rillaboom
|move|p1a: Excadrill|Earthquake|p2a: Rillaboom
|-resisted|p2a: Rillaboom
|-damage|p2a: Rillaboom|85/100 psn
|
|-heal|p2a: Rillaboom|91/100 psn|[from] Grassy Terrain
|-damage|p2a: Rillaboom|79/100 psn|[from] psn
|upkeep
|turn|7
|inactive|LT92PF Fc has 120 seconds left.
|
|t:|1660284690
|switch|p1a: Tornadus|Tornadus-Therian, M|100/100
|move|p2a: Rillaboom|Knock Off|p1a: Tornadus
|-damage|p1a: Tornadus|20/100
|-enditem|p1a: Tornadus|Choice Specs|[from] move: Knock Off|[of] p2a: Rillaboom
|
|-heal|p2a: Rillaboom|85/100 psn|[from] Grassy Terrain
|-damage|p2a: Rillaboom|72/100 psn|[from] psn
|upkeep
|turn|8
|
|t:|1660284703
|switch|p2a: Zapdos|Zapdos|100/100
|-ability|p2a: Zapdos|Pressure
|move|p1a: Tornadus|Hurricane|p2a: Zapdos|[miss]
|-miss|p1a: Tornadus|p2a: Zapdos
|
|upkeep
|turn|9
|
|t:|1660284715
|switch|p1a: Tyranitar|Tyranitar, F|100/100
|-weather|Sandstorm|[from] ability: Sand Stream|[of] p1a: Tyranitar
|switch|p2a: Ferrothorn|Ferrothorn, M|75/100
|
|-weather|Sandstorm|[upkeep]
|-heal|p2a: Ferrothorn|82/100|[from] Grassy Terrain
|upkeep
|turn|10
|
|t:|1660284724
|switch|p1a: Tornadus|Tornadus-Therian, M|54/100
|switch|p2a: Clefable|Clefable, M|100/100
|-status|p2a: Clefable|psn
|
|-weather|Sandstorm|[upkeep]
|-damage|p1a: Tornadus|48/100|[from] Sandstorm
|-fieldend|move: Grassy Terrain
|upkeep
|turn|11
|inactive|Hostile Takeovers has 120 seconds left.
|inactive|LT92PF Fc has 120 seconds left.
|
|t:|1660284759
|switch|p1a: Excadrill|Excadrill, M|100/100
|move|p2a: Clefable|Stealth Rock|p1a: Excadrill
|-sidestart|p1: LT92PF Fc|move: Stealth Rock
|
|-weather|Sandstorm|[upkeep]
|upkeep
|turn|12
|inactive|LT92PF Fc has 120 seconds left.
|j| averagechiefer
|
|t:|1660284774
|switch|p2a: Ferrothorn|Ferrothorn, M|82/100
|move|p1a: Excadrill|Rapid Spin|p2a: Ferrothorn
|-resisted|p2a: Ferrothorn
|-damage|p2a: Ferrothorn|76/100
|-boost|p1a: Excadrill|spe|1
|-damage|p1a: Excadrill|88/100|[from] ability: Iron Barbs|[of] p2a: Ferrothorn
|-sideend|p1: LT92PF Fc|Stealth Rock|[from] move: Rapid Spin|[of] p1a: Excadrill
|
|-weather|Sandstorm|[upkeep]
|-heal|p1a: Excadrill|94/100|[from] item: Leftovers
|upkeep
|turn|13
|l| averagechiefer
|inactive|LT92PF Fc has 120 seconds left.
|
|t:|1660284794
|move|p1a: Excadrill|Swords Dance|p1a: Excadrill
|-boost|p1a: Excadrill|atk|2
|move|p2a: Ferrothorn|Spikes|p1a: Excadrill
|-sidestart|p1: LT92PF Fc|Spikes
|
|-weather|none
|-heal|p1a: Excadrill|99/100|[from] item: Leftovers
|upkeep
|turn|14
|l| Rubiaa
|inactive|Hostile Takeovers has 90 seconds left.
|
|t:|1660284834
|move|p1a: Excadrill|Earthquake|p2a: Ferrothorn
|-damage|p2a: Ferrothorn|13/100
|move|p2a: Ferrothorn|Body Press|p1a: Excadrill
|-supereffective|p1a: Excadrill
|-damage|p1a: Excadrill|4/100
|
|-heal|p1a: Excadrill|10/100|[from] item: Leftovers
|upkeep
|turn|15
|
|t:|1660284842
|switch|p2a: Zapdos|Zapdos|100/100
|-ability|p2a: Zapdos|Pressure
|move|p1a: Excadrill|Earthquake|p2a: Zapdos
|-immune|p2a: Zapdos
|
|-heal|p1a: Excadrill|17/100|[from] item: Leftovers
|upkeep
|turn|16
|inactive|LT92PF Fc has 120 seconds left.
|
|t:|1660284887
|switch|p1a: Tyranitar|Tyranitar, F|100/100
|-damage|p1a: Tyranitar|88/100|[from] Spikes
|-weather|Sandstorm|[from] ability: Sand Stream|[of] p1a: Tyranitar
|move|p2a: Zapdos|Hurricane|p1a: Tyranitar
|-resisted|p1a: Tyranitar
|-damage|p1a: Tyranitar|77/100
|-start|p1a: Tyranitar|confusion
|
|-weather|Sandstorm|[upkeep]
|-damage|p2a: Zapdos|94/100|[from] Sandstorm
|-heal|p1a: Tyranitar|83/100|[from] item: Leftovers
|upkeep
|turn|17
|inactive|Hostile Takeovers has 90 seconds left.
|
|t:|1660284907
|switch|p2a: Clefable|Clefable, M|100/100 psn
|-activate|p1a: Tyranitar|confusion
|move|p1a: Tyranitar|Stealth Rock|p2a: Clefable
|-sidestart|p2: Hostile Takeovers|move: Stealth Rock
|
|-weather|Sandstorm|[upkeep]
|-heal|p1a: Tyranitar|90/100|[from] item: Leftovers
|upkeep
|turn|18
|inactive|LT92PF Fc has 90 seconds left.
|inactive|Hostile Takeovers has 60 seconds left.
|
|t:|1660284954
|switch|p1a: Toxapex|Toxapex, F|92/100
|-damage|p1a: Toxapex|79/100|[from] Spikes
|move|p2a: Clefable|Stealth Rock|p1a: Toxapex
|-sidestart|p1: LT92PF Fc|move: Stealth Rock
|
|-weather|Sandstorm|[upkeep]
|-damage|p1a: Toxapex|73/100|[from] Sandstorm
|upkeep
|turn|19
|inactive|Hostile Takeovers has 60 seconds left.
|
|t:|1660284971
|move|p2a: Clefable|Thunder Wave|p1a: Toxapex
|-status|p1a: Toxapex|par
|move|p1a: Toxapex|Knock Off|p2a: Clefable
|-resisted|p2a: Clefable
|-crit|p2a: Clefable
|-damage|p2a: Clefable|92/100 psn
|-enditem|p2a: Clefable|Leftovers|[from] move: Knock Off|[of] p1a: Toxapex
|
|-weather|Sandstorm|[upkeep]
|-damage|p1a: Toxapex|67/100 par|[from] Sandstorm
|upkeep
|turn|20
|
|t:|1660284984
|move|p2a: Clefable|Moonblast|p1a: Toxapex
|-resisted|p1a: Toxapex
|-damage|p1a: Toxapex|54/100 par
|-unboost|p1a: Toxapex|spa|1
|cant|p1a: Toxapex|par
|
|-weather|none
|upkeep
|turn|21
|inactive|Hostile Takeovers has 60 seconds left.
|
|t:|1660284992
|switch|p2a: Ferrothorn|Ferrothorn, M|13/100
|-damage|p2a: Ferrothorn|7/100|[from] Stealth Rock
|move|p1a: Toxapex|Recover|p1a: Toxapex
|-heal|p1a: Toxapex|100/100 par
|
|upkeep
|turn|22
|inactive|LT92PF Fc has 90 seconds left.
|
|t:|1660285010
|move|p2a: Ferrothorn|Spikes|p1a: Toxapex
|-sidestart|p1: LT92PF Fc|Spikes
|move|p1a: Toxapex|Knock Off|p2a: Ferrothorn
|-damage|p2a: Ferrothorn|2/100
|-damage|p1a: Toxapex|88/100 par|[from] ability: Iron Barbs|[of] p2a: Ferrothorn
|
|upkeep
|turn|23
|
|t:|1660285017
|move|p2a: Ferrothorn|Spikes|p1a: Toxapex
|-sidestart|p1: LT92PF Fc|Spikes
|move|p1a: Toxapex|Knock Off|p2a: Ferrothorn
|-damage|p2a: Ferrothorn|0 fnt
|-damage|p1a: Toxapex|75/100 par|[from] ability: Iron Barbs|[of] p2a: Ferrothorn
|faint|p2a: Ferrothorn
|
|upkeep
|
|t:|1660285023
|switch|p2a: Zapdos|Zapdos|94/100
|-ability|p2a: Zapdos|Pressure
|turn|24
|inactive|LT92PF Fc has 90 seconds left.
|
|t:|1660285049
|move|p2a: Zapdos|Thunderbolt|p1a: Toxapex
|-supereffective|p1a: Toxapex
|-crit|p1a: Toxapex
|-damage|p1a: Toxapex|0 fnt
|faint|p1a: Toxapex
|
|upkeep
|
|t:|1660285052
|switch|p1a: Tyranitar|Tyranitar, F|90/100
|-damage|p1a: Tyranitar|65/100|[from] Spikes
|-damage|p1a: Tyranitar|52/100|[from] Stealth Rock
|-weather|Sandstorm|[from] ability: Sand Stream|[of] p1a: Tyranitar
|turn|25
|inactive|Hostile Takeovers has 90 seconds left.
|
|t:|1660285071
|switch|p2a: Heatran|Heatran, M|33/100
|-damage|p2a: Heatran|21/100|[from] Stealth Rock
|move|p1a: Tyranitar|Rock Blast|p2a: Heatran|[miss]
|-miss|p1a: Tyranitar|p2a: Heatran
|
|-weather|Sandstorm|[upkeep]
|-heal|p2a: Heatran|27/100|[from] item: Leftovers
|-heal|p1a: Tyranitar|58/100|[from] item: Leftovers
|upkeep
|turn|26
|inactive|LT92PF Fc has 90 seconds left.
|
|t:|1660285104
|move|p2a: Heatran|Heavy Slam|p1a: Tyranitar
|-supereffective|p1a: Tyranitar
|-damage|p1a: Tyranitar|30/100
|move|p1a: Tyranitar|Rock Blast|p2a: Heatran
|-damage|p2a: Heatran|17/100
|-damage|p2a: Heatran|8/100
|-damage|p2a: Heatran|0 fnt
|faint|p2a: Heatran
|-hitcount|p2: Heatran|3
|
|-weather|Sandstorm|[upkeep]
|-heal|p1a: Tyranitar|36/100|[from] item: Leftovers
|upkeep
|
|t:|1660285115
|switch|p2a: Rillaboom|Rillaboom, M|72/100 psn
|-damage|p2a: Rillaboom|60/100 psn|[from] Stealth Rock
|-fieldstart|move: Grassy Terrain|[from] ability: Grassy Surge|[of] p2a: Rillaboom
|turn|27
|
|t:|1660285131
|switch|p1a: Excadrill|Excadrill, M|17/100
|-damage|p1a: Excadrill|0 fnt|[from] Spikes
|faint|p1a: Excadrill
|move|p2a: Rillaboom|U-turn|p1: Excadrill|[notarget]
|-fail|p2a: Rillaboom
|
|-weather|Sandstorm|[upkeep]
|-damage|p2a: Rillaboom|54/100 psn|[from] Sandstorm
|-heal|p2a: Rillaboom|60/100 psn|[from] Grassy Terrain
|-damage|p2a: Rillaboom|48/100 psn|[from] psn
|upkeep
|
|t:|1660285133
|switch|p1a: Tornadus|Tornadus-Therian, M|81/100
|-damage|p1a: Tornadus|56/100|[from] Stealth Rock
|turn|28
|inactive|Hostile Takeovers has 90 seconds left.
|
|t:|1660285150
|switch|p2a: Clefable|Clefable, M|92/100 psn
|move|p1a: Tornadus|Icy Wind|p2a: Clefable
|-damage|p2a: Clefable|77/100 psn
|-unboost|p2a: Clefable|spe|1
|
|-weather|Sandstorm|[upkeep]
|-damage|p1a: Tornadus|50/100|[from] Sandstorm
|-heal|p2a: Clefable|83/100 psn|[from] Grassy Terrain
|upkeep
|turn|29
|inactive|LT92PF Fc has 90 seconds left.
|inactive|Hostile Takeovers has 90 seconds left.
|
|t:|1660285190
|move|p1a: Tornadus|Hurricane|p2a: Clefable
|-damage|p2a: Clefable|44/100 psn
|-start|p2a: Clefable|confusion
|-activate|p2a: Clefable|confusion
|move|p2a: Clefable|Thunder Wave|p1a: Tornadus
|-status|p1a: Tornadus|par
|
|-weather|none
|-heal|p2a: Clefable|50/100 psn|[from] Grassy Terrain
|upkeep
|turn|30
|
|t:|1660285199
|switch|p2a: Zapdos|Zapdos|94/100
|-ability|p2a: Zapdos|Pressure
|move|p1a: Tornadus|Hurricane|p2a: Zapdos
|-resisted|p2a: Zapdos
|-damage|p2a: Zapdos|65/100
|
|upkeep
|turn|31
|inactive|LT92PF Fc has 60 seconds left.
|
|t:|1660285241
|move|p2a: Zapdos|Thunderbolt|p1a: Tornadus
|-supereffective|p1a: Tornadus
|-damage|p1a: Tornadus|0 fnt
|faint|p1a: Tornadus
|
|-fieldend|move: Grassy Terrain
|upkeep
|
|t:|1660285242
|switch|p1a: Tyranitar|Tyranitar, F|36/100
|-damage|p1a: Tyranitar|11/100|[from] Spikes
|-damage|p1a: Tyranitar|0 fnt|[from] Stealth Rock
|faint|p1a: Tyranitar
|
|t:|1660285243
|switch|p1a: Tangrowth|Tangrowth, F|100/100
|-damage|p1a: Tangrowth|75/100|[from] Spikes
|-damage|p1a: Tangrowth|63/100|[from] Stealth Rock
|turn|32
|-message|LT92PF Fc forfeited.
|
|win|Hostile Takeovers
|raw|LT92PF Fc's rating: 1931 &rarr; <strong>1907</strong><br />(-24 for losing)
|raw|Hostile Takeovers's rating: 1866 &rarr; <strong>1890</strong><br />(+24 for winning)
|l|☆LT92PF Fc
