|j|☆Bunch24
|j|☆shagohod crew
|t:|1659718569
|gametype|singles
|player|p1|Bunch24|265|1755
|player|p2|shagohod crew|266|1662
|teamsize|p1|6
|teamsize|p2|6
|gen|8
|tier|[Gen 8] OU
|rated|
|rule|Sleep Clause Mod: Limit one foe put to sleep
|rule|Species Clause: Limit one of each Pokémon
|rule|OHKO Clause: OHKO moves are banned
|rule|Evasion Items Clause: Evasion items are banned
|rule|Evasion Moves Clause: Evasion moves are banned
|rule|Endless Battle Clause: Forcing endless battles is banned
|rule|HP Percentage Mod: HP is shown in percentages
|rule|Dynamax Clause: You cannot dynamax
|clearpoke
|poke|p1|Blacephalon|
|poke|p1|Volcarona, F|
|poke|p1|Tyranitar, M|
|poke|p1|Excadrill, F|
|poke|p1|Seismitoad, F|
|poke|p1|Tornadus-Therian, M|
|poke|p2|Zapdos|
|poke|p2|Weavile, F|
|poke|p2|Kartana|
|poke|p2|Landorus-Therian, M|
|poke|p2|Volcanion|
|poke|p2|Melmetal|
|teampreview
|inactive|Battle timer is ON: inactive players will automatically lose when time's up. (requested by shagohod crew)
|
|t:|1659718597
|start
|switch|p1a: Tyranitar|Tyranitar, M|100/100
|switch|p2a: Weavile|Weavile, F|100/100
|-ability|p2a: Weavile|Pressure
|-weather|Sandstorm|[from] ability: Sand Stream|[of] p1a: Tyranitar
|turn|1
|
|t:|1659718604
|switch|p1a: Volcarona|Volcarona, F|100/100
|move|p2a: Weavile|Triple Axel|p1a: Volcarona
|-resisted|p1a: Volcarona
|-damage|p1a: Volcarona|90/100
|-resisted|p1a: Volcarona
|-damage|p1a: Volcarona|66/100
|-resisted|p1a: Volcarona
|-damage|p1a: Volcarona|36/100
|-hitcount|p1a: Volcarona|3
|
|-weather|Sandstorm|[upkeep]
|-damage|p2a: Weavile|94/100|[from] Sandstorm
|-damage|p1a: Volcarona|30/100|[from] Sandstorm
|upkeep
|turn|2
|
|t:|1659718615
|move|p2a: Weavile|Triple Axel|p1a: Volcarona|[miss]
|-miss|p2a: Weavile|p1a: Volcarona
|move|p1a: Volcarona|Flamethrower|p2a: Weavile
|-supereffective|p2a: Weavile
|-damage|p2a: Weavile|0 fnt
|faint|p2a: Weavile
|
|-weather|Sandstorm|[upkeep]
|-damage|p1a: Volcarona|24/100|[from] Sandstorm
|upkeep
|
|t:|1659718625
|switch|p2a: Landorus|Landorus-Therian, M|100/100
|-ability|p2a: Landorus|Intimidate|boost
|-unboost|p1a: Volcarona|atk|1
|turn|3
|
|t:|1659718646
|move|p1a: Volcarona|Flamethrower|p2a: Landorus
|-damage|p2a: Landorus|63/100
|move|p2a: Landorus|Stealth Rock|p1a: Volcarona
|-sidestart|p1: Bunch24|move: Stealth Rock
|
|-weather|Sandstorm|[upkeep]
|-damage|p1a: Volcarona|18/100|[from] Sandstorm
|-heal|p2a: Landorus|69/100|[from] item: Leftovers
|upkeep
|turn|4
|
|t:|1659718651
|switch|p1a: Tornadus|Tornadus-Therian, M|100/100
|move|p2a: Landorus|Earthquake|p1a: Tornadus
|-immune|p1a: Tornadus
|
|-weather|Sandstorm|[upkeep]
|-damage|p1a: Tornadus|94/100|[from] Sandstorm
|-heal|p2a: Landorus|75/100|[from] item: Leftovers
|upkeep
|turn|5
|
|t:|1659718657
|switch|p2a: Volcanion|Volcanion|100/100
|move|p1a: Tornadus|Knock Off|p2a: Volcanion
|-damage|p2a: Volcanion|79/100
|-enditem|p2a: Volcanion|Choice Specs|[from] move: Knock Off|[of] p1a: Tornadus
|
|-weather|Sandstorm|[upkeep]
|-damage|p1a: Tornadus|88/100|[from] Sandstorm
|-damage|p2a: Volcanion|73/100|[from] Sandstorm
|upkeep
|turn|6
|
|t:|1659718677
|switch|p2a: Melmetal|Melmetal|100/100
|move|p1a: Tornadus|Defog|p2a: Melmetal
|-unboost|p2a: Melmetal|evasion|1
|-sideend|p1: Bunch24|Stealth Rock|[from] move: Defog|[of] p1a: Tornadus
|
|-weather|Sandstorm|[upkeep]
|-damage|p1a: Tornadus|82/100|[from] Sandstorm
|upkeep
|turn|7
|
|t:|1659718683
|switch|p1a: Seismitoad|Seismitoad, F|100/100
|move|p2a: Melmetal|Double Iron Bash|p1a: Seismitoad
|-resisted|p1a: Seismitoad
|-damage|p1a: Seismitoad|76/100
|-resisted|p1a: Seismitoad
|-damage|p1a: Seismitoad|52/100
|-hitcount|p1a: Seismitoad|2
|
|-weather|Sandstorm|[upkeep]
|-heal|p1a: Seismitoad|58/100|[from] item: Leftovers
|upkeep
|turn|8
|
|t:|1659718696
|switch|p1a: Volcarona|Volcarona, F|18/100
|move|p2a: Melmetal|Double Iron Bash|p1a: Volcarona
|-resisted|p1a: Volcarona
|-damage|p1a: Volcarona|0 fnt
|faint|p1a: Volcarona
|-hitcount|p1: Volcarona|1
|
|-weather|none
|upkeep
|
|t:|1659718699
|switch|p1a: Blacephalon|Blacephalon|100/100
|turn|9
|
|t:|1659718712
|switch|p2a: Landorus|Landorus-Therian, M|75/100
|-ability|p2a: Landorus|Intimidate|boost
|-unboost|p1a: Blacephalon|atk|1
|move|p1a: Blacephalon|Overheat|p2a: Landorus|[miss]
|-miss|p1a: Blacephalon|p2a: Landorus
|
|-heal|p2a: Landorus|81/100|[from] item: Leftovers
|upkeep
|turn|10
|
|t:|1659718719
|switch|p1a: Tornadus|Tornadus-Therian, M|100/100
|move|p2a: Landorus|Earthquake|p1a: Tornadus
|-immune|p1a: Tornadus
|
|-heal|p2a: Landorus|87/100|[from] item: Leftovers
|upkeep
|turn|11
|
|t:|1659718726
|switch|p2a: Volcanion|Volcanion|73/100
|move|p1a: Tornadus|Knock Off|p2a: Volcanion
|-damage|p2a: Volcanion|57/100
|
|upkeep
|turn|12
|
|t:|1659718740
|move|p1a: Tornadus|Hurricane|p2a: Volcanion
|-damage|p2a: Volcanion|2/100
|move|p2a: Volcanion|Flamethrower|p1a: Tornadus
|-damage|p1a: Tornadus|40/100
|
|upkeep
|turn|13
|
|t:|1659718745
|move|p1a: Tornadus|Knock Off|p2a: Volcanion
|-damage|p2a: Volcanion|0 fnt
|faint|p2a: Volcanion
|
|upkeep
|
|t:|1659718771
|switch|p2a: Zapdos|Zapdos|100/100
|turn|14
|
|t:|1659718777
|switch|p1a: Tyranitar|Tyranitar, M|100/100
|-weather|Sandstorm|[from] ability: Sand Stream|[of] p1a: Tyranitar
|move|p2a: Zapdos|Volt Switch|p1a: Tyranitar
|-damage|p1a: Tyranitar|85/100
|
|t:|1659718782
|switch|p2a: Melmetal|Melmetal|100/100|[from]move: Volt Switch
|
|-weather|Sandstorm|[upkeep]
|upkeep
|turn|15
|
|t:|1659718799
|switch|p1a: Seismitoad|Seismitoad, F|58/100
|move|p2a: Melmetal|Double Iron Bash|p1a: Seismitoad
|-resisted|p1a: Seismitoad
|-damage|p1a: Seismitoad|33/100
|-resisted|p1a: Seismitoad
|-damage|p1a: Seismitoad|10/100
|-hitcount|p1a: Seismitoad|2
|
|-weather|Sandstorm|[upkeep]
|-heal|p1a: Seismitoad|16/100|[from] item: Leftovers
|upkeep
|turn|16
|
|t:|1659718808
|move|p1a: Seismitoad|Scald|p2a: Melmetal
|-damage|p2a: Melmetal|73/100
|move|p2a: Melmetal|Double Iron Bash|p1a: Seismitoad
|-resisted|p1a: Seismitoad
|-damage|p1a: Seismitoad|0 fnt
|faint|p1a: Seismitoad
|-hitcount|p1: Seismitoad|1
|
|-weather|Sandstorm|[upkeep]
|upkeep
|
|t:|1659718810
|switch|p1a: Blacephalon|Blacephalon|100/100
|turn|17
|
|t:|1659718829
|move|p1a: Blacephalon|Flamethrower|p2a: Melmetal
|-supereffective|p2a: Melmetal
|-damage|p2a: Melmetal|0 fnt
|faint|p2a: Melmetal
|-ability|p1a: Blacephalon|Beast Boost|boost
|-boost|p1a: Blacephalon|spa|1
|
|-weather|Sandstorm|[upkeep]
|-damage|p1a: Blacephalon|94/100|[from] Sandstorm
|upkeep
|
|t:|1659718834
|switch|p2a: Landorus|Landorus-Therian, M|87/100
|-ability|p2a: Landorus|Intimidate|boost
|-unboost|p1a: Blacephalon|atk|1
|turn|18
|
|t:|1659718841
|switch|p1a: Tornadus|Tornadus-Therian, M|73/100
|move|p2a: Landorus|U-turn|p1a: Tornadus
|-resisted|p1a: Tornadus
|-damage|p1a: Tornadus|62/100
|
|t:|1659718844
|switch|p2a: Zapdos|Zapdos|100/100|[from]move: U-turn
|
|-weather|Sandstorm|[upkeep]
|-damage|p1a: Tornadus|56/100|[from] Sandstorm
|-damage|p2a: Zapdos|94/100|[from] Sandstorm
|upkeep
|turn|19
|
|t:|1659718855
|switch|p1a: Tyranitar|Tyranitar, M|85/100
|switch|p2a: Landorus|Landorus-Therian, M|87/100
|-ability|p2a: Landorus|Intimidate|boost
|-unboost|p1a: Tyranitar|atk|1
|
|-weather|Sandstorm|[upkeep]
|-heal|p2a: Landorus|93/100|[from] item: Leftovers
|upkeep
|turn|20
|
|t:|1659718861
|move|p2a: Landorus|U-turn|p1a: Tyranitar
|-supereffective|p1a: Tyranitar
|-crit|p1a: Tyranitar
|-damage|p1a: Tyranitar|31/100
|
|t:|1659718868
|switch|p2a: Kartana|Kartana|100/100|[from]move: U-turn
|move|p1a: Tyranitar|Ice Beam|p2a: Kartana
|-damage|p2a: Kartana|48/100
|
|-weather|Sandstorm|[upkeep]
|upkeep
|turn|21
|
|t:|1659718889
|switch|p1a: Tornadus|Tornadus-Therian, M|89/100
|move|p2a: Kartana|Knock Off|p1a: Tornadus
|-damage|p1a: Tornadus|41/100
|-enditem|p1a: Tornadus|Heavy-Duty Boots|[from] move: Knock Off|[of] p2a: Kartana
|
|-weather|none
|upkeep
|turn|22
|
|t:|1659718901
|switch|p2a: Zapdos|Zapdos|94/100
|move|p1a: Tornadus|Heat Wave|p2a: Zapdos
|-damage|p2a: Zapdos|66/100
|
|upkeep
|turn|23
|
|t:|1659718910
|switch|p1a: Tyranitar|Tyranitar, M|31/100
|-weather|Sandstorm|[from] ability: Sand Stream|[of] p1a: Tyranitar
|switch|p2a: Landorus|Landorus-Therian, M|93/100
|-ability|p2a: Landorus|Intimidate|boost
|-unboost|p1a: Tyranitar|atk|1
|
|-weather|Sandstorm|[upkeep]
|-heal|p2a: Landorus|99/100|[from] item: Leftovers
|upkeep
|turn|24
|
|t:|1659718920
|switch|p1a: Blacephalon|Blacephalon|94/100
|move|p2a: Landorus|Stealth Rock|p1a: Blacephalon
|-sidestart|p1: Bunch24|move: Stealth Rock
|
|-weather|Sandstorm|[upkeep]
|-damage|p1a: Blacephalon|88/100|[from] Sandstorm
|-heal|p2a: Landorus|100/100|[from] item: Leftovers
|upkeep
|turn|25
|
|t:|1659718929
|switch|p1a: Tornadus|Tornadus-Therian, M|74/100
|-damage|p1a: Tornadus|49/100|[from] Stealth Rock
|move|p2a: Landorus|Earthquake|p1a: Tornadus
|-immune|p1a: Tornadus
|
|-weather|Sandstorm|[upkeep]
|-damage|p1a: Tornadus|43/100|[from] Sandstorm
|upkeep
|turn|26
|
|t:|1659718940
|move|p1a: Tornadus|Defog|p2a: Landorus
|-unboost|p2a: Landorus|evasion|1
|-sideend|p1: Bunch24|Stealth Rock|[from] move: Defog|[of] p1a: Tornadus
|move|p2a: Landorus|Earthquake|p1a: Tornadus
|-immune|p1a: Tornadus
|
|-weather|Sandstorm|[upkeep]
|-damage|p1a: Tornadus|37/100|[from] Sandstorm
|upkeep
|turn|27
|
|t:|1659718945
|move|p1a: Tornadus|Knock Off|p2a: Landorus
|-damage|p2a: Landorus|80/100
|-enditem|p2a: Landorus|Leftovers|[from] move: Knock Off|[of] p1a: Tornadus
|move|p2a: Landorus|Stealth Rock|p1a: Tornadus
|-sidestart|p1: Bunch24|move: Stealth Rock
|
|-weather|Sandstorm|[upkeep]
|-damage|p1a: Tornadus|31/100|[from] Sandstorm
|upkeep
|turn|28
|
|t:|1659718950
|move|p1a: Tornadus|Hurricane|p2a: Landorus
|-damage|p2a: Landorus|47/100
|move|p2a: Landorus|U-turn|p1a: Tornadus
|-resisted|p1a: Tornadus
|-damage|p1a: Tornadus|19/100
|
|t:|1659718960
|switch|p2a: Kartana|Kartana|48/100|[from]move: U-turn
|
|-weather|Sandstorm|[upkeep]
|-damage|p1a: Tornadus|13/100|[from] Sandstorm
|upkeep
|turn|29
|
|t:|1659718974
|switch|p1a: Excadrill|Excadrill, F|100/100
|-damage|p1a: Excadrill|97/100|[from] Stealth Rock
|move|p2a: Kartana|Knock Off|p1a: Excadrill
|-damage|p1a: Excadrill|36/100
|-enditem|p1a: Excadrill|Leftovers|[from] move: Knock Off|[of] p2a: Kartana
|
|-weather|Sandstorm|[upkeep]
|upkeep
|turn|30
|
|t:|1659718987
|switch|p2a: Landorus|Landorus-Therian, M|47/100
|-ability|p2a: Landorus|Intimidate|boost
|-unboost|p1a: Excadrill|atk|1
|move|p1a: Excadrill|Rapid Spin|p2a: Landorus
|-damage|p2a: Landorus|34/100
|-boost|p1a: Excadrill|spe|1
|-sideend|p1: Bunch24|Stealth Rock|[from] move: Rapid Spin|[of] p1a: Excadrill
|
|-weather|none
|upkeep
|turn|31
|
|t:|1659718999
|switch|p1a: Tornadus|Tornadus-Therian, M|47/100
|move|p2a: Landorus|U-turn|p1a: Tornadus
|-resisted|p1a: Tornadus
|-crit|p1a: Tornadus
|-damage|p1a: Tornadus|30/100
|
|t:|1659719003
|switch|p2a: Kartana|Kartana|48/100|[from]move: U-turn
|
|upkeep
|turn|32
|
|t:|1659719025
|switch|p1a: Tyranitar|Tyranitar, M|31/100
|-weather|Sandstorm|[from] ability: Sand Stream|[of] p1a: Tyranitar
|move|p2a: Kartana|Smart Strike|p1a: Tyranitar
|-supereffective|p1a: Tyranitar
|-damage|p1a: Tyranitar|0 fnt
|faint|p1a: Tyranitar
|-ability|p2a: Kartana|Beast Boost|boost
|-boost|p2a: Kartana|atk|1
|
|-weather|Sandstorm|[upkeep]
|upkeep
|
|t:|1659719031
|switch|p1a: Excadrill|Excadrill, F|36/100
|turn|33
|
|t:|1659719049
|switch|p2a: Landorus|Landorus-Therian, M|34/100
|-ability|p2a: Landorus|Intimidate|boost
|-unboost|p1a: Excadrill|atk|1
|move|p1a: Excadrill|Earthquake|p2a: Landorus
|-immune|p2a: Landorus
|
|-weather|Sandstorm|[upkeep]
|upkeep
|turn|34
|
|t:|1659719059
|switch|p2a: Zapdos|Zapdos|66/100
|move|p1a: Excadrill|Iron Head|p2a: Zapdos
|-resisted|p2a: Zapdos
|-damage|p2a: Zapdos|46/100
|
|-weather|Sandstorm|[upkeep]
|-damage|p2a: Zapdos|40/100|[from] Sandstorm
|upkeep
|turn|35
|
|t:|1659719065
|switch|p1a: Blacephalon|Blacephalon|88/100
|switch|p2a: Landorus|Landorus-Therian, M|34/100
|-ability|p2a: Landorus|Intimidate|boost
|-unboost|p1a: Blacephalon|atk|1
|
|-weather|Sandstorm|[upkeep]
|-damage|p1a: Blacephalon|82/100|[from] Sandstorm
|upkeep
|turn|36
|
|t:|1659719071
|move|p1a: Blacephalon|Flamethrower|p2a: Landorus
|-damage|p2a: Landorus|0 fnt
|faint|p2a: Landorus
|-ability|p1a: Blacephalon|Beast Boost|boost
|-boost|p1a: Blacephalon|spa|1
|
|-weather|Sandstorm|[upkeep]
|-damage|p1a: Blacephalon|76/100|[from] Sandstorm
|upkeep
|
|t:|1659719074
|switch|p2a: Kartana|Kartana|48/100
|turn|37
|
|t:|1659719083
|switch|p1a: Excadrill|Excadrill, F|36/100
|move|p2a: Kartana|Knock Off|p1a: Excadrill
|-damage|p1a: Excadrill|0 fnt
|faint|p1a: Excadrill
|-ability|p2a: Kartana|Beast Boost|boost
|-boost|p2a: Kartana|atk|1
|
|-weather|Sandstorm|[upkeep]
|upkeep
|
|t:|1659719085
|switch|p1a: Tornadus|Tornadus-Therian, M|63/100
|turn|38
|inactive|shagohod crew has 120 seconds left.
|
|t:|1659719116
|switch|p2a: Zapdos|Zapdos|40/100
|move|p1a: Tornadus|Heat Wave|p2a: Zapdos|[miss]
|-miss|p1a: Tornadus|p2a: Zapdos
|
|-weather|Sandstorm|[upkeep]
|-damage|p1a: Tornadus|57/100|[from] Sandstorm
|-damage|p2a: Zapdos|34/100|[from] Sandstorm
|upkeep
|turn|39
|
|t:|1659719137
|move|p1a: Tornadus|Heat Wave|p2a: Zapdos
|-damage|p2a: Zapdos|4/100
|move|p2a: Zapdos|Volt Switch|p1a: Tornadus
|-supereffective|p1a: Tornadus
|-damage|p1a: Tornadus|0 fnt
|faint|p1a: Tornadus
|
|t:|1659719143
|switch|p2a: Kartana|Kartana|48/100|[from]move: Volt Switch
|
|-weather|none
|upkeep
|c|☆Bunch24|Only win cuz of misses
|c|☆Bunch24|crazy world
|inactive|Bunch24 has 120 seconds left.
|
|t:|1659719164
|switch|p1a: Blacephalon|Blacephalon|76/100
|turn|40
|c|☆shagohod crew|shut up
|c|☆shagohod crew|you ruined everything
|
|t:|1659719173
|move|p2a: Kartana|Knock Off|p1a: Blacephalon
|-supereffective|p1a: Blacephalon
|-damage|p1a: Blacephalon|0 fnt
|-enditem|p1a: Blacephalon|Choice Specs|[from] move: Knock Off|[of] p2a: Kartana
|faint|p1a: Blacephalon
|
|win|shagohod crew
|raw|Bunch24's rating: 1755 &rarr; <strong>1730</strong><br />(-25 for losing)
|raw|shagohod crew's rating: 1662 &rarr; <strong>1687</strong><br />(+25 for winning)
