|raw|<div class="broadcast-red"><strong>This battle is invite-only!</strong><br />Users must be invited with <code>/invite</code> (or be staff) to join</div>
|j|☆CharkyPeps
|j|☆ArianaBlonde
|player|p1|CharkyPeps|ingo|1434
|player|p2|ArianaBlonde|dawn-gen4pt|1465
|teamsize|p1|6
|teamsize|p2|6
|gametype|singles
|gen|8
|tier|[Gen 8] OU
|rated|
|clearpoke
|poke|p1|Dracozolt|
|poke|p1|Ninetales, F|
|poke|p1|Toxapex, M|
|poke|p1|Charizard, F|
|poke|p1|Claydol|
|poke|p1|Whimsicott, M|
|poke|p2|Excadrill, F|
|poke|p2|Tyranitar, F|
|poke|p2|Aegislash, M|
|poke|p2|Rotom-Mow|
|poke|p2|Conkeldurr, F|
|poke|p2|Crawdaunt, F|
|rule|Sleep Clause Mod: Limit one foe put to sleep
|rule|Species Clause: Limit one of each Pokémon
|rule|OHKO Clause: OHKO moves are banned
|rule|Evasion Moves Clause: Evasion moves are banned
|rule|Endless Battle Clause: Forcing endless battles is banned
|rule|HP Percentage Mod: HP is shown in percentages
|rule|Dynamax Clause: You cannot dynamax
|teampreview
|
|start
|switch|p1a: Dracozolt|Dracozolt|100/100
|switch|p2a: Tyranitar|Tyranitar, F|100/100
|-weather|Sandstorm|[from] ability: Sand Stream|[of] p2a: Tyranitar
|turn|1
|
|switch|p2a: Rotom|Rotom-Mow|100/100
|move|p1a: Dracozolt|Earthquake|p2a: Rotom
|-immune|p2a: Rotom|[from] ability: Levitate
|
|-weather|Sandstorm|[upkeep]
|-damage|p1a: Dracozolt|94/100|[from] Sandstorm
|-damage|p2a: Rotom|94/100|[from] Sandstorm
|-heal|p2a: Rotom|100/100|[from] item: Leftovers
|upkeep
|turn|2
|
|switch|p1a: Ninetales|Ninetales, F|100/100
|-weather|SunnyDay|[from] ability: Drought|[of] p1a: Ninetales
|move|p2a: Rotom|Volt Switch|p1a: Ninetales
|-damage|p1a: Ninetales|73/100
|
|switch|p2a: Tyranitar|Tyranitar, F|100/100|[from]move: Volt Switch
|-weather|Sandstorm|[from] ability: Sand Stream|[of] p2a: Tyranitar
|
|-weather|Sandstorm|[upkeep]
|-damage|p1a: Ninetales|67/100|[from] Sandstorm
|upkeep
|turn|3
|
|switch|p1a: Toxapex|Toxapex, M|100/100
|switch|p2a: Rotom|Rotom-Mow|100/100
|
|-weather|Sandstorm|[upkeep]
|-damage|p2a: Rotom|94/100|[from] Sandstorm
|-damage|p1a: Toxapex|94/100|[from] Sandstorm
|-heal|p2a: Rotom|100/100|[from] item: Leftovers
|-heal|p1a: Toxapex|100/100|[from] item: Black Sludge
|upkeep
|turn|4
|
|move|p2a: Rotom|Thunderbolt|p1a: Toxapex
|-supereffective|p1a: Toxapex
|-damage|p1a: Toxapex|62/100
|move|p1a: Toxapex|Toxic Spikes|p2a: Rotom
|-sidestart|p2: ArianaBlonde|move: Toxic Spikes
|
|-weather|Sandstorm|[upkeep]
|-damage|p2a: Rotom|94/100|[from] Sandstorm
|-damage|p1a: Toxapex|56/100|[from] Sandstorm
|-heal|p2a: Rotom|100/100|[from] item: Leftovers
|-heal|p1a: Toxapex|62/100|[from] item: Black Sludge
|upkeep
|turn|5
|
|move|p2a: Rotom|Thunderbolt|p1a: Toxapex
|-supereffective|p1a: Toxapex
|-damage|p1a: Toxapex|18/100
|move|p1a: Toxapex|Toxic Spikes|p2a: Rotom
|-sidestart|p2: ArianaBlonde|move: Toxic Spikes
|
|-weather|Sandstorm|[upkeep]
|-damage|p2a: Rotom|94/100|[from] Sandstorm
|-damage|p1a: Toxapex|12/100|[from] Sandstorm
|-heal|p2a: Rotom|100/100|[from] item: Leftovers
|-heal|p1a: Toxapex|18/100|[from] item: Black Sludge
|upkeep
|turn|6
|
|switch|p1a: Ninetales|Ninetales, F|67/100
|-weather|SunnyDay|[from] ability: Drought|[of] p1a: Ninetales
|move|p2a: Rotom|Leaf Storm|p1a: Ninetales
|-resisted|p1a: Ninetales
|-damage|p1a: Ninetales|38/100
|-unboost|p2a: Rotom|spa|2
|
|-weather|SunnyDay|[upkeep]
|upkeep
|turn|7
|
|switch|p1a: Dracozolt|Dracozolt|94/100
|switch|p2a: Tyranitar|Tyranitar, F|100/100
|-status|p2a: Tyranitar|tox
|-weather|Sandstorm|[from] ability: Sand Stream|[of] p2a: Tyranitar
|
|-weather|Sandstorm|[upkeep]
|-damage|p1a: Dracozolt|88/100|[from] Sandstorm
|-damage|p2a: Tyranitar|94/100 tox|[from] psn
|upkeep
|turn|8
|
|switch|p2a: Excadrill|Excadrill, F|100/100
|move|p1a: Dracozolt|Bolt Beak|p2a: Excadrill
|-immune|p2a: Excadrill
|
|-weather|Sandstorm|[upkeep]
|-damage|p1a: Dracozolt|82/100|[from] Sandstorm
|upkeep
|turn|9
|
|switch|p1a: Claydol|Claydol|100/100
|move|p2a: Excadrill|Iron Head|p1a: Claydol
|-damage|p1a: Claydol|42/100
|-damage|p2a: Excadrill|91/100|[from] item: Life Orb
|
|-weather|Sandstorm|[upkeep]
|upkeep
|turn|10
|
|move|p2a: Excadrill|Earthquake|p1a: Claydol
|-immune|p1a: Claydol|[from] ability: Levitate
|move|p1a: Claydol|Sunny Day|p1a: Claydol
|-weather|SunnyDay
|
|-weather|SunnyDay|[upkeep]
|upkeep
|turn|11
|
|switch|p1a: Whimsicott|Whimsicott, M|100/100
|move|p2a: Excadrill|Iron Head|p1a: Whimsicott
|-supereffective|p1a: Whimsicott
|-damage|p1a: Whimsicott|0 fnt
|-damage|p2a: Excadrill|81/100|[from] item: Life Orb
|faint|p1a: Whimsicott
|
|-weather|SunnyDay|[upkeep]
|upkeep
|
|switch|p1a: Charizard|Charizard, F|100/100
|turn|12
|inactive|Battle timer is ON: inactive players will automatically lose when time's up. (requested by CharkyPeps)
|
|switch|p2a: Aegislash|Aegislash, M|100/100
|move|p1a: Charizard|Focus Blast|p2a: Aegislash
|-immune|p2a: Aegislash
|
|-weather|SunnyDay|[upkeep]
|-damage|p1a: Charizard|88/100|[from] ability: Solar Power|[of] p1a: Charizard
|upkeep
|turn|13
|
|move|p1a: Charizard|Focus Blast|p2a: Aegislash
|-immune|p2a: Aegislash
|-formechange|p2a: Aegislash|Aegislash-Blade||[from] ability: Stance Change
|move|p2a: Aegislash|Shadow Ball|p1a: Charizard
|-damage|p1a: Charizard|9/100
|-unboost|p1a: Charizard|spd|1
|-damage|p2a: Aegislash|91/100|[from] item: Life Orb
|
|-weather|SunnyDay|[upkeep]
|-damage|p1a: Charizard|0 fnt|[from] ability: Solar Power|[of] p1a: Charizard
|faint|p1a: Charizard
|upkeep
|-message|CharkyPeps forfeited.
|
|win|ArianaBlonde
|l|☆CharkyPeps
|c|☆ArianaBlonde|/log ArianaBlonde made this room public.
|raw|CharkyPeps's rating: 1434 &rarr; <strong>1415</strong><br />(-19 for losing)
|raw|ArianaBlonde's rating: 1465 &rarr; <strong>1483</strong><br />(+18 for winning)
