|j|☆Homiedino
|j|☆BillionthLadderAlt
|t:|1667767933
|gametype|singles
|player|p1|Homiedino|benga|1649
|player|p2|BillionthLadderAlt|guitarist-gen4|1756
|teamsize|p1|6
|teamsize|p2|6
|gen|8
|tier|[Gen 8] OU
|rated|
|rule|Sleep Clause Mod: Limit one foe put to sleep
|rule|Species Clause: Limit one of each Pokémon
|rule|OHKO Clause: OHKO moves are banned
|rule|Evasion Items Clause: Evasion items are banned
|rule|Evasion Moves Clause: Evasion moves are banned
|rule|Endless Battle Clause: Forcing endless battles is banned
|rule|HP Percentage Mod: HP is shown in percentages
|rule|Dynamax Clause: You cannot dynamax
|clearpoke
|poke|p1|Araquanid, F|
|poke|p1|Zapdos|
|poke|p1|Umbreon, M|
|poke|p1|Tangrowth, M|
|poke|p1|Steelix, F|
|poke|p1|Keldeo-Resolute|
|poke|p2|Ninetales-Alola, F|
|poke|p2|Arctozolt|
|poke|p2|Blissey, F|
|poke|p2|Zapdos|
|poke|p2|Garchomp, F|
|poke|p2|Ferrothorn, M|
|teampreview
|inactive|Battle timer is ON: inactive players will automatically lose when time's up. (requested by BillionthLadderAlt)
|
|t:|1667767942
|start
|switch|p1a: Keldeo|Keldeo-Resolute|100/100
|switch|p2a: Ninetales|Ninetales-Alola, F|100/100
|-weather|Hail|[from] ability: Snow Warning|[of] p2a: Ninetales
|turn|1
|
|t:|1667767948
|move|p2a: Ninetales|Moonblast|p1a: Keldeo
|-supereffective|p1a: Keldeo
|-damage|p1a: Keldeo|11/100
|move|p1a: Keldeo|Surf|p2a: Ninetales
|-damage|p2a: Ninetales|23/100
|
|-weather|Hail|[upkeep]
|-damage|p1a: Keldeo|5/100|[from] Hail
|upkeep
|turn|2
|
|t:|1667767953
|switch|p1a: Steelix|Steelix, F|100/100
|move|p2a: Ninetales|Moonblast|p1a: Steelix
|-resisted|p1a: Steelix
|-damage|p1a: Steelix|84/100
|
|-weather|Hail|[upkeep]
|-damage|p1a: Steelix|78/100|[from] Hail
|-heal|p1a: Steelix|84/100|[from] item: Leftovers
|upkeep
|turn|3
|
|t:|1667767965
|switch|p2a: Ferrothorn|Ferrothorn, M|100/100
|move|p1a: Steelix|Stealth Rock|p2a: Ferrothorn
|-sidestart|p2: BillionthLadderAlt|move: Stealth Rock
|
|-weather|Hail|[upkeep]
|-damage|p1a: Steelix|78/100|[from] Hail
|-damage|p2a: Ferrothorn|95/100|[from] Hail
|-heal|p1a: Steelix|84/100|[from] item: Leftovers
|-heal|p2a: Ferrothorn|100/100|[from] item: Leftovers
|upkeep
|turn|4
|
|t:|1667767968
|move|p1a: Steelix|Taunt|p2a: Ferrothorn
|-start|p2a: Ferrothorn|move: Taunt
|cant|p2a: Ferrothorn|move: Taunt|Spikes
|
|-weather|Hail|[upkeep]
|-damage|p1a: Steelix|78/100|[from] Hail
|-damage|p2a: Ferrothorn|95/100|[from] Hail
|-heal|p1a: Steelix|84/100|[from] item: Leftovers
|-heal|p2a: Ferrothorn|100/100|[from] item: Leftovers
|upkeep
|turn|5
|
|t:|1667767975
|switch|p1a: Tangrowth|Tangrowth, M|100/100
|move|p2a: Ferrothorn|Knock Off|p1a: Tangrowth
|-damage|p1a: Tangrowth|89/100
|-damage|p2a: Ferrothorn|84/100|[from] item: Rocky Helmet|[of] p1a: Tangrowth
|-enditem|p1a: Tangrowth|Rocky Helmet|[from] move: Knock Off|[of] p2a: Ferrothorn
|
|-weather|Hail|[upkeep]
|-damage|p1a: Tangrowth|83/100|[from] Hail
|-damage|p2a: Ferrothorn|78/100|[from] Hail
|-heal|p2a: Ferrothorn|84/100|[from] item: Leftovers
|upkeep
|turn|6
|
|t:|1667767983
|switch|p2a: Garchomp|Garchomp, F|100/100
|-damage|p2a: Garchomp|94/100|[from] Stealth Rock
|move|p1a: Tangrowth|Knock Off|p2a: Garchomp
|-damage|p2a: Garchomp|81/100
|-damage|p1a: Tangrowth|70/100|[from] ability: Rough Skin|[of] p2a: Garchomp
|-damage|p1a: Tangrowth|54/100|[from] item: Rocky Helmet|[of] p2a: Garchomp
|-enditem|p2a: Garchomp|Rocky Helmet|[from] move: Knock Off|[of] p1a: Tangrowth
|
|-weather|Hail|[upkeep]
|-damage|p2a: Garchomp|75/100|[from] Hail
|-damage|p1a: Tangrowth|47/100|[from] Hail
|upkeep
|turn|7
|
|t:|1667767988
|switch|p1a: Umbreon|Umbreon, M|100/100
|move|p2a: Garchomp|Stealth Rock|p1a: Umbreon
|-sidestart|p1: Homiedino|move: Stealth Rock
|
|-weather|Hail|[upkeep]
|-damage|p2a: Garchomp|69/100|[from] Hail
|-damage|p1a: Umbreon|94/100|[from] Hail
|-heal|p1a: Umbreon|100/100|[from] item: Leftovers
|upkeep
|turn|8
|
|t:|1667767991
|move|p2a: Garchomp|Toxic|p1a: Umbreon
|-status|p1a: Umbreon|tox
|-activate|p1a: Umbreon|ability: Synchronize
|-status|p2a: Garchomp|tox
|move|p1a: Umbreon|Foul Play|p2a: Garchomp
|-damage|p2a: Garchomp|40/100 tox
|-damage|p1a: Umbreon|88/100 tox|[from] ability: Rough Skin|[of] p2a: Garchomp
|
|-weather|none
|-heal|p1a: Umbreon|94/100 tox|[from] item: Leftovers
|-damage|p2a: Garchomp|34/100 tox|[from] psn
|-damage|p1a: Umbreon|88/100 tox|[from] psn
|upkeep
|turn|9
|
|t:|1667767994
|move|p2a: Garchomp|Rest|p2a: Garchomp
|-status|p2a: Garchomp|slp|[from] move: Rest
|-heal|p2a: Garchomp|100/100 slp|[silent]
|move|p1a: Umbreon|Heal Bell|p1a: Umbreon
|-activate|p1a: Umbreon|move: Heal Bell
|-curestatus|p1a: Umbreon|tox|[msg]
|
|-heal|p1a: Umbreon|94/100|[from] item: Leftovers
|upkeep
|turn|10
|
|t:|1667767997
|cant|p2a: Garchomp|slp
|move|p1a: Umbreon|Wish|p1a: Umbreon
|
|-heal|p1a: Umbreon|100/100|[from] item: Leftovers
|upkeep
|turn|11
|
|t:|1667768002
|cant|p2a: Garchomp|slp
|move|p1a: Umbreon|Foul Play|p2a: Garchomp
|-damage|p2a: Garchomp|76/100 slp
|-damage|p1a: Umbreon|88/100|[from] ability: Rough Skin|[of] p2a: Garchomp
|
|-heal|p1a: Umbreon|100/100|[from] move: Wish|[wisher] Umbreon
|upkeep
|turn|12
|
|t:|1667768006
|-curestatus|p2a: Garchomp|slp|[msg]
|move|p2a: Garchomp|Toxic|p1a: Umbreon
|-status|p1a: Umbreon|tox
|-activate|p1a: Umbreon|ability: Synchronize
|-status|p2a: Garchomp|tox
|move|p1a: Umbreon|Foul Play|p2a: Garchomp
|-damage|p2a: Garchomp|50/100 tox
|-damage|p1a: Umbreon|88/100 tox|[from] ability: Rough Skin|[of] p2a: Garchomp
|
|-heal|p1a: Umbreon|94/100 tox|[from] item: Leftovers
|-damage|p2a: Garchomp|43/100 tox|[from] psn
|-damage|p1a: Umbreon|88/100 tox|[from] psn
|upkeep
|turn|13
|
|t:|1667768013
|move|p2a: Garchomp|Rest|p2a: Garchomp
|-status|p2a: Garchomp|slp|[from] move: Rest
|-heal|p2a: Garchomp|100/100 slp|[silent]
|move|p1a: Umbreon|Wish|p1a: Umbreon
|
|-heal|p1a: Umbreon|94/100 tox|[from] item: Leftovers
|-damage|p1a: Umbreon|82/100 tox|[from] psn
|upkeep
|turn|14
|
|t:|1667768017
|switch|p1a: Zapdos|Zapdos|100/100
|cant|p2a: Garchomp|slp
|
|upkeep
|turn|15
|
|t:|1667768020
|switch|p2a: Zapdos|Zapdos|100/100
|move|p1a: Zapdos|Defog|p2a: Zapdos
|-unboost|p2a: Zapdos|evasion|1
|-sideend|p2: BillionthLadderAlt|Stealth Rock|[from] move: Defog|[of] p1a: Zapdos
|-sideend|p1: Homiedino|Stealth Rock|[from] move: Defog|[of] p1a: Zapdos
|
|upkeep
|turn|16
|
|t:|1667768027
|switch|p1a: Steelix|Steelix, F|84/100
|switch|p2a: Garchomp|Garchomp, F|100/100 slp
|
|-heal|p1a: Steelix|90/100|[from] item: Leftovers
|upkeep
|turn|17
|
|t:|1667768036
|cant|p2a: Garchomp|slp
|move|p1a: Steelix|Stealth Rock|p2a: Garchomp
|-sidestart|p2: BillionthLadderAlt|move: Stealth Rock
|
|-heal|p1a: Steelix|97/100|[from] item: Leftovers
|upkeep
|turn|18
|
|t:|1667768044
|switch|p1a: Keldeo|Keldeo-Resolute|5/100
|-curestatus|p2a: Garchomp|slp|[msg]
|move|p2a: Garchomp|Stealth Rock|p1a: Keldeo
|-sidestart|p1: Homiedino|move: Stealth Rock
|
|upkeep
|turn|19
|
|t:|1667768054
|move|p1a: Keldeo|Icy Wind|p2a: Garchomp
|-supereffective|p2a: Garchomp
|-damage|p2a: Garchomp|0 fnt
|faint|p2a: Garchomp
|
|upkeep
|
|t:|1667768064
|switch|p2a: Zapdos|Zapdos|100/100
|turn|20
|
|t:|1667768071
|switch|p1a: Umbreon|Umbreon, M|82/100 tox
|-damage|p1a: Umbreon|70/100 tox|[from] Stealth Rock
|move|p2a: Zapdos|Heat Wave|p1a: Umbreon
|-damage|p1a: Umbreon|53/100 tox
|
|-heal|p1a: Umbreon|59/100 tox|[from] item: Leftovers
|-damage|p1a: Umbreon|53/100 tox|[from] psn
|upkeep
|turn|21
|
|t:|1667768078
|move|p2a: Zapdos|Volt Switch|p1a: Umbreon
|-damage|p1a: Umbreon|37/100 tox
|
|t:|1667768080
|switch|p2a: Ferrothorn|Ferrothorn, M|84/100|[from]move: Volt Switch
|-damage|p2a: Ferrothorn|78/100|[from] Stealth Rock
|move|p1a: Umbreon|Heal Bell|p1a: Umbreon
|-activate|p1a: Umbreon|move: Heal Bell
|-curestatus|p1a: Umbreon|tox|[msg]
|
|-heal|p1a: Umbreon|43/100|[from] item: Leftovers
|-heal|p2a: Ferrothorn|84/100|[from] item: Leftovers
|upkeep
|turn|22
|
|t:|1667768089
|move|p1a: Umbreon|Wish|p1a: Umbreon
|move|p2a: Ferrothorn|Knock Off|p1a: Umbreon
|-resisted|p1a: Umbreon
|-damage|p1a: Umbreon|35/100
|-enditem|p1a: Umbreon|Leftovers|[from] move: Knock Off|[of] p2a: Ferrothorn
|
|-heal|p2a: Ferrothorn|90/100|[from] item: Leftovers
|upkeep
|turn|23
|
|t:|1667768092
|move|p1a: Umbreon|Protect|p1a: Umbreon
|-singleturn|p1a: Umbreon|Protect
|move|p2a: Ferrothorn|Spikes|p1a: Umbreon
|-sidestart|p1: Homiedino|Spikes
|
|-heal|p1a: Umbreon|85/100|[from] move: Wish|[wisher] Umbreon
|-heal|p2a: Ferrothorn|96/100|[from] item: Leftovers
|upkeep
|turn|24
|
|t:|1667768099
|switch|p1a: Zapdos|Zapdos|100/100
|move|p2a: Ferrothorn|Knock Off|p1a: Zapdos
|-damage|p1a: Zapdos|85/100
|-status|p2a: Ferrothorn|par|[from] ability: Static|[of] p1a: Zapdos
|-enditem|p1a: Zapdos|Heavy-Duty Boots|[from] move: Knock Off|[of] p2a: Ferrothorn
|
|-heal|p2a: Ferrothorn|100/100 par|[from] item: Leftovers
|upkeep
|turn|25
|
|t:|1667768111
|move|p1a: Zapdos|Defog|p2a: Ferrothorn
|-unboost|p2a: Ferrothorn|evasion|1
|-sideend|p2: BillionthLadderAlt|Stealth Rock|[from] move: Defog|[of] p1a: Zapdos
|-sideend|p1: Homiedino|Spikes|[from] move: Defog|[of] p1a: Zapdos
|-sideend|p1: Homiedino|Stealth Rock|[from] move: Defog|[of] p1a: Zapdos
|move|p2a: Ferrothorn|Leech Seed|p1a: Zapdos
|-start|p1a: Zapdos|move: Leech Seed
|
|-damage|p1a: Zapdos|72/100|[from] Leech Seed|[of] p2a: Ferrothorn
|upkeep
|turn|26
|
|t:|1667768118
|move|p1a: Zapdos|Heat Wave|p2a: Ferrothorn
|-supereffective|p2a: Ferrothorn
|-damage|p2a: Ferrothorn|6/100 par
|move|p2a: Ferrothorn|Spikes|p1a: Zapdos
|-sidestart|p1: Homiedino|Spikes
|
|-heal|p2a: Ferrothorn|12/100 par|[from] item: Leftovers
|-damage|p1a: Zapdos|60/100|[from] Leech Seed|[of] p2a: Ferrothorn
|-heal|p2a: Ferrothorn|25/100 par|[silent]
|upkeep
|turn|27
|
|t:|1667768122
|move|p1a: Zapdos|Defog|p2a: Ferrothorn
|-unboost|p2a: Ferrothorn|evasion|1
|-sideend|p1: Homiedino|Spikes|[from] move: Defog|[of] p1a: Zapdos
|move|p2a: Ferrothorn|Spikes|p1a: Zapdos
|-sidestart|p1: Homiedino|Spikes
|
|-heal|p2a: Ferrothorn|31/100 par|[from] item: Leftovers
|-damage|p1a: Zapdos|48/100|[from] Leech Seed|[of] p2a: Ferrothorn
|-heal|p2a: Ferrothorn|45/100 par|[silent]
|upkeep
|turn|28
|j| Le Herbo
|
|t:|1667768131
|move|p1a: Zapdos|Roost|p1a: Zapdos
|-heal|p1a: Zapdos|98/100
|-singleturn|p1a: Zapdos|move: Roost
|cant|p2a: Ferrothorn|par
|
|-heal|p2a: Ferrothorn|51/100 par|[from] item: Leftovers
|-damage|p1a: Zapdos|86/100|[from] Leech Seed|[of] p2a: Ferrothorn
|-heal|p2a: Ferrothorn|64/100 par|[silent]
|upkeep
|turn|29
|l| Le Herbo
|
|t:|1667768142
|switch|p2a: Blissey|Blissey, F|100/100
|move|p1a: Zapdos|Heat Wave|p2a: Blissey
|-damage|p2a: Blissey|91/100
|
|-damage|p1a: Zapdos|73/100|[from] Leech Seed|[of] p2a: Blissey
|-heal|p2a: Blissey|98/100|[silent]
|upkeep
|turn|30
|
|t:|1667768147
|move|p1a: Zapdos|Defog|p2a: Blissey
|-unboost|p2a: Blissey|evasion|1
|-sideend|p1: Homiedino|Spikes|[from] move: Defog|[of] p1a: Zapdos
|move|p2a: Blissey|Toxic|p1a: Zapdos|[miss]
|-miss|p2a: Blissey|p1a: Zapdos
|
|-damage|p1a: Zapdos|61/100|[from] Leech Seed|[of] p2a: Blissey
|-heal|p2a: Blissey|100/100|[silent]
|upkeep
|turn|31
|j| Kursula
|
|t:|1667768152
|switch|p1a: Steelix|Steelix, F|97/100
|move|p2a: Blissey|Teleport|p2a: Blissey
|
|t:|1667768155
|switch|p2a: Ferrothorn|Ferrothorn, M|64/100 par|[from]move: Teleport
|
|-heal|p1a: Steelix|100/100|[from] item: Leftovers
|-heal|p2a: Ferrothorn|70/100 par|[from] item: Leftovers
|upkeep
|turn|32
|
|t:|1667768158
|move|p1a: Steelix|Taunt|p2a: Ferrothorn
|-start|p2a: Ferrothorn|move: Taunt
|cant|p2a: Ferrothorn|move: Taunt|Leech Seed
|
|-heal|p2a: Ferrothorn|76/100 par|[from] item: Leftovers
|upkeep
|turn|33
|
|t:|1667768168
|switch|p1a: Zapdos|Zapdos|61/100
|move|p2a: Ferrothorn|Knock Off|p1a: Zapdos
|-damage|p1a: Zapdos|51/100
|
|-heal|p2a: Ferrothorn|82/100 par|[from] item: Leftovers
|upkeep
|turn|34
|
|t:|1667768174
|switch|p2a: Ninetales|Ninetales-Alola, F|23/100
|-weather|Hail|[from] ability: Snow Warning|[of] p2a: Ninetales
|move|p1a: Zapdos|Roost|p1a: Zapdos
|-heal|p1a: Zapdos|100/100
|-singleturn|p1a: Zapdos|move: Roost
|
|-weather|Hail|[upkeep]
|-damage|p1a: Zapdos|94/100|[from] Hail
|upkeep
|turn|35
|
|t:|1667768179
|switch|p1a: Steelix|Steelix, F|100/100
|move|p2a: Ninetales|Encore||[still]
|-fail|p2a: Ninetales
|
|-weather|Hail|[upkeep]
|-damage|p1a: Steelix|94/100|[from] Hail
|-heal|p1a: Steelix|100/100|[from] item: Leftovers
|upkeep
|turn|36
|
|t:|1667768187
|switch|p2a: Ferrothorn|Ferrothorn, M|82/100 par
|move|p1a: Steelix|Stealth Rock|p2a: Ferrothorn
|-sidestart|p2: BillionthLadderAlt|move: Stealth Rock
|
|-weather|Hail|[upkeep]
|-damage|p1a: Steelix|94/100|[from] Hail
|-damage|p2a: Ferrothorn|76/100 par|[from] Hail
|-heal|p1a: Steelix|100/100|[from] item: Leftovers
|-heal|p2a: Ferrothorn|82/100 par|[from] item: Leftovers
|upkeep
|turn|37
|
|t:|1667768191
|switch|p1a: Zapdos|Zapdos|94/100
|move|p2a: Ferrothorn|Spikes|p1a: Zapdos
|-sidestart|p1: Homiedino|Spikes
|
|-weather|Hail|[upkeep]
|-damage|p1a: Zapdos|88/100|[from] Hail
|-damage|p2a: Ferrothorn|76/100 par|[from] Hail
|-heal|p2a: Ferrothorn|82/100 par|[from] item: Leftovers
|upkeep
|turn|38
|
|t:|1667768195
|switch|p2a: Blissey|Blissey, F|100/100
|move|p1a: Zapdos|Heat Wave|p2a: Blissey
|-damage|p2a: Blissey|91/100
|
|-weather|Hail|[upkeep]
|-damage|p1a: Zapdos|82/100|[from] Hail
|-damage|p2a: Blissey|85/100|[from] Hail
|upkeep
|turn|39
|
|t:|1667768204
|switch|p1a: Umbreon|Umbreon, M|85/100
|-damage|p1a: Umbreon|73/100|[from] Spikes
|move|p2a: Blissey|Toxic|p1a: Umbreon
|-status|p1a: Umbreon|tox
|-activate|p1a: Umbreon|ability: Synchronize
|-status|p2a: Blissey|tox
|
|-weather|Hail|[upkeep]
|-damage|p1a: Umbreon|67/100 tox|[from] Hail
|-damage|p2a: Blissey|79/100 tox|[from] Hail
|-damage|p1a: Umbreon|61/100 tox|[from] psn
|-damage|p2a: Blissey|73/100 tox|[from] psn
|upkeep
|turn|40
|
|t:|1667768210
|move|p1a: Umbreon|Heal Bell|p1a: Umbreon
|-activate|p1a: Umbreon|move: Heal Bell
|-curestatus|p1a: Umbreon|tox|[msg]
|move|p2a: Blissey|Teleport|p2a: Blissey
|
|t:|1667768224
|-curestatus|p2a: Blissey|tox|[from] ability: Natural Cure
|switch|p2a: Ferrothorn|Ferrothorn, M|82/100 par|[from]move: Teleport
|-damage|p2a: Ferrothorn|76/100 par|[from] Stealth Rock
|
|-weather|Hail|[upkeep]
|-damage|p1a: Umbreon|54/100|[from] Hail
|-damage|p2a: Ferrothorn|70/100 par|[from] Hail
|-heal|p2a: Ferrothorn|76/100 par|[from] item: Leftovers
|upkeep
|turn|41
|
|t:|1667768231
|switch|p1a: Zapdos|Zapdos|82/100
|move|p2a: Ferrothorn|Leech Seed|p1a: Zapdos
|-start|p1a: Zapdos|move: Leech Seed
|
|-weather|none
|-heal|p2a: Ferrothorn|82/100 par|[from] item: Leftovers
|-damage|p1a: Zapdos|70/100|[from] Leech Seed|[of] p2a: Ferrothorn
|-heal|p2a: Ferrothorn|95/100 par|[silent]
|upkeep
|turn|42
|
|t:|1667768234
|switch|p2a: Blissey|Blissey, F|73/100
|move|p1a: Zapdos|Heat Wave|p2a: Blissey
|-damage|p2a: Blissey|62/100
|-status|p2a: Blissey|brn
|
|-damage|p1a: Zapdos|58/100|[from] Leech Seed|[of] p2a: Blissey
|-heal|p2a: Blissey|69/100 brn|[silent]
|-damage|p2a: Blissey|63/100 brn|[from] brn
|upkeep
|turn|43
|
|t:|1667768242
|switch|p1a: Steelix|Steelix, F|100/100
|-damage|p1a: Steelix|88/100|[from] Spikes
|move|p2a: Blissey|Soft-Boiled|p2a: Blissey
|-heal|p2a: Blissey|100/100 brn
|
|-heal|p1a: Steelix|94/100|[from] item: Leftovers
|-damage|p2a: Blissey|94/100 brn|[from] brn
|upkeep
|turn|44
|
|t:|1667768247
|-curestatus|p2a: Blissey|brn|[from] ability: Natural Cure
|switch|p2a: Ferrothorn|Ferrothorn, M|95/100 par
|-damage|p2a: Ferrothorn|89/100 par|[from] Stealth Rock
|move|p1a: Steelix|Taunt|p2a: Ferrothorn
|-start|p2a: Ferrothorn|move: Taunt
|
|-heal|p1a: Steelix|100/100|[from] item: Leftovers
|-heal|p2a: Ferrothorn|95/100 par|[from] item: Leftovers
|upkeep
|turn|45
|
|t:|1667768251
|switch|p1a: Zapdos|Zapdos|58/100
|switch|p2a: Blissey|Blissey, F|94/100
|
|upkeep
|turn|46
|
|t:|1667768256
|move|p1a: Zapdos|Roost|p1a: Zapdos
|-heal|p1a: Zapdos|100/100
|-singleturn|p1a: Zapdos|move: Roost
|move|p2a: Blissey|Seismic Toss|p1a: Zapdos
|-damage|p1a: Zapdos|74/100
|
|upkeep
|turn|47
|
|t:|1667768261
|switch|p1a: Steelix|Steelix, F|100/100
|-damage|p1a: Steelix|88/100|[from] Spikes
|move|p2a: Blissey|Toxic|p1a: Steelix|[miss]
|-miss|p2a: Blissey|p1a: Steelix
|
|-heal|p1a: Steelix|94/100|[from] item: Leftovers
|upkeep
|turn|48
|
|t:|1667768266
|move|p2a: Blissey|Seismic Toss|p1a: Steelix
|-damage|p1a: Steelix|66/100
|move|p1a: Steelix|Taunt|p2a: Blissey
|-start|p2a: Blissey|move: Taunt
|
|-heal|p1a: Steelix|72/100|[from] item: Leftovers
|upkeep
|turn|49
|
|t:|1667768277
|switch|p1a: Tangrowth|Tangrowth, M|81/100
|-damage|p1a: Tangrowth|68/100|[from] Spikes
|move|p2a: Blissey|Seismic Toss|p1a: Tangrowth
|-damage|p1a: Tangrowth|43/100
|
|upkeep
|turn|50
|
|t:|1667768287
|move|p2a: Blissey|Seismic Toss|p1a: Tangrowth
|-damage|p1a: Tangrowth|19/100
|move|p1a: Tangrowth|Knock Off|p2a: Blissey
|-damage|p2a: Blissey|75/100
|-enditem|p2a: Blissey|Heavy-Duty Boots|[from] move: Knock Off|[of] p1a: Tangrowth
|
|upkeep
|turn|51
|
|t:|1667768293
|switch|p1a: Zapdos|Zapdos|74/100
|move|p2a: Blissey|Seismic Toss|p1a: Zapdos
|-damage|p1a: Zapdos|48/100
|
|-end|p2a: Blissey|move: Taunt
|upkeep
|turn|52
|
|t:|1667768301
|move|p1a: Zapdos|Defog|p2a: Blissey
|-unboost|p2a: Blissey|evasion|1
|-sideend|p2: BillionthLadderAlt|Stealth Rock|[from] move: Defog|[of] p1a: Zapdos
|-sideend|p1: Homiedino|Spikes|[from] move: Defog|[of] p1a: Zapdos
|move|p2a: Blissey|Toxic|p1a: Zapdos
|-status|p1a: Zapdos|tox
|
|-damage|p1a: Zapdos|42/100 tox|[from] psn
|upkeep
|turn|53
|
|t:|1667768305
|move|p1a: Zapdos|Roost|p1a: Zapdos
|-heal|p1a: Zapdos|92/100 tox
|-singleturn|p1a: Zapdos|move: Roost
|move|p2a: Blissey|Seismic Toss|p1a: Zapdos
|-damage|p1a: Zapdos|66/100 tox
|
|-damage|p1a: Zapdos|54/100 tox|[from] psn
|upkeep
|turn|54
|
|t:|1667768310
|switch|p1a: Araquanid|Araquanid, F|100/100
|move|p2a: Blissey|Seismic Toss|p1a: Araquanid
|-damage|p1a: Araquanid|71/100
|
|upkeep
|turn|55
|
|t:|1667768313
|switch|p2a: Ferrothorn|Ferrothorn, M|95/100 par
|move|p1a: Araquanid|Liquidation|p2a: Ferrothorn
|-resisted|p2a: Ferrothorn
|-damage|p2a: Ferrothorn|80/100 par
|-damage|p1a: Araquanid|59/100|[from] ability: Iron Barbs|[of] p2a: Ferrothorn
|
|-heal|p2a: Ferrothorn|86/100 par|[from] item: Leftovers
|upkeep
|turn|56
|
|t:|1667768322
|switch|p1a: Keldeo|Keldeo-Resolute|5/100
|switch|p2a: Ninetales|Ninetales-Alola, F|23/100
|-weather|Hail|[from] ability: Snow Warning|[of] p2a: Ninetales
|
|-weather|Hail|[upkeep]
|-damage|p1a: Keldeo|0 fnt|[from] Hail
|faint|p1a: Keldeo
|upkeep
|c|☆BillionthLadderAlt|nah im the goat
|
|t:|1667768328
|switch|p1a: Steelix|Steelix, F|72/100
|turn|57
|
|t:|1667768331
|switch|p2a: Ferrothorn|Ferrothorn, M|86/100 par
|move|p1a: Steelix|Stealth Rock|p2a: Ferrothorn
|-sidestart|p2: BillionthLadderAlt|move: Stealth Rock
|
|-weather|Hail|[upkeep]
|-damage|p1a: Steelix|66/100|[from] Hail
|-damage|p2a: Ferrothorn|80/100 par|[from] Hail
|-heal|p1a: Steelix|72/100|[from] item: Leftovers
|-heal|p2a: Ferrothorn|86/100 par|[from] item: Leftovers
|upkeep
|turn|58
|
|t:|1667768338
|move|p1a: Steelix|Taunt|p2a: Ferrothorn
|-start|p2a: Ferrothorn|move: Taunt
|move|p2a: Ferrothorn|Knock Off|p1a: Steelix
|-damage|p1a: Steelix|60/100
|-enditem|p1a: Steelix|Leftovers|[from] move: Knock Off|[of] p2a: Ferrothorn
|
|-weather|Hail|[upkeep]
|-damage|p1a: Steelix|54/100|[from] Hail
|-damage|p2a: Ferrothorn|80/100 par|[from] Hail
|-heal|p2a: Ferrothorn|86/100 par|[from] item: Leftovers
|upkeep
|turn|59
|c|☆Homiedino|yeah you got the sauce
|
|t:|1667768351
|switch|p1a: Zapdos|Zapdos|54/100 tox
|switch|p2a: Blissey|Blissey, F|75/100
|-damage|p2a: Blissey|63/100|[from] Stealth Rock
|
|-weather|Hail|[upkeep]
|-damage|p1a: Zapdos|48/100 tox|[from] Hail
|-damage|p2a: Blissey|56/100|[from] Hail
|-damage|p1a: Zapdos|42/100 tox|[from] psn
|upkeep
|turn|60
|
|t:|1667768357
|switch|p1a: Umbreon|Umbreon, M|54/100
|move|p2a: Blissey|Soft-Boiled|p2a: Blissey
|-heal|p2a: Blissey|100/100
|
|-weather|Hail|[upkeep]
|-damage|p1a: Umbreon|48/100|[from] Hail
|-damage|p2a: Blissey|94/100|[from] Hail
|upkeep
|turn|61
|
|t:|1667768361
|move|p1a: Umbreon|Wish|p1a: Umbreon
|move|p2a: Blissey|Seismic Toss|p1a: Umbreon
|-damage|p1a: Umbreon|23/100
|
|-weather|Hail|[upkeep]
|-damage|p1a: Umbreon|16/100|[from] Hail
|-damage|p2a: Blissey|88/100|[from] Hail
|upkeep
|turn|62
|
|t:|1667768363
|move|p1a: Umbreon|Protect|p1a: Umbreon
|-singleturn|p1a: Umbreon|Protect
|move|p2a: Blissey|Seismic Toss|p1a: Umbreon
|-activate|p1a: Umbreon|move: Protect
|
|-weather|Hail|[upkeep]
|-damage|p1a: Umbreon|10/100|[from] Hail
|-damage|p2a: Blissey|82/100|[from] Hail
|-heal|p1a: Umbreon|60/100|[from] move: Wish|[wisher] Umbreon
|upkeep
|turn|63
|
|t:|1667768371
|move|p1a: Umbreon|Heal Bell|p1a: Umbreon
|-activate|p1a: Umbreon|move: Heal Bell
|-curestatus|p1: Zapdos|tox|[msg]
|move|p2a: Blissey|Toxic|p1a: Umbreon
|-status|p1a: Umbreon|tox
|-activate|p1a: Umbreon|ability: Synchronize
|-status|p2a: Blissey|tox
|
|-weather|none
|-damage|p1a: Umbreon|54/100 tox|[from] psn
|-damage|p2a: Blissey|76/100 tox|[from] psn
|upkeep
|turn|64
|
|t:|1667768381
|move|p1a: Umbreon|Wish|p1a: Umbreon
|move|p2a: Blissey|Teleport|p2a: Blissey
|
|t:|1667768384
|-curestatus|p2a: Blissey|tox|[from] ability: Natural Cure
|switch|p2a: Ferrothorn|Ferrothorn, M|86/100 par|[from]move: Teleport
|-damage|p2a: Ferrothorn|80/100 par|[from] Stealth Rock
|
|-heal|p2a: Ferrothorn|86/100 par|[from] item: Leftovers
|-damage|p1a: Umbreon|42/100 tox|[from] psn
|upkeep
|turn|65
|
|t:|1667768387
|switch|p1a: Zapdos|Zapdos|42/100
|move|p2a: Ferrothorn|Spikes|p1a: Zapdos
|-sidestart|p1: Homiedino|Spikes
|
|-heal|p1a: Zapdos|93/100|[from] move: Wish|[wisher] Umbreon
|-heal|p2a: Ferrothorn|92/100 par|[from] item: Leftovers
|upkeep
|turn|66
|
|t:|1667768398
|switch|p2a: Blissey|Blissey, F|76/100
|-damage|p2a: Blissey|63/100|[from] Stealth Rock
|move|p1a: Zapdos|Heat Wave|p2a: Blissey|[miss]
|-miss|p1a: Zapdos|p2a: Blissey
|
|upkeep
|turn|67
|
|t:|1667768406
|move|p1a: Zapdos|Discharge|p2a: Blissey
|-damage|p2a: Blissey|52/100
|move|p2a: Blissey|Toxic|p1a: Zapdos|[miss]
|-miss|p2a: Blissey|p1a: Zapdos
|
|upkeep
|turn|68
|
|t:|1667768409
|move|p1a: Zapdos|Discharge|p2a: Blissey
|-damage|p2a: Blissey|40/100
|-status|p2a: Blissey|par
|cant|p2a: Blissey|par
|
|upkeep
|turn|69
|
|t:|1667768416
|switch|p1a: Steelix|Steelix, F|54/100
|-damage|p1a: Steelix|41/100|[from] Spikes
|move|p2a: Blissey|Soft-Boiled|p2a: Blissey
|-heal|p2a: Blissey|90/100 par
|
|upkeep
|turn|70
|
|t:|1667768422
|-curestatus|p2a: Blissey|par|[from] ability: Natural Cure
|switch|p2a: Ferrothorn|Ferrothorn, M|92/100 par
|-damage|p2a: Ferrothorn|86/100 par|[from] Stealth Rock
|move|p1a: Steelix|Earthquake|p2a: Ferrothorn
|-damage|p2a: Ferrothorn|69/100 par
|
|-heal|p2a: Ferrothorn|75/100 par|[from] item: Leftovers
|upkeep
|turn|71
|
|t:|1667768429
|switch|p1a: Zapdos|Zapdos|93/100
|switch|p2a: Blissey|Blissey, F|90/100
|-damage|p2a: Blissey|78/100|[from] Stealth Rock
|
|upkeep
|turn|72
|
|t:|1667768434
|move|p1a: Zapdos|Discharge|p2a: Blissey
|-crit|p2a: Blissey
|-damage|p2a: Blissey|59/100
|move|p2a: Blissey|Seismic Toss|p1a: Zapdos
|-damage|p1a: Zapdos|67/100
|
|upkeep
|turn|73
|
|t:|1667768444
|move|p1a: Zapdos|Discharge|p2a: Blissey
|-damage|p2a: Blissey|47/100
|move|p2a: Blissey|Toxic|p1a: Zapdos
|-status|p1a: Zapdos|tox
|
|-damage|p1a: Zapdos|61/100 tox|[from] psn
|upkeep
|turn|74
|
|t:|1667768448
|move|p1a: Zapdos|Discharge|p2a: Blissey
|-damage|p2a: Blissey|35/100
|move|p2a: Blissey|Soft-Boiled|p2a: Blissey
|-heal|p2a: Blissey|85/100
|
|-damage|p1a: Zapdos|49/100 tox|[from] psn
|upkeep
|turn|75
|
|t:|1667768450
|move|p1a: Zapdos|Defog|p2a: Blissey
|-unboost|p2a: Blissey|evasion|1
|-sideend|p2: BillionthLadderAlt|Stealth Rock|[from] move: Defog|[of] p1a: Zapdos
|-sideend|p1: Homiedino|Spikes|[from] move: Defog|[of] p1a: Zapdos
|move|p2a: Blissey|Seismic Toss|p1a: Zapdos
|-damage|p1a: Zapdos|23/100 tox
|
|-damage|p1a: Zapdos|5/100 tox|[from] psn
|upkeep
|turn|76
|c|☆Homiedino|i think I'll forfeit
|c|☆Homiedino|gg
|c|☆BillionthLadderAlt|gg then
|-message|Homiedino forfeited.
|
|win|BillionthLadderAlt
|raw|Homiedino's rating: 1649 &rarr; <strong>1635</strong><br />(-14 for losing)
|raw|BillionthLadderAlt's rating: 1756 &rarr; <strong>1770</strong><br />(+14 for winning)
|l|☆Homiedino
||Ladder isn't responding, score probably updated but might not have (Request timeout).
