|html|<div class="broadcast-blue"><strong>[Gen 8] OU is currently suspecting Melmetal! For information on how to participate check out the <a href="https://www.smogon.com/forums/threads/np-ss-ou-suspect-process-round-12-monster-mash.3709234/">suspect thread</a>.</strong></div>
|j|☆ChandosH
|j|☆andrewm0n
|t:|1666811183
|gametype|singles
|player|p1|ChandosH|n-masters|1703
|player|p2|andrewm0n|169|1840
|teamsize|p1|6
|teamsize|p2|6
|gen|8
|tier|[Gen 8] OU
|rated|
|rule|Sleep Clause Mod: Limit one foe put to sleep
|rule|Species Clause: Limit one of each Pokémon
|rule|OHKO Clause: OHKO moves are banned
|rule|Evasion Items Clause: Evasion items are banned
|rule|Evasion Moves Clause: Evasion moves are banned
|rule|Endless Battle Clause: Forcing endless battles is banned
|rule|HP Percentage Mod: HP is shown in percentages
|rule|Dynamax Clause: You cannot dynamax
|clearpoke
|poke|p1|Toxapex, M|
|poke|p1|Skarmory, M|
|poke|p1|Clefable, M|
|poke|p1|Tapu Koko|
|poke|p1|Hippowdon, F|
|poke|p1|Reuniclus, F|
|poke|p2|Blaziken, M|
|poke|p2|Clefable, F|
|poke|p2|Corviknight, M|
|poke|p2|Seismitoad, M|
|poke|p2|Tyranitar, M|
|poke|p2|Slowbro-Galar, M|
|teampreview
|j| Roll Dizz
|
|t:|1666811232
|start
|switch|p1a: Skarmory|Skarmory, M|100/100
|switch|p2a: Slowbro|Slowbro-Galar, M|100/100
|turn|1
|
|t:|1666811247
|switch|p1a: Hippowdon|Hippowdon, F|100/100
|-weather|Sandstorm|[from] ability: Sand Stream|[of] p1a: Hippowdon
|move|p2a: Slowbro|Flamethrower|p1a: Hippowdon
|-damage|p1a: Hippowdon|86/100
|
|-weather|Sandstorm|[upkeep]
|-damage|p2a: Slowbro|94/100|[from] Sandstorm
|-heal|p1a: Hippowdon|92/100|[from] item: Leftovers
|upkeep
|turn|2
|j| fork gaming
|
|t:|1666811263
|switch|p2a: Corviknight|Corviknight, M|100/100
|move|p1a: Hippowdon|Stealth Rock|p2a: Corviknight
|-sidestart|p2: andrewm0n|move: Stealth Rock
|
|-weather|Sandstorm|[upkeep]
|-heal|p1a: Hippowdon|98/100|[from] item: Leftovers
|upkeep
|turn|3
|
|t:|1666811268
|switch|p1a: Skarmory|Skarmory, M|100/100
|move|p2a: Corviknight|Defog|p1a: Skarmory
|-unboost|p1a: Skarmory|evasion|1
|-sideend|p2: andrewm0n|Stealth Rock|[from] move: Defog|[of] p2a: Corviknight
|
|-weather|Sandstorm|[upkeep]
|upkeep
|turn|4
|
|t:|1666811273
|switch|p2a: Slowbro|Slowbro-Galar, M|100/100
|move|p1a: Skarmory|Spikes|p2a: Slowbro
|-sidestart|p2: andrewm0n|Spikes
|
|-weather|Sandstorm|[upkeep]
|-damage|p2a: Slowbro|94/100|[from] Sandstorm
|upkeep
|turn|5
|
|t:|1666811281
|switch|p1a: Hippowdon|Hippowdon, F|98/100
|move|p2a: Slowbro|Flamethrower|p1a: Hippowdon
|-damage|p1a: Hippowdon|84/100
|
|-weather|none
|-heal|p1a: Hippowdon|90/100|[from] item: Leftovers
|upkeep
|turn|6
|j| Jongruenwald
|
|t:|1666811287
|switch|p1a: Tapu Koko|Tapu Koko|100/100
|-fieldstart|move: Electric Terrain|[from] ability: Electric Surge|[of] p1a: Tapu Koko
|move|p2a: Slowbro|Ice Beam|p1a: Tapu Koko
|-damage|p1a: Tapu Koko|68/100
|
|upkeep
|turn|7
|
|t:|1666811295
|move|p1a: Tapu Koko|Volt Switch|p2a: Slowbro
|-damage|p2a: Slowbro|68/100
|
|t:|1666811298
|switch|p1a: Hippowdon|Hippowdon, F|90/100|[from]move: Volt Switch
|-weather|Sandstorm|[from] ability: Sand Stream|[of] p1a: Hippowdon
|move|p2a: Slowbro|Ice Beam|p1a: Hippowdon
|-supereffective|p1a: Hippowdon
|-damage|p1a: Hippowdon|60/100
|
|-weather|Sandstorm|[upkeep]
|-damage|p2a: Slowbro|62/100|[from] Sandstorm
|-heal|p1a: Hippowdon|66/100|[from] item: Leftovers
|upkeep
|turn|8
|
|t:|1666811311
|move|p1a: Hippowdon|Slack Off|p1a: Hippowdon
|-heal|p1a: Hippowdon|100/100
|move|p2a: Slowbro|Shell Side Arm|p1a: Hippowdon|[anim] Shell Side Arm Physical
|-resisted|p1a: Hippowdon
|-damage|p1a: Hippowdon|89/100
|-hint|Physical Shell Side Arm
|
|-weather|Sandstorm|[upkeep]
|-damage|p2a: Slowbro|56/100|[from] Sandstorm
|-heal|p1a: Hippowdon|95/100|[from] item: Leftovers
|upkeep
|turn|9
|
|t:|1666811316
|switch|p2a: Corviknight|Corviknight, M|100/100
|move|p1a: Hippowdon|Stealth Rock|p2a: Corviknight
|-sidestart|p2: andrewm0n|move: Stealth Rock
|
|-weather|Sandstorm|[upkeep]
|-heal|p1a: Hippowdon|100/100|[from] item: Leftovers
|upkeep
|turn|10
|
|t:|1666811322
|switch|p1a: Tapu Koko|Tapu Koko|68/100
|move|p2a: Corviknight|Defog|p1a: Tapu Koko
|-unboost|p1a: Tapu Koko|evasion|1
|-sideend|p2: andrewm0n|Spikes|[from] move: Defog|[of] p2a: Corviknight
|-sideend|p2: andrewm0n|Stealth Rock|[from] move: Defog|[of] p2a: Corviknight
|-fieldend|move: Electric Terrain
|
|-weather|Sandstorm|[upkeep]
|-damage|p1a: Tapu Koko|62/100|[from] Sandstorm
|upkeep
|turn|11
|
|t:|1666811326
|move|p1a: Tapu Koko|Roost|p1a: Tapu Koko
|-heal|p1a: Tapu Koko|100/100
|-singleturn|p1a: Tapu Koko|move: Roost
|move|p2a: Corviknight|U-turn|p1a: Tapu Koko
|-resisted|p1a: Tapu Koko
|-damage|p1a: Tapu Koko|90/100
|
|t:|1666811335
|switch|p2a: Tyranitar|Tyranitar, M|100/100|[from]move: U-turn
|
|-weather|none
|upkeep
|turn|12
|
|t:|1666811342
|move|p1a: Tapu Koko|Volt Switch|p2a: Tyranitar
|-damage|p2a: Tyranitar|76/100
|inactive|Battle timer is ON: inactive players will automatically lose when time's up. (requested by andrewm0n)
|
|t:|1666811368
|switch|p1a: Hippowdon|Hippowdon, F|100/100|[from]move: Volt Switch
|-weather|Sandstorm|[from] ability: Sand Stream|[of] p1a: Hippowdon
|move|p2a: Tyranitar|Toxic|p1a: Hippowdon|[miss]
|-miss|p2a: Tyranitar|p1a: Hippowdon
|
|-weather|Sandstorm|[upkeep]
|-heal|p2a: Tyranitar|82/100|[from] item: Leftovers
|upkeep
|turn|13
|
|t:|1666811373
|switch|p1a: Skarmory|Skarmory, M|100/100
|move|p2a: Tyranitar|Toxic|p1a: Skarmory
|-immune|p1a: Skarmory
|
|-weather|Sandstorm|[upkeep]
|-heal|p2a: Tyranitar|88/100|[from] item: Leftovers
|upkeep
|turn|14
|c|☆ChandosH|o
|c|☆ChandosH|im always scared of cb lol
|
|t:|1666811388
|switch|p2a: Slowbro|Slowbro-Galar, M|89/100
|move|p1a: Skarmory|Body Press|p2a: Slowbro
|-resisted|p2a: Slowbro
|-damage|p2a: Slowbro|84/100
|
|-weather|Sandstorm|[upkeep]
|-damage|p2a: Slowbro|78/100|[from] Sandstorm
|upkeep
|turn|15
|j| Samwijoe
|
|t:|1666811395
|switch|p1a: Hippowdon|Hippowdon, F|100/100
|move|p2a: Slowbro|Flamethrower|p1a: Hippowdon
|-damage|p1a: Hippowdon|84/100
|
|-weather|Sandstorm|[upkeep]
|-damage|p2a: Slowbro|72/100|[from] Sandstorm
|-heal|p1a: Hippowdon|90/100|[from] item: Leftovers
|upkeep
|turn|16
|
|t:|1666811403
|switch|p2a: Corviknight|Corviknight, M|100/100
|move|p1a: Hippowdon|Stealth Rock|p2a: Corviknight
|-sidestart|p2: andrewm0n|move: Stealth Rock
|
|-weather|none
|-heal|p1a: Hippowdon|96/100|[from] item: Leftovers
|upkeep
|turn|17
|
|t:|1666811410
|switch|p1a: Skarmory|Skarmory, M|100/100
|move|p2a: Corviknight|Defog|p1a: Skarmory
|-unboost|p1a: Skarmory|evasion|1
|-sideend|p2: andrewm0n|Stealth Rock|[from] move: Defog|[of] p2a: Corviknight
|
|upkeep
|turn|18
|
|t:|1666811414
|switch|p2a: Slowbro|Slowbro-Galar, M|100/100
|move|p1a: Skarmory|Spikes|p2a: Slowbro
|-sidestart|p2: andrewm0n|Spikes
|
|upkeep
|turn|19
|
|t:|1666811419
|switch|p1a: Hippowdon|Hippowdon, F|96/100
|-weather|Sandstorm|[from] ability: Sand Stream|[of] p1a: Hippowdon
|switch|p2a: Corviknight|Corviknight, M|100/100
|
|-weather|Sandstorm|[upkeep]
|-heal|p1a: Hippowdon|100/100|[from] item: Leftovers
|upkeep
|turn|20
|
|t:|1666811425
|move|p1a: Hippowdon|Stealth Rock|p2a: Corviknight
|-sidestart|p2: andrewm0n|move: Stealth Rock
|move|p2a: Corviknight|Brave Bird|p1a: Hippowdon
|-damage|p1a: Hippowdon|75/100
|-damage|p2a: Corviknight|92/100|[from] Recoil
|
|-weather|Sandstorm|[upkeep]
|-heal|p1a: Hippowdon|82/100|[from] item: Leftovers
|upkeep
|turn|21
|
|t:|1666811448
|switch|p1a: Tapu Koko|Tapu Koko|90/100
|-fieldstart|move: Electric Terrain|[from] ability: Electric Surge|[of] p1a: Tapu Koko
|move|p2a: Corviknight|Defog|p1a: Tapu Koko
|-unboost|p1a: Tapu Koko|evasion|1
|-sideend|p2: andrewm0n|Spikes|[from] move: Defog|[of] p2a: Corviknight
|-sideend|p2: andrewm0n|Stealth Rock|[from] move: Defog|[of] p2a: Corviknight
|-fieldend|move: Electric Terrain
|
|-weather|Sandstorm|[upkeep]
|-damage|p1a: Tapu Koko|84/100|[from] Sandstorm
|upkeep
|turn|22
|inactive|ChandosH has 120 seconds left.
|
|t:|1666811471
|move|p1a: Tapu Koko|Dazzling Gleam|p2a: Corviknight
|-resisted|p2a: Corviknight
|-crit|p2a: Corviknight
|-damage|p2a: Corviknight|71/100
|move|p2a: Corviknight|U-turn|p1a: Tapu Koko
|-resisted|p1a: Tapu Koko
|-damage|p1a: Tapu Koko|74/100
|
|t:|1666811476
|switch|p2a: Seismitoad|Seismitoad, M|100/100|[from]move: U-turn
|
|-weather|Sandstorm|[upkeep]
|-damage|p1a: Tapu Koko|68/100|[from] Sandstorm
|upkeep
|turn|23
|inactive|ChandosH has 120 seconds left.
|inactive|ChandosH has 90 seconds left.
|
|t:|1666811545
|switch|p1a: Skarmory|Skarmory, M|100/100
|move|p2a: Seismitoad|Knock Off|p1a: Skarmory
|-damage|p1a: Skarmory|87/100
|-damage|p2a: Seismitoad|84/100|[from] item: Rocky Helmet|[of] p1a: Skarmory
|-enditem|p1a: Skarmory|Rocky Helmet|[from] move: Knock Off|[of] p2a: Seismitoad
|
|-weather|none
|-heal|p2a: Seismitoad|90/100|[from] item: Leftovers
|upkeep
|turn|24
|
|t:|1666811559
|move|p1a: Skarmory|Spikes|p2a: Seismitoad
|-sidestart|p2: andrewm0n|Spikes
|move|p2a: Seismitoad|Stealth Rock|p1a: Skarmory
|-sidestart|p1: ChandosH|move: Stealth Rock
|
|-heal|p2a: Seismitoad|96/100|[from] item: Leftovers
|upkeep
|turn|25
|
|t:|1666811577
|switch|p2a: Slowbro|Slowbro-Galar, M|100/100
|-damage|p2a: Slowbro|88/100|[from] Spikes
|move|p1a: Skarmory|Spikes|p2a: Slowbro
|-sidestart|p2: andrewm0n|Spikes
|
|upkeep
|turn|26
|
|t:|1666811581
|switch|p1a: Hippowdon|Hippowdon, F|82/100
|-damage|p1a: Hippowdon|75/100|[from] Stealth Rock
|-weather|Sandstorm|[from] ability: Sand Stream|[of] p1a: Hippowdon
|move|p2a: Slowbro|Shell Side Arm|p1a: Hippowdon|[anim] Shell Side Arm Special
|-resisted|p1a: Hippowdon
|-damage|p1a: Hippowdon|63/100
|-hint|Special Shell Side Arm
|
|-weather|Sandstorm|[upkeep]
|-damage|p2a: Slowbro|82/100|[from] Sandstorm
|-heal|p1a: Hippowdon|70/100|[from] item: Leftovers
|upkeep
|turn|27
|
|t:|1666811591
|switch|p1a: Tapu Koko|Tapu Koko|68/100
|-fieldstart|move: Electric Terrain|[from] ability: Electric Surge|[of] p1a: Tapu Koko
|move|p2a: Slowbro|Shell Side Arm|p1a: Tapu Koko|[anim] Shell Side Arm Special
|-supereffective|p1a: Tapu Koko
|-damage|p1a: Tapu Koko|0 fnt
|-hint|Special Shell Side Arm
|faint|p1a: Tapu Koko
|
|-weather|Sandstorm|[upkeep]
|-damage|p2a: Slowbro|76/100|[from] Sandstorm
|upkeep
|
|t:|1666811597
|switch|p1a: Reuniclus|Reuniclus, F|100/100
|turn|28
|
|t:|1666811607
|switch|p2a: Seismitoad|Seismitoad, M|96/100
|-damage|p2a: Seismitoad|79/100|[from] Spikes
|move|p1a: Reuniclus|Calm Mind|p1a: Reuniclus
|-boost|p1a: Reuniclus|spa|1
|-boost|p1a: Reuniclus|spd|1
|
|-weather|Sandstorm|[upkeep]
|-heal|p2a: Seismitoad|85/100|[from] item: Leftovers
|upkeep
|turn|29
|
|t:|1666811612
|move|p2a: Seismitoad|Knock Off|p1a: Reuniclus
|-supereffective|p1a: Reuniclus
|-damage|p1a: Reuniclus|67/100
|-enditem|p1a: Reuniclus|Leftovers|[from] move: Knock Off|[of] p2a: Seismitoad
|move|p1a: Reuniclus|Calm Mind|p1a: Reuniclus
|-boost|p1a: Reuniclus|spa|1
|-boost|p1a: Reuniclus|spd|1
|
|-weather|Sandstorm|[upkeep]
|-heal|p2a: Seismitoad|91/100|[from] item: Leftovers
|upkeep
|turn|30
|j| lonely crowd
|
|t:|1666811623
|switch|p2a: Tyranitar|Tyranitar, M|88/100
|-damage|p2a: Tyranitar|71/100|[from] Spikes
|move|p1a: Reuniclus|Recover|p1a: Reuniclus
|-heal|p1a: Reuniclus|100/100
|
|-weather|none
|-heal|p2a: Tyranitar|78/100|[from] item: Leftovers
|upkeep
|turn|31
|
|t:|1666811638
|move|p2a: Tyranitar|Dragon Dance|p2a: Tyranitar
|-boost|p2a: Tyranitar|atk|1
|-boost|p2a: Tyranitar|spe|1
|move|p1a: Reuniclus|Thunder|p2a: Tyranitar
|-damage|p2a: Tyranitar|16/100
|-status|p2a: Tyranitar|par
|
|-heal|p2a: Tyranitar|22/100 par|[from] item: Leftovers
|-fieldend|move: Electric Terrain
|upkeep
|turn|32
|
|t:|1666811651
|switch|p1a: Skarmory|Skarmory, M|87/100
|-damage|p1a: Skarmory|75/100|[from] Stealth Rock
|move|p2a: Tyranitar|Rock Blast|p1a: Skarmory
|-damage|p1a: Skarmory|62/100
|-damage|p1a: Skarmory|49/100
|-hitcount|p1a: Skarmory|2
|
|-heal|p2a: Tyranitar|29/100 par|[from] item: Leftovers
|upkeep
|turn|33
|
|t:|1666811659
|switch|p2a: Slowbro|Slowbro-Galar, M|100/100
|-damage|p2a: Slowbro|84/100|[from] Spikes
|move|p1a: Skarmory|Roost|p1a: Skarmory
|-heal|p1a: Skarmory|99/100
|-singleturn|p1a: Skarmory|move: Roost
|
|upkeep
|turn|34
|
|t:|1666811666
|switch|p1a: Hippowdon|Hippowdon, F|70/100
|-damage|p1a: Hippowdon|63/100|[from] Stealth Rock
|-weather|Sandstorm|[from] ability: Sand Stream|[of] p1a: Hippowdon
|move|p2a: Slowbro|Flamethrower|p1a: Hippowdon
|-damage|p1a: Hippowdon|48/100
|
|-weather|Sandstorm|[upkeep]
|-damage|p2a: Slowbro|78/100|[from] Sandstorm
|-heal|p1a: Hippowdon|55/100|[from] item: Leftovers
|upkeep
|turn|35
|
|t:|1666811671
|switch|p2a: Corviknight|Corviknight, M|71/100
|move|p1a: Hippowdon|Slack Off|p1a: Hippowdon
|-heal|p1a: Hippowdon|100/100
|
|-weather|Sandstorm|[upkeep]
|upkeep
|turn|36
|inactive|ChandosH has 120 seconds left.
|
|t:|1666811676
|switch|p1a: Skarmory|Skarmory, M|99/100
|-damage|p1a: Skarmory|87/100|[from] Stealth Rock
|move|p2a: Corviknight|Defog|p1a: Skarmory
|-unboost|p1a: Skarmory|evasion|1
|-sideend|p1: ChandosH|Stealth Rock|[from] move: Defog|[of] p2a: Corviknight
|-sideend|p2: andrewm0n|Spikes|[from] move: Defog|[of] p2a: Corviknight
|
|-weather|Sandstorm|[upkeep]
|upkeep
|turn|37
|
|t:|1666811681
|switch|p2a: Clefable|Clefable, F|100/100
|move|p1a: Skarmory|Spikes|p2a: Clefable
|-sidestart|p2: andrewm0n|Spikes
|
|-weather|Sandstorm|[upkeep]
|-damage|p2a: Clefable|94/100|[from] Sandstorm
|-heal|p2a: Clefable|100/100|[from] item: Leftovers
|upkeep
|turn|38
|
|t:|1666811699
|switch|p1a: Toxapex|Toxapex, M|100/100
|move|p2a: Clefable|Aromatherapy|p2a: Clefable
|-activate|p2a: Clefable|move: Aromatherapy
|-curestatus|p2: Tyranitar|par|[msg]
|
|-weather|none
|upkeep
|turn|39
|
|t:|1666811709
|switch|p2a: Slowbro|Slowbro-Galar, M|100/100
|-damage|p2a: Slowbro|88/100|[from] Spikes
|move|p1a: Toxapex|Knock Off|p2a: Slowbro
|-supereffective|p2a: Slowbro
|-damage|p2a: Slowbro|68/100
|-enditem|p2a: Slowbro|Assault Vest|[from] move: Knock Off|[of] p1a: Toxapex
|
|upkeep
|turn|40
|
|t:|1666811720
|switch|p1a: Hippowdon|Hippowdon, F|100/100
|-weather|Sandstorm|[from] ability: Sand Stream|[of] p1a: Hippowdon
|move|p2a: Slowbro|Earthquake|p1a: Hippowdon
|-damage|p1a: Hippowdon|85/100
|
|-weather|Sandstorm|[upkeep]
|-damage|p2a: Slowbro|62/100|[from] Sandstorm
|-heal|p1a: Hippowdon|91/100|[from] item: Leftovers
|upkeep
|turn|41
|
|t:|1666811732
|switch|p1a: Reuniclus|Reuniclus, F|100/100
|switch|p2a: Corviknight|Corviknight, M|71/100
|
|-weather|Sandstorm|[upkeep]
|upkeep
|turn|42
|inactive|andrewm0n has 120 seconds left.
|
|t:|1666811786
|move|p2a: Corviknight|Defog|p1a: Reuniclus
|-unboost|p1a: Reuniclus|evasion|1
|-sideend|p2: andrewm0n|Spikes|[from] move: Defog|[of] p2a: Corviknight
|move|p1a: Reuniclus|Calm Mind|p1a: Reuniclus
|-boost|p1a: Reuniclus|spa|1
|-boost|p1a: Reuniclus|spd|1
|
|-weather|Sandstorm|[upkeep]
|upkeep
|turn|43
|
|t:|1666811796
|move|p2a: Corviknight|U-turn|p1a: Reuniclus
|-supereffective|p1a: Reuniclus
|-damage|p1a: Reuniclus|80/100
|
|t:|1666811799
|switch|p2a: Slowbro|Slowbro-Galar, M|95/100|[from]move: U-turn
|move|p1a: Reuniclus|Thunder|p2a: Slowbro|[miss]
|-miss|p1a: Reuniclus|p2a: Slowbro
|
|-weather|Sandstorm|[upkeep]
|-damage|p2a: Slowbro|89/100|[from] Sandstorm
|upkeep
|turn|44
|
|t:|1666811808
|move|p1a: Reuniclus|Calm Mind|p1a: Reuniclus
|-boost|p1a: Reuniclus|spa|1
|-boost|p1a: Reuniclus|spd|1
|move|p2a: Slowbro|Shell Side Arm|p1a: Reuniclus|[anim] Shell Side Arm Physical
|-damage|p1a: Reuniclus|56/100
|-hint|Physical Shell Side Arm
|
|-weather|none
|upkeep
|turn|45
|
|t:|1666811815
|move|p1a: Reuniclus|Recover|p1a: Reuniclus
|-heal|p1a: Reuniclus|100/100
|move|p2a: Slowbro|Shell Side Arm|p1a: Reuniclus|[anim] Shell Side Arm Physical
|-damage|p1a: Reuniclus|79/100
|-hint|Physical Shell Side Arm
|
|upkeep
|turn|46
|j| sle7in
|
|t:|1666811820
|switch|p2a: Tyranitar|Tyranitar, M|29/100
|-weather|Sandstorm|[from] ability: Sand Stream|[of] p2a: Tyranitar
|move|p1a: Reuniclus|Thunder|p2a: Tyranitar
|-damage|p2a: Tyranitar|0 fnt
|faint|p2a: Tyranitar
|
|-weather|Sandstorm|[upkeep]
|upkeep
|
|t:|1666811823
|switch|p2a: Blaziken|Blaziken, M|100/100
|turn|47
|-message|andrewm0n forfeited.
|
|win|ChandosH
|raw|ChandosH's rating: 1703 &rarr; <strong>1731</strong><br />(+28 for winning)
|raw|andrewm0n's rating: 1840 &rarr; <strong>1812</strong><br />(-28 for losing)
|l|☆andrewm0n
|c|☆ChandosH|Gg
||Ladder isn't responding, score probably updated but might not have (Request timeout).
