|j|☆minimax_ai
|j|☆Steez Ibanez
|t:|1667521513
|gametype|singles
|player|p1|minimax_ai|lusamine-nihilego|1726
|player|p2|Steez Ibanez|acetrainer-gen7|1845
|teamsize|p1|6
|teamsize|p2|6
|gen|8
|tier|[Gen 8] OU
|rated|
|rule|Sleep Clause Mod: Limit one foe put to sleep
|rule|Species Clause: Limit one of each Pokémon
|rule|OHKO Clause: OHKO moves are banned
|rule|Evasion Items Clause: Evasion items are banned
|rule|Evasion Moves Clause: Evasion moves are banned
|rule|Endless Battle Clause: Forcing endless battles is banned
|rule|HP Percentage Mod: HP is shown in percentages
|rule|Dynamax Clause: You cannot dynamax
|clearpoke
|poke|p1|Rotom-Wash|
|poke|p1|Weavile, F|
|poke|p1|Landorus-Therian, M|
|poke|p1|Heatran, M|
|poke|p1|Tangrowth, M|
|poke|p1|Melmetal|
|poke|p2|Zeraora|
|poke|p2|Weezing-Galar, M|
|poke|p2|Gastrodon-East, M|
|poke|p2|Ferrothorn, M|
|poke|p2|Zapdos|
|poke|p2|Heatran, M|
|teampreview
|inactive|Battle timer is ON: inactive players will automatically lose when time's up. (requested by Steez Ibanez)
|c|☆minimax_ai|hf
|inactive|minimax_ai also wants the timer to be on.
|j| Jongruenwald
|c|☆Steez Ibanez|Hf
|
|t:|1667521540
|start
|switch|p1a: landorustherian|Landorus-Therian, M|100/100
|switch|p2a: Bolt|Zapdos|100/100
|-ability|p1a: landorustherian|Intimidate|boost
|-unboost|p2a: Bolt|atk|1
|turn|1
|
|t:|1667521543
|switch|p2a: Speedwagon|Weezing-Galar, M|100/100
|move|p1a: landorustherian|Earthquake|p2a: Speedwagon
|-immune|p2a: Speedwagon|[from] ability: Levitate
|
|upkeep
|turn|2
|
|t:|1667521545
|move|p1a: landorustherian|U-turn|p2a: Speedwagon
|-resisted|p2a: Speedwagon
|-damage|p2a: Speedwagon|97/100
|
|t:|1667521545
|switch|p1a: Heatran|Heatran, M|100/100|[from]move: U-turn
|-item|p1a: Heatran|Air Balloon
|move|p2a: Speedwagon|Toxic Spikes|p1a: Heatran
|-sidestart|p1: minimax_ai|move: Toxic Spikes
|
|-heal|p2a: Speedwagon|100/100|[from] item: Black Sludge
|upkeep
|turn|3
|
|t:|1667521548
|switch|p2a: Gary|Gastrodon-East, M, shiny|100/100
|move|p1a: Heatran|Stealth Rock|p2a: Gary
|-sidestart|p2: Steez Ibanez|move: Stealth Rock
|
|upkeep
|turn|4
|
|t:|1667521550
|switch|p1a: rotomwash|Rotom-Wash|100/100
|move|p2a: Gary|Scald|p1a: rotomwash
|-resisted|p1a: rotomwash
|-damage|p1a: rotomwash|88/100
|
|-heal|p1a: rotomwash|94/100|[from] item: Leftovers
|upkeep
|turn|5
|
|t:|1667521553
|switch|p2a: Abomination|Ferrothorn, M|100/100
|-damage|p2a: Abomination|95/100|[from] Stealth Rock
|move|p1a: rotomwash|Nasty Plot|p1a: rotomwash
|-boost|p1a: rotomwash|spa|2
|
|-heal|p1a: rotomwash|99/100|[from] item: Leftovers
|upkeep
|turn|6
|
|t:|1667521555
|switch|p1a: landorustherian|Landorus-Therian, M|100/100
|-ability|p1a: landorustherian|Intimidate|boost
|-unboost|p2a: Abomination|atk|1
|move|p2a: Abomination|Leech Seed|p1a: landorustherian
|-start|p1a: landorustherian|move: Leech Seed
|
|-damage|p1a: landorustherian|88/100|[from] Leech Seed|[of] p2a: Abomination
|-heal|p2a: Abomination|100/100|[silent]
|upkeep
|turn|7
|
|t:|1667521558
|switch|p1a: Heatran|Heatran, M|100/100
|-item|p1a: Heatran|Air Balloon
|move|p2a: Abomination|Knock Off|p1a: Heatran
|-damage|p1a: Heatran|86/100
|-enditem|p1a: Heatran|Air Balloon
|
|upkeep
|turn|8
|
|t:|1667521561
|switch|p2a: Hephaestus|Heatran, M|100/100
|-damage|p2a: Hephaestus|88/100|[from] Stealth Rock
|-item|p2a: Hephaestus|Air Balloon
|move|p1a: Heatran|Magma Storm|p2a: Hephaestus
|-start|p2a: Hephaestus|ability: Flash Fire
|
|upkeep
|turn|9
|
|t:|1667521564
|switch|p1a: landorustherian|Landorus-Therian, M|88/100
|-ability|p1a: landorustherian|Intimidate|boost
|-unboost|p2a: Hephaestus|atk|1
|move|p2a: Hephaestus|Magma Storm|p1a: landorustherian|[miss]
|-miss|p2a: Hephaestus|p1a: landorustherian
|
|-heal|p1a: landorustherian|94/100|[from] item: Leftovers
|upkeep
|turn|10
|j| CanUrepeat
|
|t:|1667521569
|switch|p1a: rotomwash|Rotom-Wash|99/100
|move|p2a: Hephaestus|Eruption|p1a: rotomwash
|-resisted|p1a: rotomwash
|-damage|p1a: rotomwash|39/100
|
|-heal|p1a: rotomwash|45/100|[from] item: Leftovers
|upkeep
|turn|11
|
|t:|1667521572
|-end|p2a: Hephaestus|ability: Flash Fire|[silent]
|switch|p2a: Gary|Gastrodon-East, M, shiny|100/100
|move|p1a: rotomwash|Hydro Pump|p2a: Gary
|-ability|p2a: Gary|Storm Drain|boost
|-boost|p2a: Gary|spa|1
|
|-heal|p1a: rotomwash|51/100|[from] item: Leftovers
|upkeep
|turn|12
|
|t:|1667521575
|move|p1a: rotomwash|Pain Split|p2a: Gary
|-sethp|p2a: Gary|69/100|[from] move: Pain Split|[silent]
|-sethp|p1a: rotomwash|96/100|[from] move: Pain Split
|move|p2a: Gary|Scald|p1a: rotomwash
|-resisted|p1a: rotomwash
|-damage|p1a: rotomwash|76/100
|
|-heal|p1a: rotomwash|82/100|[from] item: Leftovers
|upkeep
|turn|13
|
|t:|1667521580
|move|p1a: rotomwash|Pain Split|p2a: Gary
|-sethp|p2a: Gary|64/100|[from] move: Pain Split|[silent]
|-sethp|p1a: rotomwash|89/100|[from] move: Pain Split
|move|p2a: Gary|Recover|p2a: Gary
|-heal|p2a: Gary|100/100
|
|-heal|p1a: rotomwash|95/100|[from] item: Leftovers
|upkeep
|turn|14
|
|t:|1667521581
|move|p1a: rotomwash|Nasty Plot|p1a: rotomwash
|-boost|p1a: rotomwash|spa|2
|move|p2a: Gary|Scald|p1a: rotomwash
|-resisted|p1a: rotomwash
|-damage|p1a: rotomwash|75/100
|-status|p1a: rotomwash|brn
|
|-heal|p1a: rotomwash|81/100 brn|[from] item: Leftovers
|-damage|p1a: rotomwash|75/100 brn|[from] brn
|upkeep
|turn|15
|
|t:|1667521585
|move|p1a: rotomwash|Pain Split|p2a: Gary
|-sethp|p2a: Gary|77/100|[from] move: Pain Split|[silent]
|-sethp|p1a: rotomwash|100/100 brn|[from] move: Pain Split
|move|p2a: Gary|Scald|p1a: rotomwash
|-resisted|p1a: rotomwash
|-damage|p1a: rotomwash|81/100 brn
|
|-heal|p1a: rotomwash|87/100 brn|[from] item: Leftovers
|-damage|p1a: rotomwash|81/100 brn|[from] brn
|upkeep
|turn|16
|
|t:|1667521590
|move|p1a: rotomwash|Pain Split|p2a: Gary
|-sethp|p2a: Gary|67/100|[from] move: Pain Split|[silent]
|-sethp|p1a: rotomwash|94/100 brn|[from] move: Pain Split
|move|p2a: Gary|Clear Smog|p1a: rotomwash
|-damage|p1a: rotomwash|78/100 brn
|-clearboost|p1a: rotomwash
|
|-heal|p1a: rotomwash|84/100 brn|[from] item: Leftovers
|-damage|p1a: rotomwash|78/100 brn|[from] brn
|upkeep
|turn|17
|
|t:|1667521592
|move|p1a: rotomwash|Pain Split|p2a: Gary
|-sethp|p2a: Gary|62/100|[from] move: Pain Split|[silent]
|-sethp|p1a: rotomwash|86/100 brn|[from] move: Pain Split
|move|p2a: Gary|Recover|p2a: Gary
|-heal|p2a: Gary|100/100
|
|-heal|p1a: rotomwash|92/100 brn|[from] item: Leftovers
|-damage|p1a: rotomwash|86/100 brn|[from] brn
|upkeep
|turn|18
|
|t:|1667521595
|switch|p2a: Abomination|Ferrothorn, M|100/100
|-damage|p2a: Abomination|95/100|[from] Stealth Rock
|move|p1a: rotomwash|Thunderbolt|p2a: Abomination
|-resisted|p2a: Abomination
|-damage|p2a: Abomination|80/100
|
|-heal|p1a: rotomwash|92/100 brn|[from] item: Leftovers
|-damage|p1a: rotomwash|86/100 brn|[from] brn
|upkeep
|turn|19
|
|t:|1667521598
|switch|p1a: landorustherian|Landorus-Therian, M|94/100
|-ability|p1a: landorustherian|Intimidate|boost
|-unboost|p2a: Abomination|atk|1
|move|p2a: Abomination|Knock Off|p1a: landorustherian
|-damage|p1a: landorustherian|80/100
|-enditem|p1a: landorustherian|Leftovers|[from] move: Knock Off|[of] p2a: Abomination
|
|upkeep
|turn|20
|
|t:|1667521600
|move|p1a: landorustherian|Earthquake|p2a: Abomination
|-damage|p2a: Abomination|53/100
|move|p2a: Abomination|Spikes|p1a: landorustherian
|-sidestart|p1: minimax_ai|Spikes
|
|upkeep
|turn|21
|
|t:|1667521602
|move|p1a: landorustherian|Earthquake|p2a: Abomination
|-damage|p2a: Abomination|24/100
|move|p2a: Abomination|Leech Seed|p1a: landorustherian
|-start|p1a: landorustherian|move: Leech Seed
|
|-damage|p1a: landorustherian|68/100|[from] Leech Seed|[of] p2a: Abomination
|-heal|p2a: Abomination|37/100|[silent]
|upkeep
|turn|22
|
|t:|1667521605
|move|p1a: landorustherian|U-turn|p2a: Abomination
|-damage|p2a: Abomination|24/100
|-damage|p1a: landorustherian|56/100|[from] ability: Iron Barbs|[of] p2a: Abomination
|-damage|p1a: landorustherian|39/100|[from] item: Rocky Helmet|[of] p2a: Abomination
|
|t:|1667521606
|switch|p1a: rotomwash|Rotom-Wash|86/100 brn|[from]move: U-turn
|move|p2a: Abomination|Spikes|p1a: rotomwash
|-sidestart|p1: minimax_ai|Spikes
|
|-heal|p1a: rotomwash|92/100 brn|[from] item: Leftovers
|-damage|p1a: rotomwash|86/100 brn|[from] brn
|upkeep
|turn|23
|
|t:|1667521608
|move|p1a: rotomwash|Thunderbolt|p2a: Abomination
|-resisted|p2a: Abomination
|-damage|p2a: Abomination|7/100
|move|p2a: Abomination|Leech Seed|p1a: rotomwash
|-start|p1a: rotomwash|move: Leech Seed
|
|-heal|p1a: rotomwash|92/100 brn|[from] item: Leftovers
|-damage|p1a: rotomwash|80/100 brn|[from] Leech Seed|[of] p2a: Abomination
|-heal|p2a: Abomination|18/100|[silent]
|-damage|p1a: rotomwash|74/100 brn|[from] brn
|upkeep
|turn|24
|
|t:|1667521611
|switch|p1a: landorustherian|Landorus-Therian, M|39/100
|-ability|p1a: landorustherian|Intimidate|boost
|-unboost|p2a: Abomination|atk|1
|move|p2a: Abomination|Knock Off|p1a: landorustherian
|-damage|p1a: landorustherian|32/100
|
|upkeep
|turn|25
|
|t:|1667521613
|move|p1a: landorustherian|Defog|p2a: Abomination
|-unboost|p2a: Abomination|evasion|1
|-sideend|p2: Steez Ibanez|Stealth Rock|[from] move: Defog|[of] p1a: landorustherian
|-sideend|p1: minimax_ai|Spikes|[from] move: Defog|[of] p1a: landorustherian
|-sideend|p1: minimax_ai|Toxic Spikes|[from] move: Defog|[of] p1a: landorustherian
|move|p2a: Abomination|Spikes|p1a: landorustherian
|-sidestart|p1: minimax_ai|Spikes
|
|upkeep
|turn|26
|
|t:|1667521615
|switch|p2a: Speedwagon|Weezing-Galar, M|100/100
|move|p1a: landorustherian|Defog|p2a: Speedwagon
|-unboost|p2a: Speedwagon|evasion|1
|-sideend|p1: minimax_ai|Spikes|[from] move: Defog|[of] p1a: landorustherian
|
|upkeep
|turn|27
|
|t:|1667521618
|switch|p2a: Abomination|Ferrothorn, M|18/100
|move|p1a: landorustherian|U-turn|p2a: Abomination
|-damage|p2a: Abomination|4/100
|-damage|p1a: landorustherian|19/100|[from] ability: Iron Barbs|[of] p2a: Abomination
|-damage|p1a: landorustherian|3/100|[from] item: Rocky Helmet|[of] p2a: Abomination
|
|t:|1667521618
|switch|p1a: Weavile|Weavile, F|100/100|[from]move: U-turn
|-ability|p1a: Weavile|Pressure
|
|upkeep
|turn|28
|
|t:|1667521621
|move|p1a: Weavile|Knock Off|p2a: Abomination
|-damage|p2a: Abomination|0 fnt
|-damage|p1a: Weavile|88/100|[from] ability: Iron Barbs|[of] p2a: Abomination
|-damage|p1a: Weavile|72/100|[from] item: Rocky Helmet|[of] p2a: Abomination
|-enditem|p2a: Abomination|Rocky Helmet|[from] move: Knock Off|[of] p1a: Weavile
|faint|p2a: Abomination
|
|upkeep
|
|t:|1667521623
|switch|p2a: Hephaestus|Heatran, M|88/100
|-item|p2a: Hephaestus|Air Balloon
|turn|29
|
|t:|1667521624
|move|p1a: Weavile|Knock Off|p2a: Hephaestus
|-damage|p2a: Hephaestus|19/100
|-enditem|p2a: Hephaestus|Air Balloon
|move|p2a: Hephaestus|Stealth Rock|p1a: Weavile
|-sidestart|p1: minimax_ai|move: Stealth Rock
|
|upkeep
|turn|30
|
|t:|1667521627
|move|p1a: Weavile|Knock Off|p2a: Hephaestus
|-damage|p2a: Hephaestus|0 fnt
|faint|p2a: Hephaestus
|
|upkeep
|
|t:|1667521630
|switch|p2a: Jotaro|Zeraora|100/100
|turn|31
|
|t:|1667521632
|switch|p1a: Tangrowth|Tangrowth, M|100/100
|-damage|p1a: Tangrowth|88/100|[from] Stealth Rock
|move|p2a: Jotaro|Close Combat|p1a: Tangrowth
|-damage|p1a: Tangrowth|69/100
|-unboost|p2a: Jotaro|def|1
|-unboost|p2a: Jotaro|spd|1
|-damage|p2a: Jotaro|84/100|[from] item: Rocky Helmet|[of] p1a: Tangrowth
|
|upkeep
|turn|32
|
|t:|1667521636
|switch|p2a: Speedwagon|Weezing-Galar, M|100/100
|switch|p1a: Melmetal|Melmetal|100/100
|-damage|p1a: Melmetal|94/100|[from] Stealth Rock
|
|upkeep
|turn|33
|j| newxqmaster
|
|t:|1667521644
|move|p2a: Speedwagon|Toxic Spikes|p1a: Melmetal
|-sidestart|p1: minimax_ai|move: Toxic Spikes
|move|p1a: Melmetal|Double Iron Bash|p2a: Speedwagon
|-supereffective|p2a: Speedwagon
|-damage|p2a: Speedwagon|51/100
|-supereffective|p2a: Speedwagon
|-damage|p2a: Speedwagon|1/100
|-hitcount|p2a: Speedwagon|2
|
|-heal|p2a: Speedwagon|7/100|[from] item: Black Sludge
|upkeep
|turn|34
|
|t:|1667521646
|move|p2a: Speedwagon|Pain Split|p1a: Melmetal
|-sethp|p1a: Melmetal|50/100|[from] move: Pain Split|[silent]
|-sethp|p2a: Speedwagon|66/100|[from] move: Pain Split
|move|p1a: Melmetal|Double Iron Bash|p2a: Speedwagon
|-supereffective|p2a: Speedwagon
|-damage|p2a: Speedwagon|14/100
|-supereffective|p2a: Speedwagon
|-damage|p2a: Speedwagon|0 fnt
|faint|p2a: Speedwagon
|-hitcount|p2: Speedwagon|2
|
|upkeep
|
|t:|1667521654
|switch|p2a: Bolt|Zapdos|100/100
|turn|35
|
|t:|1667521656
|move|p2a: Bolt|Heat Wave|p1a: Melmetal
|-supereffective|p1a: Melmetal
|-damage|p1a: Melmetal|19/100
|move|p1a: Melmetal|Ice Punch|p2a: Bolt
|-supereffective|p2a: Bolt
|-damage|p2a: Bolt|49/100
|
|upkeep
|turn|36
|
|t:|1667521658
|switch|p1a: rotomwash|Rotom-Wash|74/100 brn
|-damage|p1a: rotomwash|61/100 brn|[from] Stealth Rock
|move|p2a: Bolt|Roost|p2a: Bolt
|-heal|p2a: Bolt|99/100
|-singleturn|p2a: Bolt|move: Roost
|
|-heal|p1a: rotomwash|67/100 brn|[from] item: Leftovers
|-damage|p1a: rotomwash|61/100 brn|[from] brn
|upkeep
|turn|37
|
|t:|1667521660
|move|p1a: rotomwash|Nasty Plot|p1a: rotomwash
|-boost|p1a: rotomwash|spa|2
|move|p2a: Bolt|Volt Switch|p1a: rotomwash
|-damage|p1a: rotomwash|30/100 brn
|j| jjhyvn
|
|t:|1667521662
|switch|p2a: Jotaro|Zeraora|84/100|[from]move: Volt Switch
|
|-heal|p1a: rotomwash|37/100 brn|[from] item: Leftovers
|-damage|p1a: rotomwash|30/100 brn|[from] brn
|upkeep
|turn|38
|
|t:|1667521663
|switch|p1a: landorustherian|Landorus-Therian, M|3/100
|-damage|p1a: landorustherian|0 fnt|[from] Stealth Rock
|faint|p1a: landorustherian
|move|p2a: Jotaro|Plasma Fists|p1: landorustherian|[notarget]
|-fail|p2a: Jotaro
|
|upkeep
|
|t:|1667521663
|switch|p1a: Tangrowth|Tangrowth, M|100/100
|-damage|p1a: Tangrowth|88/100|[from] Stealth Rock
|-status|p1a: Tangrowth|psn
|turn|39
|
|t:|1667521666
|switch|p2a: Bolt|Zapdos|99/100
|move|p1a: Tangrowth|Sleep Powder|p2a: Bolt
|-status|p2a: Bolt|slp|[from] move: Sleep Powder
|
|-damage|p1a: Tangrowth|76/100 psn|[from] psn
|upkeep
|turn|40
|
|t:|1667521668
|switch|p1a: Melmetal|Melmetal|19/100
|-damage|p1a: Melmetal|13/100|[from] Stealth Rock
|cant|p2a: Bolt|slp
|
|upkeep
|turn|41
|
|t:|1667521670
|-curestatus|p2a: Bolt|slp|[msg]
|move|p2a: Bolt|Volt Switch|p1a: Melmetal
|-crit|p1a: Melmetal
|-damage|p1a: Melmetal|0 fnt
|faint|p1a: Melmetal
|
|t:|1667521673
|switch|p2a: Jotaro|Zeraora|84/100|[from]move: Volt Switch
|
|upkeep
|
|t:|1667521673
|switch|p1a: Tangrowth|Tangrowth, M|100/100 psn
|-damage|p1a: Tangrowth|88/100 psn|[from] Stealth Rock
|turn|42
|
|t:|1667521675
|switch|p2a: Gary|Gastrodon-East, M, shiny|100/100
|move|p1a: Tangrowth|Sleep Powder|p2a: Gary
|-status|p2a: Gary|slp|[from] move: Sleep Powder
|
|-damage|p1a: Tangrowth|76/100 psn|[from] psn
|upkeep
|turn|43
|
|t:|1667521677
|switch|p2a: Bolt|Zapdos|99/100
|move|p1a: Tangrowth|Giga Drain|p2a: Bolt
|-resisted|p2a: Bolt
|-damage|p2a: Bolt|85/100
|-heal|p1a: Tangrowth|82/100 psn|[from] drain|[of] p2a: Bolt
|
|-damage|p1a: Tangrowth|70/100 psn|[from] psn
|upkeep
|turn|44
|
|t:|1667521679
|switch|p1a: Heatran|Heatran, M|86/100
|-damage|p1a: Heatran|74/100|[from] Stealth Rock
|move|p2a: Bolt|Volt Switch|p1a: Heatran
|-damage|p1a: Heatran|43/100
|
|t:|1667521682
|switch|p2a: Jotaro|Zeraora|84/100|[from]move: Volt Switch
|
|upkeep
|turn|45
|
|t:|1667521684
|switch|p2a: Bolt|Zapdos|85/100
|switch|p1a: Tangrowth|Tangrowth, M|100/100 psn
|-damage|p1a: Tangrowth|88/100 psn|[from] Stealth Rock
|
|-damage|p1a: Tangrowth|76/100 psn|[from] psn
|upkeep
|turn|46
|
|t:|1667521689
|switch|p1a: Heatran|Heatran, M|43/100
|-damage|p1a: Heatran|31/100|[from] Stealth Rock
|move|p2a: Bolt|Heat Wave|p1a: Heatran
|-start|p1a: Heatran|ability: Flash Fire
|
|upkeep
|turn|47
|
|t:|1667521691
|move|p1a: Heatran|Magma Storm|p2a: Bolt|[miss]
|-miss|p1a: Heatran|p2a: Bolt
|move|p2a: Bolt|Volt Switch|p1a: Heatran
|-damage|p1a: Heatran|4/100
|
|t:|1667521693
|switch|p2a: Jotaro|Zeraora|84/100|[from]move: Volt Switch
|
|upkeep
|turn|48
|
|t:|1667521695
|move|p2a: Jotaro|Knock Off|p1a: Heatran
|-damage|p1a: Heatran|0 fnt
|faint|p1a: Heatran
|
|upkeep
|
|t:|1667521695
|switch|p1a: Tangrowth|Tangrowth, M|100/100 psn
|-damage|p1a: Tangrowth|88/100 psn|[from] Stealth Rock
|turn|49
|
|t:|1667521701
|switch|p2a: Bolt|Zapdos|85/100
|move|p1a: Tangrowth|Giga Drain|p2a: Bolt
|-resisted|p2a: Bolt
|-damage|p2a: Bolt|72/100
|-heal|p1a: Tangrowth|95/100 psn|[from] drain|[of] p2a: Bolt
|
|-damage|p1a: Tangrowth|82/100 psn|[from] psn
|upkeep
|turn|50
|
|t:|1667521704
|switch|p1a: rotomwash|Rotom-Wash|30/100 brn
|-damage|p1a: rotomwash|18/100 brn|[from] Stealth Rock
|move|p2a: Bolt|Roost|p2a: Bolt
|-heal|p2a: Bolt|100/100
|-singleturn|p2a: Bolt|move: Roost
|
|-heal|p1a: rotomwash|24/100 brn|[from] item: Leftovers
|-damage|p1a: rotomwash|18/100 brn|[from] brn
|upkeep
|turn|51
|
|t:|1667521707
|move|p1a: rotomwash|Pain Split|p2a: Bolt
|-sethp|p2a: Bolt|57/100|[from] move: Pain Split|[silent]
|-sethp|p1a: rotomwash|72/100 brn|[from] move: Pain Split
|move|p2a: Bolt|Volt Switch|p1a: rotomwash
|-damage|p1a: rotomwash|40/100 brn
|j| Burnt Bright
|
|t:|1667521710
|switch|p2a: Jotaro|Zeraora|84/100|[from]move: Volt Switch
|
|-heal|p1a: rotomwash|47/100 brn|[from] item: Leftovers
|-damage|p1a: rotomwash|40/100 brn|[from] brn
|upkeep
|turn|52
|
|t:|1667521713
|move|p2a: Jotaro|Plasma Fists|p1a: rotomwash
|-damage|p1a: rotomwash|0 fnt
|-fieldactivate|move: Ion Deluge
|-hint|Normal-type moves become Electric-type after using Plasma Fists.
|faint|p1a: rotomwash
|
|upkeep
|
|t:|1667521713
|switch|p1a: Tangrowth|Tangrowth, M|100/100 psn
|-damage|p1a: Tangrowth|88/100 psn|[from] Stealth Rock
|turn|53
|
|t:|1667521719
|move|p2a: Jotaro|Plasma Fists|p1a: Tangrowth
|-resisted|p1a: Tangrowth
|-damage|p1a: Tangrowth|75/100 psn
|-fieldactivate|move: Ion Deluge
|-hint|Normal-type moves become Electric-type after using Plasma Fists.
|-damage|p2a: Jotaro|68/100|[from] item: Rocky Helmet|[of] p1a: Tangrowth
|move|p1a: Tangrowth|Giga Drain|p2a: Jotaro
|-damage|p2a: Jotaro|29/100
|-heal|p1a: Tangrowth|91/100 psn|[from] drain|[of] p2a: Jotaro
|
|-damage|p1a: Tangrowth|78/100 psn|[from] psn
|upkeep
|turn|54
|j| zttyt
|
|t:|1667521725
|switch|p2a: Bolt|Zapdos|57/100
|move|p1a: Tangrowth|Giga Drain|p2a: Bolt
|-resisted|p2a: Bolt
|-damage|p2a: Bolt|44/100
|-heal|p1a: Tangrowth|85/100 psn|[from] drain|[of] p2a: Bolt
|
|-damage|p1a: Tangrowth|73/100 psn|[from] psn
|upkeep
|turn|55
|
|t:|1667521727
|switch|p1a: Weavile|Weavile, F|72/100
|-damage|p1a: Weavile|47/100|[from] Stealth Rock
|-status|p1a: Weavile|psn
|-ability|p1a: Weavile|Pressure
|move|p2a: Bolt|Roost|p2a: Bolt
|-heal|p2a: Bolt|94/100
|-singleturn|p2a: Bolt|move: Roost
|
|-damage|p1a: Weavile|34/100 psn|[from] psn
|upkeep
|turn|56
|
|t:|1667521731
|switch|p2a: Gary|Gastrodon-East, M, shiny|100/100 slp
|move|p1a: Weavile|Triple Axel|p2a: Gary
|-damage|p2a: Gary|84/100 slp
|-damage|p2a: Gary|53/100 slp
|-damage|p2a: Gary|5/100 slp
|-hitcount|p2a: Gary|3
|
|-damage|p1a: Weavile|22/100 psn|[from] psn
|upkeep
|turn|57
|
|t:|1667521733
|move|p1a: Weavile|Triple Axel|p2a: Gary
|-damage|p2a: Gary|0 fnt
|faint|p2a: Gary
|-hitcount|p2: Gary|1
|
|-damage|p1a: Weavile|9/100 psn|[from] psn
|upkeep
|
|t:|1667521735
|switch|p2a: Jotaro|Zeraora|29/100
|turn|58
|
|t:|1667521738
|move|p2a: Jotaro|Close Combat|p1a: Weavile
|-supereffective|p1a: Weavile
|-damage|p1a: Weavile|0 fnt
|-unboost|p2a: Jotaro|def|1
|-unboost|p2a: Jotaro|spd|1
|faint|p1a: Weavile
|
|upkeep
|
|t:|1667521738
|switch|p1a: Tangrowth|Tangrowth, M|100/100 psn
|-damage|p1a: Tangrowth|88/100 psn|[from] Stealth Rock
|turn|59
|
|t:|1667521739
|move|p2a: Jotaro|Close Combat|p1a: Tangrowth
|-damage|p1a: Tangrowth|69/100 psn
|-unboost|p2a: Jotaro|def|1
|-unboost|p2a: Jotaro|spd|1
|-damage|p2a: Jotaro|12/100|[from] item: Rocky Helmet|[of] p1a: Tangrowth
|move|p1a: Tangrowth|Knock Off|p2a: Jotaro
|-damage|p2a: Jotaro|0 fnt
|-enditem|p2a: Jotaro|Heavy-Duty Boots|[from] move: Knock Off|[of] p1a: Tangrowth
|faint|p2a: Jotaro
|
|-damage|p1a: Tangrowth|56/100 psn|[from] psn
|upkeep
|
|t:|1667521741
|switch|p2a: Bolt|Zapdos|94/100
|turn|60
|
|t:|1667521742
|move|p2a: Bolt|Heat Wave|p1a: Tangrowth
|-supereffective|p1a: Tangrowth
|-damage|p1a: Tangrowth|0 fnt
|faint|p1a: Tangrowth
|
|win|Steez Ibanez
|raw|minimax_ai's rating: 1726 &rarr; <strong>1713</strong><br />(-13 for losing)
|raw|Steez Ibanez's rating: 1845 &rarr; <strong>1858</strong><br />(+13 for winning)
|c|☆minimax_ai|gg
