|j|☆mizu meus
|j|☆wuilan jie
|t:|1655384480
|gametype|singles
|player|p1|mizu meus|cynthia-gen4|1418
|player|p2|wuilan jie|red|1550
|teamsize|p1|6
|teamsize|p2|6
|gen|8
|tier|[Gen 8] OU
|rated|
|rule|Sleep Clause Mod: Limit one foe put to sleep
|rule|Species Clause: Limit one of each Pokémon
|rule|OHKO Clause: OHKO moves are banned
|rule|Evasion Moves Clause: Evasion moves are banned
|rule|Endless Battle Clause: Forcing endless battles is banned
|rule|HP Percentage Mod: HP is shown in percentages
|rule|Dynamax Clause: You cannot dynamax
|clearpoke
|poke|p1|Kartana|
|poke|p1|Slowking, M|
|poke|p1|Tyranitar, F|
|poke|p1|Buzzwole|
|poke|p1|Zapdos|
|poke|p1|Garchomp, F|
|poke|p2|Celesteela|
|poke|p2|Garchomp, F|
|poke|p2|Kartana|
|poke|p2|Ditto|
|poke|p2|Dragapult, F|
|poke|p2|Rotom-Heat|
|teampreview
|inactive|Battle timer is ON: inactive players will automatically lose when time's up. (requested by mizu meus)
|inactive|mizu meus has 120 seconds left.
|
|t:|1655384525
|start
|switch|p1a: Tyranitar|Tyranitar, F|100/100
|switch|p2a: Rotom|Rotom-Heat|100/100
|-weather|Sandstorm|[from] ability: Sand Stream|[of] p1a: Tyranitar
|turn|1
|
|t:|1655384540
|move|p2a: Rotom|Volt Switch|p1a: Tyranitar
|-damage|p1a: Tyranitar|78/100
|
|t:|1655384554
|switch|p2a: Celesteela|Celesteela|100/100|[from]move: Volt Switch
|move|p1a: Tyranitar|Stealth Rock|p2a: Celesteela
|-sidestart|p2: wuilan jie|move: Stealth Rock
|
|-weather|Sandstorm|[upkeep]
|-heal|p1a: Tyranitar|84/100|[from] item: Leftovers
|upkeep
|turn|2
|
|t:|1655384569
|move|p1a: Tyranitar|Thunder Wave|p2a: Celesteela
|-status|p2a: Celesteela|par
|move|p2a: Celesteela|Leech Seed|p1a: Tyranitar
|-start|p1a: Tyranitar|move: Leech Seed
|
|-weather|Sandstorm|[upkeep]
|-heal|p1a: Tyranitar|91/100|[from] item: Leftovers
|-damage|p1a: Tyranitar|78/100|[from] Leech Seed|[of] p2a: Celesteela
|upkeep
|turn|3
|
|t:|1655384577
|switch|p1a: Slowking|Slowking, M|100/100
|move|p2a: Celesteela|Substitute|p2a: Celesteela
|-start|p2a: Celesteela|Substitute
|-damage|p2a: Celesteela|76/100 par
|
|-weather|Sandstorm|[upkeep]
|-damage|p1a: Slowking|94/100|[from] Sandstorm
|-heal|p2a: Celesteela|82/100 par|[from] item: Leftovers
|upkeep
|turn|4
|
|t:|1655384583
|move|p2a: Celesteela|Leech Seed|p1a: Slowking
|-start|p1a: Slowking|move: Leech Seed
|move|p1a: Slowking|Future Sight|p2a: Celesteela
|-start|p1a: Slowking|move: Future Sight
|
|-weather|Sandstorm|[upkeep]
|-damage|p1a: Slowking|88/100|[from] Sandstorm
|-heal|p2a: Celesteela|88/100 par|[from] item: Leftovers
|-damage|p1a: Slowking|76/100|[from] Leech Seed|[of] p2a: Celesteela
|-heal|p2a: Celesteela|99/100 par|[silent]
|upkeep
|turn|5
|
|t:|1655384592
|move|p2a: Celesteela|Flamethrower|p1a: Slowking
|-resisted|p1a: Slowking
|-damage|p1a: Slowking|69/100
|move|p1a: Slowking|Scald|p2a: Celesteela
|-activate|p2a: Celesteela|move: Substitute|[damage]
|
|-weather|none
|-heal|p2a: Celesteela|100/100 par|[from] item: Leftovers
|-damage|p1a: Slowking|56/100|[from] Leech Seed|[of] p2a: Celesteela
|upkeep
|turn|6
|
|t:|1655384607
|move|p2a: Celesteela|Leech Seed||[still]
|-fail|p2a: Celesteela
|move|p1a: Slowking|Teleport|p1a: Slowking
|
|t:|1655384612
|switch|p1a: Garchomp|Garchomp, F|100/100|[from]move: Teleport
|
|-end|p2a: Celesteela|move: Future Sight
|-resisted|p2a: Celesteela
|-end|p2a: Celesteela|Substitute
|upkeep
|turn|7
|
|t:|1655384620
|move|p1a: Garchomp|Swords Dance|p1a: Garchomp
|-boost|p1a: Garchomp|atk|2
|cant|p2a: Celesteela|par
|
|upkeep
|turn|8
|
|t:|1655384625
|move|p1a: Garchomp|Fire Fang|p2a: Celesteela
|-supereffective|p2a: Celesteela
|-damage|p2a: Celesteela|33/100 par
|move|p2a: Celesteela|Leech Seed|p1a: Garchomp
|-start|p1a: Garchomp|move: Leech Seed
|
|-heal|p2a: Celesteela|39/100 par|[from] item: Leftovers
|-damage|p1a: Garchomp|88/100|[from] Leech Seed|[of] p2a: Celesteela
|-heal|p2a: Celesteela|50/100 par|[silent]
|upkeep
|turn|9
|
|t:|1655384633
|move|p2a: Celesteela|Protect|p2a: Celesteela
|-singleturn|p2a: Celesteela|Protect
|move|p1a: Garchomp|Fire Fang|p2a: Celesteela
|-activate|p2a: Celesteela|move: Protect
|
|-heal|p1a: Garchomp|94/100|[from] item: Leftovers
|-heal|p2a: Celesteela|56/100 par|[from] item: Leftovers
|-damage|p1a: Garchomp|82/100|[from] Leech Seed|[of] p2a: Celesteela
|-heal|p2a: Celesteela|67/100 par|[silent]
|upkeep
|turn|10
|
|t:|1655384657
|switch|p2a: Ditto|Ditto, shiny|100/100
|-damage|p2a: Ditto|88/100|[from] Stealth Rock
|-transform|p2a: Ditto|p1a: Garchomp|[from] ability: Imposter
|move|p1a: Garchomp|Scale Shot|p2a: Ditto
|-supereffective|p2a: Ditto
|-damage|p2a: Ditto|30/100
|-supereffective|p2a: Ditto
|-damage|p2a: Ditto|0 fnt
|faint|p2a: Ditto
|-hitcount|p2: Ditto|2
|-unboost|p1a: Garchomp|def|1
|-boost|p1a: Garchomp|spe|1
|
|-heal|p1a: Garchomp|88/100|[from] item: Leftovers
|upkeep
|-message|wuilan jie forfeited.
|
|win|mizu meus
|raw|mizu meus's rating: 1418 &rarr; <strong>1445</strong><br />(+27 for winning)
|raw|wuilan jie's rating: 1550 &rarr; <strong>1523</strong><br />(-27 for losing)
|l|☆wuilan jie
|c|☆mizu meus|gg
||Ladder isn't responding, score probably updated but might not have (Request timeout).
