|j|☆pivottowin
|j|☆Maitredouard2
|t:|1639470310
|gametype|singles
|player|p1|pivottowin|backersf|1525
|player|p2|Maitredouard2|266|1639
|teamsize|p1|6
|teamsize|p2|6
|gen|8
|tier|[Gen 8] OU
|rated|
|rule|Sleep Clause Mod: Limit one foe put to sleep
|rule|Species Clause: Limit one of each Pokémon
|rule|OHKO Clause: OHKO moves are banned
|rule|Evasion Moves Clause: Evasion moves are banned
|rule|Endless Battle Clause: Forcing endless battles is banned
|rule|HP Percentage Mod: HP is shown in percentages
|rule|Dynamax Clause: You cannot dynamax
|clearpoke
|poke|p1|Landorus-Therian, M|
|poke|p1|Cobalion|
|poke|p1|Toxapex, M|
|poke|p1|Zapdos|
|poke|p1|Tapu Koko|
|poke|p1|Gengar, F|
|poke|p2|Mandibuzz, F|
|poke|p2|Landorus-Therian, M|
|poke|p2|Blissey, F|
|poke|p2|Heatran, M|
|poke|p2|Toxapex, F|
|poke|p2|Dragapult, M|
|teampreview
|
|t:|1639470340
|start
|switch|p1a: Landorus|Landorus-Therian, M|100/100
|switch|p2a: Mandibuzz|Mandibuzz, F|100/100
|-ability|p1a: Landorus|Intimidate|boost
|-unboost|p2a: Mandibuzz|atk|1
|turn|1
|inactive|Battle timer is ON: inactive players will automatically lose when time's up. (requested by Maitredouard2)
|
|t:|1639470355
|switch|p1a: Cobalion|Cobalion|100/100
|move|p2a: Mandibuzz|Foul Play|p1a: Cobalion
|-resisted|p1a: Cobalion
|-damage|p1a: Cobalion|83/100
|-damage|p2a: Mandibuzz|84/100|[from] item: Rocky Helmet|[of] p1a: Cobalion
|-ability|p1a: Cobalion|Justified|boost
|-boost|p1a: Cobalion|atk|1
|
|upkeep
|turn|2
|
|t:|1639470373
|switch|p1a: Landorus|Landorus-Therian, M|100/100
|-ability|p1a: Landorus|Intimidate|boost
|-unboost|p2a: Mandibuzz|atk|1
|move|p2a: Mandibuzz|Taunt|p1a: Landorus
|-start|p1a: Landorus|move: Taunt
|
|upkeep
|turn|3
|j| Hitigo
|
|t:|1639470381
|move|p1a: Landorus|Knock Off|p2a: Mandibuzz
|-resisted|p2a: Mandibuzz
|-damage|p2a: Mandibuzz|74/100
|-enditem|p2a: Mandibuzz|Heavy-Duty Boots|[from] move: Knock Off|[of] p1a: Landorus
|move|p2a: Mandibuzz|Foul Play|p1a: Landorus
|-damage|p1a: Landorus|60/100
|
|upkeep
|turn|4
|
|t:|1639470389
|move|p1a: Landorus|U-turn|p2a: Mandibuzz
|-damage|p2a: Mandibuzz|59/100
|
|t:|1639470390
|switch|p1a: Cobalion|Cobalion|83/100|[from]move: U-turn
|move|p2a: Mandibuzz|Toxic|p1a: Cobalion
|-immune|p1a: Cobalion
|
|upkeep
|turn|5
|
|t:|1639470397
|move|p1a: Cobalion|Stealth Rock|p2a: Mandibuzz
|-sidestart|p2: Maitredouard2|move: Stealth Rock
|move|p2a: Mandibuzz|Roost|p2a: Mandibuzz
|-heal|p2a: Mandibuzz|100/100
|-singleturn|p2a: Mandibuzz|move: Roost
|
|upkeep
|turn|6
|
|t:|1639470410
|move|p1a: Cobalion|Thunder Wave|p2a: Mandibuzz
|-status|p2a: Mandibuzz|par
|move|p2a: Mandibuzz|Toxic|p1a: Cobalion
|-immune|p1a: Cobalion
|
|upkeep
|turn|7
|
|t:|1639470418
|move|p1a: Cobalion|Close Combat|p2a: Mandibuzz
|-damage|p2a: Mandibuzz|66/100 par
|-unboost|p1a: Cobalion|def|1
|-unboost|p1a: Cobalion|spd|1
|move|p2a: Mandibuzz|Toxic|p1a: Cobalion
|-immune|p1a: Cobalion
|
|upkeep
|turn|8
|
|t:|1639470426
|move|p1a: Cobalion|Close Combat|p2a: Mandibuzz
|-damage|p2a: Mandibuzz|34/100 par
|-unboost|p1a: Cobalion|def|1
|-unboost|p1a: Cobalion|spd|1
|move|p2a: Mandibuzz|Roost|p2a: Mandibuzz
|-heal|p2a: Mandibuzz|84/100 par
|-singleturn|p2a: Mandibuzz|move: Roost
|
|upkeep
|turn|9
|
|t:|1639470435
|switch|p1a: Zapdos|Zapdos|100/100
|move|p2a: Mandibuzz|Foul Play|p1a: Zapdos
|-damage|p1a: Zapdos|82/100
|
|upkeep
|turn|10
|
|t:|1639470441
|move|p1a: Zapdos|Volt Switch|p2a: Mandibuzz
|-supereffective|p2a: Mandibuzz
|-damage|p2a: Mandibuzz|41/100 par
|
|t:|1639470454
|switch|p1a: Tapu Koko|Tapu Koko|100/100|[from]move: Volt Switch
|-fieldstart|move: Electric Terrain|[from] ability: Electric Surge|[of] p1a: Tapu Koko
|move|p2a: Mandibuzz|Toxic|p1a: Tapu Koko
|-status|p1a: Tapu Koko|tox
|
|-damage|p1a: Tapu Koko|94/100 tox|[from] psn
|upkeep
|turn|11
|
|t:|1639470465
|move|p1a: Tapu Koko|Wild Charge|p2a: Mandibuzz
|-supereffective|p2a: Mandibuzz
|-damage|p2a: Mandibuzz|0 fnt
|faint|p2a: Mandibuzz
|-damage|p1a: Tapu Koko|79/100 tox|[from] Recoil
|
|-damage|p1a: Tapu Koko|67/100 tox|[from] psn
|upkeep
|
|t:|1639470474
|switch|p2a: Dragapult|Dragapult, M|100/100
|-damage|p2a: Dragapult|88/100|[from] Stealth Rock
|turn|12
|
|t:|1639470487
|switch|p1a: Toxapex|Toxapex, M|100/100
|move|p2a: Dragapult|Shadow Ball|p1a: Toxapex
|-damage|p1a: Toxapex|66/100
|
|-heal|p1a: Toxapex|72/100|[from] item: Black Sludge
|upkeep
|turn|13
|
|t:|1639470496
|switch|p2a: Toxapex|Toxapex, F|100/100
|-damage|p2a: Toxapex|88/100|[from] Stealth Rock
|move|p1a: Toxapex|Recover|p1a: Toxapex
|-heal|p1a: Toxapex|100/100
|
|upkeep
|turn|14
|
|t:|1639470506
|switch|p1a: Tapu Koko|Tapu Koko|67/100 tox
|move|p2a: Toxapex|Scald|p1a: Tapu Koko
|-damage|p1a: Tapu Koko|42/100 tox
|
|-damage|p1a: Tapu Koko|36/100 tox|[from] psn
|-fieldend|move: Electric Terrain
|upkeep
|turn|15
|
|t:|1639470516
|switch|p2a: Landorus|Landorus-Therian, M|100/100
|-damage|p2a: Landorus|88/100|[from] Stealth Rock
|-ability|p2a: Landorus|Intimidate|boost
|-unboost|p1a: Tapu Koko|atk|1
|move|p1a: Tapu Koko|U-turn|p2a: Landorus
|-resisted|p2a: Landorus
|-damage|p2a: Landorus|75/100
|
|t:|1639470527
|switch|p1a: Landorus|Landorus-Therian, M|60/100|[from]move: U-turn
|-ability|p1a: Landorus|Intimidate|boost
|-unboost|p2a: Landorus|atk|1
|
|upkeep
|turn|16
|
|t:|1639470534
|move|p2a: Landorus|U-turn|p1a: Landorus
|-resisted|p1a: Landorus
|-damage|p1a: Landorus|52/100
|
|t:|1639470537
|switch|p2a: Toxapex|Toxapex, F|100/100|[from]move: U-turn
|-damage|p2a: Toxapex|88/100|[from] Stealth Rock
|move|p1a: Landorus|Knock Off|p2a: Toxapex
|-damage|p2a: Toxapex|69/100
|-damage|p1a: Landorus|36/100|[from] item: Rocky Helmet|[of] p2a: Toxapex
|-enditem|p2a: Toxapex|Rocky Helmet|[from] move: Knock Off|[of] p1a: Landorus
|
|upkeep
|turn|17
|j| hardik27
|
|t:|1639470547
|move|p1a: Landorus|Earthquake|p2a: Toxapex
|-supereffective|p2a: Toxapex
|-damage|p2a: Toxapex|9/100
|move|p2a: Toxapex|Scald|p1a: Landorus
|-supereffective|p1a: Landorus
|-damage|p1a: Landorus|18/100
|
|upkeep
|turn|18
|
|t:|1639470556
|move|p1a: Landorus|Knock Off|p2a: Toxapex
|-damage|p2a: Toxapex|0 fnt
|faint|p2a: Toxapex
|
|upkeep
|
|t:|1639470560
|switch|p2a: Dragapult|Dragapult, M|88/100
|-damage|p2a: Dragapult|76/100|[from] Stealth Rock
|turn|19
|
|t:|1639470578
|switch|p1a: Toxapex|Toxapex, M|100/100
|move|p2a: Dragapult|Shadow Ball|p1a: Toxapex
|-damage|p1a: Toxapex|67/100
|-unboost|p1a: Toxapex|spd|1
|
|-heal|p1a: Toxapex|73/100|[from] item: Black Sludge
|upkeep
|turn|20
|
|t:|1639470588
|move|p2a: Dragapult|Shadow Ball|p1a: Toxapex
|-damage|p1a: Toxapex|27/100
|move|p1a: Toxapex|Recover|p1a: Toxapex
|-heal|p1a: Toxapex|77/100
|
|-heal|p1a: Toxapex|84/100|[from] item: Black Sludge
|upkeep
|turn|21
|
|t:|1639470601
|move|p2a: Dragapult|Shadow Ball|p1a: Toxapex
|-damage|p1a: Toxapex|32/100
|move|p1a: Toxapex|Recover|p1a: Toxapex
|-heal|p1a: Toxapex|82/100
|
|-heal|p1a: Toxapex|88/100|[from] item: Black Sludge
|upkeep
|turn|22
|
|t:|1639470612
|switch|p1a: Landorus|Landorus-Therian, M|18/100
|-ability|p1a: Landorus|Intimidate|boost
|-unboost|p2a: Dragapult|atk|1
|move|p2a: Dragapult|Shadow Ball|p1a: Landorus
|-damage|p1a: Landorus|0 fnt
|faint|p1a: Landorus
|
|upkeep
|
|t:|1639470615
|switch|p1a: Gengar|Gengar, F|100/100
|turn|23
|
|t:|1639470623
|switch|p2a: Blissey|Blissey, F|100/100
|move|p1a: Gengar|Shadow Ball|p2a: Blissey
|-immune|p2a: Blissey
|
|upkeep
|turn|24
|
|t:|1639470639
|switch|p1a: Toxapex|Toxapex, M|100/100
|move|p2a: Blissey|Teleport|p2a: Blissey
|
|t:|1639470644
|switch|p2a: Heatran|Heatran, M|100/100|[from]move: Teleport
|-damage|p2a: Heatran|88/100|[from] Stealth Rock
|-item|p2a: Heatran|Air Balloon
|
|upkeep
|turn|25
|
|t:|1639470653
|move|p2a: Heatran|Magma Storm|p1a: Toxapex|[miss]
|-miss|p2a: Heatran|p1a: Toxapex
|move|p1a: Toxapex|Scald|p2a: Heatran
|-supereffective|p2a: Heatran
|-damage|p2a: Heatran|59/100
|-enditem|p2a: Heatran|Air Balloon
|
|upkeep
|turn|26
|
|t:|1639470662
|move|p2a: Heatran|Magma Storm|p1a: Toxapex|[miss]
|-miss|p2a: Heatran|p1a: Toxapex
|move|p1a: Toxapex|Scald|p2a: Heatran
|-supereffective|p2a: Heatran
|-damage|p2a: Heatran|32/100
|
|upkeep
|turn|27
|c|☆pivottowin|sorry
|
|t:|1639470669
|move|p2a: Heatran|Earth Power|p1a: Toxapex
|-supereffective|p1a: Toxapex
|-damage|p1a: Toxapex|58/100
|-unboost|p1a: Toxapex|spd|1
|move|p1a: Toxapex|Scald|p2a: Heatran
|-supereffective|p2a: Heatran
|-damage|p2a: Heatran|4/100
|
|-heal|p1a: Toxapex|65/100|[from] item: Black Sludge
|upkeep
|turn|28
|
|t:|1639470680
|move|p2a: Heatran|Earth Power|p1a: Toxapex
|-supereffective|p1a: Toxapex
|-damage|p1a: Toxapex|0 fnt
|faint|p1a: Toxapex
|
|upkeep
|
|t:|1639470687
|switch|p1a: Tapu Koko|Tapu Koko|36/100 tox
|-fieldstart|move: Electric Terrain|[from] ability: Electric Surge|[of] p1a: Tapu Koko
|turn|29
|
|t:|1639470691
|move|p1a: Tapu Koko|U-turn|p2a: Heatran
|-resisted|p2a: Heatran
|-damage|p2a: Heatran|0 fnt
|faint|p2a: Heatran
|
|t:|1639470695
|switch|p1a: Gengar|Gengar, F|100/100|[from]move: U-turn
|
|upkeep
|
|t:|1639470700
|switch|p2a: Blissey|Blissey, F|100/100
|turn|30
|
|t:|1639470706
|switch|p1a: Cobalion|Cobalion|83/100
|move|p2a: Blissey|Teleport|p2a: Blissey
|
|t:|1639470712
|switch|p2a: Landorus|Landorus-Therian, M|75/100|[from]move: Teleport
|-damage|p2a: Landorus|62/100|[from] Stealth Rock
|-ability|p2a: Landorus|Intimidate|boost
|-unboost|p1a: Cobalion|atk|1
|
|upkeep
|turn|31
|
|t:|1639470720
|switch|p1a: Zapdos|Zapdos|82/100
|move|p2a: Landorus|Earthquake|p1a: Zapdos
|-immune|p1a: Zapdos
|
|upkeep
|turn|32
|
|t:|1639470729
|switch|p2a: Dragapult|Dragapult, M|76/100
|-damage|p2a: Dragapult|64/100|[from] Stealth Rock
|move|p1a: Zapdos|Heat Wave|p2a: Dragapult|[miss]
|-miss|p1a: Zapdos|p2a: Dragapult
|
|upkeep
|turn|33
|
|t:|1639470737
|move|p2a: Dragapult|Shadow Ball|p1a: Zapdos
|-damage|p1a: Zapdos|31/100
|move|p1a: Zapdos|Volt Switch|p2a: Dragapult
|-resisted|p2a: Dragapult
|-damage|p2a: Dragapult|44/100
|
|t:|1639470740
|switch|p1a: Gengar|Gengar, F|100/100|[from]move: Volt Switch
|
|-fieldend|move: Electric Terrain
|upkeep
|turn|34
|
|t:|1639470749
|move|p1a: Gengar|Shadow Ball|p2a: Dragapult
|-supereffective|p2a: Dragapult
|-damage|p2a: Dragapult|0 fnt
|faint|p2a: Dragapult
|
|upkeep
|
|t:|1639470755
|switch|p2a: Blissey|Blissey, F|100/100
|turn|35
|
|t:|1639470760
|switch|p1a: Zapdos|Zapdos|31/100
|move|p2a: Blissey|Seismic Toss|p1a: Zapdos
|-damage|p1a: Zapdos|5/100
|
|upkeep
|turn|36
|
|t:|1639470767
|move|p1a: Zapdos|Roost|p1a: Zapdos
|-heal|p1a: Zapdos|55/100
|-singleturn|p1a: Zapdos|move: Roost
|move|p2a: Blissey|Toxic|p1a: Zapdos
|-status|p1a: Zapdos|tox
|
|-damage|p1a: Zapdos|49/100 tox|[from] psn
|upkeep
|turn|37
|
|t:|1639470778
|move|p1a: Zapdos|Volt Switch|p2a: Blissey
|-damage|p2a: Blissey|90/100
|
|t:|1639470781
|switch|p1a: Gengar|Gengar, F|100/100|[from]move: Volt Switch
|move|p2a: Blissey|Seismic Toss|p1a: Gengar
|-immune|p1a: Gengar
|
|upkeep
|turn|38
|
|t:|1639470790
|switch|p1a: Cobalion|Cobalion|83/100
|move|p2a: Blissey|Teleport|p2a: Blissey
|
|t:|1639470793
|switch|p2a: Landorus|Landorus-Therian, M|62/100|[from]move: Teleport
|-damage|p2a: Landorus|50/100|[from] Stealth Rock
|-ability|p2a: Landorus|Intimidate|boost
|-unboost|p1a: Cobalion|atk|1
|
|upkeep
|turn|39
|
|t:|1639470803
|switch|p1a: Zapdos|Zapdos|49/100 tox
|move|p2a: Landorus|Earthquake|p1a: Zapdos
|-immune|p1a: Zapdos
|
|-damage|p1a: Zapdos|43/100 tox|[from] psn
|upkeep
|turn|40
|
|t:|1639470811
|move|p2a: Landorus|Earthquake|p1a: Zapdos
|-immune|p1a: Zapdos
|move|p1a: Zapdos|Roost|p1a: Zapdos
|-heal|p1a: Zapdos|93/100 tox
|-singleturn|p1a: Zapdos|move: Roost
|
|-damage|p1a: Zapdos|81/100 tox|[from] psn
|upkeep
|turn|41
|
|t:|1639470821
|move|p2a: Landorus|Earthquake|p1a: Zapdos
|-immune|p1a: Zapdos
|move|p1a: Zapdos|Heat Wave|p2a: Landorus
|-damage|p2a: Landorus|18/100
|
|-damage|p1a: Zapdos|63/100 tox|[from] psn
|upkeep
|turn|42
|
|t:|1639470829
|switch|p2a: Blissey|Blissey, F|90/100
|move|p1a: Zapdos|Heat Wave|p2a: Blissey
|-damage|p2a: Blissey|80/100
|
|-damage|p1a: Zapdos|39/100 tox|[from] psn
|upkeep
|turn|43
|
|t:|1639470839
|switch|p1a: Tapu Koko|Tapu Koko|36/100 tox
|-fieldstart|move: Electric Terrain|[from] ability: Electric Surge|[of] p1a: Tapu Koko
|move|p2a: Blissey|Seismic Toss|p1a: Tapu Koko
|-damage|p1a: Tapu Koko|1/100 tox
|
|-damage|p1a: Tapu Koko|0 fnt|[from] psn
|faint|p1a: Tapu Koko
|upkeep
|
|t:|1639470841
|switch|p1a: Cobalion|Cobalion|83/100
|turn|44
|
|t:|1639470853
|move|p1a: Cobalion|Close Combat|p2a: Blissey
|-supereffective|p2a: Blissey
|-damage|p2a: Blissey|0 fnt
|-unboost|p1a: Cobalion|def|1
|-unboost|p1a: Cobalion|spd|1
|faint|p2a: Blissey
|
|upkeep
|-message|Maitredouard2 forfeited.
|
|win|pivottowin
|raw|pivottowin's rating: 1525 &rarr; <strong>1551</strong><br />(+26 for winning)
|raw|Maitredouard2's rating: 1639 &rarr; <strong>1613</strong><br />(-26 for losing)
|l|☆Maitredouard2
|j| OUTM nitty
|c|☆pivottowin|gg
|c|☆pivottowin|yo wassup nitty
|c|☆pivottowin|love your videos
|l| Hitigo
|l|☆pivottowin
|l| hardik27
