|j|☆quino666
|j|☆testotesto321
|player|p1|quino666|266|1671
|player|p2|testotesto321|bellelba|1639
|teamsize|p1|6
|teamsize|p2|6
|gametype|singles
|gen|8
|tier|[Gen 8] OU
|rated|
|html|<div class="broadcast-blue"><strong>OU is currently suspecting Dracovish! For information on how to participate check out the <a href="https://www.smogon.com/forums/threads/3664521/">suspect thread</a>.</strong></div>
|clearpoke
|poke|p1|Keldeo-Resolute|
|poke|p1|Ferrothorn, F|
|poke|p1|Rotom-Heat|
|poke|p1|Kyurem|
|poke|p1|Togekiss, F|
|poke|p1|Diggersby, F|
|poke|p2|Gengar, M|
|poke|p2|Conkeldurr, M|
|poke|p2|Rotom-Heat|
|poke|p2|Clefable, F|
|poke|p2|Mandibuzz, F|
|poke|p2|Toxapex, F|
|rule|Sleep Clause Mod: Limit one foe put to sleep
|rule|Species Clause: Limit one of each Pokémon
|rule|OHKO Clause: OHKO moves are banned
|rule|Evasion Moves Clause: Evasion moves are banned
|rule|Endless Battle Clause: Forcing endless battles is banned
|rule|HP Percentage Mod: HP is shown in percentages
|rule|Dynamax Clause: You cannot dynamax
|teampreview
|
|start
|switch|p1a: Diggersby|Diggersby, F|100/100
|switch|p2a: Clefable|Clefable, F|100/100
|turn|1
|
|switch|p2a: Rotom|Rotom-Heat|100/100
|move|p1a: Diggersby|Swords Dance|p1a: Diggersby
|-boost|p1a: Diggersby|atk|2
|
|upkeep
|turn|2
|
|move|p1a: Diggersby|Quick Attack|p2a: Rotom
|-damage|p2a: Rotom|5/100
|-damage|p1a: Diggersby|91/100|[from] item: Life Orb
|move|p2a: Rotom|Overheat|p1a: Diggersby
|-damage|p1a: Diggersby|12/100
|-unboost|p2a: Rotom|spa|2
|
|upkeep
|turn|3
|
|move|p2a: Rotom|Overheat|p1a: Diggersby
|-damage|p1a: Diggersby|0 fnt
|-unboost|p2a: Rotom|spa|2
|faint|p1a: Diggersby
|
|upkeep
|
|switch|p1a: Keldeo|Keldeo-Resolute|100/100
|turn|4
|
|switch|p2a: Clefable|Clefable, F|100/100
|move|p1a: Keldeo|Substitute|p1a: Keldeo
|-start|p1a: Keldeo|Substitute
|-damage|p1a: Keldeo|76/100
|
|-heal|p1a: Keldeo|82/100|[from] item: Leftovers
|upkeep
|turn|5
|
|move|p1a: Keldeo|Scald|p2a: Clefable
|-damage|p2a: Clefable|74/100
|move|p2a: Clefable|Moonblast|p1a: Keldeo
|-supereffective|p1a: Keldeo
|-end|p1a: Keldeo|Substitute
|
|-heal|p1a: Keldeo|88/100|[from] item: Leftovers
|-heal|p2a: Clefable|80/100|[from] item: Leftovers
|upkeep
|turn|6
|
|switch|p1a: Ferrothorn|Ferrothorn, F|100/100
|move|p2a: Clefable|Thunder Wave|p1a: Ferrothorn
|-status|p1a: Ferrothorn|par
|
|-heal|p2a: Clefable|86/100|[from] item: Leftovers
|upkeep
|turn|7
|
|move|p2a: Clefable|Stealth Rock|p1a: Ferrothorn
|-sidestart|p1: quino666|move: Stealth Rock
|move|p1a: Ferrothorn|Knock Off|p2a: Clefable
|-resisted|p2a: Clefable
|-damage|p2a: Clefable|74/100
|-enditem|p2a: Clefable|Leftovers|[from] move: Knock Off|[of] p1a: Ferrothorn
|
|upkeep
|turn|8
|
|move|p2a: Clefable|Soft-Boiled|p2a: Clefable
|-heal|p2a: Clefable|100/100
|cant|p1a: Ferrothorn|par
|
|upkeep
|turn|9
|
|switch|p2a: Conkeldurr|Conkeldurr, M|100/100
|move|p1a: Ferrothorn|Stealth Rock|p2a: Conkeldurr
|-sidestart|p2: testotesto321|move: Stealth Rock
|
|-status|p2a: Conkeldurr|brn|[from] item: Flame Orb
|upkeep
|turn|10
|
|switch|p1a: Togekiss|Togekiss, F|100/100
|move|p2a: Conkeldurr|Facade|p1a: Togekiss
|-damage|p1a: Togekiss|38/100
|
|-damage|p2a: Conkeldurr|94/100 brn|[from] brn
|upkeep
|turn|11
|j| drtenmaandco
|inactive|Battle timer is ON: inactive players will automatically lose when time's up. (requested by quino666)
|
|switch|p2a: Clefable|Clefable, F|100/100
|move|p1a: Togekiss|Roost|p1a: Togekiss
|-heal|p1a: Togekiss|88/100
|-singleturn|p1a: Togekiss|move: Roost
|
|upkeep
|turn|12
|
|switch|p1a: Ferrothorn|Ferrothorn, F|100/100 par
|-damage|p1a: Ferrothorn|94/100 par|[from] Stealth Rock
|move|p2a: Clefable|Thunder Wave|p1a: Ferrothorn
|-fail|p1a: Ferrothorn|par
|
|upkeep
|turn|13
|
|move|p2a: Clefable|Moonblast|p1a: Ferrothorn
|-resisted|p1a: Ferrothorn
|-damage|p1a: Ferrothorn|81/100 par
|move|p1a: Ferrothorn|Leech Seed|p2a: Clefable
|-start|p2a: Clefable|move: Leech Seed
|
|upkeep
|turn|14
|
|switch|p1a: Rotom|Rotom-Heat|100/100
|move|p2a: Clefable|Moonblast|p1a: Rotom
|-resisted|p1a: Rotom
|-damage|p1a: Rotom|88/100
|-unboost|p1a: Rotom|spa|1
|
|upkeep
|turn|15
|
|switch|p2a: Gengar|Gengar, M|100/100
|-damage|p2a: Gengar|88/100|[from] Stealth Rock
|move|p1a: Rotom|Volt Switch|p2a: Gengar
|-damage|p2a: Gengar|62/100
|
|switch|p1a: Kyurem|Kyurem|100/100|[from]move: Volt Switch
|-damage|p1a: Kyurem|76/100|[from] Stealth Rock
|-ability|p1a: Kyurem|Pressure
|
|upkeep
|turn|16
|j| Peter97
|l| Peter97
|
|switch|p1a: Rotom|Rotom-Heat|88/100
|switch|p2a: Clefable|Clefable, F|100/100
|
|upkeep
|turn|17
|j| Peter97
|
|move|p1a: Rotom|Volt Switch|p2a: Clefable
|-damage|p2a: Clefable|83/100
|l| Peter97
|
|switch|p1a: Togekiss|Togekiss, F|88/100|[from]move: Volt Switch
|move|p2a: Clefable|Soft-Boiled|p2a: Clefable
|-heal|p2a: Clefable|100/100
|
|upkeep
|turn|18
|
|switch|p1a: Rotom|Rotom-Heat|88/100
|move|p2a: Clefable|Thunder Wave|p1a: Rotom
|-immune|p1a: Rotom
|
|upkeep
|turn|19
|j| Peter97
|l| Peter97
|inactive|quino666 has 120 seconds left.
|
|move|p1a: Rotom|Volt Switch|p2a: Clefable
|-damage|p2a: Clefable|84/100
|
|switch|p1a: Ferrothorn|Ferrothorn, F|81/100 par|[from]move: Volt Switch
|-damage|p1a: Ferrothorn|74/100 par|[from] Stealth Rock
|move|p2a: Clefable|Moonblast|p1a: Ferrothorn
|-resisted|p1a: Ferrothorn
|-damage|p1a: Ferrothorn|61/100 par
|
|upkeep
|turn|20
|
|switch|p2a: Conkeldurr|Conkeldurr, M|94/100 brn
|-damage|p2a: Conkeldurr|88/100 brn|[from] Stealth Rock
|move|p1a: Ferrothorn|Knock Off|p2a: Conkeldurr
|-resisted|p2a: Conkeldurr
|-damage|p2a: Conkeldurr|78/100 brn
|-enditem|p2a: Conkeldurr|Flame Orb|[from] move: Knock Off|[of] p1a: Ferrothorn
|
|-damage|p2a: Conkeldurr|72/100 brn|[from] brn
|upkeep
|turn|21
|
|move|p2a: Conkeldurr|Drain Punch|p1a: Ferrothorn
|-supereffective|p1a: Ferrothorn
|-damage|p1a: Ferrothorn|0 fnt
|-heal|p2a: Conkeldurr|100/100 brn|[from] drain|[of] p1a: Ferrothorn
|-damage|p2a: Conkeldurr|88/100 brn|[from] ability: Iron Barbs|[of] p1a: Ferrothorn
|-damage|p2a: Conkeldurr|71/100 brn|[from] item: Rocky Helmet|[of] p1a: Ferrothorn
|faint|p1a: Ferrothorn
|
|-damage|p2a: Conkeldurr|65/100 brn|[from] brn
|upkeep
|
|switch|p1a: Togekiss|Togekiss, F|88/100
|turn|22
|
|switch|p2a: Clefable|Clefable, F|84/100
|move|p1a: Togekiss|Nasty Plot|p1a: Togekiss
|-boost|p1a: Togekiss|spa|2
|
|upkeep
|turn|23
|
|move|p1a: Togekiss|Air Slash|p2a: Clefable
|-damage|p2a: Clefable|46/100
|cant|p2a: Clefable|flinch
|
|upkeep
|turn|24
|
|move|p1a: Togekiss|Air Slash|p2a: Clefable
|-damage|p2a: Clefable|2/100
|cant|p2a: Clefable|flinch
|
|upkeep
|turn|25
|
|move|p1a: Togekiss|Air Slash|p2a: Clefable
|-damage|p2a: Clefable|0 fnt
|faint|p2a: Clefable
|
|upkeep
|
|switch|p2a: Gengar|Gengar, M|62/100
|-damage|p2a: Gengar|50/100|[from] Stealth Rock
|turn|26
|
|switch|p1a: Keldeo|Keldeo-Resolute|88/100
|-damage|p1a: Keldeo|82/100|[from] Stealth Rock
|move|p2a: Gengar|Sludge Wave|p1a: Keldeo
|-damage|p1a: Keldeo|2/100
|
|-heal|p1a: Keldeo|8/100|[from] item: Leftovers
|upkeep
|turn|27
|
|move|p2a: Gengar|Sludge Wave|p1a: Keldeo
|-damage|p1a: Keldeo|0 fnt
|faint|p1a: Keldeo
|
|upkeep
|
|switch|p1a: Kyurem|Kyurem|76/100
|-damage|p1a: Kyurem|51/100|[from] Stealth Rock
|-ability|p1a: Kyurem|Pressure
|turn|28
|l| drtenmaandco
|
|switch|p2a: Rotom|Rotom-Heat|5/100
|move|p1a: Kyurem|Freeze-Dry|p2a: Rotom
|-resisted|p2a: Rotom
|-damage|p2a: Rotom|0 fnt
|faint|p2a: Rotom
|
|upkeep
|
|switch|p2a: Conkeldurr|Conkeldurr, M|65/100 brn
|-damage|p2a: Conkeldurr|59/100 brn|[from] Stealth Rock
|turn|29
|
|switch|p1a: Togekiss|Togekiss, F|88/100
|move|p2a: Conkeldurr|Facade|p1a: Togekiss
|-damage|p1a: Togekiss|33/100
|
|-damage|p2a: Conkeldurr|53/100 brn|[from] brn
|upkeep
|turn|30
|
|move|p1a: Togekiss|Air Slash|p2a: Conkeldurr
|-supereffective|p2a: Conkeldurr
|-damage|p2a: Conkeldurr|0 fnt
|faint|p2a: Conkeldurr
|
|upkeep
|
|switch|p2a: Gengar|Gengar, M|50/100
|-damage|p2a: Gengar|37/100|[from] Stealth Rock
|turn|31
|
|switch|p1a: Rotom|Rotom-Heat|88/100
|move|p2a: Gengar|Sludge Wave|p1a: Rotom
|-damage|p1a: Rotom|29/100
|
|upkeep
|turn|32
|
|move|p2a: Gengar|Sludge Wave|p1a: Rotom
|-damage|p1a: Rotom|0 fnt
|faint|p1a: Rotom
|
|upkeep
|
|switch|p1a: Kyurem|Kyurem|51/100
|-damage|p1a: Kyurem|26/100|[from] Stealth Rock
|-ability|p1a: Kyurem|Pressure
|turn|33
|
|switch|p2a: Mandibuzz|Mandibuzz, F|100/100
|move|p1a: Kyurem|Freeze-Dry|p2a: Mandibuzz
|-supereffective|p2a: Mandibuzz
|-damage|p2a: Mandibuzz|53/100
|
|upkeep
|turn|34
|
|move|p1a: Kyurem|Freeze-Dry|p2a: Mandibuzz
|-supereffective|p2a: Mandibuzz
|-damage|p2a: Mandibuzz|6/100
|move|p2a: Mandibuzz|Roost|p2a: Mandibuzz
|-heal|p2a: Mandibuzz|56/100
|-singleturn|p2a: Mandibuzz|move: Roost
|
|upkeep
|turn|35
|
|move|p1a: Kyurem|Freeze-Dry|p2a: Mandibuzz
|-supereffective|p2a: Mandibuzz
|-damage|p2a: Mandibuzz|10/100
|-status|p2a: Mandibuzz|frz
|cant|p2a: Mandibuzz|frz
|
|upkeep
|turn|36
|
|move|p1a: Kyurem|Freeze-Dry|p2a: Mandibuzz
|-supereffective|p2a: Mandibuzz
|-damage|p2a: Mandibuzz|0 fnt
|faint|p2a: Mandibuzz
|
|upkeep
|j| Peter97
|
|switch|p2a: Toxapex|Toxapex, F, shiny|100/100
|-damage|p2a: Toxapex|88/100|[from] Stealth Rock
|turn|37
|l| Peter97
|
|switch|p1a: Togekiss|Togekiss, F|33/100
|move|p2a: Toxapex|Recover|p2a: Toxapex
|-heal|p2a: Toxapex|100/100
|
|upkeep
|turn|38
|
|move|p1a: Togekiss|Air Slash|p2a: Toxapex
|-damage|p2a: Toxapex|74/100
|cant|p2a: Toxapex|flinch
|
|-heal|p2a: Toxapex|80/100|[from] item: Black Sludge
|upkeep
|turn|39
|
|move|p1a: Togekiss|Air Slash|p2a: Toxapex
|-damage|p2a: Toxapex|53/100
|move|p2a: Toxapex|Scald|p1a: Togekiss
|-damage|p1a: Togekiss|19/100
|
|-heal|p2a: Toxapex|60/100|[from] item: Black Sludge
|upkeep
|turn|40
|
|move|p2a: Toxapex|Baneful Bunker|p2a: Toxapex
|-singleturn|p2a: Toxapex|move: Protect
|move|p1a: Togekiss|Air Slash|p2a: Toxapex
|-activate|p2a: Toxapex|move: Protect
|
|-heal|p2a: Toxapex|66/100|[from] item: Black Sludge
|upkeep
|turn|41
|
|move|p1a: Togekiss|Air Slash|p2a: Toxapex
|-damage|p2a: Toxapex|39/100
|move|p2a: Toxapex|Scald|p1a: Togekiss
|-damage|p1a: Togekiss|5/100
|-status|p1a: Togekiss|brn
|
|-heal|p2a: Toxapex|46/100|[from] item: Black Sludge
|-damage|p1a: Togekiss|0 fnt|[from] brn
|faint|p1a: Togekiss
|upkeep
|
|switch|p1a: Kyurem|Kyurem|26/100
|-damage|p1a: Kyurem|1/100|[from] Stealth Rock
|-ability|p1a: Kyurem|Pressure
|turn|42
|
|move|p2a: Toxapex|Baneful Bunker|p2a: Toxapex
|-singleturn|p2a: Toxapex|move: Protect
|move|p1a: Kyurem|Freeze-Dry|p2a: Toxapex
|-activate|p2a: Toxapex|move: Protect
|
|-heal|p2a: Toxapex|52/100|[from] item: Black Sludge
|upkeep
|turn|43
|
|switch|p2a: Gengar|Gengar, M|37/100
|-damage|p2a: Gengar|25/100|[from] Stealth Rock
|move|p1a: Kyurem|Freeze-Dry|p2a: Gengar
|-damage|p2a: Gengar|0 fnt
|faint|p2a: Gengar
|
|upkeep
|
|switch|p2a: Toxapex|Toxapex, F, shiny|85/100
|-damage|p2a: Toxapex|73/100|[from] Stealth Rock
|turn|44
|
|move|p2a: Toxapex|Baneful Bunker|p2a: Toxapex
|-singleturn|p2a: Toxapex|move: Protect
|move|p1a: Kyurem|Freeze-Dry|p2a: Toxapex
|-activate|p2a: Toxapex|move: Protect
|
|-heal|p2a: Toxapex|79/100|[from] item: Black Sludge
|upkeep
|turn|45
|c|☆quino666|gg
|
|move|p1a: Kyurem|Freeze-Dry|p2a: Toxapex
|-supereffective|p2a: Toxapex
|-damage|p2a: Toxapex|21/100
|move|p2a: Toxapex|Scald|p1a: Kyurem
|-resisted|p1a: Kyurem
|-damage|p1a: Kyurem|0 fnt
|faint|p1a: Kyurem
|
|win|testotesto321
|c|☆quino666|big toxa
|c|☆testotesto321|gg
|l|☆quino666
||Ladder (probably) updated, but score could not be retrieved (Response not received).
