|raw|<div class="broadcast-blue"><strong>This battle is required to be public due to a player having a name starting with 'LT74PF'.</div>
|j|☆lt74pf christo
|j|☆roboPOKE
|t:|1599256632
|player|p1|lt74pf christo|bugcatcher|1882
|player|p2|roboPOKE|1|1823
|teamsize|p1|6
|teamsize|p2|6
|gametype|singles
|gen|8
|tier|[Gen 8] OU
|rated|
|clearpoke
|poke|p1|Toxapex, F|
|poke|p1|Urshifu-*, F|
|poke|p1|Excadrill, M|
|poke|p1|Skarmory, F|
|poke|p1|Hippowdon, F|
|poke|p1|Clefable, M|
|poke|p2|Skarmory, F|
|poke|p2|Hippowdon, F|
|poke|p2|Xatu, F|
|poke|p2|Togekiss, F|
|poke|p2|Dragapult, M|
|poke|p2|Clefable, M|
|rule|Sleep Clause Mod: Limit one foe put to sleep
|rule|Species Clause: Limit one of each Pokémon
|rule|OHKO Clause: OHKO moves are banned
|rule|Evasion Moves Clause: Evasion moves are banned
|rule|Endless Battle Clause: Forcing endless battles is banned
|rule|HP Percentage Mod: HP is shown in percentages
|rule|Dynamax Clause: You cannot dynamax
|teampreview
|inactive|Battle timer is ON: inactive players will automatically lose when time's up. (requested by roboPOKE)
|
|t:|1599256647
|start
|switch|p1a: Clefable|Clefable, M|100/100
|switch|p2a: Clefable|Clefable, M|100/100
|turn|1
|
|t:|1599256652
|switch|p2a: Xatu|Xatu, F|100/100
|switch|p1a: Hippowdon|Hippowdon, F|100/100
|-weather|Sandstorm|[from] ability: Sand Stream|[of] p1a: Hippowdon
|
|-weather|Sandstorm|[upkeep]
|-damage|p2a: Xatu|95/100|[from] Sandstorm
|upkeep
|turn|2
|
|t:|1599256659
|switch|p1a: Toxapex|Toxapex, F|100/100
|move|p2a: Xatu|Night Shade|p1a: Toxapex
|-damage|p1a: Toxapex|68/100
|
|-weather|Sandstorm|[upkeep]
|-damage|p2a: Xatu|89/100|[from] Sandstorm
|-damage|p1a: Toxapex|61/100|[from] Sandstorm
|-heal|p1a: Toxapex|68/100|[from] item: Black Sludge
|upkeep
|turn|3
|
|t:|1599256668
|switch|p1a: Skarmory|Skarmory, F|100/100
|move|p2a: Xatu|Night Shade|p1a: Skarmory
|-damage|p1a: Skarmory|71/100
|
|-weather|Sandstorm|[upkeep]
|-damage|p2a: Xatu|83/100|[from] Sandstorm
|upkeep
|turn|4
|j| Tace㋛
|
|t:|1599256672
|move|p2a: Xatu|Magic Room|p2a: Xatu
|-fieldstart|move: Magic Room|[of] p2a: Xatu
|move|p1a: Skarmory|Roost|p1a: Skarmory
|-heal|p1a: Skarmory|100/100
|-singleturn|p1a: Skarmory|move: Roost
|
|-weather|Sandstorm|[upkeep]
|-damage|p2a: Xatu|77/100|[from] Sandstorm
|upkeep
|turn|5
|j| jefo
|
|t:|1599256677
|move|p2a: Xatu|Night Shade|p1a: Skarmory
|-damage|p1a: Skarmory|71/100
|move|p1a: Skarmory|Brave Bird|p2a: Xatu
|-damage|p2a: Xatu|42/100
|-damage|p1a: Skarmory|59/100|[from] Recoil
|
|-weather|none
|upkeep
|turn|6
|
|t:|1599256679
|move|p2a: Xatu|Roost|p2a: Xatu
|-heal|p2a: Xatu|92/100
|-singleturn|p2a: Xatu|move: Roost
|move|p1a: Skarmory|Roost|p1a: Skarmory
|-heal|p1a: Skarmory|100/100
|-singleturn|p1a: Skarmory|move: Roost
|
|upkeep
|turn|7
|
|t:|1599256686
|move|p2a: Xatu|Night Shade|p1a: Skarmory
|-damage|p1a: Skarmory|71/100
|move|p1a: Skarmory|Brave Bird|p2a: Xatu
|-damage|p2a: Xatu|60/100
|-damage|p1a: Skarmory|60/100|[from] Recoil
|
|upkeep
|turn|8
|
|t:|1599256693
|move|p2a: Xatu|Night Shade|p1a: Skarmory
|-damage|p1a: Skarmory|30/100
|move|p1a: Skarmory|Roost|p1a: Skarmory
|-heal|p1a: Skarmory|80/100
|-singleturn|p1a: Skarmory|move: Roost
|
|-fieldend|move: Magic Room|[of] p2a: Xatu
|upkeep
|turn|9
|j| lt74pf Zan
|
|t:|1599256696
|switch|p1a: Urshifu|Urshifu-Rapid-Strike, F|100/100
|move|p2a: Xatu|Night Shade|p1a: Urshifu
|-damage|p1a: Urshifu|71/100
|
|upkeep
|turn|10
|
|t:|1599256701
|switch|p2a: Skarmory|Skarmory, F|100/100
|move|p1a: Urshifu|U-turn|p2a: Skarmory
|-resisted|p2a: Skarmory
|-damage|p2a: Skarmory|95/100
|-damage|p1a: Urshifu|55/100|[from] item: Rocky Helmet|[of] p2a: Skarmory
|
|t:|1599256706
|switch|p1a: Clefable|Clefable, M|100/100|[from]move: U-turn
|
|upkeep
|turn|11
|j| EGALVANC.
|
|t:|1599256711
|move|p2a: Skarmory|Spikes|p1a: Clefable
|-sidestart|p1: lt74pf christo|Spikes
|move|p1a: Clefable|Calm Mind|p1a: Clefable
|-boost|p1a: Clefable|spa|1
|-boost|p1a: Clefable|spd|1
|
|upkeep
|turn|12
|
|t:|1599256718
|move|p1a: Clefable|Thunder|p2a: Skarmory
|-supereffective|p2a: Skarmory
|-damage|p2a: Skarmory|0 fnt
|faint|p2a: Skarmory
|
|upkeep
|
|t:|1599256723
|switch|p2a: Clefable|Clefable, M|100/100
|turn|13
|
|t:|1599256727
|switch|p1a: Hippowdon|Hippowdon, F|100/100
|-damage|p1a: Hippowdon|88/100|[from] Spikes
|-weather|Sandstorm|[from] ability: Sand Stream|[of] p1a: Hippowdon
|move|p2a: Clefable|Calm Mind|p2a: Clefable
|-boost|p2a: Clefable|spa|1
|-boost|p2a: Clefable|spd|1
|
|-weather|Sandstorm|[upkeep]
|-heal|p1a: Hippowdon|94/100|[from] item: Leftovers
|upkeep
|turn|14
|
|t:|1599256732
|move|p2a: Clefable|Moonblast|p1a: Hippowdon
|-damage|p1a: Hippowdon|30/100
|-unboost|p1a: Hippowdon|spa|1
|move|p1a: Hippowdon|Earthquake|p2a: Clefable
|-damage|p2a: Clefable|54/100
|
|-weather|Sandstorm|[upkeep]
|-heal|p1a: Hippowdon|36/100|[from] item: Leftovers
|upkeep
|turn|15
|
|t:|1599256737
|move|p2a: Clefable|Flamethrower|p1a: Hippowdon
|-damage|p1a: Hippowdon|0 fnt
|faint|p1a: Hippowdon
|
|-weather|Sandstorm|[upkeep]
|upkeep
|
|t:|1599256739
|switch|p1a: Excadrill|Excadrill, M|100/100
|-damage|p1a: Excadrill|88/100|[from] Spikes
|turn|16
|j| ismellfeetburner2
|
|t:|1599256742
|switch|p2a: Hippowdon|Hippowdon, F|100/100
|move|p1a: Excadrill|Iron Head|p2a: Hippowdon
|-damage|p2a: Hippowdon|80/100
|-damage|p1a: Excadrill|71/100|[from] item: Rocky Helmet|[of] p2a: Hippowdon
|
|-weather|Sandstorm|[upkeep]
|-heal|p1a: Excadrill|78/100|[from] item: Leftovers
|upkeep
|turn|17
|
|t:|1599256747
|switch|p1a: Skarmory|Skarmory, F|80/100
|move|p2a: Hippowdon|Stealth Rock|p1a: Skarmory
|-sidestart|p1: lt74pf christo|move: Stealth Rock
|
|-weather|none
|upkeep
|turn|18
|j| LT74PF ZESTI
|
|t:|1599256755
|switch|p1a: Urshifu|Urshifu-Rapid-Strike, F|55/100
|-damage|p1a: Urshifu|49/100|[from] Stealth Rock
|-damage|p1a: Urshifu|36/100|[from] Spikes
|switch|p2a: Dragapult|Dragapult, M|100/100
|
|upkeep
|turn|19
|j| LT74PF Heo'
|
|t:|1599256763
|switch|p1a: Toxapex|Toxapex, F|100/100
|-damage|p1a: Toxapex|88/100|[from] Spikes
|-damage|p1a: Toxapex|75/100|[from] Stealth Rock
|move|p2a: Dragapult|Shadow Ball|p1a: Toxapex
|-damage|p1a: Toxapex|34/100
|
|-heal|p1a: Toxapex|40/100|[from] item: Black Sludge
|upkeep
|turn|20
|
|t:|1599256775
|move|p2a: Dragapult|Shadow Ball|p1a: Toxapex
|-damage|p1a: Toxapex|0 fnt
|faint|p1a: Toxapex
|
|upkeep
|
|t:|1599256777
|switch|p1a: Clefable|Clefable, M|100/100
|turn|21
|
|t:|1599256782
|move|p2a: Dragapult|Shadow Ball|p1a: Clefable
|-damage|p1a: Clefable|46/100
|-unboost|p1a: Clefable|spd|1
|move|p1a: Clefable|Calm Mind|p1a: Clefable
|-boost|p1a: Clefable|spa|1
|-boost|p1a: Clefable|spd|1
|
|upkeep
|turn|22
|
|t:|1599256791
|switch|p1a: Skarmory|Skarmory, F|80/100
|-damage|p1a: Skarmory|68/100|[from] Stealth Rock
|move|p2a: Dragapult|Shadow Ball|p1a: Skarmory
|-damage|p1a: Skarmory|0 fnt
|faint|p1a: Skarmory
|
|upkeep
|
|t:|1599256793
|switch|p1a: Urshifu|Urshifu-Rapid-Strike, F|36/100
|-damage|p1a: Urshifu|30/100|[from] Stealth Rock
|-damage|p1a: Urshifu|18/100|[from] Spikes
|turn|23
|
|t:|1599256796
|move|p1a: Urshifu|Aqua Jet|p2a: Dragapult
|-resisted|p2a: Dragapult
|-damage|p2a: Dragapult|81/100
|move|p2a: Dragapult|Shadow Ball|p1a: Urshifu
|-damage|p1a: Urshifu|0 fnt
|faint|p1a: Urshifu
|
|upkeep
|
|t:|1599256802
|switch|p1a: Excadrill|Excadrill, M|78/100
|-damage|p1a: Excadrill|74/100|[from] Stealth Rock
|-damage|p1a: Excadrill|62/100|[from] Spikes
|turn|24
|j| LT74PF OK
|
|t:|1599256804
|move|p2a: Dragapult|Shadow Ball|p1a: Excadrill
|-damage|p1a: Excadrill|0 fnt
|faint|p1a: Excadrill
|
|upkeep
|j| TornadusF4n
|-message|lt74pf christo forfeited.
|
|win|roboPOKE
|l|☆lt74pf christo
|l| LT74PF Heo'
|l| Tace㋛
|l| LT74PF OK
