|html|<div class="broadcast-blue"><strong>[Gen 8] OU is currently suspecting Kyurem! For information on how to participate check out the <a href="https://www.smogon.com/forums/threads/np-ss-ou-suspect-process-round-11-break-the-ice.3694129/">suspect thread</a>.</strong></div>
|j|☆Kanan my Love1
|j|‽LudwigFrog
|t:|1638388889
|gametype|singles
|player|p1|Kanan my Love1|winona-gen3|1542
|player|p2|LudwigFrog|hilbert-wonderlauncher|1655
|teamsize|p1|6
|teamsize|p2|6
|gen|8
|tier|[Gen 8] OU
|rated|
|rule|Sleep Clause Mod: Limit one foe put to sleep
|rule|Species Clause: Limit one of each Pokémon
|rule|OHKO Clause: OHKO moves are banned
|rule|Evasion Moves Clause: Evasion moves are banned
|rule|Endless Battle Clause: Forcing endless battles is banned
|rule|HP Percentage Mod: HP is shown in percentages
|rule|Dynamax Clause: You cannot dynamax
|clearpoke
|poke|p1|Tapu Koko|
|poke|p1|Hawlucha, F|
|poke|p1|Kyurem|
|poke|p1|Mew|
|poke|p1|Tyranitar, F|
|poke|p1|Garchomp, F|
|poke|p2|Dragonite, F|
|poke|p2|Magnezone|
|poke|p2|Corviknight, M|
|poke|p2|Tapu Fini|
|poke|p2|Kartana|
|poke|p2|Garchomp, F|
|teampreview
|inactive|Battle timer is ON: inactive players will automatically lose when time's up. (requested by LudwigFrog)
|c|☆Kanan my Love1|hf bro
|inactive|Kanan my Love1 has 120 seconds left.
|
|t:|1638388930
|start
|switch|p1a: Tyranitar|Tyranitar, F|100/100
|switch|p2a: Tapu Fini|Tapu Fini|100/100
|-fieldstart|move: Misty Terrain|[from] ability: Misty Surge|[of] p2a: Tapu Fini
|-weather|Sandstorm|[from] ability: Sand Stream|[of] p1a: Tyranitar
|turn|1
|
|t:|1638388934
|move|p2a: Tapu Fini|Calm Mind|p2a: Tapu Fini
|-boost|p2a: Tapu Fini|spa|1
|-boost|p2a: Tapu Fini|spd|1
|move|p1a: Tyranitar|Dragon Dance|p1a: Tyranitar
|-boost|p1a: Tyranitar|atk|1
|-boost|p1a: Tyranitar|spe|1
|
|-weather|Sandstorm|[upkeep]
|-damage|p2a: Tapu Fini|94/100|[from] Sandstorm
|-heal|p2a: Tapu Fini|100/100|[from] item: Leftovers
|upkeep
|turn|2
|
|t:|1638388938
|move|p1a: Tyranitar|Crunch|p2a: Tapu Fini
|-resisted|p2a: Tapu Fini
|-damage|p2a: Tapu Fini|77/100
|move|p2a: Tapu Fini|Calm Mind|p2a: Tapu Fini
|-boost|p2a: Tapu Fini|spa|1
|-boost|p2a: Tapu Fini|spd|1
|
|-weather|Sandstorm|[upkeep]
|-damage|p2a: Tapu Fini|71/100|[from] Sandstorm
|-heal|p2a: Tapu Fini|77/100|[from] item: Leftovers
|upkeep
|turn|3
|
|t:|1638388941
|move|p1a: Tyranitar|Crunch|p2a: Tapu Fini
|-resisted|p2a: Tapu Fini
|-damage|p2a: Tapu Fini|51/100
|-unboost|p2a: Tapu Fini|def|1
|move|p2a: Tapu Fini|Draining Kiss|p1a: Tyranitar
|-supereffective|p1a: Tyranitar
|-damage|p1a: Tyranitar|55/100
|-heal|p2a: Tapu Fini|85/100|[from] drain|[of] p1a: Tyranitar
|
|-weather|Sandstorm|[upkeep]
|-damage|p2a: Tapu Fini|79/100|[from] Sandstorm
|-heal|p2a: Tapu Fini|85/100|[from] item: Leftovers
|upkeep
|turn|4
|
|t:|1638388947
|move|p1a: Tyranitar|Crunch|p2a: Tapu Fini
|-resisted|p2a: Tapu Fini
|-damage|p2a: Tapu Fini|49/100
|move|p2a: Tapu Fini|Scald|p1a: Tyranitar
|-supereffective|p1a: Tyranitar
|-damage|p1a: Tyranitar|0 fnt
|faint|p1a: Tyranitar
|
|-weather|Sandstorm|[upkeep]
|-damage|p2a: Tapu Fini|43/100|[from] Sandstorm
|-heal|p2a: Tapu Fini|49/100|[from] item: Leftovers
|upkeep
|
|t:|1638388952
|switch|p1a: Garchomp|Garchomp, F|100/100
|turn|5
|
|t:|1638388955
|switch|p2a: Corviknight|Corviknight, M|100/100
|-ability|p2a: Corviknight|Pressure
|move|p1a: Garchomp|Swords Dance|p1a: Garchomp
|-boost|p1a: Garchomp|atk|2
|
|-weather|none
|-fieldend|Misty Terrain
|upkeep
|turn|6
|
|t:|1638388974
|move|p1a: Garchomp|Swords Dance|p1a: Garchomp
|-boost|p1a: Garchomp|atk|2
|move|p2a: Corviknight|U-turn|p1a: Garchomp
|-damage|p1a: Garchomp|85/100
|
|t:|1638388978
|switch|p2a: Garchomp|Garchomp, F|100/100|[from]move: U-turn
|
|upkeep
|turn|7
|
|t:|1638388982
|switch|p2a: Corviknight|Corviknight, M|100/100
|-ability|p2a: Corviknight|Pressure
|move|p1a: Garchomp|Scale Shot|p2a: Corviknight|[miss]
|-miss|p1a: Garchomp|p2a: Corviknight
|
|upkeep
|turn|8
|
|t:|1638388990
|move|p1a: Garchomp|Fire Fang|p2a: Corviknight
|-supereffective|p2a: Corviknight
|-damage|p2a: Corviknight|0 fnt
|faint|p2a: Corviknight
|
|upkeep
|
|t:|1638389000
|switch|p2a: Dragonite|Dragonite, F|100/100
|turn|9
|
|t:|1638389004
|move|p2a: Dragonite|Extreme Speed|p1a: Garchomp
|-damage|p1a: Garchomp|38/100
|move|p1a: Garchomp|Scale Shot|p2a: Dragonite
|-supereffective|p2a: Dragonite
|-damage|p2a: Dragonite|60/100
|-supereffective|p2a: Dragonite
|-damage|p2a: Dragonite|0 fnt
|faint|p2a: Dragonite
|-hitcount|p2: Dragonite|2
|-unboost|p1a: Garchomp|def|1
|-boost|p1a: Garchomp|spe|1
|
|upkeep
|
|t:|1638389007
|switch|p2a: Kartana|Kartana|100/100
|turn|10
|
|t:|1638389020
|move|p2a: Kartana|Smart Strike|p1a: Garchomp
|-damage|p1a: Garchomp|0 fnt
|faint|p1a: Garchomp
|-ability|p2a: Kartana|Beast Boost|boost
|-boost|p2a: Kartana|atk|1
|
|upkeep
|c|☆Kanan my Love1|damn no dodge
|c|☆Kanan my Love1|come on garchomp
|
|t:|1638389033
|switch|p1a: Tapu Koko|Tapu Koko|100/100
|-fieldstart|move: Electric Terrain|[from] ability: Electric Surge|[of] p1a: Tapu Koko
|turn|11
|
|t:|1638389036
|move|p2a: Kartana|Smart Strike|p1a: Tapu Koko
|-damage|p1a: Tapu Koko|25/100
|move|p1a: Tapu Koko|Reflect|p1a: Tapu Koko
|-sidestart|p1: Kanan my Love1|Reflect
|
|upkeep
|turn|12
|
|t:|1638389041
|switch|p1a: Hawlucha|Hawlucha, F|100/100
|-enditem|p1a: Hawlucha|Electric Seed
|-boost|p1a: Hawlucha|def|1|[from] item: Electric Seed
|move|p2a: Kartana|Smart Strike|p1a: Hawlucha
|-damage|p1a: Hawlucha|70/100
|
|upkeep
|turn|13
|
|t:|1638389049
|switch|p2a: Garchomp|Garchomp, F|100/100
|move|p1a: Hawlucha|Swords Dance|p1a: Hawlucha
|-boost|p1a: Hawlucha|atk|2
|
|upkeep
|turn|14
|
|t:|1638389059
|move|p1a: Hawlucha|Close Combat|p2a: Garchomp
|-damage|p2a: Garchomp|12/100
|-unboost|p1a: Hawlucha|def|1
|-unboost|p1a: Hawlucha|spd|1
|-damage|p1a: Hawlucha|58/100|[from] ability: Rough Skin|[of] p2a: Garchomp
|move|p2a: Garchomp|Toxic|p1a: Hawlucha
|-status|p1a: Hawlucha|tox
|
|-heal|p2a: Garchomp|18/100|[from] item: Leftovers
|-damage|p1a: Hawlucha|52/100 tox|[from] psn
|upkeep
|turn|15
|
|t:|1638389076
|switch|p1a: Tapu Koko|Tapu Koko|25/100
|switch|p2a: Tapu Fini|Tapu Fini|49/100
|-fieldstart|move: Misty Terrain|[from] ability: Misty Surge|[of] p2a: Tapu Fini
|
|-heal|p2a: Tapu Fini|55/100|[from] item: Leftovers
|upkeep
|turn|16
|
|t:|1638389081
|move|p1a: Tapu Koko|Taunt|p2a: Tapu Fini
|-start|p2a: Tapu Fini|move: Taunt
|cant|p2a: Tapu Fini|move: Taunt|Calm Mind
|
|-heal|p2a: Tapu Fini|62/100|[from] item: Leftovers
|upkeep
|turn|17
|
|t:|1638389084
|move|p1a: Tapu Koko|Light Screen|p1a: Tapu Koko
|-sidestart|p1: Kanan my Love1|move: Light Screen
|move|p2a: Tapu Fini|Scald|p1a: Tapu Koko
|-damage|p1a: Tapu Koko|10/100
|
|-heal|p2a: Tapu Fini|68/100|[from] item: Leftovers
|upkeep
|turn|18
|
|t:|1638389089
|switch|p2a: Kartana|Kartana|100/100
|move|p1a: Tapu Koko|Taunt|p2a: Kartana
|-start|p2a: Kartana|move: Taunt
|
|-sideend|p1: Kanan my Love1|Reflect
|upkeep
|turn|19
|
|t:|1638389093
|move|p2a: Kartana|Smart Strike|p1a: Tapu Koko
|-damage|p1a: Tapu Koko|0 fnt
|faint|p1a: Tapu Koko
|-ability|p2a: Kartana|Beast Boost|boost
|-boost|p2a: Kartana|atk|1
|
|-fieldend|Misty Terrain
|upkeep
|
|t:|1638389096
|switch|p1a: Mew|Mew|100/100
|turn|20
|
|t:|1638389098
|move|p2a: Kartana|Smart Strike|p1a: Mew
|-damage|p1a: Mew|43/100
|move|p1a: Mew|Cosmic Power|p1a: Mew
|-boost|p1a: Mew|def|1
|-boost|p1a: Mew|spd|1
|
|-heal|p1a: Mew|50/100|[from] item: Leftovers
|-end|p2a: Kartana|move: Taunt
|upkeep
|turn|21
|
|t:|1638389101
|move|p2a: Kartana|Smart Strike|p1a: Mew
|-damage|p1a: Mew|8/100
|move|p1a: Mew|Soft-Boiled|p1a: Mew
|-heal|p1a: Mew|58/100
|
|-heal|p1a: Mew|64/100|[from] item: Leftovers
|upkeep
|turn|22
|
|t:|1638389104
|move|p2a: Kartana|Smart Strike|p1a: Mew
|-damage|p1a: Mew|25/100
|move|p1a: Mew|Soft-Boiled|p1a: Mew
|-heal|p1a: Mew|75/100
|
|-heal|p1a: Mew|81/100|[from] item: Leftovers
|upkeep
|turn|23
|
|t:|1638389106
|switch|p2a: Garchomp|Garchomp, F|18/100
|move|p1a: Mew|Soft-Boiled|p1a: Mew
|-heal|p1a: Mew|100/100
|
|-heal|p2a: Garchomp|24/100|[from] item: Leftovers
|upkeep
|turn|24
|
|t:|1638389109
|move|p1a: Mew|Taunt|p2a: Garchomp
|-start|p2a: Garchomp|move: Taunt
|cant|p2a: Garchomp|move: Taunt|Toxic
|
|-heal|p2a: Garchomp|30/100|[from] item: Leftovers
|-sideend|p1: Kanan my Love1|move: Light Screen
|upkeep
|turn|25
|
|t:|1638389112
|switch|p2a: Kartana|Kartana|100/100
|move|p1a: Mew|Cosmic Power|p1a: Mew
|-boost|p1a: Mew|def|1
|-boost|p1a: Mew|spd|1
|
|upkeep
|turn|26
|
|t:|1638389115
|move|p2a: Kartana|Leaf Blade|p1a: Mew
|-damage|p1a: Mew|77/100
|move|p1a: Mew|Soft-Boiled|p1a: Mew
|-heal|p1a: Mew|100/100
|
|upkeep
|turn|27
|
|t:|1638389119
|move|p2a: Kartana|Leaf Blade|p1a: Mew
|-damage|p1a: Mew|74/100
|move|p1a: Mew|Cosmic Power|p1a: Mew
|-boost|p1a: Mew|def|1
|-boost|p1a: Mew|spd|1
|
|-heal|p1a: Mew|80/100|[from] item: Leftovers
|upkeep
|turn|28
|
|t:|1638389124
|move|p2a: Kartana|Leaf Blade|p1a: Mew
|-damage|p1a: Mew|60/100
|move|p1a: Mew|Stored Power|p2a: Kartana
|-resisted|p2a: Kartana
|-damage|p2a: Kartana|23/100
|
|-heal|p1a: Mew|67/100|[from] item: Leftovers
|upkeep
|turn|29
|
|t:|1638389126
|move|p2a: Kartana|Leaf Blade|p1a: Mew
|-damage|p1a: Mew|48/100
|move|p1a: Mew|Stored Power|p2a: Kartana
|-resisted|p2a: Kartana
|-damage|p2a: Kartana|0 fnt
|faint|p2a: Kartana
|
|-heal|p1a: Mew|54/100|[from] item: Leftovers
|upkeep
|-message|LudwigFrog forfeited.
|
|win|Kanan my Love1
|raw|Kanan my Love1's rating: 1542 &rarr; <strong>1568</strong><br />(+26 for winning)
|raw|LudwigFrog's rating: 1655 &rarr; <strong>1629</strong><br />(-26 for losing)
|l|‽LudwigFrog
||Ladder isn't responding, score probably updated but might not have (Request timeout).
