|j|☆theseagullturtle
|j|☆Shotintheheart
|t:|1662826410
|gametype|singles
|player|p1|theseagullturtle|juan|1687
|player|p2|Shotintheheart|1|1733
|teamsize|p1|6
|teamsize|p2|6
|gen|8
|tier|[Gen 8] OU
|rated|
|rule|Sleep Clause Mod: Limit one foe put to sleep
|rule|Species Clause: Limit one of each Pokémon
|rule|OHKO Clause: OHKO moves are banned
|rule|Evasion Items Clause: Evasion items are banned
|rule|Evasion Moves Clause: Evasion moves are banned
|rule|Endless Battle Clause: Forcing endless battles is banned
|rule|HP Percentage Mod: HP is shown in percentages
|rule|Dynamax Clause: You cannot dynamax
|clearpoke
|poke|p1|Polteageist|
|poke|p1|Excadrill, M|
|poke|p1|Latias, F|
|poke|p1|Volcarona, M|
|poke|p1|Garchomp, F|
|poke|p1|Moltres-Galar|
|poke|p2|Rillaboom, F|
|poke|p2|Zapdos|
|poke|p2|Obstagoon, M|
|poke|p2|Heatran, M|
|poke|p2|Tapu Fini|
|poke|p2|Swampert, M|
|teampreview
|inactive|Battle timer is ON: inactive players will automatically lose when time's up. (requested by theseagullturtle)
|
|t:|1662826440
|start
|switch|p1a: Excadrill|Excadrill, M|100/100
|switch|p2a: Tapu Fini|Tapu Fini|100/100
|-ability|p1a: Excadrill|Mold Breaker
|-fieldstart|move: Misty Terrain|[from] ability: Misty Surge|[of] p2a: Tapu Fini
|turn|1
|
|t:|1662826452
|move|p1a: Excadrill|Stealth Rock|p2a: Tapu Fini
|-sidestart|p2: Shotintheheart|move: Stealth Rock
|move|p2a: Tapu Fini|Calm Mind|p2a: Tapu Fini
|-boost|p2a: Tapu Fini|spa|1
|-boost|p2a: Tapu Fini|spd|1
|
|upkeep
|turn|2
|
|t:|1662826459
|move|p1a: Excadrill|Earthquake|p2a: Tapu Fini
|-damage|p2a: Tapu Fini|59/100
|move|p2a: Tapu Fini|Scald|p1a: Excadrill
|-supereffective|p1a: Excadrill
|-crit|p1a: Excadrill
|-enditem|p1a: Excadrill|Focus Sash
|-damage|p1a: Excadrill|1/100
|
|-heal|p2a: Tapu Fini|66/100|[from] item: Leftovers
|upkeep
|turn|3
|
|t:|1662826473
|switch|p2a: Rillaboom|Rillaboom, F|100/100
|-damage|p2a: Rillaboom|88/100|[from] Stealth Rock
|-fieldstart|move: Grassy Terrain|[from] ability: Grassy Surge|[of] p2a: Rillaboom
|move|p1a: Excadrill|Earthquake|p2a: Rillaboom
|-resisted|p2a: Rillaboom
|-damage|p2a: Rillaboom|73/100
|
|-heal|p1a: Excadrill|7/100|[from] Grassy Terrain
|-heal|p2a: Rillaboom|79/100|[from] Grassy Terrain
|upkeep
|turn|4
|
|t:|1662826478
|move|p2a: Rillaboom|Grassy Glide|p1a: Excadrill
|-damage|p1a: Excadrill|0 fnt
|faint|p1a: Excadrill
|
|-heal|p2a: Rillaboom|85/100|[from] Grassy Terrain
|upkeep
|
|t:|1662826481
|switch|p1a: Latias|Latias, F|100/100
|turn|5
|
|t:|1662826489
|switch|p2a: Swampert|Swampert, M|100/100
|-damage|p2a: Swampert|94/100|[from] Stealth Rock
|move|p1a: Latias|Agility|p1a: Latias
|-boost|p1a: Latias|spe|2
|
|-heal|p2a: Swampert|100/100|[from] Grassy Terrain
|upkeep
|turn|6
|
|t:|1662826505
|switch|p1a: Moltres|Moltres-Galar|100/100
|move|p2a: Swampert|Yawn|p1a: Moltres
|-start|p1a: Moltres|move: Yawn|[of] p2a: Swampert
|
|upkeep
|turn|7
|
|t:|1662826512
|switch|p1a: Garchomp|Garchomp, F|100/100
|move|p2a: Swampert|Flip Turn|p1a: Garchomp
|-damage|p1a: Garchomp|79/100
|-damage|p2a: Swampert|88/100|[from] ability: Rough Skin|[of] p1a: Garchomp
|
|t:|1662826532
|switch|p2a: Tapu Fini|Tapu Fini|66/100|[from]move: Flip Turn
|-damage|p2a: Tapu Fini|53/100|[from] Stealth Rock
|-fieldstart|move: Misty Terrain|[from] ability: Misty Surge|[of] p2a: Tapu Fini
|
|-heal|p2a: Tapu Fini|59/100|[from] item: Leftovers
|upkeep
|turn|8
|
|t:|1662826538
|move|p1a: Garchomp|Swords Dance|p1a: Garchomp
|-boost|p1a: Garchomp|atk|2
|move|p2a: Tapu Fini|Draining Kiss|p1a: Garchomp
|-supereffective|p1a: Garchomp
|-damage|p1a: Garchomp|45/100
|-heal|p2a: Tapu Fini|86/100|[from] drain|[of] p1a: Garchomp
|-damage|p2a: Tapu Fini|73/100|[from] ability: Rough Skin|[of] p1a: Garchomp
|
|-heal|p2a: Tapu Fini|80/100|[from] item: Leftovers
|upkeep
|turn|9
|
|t:|1662826551
|move|p1a: Garchomp|Scale Shot|p2a: Tapu Fini
|-immune|p2a: Tapu Fini
|move|p2a: Tapu Fini|Draining Kiss|p1a: Garchomp
|-supereffective|p1a: Garchomp
|-damage|p1a: Garchomp|11/100
|-heal|p2a: Tapu Fini|100/100|[from] drain|[of] p1a: Garchomp
|-damage|p2a: Tapu Fini|88/100|[from] ability: Rough Skin|[of] p1a: Garchomp
|
|-heal|p2a: Tapu Fini|94/100|[from] item: Leftovers
|upkeep
|turn|10
|
|t:|1662826562
|switch|p2a: Rillaboom|Rillaboom, F|85/100
|-damage|p2a: Rillaboom|73/100|[from] Stealth Rock
|-fieldstart|move: Grassy Terrain|[from] ability: Grassy Surge|[of] p2a: Rillaboom
|move|p1a: Garchomp|Earthquake|p2a: Rillaboom
|-resisted|p2a: Rillaboom
|-damage|p2a: Rillaboom|46/100
|
|-heal|p1a: Garchomp|17/100|[from] Grassy Terrain
|-heal|p2a: Rillaboom|52/100|[from] Grassy Terrain
|upkeep
|turn|11
|
|t:|1662826565
|switch|p1a: Volcarona|Volcarona, M|100/100
|move|p2a: Rillaboom|Grassy Glide|p1a: Volcarona
|-resisted|p1a: Volcarona
|-damage|p1a: Volcarona|72/100
|
|-heal|p1a: Volcarona|78/100|[from] Grassy Terrain
|-heal|p2a: Rillaboom|58/100|[from] Grassy Terrain
|upkeep
|turn|12
|
|t:|1662826575
|switch|p1a: Garchomp|Garchomp, F|17/100
|switch|p2a: Heatran|Heatran, M|100/100
|-damage|p2a: Heatran|88/100|[from] Stealth Rock
|
|-heal|p2a: Heatran|94/100|[from] Grassy Terrain
|-heal|p1a: Garchomp|23/100|[from] Grassy Terrain
|upkeep
|turn|13
|
|t:|1662826580
|move|p2a: Heatran|Eruption|p1a: Garchomp
|-resisted|p1a: Garchomp
|-crit|p1a: Garchomp
|-damage|p1a: Garchomp|0 fnt
|faint|p1a: Garchomp
|
|-heal|p2a: Heatran|100/100|[from] Grassy Terrain
|upkeep
|
|t:|1662826583
|switch|p1a: Latias|Latias, F|100/100
|turn|14
|
|t:|1662826595
|switch|p2a: Swampert|Swampert, M|88/100
|-damage|p2a: Swampert|82/100|[from] Stealth Rock
|move|p1a: Latias|Calm Mind|p1a: Latias
|-boost|p1a: Latias|spa|1
|-boost|p1a: Latias|spd|1
|
|-heal|p2a: Swampert|88/100|[from] Grassy Terrain
|-heal|p2a: Swampert|94/100|[from] item: Leftovers
|-fieldend|move: Grassy Terrain
|upkeep
|turn|15
|j| Melophetamine
|
|t:|1662826605
|move|p1a: Latias|Calm Mind|p1a: Latias
|-boost|p1a: Latias|spa|1
|-boost|p1a: Latias|spd|1
|move|p2a: Swampert|Yawn|p1a: Latias
|-start|p1a: Latias|move: Yawn|[of] p2a: Swampert
|
|-heal|p2a: Swampert|100/100|[from] item: Leftovers
|upkeep
|turn|16
|
|t:|1662826615
|switch|p1a: Moltres|Moltres-Galar|100/100
|move|p2a: Swampert|Flip Turn|p1a: Moltres
|-damage|p1a: Moltres|75/100
|
|t:|1662826621
|switch|p2a: Zapdos|Zapdos, shiny|100/100|[from]move: Flip Turn
|
|upkeep
|turn|17
|
|t:|1662826628
|switch|p1a: Latias|Latias, F|100/100
|move|p2a: Zapdos|Defog|p1a: Latias
|-unboost|p1a: Latias|evasion|1
|-sideend|p2: Shotintheheart|Stealth Rock|[from] move: Defog|[of] p2a: Zapdos
|
|upkeep
|turn|18
|
|t:|1662826640
|move|p1a: Latias|Agility|p1a: Latias
|-boost|p1a: Latias|spe|2
|move|p2a: Zapdos|Volt Switch|p1a: Latias
|-resisted|p1a: Latias
|-damage|p1a: Latias|90/100
|
|t:|1662826646
|switch|p2a: Swampert|Swampert, M|100/100|[from]move: Volt Switch
|
|upkeep
|turn|19
|
|t:|1662826651
|move|p1a: Latias|Stored Power|p2a: Swampert
|-damage|p2a: Swampert|80/100
|move|p2a: Swampert|Yawn|p1a: Latias
|-start|p1a: Latias|move: Yawn|[of] p2a: Swampert
|
|-heal|p2a: Swampert|86/100|[from] item: Leftovers
|upkeep
|turn|20
|
|t:|1662826660
|switch|p1a: Moltres|Moltres-Galar|75/100
|move|p2a: Swampert|Stealth Rock|p1a: Moltres
|-sidestart|p1: theseagullturtle|move: Stealth Rock
|
|-heal|p2a: Swampert|93/100|[from] item: Leftovers
|upkeep
|turn|21
|j| Richarlison9
|
|t:|1662826671
|move|p1a: Moltres|Agility|p1a: Moltres
|-boost|p1a: Moltres|spe|2
|move|p2a: Swampert|Yawn|p1a: Moltres
|-start|p1a: Moltres|move: Yawn|[of] p2a: Swampert
|
|-heal|p2a: Swampert|99/100|[from] item: Leftovers
|upkeep
|turn|22
|l| Richarlison9
|
|t:|1662826679
|move|p1a: Moltres|Nasty Plot|p1a: Moltres
|-boost|p1a: Moltres|spa|2
|move|p2a: Swampert|Flip Turn|p1a: Moltres
|-damage|p1a: Moltres|48/100
|-ability|p1a: Moltres|Berserk|boost
|-boost|p1a: Moltres|spa|1
|
|t:|1662826702
|switch|p2a: Obstagoon|Obstagoon, M|100/100|[from]move: Flip Turn
|
|-end|p1a: Moltres|move: Yawn|[silent]
|-status|p1a: Moltres|slp
|-status|p2a: Obstagoon|brn|[from] item: Flame Orb
|upkeep
|-enditem|p1a: Moltres|Chesto Berry|[eat]
|-curestatus|p1a: Moltres|slp|[msg]
|turn|23
|
|t:|1662826713
|move|p1a: Moltres|Fiery Wrath|p2a: Obstagoon
|-resisted|p2a: Obstagoon
|-damage|p2a: Obstagoon|33/100 brn
|move|p2a: Obstagoon|Facade|p1a: Moltres
|-damage|p1a: Moltres|0 fnt
|faint|p1a: Moltres
|
|-damage|p2a: Obstagoon|27/100 brn|[from] brn
|upkeep
|
|t:|1662826718
|switch|p1a: Latias|Latias, F|90/100
|-damage|p1a: Latias|77/100|[from] Stealth Rock
|turn|24
|
|t:|1662826727
|switch|p2a: Swampert|Swampert, M|99/100
|move|p1a: Latias|Aura Sphere|p2a: Swampert
|-damage|p2a: Swampert|82/100
|
|-heal|p2a: Swampert|89/100|[from] item: Leftovers
|upkeep
|turn|25
|
|t:|1662826735
|move|p1a: Latias|Agility|p1a: Latias
|-boost|p1a: Latias|spe|2
|move|p2a: Swampert|Flip Turn|p1a: Latias
|-resisted|p1a: Latias
|-damage|p1a: Latias|66/100
|
|t:|1662826743
|switch|p2a: Tapu Fini|Tapu Fini|94/100|[from]move: Flip Turn
|-fieldstart|move: Misty Terrain|[from] ability: Misty Surge|[of] p2a: Tapu Fini
|
|-heal|p2a: Tapu Fini|100/100|[from] item: Leftovers
|upkeep
|turn|26
|
|t:|1662826747
|move|p1a: Latias|Calm Mind|p1a: Latias
|-boost|p1a: Latias|spa|1
|-boost|p1a: Latias|spd|1
|move|p2a: Tapu Fini|Calm Mind|p2a: Tapu Fini
|-boost|p2a: Tapu Fini|spa|1
|-boost|p2a: Tapu Fini|spd|1
|
|upkeep
|turn|27
|
|t:|1662826757
|move|p1a: Latias|Calm Mind|p1a: Latias
|-boost|p1a: Latias|spa|1
|-boost|p1a: Latias|spd|1
|move|p2a: Tapu Fini|Draining Kiss|p1a: Latias
|-supereffective|p1a: Latias
|-damage|p1a: Latias|47/100
|-enditem|p1a: Latias|Weakness Policy
|-boost|p1a: Latias|atk|2|[from] item: Weakness Policy
|-boost|p1a: Latias|spa|2|[from] item: Weakness Policy
|
|upkeep
|turn|28
|
|t:|1662826765
|move|p1a: Latias|Stored Power|p2a: Tapu Fini
|-damage|p2a: Tapu Fini|0 fnt
|faint|p2a: Tapu Fini
|
|upkeep
|
|t:|1662826769
|switch|p2a: Rillaboom|Rillaboom, F|58/100
|-fieldstart|move: Grassy Terrain|[from] ability: Grassy Surge|[of] p2a: Rillaboom
|turn|29
|
|t:|1662826771
|move|p2a: Rillaboom|Grassy Glide|p1a: Latias
|-resisted|p1a: Latias
|-damage|p1a: Latias|10/100
|move|p1a: Latias|Stored Power|p2a: Rillaboom
|-damage|p2a: Rillaboom|0 fnt
|faint|p2a: Rillaboom
|
|upkeep
|
|t:|1662826785
|switch|p2a: Swampert|Swampert, M|89/100
|turn|30
|
|t:|1662826788
|move|p1a: Latias|Stored Power|p2a: Swampert
|-damage|p2a: Swampert|0 fnt
|faint|p2a: Swampert
|
|upkeep
|
|t:|1662826794
|switch|p2a: Heatran|Heatran, M|100/100
|turn|31
|j| t-yeu
|inactive|theseagullturtle has 120 seconds left.
|j| Lester Mo
|
|t:|1662826839
|move|p1a: Latias|Stored Power|p2a: Heatran
|-resisted|p2a: Heatran
|-damage|p2a: Heatran|0 fnt
|faint|p2a: Heatran
|
|upkeep
|-message|Shotintheheart forfeited.
|
|win|theseagullturtle
|raw|theseagullturtle's rating: 1687 &rarr; <strong>1710</strong><br />(+23 for winning)
|raw|Shotintheheart's rating: 1733 &rarr; <strong>1710</strong><br />(-23 for losing)
|l|☆Shotintheheart
|c|☆theseagullturtle|gg
|n| vip10086|vip10086
||Ladder isn't responding, score probably updated but might not have (Request timeout).
