|j|☆fa kin nob tem
|j|☆misplayin
|t:|1665329114
|gametype|singles
|player|p1|fa kin nob tem|266|1620
|player|p2|misplayin|pokemonrangerf-gen4|1735
|teamsize|p1|6
|teamsize|p2|6
|gen|8
|tier|[Gen 8] OU
|rated|
|rule|Sleep Clause Mod: Limit one foe put to sleep
|rule|Species Clause: Limit one of each Pokémon
|rule|OHKO Clause: OHKO moves are banned
|rule|Evasion Items Clause: Evasion items are banned
|rule|Evasion Moves Clause: Evasion moves are banned
|rule|Endless Battle Clause: Forcing endless battles is banned
|rule|HP Percentage Mod: HP is shown in percentages
|rule|Dynamax Clause: You cannot dynamax
|clearpoke
|poke|p1|Lanturn, F|
|poke|p1|Tapu Bulu|
|poke|p1|Heatran, M|
|poke|p1|Clefable, F|
|poke|p1|Corviknight, M|
|poke|p1|Kartana|
|poke|p2|Obstagoon, F|
|poke|p2|Garchomp, F|
|poke|p2|Pelipper, F|
|poke|p2|Buzzwole|
|poke|p2|Tornadus-Therian, M|
|poke|p2|Tapu Koko|
|teampreview
|inactive|Battle timer is ON: inactive players will automatically lose when time's up. (requested by misplayin)
|inactive|fa kin nob tem also wants the timer to be on.
|inactive|misplayin has 120 seconds left.
|
|t:|1665329171
|start
|switch|p1a: Tapu Bulu|Tapu Bulu|100/100
|switch|p2a: Garchomp|Garchomp, F|100/100
|-fieldstart|move: Grassy Terrain|[from] ability: Grassy Surge|[of] p1a: Tapu Bulu
|turn|1
|
|t:|1665329177
|switch|p2a: Buzzwole|Buzzwole|100/100
|move|p1a: Tapu Bulu|Toxic|p2a: Buzzwole
|-status|p2a: Buzzwole|tox
|
|-damage|p2a: Buzzwole|94/100 tox|[from] psn
|upkeep
|turn|2
|
|t:|1665329183
|switch|p2a: Pelipper|Pelipper, F|100/100
|-weather|RainDance|[from] ability: Drizzle|[of] p2a: Pelipper
|switch|p1a: Corviknight|Corviknight, M|100/100
|-ability|p1a: Corviknight|Pressure
|
|-weather|RainDance|[upkeep]
|upkeep
|turn|3
|
|t:|1665329186
|switch|p1a: Lanturn|Lanturn, F|100/100
|move|p2a: Pelipper|Weather Ball|p1a: Lanturn
|-resisted|p1a: Lanturn
|-damage|p1a: Lanturn|64/100
|
|-weather|RainDance|[upkeep]
|-heal|p1a: Lanturn|70/100|[from] Grassy Terrain
|-heal|p1a: Lanturn|77/100|[from] item: Leftovers
|upkeep
|turn|4
|
|t:|1665329192
|switch|p2a: Garchomp|Garchomp, F|100/100
|move|p1a: Lanturn|Scald|p2a: Garchomp
|-damage|p2a: Garchomp|78/100
|
|-weather|RainDance|[upkeep]
|-heal|p2a: Garchomp|84/100|[from] Grassy Terrain
|-heal|p2a: Garchomp|90/100|[from] item: Leftovers
|-heal|p1a: Lanturn|83/100|[from] Grassy Terrain
|-heal|p1a: Lanturn|89/100|[from] item: Leftovers
|upkeep
|turn|5
|
|t:|1665329203
|move|p2a: Garchomp|Stealth Rock|p1a: Lanturn
|-sidestart|p1: fa kin nob tem|move: Stealth Rock
|move|p1a: Lanturn|Scald|p2a: Garchomp
|-damage|p2a: Garchomp|67/100
|
|-weather|RainDance|[upkeep]
|-heal|p2a: Garchomp|73/100|[from] Grassy Terrain
|-heal|p2a: Garchomp|79/100|[from] item: Leftovers
|-heal|p1a: Lanturn|95/100|[from] Grassy Terrain
|-heal|p1a: Lanturn|100/100|[from] item: Leftovers
|-fieldend|move: Grassy Terrain
|upkeep
|turn|6
|
|t:|1665329206
|switch|p1a: Tapu Bulu|Tapu Bulu|100/100
|-damage|p1a: Tapu Bulu|88/100|[from] Stealth Rock
|-fieldstart|move: Grassy Terrain|[from] ability: Grassy Surge|[of] p1a: Tapu Bulu
|move|p2a: Garchomp|Protect||[still]
|-fail|p2a: Garchomp
|
|-weather|none
|-heal|p2a: Garchomp|85/100|[from] Grassy Terrain
|-heal|p2a: Garchomp|92/100|[from] item: Leftovers
|-heal|p1a: Tapu Bulu|94/100|[from] Grassy Terrain
|-heal|p1a: Tapu Bulu|100/100|[from] item: Leftovers
|upkeep
|turn|7
|
|t:|1665329212
|switch|p2a: Buzzwole|Buzzwole|94/100 tox
|move|p1a: Tapu Bulu|Toxic|p2a: Buzzwole
|-fail|p2a: Buzzwole|tox
|
|-heal|p2a: Buzzwole|100/100 tox|[from] Grassy Terrain
|-damage|p2a: Buzzwole|94/100 tox|[from] psn
|upkeep
|turn|8
|
|t:|1665329218
|switch|p2a: Pelipper|Pelipper, F|100/100
|-weather|RainDance|[from] ability: Drizzle|[of] p2a: Pelipper
|switch|p1a: Corviknight|Corviknight, M|100/100
|-damage|p1a: Corviknight|88/100|[from] Stealth Rock
|-ability|p1a: Corviknight|Pressure
|
|-weather|RainDance|[upkeep]
|upkeep
|turn|9
|
|t:|1665329222
|switch|p1a: Lanturn|Lanturn, F|100/100
|-damage|p1a: Lanturn|88/100|[from] Stealth Rock
|move|p2a: Pelipper|Weather Ball|p1a: Lanturn
|-resisted|p1a: Lanturn
|-damage|p1a: Lanturn|56/100
|
|-weather|RainDance|[upkeep]
|-heal|p1a: Lanturn|63/100|[from] Grassy Terrain
|-heal|p1a: Lanturn|69/100|[from] item: Leftovers
|upkeep
|turn|10
|
|t:|1665329228
|switch|p2a: Garchomp|Garchomp, F|92/100
|move|p1a: Lanturn|Scald|p2a: Garchomp
|-damage|p2a: Garchomp|69/100
|
|-weather|RainDance|[upkeep]
|-heal|p2a: Garchomp|76/100|[from] Grassy Terrain
|-heal|p2a: Garchomp|82/100|[from] item: Leftovers
|-heal|p1a: Lanturn|75/100|[from] Grassy Terrain
|-heal|p1a: Lanturn|81/100|[from] item: Leftovers
|-fieldend|move: Grassy Terrain
|upkeep
|turn|11
|
|t:|1665329232
|switch|p1a: Corviknight|Corviknight, M|88/100
|-damage|p1a: Corviknight|75/100|[from] Stealth Rock
|-ability|p1a: Corviknight|Pressure
|move|p2a: Garchomp|Toxic|p1a: Corviknight
|-immune|p1a: Corviknight
|
|-weather|RainDance|[upkeep]
|-heal|p2a: Garchomp|88/100|[from] item: Leftovers
|upkeep
|turn|12
|
|t:|1665329235
|move|p2a: Garchomp|Protect|p2a: Garchomp
|-singleturn|p2a: Garchomp|Protect
|move|p1a: Corviknight|Defog|p2a: Garchomp
|-activate|p2a: Garchomp|move: Protect
|
|-weather|none
|-heal|p2a: Garchomp|94/100|[from] item: Leftovers
|upkeep
|turn|13
|
|t:|1665329238
|switch|p2a: Pelipper|Pelipper, F|100/100
|-weather|RainDance|[from] ability: Drizzle|[of] p2a: Pelipper
|move|p1a: Corviknight|Defog|p2a: Pelipper
|-unboost|p2a: Pelipper|evasion|1
|-sideend|p1: fa kin nob tem|Stealth Rock|[from] move: Defog|[of] p1a: Corviknight
|
|-weather|RainDance|[upkeep]
|upkeep
|turn|14
|
|t:|1665329246
|switch|p1a: Lanturn|Lanturn, F|81/100
|move|p2a: Pelipper|Weather Ball|p1a: Lanturn
|-resisted|p1a: Lanturn
|-damage|p1a: Lanturn|49/100
|
|-weather|RainDance|[upkeep]
|-heal|p1a: Lanturn|55/100|[from] item: Leftovers
|upkeep
|turn|15
|
|t:|1665329251
|switch|p2a: Garchomp|Garchomp, F|94/100
|move|p1a: Lanturn|Volt Switch|p2a: Garchomp
|-immune|p2a: Garchomp
|
|-weather|RainDance|[upkeep]
|-heal|p2a: Garchomp|100/100|[from] item: Leftovers
|-heal|p1a: Lanturn|61/100|[from] item: Leftovers
|upkeep
|turn|16
|
|t:|1665329255
|switch|p1a: Tapu Bulu|Tapu Bulu|100/100
|-fieldstart|move: Grassy Terrain|[from] ability: Grassy Surge|[of] p1a: Tapu Bulu
|move|p2a: Garchomp|Toxic|p1a: Tapu Bulu
|-status|p1a: Tapu Bulu|tox
|
|-weather|RainDance|[upkeep]
|-damage|p1a: Tapu Bulu|94/100 tox|[from] psn
|upkeep
|turn|17
|
|t:|1665329259
|switch|p2a: Buzzwole|Buzzwole|94/100 tox
|move|p1a: Tapu Bulu|Horn Leech|p2a: Buzzwole
|-resisted|p2a: Buzzwole
|-damage|p2a: Buzzwole|81/100 tox
|-heal|p1a: Tapu Bulu|100/100 tox|[from] drain|[of] p2a: Buzzwole
|-damage|p1a: Tapu Bulu|84/100 tox|[from] item: Rocky Helmet|[of] p2a: Buzzwole
|
|-weather|none
|-heal|p2a: Buzzwole|88/100 tox|[from] Grassy Terrain
|-heal|p1a: Tapu Bulu|90/100 tox|[from] Grassy Terrain
|-heal|p1a: Tapu Bulu|96/100 tox|[from] item: Leftovers
|-damage|p2a: Buzzwole|81/100 tox|[from] psn
|-damage|p1a: Tapu Bulu|84/100 tox|[from] psn
|upkeep
|turn|18
|
|t:|1665329263
|switch|p1a: Corviknight|Corviknight, M|75/100
|-ability|p1a: Corviknight|Pressure
|move|p2a: Buzzwole|Ice Punch|p1a: Corviknight
|-damage|p1a: Corviknight|61/100
|-damage|p2a: Buzzwole|65/100 tox|[from] item: Rocky Helmet|[of] p1a: Corviknight
|
|-heal|p2a: Buzzwole|71/100 tox|[from] Grassy Terrain
|-damage|p2a: Buzzwole|59/100 tox|[from] psn
|upkeep
|turn|19
|
|t:|1665329268
|move|p2a: Buzzwole|Roost|p2a: Buzzwole
|-heal|p2a: Buzzwole|100/100 tox
|-singleturn|p2a: Buzzwole|move: Roost
|move|p1a: Corviknight|Roost|p1a: Corviknight
|-heal|p1a: Corviknight|100/100
|-singleturn|p1a: Corviknight|move: Roost
|
|-damage|p2a: Buzzwole|82/100 tox|[from] psn
|upkeep
|turn|20
|
|t:|1665329271
|switch|p2a: Garchomp|Garchomp, F|100/100
|switch|p1a: Lanturn|Lanturn, F|61/100
|
|-heal|p1a: Lanturn|67/100|[from] Grassy Terrain
|-heal|p1a: Lanturn|74/100|[from] item: Leftovers
|-fieldend|move: Grassy Terrain
|upkeep
|turn|21
|
|t:|1665329274
|switch|p1a: Tapu Bulu|Tapu Bulu|84/100 tox
|-fieldstart|move: Grassy Terrain|[from] ability: Grassy Surge|[of] p1a: Tapu Bulu
|move|p2a: Garchomp|Stealth Rock|p1a: Tapu Bulu
|-sidestart|p1: fa kin nob tem|move: Stealth Rock
|
|-heal|p1a: Tapu Bulu|90/100 tox|[from] Grassy Terrain
|-heal|p1a: Tapu Bulu|96/100 tox|[from] item: Leftovers
|-damage|p1a: Tapu Bulu|90/100 tox|[from] psn
|upkeep
|turn|22
|
|t:|1665329278
|switch|p2a: Pelipper|Pelipper, F|100/100
|-weather|RainDance|[from] ability: Drizzle|[of] p2a: Pelipper
|switch|p1a: Corviknight|Corviknight, M|100/100
|-damage|p1a: Corviknight|88/100|[from] Stealth Rock
|-ability|p1a: Corviknight|Pressure
|
|-weather|RainDance|[upkeep]
|upkeep
|turn|23
|
|t:|1665329281
|switch|p1a: Lanturn|Lanturn, F|74/100
|-damage|p1a: Lanturn|61/100|[from] Stealth Rock
|move|p2a: Pelipper|Weather Ball|p1a: Lanturn
|-resisted|p1a: Lanturn
|-damage|p1a: Lanturn|27/100
|
|-weather|RainDance|[upkeep]
|-heal|p1a: Lanturn|34/100|[from] Grassy Terrain
|-heal|p1a: Lanturn|40/100|[from] item: Leftovers
|upkeep
|turn|24
|
|t:|1665329284
|move|p2a: Pelipper|Weather Ball|p1a: Lanturn
|-resisted|p1a: Lanturn
|-damage|p1a: Lanturn|6/100
|move|p1a: Lanturn|Scald|p2a: Pelipper
|-resisted|p2a: Pelipper
|-damage|p2a: Pelipper|74/100
|
|-weather|RainDance|[upkeep]
|-heal|p1a: Lanturn|13/100|[from] Grassy Terrain
|-heal|p1a: Lanturn|19/100|[from] item: Leftovers
|upkeep
|turn|25
|
|t:|1665329287
|move|p2a: Pelipper|Weather Ball|p1a: Lanturn
|-resisted|p1a: Lanturn
|-damage|p1a: Lanturn|0 fnt
|faint|p1a: Lanturn
|
|-weather|RainDance|[upkeep]
|-fieldend|move: Grassy Terrain
|upkeep
|
|t:|1665329288
|switch|p1a: Kartana|Kartana|100/100
|-damage|p1a: Kartana|94/100|[from] Stealth Rock
|turn|26
|
|t:|1665329291
|switch|p2a: Buzzwole|Buzzwole|82/100 tox
|move|p1a: Kartana|Leaf Blade|p2a: Buzzwole
|-resisted|p2a: Buzzwole
|-damage|p2a: Buzzwole|60/100 tox
|-damage|p1a: Kartana|78/100|[from] item: Rocky Helmet|[of] p2a: Buzzwole
|
|-weather|none
|-damage|p2a: Buzzwole|54/100 tox|[from] psn
|upkeep
|turn|27
|
|t:|1665329296
|switch|p1a: Heatran|Heatran, M|100/100
|-damage|p1a: Heatran|88/100|[from] Stealth Rock
|move|p2a: Buzzwole|Roost|p2a: Buzzwole
|-heal|p2a: Buzzwole|100/100 tox
|-singleturn|p2a: Buzzwole|move: Roost
|
|-heal|p1a: Heatran|94/100|[from] item: Leftovers
|-damage|p2a: Buzzwole|88/100 tox|[from] psn
|upkeep
|turn|28
|
|t:|1665329300
|switch|p2a: Garchomp|Garchomp, F|100/100
|move|p1a: Heatran|Stealth Rock|p2a: Garchomp
|-sidestart|p2: misplayin|move: Stealth Rock
|
|-heal|p1a: Heatran|100/100|[from] item: Leftovers
|upkeep
|turn|29
|
|t:|1665329306
|switch|p2a: Tapu Koko|Tapu Koko|100/100
|-fieldstart|move: Electric Terrain|[from] ability: Electric Surge|[of] p2a: Tapu Koko
|move|p1a: Heatran|Toxic|p2a: Tapu Koko
|-status|p2a: Tapu Koko|tox
|
|-damage|p2a: Tapu Koko|94/100 tox|[from] psn
|upkeep
|turn|30
|
|t:|1665329309
|move|p2a: Tapu Koko|U-turn|p1a: Heatran
|-resisted|p1a: Heatran
|-damage|p1a: Heatran|98/100
|
|t:|1665329311
|switch|p2a: Garchomp|Garchomp, F|100/100|[from]move: U-turn
|-damage|p2a: Garchomp|94/100|[from] Stealth Rock
|move|p1a: Heatran|Lava Plume|p2a: Garchomp
|-resisted|p2a: Garchomp
|-damage|p2a: Garchomp|83/100
|-status|p2a: Garchomp|brn
|
|-heal|p2a: Garchomp|89/100 brn|[from] item: Leftovers
|-heal|p1a: Heatran|100/100|[from] item: Leftovers
|-damage|p2a: Garchomp|83/100 brn|[from] brn
|upkeep
|turn|31
|
|t:|1665329315
|switch|p1a: Corviknight|Corviknight, M|88/100
|-damage|p1a: Corviknight|75/100|[from] Stealth Rock
|-ability|p1a: Corviknight|Pressure
|move|p2a: Garchomp|Earthquake|p1a: Corviknight
|-immune|p1a: Corviknight
|
|-heal|p2a: Garchomp|89/100 brn|[from] item: Leftovers
|-damage|p2a: Garchomp|83/100 brn|[from] brn
|upkeep
|turn|32
|
|t:|1665329322
|switch|p2a: Tapu Koko|Tapu Koko|94/100 tox
|move|p1a: Corviknight|Roost|p1a: Corviknight
|-heal|p1a: Corviknight|100/100
|-singleturn|p1a: Corviknight|move: Roost
|
|-damage|p2a: Tapu Koko|88/100 tox|[from] psn
|upkeep
|turn|33
|
|t:|1665329325
|switch|p1a: Tapu Bulu|Tapu Bulu|90/100 tox
|-damage|p1a: Tapu Bulu|78/100 tox|[from] Stealth Rock
|-fieldstart|move: Grassy Terrain|[from] ability: Grassy Surge|[of] p1a: Tapu Bulu
|move|p2a: Tapu Koko|Defog|p1a: Tapu Bulu
|-unboost|p1a: Tapu Bulu|evasion|1
|-sideend|p1: fa kin nob tem|Stealth Rock|[from] move: Defog|[of] p2a: Tapu Koko
|-sideend|p2: misplayin|Stealth Rock|[from] move: Defog|[of] p2a: Tapu Koko
|-fieldend|move: Grassy Terrain
|
|-heal|p1a: Tapu Bulu|84/100 tox|[from] item: Leftovers
|-damage|p2a: Tapu Koko|76/100 tox|[from] psn
|-damage|p1a: Tapu Bulu|78/100 tox|[from] psn
|upkeep
|turn|34
|
|t:|1665329333
|move|p2a: Tapu Koko|U-turn|p1a: Tapu Bulu
|-damage|p1a: Tapu Bulu|65/100 tox
|
|t:|1665329337
|switch|p2a: Buzzwole|Buzzwole|88/100 tox|[from]move: U-turn
|move|p1a: Tapu Bulu|Horn Leech|p2a: Buzzwole
|-resisted|p2a: Buzzwole
|-damage|p2a: Buzzwole|77/100 tox
|-heal|p1a: Tapu Bulu|71/100 tox|[from] drain|[of] p2a: Buzzwole
|-damage|p1a: Tapu Bulu|55/100 tox|[from] item: Rocky Helmet|[of] p2a: Buzzwole
|
|-heal|p1a: Tapu Bulu|61/100 tox|[from] item: Leftovers
|-damage|p2a: Buzzwole|71/100 tox|[from] psn
|-damage|p1a: Tapu Bulu|49/100 tox|[from] psn
|upkeep
|turn|35
|
|t:|1665329352
|switch|p2a: Pelipper|Pelipper, F|74/100
|-weather|RainDance|[from] ability: Drizzle|[of] p2a: Pelipper
|switch|p1a: Heatran|Heatran, M|100/100
|
|-weather|RainDance|[upkeep]
|upkeep
|turn|36
|
|t:|1665329354
|move|p1a: Heatran|Protect|p1a: Heatran
|-singleturn|p1a: Heatran|Protect
|move|p2a: Pelipper|Weather Ball|p1a: Heatran
|-activate|p1a: Heatran|move: Protect
|
|-weather|RainDance|[upkeep]
|upkeep
|turn|37
|
|t:|1665329361
|switch|p1a: Tapu Bulu|Tapu Bulu|49/100 tox
|-fieldstart|move: Grassy Terrain|[from] ability: Grassy Surge|[of] p1a: Tapu Bulu
|move|p2a: Pelipper|Weather Ball|p1a: Tapu Bulu
|-resisted|p1a: Tapu Bulu
|-damage|p1a: Tapu Bulu|0 fnt
|faint|p1a: Tapu Bulu
|
|-weather|RainDance|[upkeep]
|upkeep
|
|t:|1665329362
|switch|p1a: Kartana|Kartana|78/100
|turn|38
|
|t:|1665329366
|switch|p2a: Tornadus|Tornadus-Therian, M|100/100
|move|p1a: Kartana|Leaf Blade|p2a: Tornadus
|-resisted|p2a: Tornadus
|-damage|p2a: Tornadus|28/100
|
|-weather|RainDance|[upkeep]
|-heal|p1a: Kartana|84/100|[from] Grassy Terrain
|upkeep
|turn|39
|
|t:|1665329370
|switch|p2a: Buzzwole|Buzzwole|71/100 tox
|move|p1a: Kartana|Leaf Blade|p2a: Buzzwole
|-resisted|p2a: Buzzwole
|-damage|p2a: Buzzwole|39/100 tox
|-damage|p1a: Kartana|67/100|[from] item: Rocky Helmet|[of] p2a: Buzzwole
|
|-weather|none
|-heal|p1a: Kartana|73/100|[from] Grassy Terrain
|-heal|p2a: Buzzwole|45/100 tox|[from] Grassy Terrain
|-damage|p2a: Buzzwole|39/100 tox|[from] psn
|upkeep
|turn|40
|
|t:|1665329377
|switch|p1a: Corviknight|Corviknight, M|100/100
|-ability|p1a: Corviknight|Pressure
|move|p2a: Buzzwole|Roost|p2a: Buzzwole
|-heal|p2a: Buzzwole|89/100 tox
|-singleturn|p2a: Buzzwole|move: Roost
|
|-heal|p2a: Buzzwole|95/100 tox|[from] Grassy Terrain
|-damage|p2a: Buzzwole|83/100 tox|[from] psn
|upkeep
|turn|41
|
|t:|1665329387
|switch|p2a: Tapu Koko|Tapu Koko|76/100 tox
|-fieldstart|move: Electric Terrain|[from] ability: Electric Surge|[of] p2a: Tapu Koko
|move|p1a: Corviknight|Brave Bird|p2a: Tapu Koko
|-resisted|p2a: Tapu Koko
|-crit|p2a: Tapu Koko
|-damage|p2a: Tapu Koko|36/100 tox
|-damage|p1a: Corviknight|91/100|[from] Recoil
|
|-damage|p2a: Tapu Koko|30/100 tox|[from] psn
|upkeep
|turn|42
|
|t:|1665329391
|move|p2a: Tapu Koko|Thunderbolt|p1a: Corviknight
|-supereffective|p1a: Corviknight
|-damage|p1a: Corviknight|0 fnt
|faint|p1a: Corviknight
|
|-damage|p2a: Tapu Koko|18/100 tox|[from] psn
|upkeep
|
|t:|1665329394
|switch|p1a: Kartana|Kartana|73/100
|turn|43
|
|t:|1665329397
|switch|p2a: Buzzwole|Buzzwole|83/100 tox
|switch|p1a: Heatran|Heatran, M|100/100
|
|-damage|p2a: Buzzwole|77/100 tox|[from] psn
|upkeep
|turn|44
|
|t:|1665329402
|switch|p2a: Pelipper|Pelipper, F|74/100
|-weather|RainDance|[from] ability: Drizzle|[of] p2a: Pelipper
|move|p1a: Heatran|Stealth Rock|p2a: Pelipper
|-sidestart|p2: misplayin|move: Stealth Rock
|
|-weather|RainDance|[upkeep]
|upkeep
|turn|45
|
|t:|1665329404
|move|p1a: Heatran|Protect|p1a: Heatran
|-singleturn|p1a: Heatran|Protect
|move|p2a: Pelipper|Weather Ball|p1a: Heatran
|-activate|p1a: Heatran|move: Protect
|
|-weather|RainDance|[upkeep]
|-fieldend|move: Electric Terrain
|upkeep
|turn|46
|
|t:|1665329409
|move|p2a: Pelipper|Weather Ball|p1a: Heatran
|-supereffective|p1a: Heatran
|-damage|p1a: Heatran|0 fnt
|faint|p1a: Heatran
|
|-weather|RainDance|[upkeep]
|upkeep
|
|t:|1665329411
|switch|p1a: Kartana|Kartana|73/100
|turn|47
|
|t:|1665329419
|switch|p2a: Buzzwole|Buzzwole|77/100 tox
|-damage|p2a: Buzzwole|64/100 tox|[from] Stealth Rock
|move|p1a: Kartana|Smart Strike|p2a: Buzzwole
|-damage|p2a: Buzzwole|26/100 tox
|-damage|p1a: Kartana|57/100|[from] item: Rocky Helmet|[of] p2a: Buzzwole
|
|-weather|RainDance|[upkeep]
|-damage|p2a: Buzzwole|20/100 tox|[from] psn
|upkeep
|turn|48
|j| Pinkmons are funny
|l| Pinkmons are funny
|
|t:|1665329424
|move|p1a: Kartana|Smart Strike|p2a: Buzzwole
|-damage|p2a: Buzzwole|0 fnt
|-damage|p1a: Kartana|40/100|[from] item: Rocky Helmet|[of] p2a: Buzzwole
|faint|p2a: Buzzwole
|-ability|p1a: Kartana|Beast Boost|boost
|-boost|p1a: Kartana|atk|1
|
|-weather|none
|upkeep
|
|t:|1665329427
|switch|p2a: Garchomp|Garchomp, F|83/100 brn
|-damage|p2a: Garchomp|76/100 brn|[from] Stealth Rock
|turn|49
|
|t:|1665329430
|switch|p1a: Clefable|Clefable, F|100/100
|move|p2a: Garchomp|Earthquake|p1a: Clefable
|-damage|p1a: Clefable|78/100
|
|-heal|p2a: Garchomp|83/100 brn|[from] item: Leftovers
|-heal|p1a: Clefable|84/100|[from] item: Leftovers
|-damage|p2a: Garchomp|76/100 brn|[from] brn
|upkeep
|turn|50
|
|t:|1665329435
|switch|p2a: Pelipper|Pelipper, F|74/100
|-damage|p2a: Pelipper|49/100|[from] Stealth Rock
|-weather|RainDance|[from] ability: Drizzle|[of] p2a: Pelipper
|move|p1a: Clefable|Wish|p1a: Clefable
|
|-weather|RainDance|[upkeep]
|-heal|p1a: Clefable|90/100|[from] item: Leftovers
|upkeep
|turn|51
|
|t:|1665329440
|move|p2a: Pelipper|Weather Ball|p1a: Clefable
|-damage|p1a: Clefable|17/100
|move|p1a: Clefable|Moonblast|p2a: Pelipper
|-damage|p2a: Pelipper|0 fnt
|faint|p2a: Pelipper
|
|-weather|RainDance|[upkeep]
|-heal|p1a: Clefable|67/100|[from] move: Wish|[wisher] Clefable
|-heal|p1a: Clefable|73/100|[from] item: Leftovers
|upkeep
|
|t:|1665329447
|switch|p2a: Tapu Koko|Tapu Koko|18/100 tox
|-fieldstart|move: Electric Terrain|[from] ability: Electric Surge|[of] p2a: Tapu Koko
|turn|52
|
|t:|1665329452
|move|p1a: Clefable|Protect|p1a: Clefable
|-singleturn|p1a: Clefable|Protect
|move|p2a: Tapu Koko|Thunderbolt|p1a: Clefable
|-activate|p1a: Clefable|move: Protect
|
|-weather|RainDance|[upkeep]
|-heal|p1a: Clefable|79/100|[from] item: Leftovers
|-damage|p2a: Tapu Koko|12/100 tox|[from] psn
|upkeep
|turn|53
|
|t:|1665329455
|move|p2a: Tapu Koko|Thunderbolt|p1a: Clefable
|-damage|p1a: Clefable|46/100
|move|p1a: Clefable|Wish|p1a: Clefable
|
|-weather|RainDance|[upkeep]
|-heal|p1a: Clefable|52/100|[from] item: Leftovers
|-damage|p2a: Tapu Koko|0 fnt|[from] psn
|faint|p2a: Tapu Koko
|upkeep
|
|t:|1665329459
|switch|p2a: Obstagoon|Obstagoon, F|100/100
|-damage|p2a: Obstagoon|88/100|[from] Stealth Rock
|turn|54
|
|t:|1665329466
|switch|p2a: Tornadus|Tornadus-Therian, M|62/100
|-damage|p2a: Tornadus|37/100|[from] Stealth Rock
|move|p1a: Clefable|Protect||[still]
|-fail|p1a: Clefable
|
|-weather|none
|-heal|p1a: Clefable|100/100|[from] move: Wish|[wisher] Clefable
|upkeep
|turn|55
|
|t:|1665329470
|move|p2a: Tornadus|Knock Off|p1a: Clefable
|-resisted|p1a: Clefable
|-damage|p1a: Clefable|89/100
|-enditem|p1a: Clefable|Leftovers|[from] move: Knock Off|[of] p2a: Tornadus
|move|p1a: Clefable|Wish|p1a: Clefable
|
|upkeep
|turn|56
|
|t:|1665329473
|move|p2a: Tornadus|Hurricane|p1a: Clefable
|-damage|p1a: Clefable|62/100
|move|p1a: Clefable|Moonblast|p2a: Tornadus
|-damage|p2a: Tornadus|18/100
|-unboost|p2a: Tornadus|spa|1
|
|-heal|p1a: Clefable|100/100|[from] move: Wish|[wisher] Clefable
|-fieldend|move: Electric Terrain
|upkeep
|turn|57
|
|t:|1665329478
|move|p2a: Tornadus|Hurricane|p1a: Clefable
|-damage|p1a: Clefable|83/100
|move|p1a: Clefable|Wish|p1a: Clefable
|
|upkeep
|turn|58
|
|t:|1665329481
|move|p2a: Tornadus|Hurricane|p1a: Clefable
|-damage|p1a: Clefable|65/100
|-start|p1a: Clefable|confusion
|-activate|p1a: Clefable|confusion
|-damage|p1a: Clefable|58/100|[from] confusion
|
|-heal|p1a: Clefable|100/100|[from] move: Wish|[wisher] Clefable
|upkeep
|turn|59
|j| Pinkmons are funny
|
|t:|1665329484
|move|p2a: Tornadus|Hurricane|p1a: Clefable
|-damage|p1a: Clefable|81/100
|-activate|p1a: Clefable|confusion
|move|p1a: Clefable|Wish|p1a: Clefable
|
|upkeep
|turn|60
|
|t:|1665329487
|move|p2a: Tornadus|Hurricane|p1a: Clefable|[miss]
|-miss|p2a: Tornadus|p1a: Clefable
|-activate|p1a: Clefable|confusion
|-damage|p1a: Clefable|75/100|[from] confusion
|
|-heal|p1a: Clefable|100/100|[from] move: Wish|[wisher] Clefable
|upkeep
|turn|61
|
|t:|1665329496
|move|p2a: Tornadus|Hurricane|p1a: Clefable
|-damage|p1a: Clefable|83/100
|-end|p1a: Clefable|confusion
|move|p1a: Clefable|Wish|p1a: Clefable
|
|upkeep
|turn|62
|
|t:|1665329499
|move|p2a: Tornadus|Hurricane|p1a: Clefable
|-damage|p1a: Clefable|64/100
|move|p1a: Clefable|Moonblast|p2a: Tornadus
|-damage|p2a: Tornadus|0 fnt
|faint|p2a: Tornadus
|
|-heal|p1a: Clefable|100/100|[from] move: Wish|[wisher] Clefable
|upkeep
|
|t:|1665329503
|switch|p2a: Garchomp|Garchomp, F|76/100 brn
|-damage|p2a: Garchomp|70/100 brn|[from] Stealth Rock
|turn|63
|
|t:|1665329508
|move|p2a: Garchomp|Protect|p2a: Garchomp
|-singleturn|p2a: Garchomp|Protect
|move|p1a: Clefable|Wish|p1a: Clefable
|
|-heal|p2a: Garchomp|76/100 brn|[from] item: Leftovers
|-damage|p2a: Garchomp|70/100 brn|[from] brn
|upkeep
|turn|64
|
|t:|1665329513
|switch|p2a: Obstagoon|Obstagoon, F|88/100
|-damage|p2a: Obstagoon|76/100|[from] Stealth Rock
|move|p1a: Clefable|Moonblast|p2a: Obstagoon
|-supereffective|p2a: Obstagoon
|-damage|p2a: Obstagoon|3/100
|
|-status|p2a: Obstagoon|brn|[from] item: Flame Orb
|upkeep
|turn|65
|
|t:|1665329518
|move|p1a: Clefable|Protect|p1a: Clefable
|-singleturn|p1a: Clefable|Protect
|move|p2a: Obstagoon|Facade|p1a: Clefable
|-activate|p1a: Clefable|move: Protect
|
|-damage|p2a: Obstagoon|0 fnt|[from] brn
|faint|p2a: Obstagoon
|upkeep
|-message|misplayin forfeited.
|
|win|fa kin nob tem
|raw|fa kin nob tem's rating: 1620 &rarr; <strong>1646</strong><br />(+26 for winning)
|raw|misplayin's rating: 1735 &rarr; <strong>1709</strong><br />(-26 for losing)
|l|☆misplayin
|l| Pinkmons are funny
||Ladder isn't responding, score probably updated but might not have (Request timeout).
