|j|☆shiawasenostory
|j|☆Emblema de Fuego
|t:|1663619683
|gametype|singles
|player|p1|shiawasenostory|170|1664
|player|p2|Emblema de Fuego|blue|1706
|teamsize|p1|6
|teamsize|p2|6
|gen|8
|tier|[Gen 8] OU
|rated|
|rule|Sleep Clause Mod: Limit one foe put to sleep
|rule|Species Clause: Limit one of each Pokémon
|rule|OHKO Clause: OHKO moves are banned
|rule|Evasion Items Clause: Evasion items are banned
|rule|Evasion Moves Clause: Evasion moves are banned
|rule|Endless Battle Clause: Forcing endless battles is banned
|rule|HP Percentage Mod: HP is shown in percentages
|rule|Dynamax Clause: You cannot dynamax
|clearpoke
|poke|p1|Rillaboom, M|
|poke|p1|Tornadus-Therian, M|
|poke|p1|Blaziken, F|
|poke|p1|Melmetal|
|poke|p1|Garchomp, F|
|poke|p1|Slowbro, M|
|poke|p2|Slowbro, M|
|poke|p2|Hatterene, F|
|poke|p2|Marowak-Alola, M|
|poke|p2|Ferrothorn, F|
|poke|p2|Garchomp, F|
|poke|p2|Drampa, F|
|teampreview
|j| Random goes *dies*
|c|☆shiawasenostory|huge drampa
|l| Random goes *dies*
|
|t:|1663619708
|start
|switch|p1a: Melmetal|Melmetal|100/100
|switch|p2a: Falko|Drampa, F|100/100
|turn|1
|
|t:|1663619718
|switch|p2a: Billy B.|Marowak-Alola, M|100/100
|move|p1a: Melmetal|Toxic|p2a: Billy B.
|-status|p2a: Billy B.|tox
|
|-damage|p2a: Billy B.|94/100 tox|[from] psn
|upkeep
|turn|2
|
|t:|1663619730
|switch|p1a: Garchomp|Garchomp, F|100/100
|move|p2a: Billy B.|Substitute|p2a: Billy B.
|-start|p2a: Billy B.|Substitute
|-damage|p2a: Billy B.|70/100 tox
|
|-damage|p2a: Billy B.|57/100 tox|[from] psn
|upkeep
|turn|3
|
|t:|1663619737
|move|p1a: Garchomp|Earthquake|p2a: Billy B.
|-supereffective|p2a: Billy B.
|-end|p2a: Billy B.|Substitute
|move|p2a: Billy B.|Poltergeist|p1a: Garchomp
|-activate|p1a: Garchomp|move: Poltergeist|Leftovers
|-damage|p1a: Garchomp|22/100
|
|-heal|p1a: Garchomp|28/100|[from] item: Leftovers
|-damage|p2a: Billy B.|39/100 tox|[from] psn
|upkeep
|turn|4
|
|t:|1663619751
|switch|p2a: Sonso|Slowbro, M|100/100
|move|p1a: Garchomp|Protect||[still]
|-fail|p1a: Garchomp
|
|-heal|p1a: Garchomp|34/100|[from] item: Leftovers
|upkeep
|turn|5
|
|t:|1663619758
|switch|p2a: Gorra|Hatterene, F|100/100
|move|p1a: Garchomp|Stealth Rock|p2a: Gorra
|move|p2a: Gorra|Stealth Rock|p1a: Garchomp|[from]ability: Magic Bounce
|-sidestart|p1: shiawasenostory|move: Stealth Rock
|
|-heal|p1a: Garchomp|41/100|[from] item: Leftovers
|upkeep
|turn|6
|
|t:|1663619767
|switch|p1a: Tornadus|Tornadus-Therian, M|100/100
|move|p2a: Gorra|Draining Kiss|p1a: Tornadus
|-damage|p1a: Tornadus|80/100
|
|upkeep
|turn|7
|
|t:|1663619773
|move|p1a: Tornadus|Defog|p2a: Gorra
|move|p2a: Gorra|Defog|p1a: Tornadus|[from]ability: Magic Bounce
|-unboost|p1a: Tornadus|evasion|1
|-sideend|p1: shiawasenostory|Stealth Rock|[from] move: Defog|[of] p2a: Gorra
|move|p2a: Gorra|Mystical Fire|p1a: Tornadus
|-damage|p1a: Tornadus|58/100
|-unboost|p1a: Tornadus|spa|1
|
|upkeep
|turn|8
|
|t:|1663619794
|move|p1a: Tornadus|Knock Off|p2a: Gorra
|-crit|p2a: Gorra
|-damage|p2a: Gorra|70/100
|-enditem|p2a: Gorra|Kasib Berry|[from] move: Knock Off|[of] p1a: Tornadus
|move|p2a: Gorra|Trick Room|p2a: Gorra
|-fieldstart|move: Trick Room|[of] p2a: Gorra
|
|upkeep
|turn|9
|
|t:|1663619799
|switch|p2a: Falko|Drampa, F|100/100
|move|p1a: Tornadus|U-turn|p2a: Falko
|-damage|p2a: Falko|85/100
|
|t:|1663619803
|switch|p1a: Melmetal|Melmetal|100/100|[from]move: U-turn
|
|upkeep
|turn|10
|
|t:|1663619809
|move|p2a: Falko|Focus Blast|p1a: Melmetal
|-supereffective|p1a: Melmetal
|-crit|p1a: Melmetal
|-damage|p1a: Melmetal|0 fnt
|faint|p1a: Melmetal
|
|upkeep
|
|t:|1663619813
|switch|p1a: Slowbro|Slowbro, M|100/100
|turn|11
|
|t:|1663619818
|move|p1a: Slowbro|Scald|p2a: Falko
|-resisted|p2a: Falko
|-damage|p2a: Falko|72/100
|move|p2a: Falko|Thunderbolt|p1a: Slowbro
|-supereffective|p1a: Slowbro
|-damage|p1a: Slowbro|5/100
|
|upkeep
|turn|12
|
|t:|1663619838
|move|p2a: Falko|Ice Beam|p1a: Slowbro
|-resisted|p1a: Slowbro
|-damage|p1a: Slowbro|0 fnt
|faint|p1a: Slowbro
|
|-fieldend|move: Trick Room
|upkeep
|
|t:|1663619840
|switch|p1a: Blaziken|Blaziken, F|100/100
|turn|13
|
|t:|1663619850
|switch|p2a: Sonso|Slowbro, M|100/100
|move|p1a: Blaziken|Close Combat|p2a: Sonso
|-resisted|p2a: Sonso
|-damage|p2a: Sonso|81/100
|-unboost|p1a: Blaziken|def|1
|-unboost|p1a: Blaziken|spd|1
|
|-ability|p1a: Blaziken|Speed Boost|boost
|-boost|p1a: Blaziken|spe|1
|upkeep
|turn|14
|
|t:|1663619867
|switch|p1a: Rillaboom|Rillaboom, M|100/100
|-fieldstart|move: Grassy Terrain|[from] ability: Grassy Surge|[of] p1a: Rillaboom
|move|p2a: Sonso|Trick Room|p2a: Sonso
|-fieldstart|move: Trick Room|[of] p2a: Sonso
|
|-heal|p2a: Sonso|87/100|[from] Grassy Terrain
|upkeep
|turn|15
|
|t:|1663619881
|switch|p2a: Thorns|Ferrothorn, F|100/100
|move|p1a: Rillaboom|Drain Punch|p2a: Thorns
|-supereffective|p2a: Thorns
|-damage|p2a: Thorns|56/100
|-damage|p1a: Rillaboom|88/100|[from] ability: Iron Barbs|[of] p2a: Thorns
|
|-heal|p2a: Thorns|62/100|[from] Grassy Terrain
|-heal|p1a: Rillaboom|94/100|[from] Grassy Terrain
|-heal|p1a: Rillaboom|100/100|[from] item: Leftovers
|upkeep
|turn|16
|
|t:|1663619892
|move|p2a: Thorns|Gyro Ball|p1a: Rillaboom
|-damage|p1a: Rillaboom|65/100
|move|p1a: Rillaboom|Drain Punch|p2a: Thorns
|-supereffective|p2a: Thorns
|-damage|p2a: Thorns|22/100
|-heal|p1a: Rillaboom|82/100|[from] drain|[of] p2a: Thorns
|-damage|p1a: Rillaboom|70/100|[from] ability: Iron Barbs|[of] p2a: Thorns
|
|-heal|p2a: Thorns|28/100|[from] Grassy Terrain
|-heal|p1a: Rillaboom|76/100|[from] Grassy Terrain
|-heal|p1a: Rillaboom|82/100|[from] item: Leftovers
|upkeep
|turn|17
|
|t:|1663619905
|move|p2a: Thorns|Stealth Rock|p1a: Rillaboom
|-sidestart|p1: shiawasenostory|move: Stealth Rock
|move|p1a: Rillaboom|Drain Punch|p2a: Thorns
|-supereffective|p2a: Thorns
|-damage|p2a: Thorns|0 fnt
|-heal|p1a: Rillaboom|94/100|[from] drain|[of] p2a: Thorns
|-damage|p1a: Rillaboom|82/100|[from] ability: Iron Barbs|[of] p2a: Thorns
|faint|p2a: Thorns
|
|-heal|p1a: Rillaboom|88/100|[from] Grassy Terrain
|-heal|p1a: Rillaboom|94/100|[from] item: Leftovers
|upkeep
|j| Crowv2
|
|t:|1663619917
|switch|p2a: Falko|Drampa, F|72/100
|turn|18
|
|t:|1663619927
|switch|p1a: Garchomp|Garchomp, F|41/100
|-damage|p1a: Garchomp|34/100|[from] Stealth Rock
|move|p2a: Falko|Roost|p2a: Falko
|-heal|p2a: Falko|100/100
|-singleturn|p2a: Falko|move: Roost
|
|-heal|p1a: Garchomp|41/100|[from] Grassy Terrain
|-heal|p1a: Garchomp|47/100|[from] item: Leftovers
|-fieldend|move: Trick Room
|-fieldend|move: Grassy Terrain
|upkeep
|turn|19
|
|t:|1663619938
|move|p1a: Garchomp|Earthquake|p2a: Falko
|-damage|p2a: Falko|51/100
|move|p2a: Falko|Ice Beam|p1a: Garchomp
|-supereffective|p1a: Garchomp
|-damage|p1a: Garchomp|0 fnt
|faint|p1a: Garchomp
|
|upkeep
|c| Crowv2|el trickroom no se habia extinguido en individuales?
|
|t:|1663619942
|switch|p1a: Blaziken|Blaziken, F|100/100
|-damage|p1a: Blaziken|88/100|[from] Stealth Rock
|turn|20
|c|☆shiawasenostory|no hablo espanol
|
|t:|1663619951
|switch|p1a: Rillaboom|Rillaboom, M|94/100
|-damage|p1a: Rillaboom|82/100|[from] Stealth Rock
|-fieldstart|move: Grassy Terrain|[from] ability: Grassy Surge|[of] p1a: Rillaboom
|switch|p2a: Sonso|Slowbro, M|100/100
|
|-heal|p1a: Rillaboom|88/100|[from] Grassy Terrain
|-heal|p1a: Rillaboom|94/100|[from] item: Leftovers
|upkeep
|turn|21
|
|t:|1663619961
|move|p1a: Rillaboom|Grassy Glide|p2a: Sonso
|-supereffective|p2a: Sonso
|-damage|p2a: Sonso|45/100
|move|p2a: Sonso|Trick Room|p2a: Sonso
|-fieldstart|move: Trick Room|[of] p2a: Sonso
|
|-heal|p2a: Sonso|51/100|[from] Grassy Terrain
|-heal|p1a: Rillaboom|99/100|[from] Grassy Terrain
|-heal|p1a: Rillaboom|100/100|[from] item: Leftovers
|upkeep
|turn|22
|c| Crowv2|wasnt the TR extint in singles?
|c|☆Emblema de Fuego|Se ve muy seguido
|c| Crowv2|no realmente
|
|t:|1663619987
|switch|p2a: Falko|Drampa, F|51/100
|move|p1a: Rillaboom|Swords Dance|p1a: Rillaboom
|-boost|p1a: Rillaboom|atk|2
|
|-heal|p2a: Falko|57/100|[from] Grassy Terrain
|upkeep
|turn|23
|c| Crowv2|al menos no en leadder alta
|c|☆Emblema de Fuego|Siempre me encuentro equipos
|
|t:|1663619995
|move|p1a: Rillaboom|Grassy Glide|p2a: Falko
|-resisted|p2a: Falko
|-damage|p2a: Falko|6/100
|-ability|p2a: Falko|Berserk|boost
|-boost|p2a: Falko|spa|1
|move|p2a: Falko|Ice Beam|p1a: Rillaboom
|-supereffective|p1a: Rillaboom
|-damage|p1a: Rillaboom|0 fnt
|faint|p1a: Rillaboom
|
|-heal|p2a: Falko|12/100|[from] Grassy Terrain
|upkeep
|
|t:|1663620000
|switch|p1a: Tornadus|Tornadus-Therian, M|91/100
|turn|24
|c|☆shiawasenostory|gg
|c|☆Emblema de Fuego|gg
|
|t:|1663620010
|move|p2a: Falko|Ice Beam|p1a: Tornadus
|-supereffective|p1a: Tornadus
|-damage|p1a: Tornadus|0 fnt
|faint|p1a: Tornadus
|
|-heal|p2a: Falko|19/100|[from] Grassy Terrain
|-fieldend|move: Grassy Terrain
|upkeep
|
|t:|1663620013
|switch|p1a: Blaziken|Blaziken, F|88/100
|-damage|p1a: Blaziken|76/100|[from] Stealth Rock
|turn|25
|
|t:|1663620020
|switch|p2a: Sonso|Slowbro, M|85/100
|move|p1a: Blaziken|Protect||[still]
|-fail|p1a: Blaziken
|
|-heal|p1a: Blaziken|82/100|[from] item: Leftovers
|-fieldend|move: Trick Room
|-ability|p1a: Blaziken|Speed Boost|boost
|-boost|p1a: Blaziken|spe|1
|upkeep
|turn|26
|
|t:|1663620028
|move|p1a: Blaziken|Swords Dance|p1a: Blaziken
|-boost|p1a: Blaziken|atk|2
|move|p2a: Sonso|Trick Room|p2a: Sonso
|-fieldstart|move: Trick Room|[of] p2a: Sonso
|
|-heal|p1a: Blaziken|88/100|[from] item: Leftovers
|-ability|p1a: Blaziken|Speed Boost|boost
|-boost|p1a: Blaziken|spe|1
|upkeep
|turn|27
|
|t:|1663620035
|move|p2a: Sonso|Scald|p1a: Blaziken
|-supereffective|p1a: Blaziken
|-damage|p1a: Blaziken|6/100
|move|p1a: Blaziken|Swords Dance|p1a: Blaziken
|-boost|p1a: Blaziken|atk|2
|
|-heal|p1a: Blaziken|12/100|[from] item: Leftovers
|-ability|p1a: Blaziken|Speed Boost|boost
|-boost|p1a: Blaziken|spe|1
|upkeep
|turn|28
|
|t:|1663620044
|move|p1a: Blaziken|Protect|p1a: Blaziken
|-singleturn|p1a: Blaziken|Protect
|move|p2a: Sonso|Scald|p1a: Blaziken
|-activate|p1a: Blaziken|move: Protect
|
|-heal|p1a: Blaziken|19/100|[from] item: Leftovers
|-ability|p1a: Blaziken|Speed Boost|boost
|-boost|p1a: Blaziken|spe|1
|upkeep
|turn|29
|
|t:|1663620056
|move|p1a: Blaziken|Protect|p1a: Blaziken
|-singleturn|p1a: Blaziken|Protect
|move|p2a: Sonso|Scald|p1a: Blaziken
|-activate|p1a: Blaziken|move: Protect
|
|-heal|p1a: Blaziken|25/100|[from] item: Leftovers
|-ability|p1a: Blaziken|Speed Boost|boost
|-boost|p1a: Blaziken|spe|1
|upkeep
|turn|30
|c| Crowv2|imagina que le salga el triple
|
|t:|1663620068
|move|p1a: Blaziken|Protect|p1a: Blaziken
|-singleturn|p1a: Blaziken|Protect
|move|p2a: Sonso|Scald|p1a: Blaziken
|-activate|p1a: Blaziken|move: Protect
|
|-heal|p1a: Blaziken|31/100|[from] item: Leftovers
|-fieldend|move: Trick Room
|-ability|p1a: Blaziken|Speed Boost|boost
|-boost|p1a: Blaziken|spe|1
|upkeep
|turn|31
|c| Crowv2|lol
|c|☆shiawasenostory|lol
|
|t:|1663620080
|switch|p2a: Falko|Drampa, F|19/100
|move|p1a: Blaziken|Close Combat|p2a: Falko
|-supereffective|p2a: Falko
|-damage|p2a: Falko|0 fnt
|-unboost|p1a: Blaziken|def|1
|-unboost|p1a: Blaziken|spd|1
|faint|p2a: Falko
|
|-heal|p1a: Blaziken|37/100|[from] item: Leftovers
|upkeep
|c| Crowv2|voy a guardar esto
|
|t:|1663620089
|switch|p2a: Sonso|Slowbro, M|100/100
|turn|32
|
|t:|1663620093
|move|p1a: Blaziken|Close Combat|p2a: Sonso
|-resisted|p2a: Sonso
|-damage|p2a: Sonso|44/100
|-unboost|p1a: Blaziken|def|1
|-unboost|p1a: Blaziken|spd|1
|move|p2a: Sonso|Trick Room|p2a: Sonso
|-fieldstart|move: Trick Room|[of] p2a: Sonso
|
|-heal|p1a: Blaziken|44/100|[from] item: Leftovers
|upkeep
|turn|33
|
|t:|1663620101
|move|p1a: Blaziken|Protect|p1a: Blaziken
|-singleturn|p1a: Blaziken|Protect
|move|p2a: Sonso|Scald|p1a: Blaziken
|-activate|p1a: Blaziken|move: Protect
|
|-heal|p1a: Blaziken|50/100|[from] item: Leftovers
|upkeep
|turn|34
|c| Crowv2|now
|c| Crowv2|4
|
|t:|1663620108
|move|p1a: Blaziken|Protect||[still]
|-fail|p1a: Blaziken
|move|p2a: Sonso|Scald|p1a: Blaziken
|-supereffective|p1a: Blaziken
|-damage|p1a: Blaziken|0 fnt
|faint|p1a: Blaziken
|
|win|Emblema de Fuego
|raw|shiawasenostory's rating: 1647 &rarr; <strong>1630</strong><br />(-17 for losing)
|raw|Emblema de Fuego's rating: 1706 &rarr; <strong>1723</strong><br />(+17 for winning)
|c| Crowv2|meh
|c| Crowv2|me asuste xD
|l|☆shiawasenostory
||Ladder isn't responding, score probably updated but might not have (Request timeout).
