|j|☆Storm Zone
|j|☆N30N3
|player|p1|Storm Zone|zinnia|1837
|player|p2|N30N3|101|1775
|teamsize|p1|6
|teamsize|p2|6
|gametype|singles
|gen|8
|tier|[Gen 8] OU
|rated|
|html|<div class="broadcast-blue"><strong>OU is currently suspecting Dracovish! For information on how to participate check out the <a href="https://www.smogon.com/forums/threads/3664521/">suspect thread</a>.</strong></div>
|clearpoke
|poke|p1|Aegislash, M|
|poke|p1|Abomasnow, M|
|poke|p1|Kyurem|
|poke|p1|Primarina, M|
|poke|p1|Rhyperior, M|
|poke|p1|Rotom-Heat|
|poke|p2|Mimikyu, F|
|poke|p2|Hippowdon, F|
|poke|p2|Excadrill, M|
|poke|p2|Tyranitar, F|
|poke|p2|Kyurem|
|poke|p2|Ferrothorn, M|
|rule|Sleep Clause Mod: Limit one foe put to sleep
|rule|Species Clause: Limit one of each Pokémon
|rule|OHKO Clause: OHKO moves are banned
|rule|Evasion Moves Clause: Evasion moves are banned
|rule|Endless Battle Clause: Forcing endless battles is banned
|rule|HP Percentage Mod: HP is shown in percentages
|rule|Dynamax Clause: You cannot dynamax
|teampreview
|inactive|Battle timer is ON: inactive players will automatically lose when time's up. (requested by N30N3)
|j| hakwonyong
|
|start
|switch|p1a: Kyotaro|Kyurem, shiny|100/100
|switch|p2a: Tyranitar|Tyranitar, F|100/100
|-ability|p1a: Kyotaro|Pressure
|-weather|Sandstorm|[from] ability: Sand Stream|[of] p2a: Tyranitar
|turn|1
|
|switch|p2a: Mimikyu|Mimikyu, F|100/100
|move|p1a: Kyotaro|Focus Blast|p2a: Mimikyu
|-immune|p2a: Mimikyu
|
|-weather|Sandstorm|[upkeep]
|-damage|p1a: Kyotaro|94/100|[from] Sandstorm
|-damage|p2a: Mimikyu|95/100|[from] Sandstorm
|upkeep
|turn|2
|
|switch|p1a: Mudo|Rhyperior, M|100/100
|move|p2a: Mimikyu|Swords Dance|p2a: Mimikyu
|-boost|p2a: Mimikyu|atk|2
|
|-weather|Sandstorm|[upkeep]
|-damage|p2a: Mimikyu|89/100|[from] Sandstorm
|upkeep
|turn|3
|
|switch|p2a: Hippowdon|Hippowdon, F|100/100
|move|p1a: Mudo|Rock Blast|p2a: Hippowdon
|-resisted|p2a: Hippowdon
|-damage|p2a: Hippowdon|97/100
|-resisted|p2a: Hippowdon
|-damage|p2a: Hippowdon|94/100
|-hitcount|p2a: Hippowdon|2
|
|-weather|Sandstorm|[upkeep]
|upkeep
|turn|4
|
|move|p2a: Hippowdon|Stealth Rock|p1a: Mudo
|-sidestart|p1: Storm Zone|move: Stealth Rock
|move|p1a: Mudo|Stealth Rock|p2a: Hippowdon
|-sidestart|p2: N30N3|move: Stealth Rock
|
|-weather|Sandstorm|[upkeep]
|upkeep
|turn|5
|
|switch|p1a: Phantom|Rotom-Heat, shiny|100/100
|move|p2a: Hippowdon|Whirlwind|p1a: Phantom
|drag|p1a: Izo|Abomasnow, M|100/100
|-damage|p1a: Izo|76/100|[from] Stealth Rock
|-weather|Hail|[from] ability: Snow Warning|[of] p1a: Izo
|
|-weather|Hail|[upkeep]
|-damage|p2a: Hippowdon|87/100|[from] Hail
|upkeep
|turn|6
|
|switch|p2a: Ferrothorn|Ferrothorn, M|100/100
|-damage|p2a: Ferrothorn|94/100|[from] Stealth Rock
|move|p1a: Izo|Earthquake|p2a: Ferrothorn
|-damage|p2a: Ferrothorn|71/100
|-damage|p1a: Izo|66/100|[from] item: Life Orb
|
|-weather|Hail|[upkeep]
|-damage|p2a: Ferrothorn|65/100|[from] Hail
|-heal|p2a: Ferrothorn|71/100|[from] item: Leftovers
|upkeep
|turn|7
|j| HeavenStar
|
|move|p1a: Izo|Swords Dance|p1a: Izo
|-boost|p1a: Izo|atk|2
|move|p2a: Ferrothorn|Gyro Ball|p1a: Izo
|-supereffective|p1a: Izo
|-damage|p1a: Izo|0 fnt
|faint|p1a: Izo
|
|-weather|Hail|[upkeep]
|-damage|p2a: Ferrothorn|65/100|[from] Hail
|-heal|p2a: Ferrothorn|71/100|[from] item: Leftovers
|upkeep
|
|switch|p1a: Phantom|Rotom-Heat, shiny|100/100
|turn|8
|
|switch|p2a: Hippowdon|Hippowdon, F|87/100
|-damage|p2a: Hippowdon|81/100|[from] Stealth Rock
|-weather|Sandstorm|[from] ability: Sand Stream|[of] p2a: Hippowdon
|move|p1a: Phantom|Will-O-Wisp|p2a: Hippowdon|[miss]
|-miss|p1a: Phantom|p2a: Hippowdon
|
|-weather|Sandstorm|[upkeep]
|-damage|p1a: Phantom|94/100|[from] Sandstorm
|upkeep
|turn|9
|
|switch|p2a: Tyranitar|Tyranitar, F|100/100
|-damage|p2a: Tyranitar|88/100|[from] Stealth Rock
|move|p1a: Phantom|Will-O-Wisp|p2a: Tyranitar
|-status|p2a: Tyranitar|brn
|
|-weather|Sandstorm|[upkeep]
|-damage|p1a: Phantom|88/100|[from] Sandstorm
|-damage|p2a: Tyranitar|82/100 brn|[from] brn
|upkeep
|turn|10
|
|move|p1a: Phantom|Volt Switch|p2a: Tyranitar
|-damage|p2a: Tyranitar|66/100 brn
|
|switch|p1a: Mudo|Rhyperior, M|100/100|[from]move: Volt Switch
|-damage|p1a: Mudo|94/100|[from] Stealth Rock
|move|p2a: Tyranitar|Superpower|p1a: Mudo
|-supereffective|p1a: Mudo
|-damage|p1a: Mudo|69/100
|-unboost|p2a: Tyranitar|atk|1
|-unboost|p2a: Tyranitar|def|1
|
|-weather|Sandstorm|[upkeep]
|-heal|p1a: Mudo|75/100|[from] item: Leftovers
|-damage|p2a: Tyranitar|60/100 brn|[from] brn
|upkeep
|turn|11
|
|move|p2a: Tyranitar|Superpower|p1a: Mudo
|-supereffective|p1a: Mudo
|-damage|p1a: Mudo|58/100
|-unboost|p2a: Tyranitar|atk|1
|-unboost|p2a: Tyranitar|def|1
|move|p1a: Mudo|Earthquake|p2a: Tyranitar
|-supereffective|p2a: Tyranitar
|-damage|p2a: Tyranitar|0 fnt
|faint|p2a: Tyranitar
|
|-weather|Sandstorm|[upkeep]
|-heal|p1a: Mudo|65/100|[from] item: Leftovers
|upkeep
|j| OilyBootySpex
|
|switch|p2a: Hippowdon|Hippowdon, F|81/100
|-damage|p2a: Hippowdon|75/100|[from] Stealth Rock
|turn|12
|
|switch|p1a: Phantom|Rotom-Heat, shiny|88/100
|move|p2a: Hippowdon|Whirlwind|p1a: Phantom
|drag|p1a: Kyotaro|Kyurem, shiny|94/100
|-damage|p1a: Kyotaro|70/100|[from] Stealth Rock
|-ability|p1a: Kyotaro|Pressure
|
|-weather|Sandstorm|[upkeep]
|-damage|p1a: Kyotaro|63/100|[from] Sandstorm
|upkeep
|turn|13
|
|switch|p2a: Ferrothorn|Ferrothorn, M|71/100
|-damage|p2a: Ferrothorn|65/100|[from] Stealth Rock
|move|p1a: Kyotaro|Freeze-Dry|p2a: Ferrothorn
|-damage|p2a: Ferrothorn|37/100
|
|-weather|Sandstorm|[upkeep]
|-damage|p1a: Kyotaro|57/100|[from] Sandstorm
|-heal|p2a: Ferrothorn|43/100|[from] item: Leftovers
|upkeep
|turn|14
|
|switch|p1a: Phantom|Rotom-Heat, shiny|88/100
|move|p2a: Ferrothorn|Gyro Ball|p1a: Phantom
|-resisted|p1a: Phantom
|-damage|p1a: Phantom|78/100
|
|-weather|Sandstorm|[upkeep]
|-damage|p1a: Phantom|71/100|[from] Sandstorm
|-heal|p2a: Ferrothorn|49/100|[from] item: Leftovers
|upkeep
|turn|15
|
|switch|p2a: Hippowdon|Hippowdon, F|75/100
|-damage|p2a: Hippowdon|69/100|[from] Stealth Rock
|move|p1a: Phantom|Overheat|p2a: Hippowdon
|-damage|p2a: Hippowdon|24/100
|-unboost|p1a: Phantom|spa|2
|
|-weather|none
|upkeep
|turn|16
|
|move|p1a: Phantom|Overheat|p2a: Hippowdon
|-damage|p2a: Hippowdon|2/100
|-unboost|p1a: Phantom|spa|2
|move|p2a: Hippowdon|Slack Off|p2a: Hippowdon
|-heal|p2a: Hippowdon|52/100
|
|upkeep
|turn|17
|
|move|p1a: Phantom|Will-O-Wisp|p2a: Hippowdon
|-status|p2a: Hippowdon|brn
|move|p2a: Hippowdon|Slack Off|p2a: Hippowdon
|-heal|p2a: Hippowdon|100/100 brn
|
|-damage|p2a: Hippowdon|94/100 brn|[from] brn
|upkeep
|turn|18
|
|move|p1a: Phantom|Will-O-Wisp|p2a: Hippowdon
|-fail|p2a: Hippowdon|brn
|move|p2a: Hippowdon|Whirlwind|p1a: Phantom
|drag|p1a: Kyotaro|Kyurem, shiny|57/100
|-damage|p1a: Kyotaro|32/100|[from] Stealth Rock
|-ability|p1a: Kyotaro|Pressure
|
|-damage|p2a: Hippowdon|88/100 brn|[from] brn
|upkeep
|turn|19
|
|switch|p2a: Ferrothorn|Ferrothorn, M|49/100
|-damage|p2a: Ferrothorn|43/100|[from] Stealth Rock
|move|p1a: Kyotaro|Freeze-Dry|p2a: Ferrothorn
|-damage|p2a: Ferrothorn|14/100
|
|-heal|p2a: Ferrothorn|20/100|[from] item: Leftovers
|upkeep
|turn|20
|
|move|p1a: Kyotaro|Freeze-Dry|p2a: Ferrothorn
|-damage|p2a: Ferrothorn|0 fnt
|faint|p2a: Ferrothorn
|
|upkeep
|
|switch|p2a: Mimikyu|Mimikyu, F|89/100
|-damage|p2a: Mimikyu|76/100|[from] Stealth Rock
|turn|21
|
|move|p1a: Kyotaro|Freeze-Dry|p2a: Mimikyu
|-activate|p2a: Mimikyu|ability: Disguise
|-damage|p2a: Mimikyu|76/100
|-status|p2a: Mimikyu|frz
|detailschange|p2a: Mimikyu|Mimikyu-Busted, F
|-damage|p2a: Mimikyu|64/100 frz|[from] pokemon: Mimikyu-Busted
|cant|p2a: Mimikyu|frz
|
|upkeep
|turn|22
|
|move|p1a: Kyotaro|Freeze-Dry|p2a: Mimikyu
|-damage|p2a: Mimikyu|12/100 frz
|cant|p2a: Mimikyu|frz
|
|upkeep
|turn|23
|
|switch|p2a: Hippowdon|Hippowdon, F|88/100 brn
|-damage|p2a: Hippowdon|82/100 brn|[from] Stealth Rock
|-weather|Sandstorm|[from] ability: Sand Stream|[of] p2a: Hippowdon
|move|p1a: Kyotaro|Freeze-Dry|p2a: Hippowdon
|-supereffective|p2a: Hippowdon
|-damage|p2a: Hippowdon|8/100 brn
|
|-weather|Sandstorm|[upkeep]
|-damage|p1a: Kyotaro|26/100|[from] Sandstorm
|-damage|p2a: Hippowdon|1/100 brn|[from] brn
|upkeep
|turn|24
|
|move|p1a: Kyotaro|Freeze-Dry|p2a: Hippowdon
|-supereffective|p2a: Hippowdon
|-damage|p2a: Hippowdon|0 fnt
|faint|p2a: Hippowdon
|
|-weather|Sandstorm|[upkeep]
|-damage|p1a: Kyotaro|20/100|[from] Sandstorm
|upkeep
|
|switch|p2a: Excadrill|Excadrill, M|100/100
|-damage|p2a: Excadrill|97/100|[from] Stealth Rock
|turn|25
|
|move|p2a: Excadrill|Rapid Spin|p1a: Kyotaro
|-damage|p1a: Kyotaro|0 fnt
|-boost|p2a: Excadrill|spe|1
|-sideend|p2: N30N3|Stealth Rock|[from] move: Rapid Spin|[of] p2a: Excadrill
|-damage|p2a: Excadrill|87/100|[from] item: Life Orb
|faint|p1a: Kyotaro
|
|-weather|Sandstorm|[upkeep]
|upkeep
|
|switch|p1a: Alexia|Primarina, M|100/100
|-damage|p1a: Alexia|88/100|[from] Stealth Rock
|turn|26
|
|switch|p2a: Mimikyu|Mimikyu-Busted, F|12/100 frz
|move|p1a: Alexia|Scald|p2a: Mimikyu
|-damage|p2a: Mimikyu|0 fnt
|faint|p2a: Mimikyu
|
|-weather|Sandstorm|[upkeep]
|-damage|p1a: Alexia|82/100|[from] Sandstorm
|-heal|p1a: Alexia|88/100|[from] item: Leftovers
|upkeep
|
|switch|p2a: Kyurem|Kyurem|100/100
|-ability|p2a: Kyurem|Pressure
|turn|27
|
|switch|p2a: Excadrill|Excadrill, M|87/100
|switch|p1a: Mudo|Rhyperior, M|65/100
|-damage|p1a: Mudo|58/100|[from] Stealth Rock
|
|-weather|Sandstorm|[upkeep]
|-heal|p1a: Mudo|65/100|[from] item: Leftovers
|upkeep
|turn|28
|
|move|p2a: Excadrill|Earthquake|p1a: Mudo
|-supereffective|p1a: Mudo
|-damage|p1a: Mudo|8/100
|-damage|p2a: Excadrill|78/100|[from] item: Life Orb
|move|p1a: Mudo|Earthquake|p2a: Excadrill
|-supereffective|p2a: Excadrill
|-damage|p2a: Excadrill|0 fnt
|faint|p2a: Excadrill
|
|-weather|Sandstorm|[upkeep]
|-heal|p1a: Mudo|14/100|[from] item: Leftovers
|upkeep
|
|switch|p2a: Kyurem|Kyurem|100/100
|-ability|p2a: Kyurem|Pressure
|turn|29
|
|move|p2a: Kyurem|Ice Beam|p1a: Mudo
|-supereffective|p1a: Mudo
|-damage|p1a: Mudo|0 fnt
|faint|p1a: Mudo
|
|-weather|Sandstorm|[upkeep]
|-damage|p2a: Kyurem|94/100|[from] Sandstorm
|upkeep
|
|switch|p1a: Switchblade|Aegislash, M|100/100
|-damage|p1a: Switchblade|94/100|[from] Stealth Rock
|turn|30
|-message|N30N3 forfeited.
|
|win|Storm Zone
|l|☆N30N3
|l|☆Storm Zone
