|j|☆Mimikyu Stardust
|j|☆Fishdive
|t:|1661833702
|gametype|singles
|player|p1|Mimikyu Stardust|#mimikyustardust|1894
|player|p2|Fishdive|2|1858
|teamsize|p1|6
|teamsize|p2|6
|gen|8
|tier|[Gen 8] OU
|rated|
|rule|Sleep Clause Mod: Limit one foe put to sleep
|rule|Species Clause: Limit one of each Pokémon
|rule|OHKO Clause: OHKO moves are banned
|rule|Evasion Items Clause: Evasion items are banned
|rule|Evasion Moves Clause: Evasion moves are banned
|rule|Endless Battle Clause: Forcing endless battles is banned
|rule|HP Percentage Mod: HP is shown in percentages
|rule|Dynamax Clause: You cannot dynamax
|clearpoke
|poke|p1|Mew|
|poke|p1|Weavile, F|
|poke|p1|Celesteela|
|poke|p1|Garchomp, F|
|poke|p1|Blacephalon|
|poke|p1|Crawdaunt, M|
|poke|p2|Blissey, F|
|poke|p2|Slowking-Galar, F|
|poke|p2|Corviknight, F|
|poke|p2|Toxapex, F|
|poke|p2|Clefable, M|
|poke|p2|Hippowdon, M|
|teampreview
|j| ladder historian
|
|t:|1661833738
|start
|switch|p1a: Mew|Mew, shiny|100/100
|switch|p2a: Slowking|Slowking-Galar, F, shiny|100/100
|turn|1
|
|t:|1661833744
|move|p1a: Mew|Stealth Rock|p2a: Slowking
|-sidestart|p2: Fishdive|move: Stealth Rock
|move|p2a: Slowking|Sludge Bomb|p1a: Mew
|-damage|p1a: Mew|70/100
|
|upkeep
|turn|2
|
|t:|1661833747
|move|p1a: Mew|Spikes|p2a: Slowking
|-sidestart|p2: Fishdive|Spikes
|move|p2a: Slowking|Sludge Bomb|p1a: Mew
|-damage|p1a: Mew|37/100
|
|upkeep
|turn|3
|
|t:|1661833753
|move|p1a: Mew|Spikes|p2a: Slowking
|-sidestart|p2: Fishdive|Spikes
|move|p2a: Slowking|Sludge Bomb|p1a: Mew
|-damage|p1a: Mew|3/100
|
|upkeep
|turn|4
|inactive|Battle timer is ON: inactive players will automatically lose when time's up. (requested by Fishdive)
|
|t:|1661833761
|move|p1a: Mew|Spikes|p2a: Slowking
|-sidestart|p2: Fishdive|Spikes
|move|p2a: Slowking|Sludge Bomb|p1a: Mew
|-damage|p1a: Mew|0 fnt
|faint|p1a: Mew
|
|upkeep
|
|t:|1661833770
|switch|p1a: Crawdaunt|Crawdaunt, M, shiny|100/100
|turn|5
|
|t:|1661833784
|switch|p2a: Toxapex|Toxapex, F|100/100
|-damage|p2a: Toxapex|88/100|[from] Stealth Rock
|-damage|p2a: Toxapex|63/100|[from] Spikes
|move|p1a: Crawdaunt|Knock Off|p2a: Toxapex
|-damage|p2a: Toxapex|11/100
|-damage|p1a: Crawdaunt|84/100|[from] item: Rocky Helmet|[of] p2a: Toxapex
|-enditem|p2a: Toxapex|Rocky Helmet|[from] move: Knock Off|[of] p1a: Crawdaunt
|-damage|p1a: Crawdaunt|74/100|[from] item: Life Orb
|
|upkeep
|turn|6
|
|t:|1661833789
|move|p1a: Crawdaunt|Swords Dance|p1a: Crawdaunt
|-boost|p1a: Crawdaunt|atk|2
|move|p2a: Toxapex|Knock Off|p1a: Crawdaunt
|-resisted|p1a: Crawdaunt
|-damage|p1a: Crawdaunt|63/100
|-enditem|p1a: Crawdaunt|Life Orb|[from] move: Knock Off|[of] p2a: Toxapex
|
|upkeep
|turn|7
|
|t:|1661833796
|move|p1a: Crawdaunt|Knock Off|p2a: Toxapex
|-damage|p2a: Toxapex|0 fnt
|faint|p2a: Toxapex
|
|upkeep
|
|t:|1661833798
|switch|p2a: EEJIT|Clefable, M|100/100
|-damage|p2a: EEJIT|88/100|[from] Stealth Rock
|-damage|p2a: EEJIT|63/100|[from] Spikes
|turn|8
|
|t:|1661833802
|move|p2a: EEJIT|Protect|p2a: EEJIT
|-singleturn|p2a: EEJIT|Protect
|move|p1a: Crawdaunt|Crabhammer|p2a: EEJIT
|-activate|p2a: EEJIT|move: Protect
|
|-heal|p2a: EEJIT|69/100|[from] item: Leftovers
|upkeep
|turn|9
|
|t:|1661833806
|move|p1a: Crawdaunt|Crabhammer|p2a: EEJIT
|-damage|p2a: EEJIT|15/100
|move|p2a: EEJIT|Moonblast|p1a: Crawdaunt
|-supereffective|p1a: Crawdaunt
|-damage|p1a: Crawdaunt|0 fnt
|faint|p1a: Crawdaunt
|
|-heal|p2a: EEJIT|22/100|[from] item: Leftovers
|upkeep
|
|t:|1661833817
|switch|p1a: Blacephalon|Blacephalon, shiny|100/100
|turn|10
|
|t:|1661833820
|move|p2a: EEJIT|Protect|p2a: EEJIT
|-singleturn|p2a: EEJIT|Protect
|move|p1a: Blacephalon|Trick|p2a: EEJIT
|-activate|p2a: EEJIT|move: Protect
|
|-heal|p2a: EEJIT|28/100|[from] item: Leftovers
|upkeep
|turn|11
|
|t:|1661833829
|switch|p2a: Corviknight|Corviknight, F|100/100
|-damage|p2a: Corviknight|88/100|[from] Stealth Rock
|-ability|p2a: Corviknight|Pressure
|move|p1a: Blacephalon|Trick|p2a: Corviknight
|-activate|p1a: Blacephalon|move: Trick|[of] p2a: Corviknight
|-item|p2a: Corviknight|Choice Scarf|[from] move: Trick
|-item|p1a: Blacephalon|Leftovers|[from] move: Trick
|
|upkeep
|turn|12
|
|t:|1661833838
|move|p1a: Blacephalon|Flamethrower|p2a: Corviknight
|-supereffective|p2a: Corviknight
|-damage|p2a: Corviknight|0 fnt
|faint|p2a: Corviknight
|-ability|p1a: Blacephalon|Beast Boost|boost
|-boost|p1a: Blacephalon|spa|1
|
|upkeep
|
|t:|1661833841
|switch|p2a: Blissey|Blissey, F|100/100
|turn|13
|
|t:|1661833845
|move|p1a: Blacephalon|Taunt|p2a: Blissey
|-start|p2a: Blissey|move: Taunt
|cant|p2a: Blissey|move: Taunt|Thunder Wave
|
|upkeep
|turn|14
|-message|Fishdive forfeited.
|
|win|Mimikyu Stardust
|raw|Mimikyu Stardust's rating: 1894 &rarr; <strong>1912</strong><br />(+18 for winning)
|raw|Fishdive's rating: 1858 &rarr; <strong>1840</strong><br />(-18 for losing)
|l|☆Fishdive
