|j|☆beergoggles
|j|☆Huskothy
|t:|1665258130
|gametype|singles
|player|p1|beergoggles|pokekid|1554
|player|p2|Huskothy|lucas|1691
|teamsize|p1|6
|teamsize|p2|6
|gen|8
|tier|[Gen 8] OU
|rated|
|rule|Sleep Clause Mod: Limit one foe put to sleep
|rule|Species Clause: Limit one of each Pokémon
|rule|OHKO Clause: OHKO moves are banned
|rule|Evasion Items Clause: Evasion items are banned
|rule|Evasion Moves Clause: Evasion moves are banned
|rule|Endless Battle Clause: Forcing endless battles is banned
|rule|HP Percentage Mod: HP is shown in percentages
|rule|Dynamax Clause: You cannot dynamax
|clearpoke
|poke|p1|Hawlucha, M|
|poke|p1|Weavile, M|
|poke|p1|Tapu Koko|
|poke|p1|Ninetales-Alola, M|
|poke|p1|Azelf|
|poke|p1|Cloyster, F|
|poke|p2|Silvally-*|
|poke|p2|Flygon, M|
|poke|p2|Corviknight, F|
|poke|p2|Weavile, F|
|poke|p2|Heatran, F|
|poke|p2|Tapu Fini|
|teampreview
|inactive|Battle timer is ON: inactive players will automatically lose when time's up. (requested by beergoggles)
|
|t:|1665258137
|start
|switch|p1a: Azelf|Azelf|100/100
|switch|p2a: Weavile|Weavile, F|100/100
|-ability|p2a: Weavile|Pressure
|turn|1
|
|t:|1665258149
|move|p2a: Weavile|Triple Axel|p1a: Azelf|[miss]
|-miss|p2a: Weavile|p1a: Azelf
|move|p1a: Azelf|Stealth Rock|p2a: Weavile
|-sidestart|p2: Huskothy|move: Stealth Rock
|
|upkeep
|turn|2
|
|t:|1665258173
|move|p2a: Weavile|Knock Off|p1a: Azelf
|-supereffective|p1a: Azelf
|-enditem|p1a: Azelf|Focus Sash
|-damage|p1a: Azelf|1/100
|move|p1a: Azelf|Explosion|p2a: Weavile
|-crit|p2a: Weavile
|-damage|p2a: Weavile|0 fnt
|faint|p1a: Azelf
|faint|p2a: Weavile
|
|upkeep
|
|t:|1665258188
|switch|p2a: Silvally|Silvally-Electric|100/100
|switch|p1a: Tapu Koko|Tapu Koko|100/100
|-fieldstart|move: Electric Terrain|[from] ability: Electric Surge|[of] p1a: Tapu Koko
|-damage|p2a: Silvally|88/100|[from] Stealth Rock
|turn|3
|
|t:|1665258199
|move|p1a: Tapu Koko|Taunt|p2a: Silvally
|-start|p2a: Silvally|move: Taunt
|move|p2a: Silvally|Multi-Attack|p1a: Tapu Koko
|-resisted|p1a: Tapu Koko
|-damage|p1a: Tapu Koko|58/100
|
|upkeep
|turn|4
|
|t:|1665258208
|move|p1a: Tapu Koko|Dazzling Gleam|p2a: Silvally
|-damage|p2a: Silvally|42/100
|move|p2a: Silvally|Multi-Attack|p1a: Tapu Koko
|-resisted|p1a: Tapu Koko
|-damage|p1a: Tapu Koko|18/100
|
|upkeep
|turn|5
|
|t:|1665258215
|move|p1a: Tapu Koko|Dazzling Gleam|p2a: Silvally
|-damage|p2a: Silvally|0 fnt
|faint|p2a: Silvally
|
|upkeep
|
|t:|1665258222
|switch|p2a: Flygon|Flygon, M|100/100
|-damage|p2a: Flygon|94/100|[from] Stealth Rock
|turn|6
|
|t:|1665258233
|move|p1a: Tapu Koko|Taunt|p2a: Flygon
|-start|p2a: Flygon|move: Taunt
|move|p2a: Flygon|Earthquake|p1a: Tapu Koko
|-supereffective|p1a: Tapu Koko
|-damage|p1a: Tapu Koko|0 fnt
|faint|p1a: Tapu Koko
|
|-heal|p2a: Flygon|100/100|[from] item: Leftovers
|upkeep
|
|t:|1665258246
|switch|p1a: Hawlucha|Hawlucha, M|100/100
|-enditem|p1a: Hawlucha|Electric Seed
|-boost|p1a: Hawlucha|def|1|[from] item: Electric Seed
|turn|7
|
|t:|1665258249
|move|p1a: Hawlucha|Swords Dance|p1a: Hawlucha
|-boost|p1a: Hawlucha|atk|2
|move|p2a: Flygon|U-turn|p1a: Hawlucha
|-resisted|p1a: Hawlucha
|-damage|p1a: Hawlucha|97/100
|
|t:|1665258251
|switch|p2a: Tapu Fini|Tapu Fini|100/100|[from]move: U-turn
|-damage|p2a: Tapu Fini|88/100|[from] Stealth Rock
|-fieldstart|move: Misty Terrain|[from] ability: Misty Surge|[of] p2a: Tapu Fini
|
|-heal|p2a: Tapu Fini|94/100|[from] item: Leftovers
|upkeep
|turn|8
|
|t:|1665258262
|move|p1a: Hawlucha|Acrobatics|p2a: Tapu Fini
|-damage|p2a: Tapu Fini|25/100
|move|p2a: Tapu Fini|Moonblast|p1a: Hawlucha
|-supereffective|p1a: Hawlucha
|-damage|p1a: Hawlucha|0 fnt
|faint|p1a: Hawlucha
|
|-heal|p2a: Tapu Fini|31/100|[from] item: Leftovers
|upkeep
|inactive|beergoggles has 120 seconds left.
|
|t:|1665258294
|switch|p1a: Weavile|Weavile, M|100/100
|-ability|p1a: Weavile|Pressure
|turn|9
|inactive|beergoggles has 120 seconds left.
|
|t:|1665258320
|move|p1a: Weavile|Knock Off|p2a: Tapu Fini
|-resisted|p2a: Tapu Fini
|-damage|p2a: Tapu Fini|12/100
|-enditem|p2a: Tapu Fini|Leftovers|[from] move: Knock Off|[of] p1a: Weavile
|move|p2a: Tapu Fini|Moonblast|p1a: Weavile
|-supereffective|p1a: Weavile
|-damage|p1a: Weavile|13/100
|-unboost|p1a: Weavile|spa|1
|
|upkeep
|turn|10
|inactive|beergoggles has 120 seconds left.
|
|t:|1665258336
|move|p1a: Weavile|Knock Off|p2a: Tapu Fini
|-resisted|p2a: Tapu Fini
|-damage|p2a: Tapu Fini|0 fnt
|faint|p2a: Tapu Fini
|
|upkeep
|
|t:|1665258338
|switch|p2a: Corviknight|Corviknight, F|100/100
|-damage|p2a: Corviknight|88/100|[from] Stealth Rock
|-ability|p2a: Corviknight|Pressure
|turn|11
|inactive|beergoggles has 120 seconds left.
|
|t:|1665258360
|move|p1a: Weavile|Knock Off|p2a: Corviknight
|-damage|p2a: Corviknight|50/100
|-damage|p1a: Weavile|0 fnt|[from] item: Rocky Helmet|[of] p2a: Corviknight
|faint|p1a: Weavile
|move|p2a: Corviknight|Body Press|p1: Weavile|[notarget]
|-fail|p2a: Corviknight
|
|-fieldend|Misty Terrain
|upkeep
|
|t:|1665258373
|switch|p1a: Cloyster|Cloyster, F|100/100
|turn|12
|
|t:|1665258381
|move|p1a: Cloyster|Shell Smash|p1a: Cloyster
|-unboost|p1a: Cloyster|def|1
|-unboost|p1a: Cloyster|spd|1
|-boost|p1a: Cloyster|atk|2
|-boost|p1a: Cloyster|spa|2
|-boost|p1a: Cloyster|spe|2
|move|p2a: Corviknight|Body Press|p1a: Cloyster
|-supereffective|p1a: Cloyster
|-damage|p1a: Cloyster|40/100
|-enditem|p1a: Cloyster|Weakness Policy
|-boost|p1a: Cloyster|atk|2|[from] item: Weakness Policy
|-boost|p1a: Cloyster|spa|2|[from] item: Weakness Policy
|
|upkeep
|turn|13
|
|t:|1665258392
|switch|p2a: Flygon|Flygon, M|100/100
|-damage|p2a: Flygon|94/100|[from] Stealth Rock
|move|p1a: Cloyster|Icicle Spear|p2a: Flygon
|-supereffective|p2a: Flygon
|-damage|p2a: Flygon|0 fnt
|faint|p2a: Flygon
|-hitcount|p2: Flygon|1
|
|upkeep
|
|t:|1665258394
|switch|p2a: Heatran|Heatran, F|100/100
|-damage|p2a: Heatran|88/100|[from] Stealth Rock
|turn|14
|inactive|beergoggles has 120 seconds left.
|
|t:|1665258402
|move|p1a: Cloyster|Liquidation|p2a: Heatran
|-supereffective|p2a: Heatran
|-damage|p2a: Heatran|0 fnt
|faint|p2a: Heatran
|
|upkeep
|c|☆Huskothy|gg
|-message|Huskothy forfeited.
|
|win|beergoggles
|raw|beergoggles's rating: 1554 &rarr; <strong>1582</strong><br />(+28 for winning)
|raw|Huskothy's rating: 1691 &rarr; <strong>1663</strong><br />(-28 for losing)
|c|☆beergoggles|gg
|l|☆Huskothy
||Ladder isn't responding, score probably updated but might not have (Request timeout).
