|j|☆InvincibleRoserade
|j|☆Spectre Ace
|t:|1667873684
|gametype|singles
|player|p1|InvincibleRoserade|dawn|1724
|player|p2|Spectre Ace|juggler|1725
|teamsize|p1|6
|teamsize|p2|6
|gen|8
|tier|[Gen 8] OU
|rated|
|rule|Sleep Clause Mod: Limit one foe put to sleep
|rule|Species Clause: Limit one of each Pokémon
|rule|OHKO Clause: OHKO moves are banned
|rule|Evasion Items Clause: Evasion items are banned
|rule|Evasion Moves Clause: Evasion moves are banned
|rule|Endless Battle Clause: Forcing endless battles is banned
|rule|HP Percentage Mod: HP is shown in percentages
|rule|Dynamax Clause: You cannot dynamax
|clearpoke
|poke|p1|Clefable, F|
|poke|p1|Tornadus-Therian, M|
|poke|p1|Nidoking, M|
|poke|p1|Slowking, F|
|poke|p1|Urshifu-*, M|
|poke|p1|Ferrothorn, M|
|poke|p2|Raichu-Alola, F|
|poke|p2|Tapu Koko|
|poke|p2|Ferrothorn, M|
|poke|p2|Mandibuzz, F|
|poke|p2|Garchomp, M|
|poke|p2|Clefable, F|
|teampreview
|j| Jongruenwald
|inactive|Battle timer is ON: inactive players will automatically lose when time's up. (requested by Spectre Ace)
|j| Her Loss SZN
|
|t:|1667873727
|start
|switch|p1a: Tornadus|Tornadus-Therian, M, shiny|100/100
|switch|p2a: Crane|Garchomp, M|100/100
|turn|1
|
|t:|1667873736
|move|p1a: Tornadus|Icy Wind|p2a: Crane
|-supereffective|p2a: Crane
|-damage|p2a: Crane|34/100
|-unboost|p2a: Crane|spe|1
|move|p2a: Crane|Stone Edge|p1a: Tornadus
|-supereffective|p1a: Tornadus
|-damage|p1a: Tornadus|35/100
|
|-heal|p2a: Crane|41/100|[from] item: Leftovers
|upkeep
|turn|2
|
|t:|1667873757
|switch|p2a: Booker|Tapu Koko|100/100
|-fieldstart|move: Electric Terrain|[from] ability: Electric Surge|[of] p2a: Booker
|move|p1a: Tornadus|Icy Wind|p2a: Booker
|-damage|p2a: Booker|78/100
|-unboost|p2a: Booker|spe|1
|
|upkeep
|turn|3
|
|t:|1667873760
|move|p1a: Tornadus|U-turn|p2a: Booker
|-resisted|p2a: Booker
|-damage|p2a: Booker|68/100
|
|t:|1667873765
|switch|p1a: Nidoking|Nidoking, M|100/100|[from]move: U-turn
|move|p2a: Booker|U-turn|p1a: Nidoking
|-resisted|p1a: Nidoking
|-damage|p1a: Nidoking|89/100
|
|t:|1667873768
|switch|p2a: Valentine|Raichu-Alola, F, shiny|100/100|[from]move: U-turn
|
|upkeep
|turn|4
|
|t:|1667873778
|switch|p1a: Ferrothorn|Ferrothorn, M, shiny|100/100
|move|p2a: Valentine|Psyshock|p1a: Ferrothorn
|-resisted|p1a: Ferrothorn
|-crit|p1a: Ferrothorn
|-damage|p1a: Ferrothorn|79/100
|-damage|p2a: Valentine|91/100|[from] item: Life Orb
|
|upkeep
|turn|5
|inactive|InvincibleRoserade has 120 seconds left.
|
|t:|1667873828
|switch|p2a: Sundowner|Ferrothorn, M|100/100
|move|p1a: Ferrothorn|Knock Off|p2a: Sundowner
|-damage|p2a: Sundowner|84/100
|-damage|p1a: Ferrothorn|67/100|[from] ability: Iron Barbs|[of] p2a: Sundowner
|-enditem|p2a: Sundowner|Leftovers|[from] move: Knock Off|[of] p1a: Ferrothorn
|
|upkeep
|turn|6
|
|t:|1667873836
|switch|p1a: Nidoking|Nidoking, M|89/100
|move|p2a: Sundowner|Spikes|p1a: Nidoking
|-sidestart|p1: InvincibleRoserade|Spikes
|
|upkeep
|turn|7
|
|t:|1667873850
|switch|p2a: Croft|Mandibuzz, F|100/100
|move|p1a: Nidoking|Flamethrower|p2a: Croft
|-damage|p2a: Croft|64/100
|
|upkeep
|turn|8
|
|t:|1667873854
|move|p1a: Nidoking|Ice Beam|p2a: Croft
|-supereffective|p2a: Croft
|-damage|p2a: Croft|0 fnt
|faint|p2a: Croft
|
|upkeep
|
|t:|1667873857
|switch|p2a: Valentine|Raichu-Alola, F, shiny|91/100
|turn|9
|
|t:|1667873861
|switch|p1a: Ferrothorn|Ferrothorn, M, shiny|67/100
|-damage|p1a: Ferrothorn|54/100|[from] Spikes
|move|p2a: Valentine|Nasty Plot|p2a: Valentine
|-boost|p2a: Valentine|spa|2
|
|-fieldend|move: Electric Terrain
|upkeep
|turn|10
|
|t:|1667873867
|switch|p2a: Sundowner|Ferrothorn, M|84/100
|move|p1a: Ferrothorn|Knock Off|p2a: Sundowner
|-damage|p2a: Sundowner|74/100
|-damage|p1a: Ferrothorn|42/100|[from] ability: Iron Barbs|[of] p2a: Sundowner
|
|upkeep
|turn|11
|
|t:|1667873889
|switch|p2a: Booker|Tapu Koko|68/100
|-fieldstart|move: Electric Terrain|[from] ability: Electric Surge|[of] p2a: Booker
|switch|p1a: Nidoking|Nidoking, M|89/100
|-damage|p1a: Nidoking|77/100|[from] Spikes
|
|upkeep
|turn|12
|
|t:|1667873894
|move|p2a: Booker|U-turn|p1a: Nidoking
|-resisted|p1a: Nidoking
|-damage|p1a: Nidoking|67/100
|
|t:|1667873903
|switch|p2a: Crane|Garchomp, M|41/100|[from]move: U-turn
|move|p1a: Nidoking|Earth Power|p2a: Crane
|-damage|p2a: Crane|0 fnt
|faint|p2a: Crane
|
|upkeep
|
|t:|1667873904
|switch|p2a: Valentine|Raichu-Alola, F, shiny|91/100
|turn|13
|
|t:|1667873922
|switch|p1a: Slowking|Slowking, F, shiny|100/100
|move|p2a: Valentine|Psyshock|p1a: Slowking
|-resisted|p1a: Slowking
|-damage|p1a: Slowking|75/100
|-damage|p2a: Valentine|81/100|[from] item: Life Orb
|
|upkeep
|turn|14
|j| Swag like Ohio
|inactive|InvincibleRoserade has 120 seconds left.
|
|t:|1667873950
|move|p2a: Valentine|Rising Voltage|p1a: Slowking
|-hint|Rising Voltage's BP doubled on grounded target.
|-supereffective|p1a: Slowking
|-damage|p1a: Slowking|0 fnt
|faint|p1a: Slowking
|-damage|p2a: Valentine|71/100|[from] item: Life Orb
|
|upkeep
|inactive|InvincibleRoserade has 120 seconds left.
|inactive|InvincibleRoserade has 90 seconds left.
|
|t:|1667873995
|switch|p1a: Tornadus|Tornadus-Therian, M, shiny|68/100
|turn|15
|
|t:|1667873998
|move|p2a: Valentine|Rising Voltage|p1a: Tornadus
|-supereffective|p1a: Tornadus
|-damage|p1a: Tornadus|0 fnt
|faint|p1a: Tornadus
|-damage|p2a: Valentine|61/100|[from] item: Life Orb
|
|upkeep
|
|t:|1667874002
|switch|p1a: Urshifu|Urshifu-Rapid-Strike, M|100/100
|-damage|p1a: Urshifu|88/100|[from] Spikes
|turn|16
|
|t:|1667874005
|switch|p2a: Sundowner|Ferrothorn, M|74/100
|move|p1a: Urshifu|U-turn|p2a: Sundowner
|-damage|p2a: Sundowner|56/100
|-damage|p1a: Urshifu|76/100|[from] ability: Iron Barbs|[of] p2a: Sundowner
|
|t:|1667874008
|switch|p1a: Nidoking|Nidoking, M|67/100|[from]move: U-turn
|-damage|p1a: Nidoking|54/100|[from] Spikes
|
|upkeep
|turn|17
|
|t:|1667874014
|move|p1a: Nidoking|Flamethrower|p2a: Sundowner
|-supereffective|p2a: Sundowner
|-damage|p2a: Sundowner|0 fnt
|faint|p2a: Sundowner
|
|upkeep
|
|t:|1667874016
|switch|p2a: Valentine|Raichu-Alola, F, shiny|61/100
|turn|18
|inactive|InvincibleRoserade has 120 seconds left.
|
|t:|1667874038
|switch|p1a: Ferrothorn|Ferrothorn, M, shiny|42/100
|-damage|p1a: Ferrothorn|29/100|[from] Spikes
|move|p2a: Valentine|Psyshock|p1a: Ferrothorn
|-resisted|p1a: Ferrothorn
|-damage|p1a: Ferrothorn|17/100
|-damage|p2a: Valentine|51/100|[from] item: Life Orb
|
|-fieldend|move: Electric Terrain
|upkeep
|turn|19
|
|t:|1667874056
|switch|p2a: Clefable|Clefable, F|100/100
|move|p1a: Ferrothorn|Knock Off|p2a: Clefable
|-resisted|p2a: Clefable
|-damage|p2a: Clefable|92/100
|-enditem|p2a: Clefable|Heavy-Duty Boots|[from] move: Knock Off|[of] p1a: Ferrothorn
|
|upkeep
|turn|20
|
|t:|1667874067
|move|p2a: Clefable|Calm Mind|p2a: Clefable
|-boost|p2a: Clefable|spa|1
|-boost|p2a: Clefable|spd|1
|move|p1a: Ferrothorn|Gyro Ball|p2a: Clefable
|-supereffective|p2a: Clefable
|-damage|p2a: Clefable|41/100
|
|upkeep
|turn|21
|
|t:|1667874071
|move|p2a: Clefable|Soft-Boiled|p2a: Clefable
|-heal|p2a: Clefable|91/100
|move|p1a: Ferrothorn|Gyro Ball|p2a: Clefable
|-supereffective|p2a: Clefable
|-damage|p2a: Clefable|37/100
|
|upkeep
|turn|22
|inactive|InvincibleRoserade has 120 seconds left.
|
|t:|1667874088
|move|p2a: Clefable|Soft-Boiled|p2a: Clefable
|-heal|p2a: Clefable|87/100
|move|p1a: Ferrothorn|Gyro Ball|p2a: Clefable
|-supereffective|p2a: Clefable
|-damage|p2a: Clefable|32/100
|
|upkeep
|turn|23
|
|t:|1667874098
|move|p2a: Clefable|Flamethrower|p1a: Ferrothorn
|-supereffective|p1a: Ferrothorn
|-damage|p1a: Ferrothorn|0 fnt
|faint|p1a: Ferrothorn
|
|upkeep
|
|t:|1667874105
|switch|p1a: Urshifu|Urshifu-Rapid-Strike, M|76/100
|-damage|p1a: Urshifu|64/100|[from] Spikes
|turn|24
|
|t:|1667874108
|move|p1a: Urshifu|Surging Strikes|p2a: Clefable
|-crit|p2a: Clefable
|-damage|p2a: Clefable|17/100
|-crit|p2a: Clefable
|-damage|p2a: Clefable|2/100
|-crit|p2a: Clefable
|-damage|p2a: Clefable|0 fnt
|faint|p2a: Clefable
|-hitcount|p2: Clefable|3
|
|upkeep
|
|t:|1667874109
|switch|p2a: Booker|Tapu Koko|68/100
|-fieldstart|move: Electric Terrain|[from] ability: Electric Surge|[of] p2a: Booker
|turn|25
|
|t:|1667874113
|move|p1a: Urshifu|Surging Strikes|p2a: Booker
|-crit|p2a: Booker
|-damage|p2a: Booker|41/100
|-crit|p2a: Booker
|-damage|p2a: Booker|12/100
|-crit|p2a: Booker
|-damage|p2a: Booker|0 fnt
|faint|p2a: Booker
|-hitcount|p2: Booker|3
|
|upkeep
|
|t:|1667874114
|switch|p2a: Valentine|Raichu-Alola, F, shiny|51/100
|turn|26
|
|t:|1667874118
|switch|p1a: Nidoking|Nidoking, M|54/100
|-damage|p1a: Nidoking|42/100|[from] Spikes
|move|p2a: Valentine|Psyshock|p1a: Nidoking
|-supereffective|p1a: Nidoking
|-damage|p1a: Nidoking|0 fnt
|faint|p1a: Nidoking
|-damage|p2a: Valentine|41/100|[from] item: Life Orb
|
|upkeep
|
|t:|1667874122
|switch|p1a: Clefable|Clefable, F, shiny|100/100
|turn|27
|
|t:|1667874126
|move|p2a: Valentine|Rising Voltage|p1a: Clefable
|-hint|Rising Voltage's BP doubled on grounded target.
|-damage|p1a: Clefable|10/100
|-damage|p2a: Valentine|31/100|[from] item: Life Orb
|move|p1a: Clefable|Soft-Boiled|p1a: Clefable
|-heal|p1a: Clefable|60/100
|
|-heal|p1a: Clefable|66/100|[from] item: Leftovers
|upkeep
|turn|28
|
|t:|1667874131
|move|p2a: Valentine|Rising Voltage|p1a: Clefable
|-hint|Rising Voltage's BP doubled on grounded target.
|-damage|p1a: Clefable|0 fnt
|faint|p1a: Clefable
|-damage|p2a: Valentine|21/100|[from] item: Life Orb
|
|upkeep
|
|t:|1667874133
|switch|p1a: Urshifu|Urshifu-Rapid-Strike, M|64/100
|-damage|p1a: Urshifu|51/100|[from] Spikes
|turn|29
|
|t:|1667874134
|move|p2a: Valentine|Rising Voltage|p1a: Urshifu
|-hint|Rising Voltage's BP doubled on grounded target.
|-supereffective|p1a: Urshifu
|-damage|p1a: Urshifu|0 fnt
|faint|p1a: Urshifu
|-damage|p2a: Valentine|11/100|[from] item: Life Orb
|
|win|Spectre Ace
|raw|InvincibleRoserade's rating: 1724 &rarr; <strong>1704</strong><br />(-20 for losing)
|raw|Spectre Ace's rating: 1725 &rarr; <strong>1745</strong><br />(+20 for winning)
|l|☆InvincibleRoserade
|l|☆Spectre Ace
||Ladder isn't responding, score probably updated but might not have (Request timeout).
|l| Jongruenwald
