|html|<div class="broadcast-blue"><strong>[Gen 8] OU is currently suspecting Melmetal! For information on how to participate check out the <a href="https://www.smogon.com/forums/threads/np-ss-ou-suspect-process-round-12-monster-mash.3709234/">suspect thread</a>.</strong></div>
|j|☆cump3
|j|☆blub22
|t:|1666243867
|gametype|singles
|player|p1|cump3|schoolkid-gen4|1604
|player|p2|blub22|archer|1584
|teamsize|p1|6
|teamsize|p2|6
|gen|8
|tier|[Gen 8] OU
|rated|
|rule|Sleep Clause Mod: Limit one foe put to sleep
|rule|Species Clause: Limit one of each Pokémon
|rule|OHKO Clause: OHKO moves are banned
|rule|Evasion Items Clause: Evasion items are banned
|rule|Evasion Moves Clause: Evasion moves are banned
|rule|Endless Battle Clause: Forcing endless battles is banned
|rule|HP Percentage Mod: HP is shown in percentages
|rule|Dynamax Clause: You cannot dynamax
|clearpoke
|poke|p1|Swampert, M|
|poke|p1|Mandibuzz, F|
|poke|p1|Rillaboom, M|
|poke|p1|Magnezone|
|poke|p1|Tapu Lele|
|poke|p1|Dragapult, F|
|poke|p2|Tornadus-Therian, M|
|poke|p2|Hydreigon, F|
|poke|p2|Heatran, M|
|poke|p2|Mamoswine, F|
|poke|p2|Buzzwole|
|poke|p2|Slowking-Galar, F|
|teampreview
|inactive|Battle timer is ON: inactive players will automatically lose when time's up. (requested by blub22)
|
|t:|1666243888
|start
|switch|p1a: Swampert|Swampert, M|100/100
|switch|p2a: Noble|Tornadus-Therian, M|100/100
|turn|1
|
|t:|1666243893
|move|p2a: Noble|Knock Off|p1a: Swampert
|-damage|p1a: Swampert|81/100
|-enditem|p1a: Swampert|Leftovers|[from] move: Knock Off|[of] p2a: Noble
|move|p1a: Swampert|Toxic|p2a: Noble
|-status|p2a: Noble|tox
|
|-damage|p2a: Noble|94/100 tox|[from] psn
|upkeep
|turn|2
|
|t:|1666243901
|move|p2a: Noble|Hurricane|p1a: Swampert|[miss]
|-miss|p2a: Noble|p1a: Swampert
|move|p1a: Swampert|Stealth Rock|p2a: Noble
|-sidestart|p2: blub22|move: Stealth Rock
|
|-damage|p2a: Noble|82/100 tox|[from] psn
|upkeep
|turn|3
|
|t:|1666243907
|move|p2a: Noble|Defog|p1a: Swampert
|-unboost|p1a: Swampert|evasion|1
|-sideend|p2: blub22|Stealth Rock|[from] move: Defog|[of] p2a: Noble
|move|p1a: Swampert|Flip Turn|p2a: Noble
|-damage|p2a: Noble|58/100 tox
|
|t:|1666243913
|switch|p1a: Tapu Lele|Tapu Lele, shiny|100/100|[from]move: Flip Turn
|-fieldstart|move: Psychic Terrain|[from] ability: Psychic Surge|[of] p1a: Tapu Lele
|
|-damage|p2a: Noble|40/100 tox|[from] psn
|upkeep
|turn|4
|
|t:|1666243921
|switch|p2a: Halcyon|Slowking-Galar, F|100/100
|move|p1a: Tapu Lele|Focus Blast|p2a: Halcyon
|-resisted|p2a: Halcyon
|-damage|p2a: Halcyon|93/100
|
|upkeep
|turn|5
|
|t:|1666243931
|switch|p1a: Swampert|Swampert, M|81/100
|move|p2a: Halcyon|Sludge Bomb|p1a: Swampert
|-resisted|p1a: Swampert
|-damage|p1a: Swampert|70/100
|
|upkeep
|turn|6
|
|t:|1666243937
|switch|p2a: Noble|Tornadus-Therian, M|73/100 tox
|move|p1a: Swampert|High Horsepower|p2a: Noble
|-immune|p2a: Noble
|
|-damage|p2a: Noble|67/100 tox|[from] psn
|upkeep
|turn|7
|
|t:|1666243946
|move|p2a: Noble|Hurricane|p1a: Swampert
|-damage|p1a: Swampert|46/100
|move|p1a: Swampert|Stealth Rock|p2a: Noble
|-sidestart|p2: blub22|move: Stealth Rock
|
|-damage|p2a: Noble|55/100 tox|[from] psn
|-fieldend|move: Psychic Terrain
|upkeep
|turn|8
|
|t:|1666243953
|move|p2a: Noble|Defog|p1a: Swampert
|-unboost|p1a: Swampert|evasion|1
|-sideend|p2: blub22|Stealth Rock|[from] move: Defog|[of] p2a: Noble
|move|p1a: Swampert|Flip Turn|p2a: Noble
|-damage|p2a: Noble|29/100 tox
|
|t:|1666243963
|switch|p1a: Tapu Lele|Tapu Lele, shiny|100/100|[from]move: Flip Turn
|-fieldstart|move: Psychic Terrain|[from] ability: Psychic Surge|[of] p1a: Tapu Lele
|
|-damage|p2a: Noble|10/100 tox|[from] psn
|upkeep
|turn|9
|
|t:|1666243972
|switch|p2a: Halcyon|Slowking-Galar, F|100/100
|move|p1a: Tapu Lele|Psyshock|p2a: Halcyon
|-damage|p2a: Halcyon|6/100
|
|upkeep
|turn|10
|
|t:|1666243978
|switch|p1a: Dragapult|Dragapult, F, shiny|100/100
|switch|p2a: Scythe|Hydreigon, F|100/100
|
|upkeep
|turn|11
|
|t:|1666243991
|switch|p2a: Core|Heatran, M|100/100
|move|p1a: Dragapult|U-turn|p2a: Core
|-resisted|p2a: Core
|-damage|p2a: Core|92/100
|
|t:|1666243995
|switch|p1a: Swampert|Swampert, M|46/100|[from]move: U-turn
|
|-heal|p2a: Core|99/100|[from] item: Leftovers
|upkeep
|turn|12
|
|t:|1666244001
|switch|p2a: Noble|Tornadus-Therian, M|44/100 tox
|move|p1a: Swampert|Stealth Rock|p2a: Noble
|-sidestart|p2: blub22|move: Stealth Rock
|
|-damage|p2a: Noble|38/100 tox|[from] psn
|-fieldend|move: Psychic Terrain
|upkeep
|turn|13
|
|t:|1666244008
|move|p2a: Noble|U-turn|p1a: Swampert
|-damage|p1a: Swampert|32/100
|
|t:|1666244017
|switch|p2a: Enforcer|Buzzwole|100/100|[from]move: U-turn
|-damage|p2a: Enforcer|88/100|[from] Stealth Rock
|move|p1a: Swampert|Stealth Rock||[still]
|-fail|p1a: Swampert
|
|upkeep
|turn|14
|
|t:|1666244027
|switch|p2a: Noble|Tornadus-Therian, M|71/100 tox
|switch|p1a: Mandibuzz|Mandibuzz, F|100/100
|
|-damage|p2a: Noble|65/100 tox|[from] psn
|upkeep
|turn|15
|
|t:|1666244034
|move|p2a: Noble|Knock Off|p1a: Mandibuzz
|-resisted|p1a: Mandibuzz
|-damage|p1a: Mandibuzz|95/100
|-enditem|p1a: Mandibuzz|Heavy-Duty Boots|[from] move: Knock Off|[of] p2a: Noble
|move|p1a: Mandibuzz|U-turn|p2a: Noble
|-resisted|p2a: Noble
|-damage|p2a: Noble|58/100 tox
|
|t:|1666244037
|switch|p1a: Dragapult|Dragapult, F, shiny|100/100|[from]move: U-turn
|
|-damage|p2a: Noble|46/100 tox|[from] psn
|upkeep
|turn|16
|
|t:|1666244045
|move|p1a: Dragapult|Dragon Darts|p2a: Noble
|-damage|p2a: Noble|0 fnt
|faint|p2a: Noble
|
|upkeep
|
|t:|1666244055
|switch|p2a: Brutus|Mamoswine, F|100/100
|-damage|p2a: Brutus|88/100|[from] Stealth Rock
|turn|17
|
|t:|1666244066
|switch|p1a: Tapu Lele|Tapu Lele, shiny|100/100
|-fieldstart|move: Psychic Terrain|[from] ability: Psychic Surge|[of] p1a: Tapu Lele
|move|p2a: Brutus|Earthquake|p1a: Tapu Lele
|-damage|p1a: Tapu Lele|0 fnt
|faint|p1a: Tapu Lele
|
|upkeep
|
|t:|1666244080
|switch|p1a: Dragapult|Dragapult, F, shiny|100/100
|turn|18
|
|t:|1666244087
|switch|p2a: Enforcer|Buzzwole|88/100
|-damage|p2a: Enforcer|76/100|[from] Stealth Rock
|move|p1a: Dragapult|U-turn|p2a: Enforcer
|-resisted|p2a: Enforcer
|-damage|p2a: Enforcer|67/100
|-damage|p1a: Dragapult|84/100|[from] item: Rocky Helmet|[of] p2a: Enforcer
|
|t:|1666244093
|switch|p1a: Swampert|Swampert, M|32/100|[from]move: U-turn
|
|upkeep
|turn|19
|
|t:|1666244106
|move|p2a: Enforcer|Roost|p2a: Enforcer
|-heal|p2a: Enforcer|100/100
|-singleturn|p2a: Enforcer|move: Roost
|move|p1a: Swampert|Toxic|p2a: Enforcer
|-status|p2a: Enforcer|tox
|
|-damage|p2a: Enforcer|94/100 tox|[from] psn
|upkeep
|turn|20
|
|t:|1666244116
|switch|p2a: Scythe|Hydreigon, F|100/100
|-damage|p2a: Scythe|88/100|[from] Stealth Rock
|switch|p1a: Dragapult|Dragapult, F, shiny|84/100
|
|upkeep
|turn|21
|
|t:|1666244124
|switch|p2a: Core|Heatran, M|99/100
|-damage|p2a: Core|86/100|[from] Stealth Rock
|move|p1a: Dragapult|U-turn|p2a: Core
|-resisted|p2a: Core
|-damage|p2a: Core|78/100
|
|t:|1666244127
|switch|p1a: Swampert|Swampert, M|32/100|[from]move: U-turn
|
|-heal|p2a: Core|84/100|[from] item: Leftovers
|-fieldend|move: Psychic Terrain
|upkeep
|turn|22
|
|t:|1666244136
|switch|p1a: Magnezone|Magnezone, shiny|100/100
|-item|p1a: Magnezone|Air Balloon
|move|p2a: Core|Magma Storm|p1a: Magnezone
|-supereffective|p1a: Magnezone
|-damage|p1a: Magnezone|0 fnt
|-enditem|p1a: Magnezone|Air Balloon
|faint|p1a: Magnezone
|
|-heal|p2a: Core|91/100|[from] item: Leftovers
|upkeep
|
|t:|1666244144
|switch|p1a: Swampert|Swampert, M|32/100
|turn|23
|
|t:|1666244152
|switch|p2a: Halcyon|Slowking-Galar, F|39/100
|-damage|p2a: Halcyon|27/100|[from] Stealth Rock
|move|p1a: Swampert|High Horsepower|p2a: Halcyon
|-supereffective|p2a: Halcyon
|-crit|p2a: Halcyon
|-damage|p2a: Halcyon|0 fnt
|faint|p2a: Halcyon
|
|upkeep
|
|t:|1666244170
|switch|p2a: Brutus|Mamoswine, F|88/100
|-damage|p2a: Brutus|76/100|[from] Stealth Rock
|turn|24
|
|t:|1666244187
|switch|p1a: Mandibuzz|Mandibuzz, F|95/100
|move|p2a: Brutus|Icicle Crash|p1a: Mandibuzz
|-supereffective|p1a: Mandibuzz
|-damage|p1a: Mandibuzz|5/100
|
|upkeep
|turn|25
|
|t:|1666244193
|move|p2a: Brutus|Icicle Crash|p1a: Mandibuzz
|-supereffective|p1a: Mandibuzz
|-damage|p1a: Mandibuzz|0 fnt
|faint|p1a: Mandibuzz
|
|upkeep
|
|t:|1666244198
|switch|p1a: Dragapult|Dragapult, F, shiny|84/100
|turn|26
|
|t:|1666244213
|switch|p2a: Core|Heatran, M|91/100
|-damage|p2a: Core|78/100|[from] Stealth Rock
|move|p1a: Dragapult|Phantom Force||[still]
|-prepare|p1a: Dragapult|Phantom Force
|
|-heal|p2a: Core|84/100|[from] item: Leftovers
|upkeep
|turn|27
|
|t:|1666244225
|switch|p2a: Scythe|Hydreigon, F|88/100
|-damage|p2a: Scythe|76/100|[from] Stealth Rock
|move|p1a: Dragapult|Phantom Force|p2a: Scythe|[from]lockedmove
|-resisted|p2a: Scythe
|-damage|p2a: Scythe|29/100
|
|upkeep
|turn|28
|
|t:|1666244232
|move|p1a: Dragapult|Phantom Force||[still]
|-prepare|p1a: Dragapult|Phantom Force
|move|p2a: Scythe|Roost|p2a: Scythe
|-heal|p2a: Scythe|79/100
|-singleturn|p2a: Scythe|move: Roost
|
|upkeep
|turn|29
|
|t:|1666244240
|move|p1a: Dragapult|Phantom Force|p2a: Scythe|[from]lockedmove
|-resisted|p2a: Scythe
|-damage|p2a: Scythe|32/100
|move|p2a: Scythe|Dark Pulse|p1a: Dragapult
|-supereffective|p1a: Dragapult
|-damage|p1a: Dragapult|0 fnt
|faint|p1a: Dragapult
|-damage|p2a: Scythe|22/100|[from] item: Life Orb
|
|upkeep
|-message|cump3 forfeited.
|
|win|blub22
|raw|cump3's rating: 1604 &rarr; <strong>1583</strong><br />(-21 for losing)
|raw|blub22's rating: 1584 &rarr; <strong>1605</strong><br />(+21 for winning)
|l|☆cump3
