|j|☆I3L4cK
|j|☆Justin UA
|t:|1613198650
|player|p1|I3L4cK|steven|1267
|player|p2|Justin UA|ethan|1292
|teamsize|p1|6
|teamsize|p2|6
|gametype|singles
|gen|8
|tier|[Gen 8] OU
|rated|
|clearpoke
|poke|p1|Thundurus, M|
|poke|p1|Krookodile, F|
|poke|p1|Slowbro, M|
|poke|p1|Cinderace, M|
|poke|p1|Rillaboom, M|
|poke|p1|Corviknight, M|
|poke|p2|Pelipper, M|
|poke|p2|Kingdra, M|
|poke|p2|Ferrothorn, F|
|poke|p2|Swampert, F|
|poke|p2|Barraskewda, F|
|poke|p2|Tornadus-Therian, M|
|rule|Sleep Clause Mod: Limit one foe put to sleep
|rule|Species Clause: Limit one of each Pokémon
|rule|OHKO Clause: OHKO moves are banned
|rule|Evasion Moves Clause: Evasion moves are banned
|rule|Endless Battle Clause: Forcing endless battles is banned
|rule|HP Percentage Mod: HP is shown in percentages
|rule|Dynamax Clause: You cannot dynamax
|teampreview
|inactive|Battle timer is ON: inactive players will automatically lose when time's up. (requested by I3L4cK)
|
|t:|1613198659
|start
|switch|p1a: Thundurus|Thundurus, M|100/100
|switch|p2a: Swampert|Swampert, F|100/100
|turn|1
|
|t:|1613198669
|move|p1a: Thundurus|Grass Knot|p2a: Swampert
|-supereffective|p2a: Swampert
|-damage|p2a: Swampert|0 fnt
|faint|p2a: Swampert
|
|upkeep
|
|t:|1613198673
|switch|p2a: Pelipper|Pelipper, M|100/100
|-weather|RainDance|[from] ability: Drizzle|[of] p2a: Pelipper
|turn|2
|
|t:|1613198680
|switch|p1a: Slowbro|Slowbro, M|100/100
|switch|p2a: Ferrothorn|Ferrothorn, F|100/100
|
|-weather|RainDance|[upkeep]
|upkeep
|turn|3
|
|t:|1613198683
|move|p1a: Slowbro|Future Sight|p2a: Ferrothorn
|-start|p1a: Slowbro|move: Future Sight
|move|p2a: Ferrothorn|Knock Off|p1a: Slowbro
|-supereffective|p1a: Slowbro
|-damage|p1a: Slowbro|76/100
|-damage|p2a: Ferrothorn|84/100|[from] item: Rocky Helmet|[of] p1a: Slowbro
|-enditem|p1a: Slowbro|Rocky Helmet|[from] move: Knock Off|[of] p2a: Ferrothorn
|
|-weather|RainDance|[upkeep]
|-heal|p2a: Ferrothorn|90/100|[from] item: Leftovers
|upkeep
|turn|4
|
|t:|1613198693
|switch|p1a: Cinderace|Cinderace, M|100/100
|move|p2a: Ferrothorn|Spikes|p1a: Cinderace
|-sidestart|p1: I3L4cK|Spikes
|
|-weather|RainDance|[upkeep]
|-heal|p2a: Ferrothorn|97/100|[from] item: Leftovers
|upkeep
|turn|5
|
|t:|1613198708
|move|p1a: Cinderace|Pyro Ball|p2a: Ferrothorn
|-supereffective|p2a: Ferrothorn
|-damage|p2a: Ferrothorn|7/100
|move|p2a: Ferrothorn|Thunder Wave|p1a: Cinderace
|-status|p1a: Cinderace|par
|
|-weather|RainDance|[upkeep]
|-end|p2a: Ferrothorn|move: Future Sight
|-resisted|p2a: Ferrothorn
|-damage|p2a: Ferrothorn|0 fnt
|faint|p2a: Ferrothorn
|upkeep
|
|t:|1613198712
|switch|p2a: Barraskewda|Barraskewda, F|100/100
|turn|6
|
|t:|1613198723
|move|p1a: Cinderace|Sucker Punch|p2a: Barraskewda
|-start|p1a: Cinderace|typechange|Dark|[from] ability: Libero
|-damage|p2a: Barraskewda|34/100
|move|p2a: Barraskewda|Liquidation|p1a: Cinderace
|-crit|p1a: Cinderace
|-damage|p1a: Cinderace|0 fnt
|faint|p1a: Cinderace
|
|-weather|RainDance|[upkeep]
|upkeep
|
|t:|1613198737
|switch|p1a: Corviknight|Corviknight, M|100/100
|-ability|p1a: Corviknight|Pressure
|turn|7
|
|t:|1613198744
|switch|p2a: Kingdra|Kingdra, M|100/100
|move|p1a: Corviknight|Defog|p2a: Kingdra
|-unboost|p2a: Kingdra|evasion|1
|-sideend|p1: I3L4cK|Spikes|[from] move: Defog|[of] p1a: Corviknight
|
|-weather|RainDance|[upkeep]
|upkeep
|turn|8
|
|t:|1613198751
|switch|p1a: Krookodile|Krookodile, F|100/100
|move|p2a: Kingdra|Hydro Pump|p1a: Krookodile
|-supereffective|p1a: Krookodile
|-damage|p1a: Krookodile|0 fnt
|faint|p1a: Krookodile
|
|-weather|RainDance|[upkeep]
|upkeep
|
|t:|1613198760
|switch|p1a: Rillaboom|Rillaboom, M|100/100
|-fieldstart|move: Grassy Terrain|[from] ability: Grassy Surge|[of] p1a: Rillaboom
|turn|9
|
|t:|1613198765
|switch|p2a: Tornadus|Tornadus-Therian, M|100/100
|move|p1a: Rillaboom|Grassy Glide|p2a: Tornadus
|-resisted|p2a: Tornadus
|-damage|p2a: Tornadus|61/100
|
|-weather|none
|upkeep
|turn|10
|
|t:|1613198772
|switch|p1a: Thundurus|Thundurus, M|100/100
|move|p2a: Tornadus|U-turn|p1a: Thundurus
|-resisted|p1a: Thundurus
|-damage|p1a: Thundurus|90/100
|
|t:|1613198782
|switch|p2a: Barraskewda|Barraskewda, F|34/100|[from]move: U-turn
|
|-heal|p2a: Barraskewda|40/100|[from] Grassy Terrain
|upkeep
|turn|11
|
|t:|1613198793
|switch|p1a: Slowbro|Slowbro, M|100/100
|move|p2a: Barraskewda|Flip Turn|p1a: Slowbro
|-resisted|p1a: Slowbro
|-damage|p1a: Slowbro|86/100
|
|t:|1613198796
|switch|p2a: Pelipper|Pelipper, M|100/100|[from]move: Flip Turn
|-weather|RainDance|[from] ability: Drizzle|[of] p2a: Pelipper
|
|-weather|RainDance|[upkeep]
|-heal|p1a: Slowbro|92/100|[from] Grassy Terrain
|upkeep
|turn|12
|
|t:|1613198799
|move|p2a: Pelipper|U-turn|p1a: Slowbro
|-supereffective|p1a: Slowbro
|-damage|p1a: Slowbro|82/100
|
|t:|1613198803
|switch|p2a: Tornadus|Tornadus-Therian, M|94/100|[from]move: U-turn
|move|p1a: Slowbro|Future Sight|p2a: Tornadus
|-start|p1a: Slowbro|move: Future Sight
|
|-weather|RainDance|[upkeep]
|-heal|p1a: Slowbro|88/100|[from] Grassy Terrain
|upkeep
|turn|13
|
|t:|1613198810
|switch|p1a: Thundurus|Thundurus, M|90/100
|move|p2a: Tornadus|Hurricane|p1a: Thundurus
|-resisted|p1a: Thundurus
|-damage|p1a: Thundurus|64/100
|
|-weather|RainDance|[upkeep]
|-fieldend|move: Grassy Terrain
|upkeep
|turn|14
|
|t:|1613198819
|move|p2a: Tornadus|Hurricane|p1a: Thundurus
|-resisted|p1a: Thundurus
|-damage|p1a: Thundurus|37/100
|move|p1a: Thundurus|Volt Switch|p2a: Tornadus
|-supereffective|p2a: Tornadus
|-crit|p2a: Tornadus
|-damage|p2a: Tornadus|0 fnt
|faint|p2a: Tornadus
|
|t:|1613198828
|switch|p1a: Rillaboom|Rillaboom, M|100/100|[from]move: Volt Switch
|-fieldstart|move: Grassy Terrain|[from] ability: Grassy Surge|[of] p1a: Rillaboom
|
|-weather|RainDance|[upkeep]
|-hint|Future Sight did not hit because the target is fainted.
|upkeep
|
|t:|1613198835
|switch|p2a: Pelipper|Pelipper, M|100/100
|turn|15
|
|t:|1613198841
|switch|p1a: Slowbro|Slowbro, M|100/100
|move|p2a: Pelipper|Hurricane|p1a: Slowbro
|-damage|p1a: Slowbro|62/100
|
|-weather|RainDance|[upkeep]
|-heal|p1a: Slowbro|69/100|[from] Grassy Terrain
|upkeep
|turn|16
|
|t:|1613198846
|move|p2a: Pelipper|U-turn|p1a: Slowbro
|-supereffective|p1a: Slowbro
|-damage|p1a: Slowbro|59/100
|
|t:|1613198849
|switch|p2a: Barraskewda|Barraskewda, F|40/100|[from]move: U-turn
|move|p1a: Slowbro|Future Sight|p2a: Barraskewda
|-start|p1a: Slowbro|move: Future Sight
|
|-weather|RainDance|[upkeep]
|-heal|p2a: Barraskewda|46/100|[from] Grassy Terrain
|-heal|p1a: Slowbro|65/100|[from] Grassy Terrain
|upkeep
|turn|17
|
|t:|1613198852
|move|p2a: Barraskewda|Liquidation|p1a: Slowbro
|-resisted|p1a: Slowbro
|-damage|p1a: Slowbro|32/100
|-unboost|p1a: Slowbro|def|1
|move|p1a: Slowbro|Slack Off|p1a: Slowbro
|-heal|p1a: Slowbro|82/100
|
|-weather|RainDance|[upkeep]
|-heal|p2a: Barraskewda|52/100|[from] Grassy Terrain
|-heal|p1a: Slowbro|89/100|[from] Grassy Terrain
|upkeep
|turn|18
|
|t:|1613198860
|switch|p2a: Pelipper|Pelipper, M|100/100
|switch|p1a: Corviknight|Corviknight, M|100/100
|-ability|p1a: Corviknight|Pressure
|
|-weather|none
|-end|p2a: Pelipper|move: Future Sight
|-damage|p2a: Pelipper|40/100
|-fieldend|move: Grassy Terrain
|upkeep
|turn|19
|
|t:|1613198870
|switch|p2a: Kingdra|Kingdra, M|100/100
|move|p1a: Corviknight|Brave Bird|p2a: Kingdra
|-damage|p2a: Kingdra|59/100
|-damage|p1a: Corviknight|90/100|[from] Recoil
|
|upkeep
|turn|20
|
|t:|1613198878
|move|p2a: Kingdra|Flip Turn|p1a: Corviknight
|-damage|p1a: Corviknight|75/100
|-damage|p2a: Kingdra|43/100|[from] item: Rocky Helmet|[of] p1a: Corviknight
|
|t:|1613198881
|switch|p2a: Pelipper|Pelipper, M|40/100|[from]move: Flip Turn
|-weather|RainDance|[from] ability: Drizzle|[of] p2a: Pelipper
|move|p1a: Corviknight|U-turn|p2a: Pelipper
|-resisted|p2a: Pelipper
|-damage|p2a: Pelipper|35/100
|
|t:|1613198901
|switch|p1a: Slowbro|Slowbro, M|100/100|[from]move: U-turn
|
|-weather|RainDance|[upkeep]
|upkeep
|turn|21
|
|t:|1613198911
|switch|p2a: Kingdra|Kingdra, M|43/100
|move|p1a: Slowbro|Future Sight|p2a: Kingdra
|-start|p1a: Slowbro|move: Future Sight
|
|-weather|RainDance|[upkeep]
|upkeep
|turn|22
|
|t:|1613198920
|move|p2a: Kingdra|Hurricane|p1a: Slowbro
|-damage|p1a: Slowbro|44/100
|-start|p1a: Slowbro|confusion
|-activate|p1a: Slowbro|confusion
|move|p1a: Slowbro|Slack Off|p1a: Slowbro
|-heal|p1a: Slowbro|94/100
|
|-weather|RainDance|[upkeep]
|upkeep
|turn|23
|
|t:|1613198929
|switch|p1a: Corviknight|Corviknight, M|75/100
|-ability|p1a: Corviknight|Pressure
|move|p2a: Kingdra|Hurricane|p1a: Corviknight
|-resisted|p1a: Corviknight
|-damage|p1a: Corviknight|57/100
|-start|p1a: Corviknight|confusion
|
|-weather|RainDance|[upkeep]
|-end|p2a: Kingdra|move: Future Sight
|-damage|p2a: Kingdra|0 fnt
|upkeep
|faint|p2a: Kingdra
|
|t:|1613198932
|switch|p2a: Barraskewda|Barraskewda, F|52/100
|turn|24
|
|t:|1613198940
|switch|p1a: Slowbro|Slowbro, M|100/100
|move|p2a: Barraskewda|Liquidation|p1a: Slowbro
|-resisted|p1a: Slowbro
|-damage|p1a: Slowbro|72/100
|
|-weather|RainDance|[upkeep]
|upkeep
|turn|25
|
|t:|1613198945
|move|p2a: Barraskewda|Liquidation|p1a: Slowbro
|-resisted|p1a: Slowbro
|-damage|p1a: Slowbro|41/100
|move|p1a: Slowbro|Future Sight|p2a: Barraskewda
|-start|p1a: Slowbro|move: Future Sight
|
|-weather|RainDance|[upkeep]
|upkeep
|turn|26
|
|t:|1613198950
|move|p2a: Barraskewda|Liquidation|p1a: Slowbro
|-resisted|p1a: Slowbro
|-damage|p1a: Slowbro|8/100
|move|p1a: Slowbro|Slack Off|p1a: Slowbro
|-heal|p1a: Slowbro|58/100
|
|-weather|RainDance|[upkeep]
|upkeep
|turn|27
|-message|Justin UA forfeited.
|
|win|I3L4cK
|l|☆Justin UA
|raw|I3L4cK's rating: 1268 &rarr; <strong>1295</strong><br />(+27 for winning)
|raw|Justin UA's rating: 1292 &rarr; <strong>1265</strong><br />(-27 for losing)
|c|☆I3L4cK|XD
