|raw|<div class="broadcast-blue"><strong>This battle is required to be public due to a player having a name starting with 'lt83aq'.</div>
|j|‽PokeDa
|j|☆Lt83AQ Fusien
|t:|1626844914
|gametype|singles
|player|p1|PokeDa|winona-gen6|1734
|player|p2|Lt83AQ Fusien|yellow|1776
|teamsize|p1|6
|teamsize|p2|6
|gen|8
|tier|[Gen 8] OU
|rated|
|rule|Sleep Clause Mod: Limit one foe put to sleep
|rule|Species Clause: Limit one of each Pokémon
|rule|OHKO Clause: OHKO moves are banned
|rule|Evasion Moves Clause: Evasion moves are banned
|rule|Endless Battle Clause: Forcing endless battles is banned
|rule|HP Percentage Mod: HP is shown in percentages
|rule|Dynamax Clause: You cannot dynamax
|clearpoke
|poke|p1|Dragapult, M|
|poke|p1|Garchomp, F|
|poke|p1|Weavile, F|
|poke|p1|Melmetal|
|poke|p1|Tapu Fini|
|poke|p1|Dragonite, F|
|poke|p2|Dragapult, F|
|poke|p2|Urshifu-*, M|
|poke|p2|Slowking, M|
|poke|p2|Ferrothorn, F|
|poke|p2|Landorus-Therian, M|
|poke|p2|Clefable, M|
|teampreview
|inactive|Battle timer is ON: inactive players will automatically lose when time's up. (requested by Lt83AQ Fusien)
|c|☆Lt83AQ Fusien|Hf
|j| BigMeatDodo
|inactive|Lt83AQ Fusien has 120 seconds left.
|
|t:|1626844946
|start
|switch|p1a: Weavile|Weavile, F|100/100
|switch|p2a: Clefable|Clefable, M|100/100
|turn|1
|
|t:|1626844955
|switch|p1a: Melmetal|Melmetal|100/100
|move|p2a: Clefable|Moonblast|p1a: Melmetal
|-resisted|p1a: Melmetal
|-damage|p1a: Melmetal|80/100
|-unboost|p1a: Melmetal|spa|1
|
|upkeep
|turn|2
|
|t:|1626844964
|switch|p2a: Slowking|Slowking, M|100/100
|move|p1a: Melmetal|Double Iron Bash|p2a: Slowking
|-resisted|p2a: Slowking
|-damage|p2a: Slowking|77/100
|-resisted|p2a: Slowking
|-damage|p2a: Slowking|53/100
|-hitcount|p2a: Slowking|2
|
|upkeep
|turn|3
|
|t:|1626844971
|move|p1a: Melmetal|Double Iron Bash|p2a: Slowking
|-resisted|p2a: Slowking
|-damage|p2a: Slowking|31/100
|-resisted|p2a: Slowking
|-damage|p2a: Slowking|6/100
|-hitcount|p2a: Slowking|2
|move|p2a: Slowking|Teleport|p2a: Slowking
|inactive|Lt83AQ Fusien has 120 seconds left.
|inactive|Lt83AQ Fusien has 90 seconds left.
|
|t:|1626845040
|switch|p2a: Landorus|Landorus-Therian, M|100/100|[from]move: Teleport
|-ability|p2a: Landorus|Intimidate|boost
|-unboost|p1a: Melmetal|atk|1
|
|upkeep
|turn|4
|
|t:|1626845047
|switch|p1a: Weavile|Weavile, F|100/100
|move|p2a: Landorus|Knock Off|p1a: Weavile
|-resisted|p1a: Weavile
|-damage|p1a: Weavile|75/100
|-enditem|p1a: Weavile|Heavy-Duty Boots|[from] move: Knock Off|[of] p2a: Landorus
|-enditem|p2a: Landorus|Leftovers|[silent]|[from] ability: Pickpocket|[of] p2a: Landorus
|-item|p1a: Weavile|Leftovers|[from] ability: Pickpocket|[of] p2a: Landorus
|
|-heal|p1a: Weavile|81/100|[from] item: Leftovers
|upkeep
|turn|5
|
|t:|1626845068
|switch|p2a: Slowking|Slowking, M|40/100
|move|p1a: Weavile|Knock Off|p2a: Slowking
|-supereffective|p2a: Slowking
|-damage|p2a: Slowking|0 fnt
|-enditem|p2a: Slowking|Heavy-Duty Boots|[from] move: Knock Off|[of] p1a: Weavile
|faint|p2a: Slowking
|
|-heal|p1a: Weavile|87/100|[from] item: Leftovers
|upkeep
|inactive|Lt83AQ Fusien has 90 seconds left.
|
|t:|1626845107
|switch|p2a: Urshifu|Urshifu-Rapid-Strike, M|100/100
|turn|6
|
|t:|1626845113
|switch|p1a: Dragonite|Dragonite, F|100/100
|move|p2a: Urshifu|U-turn|p1a: Dragonite
|-resisted|p1a: Dragonite
|-damage|p1a: Dragonite|94/100
|inactive|Lt83AQ Fusien has 60 seconds left.
|
|t:|1626845150
|switch|p2a: Clefable|Clefable, M|100/100|[from]move: U-turn
|
|upkeep
|turn|7
|
|t:|1626845154
|switch|p1a: Melmetal|Melmetal|80/100
|move|p2a: Clefable|Moonblast|p1a: Melmetal
|-resisted|p1a: Melmetal
|-damage|p1a: Melmetal|60/100
|
|upkeep
|turn|8
|
|t:|1626845162
|switch|p2a: Ferrothorn|Ferrothorn, F|100/100
|move|p1a: Melmetal|Double Iron Bash|p2a: Ferrothorn
|-resisted|p2a: Ferrothorn
|-damage|p2a: Ferrothorn|83/100
|-activate|p2a: Ferrothorn|ability: Iron Barbs
|-activate|p1a: Melmetal|item: Protective Pads
|-resisted|p2a: Ferrothorn
|-damage|p2a: Ferrothorn|66/100
|-activate|p2a: Ferrothorn|ability: Iron Barbs
|-activate|p1a: Melmetal|item: Protective Pads
|-hitcount|p2a: Ferrothorn|2
|
|-heal|p2a: Ferrothorn|72/100|[from] item: Leftovers
|upkeep
|turn|9
|
|t:|1626845171
|move|p1a: Melmetal|Double Iron Bash|p2a: Ferrothorn
|-resisted|p2a: Ferrothorn
|-damage|p2a: Ferrothorn|56/100
|-activate|p2a: Ferrothorn|ability: Iron Barbs
|-activate|p1a: Melmetal|item: Protective Pads
|-resisted|p2a: Ferrothorn
|-damage|p2a: Ferrothorn|39/100
|-activate|p2a: Ferrothorn|ability: Iron Barbs
|-activate|p1a: Melmetal|item: Protective Pads
|-hitcount|p2a: Ferrothorn|2
|move|p2a: Ferrothorn|Knock Off|p1a: Melmetal
|-damage|p1a: Melmetal|48/100
|-enditem|p1a: Melmetal|Protective Pads|[from] move: Knock Off|[of] p2a: Ferrothorn
|
|-heal|p2a: Ferrothorn|45/100|[from] item: Leftovers
|upkeep
|turn|10
|
|t:|1626845177
|switch|p2a: Landorus|Landorus-Therian, M|100/100
|-ability|p2a: Landorus|Intimidate|boost
|-unboost|p1a: Melmetal|atk|1
|move|p1a: Melmetal|Superpower|p2a: Landorus
|-resisted|p2a: Landorus
|-damage|p2a: Landorus|88/100
|-unboost|p1a: Melmetal|atk|1
|-unboost|p1a: Melmetal|def|1
|
|upkeep
|turn|11
|
|t:|1626845184
|switch|p1a: Weavile|Weavile, F|87/100
|move|p2a: Landorus|Stealth Rock|p1a: Weavile
|-sidestart|p1: PokeDa|move: Stealth Rock
|
|-heal|p1a: Weavile|93/100|[from] item: Leftovers
|upkeep
|turn|12
|
|t:|1626845189
|switch|p2a: Urshifu|Urshifu-Rapid-Strike, M|100/100
|move|p1a: Weavile|Triple Axel|p2a: Urshifu|[miss]
|-miss|p1a: Weavile|p2a: Urshifu
|
|-heal|p1a: Weavile|99/100|[from] item: Leftovers
|upkeep
|turn|13
|
|t:|1626845198
|switch|p1a: Dragonite|Dragonite, F|94/100
|move|p2a: Urshifu|U-turn|p1a: Dragonite
|-resisted|p1a: Dragonite
|-damage|p1a: Dragonite|79/100
|
|t:|1626845200
|switch|p2a: Clefable|Clefable, M|100/100|[from]move: U-turn
|
|upkeep
|turn|14
|
|t:|1626845206
|move|p1a: Dragonite|Defog|p2a: Clefable
|-unboost|p2a: Clefable|evasion|1
|-sideend|p1: PokeDa|Stealth Rock|[from] move: Defog|[of] p1a: Dragonite
|move|p2a: Clefable|Moonblast|p1a: Dragonite
|-supereffective|p1a: Dragonite
|-damage|p1a: Dragonite|14/100
|
|upkeep
|turn|15
|
|t:|1626845215
|move|p1a: Dragonite|Dual Wingbeat|p2a: Clefable
|-damage|p2a: Clefable|83/100
|-damage|p2a: Clefable|62/100
|-hitcount|p2a: Clefable|2
|move|p2a: Clefable|Moonblast|p1a: Dragonite
|-supereffective|p1a: Dragonite
|-damage|p1a: Dragonite|0 fnt
|faint|p1a: Dragonite
|
|upkeep
|
|t:|1626845220
|switch|p1a: Melmetal|Melmetal|48/100
|turn|16
|
|t:|1626845239
|switch|p2a: Ferrothorn|Ferrothorn, F|45/100
|move|p1a: Melmetal|Double Iron Bash|p2a: Ferrothorn
|-resisted|p2a: Ferrothorn
|-damage|p2a: Ferrothorn|29/100
|-damage|p1a: Melmetal|36/100|[from] ability: Iron Barbs|[of] p2a: Ferrothorn
|-resisted|p2a: Ferrothorn
|-damage|p2a: Ferrothorn|12/100
|-damage|p1a: Melmetal|24/100|[from] ability: Iron Barbs|[of] p2a: Ferrothorn
|-hitcount|p2a: Ferrothorn|2
|
|-heal|p2a: Ferrothorn|19/100|[from] item: Leftovers
|upkeep
|turn|17
|
|t:|1626845247
|move|p1a: Melmetal|Superpower|p2a: Ferrothorn
|-supereffective|p2a: Ferrothorn
|-damage|p2a: Ferrothorn|0 fnt
|-unboost|p1a: Melmetal|atk|1
|-unboost|p1a: Melmetal|def|1
|-damage|p1a: Melmetal|11/100|[from] ability: Iron Barbs|[of] p2a: Ferrothorn
|faint|p2a: Ferrothorn
|
|upkeep
|
|t:|1626845250
|switch|p2a: Landorus|Landorus-Therian, M|88/100
|-ability|p2a: Landorus|Intimidate|boost
|-unboost|p1a: Melmetal|atk|1
|turn|18
|
|t:|1626845255
|move|p2a: Landorus|Stealth Rock|p1a: Melmetal
|-sidestart|p1: PokeDa|move: Stealth Rock
|move|p1a: Melmetal|Double Iron Bash|p2a: Landorus
|-damage|p2a: Landorus|70/100
|-damage|p2a: Landorus|54/100
|-hitcount|p2a: Landorus|2
|
|upkeep
|turn|19
|
|t:|1626845260
|move|p2a: Landorus|U-turn|p1a: Melmetal
|-resisted|p1a: Melmetal
|-damage|p1a: Melmetal|2/100
|
|t:|1626845262
|switch|p2a: Urshifu|Urshifu-Rapid-Strike, M|100/100|[from]move: U-turn
|move|p1a: Melmetal|Double Iron Bash|p2a: Urshifu
|-resisted|p2a: Urshifu
|-crit|p2a: Urshifu
|-damage|p2a: Urshifu|65/100
|-resisted|p2a: Urshifu
|-damage|p2a: Urshifu|53/100
|-hitcount|p2a: Urshifu|2
|
|upkeep
|turn|20
|
|t:|1626845271
|move|p2a: Urshifu|U-turn|p1a: Melmetal
|-resisted|p1a: Melmetal
|-damage|p1a: Melmetal|0 fnt
|faint|p1a: Melmetal
|
|t:|1626845272
|switch|p2a: Dragapult|Dragapult, F|100/100|[from]move: U-turn
|
|upkeep
|
|t:|1626845281
|switch|p1a: Garchomp|Garchomp, F, shiny|100/100
|-damage|p1a: Garchomp|94/100|[from] Stealth Rock
|turn|21
|
|t:|1626845296
|move|p2a: Dragapult|Draco Meteor|p1a: Garchomp
|-supereffective|p1a: Garchomp
|-damage|p1a: Garchomp|0 fnt
|-unboost|p2a: Dragapult|spa|2
|faint|p1a: Garchomp
|
|upkeep
|
|t:|1626845300
|switch|p1a: Tapu Fini|Tapu Fini|100/100
|-damage|p1a: Tapu Fini|88/100|[from] Stealth Rock
|-fieldstart|move: Misty Terrain|[from] ability: Misty Surge|[of] p1a: Tapu Fini
|turn|22
|
|t:|1626845302
|switch|p2a: Clefable|Clefable, M|62/100
|move|p1a: Tapu Fini|Calm Mind|p1a: Tapu Fini
|-boost|p1a: Tapu Fini|spa|1
|-boost|p1a: Tapu Fini|spd|1
|
|-heal|p1a: Tapu Fini|94/100|[from] item: Leftovers
|upkeep
|turn|23
|
|t:|1626845308
|move|p1a: Tapu Fini|Calm Mind|p1a: Tapu Fini
|-boost|p1a: Tapu Fini|spa|1
|-boost|p1a: Tapu Fini|spd|1
|move|p2a: Clefable|Thunder|p1a: Tapu Fini
|-supereffective|p1a: Tapu Fini
|-damage|p1a: Tapu Fini|69/100
|
|-heal|p1a: Tapu Fini|75/100|[from] item: Leftovers
|upkeep
|turn|24
|
|t:|1626845314
|move|p1a: Tapu Fini|Draining Kiss|p2a: Clefable
|-damage|p2a: Clefable|40/100
|-heal|p1a: Tapu Fini|94/100|[from] drain|[of] p2a: Clefable
|move|p2a: Clefable|Calm Mind|p2a: Clefable
|-boost|p2a: Clefable|spa|1
|-boost|p2a: Clefable|spd|1
|
|-heal|p1a: Tapu Fini|100/100|[from] item: Leftovers
|upkeep
|turn|25
|
|t:|1626845319
|move|p1a: Tapu Fini|Taunt|p2a: Clefable
|-start|p2a: Clefable|move: Taunt
|move|p2a: Clefable|Thunder|p1a: Tapu Fini
|-supereffective|p1a: Tapu Fini
|-damage|p1a: Tapu Fini|64/100
|
|-heal|p1a: Tapu Fini|70/100|[from] item: Leftovers
|upkeep
|turn|26
|
|t:|1626845322
|move|p1a: Tapu Fini|Draining Kiss|p2a: Clefable
|-damage|p2a: Clefable|25/100
|-heal|p1a: Tapu Fini|84/100|[from] drain|[of] p2a: Clefable
|move|p2a: Clefable|Thunder|p1a: Tapu Fini|[miss]
|-miss|p2a: Clefable|p1a: Tapu Fini
|
|-heal|p1a: Tapu Fini|90/100|[from] item: Leftovers
|-fieldend|Misty Terrain
|upkeep
|turn|27
|
|t:|1626845325
|move|p1a: Tapu Fini|Draining Kiss|p2a: Clefable
|-damage|p2a: Clefable|9/100
|-heal|p1a: Tapu Fini|100/100|[from] drain|[of] p2a: Clefable
|move|p2a: Clefable|Thunder|p1a: Tapu Fini
|-supereffective|p1a: Tapu Fini
|-damage|p1a: Tapu Fini|64/100
|-status|p1a: Tapu Fini|par
|
|-heal|p1a: Tapu Fini|70/100 par|[from] item: Leftovers
|-end|p2a: Clefable|move: Taunt
|upkeep
|turn|28
|
|t:|1626845329
|move|p2a: Clefable|Soft-Boiled|p2a: Clefable
|-heal|p2a: Clefable|59/100
|move|p1a: Tapu Fini|Draining Kiss|p2a: Clefable
|-damage|p2a: Clefable|44/100
|-heal|p1a: Tapu Fini|83/100 par|[from] drain|[of] p2a: Clefable
|
|-heal|p1a: Tapu Fini|89/100 par|[from] item: Leftovers
|upkeep
|turn|29
|
|t:|1626845334
|move|p2a: Clefable|Calm Mind|p2a: Clefable
|-boost|p2a: Clefable|spa|1
|-boost|p2a: Clefable|spd|1
|move|p1a: Tapu Fini|Taunt|p2a: Clefable
|-start|p2a: Clefable|move: Taunt
|
|-heal|p1a: Tapu Fini|95/100 par|[from] item: Leftovers
|upkeep
|turn|30
|j| asdgdfgdfdddfs
|
|t:|1626845352
|move|p2a: Clefable|Thunder|p1a: Tapu Fini
|-supereffective|p1a: Tapu Fini
|-damage|p1a: Tapu Fini|43/100 par
|move|p1a: Tapu Fini|Calm Mind|p1a: Tapu Fini
|-boost|p1a: Tapu Fini|spa|1
|-boost|p1a: Tapu Fini|spd|1
|
|-heal|p1a: Tapu Fini|49/100 par|[from] item: Leftovers
|upkeep
|turn|31
|
|t:|1626845362
|move|p2a: Clefable|Moonblast|p1a: Tapu Fini
|-damage|p1a: Tapu Fini|25/100 par
|cant|p1a: Tapu Fini|par
|
|-heal|p1a: Tapu Fini|31/100 par|[from] item: Leftovers
|upkeep
|turn|32
|
|t:|1626845368
|move|p2a: Clefable|Moonblast|p1a: Tapu Fini
|-damage|p1a: Tapu Fini|7/100 par
|move|p1a: Tapu Fini|Draining Kiss|p2a: Clefable
|-damage|p2a: Clefable|30/100
|-heal|p1a: Tapu Fini|19/100 par|[from] drain|[of] p2a: Clefable
|
|-heal|p1a: Tapu Fini|26/100 par|[from] item: Leftovers
|-end|p2a: Clefable|move: Taunt
|upkeep
|turn|33
|
|t:|1626845380
|move|p2a: Clefable|Soft-Boiled|p2a: Clefable
|-heal|p2a: Clefable|80/100
|move|p1a: Tapu Fini|Scald|p2a: Clefable
|-damage|p2a: Clefable|58/100
|
|-heal|p1a: Tapu Fini|32/100 par|[from] item: Leftovers
|upkeep
|turn|34
|
|t:|1626845386
|move|p2a: Clefable|Thunder|p1a: Tapu Fini
|-supereffective|p1a: Tapu Fini
|-damage|p1a: Tapu Fini|0 fnt
|faint|p1a: Tapu Fini
|
|upkeep
|
|t:|1626845389
|switch|p1a: Weavile|Weavile, F|99/100
|-damage|p1a: Weavile|75/100|[from] Stealth Rock
|turn|35
|
|t:|1626845399
|switch|p2a: Landorus|Landorus-Therian, M|54/100
|-ability|p2a: Landorus|Intimidate|boost
|-unboost|p1a: Weavile|atk|1
|move|p1a: Weavile|Swords Dance|p1a: Weavile
|-boost|p1a: Weavile|atk|2
|
|-heal|p1a: Weavile|81/100|[from] item: Leftovers
|upkeep
|turn|36
|
|t:|1626845408
|move|p1a: Weavile|Ice Shard|p2a: Landorus
|-supereffective|p2a: Landorus
|-damage|p2a: Landorus|0 fnt
|faint|p2a: Landorus
|
|-heal|p1a: Weavile|87/100|[from] item: Leftovers
|upkeep
|
|t:|1626845418
|switch|p2a: Urshifu|Urshifu-Rapid-Strike, M|53/100
|turn|37
|
|t:|1626845421
|move|p1a: Weavile|Triple Axel|p2a: Urshifu
|-resisted|p2a: Urshifu
|-damage|p2a: Urshifu|45/100
|-resisted|p2a: Urshifu
|-crit|p2a: Urshifu
|-damage|p2a: Urshifu|22/100
|-resisted|p2a: Urshifu
|-damage|p2a: Urshifu|0 fnt
|faint|p2a: Urshifu
|-hitcount|p2: Urshifu|3
|
|-heal|p1a: Weavile|93/100|[from] item: Leftovers
|upkeep
|
|t:|1626845428
|switch|p2a: Dragapult|Dragapult, F|100/100
|turn|38
|
|t:|1626845435
|switch|p1a: Dragapult|Dragapult, M|100/100
|-damage|p1a: Dragapult|88/100|[from] Stealth Rock
|move|p2a: Dragapult|Draco Meteor|p1a: Dragapult
|-supereffective|p1a: Dragapult
|-damage|p1a: Dragapult|0 fnt
|-unboost|p2a: Dragapult|spa|2
|faint|p1a: Dragapult
|
|upkeep
|
|t:|1626845437
|switch|p1a: Weavile|Weavile, F|93/100
|-damage|p1a: Weavile|68/100|[from] Stealth Rock
|turn|39
|
|t:|1626845445
|switch|p2a: Clefable|Clefable, M|58/100
|move|p1a: Weavile|Swords Dance|p1a: Weavile
|-boost|p1a: Weavile|atk|2
|
|-heal|p1a: Weavile|74/100|[from] item: Leftovers
|upkeep
|turn|40
|
|t:|1626845449
|move|p1a: Weavile|Triple Axel|p2a: Clefable
|-damage|p2a: Clefable|36/100
|-crit|p2a: Clefable
|-damage|p2a: Clefable|0 fnt
|faint|p2a: Clefable
|-hitcount|p2: Clefable|2
|
|-heal|p1a: Weavile|80/100|[from] item: Leftovers
|upkeep
|
|t:|1626845451
|switch|p2a: Dragapult|Dragapult, F|100/100
|turn|41
|
|t:|1626845454
|move|p1a: Weavile|Ice Shard|p2a: Dragapult
|-supereffective|p2a: Dragapult
|-damage|p2a: Dragapult|0 fnt
|faint|p2a: Dragapult
|
|win|PokeDa
|raw|PokeDa's rating: 1734 &rarr; <strong>1755</strong><br />(+21 for winning)
|raw|Lt83AQ Fusien's rating: 1753 &rarr; <strong>1732</strong><br />(-21 for losing)
|c|☆Lt83AQ Fusien|Gg
