|j|☆noudle soop
|j|☆ayevon
|t:|1632628869
|gametype|singles
|player|p1|noudle soop|266|1769
|player|p2|ayevon|169|1927
|teamsize|p1|6
|teamsize|p2|6
|gen|8
|tier|[Gen 8] OU
|rated|
|rule|Sleep Clause Mod: Limit one foe put to sleep
|rule|Species Clause: Limit one of each Pokémon
|rule|OHKO Clause: OHKO moves are banned
|rule|Evasion Moves Clause: Evasion moves are banned
|rule|Endless Battle Clause: Forcing endless battles is banned
|rule|HP Percentage Mod: HP is shown in percentages
|rule|Dynamax Clause: You cannot dynamax
|clearpoke
|poke|p1|Rhyperior, M|
|poke|p1|Heatran, M|
|poke|p1|Rillaboom, F|
|poke|p1|Tapu Fini|
|poke|p1|Melmetal|
|poke|p1|Landorus-Therian, M|
|poke|p2|Tyranitar, F|
|poke|p2|Excadrill, M|
|poke|p2|Garchomp, F|
|poke|p2|Kartana|
|poke|p2|Zapdos|
|poke|p2|Toxapex, M|
|teampreview
|inactive|Battle timer is ON: inactive players will automatically lose when time's up. (requested by noudle soop)
|j| dogwater14
|inactive|ayevon has 120 seconds left.
|j| Noob 0_o
|inactive|ayevon has 90 seconds left.
|j| testing im gay
|inactive|ayevon has 60 seconds left.
|
|t:|1632628959
|start
|switch|p1a: Rillaboom|Rillaboom, F|100/100
|switch|p2a: Toxapex|Toxapex, M|100/100
|-fieldstart|move: Grassy Terrain|[from] ability: Grassy Surge|[of] p1a: Rillaboom
|turn|1
|
|t:|1632628963
|move|p1a: Rillaboom|U-turn|p2a: Toxapex
|-resisted|p2a: Toxapex
|-damage|p2a: Toxapex|89/100
|-damage|p1a: Rillaboom|84/100|[from] item: Rocky Helmet|[of] p2a: Toxapex
|
|t:|1632628966
|switch|p1a: Tapu Fini|Tapu Fini|100/100|[from]move: U-turn
|-fieldstart|move: Misty Terrain|[from] ability: Misty Surge|[of] p1a: Tapu Fini
|move|p2a: Toxapex|Toxic Spikes|p1a: Tapu Fini
|-sidestart|p1: noudle soop|move: Toxic Spikes
|
|upkeep
|turn|2
|
|t:|1632628983
|switch|p1a: Rhyperior|Rhyperior, M|100/100
|switch|p2a: Tyranitar|Tyranitar, F|100/100
|-weather|Sandstorm|[from] ability: Sand Stream|[of] p2a: Tyranitar
|
|-weather|Sandstorm|[upkeep]
|upkeep
|turn|3
|
|t:|1632628991
|switch|p2a: Kartana|Kartana|100/100
|move|p1a: Rhyperior|High Horsepower|p2a: Kartana
|-damage|p2a: Kartana|43/100
|
|-weather|Sandstorm|[upkeep]
|upkeep
|turn|4
|j| Aphro mari
|
|t:|1632629005
|switch|p1a: Landorus|Landorus-Therian, M|100/100
|-ability|p1a: Landorus|Intimidate|boost
|-unboost|p2a: Kartana|atk|1
|move|p2a: Kartana|Swords Dance|p2a: Kartana
|-boost|p2a: Kartana|atk|2
|
|-weather|Sandstorm|[upkeep]
|upkeep
|turn|5
|j| tapu moxo
|
|t:|1632629007
|move|p1a: Landorus|Earthquake|p2a: Kartana
|-damage|p2a: Kartana|0 fnt
|faint|p2a: Kartana
|
|-weather|Sandstorm|[upkeep]
|-fieldend|Misty Terrain
|upkeep
|
|t:|1632629010
|switch|p2a: Zapdos|Zapdos|100/100
|-ability|p2a: Zapdos|Pressure
|turn|6
|
|t:|1632629018
|switch|p1a: Melmetal|Melmetal|100/100
|switch|p2a: Toxapex|Toxapex, M|100/100
|
|-weather|none
|upkeep
|turn|7
|
|t:|1632629022
|switch|p1a: Tapu Fini|Tapu Fini|100/100
|-status|p1a: Tapu Fini|psn
|-fieldstart|move: Misty Terrain|[from] ability: Misty Surge|[of] p1a: Tapu Fini
|move|p2a: Toxapex|Scald|p1a: Tapu Fini
|-resisted|p1a: Tapu Fini
|-damage|p1a: Tapu Fini|95/100 psn
|
|-damage|p1a: Tapu Fini|83/100 psn|[from] psn
|upkeep
|turn|8
|
|t:|1632629028
|switch|p2a: Tyranitar|Tyranitar, F|100/100
|-weather|Sandstorm|[from] ability: Sand Stream|[of] p2a: Tyranitar
|move|p1a: Tapu Fini|Trick|p2a: Tyranitar
|-activate|p1a: Tapu Fini|move: Trick|[of] p2a: Tyranitar
|-item|p2a: Tyranitar|Choice Scarf|[from] move: Trick
|-item|p1a: Tapu Fini|Leftovers|[from] move: Trick
|
|-weather|Sandstorm|[upkeep]
|-damage|p1a: Tapu Fini|76/100 psn|[from] Sandstorm
|-heal|p1a: Tapu Fini|83/100 psn|[from] item: Leftovers
|-damage|p1a: Tapu Fini|70/100 psn|[from] psn
|upkeep
|turn|9
|
|t:|1632629032
|switch|p2a: Garchomp|Garchomp, F|100/100
|move|p1a: Tapu Fini|Defog|p2a: Garchomp
|-unboost|p2a: Garchomp|evasion|1
|-sideend|p1: noudle soop|Toxic Spikes|[from] move: Defog|[of] p1a: Tapu Fini
|-fieldend|Misty Terrain
|
|-weather|Sandstorm|[upkeep]
|-damage|p1a: Tapu Fini|64/100 psn|[from] Sandstorm
|-heal|p1a: Tapu Fini|70/100 psn|[from] item: Leftovers
|-damage|p1a: Tapu Fini|58/100 psn|[from] psn
|upkeep
|turn|10
|
|t:|1632629037
|switch|p1a: Landorus|Landorus-Therian, M|100/100
|-ability|p1a: Landorus|Intimidate|boost
|-unboost|p2a: Garchomp|atk|1
|move|p2a: Garchomp|Substitute|p2a: Garchomp
|-start|p2a: Garchomp|Substitute
|-damage|p2a: Garchomp|76/100
|
|-weather|Sandstorm|[upkeep]
|-heal|p2a: Garchomp|82/100|[from] item: Leftovers
|upkeep
|turn|11
|
|t:|1632629041
|move|p1a: Landorus|U-turn|p2a: Garchomp
|-end|p2a: Garchomp|Substitute
|
|t:|1632629043
|switch|p1a: Tapu Fini|Tapu Fini|58/100 psn|[from]move: U-turn
|-fieldstart|move: Misty Terrain|[from] ability: Misty Surge|[of] p1a: Tapu Fini
|move|p2a: Garchomp|Scale Shot|p1a: Tapu Fini
|-immune|p1a: Tapu Fini
|
|-weather|Sandstorm|[upkeep]
|-damage|p1a: Tapu Fini|52/100 psn|[from] Sandstorm
|-heal|p2a: Garchomp|88/100|[from] item: Leftovers
|-heal|p1a: Tapu Fini|58/100 psn|[from] item: Leftovers
|-damage|p1a: Tapu Fini|45/100 psn|[from] psn
|upkeep
|turn|12
|
|t:|1632629048
|switch|p2a: Toxapex|Toxapex, M|100/100
|switch|p1a: Landorus|Landorus-Therian, M|100/100
|-ability|p1a: Landorus|Intimidate|boost
|-unboost|p2a: Toxapex|atk|1
|
|-weather|none
|upkeep
|turn|13
|
|t:|1632629051
|move|p1a: Landorus|U-turn|p2a: Toxapex
|-resisted|p2a: Toxapex
|-damage|p2a: Toxapex|92/100
|-damage|p1a: Landorus|84/100|[from] item: Rocky Helmet|[of] p2a: Toxapex
|
|t:|1632629053
|switch|p1a: Rhyperior|Rhyperior, M|100/100|[from]move: U-turn
|move|p2a: Toxapex|Toxic Spikes|p1a: Rhyperior
|-sidestart|p1: noudle soop|move: Toxic Spikes
|
|upkeep
|turn|14
|
|t:|1632629062
|move|p1a: Rhyperior|Stealth Rock|p2a: Toxapex
|-sidestart|p2: ayevon|move: Stealth Rock
|move|p2a: Toxapex|Scald|p1a: Rhyperior
|-supereffective|p1a: Rhyperior
|-damage|p1a: Rhyperior|36/100
|
|-heal|p1a: Rhyperior|42/100|[from] item: Leftovers
|upkeep
|turn|15
|
|t:|1632629065
|move|p1a: Rhyperior|High Horsepower|p2a: Toxapex
|-supereffective|p2a: Toxapex
|-damage|p2a: Toxapex|17/100
|-damage|p1a: Rhyperior|25/100|[from] item: Rocky Helmet|[of] p2a: Toxapex
|move|p2a: Toxapex|Scald|p1a: Rhyperior
|-supereffective|p1a: Rhyperior
|-damage|p1a: Rhyperior|0 fnt
|faint|p1a: Rhyperior
|
|-fieldend|Misty Terrain
|upkeep
|
|t:|1632629068
|switch|p1a: Heatran|Heatran, M, shiny|100/100
|turn|16
|
|t:|1632629071
|switch|p2a: Garchomp|Garchomp, F|88/100
|-damage|p2a: Garchomp|82/100|[from] Stealth Rock
|move|p1a: Heatran|Magma Storm|p2a: Garchomp
|-resisted|p2a: Garchomp
|-damage|p2a: Garchomp|54/100
|-activate|p2a: Garchomp|move: Magma Storm|[of] p1a: Heatran
|
|-heal|p2a: Garchomp|60/100|[from] item: Leftovers
|-damage|p2a: Garchomp|48/100|[from] move: Magma Storm|[partiallytrapped]
|upkeep
|turn|17
|c| testing im gay|oh this bullshit lol
|
|t:|1632629081
|move|p2a: Garchomp|Scale Shot|p1a: Heatran|[miss]
|-miss|p2a: Garchomp|p1a: Heatran
|move|p1a: Heatran|Earth Power|p2a: Garchomp
|-damage|p2a: Garchomp|13/100
|
|-heal|p2a: Garchomp|20/100|[from] item: Leftovers
|-damage|p2a: Garchomp|7/100|[from] move: Magma Storm|[partiallytrapped]
|upkeep
|turn|18
|
|t:|1632629084
|switch|p1a: Landorus|Landorus-Therian, M|84/100
|-ability|p1a: Landorus|Intimidate|boost
|-unboost|p2a: Garchomp|atk|1
|move|p2a: Garchomp|Earthquake|p1a: Landorus
|-immune|p1a: Landorus
|
|-heal|p2a: Garchomp|13/100|[from] item: Leftovers
|-end|p2a: Garchomp|Magma Storm|[partiallytrapped]|[silent]
|upkeep
|turn|19
|
|t:|1632629087
|switch|p2a: Zapdos|Zapdos|100/100
|-ability|p2a: Zapdos|Pressure
|move|p1a: Landorus|U-turn|p2a: Zapdos
|-resisted|p2a: Zapdos
|-damage|p2a: Zapdos|84/100
|
|t:|1632629091
|switch|p1a: Heatran|Heatran, M, shiny|100/100|[from]move: U-turn
|
|upkeep
|turn|20
|
|t:|1632629093
|move|p2a: Zapdos|Substitute|p2a: Zapdos
|-start|p2a: Zapdos|Substitute
|-damage|p2a: Zapdos|59/100
|move|p1a: Heatran|Magma Storm|p2a: Zapdos
|-end|p2a: Zapdos|Substitute
|
|upkeep
|turn|21
|
|t:|1632629101
|move|p2a: Zapdos|Substitute|p2a: Zapdos
|-start|p2a: Zapdos|Substitute
|-damage|p2a: Zapdos|34/100
|move|p1a: Heatran|Taunt|p2a: Zapdos
|-start|p2a: Zapdos|move: Taunt
|
|upkeep
|turn|22
|
|t:|1632629106
|switch|p1a: Landorus|Landorus-Therian, M|84/100
|-ability|p1a: Landorus|Intimidate|boost
|-immune|p2a: Zapdos
|move|p2a: Zapdos|Discharge|p1a: Landorus
|-immune|p1a: Landorus
|
|upkeep
|turn|23
|
|t:|1632629108
|move|p1a: Landorus|Stone Edge|p2a: Zapdos
|-supereffective|p2a: Zapdos
|-crit|p2a: Zapdos
|-end|p2a: Zapdos|Substitute
|move|p2a: Zapdos|Hurricane|p1a: Landorus
|-damage|p1a: Landorus|17/100
|
|upkeep
|turn|24
|
|t:|1632629113
|switch|p1a: Rillaboom|Rillaboom, F|84/100
|-status|p1a: Rillaboom|psn
|-fieldstart|move: Grassy Terrain|[from] ability: Grassy Surge|[of] p1a: Rillaboom
|switch|p2a: Excadrill|Excadrill, M|100/100
|-damage|p2a: Excadrill|97/100|[from] Stealth Rock
|
|-heal|p2a: Excadrill|100/100|[from] Grassy Terrain
|-heal|p1a: Rillaboom|90/100 psn|[from] Grassy Terrain
|-damage|p1a: Rillaboom|78/100 psn|[from] psn
|upkeep
|turn|25
|
|t:|1632629123
|switch|p2a: Garchomp|Garchomp, F|13/100
|-damage|p2a: Garchomp|7/100|[from] Stealth Rock
|move|p1a: Rillaboom|Grassy Glide|p2a: Garchomp
|-damage|p2a: Garchomp|0 fnt
|-damage|p1a: Rillaboom|66/100 psn|[from] ability: Rough Skin|[of] p2a: Garchomp
|faint|p2a: Garchomp
|
|-heal|p1a: Rillaboom|72/100 psn|[from] Grassy Terrain
|-damage|p1a: Rillaboom|59/100 psn|[from] psn
|upkeep
|
|t:|1632629126
|switch|p2a: Toxapex|Toxapex, M|50/100
|-damage|p2a: Toxapex|38/100|[from] Stealth Rock
|turn|26
|
|t:|1632629134
|switch|p2a: Tyranitar|Tyranitar, F|100/100
|-damage|p2a: Tyranitar|88/100|[from] Stealth Rock
|-weather|Sandstorm|[from] ability: Sand Stream|[of] p2a: Tyranitar
|move|p1a: Rillaboom|Grassy Glide|p2a: Tyranitar
|-supereffective|p2a: Tyranitar
|-damage|p2a: Tyranitar|0 fnt
|faint|p2a: Tyranitar
|
|-weather|Sandstorm|[upkeep]
|-damage|p1a: Rillaboom|53/100 psn|[from] Sandstorm
|-heal|p1a: Rillaboom|59/100 psn|[from] Grassy Terrain
|-damage|p1a: Rillaboom|47/100 psn|[from] psn
|upkeep
|
|t:|1632629137
|switch|p2a: Toxapex|Toxapex, M|71/100
|-damage|p2a: Toxapex|59/100|[from] Stealth Rock
|turn|27
|
|t:|1632629142
|switch|p1a: Heatran|Heatran, M, shiny|100/100
|move|p2a: Toxapex|Recover|p2a: Toxapex
|-heal|p2a: Toxapex|100/100
|
|-weather|Sandstorm|[upkeep]
|-damage|p2a: Toxapex|95/100|[from] Sandstorm
|-heal|p2a: Toxapex|100/100|[from] Grassy Terrain
|upkeep
|turn|28
|
|t:|1632629148
|switch|p2a: Excadrill|Excadrill, M|100/100
|-damage|p2a: Excadrill|97/100|[from] Stealth Rock
|move|p1a: Heatran|Magma Storm|p2a: Excadrill
|-supereffective|p2a: Excadrill
|-damage|p2a: Excadrill|0 fnt
|faint|p2a: Excadrill
|
|-weather|Sandstorm|[upkeep]
|-fieldend|move: Grassy Terrain
|upkeep
|
|t:|1632629152
|switch|p2a: Zapdos|Zapdos|34/100
|-ability|p2a: Zapdos|Pressure
|turn|29
|
|t:|1632629154
|move|p2a: Zapdos|Roost|p2a: Zapdos
|-heal|p2a: Zapdos|84/100
|-singleturn|p2a: Zapdos|move: Roost
|move|p1a: Heatran|Taunt|p2a: Zapdos
|-start|p2a: Zapdos|move: Taunt
|
|-weather|Sandstorm|[upkeep]
|-damage|p2a: Zapdos|78/100|[from] Sandstorm
|upkeep
|turn|30
|
|t:|1632629159
|switch|p1a: Landorus|Landorus-Therian, M|17/100
|-ability|p1a: Landorus|Intimidate|boost
|-unboost|p2a: Zapdos|atk|1
|move|p2a: Zapdos|Discharge|p1a: Landorus
|-immune|p1a: Landorus
|
|-weather|none
|upkeep
|turn|31
|
|t:|1632629165
|switch|p2a: Toxapex|Toxapex, M|100/100
|-damage|p2a: Toxapex|88/100|[from] Stealth Rock
|move|p1a: Landorus|U-turn|p2a: Toxapex
|-resisted|p2a: Toxapex
|-damage|p2a: Toxapex|80/100
|-damage|p1a: Landorus|0 fnt|[from] item: Rocky Helmet|[of] p2a: Toxapex
|faint|p1a: Landorus
|
|upkeep
|
|t:|1632629168
|switch|p1a: Heatran|Heatran, M, shiny|100/100
|turn|32
|
|t:|1632629170
|switch|p2a: Zapdos|Zapdos|78/100
|-ability|p2a: Zapdos|Pressure
|move|p1a: Heatran|Magma Storm|p2a: Zapdos|[miss]
|-miss|p1a: Heatran|p2a: Zapdos
|
|upkeep
|turn|33
|
|t:|1632629176
|move|p2a: Zapdos|Substitute|p2a: Zapdos
|-start|p2a: Zapdos|Substitute
|-damage|p2a: Zapdos|53/100
|move|p1a: Heatran|Taunt|p2a: Zapdos
|-start|p2a: Zapdos|move: Taunt
|
|upkeep
|turn|34
|
|t:|1632629181
|switch|p1a: Melmetal|Melmetal|100/100
|move|p2a: Zapdos|Discharge|p1a: Melmetal
|-damage|p1a: Melmetal|72/100
|
|upkeep
|turn|35
|
|t:|1632629183
|switch|p2a: Toxapex|Toxapex, M|100/100
|-damage|p2a: Toxapex|88/100|[from] Stealth Rock
|move|p1a: Melmetal|Ice Punch|p2a: Toxapex
|-resisted|p2a: Toxapex
|-damage|p2a: Toxapex|78/100
|-damage|p1a: Melmetal|55/100|[from] item: Rocky Helmet|[of] p2a: Toxapex
|
|upkeep
|turn|36
|
|t:|1632629190
|move|p1a: Melmetal|Thunder Punch|p2a: Toxapex
|-supereffective|p2a: Toxapex
|-crit|p2a: Toxapex
|-damage|p2a: Toxapex|15/100
|-damage|p1a: Melmetal|39/100|[from] item: Rocky Helmet|[of] p2a: Toxapex
|move|p2a: Toxapex|Recover|p2a: Toxapex
|-heal|p2a: Toxapex|65/100
|
|upkeep
|turn|37
|
|t:|1632629193
|move|p1a: Melmetal|Thunder Punch|p2a: Toxapex
|-supereffective|p2a: Toxapex
|-damage|p2a: Toxapex|21/100
|-damage|p1a: Melmetal|22/100|[from] item: Rocky Helmet|[of] p2a: Toxapex
|move|p2a: Toxapex|Recover|p2a: Toxapex
|-heal|p2a: Toxapex|71/100
|
|upkeep
|turn|38
|l| tapu moxo
|
|t:|1632629195
|move|p1a: Melmetal|Double Iron Bash|p2a: Toxapex
|-resisted|p2a: Toxapex
|-damage|p2a: Toxapex|58/100
|-damage|p1a: Melmetal|6/100|[from] item: Rocky Helmet|[of] p2a: Toxapex
|-resisted|p2a: Toxapex
|-damage|p2a: Toxapex|45/100
|-damage|p1a: Melmetal|0 fnt|[from] item: Rocky Helmet|[of] p2a: Toxapex
|faint|p1a: Melmetal
|-hitcount|p2a: Toxapex|2
|move|p2a: Toxapex|Recover|p2a: Toxapex
|-heal|p2a: Toxapex|95/100
|
|upkeep
|
|t:|1632629199
|switch|p1a: Heatran|Heatran, M, shiny|100/100
|turn|39
|
|t:|1632629204
|switch|p2a: Zapdos|Zapdos|53/100
|-ability|p2a: Zapdos|Pressure
|move|p1a: Heatran|Earth Power|p2a: Zapdos
|-immune|p2a: Zapdos
|
|upkeep
|turn|40
|
|t:|1632629208
|move|p2a: Zapdos|Substitute|p2a: Zapdos
|-start|p2a: Zapdos|Substitute
|-damage|p2a: Zapdos|28/100
|move|p1a: Heatran|Taunt|p2a: Zapdos
|-start|p2a: Zapdos|move: Taunt
|
|upkeep
|turn|41
|
|t:|1632629211
|move|p2a: Zapdos|Discharge|p1a: Heatran
|-damage|p1a: Heatran|62/100
|move|p1a: Heatran|Solar Beam||[still]
|-prepare|p1a: Heatran|Solar Beam
|-enditem|p1a: Heatran|Power Herb
|-anim|p1a: Heatran|Solar Beam|p2a: Zapdos
|-resisted|p2a: Zapdos
|-end|p2a: Zapdos|Substitute
|
|upkeep
|turn|42
|
|t:|1632629217
|move|p2a: Zapdos|Discharge|p1a: Heatran
|-damage|p1a: Heatran|20/100
|-status|p1a: Heatran|par
|move|p1a: Heatran|Magma Storm|p2a: Zapdos
|-damage|p2a: Zapdos|0 fnt
|faint|p2a: Zapdos
|
|upkeep
|
|t:|1632629221
|switch|p2a: Toxapex|Toxapex, M|100/100
|-damage|p2a: Toxapex|88/100|[from] Stealth Rock
|turn|43
|
|t:|1632629224
|move|p1a: Heatran|Earth Power|p2a: Toxapex
|-supereffective|p2a: Toxapex
|-damage|p2a: Toxapex|34/100
|-unboost|p2a: Toxapex|spd|1
|move|p2a: Toxapex|Scald|p1a: Heatran
|-supereffective|p1a: Heatran
|-damage|p1a: Heatran|0 fnt
|faint|p1a: Heatran
|
|upkeep
|
|t:|1632629226
|switch|p1a: Rillaboom|Rillaboom, F|47/100 psn
|-fieldstart|move: Grassy Terrain|[from] ability: Grassy Surge|[of] p1a: Rillaboom
|turn|44
|-message|ayevon forfeited.
|
|win|noudle soop
|raw|noudle soop's rating: 1769 &rarr; <strong>1798</strong><br />(+29 for winning)
|raw|ayevon's rating: 1927 &rarr; <strong>1898</strong><br />(-29 for losing)
|l|☆ayevon
