|j|☆HQSTest
|j|☆Allelaja
|t:|1667928574
|gametype|singles
|player|p1|HQSTest|veteranf|1701
|player|p2|Allelaja|tuber|1764
|teamsize|p1|6
|teamsize|p2|6
|gen|8
|tier|[Gen 8] OU
|rated|
|rule|Sleep Clause Mod: Limit one foe put to sleep
|rule|Species Clause: Limit one of each Pokémon
|rule|OHKO Clause: OHKO moves are banned
|rule|Evasion Items Clause: Evasion items are banned
|rule|Evasion Moves Clause: Evasion moves are banned
|rule|Endless Battle Clause: Forcing endless battles is banned
|rule|HP Percentage Mod: HP is shown in percentages
|rule|Dynamax Clause: You cannot dynamax
|clearpoke
|poke|p1|Blaziken, M|
|poke|p1|Rillaboom, M|
|poke|p1|Landorus-Therian, M|
|poke|p1|Nihilego|
|poke|p1|Bisharp, F|
|poke|p1|Dragonite, M|
|poke|p2|Magnezone|
|poke|p2|Tapu Lele|
|poke|p2|Kartana|
|poke|p2|Zapdos|
|poke|p2|Landorus-Therian, M|
|poke|p2|Toxapex, F|
|teampreview
|inactive|Battle timer is ON: inactive players will automatically lose when time's up. (requested by Allelaja)
|
|t:|1667928582
|start
|switch|p1a: Bisharp|Bisharp, F|100/100
|switch|p2a: Bello Bello|Kartana|100/100
|turn|1
|
|t:|1667928585
|move|p2a: Bello Bello|Sacred Sword|p1a: Bisharp
|-supereffective|p1a: Bisharp
|-enditem|p1a: Bisharp|Focus Sash
|-damage|p1a: Bisharp|1/100
|move|p1a: Bisharp|Thunder Wave|p2a: Bello Bello
|-status|p2a: Bello Bello|par
|
|upkeep
|turn|2
|
|t:|1667928592
|move|p1a: Bisharp|Stealth Rock|p2a: Bello Bello
|-sidestart|p2: Allelaja|move: Stealth Rock
|move|p2a: Bello Bello|Sacred Sword|p1a: Bisharp
|-supereffective|p1a: Bisharp
|-damage|p1a: Bisharp|0 fnt
|faint|p1a: Bisharp
|-ability|p2a: Bello Bello|Beast Boost|boost
|-boost|p2a: Bello Bello|atk|1
|
|upkeep
|
|t:|1667928607
|switch|p1a: Landorus|Landorus-Therian, M|100/100
|-ability|p1a: Landorus|Intimidate|boost
|-unboost|p2a: Bello Bello|atk|1
|turn|3
|
|t:|1667928611
|move|p1a: Landorus|Bulk Up|p1a: Landorus
|-boost|p1a: Landorus|atk|1
|-boost|p1a: Landorus|def|1
|cant|p2a: Bello Bello|par
|
|upkeep
|turn|4
|
|t:|1667928614
|move|p1a: Landorus|Earthquake|p2a: Bello Bello
|-damage|p2a: Bello Bello|16/100 par
|move|p2a: Bello Bello|Sacred Sword|p1a: Landorus
|-resisted|p1a: Landorus
|-damage|p1a: Landorus|67/100
|
|-heal|p1a: Landorus|73/100|[from] item: Leftovers
|upkeep
|turn|5
|
|t:|1667928619
|move|p1a: Landorus|Earthquake|p2a: Bello Bello
|-damage|p2a: Bello Bello|0 fnt
|faint|p2a: Bello Bello
|
|-heal|p1a: Landorus|79/100|[from] item: Leftovers
|upkeep
|
|t:|1667928621
|switch|p2a: Poopaye|Tapu Lele|100/100
|-damage|p2a: Poopaye|88/100|[from] Stealth Rock
|-fieldstart|move: Psychic Terrain|[from] ability: Psychic Surge|[of] p2a: Poopaye
|turn|6
|
|t:|1667928635
|switch|p1a: Rillaboom|Rillaboom, M|100/100
|-fieldstart|move: Grassy Terrain|[from] ability: Grassy Surge|[of] p1a: Rillaboom
|move|p2a: Poopaye|Psychic|p1a: Rillaboom
|-damage|p1a: Rillaboom|30/100
|
|-heal|p2a: Poopaye|94/100|[from] Grassy Terrain
|-heal|p1a: Rillaboom|36/100|[from] Grassy Terrain
|upkeep
|turn|7
|
|t:|1667928642
|switch|p2a: Me want banana|Zapdos|100/100
|move|p1a: Rillaboom|Grassy Glide|p2a: Me want banana
|-resisted|p2a: Me want banana
|-damage|p2a: Me want banana|75/100
|-damage|p1a: Rillaboom|26/100|[from] item: Life Orb
|
|-heal|p1a: Rillaboom|32/100|[from] Grassy Terrain
|upkeep
|turn|8
|
|t:|1667928651
|switch|p1a: Nihilego|Nihilego|100/100
|move|p2a: Me want banana|Toxic|p1a: Nihilego|[miss]
|-miss|p2a: Me want banana|p1a: Nihilego
|
|upkeep
|turn|9
|
|t:|1667928659
|switch|p2a: Tatata bala tu|Toxapex, F|100/100
|-damage|p2a: Tatata bala tu|88/100|[from] Stealth Rock
|move|p1a: Nihilego|Meteor Beam||[still]
|-prepare|p1a: Nihilego|Meteor Beam
|-boost|p1a: Nihilego|spa|1
|-enditem|p1a: Nihilego|Power Herb
|-anim|p1a: Nihilego|Meteor Beam|p2a: Tatata bala tu
|-damage|p2a: Tatata bala tu|12/100
|-enditem|p2a: Tatata bala tu|Eject Button
|
|t:|1667928664
|switch|p2a: Kampai|Landorus-Therian, M|100/100
|-damage|p2a: Kampai|88/100|[from] Stealth Rock
|-ability|p2a: Kampai|Intimidate|boost
|-unboost|p1a: Nihilego|atk|1
|
|-heal|p2a: Kampai|94/100|[from] item: Leftovers
|upkeep
|turn|10
|
|t:|1667928680
|move|p1a: Nihilego|Power Gem|p2a: Kampai
|-damage|p2a: Kampai|48/100
|move|p2a: Kampai|Earthquake|p1a: Nihilego
|-supereffective|p1a: Nihilego
|-damage|p1a: Nihilego|0 fnt
|faint|p1a: Nihilego
|
|-heal|p2a: Kampai|54/100|[from] item: Leftovers
|-fieldend|move: Grassy Terrain
|upkeep
|
|t:|1667928686
|switch|p1a: Landorus|Landorus-Therian, M|79/100
|-ability|p1a: Landorus|Intimidate|boost
|-unboost|p2a: Kampai|atk|1
|turn|11
|
|t:|1667928691
|switch|p2a: Poopaye|Tapu Lele|94/100
|-damage|p2a: Poopaye|82/100|[from] Stealth Rock
|-fieldstart|move: Psychic Terrain|[from] ability: Psychic Surge|[of] p2a: Poopaye
|move|p1a: Landorus|Substitute|p1a: Landorus
|-start|p1a: Landorus|Substitute
|-damage|p1a: Landorus|54/100
|
|-heal|p1a: Landorus|60/100|[from] item: Leftovers
|upkeep
|turn|12
|
|t:|1667928696
|move|p2a: Poopaye|Moonblast|p1a: Landorus
|-end|p1a: Landorus|Substitute
|move|p1a: Landorus|Earthquake|p2a: Poopaye
|-damage|p2a: Poopaye|0 fnt
|faint|p2a: Poopaye
|
|-heal|p1a: Landorus|67/100|[from] item: Leftovers
|upkeep
|c|☆Allelaja|it's not even a roll lol
|inactive|Allelaja has 120 seconds left.
|c|☆Allelaja|didn't think lele was that weak
|c|☆Allelaja|i mean it's aroll but hugely in your favour
|-message|Allelaja forfeited.
|
|win|HQSTest
|raw|HQSTest's rating: 1701 &rarr; <strong>1725</strong><br />(+24 for winning)
|raw|Allelaja's rating: 1764 &rarr; <strong>1740</strong><br />(-24 for losing)
|l|☆Allelaja
