|j|☆framc
|j|☆ElStefano
|t:|1654026684
|gametype|singles
|player|p1|framc|crasherwake|1601
|player|p2|ElStefano|169|1622
|teamsize|p1|6
|teamsize|p2|6
|gen|8
|tier|[Gen 8] OU
|rated|
|rule|Sleep Clause Mod: Limit one foe put to sleep
|rule|Species Clause: Limit one of each Pokémon
|rule|OHKO Clause: OHKO moves are banned
|rule|Evasion Moves Clause: Evasion moves are banned
|rule|Endless Battle Clause: Forcing endless battles is banned
|rule|HP Percentage Mod: HP is shown in percentages
|rule|Dynamax Clause: You cannot dynamax
|clearpoke
|poke|p1|Kommo-o, F|
|poke|p1|Tapu Koko|
|poke|p1|Heatran, M|
|poke|p1|Corviknight, M|
|poke|p1|Obstagoon, M|
|poke|p1|Landorus-Therian, M|
|poke|p2|Reuniclus, M|
|poke|p2|Toxapex, F|
|poke|p2|Landorus-Therian, M|
|poke|p2|Hydreigon, M|
|poke|p2|Clefable, F|
|poke|p2|Ferrothorn, F|
|teampreview
|inactive|Battle timer is ON: inactive players will automatically lose when time's up. (requested by framc)
|inactive|ElStefano has 120 seconds left.
|
|t:|1654026725
|start
|switch|p1a: Tapu Koko|Tapu Koko|100/100
|switch|p2a: Hydreigon|Hydreigon, M|100/100
|-fieldstart|move: Electric Terrain|[from] ability: Electric Surge|[of] p1a: Tapu Koko
|turn|1
|
|t:|1654026741
|switch|p2a: Landorus|Landorus-Therian, M|100/100
|-ability|p2a: Landorus|Intimidate|boost
|-unboost|p1a: Tapu Koko|atk|1
|move|p1a: Tapu Koko|Dazzling Gleam|p2a: Landorus
|-damage|p2a: Landorus|76/100
|
|-heal|p2a: Landorus|82/100|[from] item: Leftovers
|upkeep
|turn|2
|
|t:|1654026747
|switch|p1a: Corviknight|Corviknight, M|100/100
|-ability|p1a: Corviknight|Pressure
|move|p2a: Landorus|Stealth Rock|p1a: Corviknight
|-sidestart|p1: framc|move: Stealth Rock
|
|-heal|p2a: Landorus|88/100|[from] item: Leftovers
|upkeep
|turn|3
|
|t:|1654026750
|switch|p2a: Toxapex|Toxapex, F|100/100
|move|p1a: Corviknight|Defog|p2a: Toxapex
|-unboost|p2a: Toxapex|evasion|1
|-sideend|p1: framc|Stealth Rock|[from] move: Defog|[of] p1a: Corviknight
|-fieldend|move: Electric Terrain
|
|upkeep
|turn|4
|
|t:|1654026756
|move|p1a: Corviknight|U-turn|p2a: Toxapex
|-resisted|p2a: Toxapex
|-damage|p2a: Toxapex|96/100
|-damage|p1a: Corviknight|84/100|[from] item: Rocky Helmet|[of] p2a: Toxapex
|
|t:|1654026769
|switch|p1a: Tapu Koko|Tapu Koko|100/100|[from]move: U-turn
|-fieldstart|move: Electric Terrain|[from] ability: Electric Surge|[of] p1a: Tapu Koko
|move|p2a: Toxapex|Knock Off|p1a: Tapu Koko
|-resisted|p1a: Tapu Koko
|-damage|p1a: Tapu Koko|91/100
|-enditem|p1a: Tapu Koko|Heavy-Duty Boots|[from] move: Knock Off|[of] p2a: Toxapex
|
|upkeep
|turn|5
|
|t:|1654026776
|switch|p2a: Ferrothorn|Ferrothorn, F|100/100
|move|p1a: Tapu Koko|Nature's Madness|p2a: Ferrothorn
|-damage|p2a: Ferrothorn|50/100
|
|-heal|p2a: Ferrothorn|57/100|[from] item: Leftovers
|upkeep
|turn|6
|
|t:|1654026784
|move|p1a: Tapu Koko|Volt Switch|p2a: Ferrothorn
|-resisted|p2a: Ferrothorn
|-damage|p2a: Ferrothorn|42/100
|
|t:|1654026787
|switch|p1a: Heatran|Heatran, M|100/100|[from]move: Volt Switch
|move|p2a: Ferrothorn|Leech Seed|p1a: Heatran
|-start|p1a: Heatran|move: Leech Seed
|
|-heal|p2a: Ferrothorn|48/100|[from] item: Leftovers
|-damage|p1a: Heatran|88/100|[from] Leech Seed|[of] p2a: Ferrothorn
|-heal|p2a: Ferrothorn|62/100|[silent]
|upkeep
|turn|7
|
|t:|1654026798
|switch|p2a: Landorus|Landorus-Therian, M|88/100
|-ability|p2a: Landorus|Intimidate|boost
|-unboost|p1a: Heatran|atk|1
|move|p1a: Heatran|Stealth Rock|p2a: Landorus
|-sidestart|p2: ElStefano|move: Stealth Rock
|
|-heal|p1a: Heatran|94/100|[from] item: Leftovers
|-heal|p2a: Landorus|94/100|[from] item: Leftovers
|-damage|p1a: Heatran|82/100|[from] Leech Seed|[of] p2a: Landorus
|-heal|p2a: Landorus|100/100|[silent]
|upkeep
|turn|8
|
|t:|1654026807
|switch|p1a: Corviknight|Corviknight, M|84/100
|-ability|p1a: Corviknight|Pressure
|move|p2a: Landorus|Stealth Rock|p1a: Corviknight
|-sidestart|p1: framc|move: Stealth Rock
|
|-fieldend|move: Electric Terrain
|upkeep
|turn|9
|
|t:|1654026813
|switch|p2a: Ferrothorn|Ferrothorn, F|62/100
|-damage|p2a: Ferrothorn|55/100|[from] Stealth Rock
|move|p1a: Corviknight|Defog|p2a: Ferrothorn
|-unboost|p2a: Ferrothorn|evasion|1
|-sideend|p2: ElStefano|Stealth Rock|[from] move: Defog|[of] p1a: Corviknight
|-sideend|p1: framc|Stealth Rock|[from] move: Defog|[of] p1a: Corviknight
|
|-heal|p2a: Ferrothorn|62/100|[from] item: Leftovers
|upkeep
|turn|10
|
|t:|1654026821
|move|p1a: Corviknight|Brave Bird|p2a: Ferrothorn
|-damage|p2a: Ferrothorn|39/100
|-damage|p1a: Corviknight|72/100|[from] ability: Iron Barbs|[of] p2a: Ferrothorn
|-damage|p1a: Corviknight|65/100|[from] Recoil
|move|p2a: Ferrothorn|Leech Seed|p1a: Corviknight
|-start|p1a: Corviknight|move: Leech Seed
|
|-heal|p2a: Ferrothorn|45/100|[from] item: Leftovers
|-damage|p1a: Corviknight|53/100|[from] Leech Seed|[of] p2a: Ferrothorn
|-heal|p2a: Ferrothorn|59/100|[silent]
|upkeep
|turn|11
|
|t:|1654026825
|move|p1a: Corviknight|Roost|p1a: Corviknight
|-heal|p1a: Corviknight|100/100
|-singleturn|p1a: Corviknight|move: Roost
|move|p2a: Ferrothorn|Spikes|p1a: Corviknight
|-sidestart|p1: framc|Spikes
|
|-heal|p2a: Ferrothorn|66/100|[from] item: Leftovers
|-damage|p1a: Corviknight|88/100|[from] Leech Seed|[of] p2a: Ferrothorn
|-heal|p2a: Ferrothorn|79/100|[silent]
|upkeep
|turn|12
|
|t:|1654026833
|switch|p1a: Heatran|Heatran, M|82/100
|-damage|p1a: Heatran|69/100|[from] Spikes
|move|p2a: Ferrothorn|Spikes|p1a: Heatran
|-sidestart|p1: framc|Spikes
|
|-heal|p1a: Heatran|76/100|[from] item: Leftovers
|-heal|p2a: Ferrothorn|86/100|[from] item: Leftovers
|upkeep
|turn|13
|
|t:|1654026839
|switch|p2a: Landorus|Landorus-Therian, M|100/100
|-ability|p2a: Landorus|Intimidate|boost
|-unboost|p1a: Heatran|atk|1
|move|p1a: Heatran|Magma Storm|p2a: Landorus|[miss]
|-miss|p1a: Heatran|p2a: Landorus
|
|-heal|p1a: Heatran|82/100|[from] item: Leftovers
|upkeep
|turn|14
|
|t:|1654026843
|switch|p1a: Corviknight|Corviknight, M|88/100
|-ability|p1a: Corviknight|Pressure
|move|p2a: Landorus|U-turn|p1a: Corviknight
|-resisted|p1a: Corviknight
|-damage|p1a: Corviknight|85/100
|-damage|p2a: Landorus|84/100|[from] item: Rocky Helmet|[of] p1a: Corviknight
|
|t:|1654026851
|switch|p2a: Hydreigon|Hydreigon, M|100/100|[from]move: U-turn
|
|upkeep
|turn|15
|
|t:|1654026860
|move|p2a: Hydreigon|Dark Pulse|p1a: Corviknight
|-damage|p1a: Corviknight|39/100
|move|p1a: Corviknight|U-turn|p2a: Hydreigon
|-supereffective|p2a: Hydreigon
|-damage|p2a: Hydreigon|70/100
|
|t:|1654026869
|switch|p1a: Landorus|Landorus-Therian, M|100/100|[from]move: U-turn
|-ability|p1a: Landorus|Intimidate|boost
|-unboost|p2a: Hydreigon|atk|1
|
|upkeep
|turn|16
|
|t:|1654026874
|switch|p2a: Toxapex|Toxapex, F|100/100
|move|p1a: Landorus|U-turn|p2a: Toxapex
|-resisted|p2a: Toxapex
|-crit|p2a: Toxapex
|-damage|p2a: Toxapex|89/100
|-damage|p1a: Landorus|84/100|[from] item: Rocky Helmet|[of] p2a: Toxapex
|
|t:|1654026881
|switch|p1a: Obstagoon|Obstagoon, M|100/100|[from]move: U-turn
|-damage|p1a: Obstagoon|84/100|[from] Spikes
|
|-status|p1a: Obstagoon|brn|[from] item: Flame Orb
|upkeep
|turn|17
|
|t:|1654026889
|move|p1a: Obstagoon|Knock Off|p2a: Toxapex
|-damage|p2a: Toxapex|55/100
|-damage|p1a: Obstagoon|67/100 brn|[from] item: Rocky Helmet|[of] p2a: Toxapex
|-enditem|p2a: Toxapex|Rocky Helmet|[from] move: Knock Off|[of] p1a: Obstagoon
|move|p2a: Toxapex|Recover|p2a: Toxapex
|-heal|p2a: Toxapex|100/100
|
|-damage|p1a: Obstagoon|61/100 brn|[from] brn
|upkeep
|turn|18
|
|t:|1654026895
|move|p1a: Obstagoon|Parting Shot|p2a: Toxapex
|-unboost|p2a: Toxapex|atk|1
|-unboost|p2a: Toxapex|spa|1
|
|t:|1654026897
|switch|p1a: Corviknight|Corviknight, M|39/100|[from]move: Parting Shot
|-ability|p1a: Corviknight|Pressure
|move|p2a: Toxapex|Recover||[still]
|-fail|p2a: Toxapex|heal
|
|upkeep
|turn|19
|
|t:|1654026902
|move|p1a: Corviknight|Defog|p2a: Toxapex
|-unboost|p2a: Toxapex|evasion|1
|-sideend|p1: framc|Spikes|[from] move: Defog|[of] p1a: Corviknight
|move|p2a: Toxapex|Scald|p1a: Corviknight
|-damage|p1a: Corviknight|29/100
|-status|p1a: Corviknight|brn
|
|-damage|p1a: Corviknight|23/100 brn|[from] brn
|upkeep
|turn|20
|
|t:|1654026905
|move|p1a: Corviknight|Roost|p1a: Corviknight
|-heal|p1a: Corviknight|73/100 brn
|-singleturn|p1a: Corviknight|move: Roost
|move|p2a: Toxapex|Knock Off|p1a: Corviknight
|-damage|p1a: Corviknight|66/100 brn
|-damage|p2a: Toxapex|84/100|[from] item: Rocky Helmet|[of] p1a: Corviknight
|-enditem|p1a: Corviknight|Rocky Helmet|[from] move: Knock Off|[of] p2a: Toxapex
|
|-damage|p1a: Corviknight|60/100 brn|[from] brn
|upkeep
|turn|21
|
|t:|1654026909
|move|p1a: Corviknight|Roost|p1a: Corviknight
|-heal|p1a: Corviknight|100/100 brn
|-singleturn|p1a: Corviknight|move: Roost
|move|p2a: Toxapex|Toxic Spikes|p1a: Corviknight
|-sidestart|p1: framc|move: Toxic Spikes
|
|-damage|p1a: Corviknight|94/100 brn|[from] brn
|upkeep
|turn|22
|
|t:|1654026917
|move|p1a: Corviknight|Brave Bird|p2a: Toxapex
|-damage|p2a: Toxapex|72/100
|-damage|p1a: Corviknight|91/100 brn|[from] Recoil
|move|p2a: Toxapex|Toxic Spikes|p1a: Corviknight
|-sidestart|p1: framc|move: Toxic Spikes
|
|-damage|p1a: Corviknight|85/100 brn|[from] brn
|upkeep
|turn|23
|
|t:|1654026921
|switch|p2a: Ferrothorn|Ferrothorn, F|86/100
|move|p1a: Corviknight|Defog|p2a: Ferrothorn
|-unboost|p2a: Ferrothorn|evasion|1
|-sideend|p1: framc|Toxic Spikes|[from] move: Defog|[of] p1a: Corviknight
|
|-heal|p2a: Ferrothorn|92/100|[from] item: Leftovers
|-damage|p1a: Corviknight|79/100 brn|[from] brn
|upkeep
|turn|24
|
|t:|1654026927
|switch|p1a: Kommo-o|Kommo-o, F|100/100
|move|p2a: Ferrothorn|Leech Seed|p1a: Kommo-o
|-start|p1a: Kommo-o|move: Leech Seed
|
|-heal|p2a: Ferrothorn|98/100|[from] item: Leftovers
|-damage|p1a: Kommo-o|88/100|[from] Leech Seed|[of] p2a: Ferrothorn
|-heal|p2a: Ferrothorn|100/100|[silent]
|upkeep
|turn|25
|
|t:|1654026940
|switch|p2a: Toxapex|Toxapex, F|100/100
|move|p1a: Kommo-o|Flamethrower|p2a: Toxapex
|-resisted|p2a: Toxapex
|-damage|p2a: Toxapex|84/100
|-status|p2a: Toxapex|brn
|
|-damage|p1a: Kommo-o|76/100|[from] Leech Seed|[of] p2a: Toxapex
|-heal|p2a: Toxapex|96/100 brn|[silent]
|-damage|p2a: Toxapex|89/100 brn|[from] brn
|upkeep
|turn|26
|
|t:|1654026946
|switch|p1a: Corviknight|Corviknight, M|79/100 brn
|-ability|p1a: Corviknight|Pressure
|move|p2a: Toxapex|Knock Off|p1a: Corviknight
|-damage|p1a: Corviknight|76/100 brn
|
|-damage|p1a: Corviknight|70/100 brn|[from] brn
|-damage|p2a: Toxapex|83/100 brn|[from] brn
|upkeep
|turn|27
|
|t:|1654026954
|switch|p2a: Ferrothorn|Ferrothorn, F|100/100
|move|p1a: Corviknight|Brave Bird|p2a: Ferrothorn
|-damage|p2a: Ferrothorn|88/100
|-damage|p1a: Corviknight|58/100 brn|[from] ability: Iron Barbs|[of] p2a: Ferrothorn
|-damage|p1a: Corviknight|54/100 brn|[from] Recoil
|
|-heal|p2a: Ferrothorn|94/100|[from] item: Leftovers
|-damage|p1a: Corviknight|48/100 brn|[from] brn
|upkeep
|turn|28
|
|t:|1654026960
|switch|p1a: Kommo-o|Kommo-o, F|76/100
|move|p2a: Ferrothorn|Spikes|p1a: Kommo-o
|-sidestart|p1: framc|Spikes
|
|-heal|p2a: Ferrothorn|100/100|[from] item: Leftovers
|upkeep
|turn|29
|
|t:|1654026965
|switch|p2a: Toxapex|Toxapex, F|100/100 brn
|move|p1a: Kommo-o|Boomburst|p2a: Toxapex
|-damage|p2a: Toxapex|43/100 brn
|
|-damage|p2a: Toxapex|36/100 brn|[from] brn
|upkeep
|turn|30
|
|t:|1654026978
|switch|p2a: Reuniclus|Reuniclus, M, shiny|100/100
|move|p1a: Kommo-o|Boomburst|p2a: Reuniclus
|-damage|p2a: Reuniclus|58/100
|
|-heal|p2a: Reuniclus|64/100|[from] item: Leftovers
|upkeep
|turn|31
|
|t:|1654026988
|switch|p1a: Obstagoon|Obstagoon, M|61/100 brn
|-damage|p1a: Obstagoon|49/100 brn|[from] Spikes
|move|p2a: Reuniclus|Recover|p2a: Reuniclus
|-heal|p2a: Reuniclus|100/100
|
|-damage|p1a: Obstagoon|43/100 brn|[from] brn
|upkeep
|turn|32
|
|t:|1654026995
|switch|p2a: Toxapex|Toxapex, F|70/100 brn
|move|p1a: Obstagoon|Facade|p2a: Toxapex
|-damage|p2a: Toxapex|20/100 brn
|
|-damage|p1a: Obstagoon|37/100 brn|[from] brn
|-damage|p2a: Toxapex|14/100 brn|[from] brn
|upkeep
|turn|33
|
|t:|1654027006
|switch|p2a: Ferrothorn|Ferrothorn, F|100/100
|move|p1a: Obstagoon|Knock Off|p2a: Ferrothorn
|-damage|p2a: Ferrothorn|64/100
|-damage|p1a: Obstagoon|25/100 brn|[from] ability: Iron Barbs|[of] p2a: Ferrothorn
|-enditem|p2a: Ferrothorn|Leftovers|[from] move: Knock Off|[of] p1a: Obstagoon
|
|-damage|p1a: Obstagoon|19/100 brn|[from] brn
|upkeep
|turn|34
|
|t:|1654027018
|move|p1a: Obstagoon|Parting Shot|p2a: Ferrothorn
|-unboost|p2a: Ferrothorn|atk|1
|-unboost|p2a: Ferrothorn|spa|1
|
|t:|1654027022
|switch|p1a: Corviknight|Corviknight, M|48/100 brn|[from]move: Parting Shot
|-ability|p1a: Corviknight|Pressure
|move|p2a: Ferrothorn|Leech Seed|p1a: Corviknight
|-start|p1a: Corviknight|move: Leech Seed
|
|-damage|p1a: Corviknight|36/100 brn|[from] Leech Seed|[of] p2a: Ferrothorn
|-heal|p2a: Ferrothorn|77/100|[silent]
|-damage|p1a: Corviknight|30/100 brn|[from] brn
|upkeep
|turn|35
|
|t:|1654027026
|move|p1a: Corviknight|Roost|p1a: Corviknight
|-heal|p1a: Corviknight|80/100 brn
|-singleturn|p1a: Corviknight|move: Roost
|move|p2a: Ferrothorn|Spikes|p1a: Corviknight
|-sidestart|p1: framc|Spikes
|
|-damage|p1a: Corviknight|68/100 brn|[from] Leech Seed|[of] p2a: Ferrothorn
|-heal|p2a: Ferrothorn|91/100|[silent]
|-damage|p1a: Corviknight|62/100 brn|[from] brn
|upkeep
|turn|36
|
|t:|1654027034
|switch|p2a: Hydreigon|Hydreigon, M|70/100
|move|p1a: Corviknight|Roost|p1a: Corviknight
|-heal|p1a: Corviknight|100/100 brn
|-singleturn|p1a: Corviknight|move: Roost
|
|-damage|p1a: Corviknight|88/100 brn|[from] Leech Seed|[of] p2a: Hydreigon
|-heal|p2a: Hydreigon|85/100|[silent]
|-damage|p1a: Corviknight|82/100 brn|[from] brn
|upkeep
|turn|37
|
|t:|1654027042
|switch|p1a: Landorus|Landorus-Therian, M|84/100
|-ability|p1a: Landorus|Intimidate|boost
|-unboost|p2a: Hydreigon|atk|1
|move|p2a: Hydreigon|Dark Pulse|p1a: Landorus
|-damage|p1a: Landorus|29/100
|
|upkeep
|turn|38
|
|t:|1654027047
|move|p1a: Landorus|U-turn|p2a: Hydreigon
|-supereffective|p2a: Hydreigon
|-damage|p2a: Hydreigon|24/100
|
|t:|1654027052
|switch|p1a: Tapu Koko|Tapu Koko|91/100|[from]move: U-turn
|-damage|p1a: Tapu Koko|74/100|[from] Spikes
|-fieldstart|move: Electric Terrain|[from] ability: Electric Surge|[of] p1a: Tapu Koko
|move|p2a: Hydreigon|Dark Pulse|p1a: Tapu Koko
|-resisted|p1a: Tapu Koko
|-crit|p1a: Tapu Koko
|-damage|p1a: Tapu Koko|26/100
|
|upkeep
|turn|39
|
|t:|1654027058
|move|p2a: Hydreigon|Dark Pulse|p1a: Tapu Koko
|-resisted|p1a: Tapu Koko
|-damage|p1a: Tapu Koko|0 fnt
|faint|p1a: Tapu Koko
|
|upkeep
|
|t:|1654027068
|switch|p1a: Landorus|Landorus-Therian, M|29/100
|-ability|p1a: Landorus|Intimidate|boost
|-unboost|p2a: Hydreigon|atk|1
|turn|40
|
|t:|1654027071
|switch|p2a: Landorus|Landorus-Therian, M|84/100
|-ability|p2a: Landorus|Intimidate|boost
|-unboost|p1a: Landorus|atk|1
|move|p1a: Landorus|U-turn|p2a: Landorus
|-resisted|p2a: Landorus
|-damage|p2a: Landorus|75/100
|
|t:|1654027074
|switch|p1a: Corviknight|Corviknight, M|82/100 brn|[from]move: U-turn
|-ability|p1a: Corviknight|Pressure
|
|-heal|p2a: Landorus|81/100|[from] item: Leftovers
|-damage|p1a: Corviknight|76/100 brn|[from] brn
|upkeep
|turn|41
|
|t:|1654027080
|move|p2a: Landorus|U-turn|p1a: Corviknight
|-resisted|p1a: Corviknight
|-damage|p1a: Corviknight|73/100 brn
|
|t:|1654027084
|switch|p2a: Ferrothorn|Ferrothorn, F|91/100|[from]move: U-turn
|move|p1a: Corviknight|Defog|p2a: Ferrothorn
|-unboost|p2a: Ferrothorn|evasion|1
|-sideend|p1: framc|Spikes|[from] move: Defog|[of] p1a: Corviknight
|-fieldend|move: Electric Terrain
|
|-damage|p1a: Corviknight|67/100 brn|[from] brn
|upkeep
|turn|42
|
|t:|1654027092
|switch|p1a: Heatran|Heatran, M|82/100
|move|p2a: Ferrothorn|Leech Seed|p1a: Heatran
|-start|p1a: Heatran|move: Leech Seed
|
|-heal|p1a: Heatran|88/100|[from] item: Leftovers
|-damage|p1a: Heatran|76/100|[from] Leech Seed|[of] p2a: Ferrothorn
|-heal|p2a: Ferrothorn|100/100|[silent]
|upkeep
|turn|43
|
|t:|1654027098
|switch|p2a: Landorus|Landorus-Therian, M|81/100
|-ability|p2a: Landorus|Intimidate|boost
|-unboost|p1a: Heatran|atk|1
|move|p1a: Heatran|Earth Power|p2a: Landorus
|-immune|p2a: Landorus
|
|-heal|p1a: Heatran|82/100|[from] item: Leftovers
|-heal|p2a: Landorus|87/100|[from] item: Leftovers
|-damage|p1a: Heatran|69/100|[from] Leech Seed|[of] p2a: Landorus
|-heal|p2a: Landorus|99/100|[silent]
|upkeep
|turn|44
|
|t:|1654027105
|switch|p1a: Corviknight|Corviknight, M|67/100 brn
|-ability|p1a: Corviknight|Pressure
|move|p2a: Landorus|U-turn|p1a: Corviknight
|-resisted|p1a: Corviknight
|-damage|p1a: Corviknight|64/100 brn
|
|t:|1654027108
|switch|p2a: Hydreigon|Hydreigon, M|24/100|[from]move: U-turn
|
|-damage|p1a: Corviknight|58/100 brn|[from] brn
|upkeep
|turn|45
|
|t:|1654027111
|move|p2a: Hydreigon|Dark Pulse|p1a: Corviknight
|-damage|p1a: Corviknight|14/100 brn
|cant|p1a: Corviknight|flinch
|
|-damage|p1a: Corviknight|8/100 brn|[from] brn
|upkeep
|turn|46
|c|☆ElStefano|Sry
|
|t:|1654027124
|switch|p1a: Kommo-o|Kommo-o, F|76/100
|move|p2a: Hydreigon|Dark Pulse|p1a: Kommo-o
|-resisted|p1a: Kommo-o
|-crit|p1a: Kommo-o
|-damage|p1a: Kommo-o|40/100
|
|upkeep
|turn|47
|
|t:|1654027132
|switch|p2a: Reuniclus|Reuniclus, M, shiny|100/100
|move|p1a: Kommo-o|Boomburst|p2a: Reuniclus
|-crit|p2a: Reuniclus
|-damage|p2a: Reuniclus|26/100
|
|-heal|p2a: Reuniclus|32/100|[from] item: Leftovers
|upkeep
|turn|48
|
|t:|1654027150
|move|p1a: Kommo-o|Boomburst|p2a: Reuniclus
|-damage|p2a: Reuniclus|0 fnt
|faint|p2a: Reuniclus
|
|upkeep
|
|t:|1654027153
|switch|p2a: Clefable|Clefable, F|100/100
|turn|49
|
|t:|1654027160
|switch|p1a: Heatran|Heatran, M|69/100
|move|p2a: Clefable|Calm Mind|p2a: Clefable
|-boost|p2a: Clefable|spa|1
|-boost|p2a: Clefable|spd|1
|
|-heal|p1a: Heatran|76/100|[from] item: Leftovers
|upkeep
|turn|50
|
|t:|1654027164
|move|p1a: Heatran|Taunt|p2a: Clefable
|-start|p2a: Clefable|move: Taunt
|cant|p2a: Clefable|move: Taunt|Calm Mind
|
|-heal|p1a: Heatran|82/100|[from] item: Leftovers
|upkeep
|turn|51
|
|t:|1654027169
|switch|p2a: Landorus|Landorus-Therian, M|99/100
|-ability|p2a: Landorus|Intimidate|boost
|-unboost|p1a: Heatran|atk|1
|move|p1a: Heatran|Magma Storm|p2a: Landorus
|-damage|p2a: Landorus|69/100
|-activate|p2a: Landorus|move: Magma Storm|[of] p1a: Heatran
|
|-heal|p1a: Heatran|88/100|[from] item: Leftovers
|-heal|p2a: Landorus|75/100|[from] item: Leftovers
|-damage|p2a: Landorus|63/100|[from] move: Magma Storm|[partiallytrapped]
|upkeep
|turn|52
|
|t:|1654027182
|move|p1a: Heatran|Stealth Rock|p2a: Landorus
|-sidestart|p2: ElStefano|move: Stealth Rock
|move|p2a: Landorus|Earthquake|p1a: Heatran
|-supereffective|p1a: Heatran
|-damage|p1a: Heatran|0 fnt
|faint|p1a: Heatran
|
|-heal|p2a: Landorus|69/100|[from] item: Leftovers
|-end|p2a: Landorus|Magma Storm|[partiallytrapped]|[silent]
|upkeep
|
|t:|1654027187
|switch|p1a: Corviknight|Corviknight, M|8/100 brn
|-ability|p1a: Corviknight|Pressure
|turn|53
|
|t:|1654027196
|move|p2a: Landorus|Stealth Rock|p1a: Corviknight
|-sidestart|p1: framc|move: Stealth Rock
|move|p1a: Corviknight|Roost|p1a: Corviknight
|-heal|p1a: Corviknight|58/100 brn
|-singleturn|p1a: Corviknight|move: Roost
|
|-heal|p2a: Landorus|75/100|[from] item: Leftovers
|-damage|p1a: Corviknight|52/100 brn|[from] brn
|upkeep
|turn|54
|
|t:|1654027201
|switch|p2a: Toxapex|Toxapex, F|47/100 brn
|-damage|p2a: Toxapex|34/100 brn|[from] Stealth Rock
|move|p1a: Corviknight|Roost|p1a: Corviknight
|-heal|p1a: Corviknight|100/100 brn
|-singleturn|p1a: Corviknight|move: Roost
|
|-damage|p1a: Corviknight|94/100 brn|[from] brn
|-damage|p2a: Toxapex|28/100 brn|[from] brn
|upkeep
|turn|55
|
|t:|1654027212
|move|p1a: Corviknight|Defog|p2a: Toxapex
|-unboost|p2a: Toxapex|evasion|1
|-sideend|p2: ElStefano|Stealth Rock|[from] move: Defog|[of] p1a: Corviknight
|-sideend|p1: framc|Stealth Rock|[from] move: Defog|[of] p1a: Corviknight
|move|p2a: Toxapex|Recover|p2a: Toxapex
|-heal|p2a: Toxapex|78/100 brn
|
|-damage|p1a: Corviknight|88/100 brn|[from] brn
|-damage|p2a: Toxapex|72/100 brn|[from] brn
|upkeep
|turn|56
|
|t:|1654027222
|switch|p1a: Landorus|Landorus-Therian, M|29/100
|-ability|p1a: Landorus|Intimidate|boost
|-unboost|p2a: Toxapex|atk|1
|move|p2a: Toxapex|Toxic Spikes|p1a: Landorus
|-sidestart|p1: framc|move: Toxic Spikes
|
|-damage|p2a: Toxapex|66/100 brn|[from] brn
|upkeep
|turn|57
|
|t:|1654027226
|switch|p2a: Landorus|Landorus-Therian, M|75/100
|-ability|p2a: Landorus|Intimidate|boost
|-unboost|p1a: Landorus|atk|1
|move|p1a: Landorus|Explosion|p2a: Landorus
|-damage|p2a: Landorus|14/100
|faint|p1a: Landorus
|
|-heal|p2a: Landorus|20/100|[from] item: Leftovers
|upkeep
|
|t:|1654027231
|switch|p1a: Obstagoon|Obstagoon, M|19/100 brn
|turn|58
|
|t:|1654027244
|move|p1a: Obstagoon|Close Combat|p2a: Landorus
|-resisted|p2a: Landorus
|-damage|p2a: Landorus|0 fnt
|-unboost|p1a: Obstagoon|def|1
|-unboost|p1a: Obstagoon|spd|1
|faint|p2a: Landorus
|
|-damage|p1a: Obstagoon|12/100 brn|[from] brn
|upkeep
|
|t:|1654027249
|switch|p2a: Hydreigon|Hydreigon, M|24/100
|turn|59
|
|t:|1654027256
|switch|p1a: Corviknight|Corviknight, M|88/100 brn
|-ability|p1a: Corviknight|Pressure
|move|p2a: Hydreigon|U-turn|p1a: Corviknight
|-resisted|p1a: Corviknight
|-damage|p1a: Corviknight|86/100 brn
|
|t:|1654027265
|switch|p2a: Clefable|Clefable, F|100/100|[from]move: U-turn
|
|-damage|p1a: Corviknight|80/100 brn|[from] brn
|upkeep
|turn|60
|
|t:|1654027270
|move|p1a: Corviknight|U-turn|p2a: Clefable
|-resisted|p2a: Clefable
|-damage|p2a: Clefable|98/100
|
|t:|1654027272
|switch|p1a: Obstagoon|Obstagoon, M|12/100 brn|[from]move: U-turn
|move|p2a: Clefable|Calm Mind|p2a: Clefable
|-boost|p2a: Clefable|spa|1
|-boost|p2a: Clefable|spd|1
|
|-damage|p1a: Obstagoon|6/100 brn|[from] brn
|upkeep
|turn|61
|
|t:|1654027280
|switch|p2a: Toxapex|Toxapex, F|99/100 brn
|move|p1a: Obstagoon|Facade|p2a: Toxapex
|-crit|p2a: Toxapex
|-damage|p2a: Toxapex|22/100 brn
|
|-damage|p1a: Obstagoon|0 fnt|[from] brn
|faint|p1a: Obstagoon
|-damage|p2a: Toxapex|15/100 brn|[from] brn
|upkeep
|
|t:|1654027287
|switch|p1a: Kommo-o|Kommo-o, F|40/100
|-status|p1a: Kommo-o|psn
|turn|62
|
|t:|1654027294
|switch|p2a: Hydreigon|Hydreigon, M|24/100
|move|p1a: Kommo-o|Boomburst|p2a: Hydreigon
|-damage|p2a: Hydreigon|0 fnt
|faint|p2a: Hydreigon
|
|-damage|p1a: Kommo-o|28/100 psn|[from] psn
|upkeep
|
|t:|1654027301
|switch|p2a: Ferrothorn|Ferrothorn, F|100/100
|turn|63
|
|t:|1654027305
|switch|p1a: Corviknight|Corviknight, M|80/100 brn
|-ability|p1a: Corviknight|Pressure
|move|p2a: Ferrothorn|Leech Seed|p1a: Corviknight
|-start|p1a: Corviknight|move: Leech Seed
|
|-damage|p1a: Corviknight|68/100 brn|[from] Leech Seed|[of] p2a: Ferrothorn
|-damage|p1a: Corviknight|62/100 brn|[from] brn
|upkeep
|turn|64
|
|t:|1654027315
|switch|p2a: Toxapex|Toxapex, F|49/100 brn
|move|p1a: Corviknight|Brave Bird|p2a: Toxapex
|-damage|p2a: Toxapex|37/100 brn
|-damage|p1a: Corviknight|59/100 brn|[from] Recoil
|
|-damage|p1a: Corviknight|47/100 brn|[from] Leech Seed|[of] p2a: Toxapex
|-heal|p2a: Toxapex|53/100 brn|[silent]
|-damage|p1a: Corviknight|41/100 brn|[from] brn
|-damage|p2a: Toxapex|47/100 brn|[from] brn
|upkeep
|turn|65
|
|t:|1654027318
|move|p1a: Corviknight|Roost|p1a: Corviknight
|-heal|p1a: Corviknight|91/100 brn
|-singleturn|p1a: Corviknight|move: Roost
|move|p2a: Toxapex|Recover|p2a: Toxapex
|-heal|p2a: Toxapex|97/100 brn
|
|-damage|p1a: Corviknight|79/100 brn|[from] Leech Seed|[of] p2a: Toxapex
|-heal|p2a: Toxapex|100/100 brn|[silent]
|-damage|p1a: Corviknight|73/100 brn|[from] brn
|-damage|p2a: Toxapex|94/100 brn|[from] brn
|upkeep
|turn|66
|
|t:|1654027325
|switch|p2a: Clefable|Clefable, F|98/100
|move|p1a: Corviknight|Brave Bird|p2a: Clefable
|-damage|p2a: Clefable|85/100
|-damage|p1a: Corviknight|68/100 brn|[from] Recoil
|
|-damage|p1a: Corviknight|56/100 brn|[from] Leech Seed|[of] p2a: Clefable
|-heal|p2a: Clefable|97/100|[silent]
|-damage|p1a: Corviknight|50/100 brn|[from] brn
|upkeep
|turn|67
|
|t:|1654027330
|move|p1a: Corviknight|Roost|p1a: Corviknight
|-heal|p1a: Corviknight|99/100 brn
|-singleturn|p1a: Corviknight|move: Roost
|move|p2a: Clefable|Calm Mind|p2a: Clefable
|-boost|p2a: Clefable|spa|1
|-boost|p2a: Clefable|spd|1
|
|-damage|p1a: Corviknight|88/100 brn|[from] Leech Seed|[of] p2a: Clefable
|-heal|p2a: Clefable|100/100|[silent]
|-damage|p1a: Corviknight|82/100 brn|[from] brn
|upkeep
|turn|68
|
|t:|1654027335
|move|p1a: Corviknight|U-turn|p2a: Clefable
|-resisted|p2a: Clefable
|-damage|p2a: Clefable|98/100
|
|t:|1654027337
|switch|p1a: Kommo-o|Kommo-o, F|28/100 psn|[from]move: U-turn
|move|p2a: Clefable|Moonblast|p1a: Kommo-o
|-supereffective|p1a: Kommo-o
|-damage|p1a: Kommo-o|0 fnt
|faint|p1a: Kommo-o
|
|upkeep
|-message|framc forfeited.
|
|win|ElStefano
|raw|framc's rating: 1601 &rarr; <strong>1582</strong><br />(-19 for losing)
|raw|ElStefano's rating: 1622 &rarr; <strong>1641</strong><br />(+19 for winning)
|l|☆framc
|j| quadratix
|l| quadratix
||Ladder isn't responding, score probably updated but might not have (Request timeout).
