|j|☆alvar03
|j|☆roboPOKE
|t:|1603812815
|player|p1|alvar03|alder|1768
|player|p2|roboPOKE|102|1809
|teamsize|p1|6
|teamsize|p2|6
|gametype|singles
|gen|8
|tier|[Gen 8] OU
|rated|
|clearpoke
|poke|p1|Urshifu-*, M|
|poke|p1|Heatran, F|
|poke|p1|Tapu Fini|
|poke|p1|Tornadus-Therian, M|
|poke|p1|Genesect|
|poke|p1|Latias, F|
|poke|p2|Pelipper, F|
|poke|p2|Barraskewda, F|
|poke|p2|Thundurus-Therian, M|
|poke|p2|Magearna|
|poke|p2|Ferrothorn, M|
|poke|p2|Cinderace, M|
|rule|Sleep Clause Mod: Limit one foe put to sleep
|rule|Species Clause: Limit one of each Pokémon
|rule|OHKO Clause: OHKO moves are banned
|rule|Evasion Moves Clause: Evasion moves are banned
|rule|Endless Battle Clause: Forcing endless battles is banned
|rule|HP Percentage Mod: HP is shown in percentages
|rule|Dynamax Clause: You cannot dynamax
|teampreview
|inactive|Battle timer is ON: inactive players will automatically lose when time's up. (requested by alvar03)
|j| callovascular x
|
|t:|1603812829
|start
|switch|p1a: Tornadus|Tornadus-Therian, M|100/100
|switch|p2a: Thundurus|Thundurus-Therian, M|100/100
|turn|1
|
|t:|1603812835
|switch|p1a: Latias|Latias, F|100/100
|move|p2a: Thundurus|Volt Switch|p1a: Latias
|-resisted|p1a: Latias
|-damage|p1a: Latias|85/100
|
|t:|1603812839
|switch|p2a: Cinderace|Cinderace, M|100/100|[from]move: Volt Switch
|
|-heal|p1a: Latias|91/100|[from] item: Leftovers
|upkeep
|turn|2
|
|t:|1603812842
|switch|p1a: Tapu Fini|Tapu Fini|100/100
|-fieldstart|move: Misty Terrain|[from] ability: Misty Surge|[of] p1a: Tapu Fini
|move|p2a: Cinderace|U-turn|p1a: Tapu Fini
|-start|p2a: Cinderace|typechange|Bug|[from] ability: Libero
|-resisted|p1a: Tapu Fini
|-damage|p1a: Tapu Fini|87/100
|
|t:|1603812844
|switch|p2a: Thundurus|Thundurus-Therian, M|100/100|[from]move: U-turn
|
|-heal|p1a: Tapu Fini|94/100|[from] item: Leftovers
|upkeep
|turn|3
|
|t:|1603812846
|switch|p1a: Latias|Latias, F|91/100
|move|p2a: Thundurus|Volt Switch|p1a: Latias
|-resisted|p1a: Latias
|-damage|p1a: Latias|76/100
|
|t:|1603812849
|switch|p2a: Cinderace|Cinderace, M|100/100|[from]move: Volt Switch
|
|-heal|p1a: Latias|82/100|[from] item: Leftovers
|upkeep
|turn|4
|
|t:|1603812852
|switch|p1a: Heatran|Heatran, F|100/100
|move|p2a: Cinderace|U-turn|p1a: Heatran
|-start|p2a: Cinderace|typechange|Bug|[from] ability: Libero
|-resisted|p1a: Heatran
|-damage|p1a: Heatran|93/100
|
|t:|1603812854
|switch|p2a: Pelipper|Pelipper, F|100/100|[from]move: U-turn
|-weather|RainDance|[from] ability: Drizzle|[of] p2a: Pelipper
|
|-weather|RainDance|[upkeep]
|-heal|p1a: Heatran|99/100|[from] item: Leftovers
|upkeep
|turn|5
|
|t:|1603812858
|switch|p2a: Barraskewda|Barraskewda, F|100/100
|move|p1a: Heatran|Protect||[still]
|-fail|p1a: Heatran
|
|-weather|RainDance|[upkeep]
|-heal|p1a: Heatran|100/100|[from] item: Leftovers
|upkeep
|turn|6
|j| Geloraggioh
|j| tapu moxo
|
|t:|1603812863
|switch|p1a: Tapu Fini|Tapu Fini|94/100
|move|p2a: Barraskewda|Flip Turn|p1a: Tapu Fini
|-resisted|p1a: Tapu Fini
|-damage|p1a: Tapu Fini|66/100
|
|t:|1603812866
|switch|p2a: Thundurus|Thundurus-Therian, M|100/100|[from]move: Flip Turn
|
|-weather|RainDance|[upkeep]
|-heal|p1a: Tapu Fini|73/100|[from] item: Leftovers
|-fieldend|Misty Terrain
|upkeep
|turn|7
|
|t:|1603812868
|switch|p1a: Latias|Latias, F|82/100
|move|p2a: Thundurus|Volt Switch|p1a: Latias
|-resisted|p1a: Latias
|-damage|p1a: Latias|67/100
|
|t:|1603812871
|switch|p2a: Cinderace|Cinderace, M|100/100|[from]move: Volt Switch
|
|-weather|RainDance|[upkeep]
|-heal|p1a: Latias|73/100|[from] item: Leftovers
|upkeep
|turn|8
|j| JonesTheMantis
|c|☆alvar03|im in the vortex shit
|
|t:|1603812885
|switch|p1a: Tapu Fini|Tapu Fini|73/100
|-fieldstart|move: Misty Terrain|[from] ability: Misty Surge|[of] p1a: Tapu Fini
|move|p2a: Cinderace|U-turn|p1a: Tapu Fini
|-start|p2a: Cinderace|typechange|Bug|[from] ability: Libero
|-resisted|p1a: Tapu Fini
|-damage|p1a: Tapu Fini|60/100
|
|t:|1603812891
|switch|p2a: Thundurus|Thundurus-Therian, M|100/100|[from]move: U-turn
|
|-weather|RainDance|[upkeep]
|-heal|p1a: Tapu Fini|66/100|[from] item: Leftovers
|upkeep
|turn|9
|
|t:|1603812894
|switch|p1a: Heatran|Heatran, F|100/100
|move|p2a: Thundurus|Volt Switch|p1a: Heatran
|-damage|p1a: Heatran|78/100
|
|t:|1603812898
|switch|p2a: Barraskewda|Barraskewda, F|100/100|[from]move: Volt Switch
|
|-weather|RainDance|[upkeep]
|-heal|p1a: Heatran|85/100|[from] item: Leftovers
|upkeep
|turn|10
|
|t:|1603812901
|move|p1a: Heatran|Protect|p1a: Heatran
|-singleturn|p1a: Heatran|Protect
|move|p2a: Barraskewda|Flip Turn|p1a: Heatran
|-activate|p1a: Heatran|move: Protect
|
|-weather|RainDance|[upkeep]
|-heal|p1a: Heatran|91/100|[from] item: Leftovers
|upkeep
|turn|11
|
|t:|1603812907
|switch|p1a: Tapu Fini|Tapu Fini|66/100
|move|p2a: Barraskewda|Flip Turn|p1a: Tapu Fini
|-resisted|p1a: Tapu Fini
|-damage|p1a: Tapu Fini|43/100
|
|t:|1603812911
|switch|p2a: Thundurus|Thundurus-Therian, M|100/100|[from]move: Flip Turn
|
|-weather|none
|-heal|p1a: Tapu Fini|49/100|[from] item: Leftovers
|upkeep
|turn|12
|j| INeverPlayUbers
|
|t:|1603812920
|switch|p1a: Heatran|Heatran, F|91/100
|move|p2a: Thundurus|Volt Switch|p1a: Heatran
|-crit|p1a: Heatran
|-damage|p1a: Heatran|55/100
|
|t:|1603812922
|switch|p2a: Barraskewda|Barraskewda, F|100/100|[from]move: Volt Switch
|
|-heal|p1a: Heatran|61/100|[from] item: Leftovers
|-fieldend|Misty Terrain
|upkeep
|turn|13
|
|t:|1603812924
|move|p1a: Heatran|Protect|p1a: Heatran
|-singleturn|p1a: Heatran|Protect
|move|p2a: Barraskewda|Flip Turn|p1a: Heatran
|-activate|p1a: Heatran|move: Protect
|
|-heal|p1a: Heatran|68/100|[from] item: Leftovers
|upkeep
|turn|14
|j| RaidShad0wLegends
|
|t:|1603812927
|move|p2a: Barraskewda|Flip Turn|p1a: Heatran
|-supereffective|p1a: Heatran
|-damage|p1a: Heatran|0 fnt
|faint|p1a: Heatran
|
|t:|1603812936
|switch|p2a: Cinderace|Cinderace, M|100/100|[from]move: Flip Turn
|
|upkeep
|
|t:|1603812942
|switch|p1a: Urshifu|Urshifu, M|100/100
|turn|15
|j| Dylanronpa
|
|t:|1603812949
|switch|p1a: Tornadus|Tornadus-Therian, M|100/100
|move|p2a: Cinderace|High Jump Kick|p1a: Tornadus
|-start|p2a: Cinderace|typechange|Fighting|[from] ability: Libero
|-resisted|p1a: Tornadus
|-crit|p1a: Tornadus
|-damage|p1a: Tornadus|42/100
|
|upkeep
|turn|16
|l| INeverPlayUbers
|
|t:|1603812957
|switch|p2a: Thundurus|Thundurus-Therian, M|100/100
|move|p1a: Tornadus|U-turn|p2a: Thundurus
|-resisted|p2a: Thundurus
|-damage|p2a: Thundurus|89/100
|
|t:|1603812959
|switch|p1a: Latias|Latias, F|73/100|[from]move: U-turn
|
|-heal|p1a: Latias|79/100|[from] item: Leftovers
|upkeep
|turn|17
|j| Omegasization
|
|t:|1603812966
|switch|p2a: Cinderace|Cinderace, M|100/100
|move|p1a: Latias|Thunder Wave|p2a: Cinderace
|-status|p2a: Cinderace|par
|
|-heal|p1a: Latias|85/100|[from] item: Leftovers
|upkeep
|turn|18
|c| RaidShad0wLegends|cinderace on a rain team? Unusual, but cool!
|j| Taymar Keith
|
|t:|1603812973
|move|p1a: Latias|Dragon Pulse|p2a: Cinderace
|-damage|p2a: Cinderace|54/100 par
|move|p2a: Cinderace|Gunk Shot|p1a: Latias|[miss]
|-start|p2a: Cinderace|typechange|Poison|[from] ability: Libero
|-miss|p2a: Cinderace|p1a: Latias
|
|-heal|p1a: Latias|91/100|[from] item: Leftovers
|upkeep
|turn|19
|
|t:|1603812980
|move|p1a: Latias|Dragon Pulse|p2a: Cinderace
|-damage|p2a: Cinderace|5/100 par
|move|p2a: Cinderace|U-turn|p1a: Latias
|-start|p2a: Cinderace|typechange|Bug|[from] ability: Libero
|-supereffective|p1a: Latias
|-damage|p1a: Latias|10/100
|
|t:|1603812984
|switch|p2a: Barraskewda|Barraskewda, F|100/100|[from]move: U-turn
|
|-heal|p1a: Latias|16/100|[from] item: Leftovers
|upkeep
|turn|20
|
|t:|1603812994
|switch|p1a: Tapu Fini|Tapu Fini|49/100
|-fieldstart|move: Misty Terrain|[from] ability: Misty Surge|[of] p1a: Tapu Fini
|move|p2a: Barraskewda|Flip Turn|p1a: Tapu Fini
|-resisted|p1a: Tapu Fini
|-damage|p1a: Tapu Fini|32/100
|
|t:|1603812995
|switch|p2a: Thundurus|Thundurus-Therian, M|89/100|[from]move: Flip Turn
|
|-heal|p1a: Tapu Fini|39/100|[from] item: Leftovers
|upkeep
|turn|21
|j| pxzcipoicvpox
|
|t:|1603813006
|move|p2a: Thundurus|Volt Switch|p1a: Tapu Fini
|-supereffective|p1a: Tapu Fini
|-damage|p1a: Tapu Fini|0 fnt
|faint|p1a: Tapu Fini
|
|t:|1603813025
|switch|p2a: Barraskewda|Barraskewda, F|100/100|[from]move: Volt Switch
|
|upkeep
|
|t:|1603813032
|switch|p1a: Genesect|Genesect, shiny|100/100
|-ability|p1a: Genesect|Download|boost
|-boost|p1a: Genesect|spa|1
|turn|22
|
|t:|1603813035
|switch|p2a: Ferrothorn|Ferrothorn, M|100/100
|move|p1a: Genesect|U-turn|p2a: Ferrothorn
|-damage|p2a: Ferrothorn|82/100
|-damage|p1a: Genesect|88/100|[from] ability: Iron Barbs|[of] p2a: Ferrothorn
|-damage|p1a: Genesect|72/100|[from] item: Rocky Helmet|[of] p2a: Ferrothorn
|
|t:|1603813042
|switch|p1a: Urshifu|Urshifu, M|100/100|[from]move: U-turn
|
|upkeep
|turn|23
|j| AquaVanilla
|
|t:|1603813052
|move|p1a: Urshifu|Close Combat|p2a: Ferrothorn
|-supereffective|p2a: Ferrothorn
|-damage|p2a: Ferrothorn|4/100
|-unboost|p1a: Urshifu|def|1
|-unboost|p1a: Urshifu|spd|1
|-damage|p1a: Urshifu|88/100|[from] ability: Iron Barbs|[of] p2a: Ferrothorn
|-damage|p1a: Urshifu|72/100|[from] item: Rocky Helmet|[of] p2a: Ferrothorn
|move|p2a: Ferrothorn|Body Press|p1a: Urshifu
|-supereffective|p1a: Urshifu
|-damage|p1a: Urshifu|0 fnt
|faint|p1a: Urshifu
|
|upkeep
|
|t:|1603813058
|switch|p1a: Genesect|Genesect, shiny|72/100
|-ability|p1a: Genesect|Download|boost
|-boost|p1a: Genesect|spa|1
|turn|24
|
|t:|1603813063
|switch|p2a: Pelipper|Pelipper, F|100/100
|-weather|RainDance|[from] ability: Drizzle|[of] p2a: Pelipper
|move|p1a: Genesect|U-turn|p2a: Pelipper
|-resisted|p2a: Pelipper
|-damage|p2a: Pelipper|86/100
|
|t:|1603813065
|switch|p1a: Tornadus|Tornadus-Therian, M|76/100|[from]move: U-turn
|
|-weather|RainDance|[upkeep]
|-fieldend|Misty Terrain
|upkeep
|turn|25
|
|t:|1603813069
|switch|p2a: Ferrothorn|Ferrothorn, M|4/100
|move|p1a: Tornadus|U-turn|p2a: Ferrothorn
|-damage|p2a: Ferrothorn|0 fnt
|-damage|p1a: Tornadus|63/100|[from] ability: Iron Barbs|[of] p2a: Ferrothorn
|-damage|p1a: Tornadus|47/100|[from] item: Rocky Helmet|[of] p2a: Ferrothorn
|faint|p2a: Ferrothorn
|j| lastmagic
|j| Rich_Boy_Winston5
|
|t:|1603813082
|switch|p1a: Genesect|Genesect, shiny|72/100|[from]move: U-turn
|
|-weather|RainDance|[upkeep]
|upkeep
|
|t:|1603813087
|switch|p2a: Barraskewda|Barraskewda, F|100/100
|turn|26
|
|t:|1603813090
|switch|p1a: Latias|Latias, F|16/100
|move|p2a: Barraskewda|Liquidation|p1a: Latias
|-resisted|p1a: Latias
|-damage|p1a: Latias|0 fnt
|faint|p1a: Latias
|
|-weather|RainDance|[upkeep]
|upkeep
|
|t:|1603813093
|switch|p1a: Genesect|Genesect, shiny|72/100
|-ability|p1a: Genesect|Download|boost
|-boost|p1a: Genesect|spa|1
|turn|27
|
|t:|1603813095
|move|p1a: Genesect|Extreme Speed|p2a: Barraskewda
|-damage|p2a: Barraskewda|48/100
|move|p2a: Barraskewda|Liquidation|p1a: Genesect
|-damage|p1a: Genesect|0 fnt
|faint|p1a: Genesect
|
|-weather|RainDance|[upkeep]
|upkeep
|
|t:|1603813097
|switch|p1a: Tornadus|Tornadus-Therian, M|80/100
|turn|28
|
|t:|1603813099
|move|p2a: Barraskewda|Liquidation|p1a: Tornadus
|-damage|p1a: Tornadus|0 fnt
|faint|p1a: Tornadus
|
|win|roboPOKE
|c|☆roboPOKE|gg
|c|☆alvar03|gg
|l|☆alvar03
