|raw|<div class="broadcast-blue"><strong>This battle is required to be public due to a player having a name starting with 'lt93oq'.</div>
|j|‽kinetic chain
|j|☆lt93oq myuu to top
|t:|1660736228
|gametype|singles
|player|p1|kinetic chain|silver-gen2|1879
|player|p2|lt93oq myuu to top|leon-masters|1755
|teamsize|p1|6
|teamsize|p2|6
|gen|8
|tier|[Gen 8] OU
|rated|
|rule|Sleep Clause Mod: Limit one foe put to sleep
|rule|Species Clause: Limit one of each Pokémon
|rule|OHKO Clause: OHKO moves are banned
|rule|Evasion Items Clause: Evasion items are banned
|rule|Evasion Moves Clause: Evasion moves are banned
|rule|Endless Battle Clause: Forcing endless battles is banned
|rule|HP Percentage Mod: HP is shown in percentages
|rule|Dynamax Clause: You cannot dynamax
|clearpoke
|poke|p1|Dragapult, M|
|poke|p1|Toxapex, F|
|poke|p1|Weavile, F|
|poke|p1|Heatran, M|
|poke|p1|Landorus-Therian, M|
|poke|p1|Zapdos|
|poke|p2|Ninetales-Alola, F|
|poke|p2|Kommo-o, F|
|poke|p2|Tapu Fini|
|poke|p2|Landorus-Therian, M|
|poke|p2|Jirachi|
|poke|p2|Moltres-Galar|
|teampreview
|inactive|Battle timer is ON: inactive players will automatically lose when time's up. (requested by kinetic chain)
|
|t:|1660736239
|start
|switch|p1a: Landorus|Landorus-Therian, M|100/100
|switch|p2a: Landorus|Landorus-Therian, M|100/100
|-ability|p1a: Landorus|Intimidate|boost
|-unboost|p2a: Landorus|atk|1
|-ability|p2a: Landorus|Intimidate|boost
|-unboost|p1a: Landorus|atk|1
|turn|1
|
|t:|1660736245
|move|p1a: Landorus|Stealth Rock|p2a: Landorus
|-sidestart|p2: lt93oq myuu to top|move: Stealth Rock
|move|p2a: Landorus|Stealth Rock|p1a: Landorus
|-sidestart|p1: kinetic chain|move: Stealth Rock
|
|upkeep
|turn|2
|
|t:|1660736247
|move|p1a: Landorus|Toxic|p2a: Landorus
|-status|p2a: Landorus|tox
|move|p2a: Landorus|Knock Off|p1a: Landorus
|-damage|p1a: Landorus|79/100
|-enditem|p1a: Landorus|Leftovers|[from] move: Knock Off|[of] p2a: Landorus
|
|-damage|p2a: Landorus|94/100 tox|[from] psn
|upkeep
|turn|3
|
|t:|1660736250
|move|p1a: Landorus|U-turn|p2a: Landorus
|-resisted|p2a: Landorus
|-damage|p2a: Landorus|87/100 tox
|-damage|p1a: Landorus|63/100|[from] item: Rocky Helmet|[of] p2a: Landorus
|
|t:|1660736252
|switch|p1a: Toxapex|Toxapex, F|100/100|[from]move: U-turn
|-damage|p1a: Toxapex|88/100|[from] Stealth Rock
|move|p2a: Landorus|U-turn|p1a: Toxapex
|-resisted|p1a: Toxapex
|-damage|p1a: Toxapex|84/100
|-damage|p2a: Landorus|70/100 tox|[from] item: Rocky Helmet|[of] p1a: Toxapex
|j| LT93OQ TROP CHAUD
|
|t:|1660736260
|switch|p2a: Ninetales|Ninetales-Alola, F|100/100|[from]move: U-turn
|-damage|p2a: Ninetales|76/100|[from] Stealth Rock
|-weather|Hail|[from] ability: Snow Warning|[of] p2a: Ninetales
|
|-weather|Hail|[upkeep]
|-damage|p1a: Toxapex|78/100|[from] Hail
|upkeep
|turn|4
|j| Mimikyu Stardust
|j| Alkagen101
|l| Mimikyu Stardust
|
|t:|1660736267
|move|p2a: Ninetales|Aurora Veil|p2a: Ninetales
|-sidestart|p2: lt93oq myuu to top|move: Aurora Veil
|move|p1a: Toxapex|Toxic|p2a: Ninetales
|-status|p2a: Ninetales|tox
|
|-weather|Hail|[upkeep]
|-damage|p1a: Toxapex|72/100|[from] Hail
|-damage|p2a: Ninetales|70/100 tox|[from] psn
|upkeep
|turn|5
|
|t:|1660736273
|move|p2a: Ninetales|Encore|p1a: Toxapex
|-start|p1a: Toxapex|Encore
|move|p1a: Toxapex|Toxic|p2a: Ninetales
|-fail|p2a: Ninetales|tox
|
|-weather|Hail|[upkeep]
|-damage|p1a: Toxapex|66/100|[from] Hail
|-damage|p2a: Ninetales|57/100 tox|[from] psn
|upkeep
|turn|6
|j| Unowndragon
|
|t:|1660736279
|switch|p2a: Tapu Fini|Tapu Fini|100/100
|-damage|p2a: Tapu Fini|88/100|[from] Stealth Rock
|-fieldstart|move: Misty Terrain|[from] ability: Misty Surge|[of] p2a: Tapu Fini
|switch|p1a: Heatran|Heatran, M|100/100
|-damage|p1a: Heatran|88/100|[from] Stealth Rock
|
|-weather|Hail|[upkeep]
|-damage|p2a: Tapu Fini|82/100|[from] Hail
|-damage|p1a: Heatran|82/100|[from] Hail
|-heal|p2a: Tapu Fini|88/100|[from] item: Leftovers
|-heal|p1a: Heatran|88/100|[from] item: Leftovers
|upkeep
|turn|7
|j| Creusot
|
|t:|1660736284
|move|p2a: Tapu Fini|Calm Mind|p2a: Tapu Fini
|-boost|p2a: Tapu Fini|spa|1
|-boost|p2a: Tapu Fini|spd|1
|move|p1a: Heatran|Magma Storm|p2a: Tapu Fini
|-resisted|p2a: Tapu Fini
|-damage|p2a: Tapu Fini|83/100
|-activate|p2a: Tapu Fini|move: Magma Storm|[of] p1a: Heatran
|
|-weather|none
|-heal|p2a: Tapu Fini|89/100|[from] item: Leftovers
|-heal|p1a: Heatran|94/100|[from] item: Leftovers
|-damage|p2a: Tapu Fini|77/100|[from] move: Magma Storm|[partiallytrapped]
|upkeep
|turn|8
|
|t:|1660736292
|move|p2a: Tapu Fini|Surf|p1a: Heatran
|-supereffective|p1a: Heatran
|-damage|p1a: Heatran|39/100
|move|p1a: Heatran|Heavy Slam|p2a: Tapu Fini
|-damage|p2a: Tapu Fini|62/100
|
|-heal|p2a: Tapu Fini|68/100|[from] item: Leftovers
|-heal|p1a: Heatran|45/100|[from] item: Leftovers
|-damage|p2a: Tapu Fini|55/100|[from] move: Magma Storm|[partiallytrapped]
|upkeep
|turn|9
|
|t:|1660736300
|switch|p1a: Zapdos|Zapdos|100/100
|move|p2a: Tapu Fini|Surf|p1a: Zapdos
|-crit|p1a: Zapdos
|-damage|p1a: Zapdos|26/100
|
|-heal|p2a: Tapu Fini|62/100|[from] item: Leftovers
|-end|p2a: Tapu Fini|Magma Storm|[partiallytrapped]|[silent]
|upkeep
|turn|10
|
|t:|1660736307
|move|p1a: Zapdos|Volt Switch|p2a: Tapu Fini
|-supereffective|p2a: Tapu Fini
|-damage|p2a: Tapu Fini|44/100
|j| lt93oq guez94
|
|t:|1660736321
|switch|p1a: Toxapex|Toxapex, F|99/100|[from]move: Volt Switch
|-damage|p1a: Toxapex|87/100|[from] Stealth Rock
|move|p2a: Tapu Fini|Draining Kiss|p1a: Toxapex
|-resisted|p1a: Toxapex
|-damage|p1a: Toxapex|76/100
|-heal|p2a: Tapu Fini|51/100|[from] drain|[of] p1a: Toxapex
|-damage|p2a: Tapu Fini|35/100|[from] item: Rocky Helmet|[of] p1a: Toxapex
|
|-heal|p2a: Tapu Fini|41/100|[from] item: Leftovers
|-fieldend|Misty Terrain
|upkeep
|turn|11
|j| Trokenferno
|
|t:|1660736330
|switch|p2a: Ninetales|Ninetales-Alola, F|57/100 tox
|-damage|p2a: Ninetales|33/100 tox|[from] Stealth Rock
|-weather|Hail|[from] ability: Snow Warning|[of] p2a: Ninetales
|move|p1a: Toxapex|Knock Off|p2a: Ninetales
|-resisted|p2a: Ninetales
|-damage|p2a: Ninetales|28/100 tox
|-enditem|p2a: Ninetales|Light Clay|[from] move: Knock Off|[of] p1a: Toxapex
|
|-weather|Hail|[upkeep]
|-damage|p1a: Toxapex|70/100|[from] Hail
|-damage|p2a: Ninetales|22/100 tox|[from] psn
|-sideend|p2: lt93oq myuu to top|move: Aurora Veil
|upkeep
|turn|12
|
|t:|1660736336
|switch|p1a: Heatran|Heatran, M|45/100
|-damage|p1a: Heatran|33/100|[from] Stealth Rock
|move|p2a: Ninetales|Aurora Veil|p2a: Ninetales
|-sidestart|p2: lt93oq myuu to top|move: Aurora Veil
|
|-weather|Hail|[upkeep]
|-damage|p1a: Heatran|27/100|[from] Hail
|-heal|p1a: Heatran|33/100|[from] item: Leftovers
|-damage|p2a: Ninetales|9/100 tox|[from] psn
|upkeep
|turn|13
|j| LT93OQ Hikozaru
|
|t:|1660736344
|move|p2a: Ninetales|Hypnosis|p1a: Heatran|[miss]
|-miss|p2a: Ninetales|p1a: Heatran
|move|p1a: Heatran|Heavy Slam|p2a: Ninetales
|-supereffective|p2a: Ninetales
|-damage|p2a: Ninetales|0 fnt
|faint|p2a: Ninetales
|
|-weather|Hail|[upkeep]
|-damage|p1a: Heatran|27/100|[from] Hail
|-heal|p1a: Heatran|33/100|[from] item: Leftovers
|upkeep
|l| Alkagen101
|j| Bushido Black
|j| hol tha heatah
|j| edrala
|l| LT93OQ Hikozaru
|inactive|lt93oq myuu to top has 120 seconds left.
|
|t:|1660736379
|switch|p2a: Kommo-o|Kommo-o, F|100/100
|-damage|p2a: Kommo-o|94/100|[from] Stealth Rock
|turn|14
|j| Peter's Aviation
|
|t:|1660736391
|switch|p1a: Toxapex|Toxapex, F|100/100
|-damage|p1a: Toxapex|88/100|[from] Stealth Rock
|move|p2a: Kommo-o|Swords Dance|p2a: Kommo-o
|-boost|p2a: Kommo-o|atk|2
|
|-weather|Hail|[upkeep]
|-damage|p2a: Kommo-o|88/100|[from] Hail
|-damage|p1a: Toxapex|82/100|[from] Hail
|-heal|p2a: Kommo-o|94/100|[from] item: Leftovers
|upkeep
|turn|15
|
|t:|1660736402
|switch|p1a: Landorus|Landorus-Therian, M|63/100
|-damage|p1a: Landorus|50/100|[from] Stealth Rock
|-ability|p1a: Landorus|Intimidate|boost
|-unboost|p2a: Kommo-o|atk|1
|move|p2a: Kommo-o|Scale Shot|p1a: Landorus
|-damage|p1a: Landorus|32/100
|-damage|p1a: Landorus|14/100
|-damage|p1a: Landorus|0 fnt
|faint|p1a: Landorus
|-hitcount|p1: Landorus|3
|-unboost|p2a: Kommo-o|def|1
|-boost|p2a: Kommo-o|spe|1
|
|-weather|none
|-heal|p2a: Kommo-o|100/100|[from] item: Leftovers
|upkeep
|
|t:|1660736408
|switch|p1a: Toxapex|Toxapex, F|100/100
|-damage|p1a: Toxapex|88/100|[from] Stealth Rock
|turn|16
|l| edrala
|
|t:|1660736423
|switch|p2a: Landorus|Landorus-Therian, M|70/100 tox
|-damage|p2a: Landorus|58/100 tox|[from] Stealth Rock
|-ability|p2a: Landorus|Intimidate|boost
|-unboost|p1a: Toxapex|atk|1
|move|p1a: Toxapex|Haze|p1a: Toxapex
|-clearallboost
|
|-damage|p2a: Landorus|52/100 tox|[from] psn
|-sideend|p2: lt93oq myuu to top|move: Aurora Veil
|upkeep
|turn|17
|
|t:|1660736429
|move|p2a: Landorus|Knock Off|p1a: Toxapex
|-damage|p1a: Toxapex|71/100
|-damage|p2a: Landorus|35/100 tox|[from] item: Rocky Helmet|[of] p1a: Toxapex
|-enditem|p1a: Toxapex|Rocky Helmet|[from] move: Knock Off|[of] p2a: Landorus
|move|p1a: Toxapex|Recover|p1a: Toxapex
|-heal|p1a: Toxapex|100/100
|
|-damage|p2a: Landorus|23/100 tox|[from] psn
|upkeep
|turn|18
|
|t:|1660736440
|move|p2a: Landorus|Earthquake|p1a: Toxapex
|-supereffective|p1a: Toxapex
|-damage|p1a: Toxapex|41/100
|move|p1a: Toxapex|Recover|p1a: Toxapex
|-heal|p1a: Toxapex|91/100
|
|-damage|p2a: Landorus|5/100 tox|[from] psn
|upkeep
|turn|19
|
|t:|1660736448
|move|p2a: Landorus|Stealth Rock||[still]
|-fail|p2a: Landorus
|move|p1a: Toxapex|Recover|p1a: Toxapex
|-heal|p1a: Toxapex|100/100
|
|-damage|p2a: Landorus|0 fnt|[from] psn
|faint|p2a: Landorus
|upkeep
|j| ffytugyiho
|l| ffytugyiho
|j| LT93OQ msaint
|inactive|lt93oq myuu to top has 120 seconds left.
|
|t:|1660736486
|switch|p2a: Jirachi|Jirachi|100/100
|-damage|p2a: Jirachi|94/100|[from] Stealth Rock
|turn|20
|
|t:|1660736493
|switch|p1a: Dragapult|Dragapult, M|100/100
|-damage|p1a: Dragapult|88/100|[from] Stealth Rock
|move|p2a: Jirachi|Cosmic Power|p2a: Jirachi
|-boost|p2a: Jirachi|def|1
|-boost|p2a: Jirachi|spd|1
|
|upkeep
|turn|21
|inactive|lt93oq myuu to top has 120 seconds left.
|
|t:|1660736527
|move|p1a: Dragapult|Shadow Ball|p2a: Jirachi
|-supereffective|p2a: Jirachi
|-damage|p2a: Jirachi|29/100
|-enditem|p2a: Jirachi|Weakness Policy
|-boost|p2a: Jirachi|atk|2|[from] item: Weakness Policy
|-boost|p2a: Jirachi|spa|2|[from] item: Weakness Policy
|move|p2a: Jirachi|Stored Power|p1a: Dragapult
|-damage|p1a: Dragapult|0 fnt
|faint|p1a: Dragapult
|
|upkeep
|
|t:|1660736535
|switch|p1a: Weavile|Weavile, F|100/100
|turn|22
|
|t:|1660736540
|move|p1a: Weavile|Knock Off|p2a: Jirachi
|-supereffective|p2a: Jirachi
|-damage|p2a: Jirachi|0 fnt
|faint|p2a: Jirachi
|
|upkeep
|
|t:|1660736545
|switch|p2a: Tapu Fini|Tapu Fini|41/100
|-damage|p2a: Tapu Fini|28/100|[from] Stealth Rock
|-fieldstart|move: Misty Terrain|[from] ability: Misty Surge|[of] p2a: Tapu Fini
|turn|23
|j| Keblar
|
|t:|1660736551
|switch|p1a: Toxapex|Toxapex, F|100/100
|-damage|p1a: Toxapex|88/100|[from] Stealth Rock
|move|p2a: Tapu Fini|Draining Kiss|p1a: Toxapex
|-resisted|p1a: Toxapex
|-damage|p1a: Toxapex|81/100
|-heal|p2a: Tapu Fini|33/100|[from] drain|[of] p1a: Toxapex
|
|-heal|p2a: Tapu Fini|39/100|[from] item: Leftovers
|upkeep
|turn|24
|
|t:|1660736555
|move|p2a: Tapu Fini|Calm Mind|p2a: Tapu Fini
|-boost|p2a: Tapu Fini|spa|1
|-boost|p2a: Tapu Fini|spd|1
|move|p1a: Toxapex|Knock Off|p2a: Tapu Fini
|-resisted|p2a: Tapu Fini
|-damage|p2a: Tapu Fini|33/100
|-enditem|p2a: Tapu Fini|Leftovers|[from] move: Knock Off|[of] p1a: Toxapex
|
|upkeep
|turn|25
|
|t:|1660736558
|switch|p1a: Zapdos|Zapdos|26/100
|move|p2a: Tapu Fini|Calm Mind|p2a: Tapu Fini
|-boost|p2a: Tapu Fini|spa|1
|-boost|p2a: Tapu Fini|spd|1
|
|upkeep
|turn|26
|
|t:|1660736563
|move|p1a: Zapdos|Volt Switch|p2a: Tapu Fini
|-supereffective|p2a: Tapu Fini
|-damage|p2a: Tapu Fini|7/100
|
|t:|1660736566
|switch|p1a: Heatran|Heatran, M|33/100|[from]move: Volt Switch
|-damage|p1a: Heatran|20/100|[from] Stealth Rock
|move|p2a: Tapu Fini|Draining Kiss|p1a: Heatran
|-resisted|p1a: Heatran
|-damage|p1a: Heatran|16/100
|-heal|p2a: Tapu Fini|11/100|[from] drain|[of] p1a: Heatran
|
|-heal|p1a: Heatran|22/100|[from] item: Leftovers
|upkeep
|turn|27
|
|t:|1660736570
|move|p2a: Tapu Fini|Surf|p1a: Heatran
|-supereffective|p1a: Heatran
|-damage|p1a: Heatran|0 fnt
|faint|p1a: Heatran
|
|-fieldend|Misty Terrain
|upkeep
|
|t:|1660736572
|switch|p1a: Zapdos|Zapdos|26/100
|turn|28
|
|t:|1660736574
|move|p1a: Zapdos|Volt Switch|p2a: Tapu Fini
|-supereffective|p2a: Tapu Fini
|-damage|p2a: Tapu Fini|0 fnt
|faint|p2a: Tapu Fini
|
|t:|1660736576
|switch|p1a: Weavile|Weavile, F|100/100|[from]move: Volt Switch
|
|upkeep
|
|t:|1660736580
|switch|p2a: Kommo-o|Kommo-o, F|100/100
|-damage|p2a: Kommo-o|94/100|[from] Stealth Rock
|turn|29
|
|t:|1660736583
|move|p1a: Weavile|Triple Axel|p2a: Kommo-o
|-supereffective|p2a: Kommo-o
|-damage|p2a: Kommo-o|74/100
|-supereffective|p2a: Kommo-o
|-damage|p2a: Kommo-o|37/100
|-supereffective|p2a: Kommo-o
|-damage|p2a: Kommo-o|0 fnt
|faint|p2a: Kommo-o
|-hitcount|p2: Kommo-o|3
|
|upkeep
|l| lt93oq guez94
|
|t:|1660736587
|switch|p2a: Moltres|Moltres-Galar|100/100
|turn|30
|
|t:|1660736591
|move|p1a: Weavile|Triple Axel|p2a: Moltres
|-supereffective|p2a: Moltres
|-damage|p2a: Moltres|79/100
|-supereffective|p2a: Moltres
|-damage|p2a: Moltres|39/100
|-supereffective|p2a: Moltres
|-damage|p2a: Moltres|0 fnt
|faint|p2a: Moltres
|-hitcount|p2: Moltres|3
|
|win|kinetic chain
|raw|kinetic chain's rating: 1879 &rarr; <strong>1892</strong><br />(+13 for winning)
|raw|lt93oq myuu to top's rating: 1755 &rarr; <strong>1742</strong><br />(-13 for losing)
|l|☆lt93oq myuu to top
|l|‽kinetic chain
