|j|☆d18l
|j|☆LT93OQ #savetf2
|t:|1660701793
|gametype|singles
|player|p1|d18l|backpacker|1740
|player|p2|LT93OQ #savetf2|maid-gen4|1751
|teamsize|p1|6
|teamsize|p2|6
|gen|8
|tier|[Gen 8] OU
|rated|
|rule|Sleep Clause Mod: Limit one foe put to sleep
|rule|Species Clause: Limit one of each Pokémon
|rule|OHKO Clause: OHKO moves are banned
|rule|Evasion Items Clause: Evasion items are banned
|rule|Evasion Moves Clause: Evasion moves are banned
|rule|Endless Battle Clause: Forcing endless battles is banned
|rule|HP Percentage Mod: HP is shown in percentages
|rule|Dynamax Clause: You cannot dynamax
|clearpoke
|poke|p1|Tapu Koko|
|poke|p1|Victini|
|poke|p1|Landorus-Therian, M|
|poke|p1|Tornadus-Therian, M|
|poke|p1|Rotom-Wash|
|poke|p1|Ferrothorn, F|
|poke|p2|Blacephalon|
|poke|p2|Weavile, M|
|poke|p2|Landorus-Therian, M|
|poke|p2|Ferrothorn, M|
|poke|p2|Rotom-Wash|
|poke|p2|Dragapult, M|
|teampreview
|
|t:|1660701853
|start
|switch|p1a: Tornadus|Tornadus-Therian, M|100/100
|switch|p2a: Rotom|Rotom-Wash|100/100
|turn|1
|
|t:|1660701865
|move|p1a: Tornadus|U-turn|p2a: Rotom
|-damage|p2a: Rotom|90/100
|-damage|p1a: Tornadus|84/100|[from] item: Rocky Helmet|[of] p2a: Rotom
|
|t:|1660701868
|switch|p1a: Ferrothorn|Ferrothorn, F|100/100|[from]move: U-turn
|move|p2a: Rotom|Volt Switch|p1a: Ferrothorn
|-resisted|p1a: Ferrothorn
|-damage|p1a: Ferrothorn|90/100
|
|t:|1660701882
|switch|p2a: Dragapult|Dragapult, M|100/100|[from]move: Volt Switch
|
|upkeep
|turn|2
|inactive|Battle timer is ON: inactive players will automatically lose when time's up. (requested by d18l)
|
|t:|1660701887
|switch|p1a: Tornadus|Tornadus-Therian, M|100/100
|move|p2a: Dragapult|Flamethrower|p1a: Tornadus
|-damage|p1a: Tornadus|69/100
|
|upkeep
|turn|3
|
|t:|1660701893
|switch|p2a: Rotom|Rotom-Wash|90/100
|move|p1a: Tornadus|Knock Off|p2a: Rotom
|-damage|p2a: Rotom|74/100
|-damage|p1a: Tornadus|53/100|[from] item: Rocky Helmet|[of] p2a: Rotom
|-enditem|p2a: Rotom|Rocky Helmet|[from] move: Knock Off|[of] p1a: Tornadus
|
|upkeep
|turn|4
|
|t:|1660701901
|move|p1a: Tornadus|U-turn|p2a: Rotom
|-damage|p2a: Rotom|62/100
|
|t:|1660701904
|switch|p1a: Ferrothorn|Ferrothorn, F|90/100|[from]move: U-turn
|move|p2a: Rotom|Will-O-Wisp|p1a: Ferrothorn
|-status|p1a: Ferrothorn|brn
|
|-damage|p1a: Ferrothorn|84/100 brn|[from] brn
|upkeep
|turn|5
|
|t:|1660701910
|move|p2a: Rotom|Pain Split|p1a: Ferrothorn
|-sethp|p1a: Ferrothorn|69/100 brn|[from] move: Pain Split|[silent]
|-sethp|p2a: Rotom|80/100|[from] move: Pain Split
|move|p1a: Ferrothorn|Stealth Rock|p2a: Rotom
|-sidestart|p2: LT93OQ #savetf2|move: Stealth Rock
|
|-damage|p1a: Ferrothorn|63/100 brn|[from] brn
|upkeep
|turn|6
|
|t:|1660701917
|move|p2a: Rotom|Volt Switch|p1a: Ferrothorn
|-resisted|p1a: Ferrothorn
|-damage|p1a: Ferrothorn|52/100 brn
|
|t:|1660701919
|switch|p2a: Ferrothorn|Ferrothorn, M|100/100|[from]move: Volt Switch
|-damage|p2a: Ferrothorn|95/100|[from] Stealth Rock
|move|p1a: Ferrothorn|Leech Seed|p2a: Ferrothorn
|-immune|p2a: Ferrothorn
|
|-heal|p2a: Ferrothorn|100/100|[from] item: Leftovers
|-damage|p1a: Ferrothorn|46/100 brn|[from] brn
|upkeep
|turn|7
|
|t:|1660701929
|switch|p1a: Victini|Victini|100/100
|move|p2a: Ferrothorn|Stealth Rock|p1a: Victini
|-sidestart|p1: d18l|move: Stealth Rock
|
|upkeep
|turn|8
|
|t:|1660701933
|switch|p2a: Rotom|Rotom-Wash|80/100
|-damage|p2a: Rotom|67/100|[from] Stealth Rock
|move|p1a: Victini|V-create|p2a: Rotom
|-resisted|p2a: Rotom
|-damage|p2a: Rotom|36/100
|-unboost|p1a: Victini|spe|1
|-unboost|p1a: Victini|def|1
|-unboost|p1a: Victini|spd|1
|
|upkeep
|turn|9
|
|t:|1660701938
|switch|p1a: Ferrothorn|Ferrothorn, F|46/100 brn
|-damage|p1a: Ferrothorn|40/100 brn|[from] Stealth Rock
|move|p2a: Rotom|Pain Split|p1a: Ferrothorn
|-sethp|p1a: Ferrothorn|35/100 brn|[from] move: Pain Split|[silent]
|-sethp|p2a: Rotom|41/100|[from] move: Pain Split
|
|-damage|p1a: Ferrothorn|29/100 brn|[from] brn
|upkeep
|turn|10
|
|t:|1660701942
|move|p2a: Rotom|Volt Switch|p1a: Ferrothorn
|-resisted|p1a: Ferrothorn
|-damage|p1a: Ferrothorn|18/100 brn
|
|t:|1660701943
|switch|p2a: Landorus|Landorus-Therian, M|100/100|[from]move: Volt Switch
|-damage|p2a: Landorus|88/100|[from] Stealth Rock
|-ability|p2a: Landorus|Intimidate|boost
|-unboost|p1a: Ferrothorn|atk|1
|move|p1a: Ferrothorn|Body Press|p2a: Landorus
|-resisted|p2a: Landorus
|-damage|p2a: Landorus|81/100
|
|-heal|p2a: Landorus|87/100|[from] item: Leftovers
|-damage|p1a: Ferrothorn|12/100 brn|[from] brn
|upkeep
|turn|11
|j| Celtis
|
|t:|1660701951
|switch|p1a: Rotom|Rotom-Wash|100/100
|-damage|p1a: Rotom|88/100|[from] Stealth Rock
|move|p2a: Landorus|Defog|p1a: Rotom
|-unboost|p1a: Rotom|evasion|1
|-sideend|p1: d18l|Stealth Rock|[from] move: Defog|[of] p2a: Landorus
|-sideend|p2: LT93OQ #savetf2|Stealth Rock|[from] move: Defog|[of] p2a: Landorus
|
|-heal|p2a: Landorus|93/100|[from] item: Leftovers
|upkeep
|turn|12
|
|t:|1660701955
|move|p1a: Rotom|Volt Switch|p2a: Landorus
|-immune|p2a: Landorus
|move|p2a: Landorus|Toxic|p1a: Rotom
|-status|p1a: Rotom|tox
|
|-heal|p2a: Landorus|99/100|[from] item: Leftovers
|-damage|p1a: Rotom|82/100 tox|[from] psn
|upkeep
|turn|13
|
|t:|1660701960
|switch|p2a: Ferrothorn|Ferrothorn, M|100/100
|move|p1a: Rotom|Toxic|p2a: Ferrothorn
|-immune|p2a: Ferrothorn
|
|-damage|p1a: Rotom|70/100 tox|[from] psn
|upkeep
|turn|14
|
|t:|1660701963
|move|p1a: Rotom|Volt Switch|p2a: Ferrothorn
|-resisted|p2a: Ferrothorn
|-damage|p2a: Ferrothorn|91/100
|
|t:|1660701966
|switch|p1a: Victini|Victini|100/100|[from]move: Volt Switch
|move|p2a: Ferrothorn|Stealth Rock|p1a: Victini
|-sidestart|p1: d18l|move: Stealth Rock
|
|-heal|p2a: Ferrothorn|97/100|[from] item: Leftovers
|upkeep
|turn|15
|
|t:|1660701970
|switch|p2a: Rotom|Rotom-Wash|41/100
|move|p1a: Victini|Bolt Strike|p2a: Rotom
|-damage|p2a: Rotom|10/100
|
|upkeep
|turn|16
|
|t:|1660701979
|switch|p2a: Dragapult|Dragapult, M|100/100
|move|p1a: Victini|V-create|p2a: Dragapult
|-resisted|p2a: Dragapult
|-damage|p2a: Dragapult|48/100
|-unboost|p1a: Victini|spe|1
|-unboost|p1a: Victini|def|1
|-unboost|p1a: Victini|spd|1
|
|upkeep
|turn|17
|
|t:|1660701983
|switch|p1a: Ferrothorn|Ferrothorn, F|12/100 brn
|-damage|p1a: Ferrothorn|6/100 brn|[from] Stealth Rock
|move|p2a: Dragapult|Shadow Ball|p1a: Ferrothorn
|-damage|p1a: Ferrothorn|0 fnt
|faint|p1a: Ferrothorn
|
|upkeep
|
|t:|1660701987
|switch|p1a: Tornadus|Tornadus-Therian, M|86/100
|-damage|p1a: Tornadus|61/100|[from] Stealth Rock
|turn|18
|
|t:|1660701994
|switch|p2a: Weavile|Weavile, M|100/100
|-ability|p2a: Weavile|Pressure
|move|p1a: Tornadus|Knock Off|p2a: Weavile
|-resisted|p2a: Weavile
|-damage|p2a: Weavile|82/100
|-enditem|p2a: Weavile|Choice Band|[from] move: Knock Off|[of] p1a: Tornadus
|
|upkeep
|turn|19
|
|t:|1660702004
|switch|p1a: Rotom|Rotom-Wash|70/100 tox
|-damage|p1a: Rotom|58/100 tox|[from] Stealth Rock
|move|p2a: Weavile|Beat Up|p1a: Rotom
|-damage|p1a: Rotom|50/100 tox
|-damage|p1a: Rotom|42/100 tox
|-damage|p1a: Rotom|35/100 tox
|-damage|p1a: Rotom|26/100 tox
|-damage|p1a: Rotom|18/100 tox
|-damage|p1a: Rotom|11/100 tox
|-hitcount|p1a: Rotom|6
|
|-damage|p1a: Rotom|5/100 tox|[from] psn
|upkeep
|turn|20
|
|t:|1660702007
|move|p2a: Weavile|Beat Up|p1a: Rotom
|-damage|p1a: Rotom|0 fnt
|faint|p1a: Rotom
|-hitcount|p1: Rotom|1
|
|upkeep
|
|t:|1660702012
|switch|p1a: Tapu Koko|Tapu Koko|100/100
|-damage|p1a: Tapu Koko|88/100|[from] Stealth Rock
|-fieldstart|move: Electric Terrain|[from] ability: Electric Surge|[of] p1a: Tapu Koko
|turn|21
|
|t:|1660702016
|switch|p2a: Landorus|Landorus-Therian, M|99/100
|-ability|p2a: Landorus|Intimidate|boost
|-unboost|p1a: Tapu Koko|atk|1
|move|p1a: Tapu Koko|Volt Switch|p2a: Landorus
|-immune|p2a: Landorus
|
|-heal|p2a: Landorus|100/100|[from] item: Leftovers
|upkeep
|turn|22
|
|t:|1660702019
|switch|p1a: Landorus|Landorus-Therian, M|100/100
|-damage|p1a: Landorus|88/100|[from] Stealth Rock
|-ability|p1a: Landorus|Intimidate|boost
|-unboost|p2a: Landorus|atk|1
|move|p2a: Landorus|U-turn|p1a: Landorus
|-resisted|p1a: Landorus
|-damage|p1a: Landorus|81/100
|
|t:|1660702021
|switch|p2a: Weavile|Weavile, M|82/100|[from]move: U-turn
|-ability|p2a: Weavile|Pressure
|
|-heal|p1a: Landorus|87/100|[from] item: Leftovers
|upkeep
|turn|23
|-message|d18l forfeited.
|
|win|LT93OQ #savetf2
|raw|d18l's rating: 1740 &rarr; <strong>1721</strong><br />(-19 for losing)
|raw|LT93OQ #savetf2's rating: 1751 &rarr; <strong>1770</strong><br />(+19 for winning)
