|raw|<div class="broadcast-blue"><strong>This battle is required to be public due to a player having a name starting with 'lt93oq'.</div>
|j|☆LT93OQ Lio
|j|☆Highv0ltag3
|t:|1660350941
|gametype|singles
|player|p1|LT93OQ Lio|2|1692
|player|p2|Highv0ltag3|volo|1768
|teamsize|p1|6
|teamsize|p2|6
|gen|8
|tier|[Gen 8] OU
|rated|
|rule|Sleep Clause Mod: Limit one foe put to sleep
|rule|Species Clause: Limit one of each Pokémon
|rule|OHKO Clause: OHKO moves are banned
|rule|Evasion Items Clause: Evasion items are banned
|rule|Evasion Moves Clause: Evasion moves are banned
|rule|Endless Battle Clause: Forcing endless battles is banned
|rule|HP Percentage Mod: HP is shown in percentages
|rule|Dynamax Clause: You cannot dynamax
|clearpoke
|poke|p1|Keldeo-Resolute|
|poke|p1|Dragapult, F|
|poke|p1|Clefable, F|
|poke|p1|Gastrodon, M|
|poke|p1|Corviknight, M|
|poke|p1|Kartana|
|poke|p2|Blissey, F|
|poke|p2|Buzzwole|
|poke|p2|Corviknight, M|
|poke|p2|Aerodactyl, M|
|poke|p2|Slowbro, M|
|poke|p2|Gastrodon, M|
|teampreview
|j| zReptar
|inactive|Battle timer is ON: inactive players will automatically lose when time's up. (requested by LT93OQ Lio)
|
|t:|1660350970
|start
|switch|p1a: Clefable|Clefable, F|100/100
|switch|p2a: Blissey|Blissey, F|100/100
|turn|1
|j| LT91BB qtipsa
|inactive|Highv0ltag3 has 120 seconds left.
|j| gohannbestperso
|l| gohannbestperso
|
|t:|1660351014
|switch|p2a: Corviknight|Corviknight, M|100/100
|-ability|p2a: Corviknight|Pressure
|move|p1a: Clefable|Stealth Rock|p2a: Corviknight
|-sidestart|p2: Highv0ltag3|move: Stealth Rock
|
|upkeep
|turn|2
|
|t:|1660351016
|move|p2a: Corviknight|Defog|p1a: Clefable
|-unboost|p1a: Clefable|evasion|1
|-sideend|p2: Highv0ltag3|Stealth Rock|[from] move: Defog|[of] p2a: Corviknight
|move|p1a: Clefable|Thunder Wave|p2a: Corviknight
|-status|p2a: Corviknight|par
|
|upkeep
|turn|3
|
|t:|1660351019
|switch|p2a: Blissey|Blissey, F|100/100
|move|p1a: Clefable|Stealth Rock|p2a: Blissey
|-sidestart|p2: Highv0ltag3|move: Stealth Rock
|
|upkeep
|turn|4
|
|t:|1660351023
|switch|p1a: Keldeo|Keldeo-Resolute|100/100
|move|p2a: Blissey|Stealth Rock|p1a: Keldeo
|-sidestart|p1: LT93OQ Lio|move: Stealth Rock
|
|upkeep
|turn|5
|
|t:|1660351035
|move|p1a: Keldeo|Substitute|p1a: Keldeo
|-start|p1a: Keldeo|Substitute
|-damage|p1a: Keldeo|76/100
|move|p2a: Blissey|Heal Bell|p2a: Blissey
|-activate|p2a: Blissey|move: Heal Bell
|-curestatus|p2: Corviknight|par|[msg]
|
|-heal|p1a: Keldeo|82/100|[from] item: Leftovers
|upkeep
|turn|6
|
|t:|1660351038
|switch|p2a: Corviknight|Corviknight, M|100/100
|-damage|p2a: Corviknight|88/100|[from] Stealth Rock
|-ability|p2a: Corviknight|Pressure
|move|p1a: Keldeo|Calm Mind|p1a: Keldeo
|-boost|p1a: Keldeo|spa|1
|-boost|p1a: Keldeo|spd|1
|
|-heal|p1a: Keldeo|88/100|[from] item: Leftovers
|-heal|p2a: Corviknight|94/100|[from] item: Leftovers
|upkeep
|turn|7
|
|t:|1660351041
|move|p1a: Keldeo|Scald|p2a: Corviknight
|-damage|p2a: Corviknight|49/100
|-status|p2a: Corviknight|brn
|move|p2a: Corviknight|Light Screen|p2a: Corviknight
|-sidestart|p2: Highv0ltag3|move: Light Screen
|
|-heal|p1a: Keldeo|94/100|[from] item: Leftovers
|-heal|p2a: Corviknight|56/100 brn|[from] item: Leftovers
|-damage|p2a: Corviknight|49/100 brn|[from] brn
|upkeep
|turn|8
|
|t:|1660351045
|move|p1a: Keldeo|Calm Mind|p1a: Keldeo
|-boost|p1a: Keldeo|spa|1
|-boost|p1a: Keldeo|spd|1
|move|p2a: Corviknight|Roost|p2a: Corviknight
|-heal|p2a: Corviknight|99/100 brn
|-singleturn|p2a: Corviknight|move: Roost
|
|-heal|p1a: Keldeo|100/100|[from] item: Leftovers
|-heal|p2a: Corviknight|100/100 brn|[from] item: Leftovers
|-damage|p2a: Corviknight|94/100 brn|[from] brn
|upkeep
|turn|9
|
|t:|1660351047
|move|p1a: Keldeo|Calm Mind|p1a: Keldeo
|-boost|p1a: Keldeo|spa|1
|-boost|p1a: Keldeo|spd|1
|move|p2a: Corviknight|U-turn|p1a: Keldeo
|-resisted|p1a: Keldeo
|-activate|p1a: Keldeo|move: Substitute|[damage]
|j| chokst du
|
|t:|1660351074
|switch|p2a: Buzzwole|Buzzwole|100/100|[from]move: U-turn
|-damage|p2a: Buzzwole|88/100|[from] Stealth Rock
|
|-heal|p2a: Buzzwole|94/100|[from] item: Leftovers
|upkeep
|turn|10
|
|t:|1660351077
|move|p1a: Keldeo|Scald|p2a: Buzzwole
|-damage|p2a: Buzzwole|21/100
|move|p2a: Buzzwole|Drain Punch|p1a: Keldeo
|-end|p1a: Keldeo|Substitute
|-heal|p2a: Buzzwole|29/100|[from] drain|[of] p1a: Keldeo
|
|-heal|p2a: Buzzwole|35/100|[from] item: Leftovers
|upkeep
|turn|11
|
|t:|1660351085
|move|p1a: Keldeo|Scald|p2a: Buzzwole
|-damage|p2a: Buzzwole|0 fnt
|faint|p2a: Buzzwole
|
|-sideend|p2: Highv0ltag3|move: Light Screen
|upkeep
|-message|Highv0ltag3 forfeited.
|
|win|LT93OQ Lio
|raw|LT93OQ Lio's rating: 1692 &rarr; <strong>1716</strong><br />(+24 for winning)
|raw|Highv0ltag3's rating: 1768 &rarr; <strong>1744</strong><br />(-24 for losing)
|l|☆Highv0ltag3
|l| zReptar
||Ladder isn't responding, score probably updated but might not have (Request timeout).
