|j|☆im coral
|j|☆IMSOMALD
|t:|1668094798
|gametype|singles
|player|p1|im coral|acetrainerf-gen7|1701
|player|p2|IMSOMALD|ethan-masters|1794
|teamsize|p1|6
|teamsize|p2|6
|gen|8
|tier|[Gen 8] OU
|rated|
|rule|Sleep Clause Mod: Limit one foe put to sleep
|rule|Species Clause: Limit one of each Pokémon
|rule|OHKO Clause: OHKO moves are banned
|rule|Evasion Items Clause: Evasion items are banned
|rule|Evasion Moves Clause: Evasion moves are banned
|rule|Endless Battle Clause: Forcing endless battles is banned
|rule|HP Percentage Mod: HP is shown in percentages
|rule|Dynamax Clause: You cannot dynamax
|clearpoke
|poke|p1|Ninetales-Alola, M|
|poke|p1|Arctozolt|
|poke|p1|Arctovish|
|poke|p1|Magnezone|
|poke|p1|Swampert, F|
|poke|p1|Zapdos|
|poke|p2|Rillaboom, F|
|poke|p2|Tornadus-Therian, M|
|poke|p2|Blaziken, M|
|poke|p2|Melmetal|
|poke|p2|Garchomp, F|
|poke|p2|Slowbro, M|
|teampreview
|inactive|Battle timer is ON: inactive players will automatically lose when time's up. (requested by IMSOMALD)
|
|t:|1668094812
|start
|switch|p1a: Jezaille Brett|Ninetales-Alola, M, shiny|100/100
|switch|p2a: Tornadus|Tornadus-Therian, M|100/100
|-weather|Hail|[from] ability: Snow Warning|[of] p1a: Jezaille Brett
|turn|1
|
|t:|1668094820
|switch|p1a: Zapdos|Zapdos|100/100
|move|p2a: Tornadus|Knock Off|p1a: Zapdos
|-damage|p1a: Zapdos|86/100
|-enditem|p1a: Zapdos|Heavy-Duty Boots|[from] move: Knock Off|[of] p2a: Tornadus
|
|-weather|Hail|[upkeep]
|-damage|p2a: Tornadus|94/100|[from] Hail
|-damage|p1a: Zapdos|80/100|[from] Hail
|upkeep
|turn|2
|c|☆im coral|glhf
|j| demgeilem
|c|☆IMSOMALD|hf
|
|t:|1668094839
|move|p2a: Tornadus|Heat Wave|p1a: Zapdos
|-damage|p1a: Zapdos|57/100
|move|p1a: Zapdos|U-turn|p2a: Tornadus
|-resisted|p2a: Tornadus
|-crit|p2a: Tornadus
|-damage|p2a: Tornadus|82/100
|
|t:|1668094845
|switch|p1a: Albert Harebrayne|Arctozolt|100/100|[from]move: U-turn
|
|-weather|Hail|[upkeep]
|-damage|p2a: Tornadus|76/100|[from] Hail
|upkeep
|turn|3
|
|t:|1668094857
|switch|p2a: Garchomp|Garchomp, F|100/100
|move|p1a: Albert Harebrayne|Bolt Beak|p2a: Garchomp
|-immune|p2a: Garchomp
|
|-weather|Hail|[upkeep]
|-damage|p2a: Garchomp|94/100|[from] Hail
|-heal|p2a: Garchomp|100/100|[from] item: Leftovers
|upkeep
|turn|4
|
|t:|1668094863
|move|p1a: Albert Harebrayne|Blizzard|p2a: Garchomp
|-supereffective|p2a: Garchomp
|-damage|p2a: Garchomp|0 fnt
|faint|p2a: Garchomp
|
|-weather|Hail|[upkeep]
|upkeep
|
|t:|1668094870
|switch|p2a: Melmetal|Melmetal|100/100
|turn|5
|
|t:|1668094876
|switch|p1a: Enoch Drebber|Magnezone|100/100
|move|p2a: Melmetal|Double Iron Bash|p1a: Enoch Drebber
|-resisted|p1a: Enoch Drebber
|-damage|p1a: Enoch Drebber|93/100
|-resisted|p1a: Enoch Drebber
|-damage|p1a: Enoch Drebber|85/100
|-hitcount|p1a: Enoch Drebber|2
|
|-weather|Hail|[upkeep]
|-damage|p1a: Enoch Drebber|79/100|[from] Hail
|-damage|p2a: Melmetal|94/100|[from] Hail
|-heal|p2a: Melmetal|100/100|[from] item: Leftovers
|upkeep
|turn|6
|
|t:|1668094882
|move|p1a: Enoch Drebber|Magnet Rise|p1a: Enoch Drebber
|-start|p1a: Enoch Drebber|Magnet Rise
|move|p2a: Melmetal|Superpower|p1a: Enoch Drebber
|-supereffective|p1a: Enoch Drebber
|-enditem|p1a: Enoch Drebber|Chople Berry|[eat]
|-enditem|p1a: Enoch Drebber|Chople Berry|[weaken]
|-damage|p1a: Enoch Drebber|44/100
|-unboost|p2a: Melmetal|atk|1
|-unboost|p2a: Melmetal|def|1
|
|-weather|Hail|[upkeep]
|-damage|p1a: Enoch Drebber|38/100|[from] Hail
|-damage|p2a: Melmetal|94/100|[from] Hail
|-heal|p2a: Melmetal|100/100|[from] item: Leftovers
|upkeep
|turn|7
|j| avatar wan's bae
|
|t:|1668094886
|move|p1a: Enoch Drebber|Iron Defense|p1a: Enoch Drebber
|-boost|p1a: Enoch Drebber|def|2
|move|p2a: Melmetal|Superpower|p1a: Enoch Drebber
|-supereffective|p1a: Enoch Drebber
|-damage|p1a: Enoch Drebber|15/100
|-unboost|p2a: Melmetal|atk|1
|-unboost|p2a: Melmetal|def|1
|
|-weather|Hail|[upkeep]
|-damage|p1a: Enoch Drebber|9/100|[from] Hail
|-damage|p2a: Melmetal|94/100|[from] Hail
|-heal|p2a: Melmetal|100/100|[from] item: Leftovers
|upkeep
|turn|8
|
|t:|1668094889
|move|p2a: Melmetal|Protect|p2a: Melmetal
|-singleturn|p2a: Melmetal|Protect
|move|p1a: Enoch Drebber|Body Press|p2a: Melmetal
|-activate|p2a: Melmetal|move: Protect
|
|-weather|none
|upkeep
|turn|9
|
|t:|1668094895
|move|p1a: Enoch Drebber|Body Press|p2a: Melmetal
|-supereffective|p2a: Melmetal
|-damage|p2a: Melmetal|0 fnt
|faint|p2a: Melmetal
|
|upkeep
|
|t:|1668094901
|switch|p2a: Blaziken|Blaziken, M|100/100
|turn|10
|
|t:|1668094906
|move|p2a: Blaziken|Flare Blitz|p1a: Enoch Drebber
|-supereffective|p1a: Enoch Drebber
|-damage|p1a: Enoch Drebber|0 fnt
|faint|p1a: Enoch Drebber
|-damage|p2a: Blaziken|98/100|[from] Recoil
|
|-heal|p2a: Blaziken|100/100|[from] item: Leftovers
|-ability|p2a: Blaziken|Speed Boost|boost
|-boost|p2a: Blaziken|spe|1
|upkeep
|
|t:|1668094909
|switch|p1a: Herlock Sholmes|Swampert, F|100/100
|turn|11
|
|t:|1668094916
|switch|p2a: Rillaboom|Rillaboom, F|100/100
|-fieldstart|move: Grassy Terrain|[from] ability: Grassy Surge|[of] p2a: Rillaboom
|move|p1a: Herlock Sholmes|Flip Turn|p2a: Rillaboom
|-resisted|p2a: Rillaboom
|-crit|p2a: Rillaboom
|-damage|p2a: Rillaboom|84/100
|
|t:|1668094918
|switch|p1a: Zapdos|Zapdos|57/100|[from]move: Flip Turn
|
|-heal|p2a: Rillaboom|90/100|[from] Grassy Terrain
|-heal|p2a: Rillaboom|96/100|[from] item: Leftovers
|upkeep
|turn|12
|
|t:|1668094923
|switch|p2a: Slowbro|Slowbro, M|100/100
|move|p1a: Zapdos|Roost|p1a: Zapdos
|-heal|p1a: Zapdos|100/100
|-singleturn|p1a: Zapdos|move: Roost
|
|upkeep
|turn|13
|
|t:|1668094929
|move|p1a: Zapdos|Discharge|p2a: Slowbro
|-supereffective|p2a: Slowbro
|-damage|p2a: Slowbro|33/100
|move|p2a: Slowbro|Toxic|p1a: Zapdos
|-status|p1a: Zapdos|tox
|
|-heal|p2a: Slowbro|40/100|[from] Grassy Terrain
|-damage|p1a: Zapdos|94/100 tox|[from] psn
|upkeep
|turn|14
|
|t:|1668094940
|switch|p2a: Rillaboom|Rillaboom, F|96/100
|move|p1a: Zapdos|Discharge|p2a: Rillaboom
|-resisted|p2a: Rillaboom
|-damage|p2a: Rillaboom|78/100
|
|-heal|p2a: Rillaboom|85/100|[from] Grassy Terrain
|-heal|p2a: Rillaboom|91/100|[from] item: Leftovers
|-damage|p1a: Zapdos|82/100 tox|[from] psn
|upkeep
|turn|15
|
|t:|1668094951
|move|p2a: Rillaboom|Grassy Glide|p1a: Zapdos
|-resisted|p1a: Zapdos
|-damage|p1a: Zapdos|65/100 tox
|move|p1a: Zapdos|U-turn|p2a: Rillaboom
|-supereffective|p2a: Rillaboom
|-damage|p2a: Rillaboom|62/100
|
|t:|1668094958
|switch|p1a: Jezaille Brett|Ninetales-Alola, M, shiny|100/100|[from]move: U-turn
|-weather|Hail|[from] ability: Snow Warning|[of] p1a: Jezaille Brett
|
|-weather|Hail|[upkeep]
|-damage|p2a: Rillaboom|56/100|[from] Hail
|-heal|p2a: Rillaboom|62/100|[from] Grassy Terrain
|-heal|p2a: Rillaboom|69/100|[from] item: Leftovers
|-fieldend|move: Grassy Terrain
|upkeep
|turn|16
|
|t:|1668094968
|switch|p2a: Tornadus|Tornadus-Therian, M|100/100
|move|p1a: Jezaille Brett|Moonblast|p2a: Tornadus
|-crit|p2a: Tornadus
|-damage|p2a: Tornadus|63/100
|-unboost|p2a: Tornadus|spa|1
|
|-weather|Hail|[upkeep]
|-damage|p2a: Tornadus|57/100|[from] Hail
|upkeep
|turn|17
|
|t:|1668094978
|move|p2a: Tornadus|Knock Off|p1a: Jezaille Brett
|-resisted|p1a: Jezaille Brett
|-damage|p1a: Jezaille Brett|88/100
|-enditem|p1a: Jezaille Brett|Icy Rock|[from] move: Knock Off|[of] p2a: Tornadus
|move|p1a: Jezaille Brett|Toxic|p2a: Tornadus
|-status|p2a: Tornadus|tox
|
|-weather|Hail|[upkeep]
|-damage|p2a: Tornadus|51/100 tox|[from] Hail
|-damage|p2a: Tornadus|45/100 tox|[from] psn
|upkeep
|turn|18
|
|t:|1668094985
|move|p2a: Tornadus|Heat Wave|p1a: Jezaille Brett
|-supereffective|p1a: Jezaille Brett
|-damage|p1a: Jezaille Brett|58/100
|move|p1a: Jezaille Brett|Toxic|p2a: Tornadus
|-fail|p2a: Tornadus|tox
|
|-weather|Hail|[upkeep]
|-damage|p2a: Tornadus|39/100 tox|[from] Hail
|-damage|p2a: Tornadus|27/100 tox|[from] psn
|upkeep
|turn|19
|
|t:|1668094997
|move|p2a: Tornadus|U-turn|p1a: Jezaille Brett
|-resisted|p1a: Jezaille Brett
|-damage|p1a: Jezaille Brett|49/100
|
|t:|1668094999
|switch|p2a: Slowbro|Slowbro, M|73/100|[from]move: U-turn
|move|p1a: Jezaille Brett|Moonblast|p2a: Slowbro
|-damage|p2a: Slowbro|42/100
|-unboost|p2a: Slowbro|spa|1
|
|-weather|Hail|[upkeep]
|-damage|p2a: Slowbro|36/100|[from] Hail
|upkeep
|turn|20
|
|t:|1668095007
|switch|p1a: Albert Harebrayne|Arctozolt|100/100
|move|p2a: Slowbro|Teleport|p2a: Slowbro
|
|t:|1668095012
|switch|p2a: Blaziken|Blaziken, M|100/100|[from]move: Teleport
|
|-weather|Hail|[upkeep]
|-damage|p2a: Blaziken|94/100|[from] Hail
|-heal|p2a: Blaziken|100/100|[from] item: Leftovers
|upkeep
|turn|21
|
|t:|1668095019
|switch|p1a: Herlock Sholmes|Swampert, F|100/100
|move|p2a: Blaziken|Protect||[still]
|-fail|p2a: Blaziken
|
|-weather|Hail|[upkeep]
|-damage|p2a: Blaziken|94/100|[from] Hail
|-damage|p1a: Herlock Sholmes|94/100|[from] Hail
|-heal|p2a: Blaziken|100/100|[from] item: Leftovers
|-ability|p2a: Blaziken|Speed Boost|boost
|-boost|p2a: Blaziken|spe|1
|upkeep
|turn|22
|
|t:|1668095027
|switch|p2a: Slowbro|Slowbro, M|69/100
|move|p1a: Herlock Sholmes|Flip Turn|p2a: Slowbro
|-resisted|p2a: Slowbro
|-damage|p2a: Slowbro|63/100
|-damage|p1a: Herlock Sholmes|78/100|[from] item: Rocky Helmet|[of] p2a: Slowbro
|
|t:|1668095029
|switch|p1a: Albert Harebrayne|Arctozolt|100/100|[from]move: Flip Turn
|
|-weather|none
|upkeep
|turn|23
|
|t:|1668095035
|move|p1a: Albert Harebrayne|Bolt Beak|p2a: Slowbro
|-supereffective|p2a: Slowbro
|-damage|p2a: Slowbro|0 fnt
|-damage|p1a: Albert Harebrayne|84/100|[from] item: Rocky Helmet|[of] p2a: Slowbro
|faint|p2a: Slowbro
|
|upkeep
|
|t:|1668095036
|switch|p2a: Blaziken|Blaziken, M|100/100
|turn|24
|
|t:|1668095040
|move|p1a: Albert Harebrayne|Stomping Tantrum|p2a: Blaziken
|-supereffective|p2a: Blaziken
|-damage|p2a: Blaziken|49/100
|move|p2a: Blaziken|Swords Dance|p2a: Blaziken
|-boost|p2a: Blaziken|atk|2
|
|-heal|p2a: Blaziken|56/100|[from] item: Leftovers
|-ability|p2a: Blaziken|Speed Boost|boost
|-boost|p2a: Blaziken|spe|1
|upkeep
|turn|25
|
|t:|1668095052
|switch|p1a: Barok Van Zieks|Arctovish|100/100
|move|p2a: Blaziken|Flare Blitz|p1a: Barok Van Zieks
|-damage|p1a: Barok Van Zieks|0 fnt
|faint|p1a: Barok Van Zieks
|-damage|p2a: Blaziken|25/100|[from] Recoil
|
|-heal|p2a: Blaziken|31/100|[from] item: Leftovers
|-ability|p2a: Blaziken|Speed Boost|boost
|-boost|p2a: Blaziken|spe|1
|upkeep
|
|t:|1668095055
|switch|p1a: Herlock Sholmes|Swampert, F|78/100
|turn|26
|
|t:|1668095060
|switch|p1a: Zapdos|Zapdos|65/100 tox
|move|p2a: Blaziken|Close Combat|p1a: Zapdos
|-resisted|p1a: Zapdos
|-damage|p1a: Zapdos|17/100 tox
|-unboost|p2a: Blaziken|def|1
|-unboost|p2a: Blaziken|spd|1
|
|-heal|p2a: Blaziken|37/100|[from] item: Leftovers
|-damage|p1a: Zapdos|11/100 tox|[from] psn
|-ability|p2a: Blaziken|Speed Boost|boost
|-boost|p2a: Blaziken|spe|1
|upkeep
|turn|27
|
|t:|1668095069
|move|p2a: Blaziken|Flare Blitz|p1a: Zapdos
|-damage|p1a: Zapdos|0 fnt
|faint|p1a: Zapdos
|-damage|p2a: Blaziken|33/100|[from] Recoil
|
|-heal|p2a: Blaziken|39/100|[from] item: Leftovers
|-ability|p2a: Blaziken|Speed Boost|boost
|-boost|p2a: Blaziken|spe|1
|upkeep
|
|t:|1668095076
|switch|p1a: Herlock Sholmes|Swampert, F|78/100
|turn|28
|
|t:|1668095078
|move|p2a: Blaziken|Close Combat|p1a: Herlock Sholmes
|-damage|p1a: Herlock Sholmes|0 fnt
|-unboost|p2a: Blaziken|def|1
|-unboost|p2a: Blaziken|spd|1
|faint|p1a: Herlock Sholmes
|
|-heal|p2a: Blaziken|46/100|[from] item: Leftovers
|-ability|p2a: Blaziken|Speed Boost|boost
|-boost|p2a: Blaziken|spe|1
|upkeep
|
|t:|1668095082
|switch|p1a: Jezaille Brett|Ninetales-Alola, M, shiny|49/100
|-weather|Hail|[from] ability: Snow Warning|[of] p1a: Jezaille Brett
|turn|29
|
|t:|1668095086
|move|p2a: Blaziken|Close Combat|p1a: Jezaille Brett
|-damage|p1a: Jezaille Brett|0 fnt
|-unboost|p2a: Blaziken|def|1
|-unboost|p2a: Blaziken|spd|1
|faint|p1a: Jezaille Brett
|
|-weather|Hail|[upkeep]
|-damage|p2a: Blaziken|39/100|[from] Hail
|-heal|p2a: Blaziken|46/100|[from] item: Leftovers
|-ability|p2a: Blaziken|Speed Boost|boost
|-boost|p2a: Blaziken|spe|1
|upkeep
|
|t:|1668095089
|switch|p1a: Albert Harebrayne|Arctozolt|84/100
|turn|30
|
|t:|1668095091
|move|p2a: Blaziken|Close Combat|p1a: Albert Harebrayne
|-supereffective|p1a: Albert Harebrayne
|-damage|p1a: Albert Harebrayne|0 fnt
|-unboost|p2a: Blaziken|def|1
|-unboost|p2a: Blaziken|spd|1
|faint|p1a: Albert Harebrayne
|
|win|IMSOMALD
|raw|im coral's rating: 1701 &rarr; <strong>1686</strong><br />(-15 for losing)
|raw|IMSOMALD's rating: 1794 &rarr; <strong>1809</strong><br />(+15 for winning)
|c|☆im coral|gg
|l|☆im coral
|c|☆IMSOMALD|gg
|l| demgeilem
|l| avatar wan's bae
||Ladder isn't responding, score probably updated but might not have (Request timeout).
