|j|☆yuwenxian
|j|☆Makuryu
|t:|1658591040
|gametype|singles
|player|p1|yuwenxian|dawn|1619
|player|p2|Makuryu|koga|1827
|teamsize|p1|6
|teamsize|p2|6
|gen|8
|tier|[Gen 8] OU
|rated|
|rule|Sleep Clause Mod: Limit one foe put to sleep
|rule|Species Clause: Limit one of each Pokémon
|rule|OHKO Clause: OHKO moves are banned
|rule|Evasion Moves Clause: Evasion moves are banned
|rule|Endless Battle Clause: Forcing endless battles is banned
|rule|HP Percentage Mod: HP is shown in percentages
|rule|Dynamax Clause: You cannot dynamax
|clearpoke
|poke|p1|Dragonite, M|
|poke|p1|Heatran, M|
|poke|p1|Urshifu-*, M|
|poke|p1|Landorus-Therian, M|
|poke|p1|Latias, F|
|poke|p1|Tapu Koko|
|poke|p2|Landorus-Therian, M|
|poke|p2|Tapu Lele|
|poke|p2|Magnezone|
|poke|p2|Kartana|
|poke|p2|Dragonite, M|
|poke|p2|Weavile, M|
|teampreview
|j| DiscoinChurno
|inactive|Battle timer is ON: inactive players will automatically lose when time's up. (requested by yuwenxian)
|
|t:|1658591064
|start
|switch|p1a: Dragonite|Dragonite, M|100/100
|switch|p2a: Landorus|Landorus-Therian, M|100/100
|-ability|p2a: Landorus|Intimidate|boost
|-unboost|p1a: Dragonite|atk|1
|turn|1
|
|t:|1658591072
|move|p1a: Dragonite|Ice Beam|p2a: Landorus
|-supereffective|p2a: Landorus
|-damage|p2a: Landorus|19/100
|-status|p2a: Landorus|frz
|cant|p2a: Landorus|frz
|
|-heal|p2a: Landorus|25/100 frz|[from] item: Leftovers
|upkeep
|turn|2
|c|☆Makuryu|ah
|
|t:|1658591082
|switch|p2a: Weavile|Weavile, M|100/100
|-ability|p2a: Weavile|Pressure
|move|p1a: Dragonite|Ice Beam|p2a: Weavile
|-resisted|p2a: Weavile
|-damage|p2a: Weavile|81/100
|
|upkeep
|turn|3
|
|t:|1658591091
|switch|p2a: Kartana|Kartana|100/100
|move|p1a: Dragonite|Fire Blast|p2a: Kartana|[miss]
|-miss|p1a: Dragonite|p2a: Kartana
|
|upkeep
|turn|4
|
|t:|1658591100
|switch|p2a: Tapu Lele|Tapu Lele|100/100
|-fieldstart|move: Psychic Terrain|[from] ability: Psychic Surge|[of] p2a: Tapu Lele
|move|p1a: Dragonite|Ice Beam|p2a: Tapu Lele
|-damage|p2a: Tapu Lele|71/100
|
|upkeep
|turn|5
|
|t:|1658591115
|move|p2a: Tapu Lele|Moonblast|p1a: Dragonite
|-supereffective|p1a: Dragonite
|-damage|p1a: Dragonite|22/100
|move|p1a: Dragonite|Earthquake|p2a: Tapu Lele
|-damage|p2a: Tapu Lele|42/100
|
|upkeep
|turn|6
|
|t:|1658591131
|move|p2a: Tapu Lele|Moonblast|p1a: Dragonite
|-supereffective|p1a: Dragonite
|-damage|p1a: Dragonite|0 fnt
|faint|p1a: Dragonite
|
|upkeep
|
|t:|1658591144
|switch|p1a: Heatran|Heatran, M|100/100
|-item|p1a: Heatran|Air Balloon
|turn|7
|
|t:|1658591153
|switch|p2a: Landorus|Landorus-Therian, M|25/100 frz
|-ability|p2a: Landorus|Intimidate|boost
|-unboost|p1a: Heatran|atk|1
|move|p1a: Heatran|Eruption|p2a: Landorus
|-damage|p2a: Landorus|0 fnt
|faint|p2a: Landorus
|
|upkeep
|
|t:|1658591168
|switch|p2a: Tapu Lele|Tapu Lele|42/100
|turn|8
|
|t:|1658591178
|switch|p1a: Tapu Koko|Tapu Koko|100/100
|-fieldstart|move: Electric Terrain|[from] ability: Electric Surge|[of] p1a: Tapu Koko
|move|p2a: Tapu Lele|Focus Blast|p1a: Tapu Koko|[miss]
|-miss|p2a: Tapu Lele|p1a: Tapu Koko
|
|upkeep
|turn|9
|
|t:|1658591186
|switch|p2a: Magnezone|Magnezone|100/100
|move|p1a: Tapu Koko|Volt Switch|p2a: Magnezone
|-resisted|p2a: Magnezone
|-damage|p2a: Magnezone|82/100
|
|t:|1658591193
|switch|p1a: Heatran|Heatran, M|100/100|[from]move: Volt Switch
|-item|p1a: Heatran|Air Balloon
|
|upkeep
|turn|10
|
|t:|1658591203
|switch|p2a: Weavile|Weavile, M|81/100
|-ability|p2a: Weavile|Pressure
|move|p1a: Heatran|Eruption|p2a: Weavile
|-supereffective|p2a: Weavile
|-damage|p2a: Weavile|0 fnt
|faint|p2a: Weavile
|
|upkeep
|
|t:|1658591212
|switch|p2a: Tapu Lele|Tapu Lele|42/100
|-fieldstart|move: Psychic Terrain|[from] ability: Psychic Surge|[of] p2a: Tapu Lele
|turn|11
|
|t:|1658591218
|move|p2a: Tapu Lele|Moonblast|p1a: Heatran
|-resisted|p1a: Heatran
|-damage|p1a: Heatran|82/100
|-enditem|p1a: Heatran|Air Balloon
|move|p1a: Heatran|Flash Cannon|p2a: Tapu Lele
|-supereffective|p2a: Tapu Lele
|-damage|p2a: Tapu Lele|0 fnt
|faint|p2a: Tapu Lele
|
|upkeep
|
|t:|1658591232
|switch|p2a: Dragonite|Dragonite, M|100/100
|turn|12
|l| DiscoinChurno
|
|t:|1658591239
|switch|p1a: Tapu Koko|Tapu Koko|100/100
|-fieldstart|move: Electric Terrain|[from] ability: Electric Surge|[of] p1a: Tapu Koko
|move|p2a: Dragonite|Dragon Dance|p2a: Dragonite
|-boost|p2a: Dragonite|atk|1
|-boost|p2a: Dragonite|spe|1
|
|upkeep
|turn|13
|
|t:|1658591262
|move|p2a: Dragonite|Earthquake|p1a: Tapu Koko
|-supereffective|p1a: Tapu Koko
|-damage|p1a: Tapu Koko|0 fnt
|faint|p1a: Tapu Koko
|
|upkeep
|
|t:|1658591269
|switch|p1a: Landorus|Landorus-Therian, M, shiny|100/100
|-ability|p1a: Landorus|Intimidate|boost
|-unboost|p2a: Dragonite|atk|1
|turn|14
|
|t:|1658591273
|move|p2a: Dragonite|Ice Punch|p1a: Landorus
|-supereffective|p1a: Landorus
|-damage|p1a: Landorus|22/100
|move|p1a: Landorus|Toxic|p2a: Dragonite
|-status|p2a: Dragonite|tox
|
|-heal|p1a: Landorus|28/100|[from] item: Leftovers
|-damage|p2a: Dragonite|94/100 tox|[from] psn
|upkeep
|turn|15
|
|t:|1658591286
|move|p2a: Dragonite|Ice Punch|p1a: Landorus
|-supereffective|p1a: Landorus
|-damage|p1a: Landorus|0 fnt
|faint|p1a: Landorus
|
|-damage|p2a: Dragonite|82/100 tox|[from] psn
|upkeep
|
|t:|1658591294
|switch|p1a: Latias|Latias, F|100/100
|turn|16
|
|t:|1658591297
|move|p2a: Dragonite|Ice Punch|p1a: Latias
|-supereffective|p1a: Latias
|-damage|p1a: Latias|60/100
|-enditem|p1a: Latias|Weakness Policy
|-boost|p1a: Latias|atk|2|[from] item: Weakness Policy
|-boost|p1a: Latias|spa|2|[from] item: Weakness Policy
|move|p1a: Latias|Agility|p1a: Latias
|-boost|p1a: Latias|spe|2
|
|-damage|p2a: Dragonite|63/100 tox|[from] psn
|-fieldend|move: Electric Terrain
|upkeep
|turn|17
|
|t:|1658591311
|move|p1a: Latias|Stored Power|p2a: Dragonite
|-damage|p2a: Dragonite|0 fnt
|faint|p2a: Dragonite
|
|upkeep
|
|t:|1658591316
|switch|p2a: Kartana|Kartana|100/100
|turn|18
|
|t:|1658591320
|move|p1a: Latias|Aura Sphere|p2a: Kartana
|-supereffective|p2a: Kartana
|-damage|p2a: Kartana|0 fnt
|faint|p2a: Kartana
|
|upkeep
|-message|Makuryu forfeited.
|
|win|yuwenxian
|raw|yuwenxian's rating: 1619 &rarr; <strong>1650</strong><br />(+31 for winning)
|raw|Makuryu's rating: 1827 &rarr; <strong>1796</strong><br />(-31 for losing)
|l|☆Makuryu
||Ladder isn't responding, score probably updated but might not have (Request timeout).
