|j|☆yoyolord
|j|☆Ferrothornail草钢甲
|t:|1662776005
|gametype|singles
|player|p1|yoyolord|dawn-gen4pt|1751
|player|p2|Ferrothornail草钢甲|169|1735
|teamsize|p1|6
|teamsize|p2|6
|gen|8
|tier|[Gen 8] OU
|rated|
|rule|Sleep Clause Mod: Limit one foe put to sleep
|rule|Species Clause: Limit one of each Pokémon
|rule|OHKO Clause: OHKO moves are banned
|rule|Evasion Items Clause: Evasion items are banned
|rule|Evasion Moves Clause: Evasion moves are banned
|rule|Endless Battle Clause: Forcing endless battles is banned
|rule|HP Percentage Mod: HP is shown in percentages
|rule|Dynamax Clause: You cannot dynamax
|clearpoke
|poke|p1|Magnezone|
|poke|p1|Tapu Fini|
|poke|p1|Hippowdon, M|
|poke|p1|Tornadus-Therian, M|
|poke|p1|Slowking, F|
|poke|p1|Amoonguss, M|
|poke|p2|Hatterene, F|
|poke|p2|Porygon2|
|poke|p2|Cresselia, F|
|poke|p2|Marowak-Alola, M|
|poke|p2|Crawdaunt, F|
|poke|p2|Melmetal|
|teampreview
|
|t:|1662776015
|start
|switch|p1a: Tricking|Slowking, F, shiny|100/100
|switch|p2a: Hatterene|Hatterene, F|100/100
|turn|1
|
|t:|1662776017
|move|p1a: Tricking|Future Sight|p2a: Hatterene
|-start|p1a: Tricking|move: Future Sight
|move|p2a: Hatterene|Trick Room|p2a: Hatterene
|-fieldstart|move: Trick Room|[of] p2a: Hatterene
|
|upkeep
|turn|2
|
|t:|1662776019
|switch|p2a: Crawdaunt|Crawdaunt, F|100/100
|move|p1a: Tricking|Scald|p2a: Crawdaunt
|-resisted|p2a: Crawdaunt
|-damage|p2a: Crawdaunt|80/100
|
|upkeep
|turn|3
|
|t:|1662776024
|switch|p1a: Tapu Fini|Tapu Fini|100/100
|-fieldstart|move: Misty Terrain|[from] ability: Misty Surge|[of] p1a: Tapu Fini
|move|p2a: Crawdaunt|Knock Off|p1a: Tapu Fini
|-resisted|p1a: Tapu Fini
|-damage|p1a: Tapu Fini|70/100
|-enditem|p1a: Tapu Fini|Leftovers|[from] move: Knock Off|[of] p2a: Crawdaunt
|-damage|p2a: Crawdaunt|70/100|[from] item: Life Orb
|
|-end|p2a: Crawdaunt|move: Future Sight
|-immune|p2a: Crawdaunt
|upkeep
|turn|4
|
|t:|1662776029
|switch|p2a: Marowak|Marowak-Alola, M|100/100
|move|p1a: Tapu Fini|Draining Kiss|p2a: Marowak
|-resisted|p2a: Marowak
|-damage|p2a: Marowak|91/100
|-heal|p1a: Tapu Fini|77/100|[from] drain|[of] p2a: Marowak
|
|upkeep
|turn|5
|
|t:|1662776053
|switch|p1a: Hippowdon|Hippowdon, M|100/100
|-weather|Sandstorm|[from] ability: Sand Stream|[of] p1a: Hippowdon
|move|p2a: Marowak|Swords Dance|p2a: Marowak
|-boost|p2a: Marowak|atk|2
|
|-weather|Sandstorm|[upkeep]
|-damage|p2a: Marowak|85/100|[from] Sandstorm
|-fieldend|move: Trick Room
|upkeep
|turn|6
|
|t:|1662776065
|move|p1a: Hippowdon|Earthquake|p2a: Marowak
|-supereffective|p2a: Marowak
|-damage|p2a: Marowak|11/100
|move|p2a: Marowak|Flare Blitz|p1a: Hippowdon
|-damage|p1a: Hippowdon|0 fnt
|faint|p1a: Hippowdon
|
|-weather|Sandstorm|[upkeep]
|-damage|p2a: Marowak|5/100|[from] Sandstorm
|upkeep
|
|t:|1662776068
|switch|p1a: Tornadus|Tornadus-Therian, M, shiny|100/100
|turn|7
|
|t:|1662776080
|switch|p2a: Porygon2|Porygon2|100/100
|-ability|p2a: Porygon2|Download|boost
|-boost|p2a: Porygon2|atk|1
|move|p1a: Tornadus|Knock Off|p2a: Porygon2
|-damage|p2a: Porygon2|88/100
|-enditem|p2a: Porygon2|Eviolite|[from] move: Knock Off|[of] p1a: Tornadus
|
|-weather|Sandstorm|[upkeep]
|-damage|p1a: Tornadus|94/100|[from] Sandstorm
|-damage|p2a: Porygon2|82/100|[from] Sandstorm
|-fieldend|Misty Terrain
|upkeep
|turn|8
|
|t:|1662776083
|move|p1a: Tornadus|U-turn|p2a: Porygon2
|-damage|p2a: Porygon2|68/100
|j| SKTT1otto
|
|t:|1662776093
|switch|p1a: Magnezone|Magnezone|100/100|[from]move: U-turn
|move|p2a: Porygon2|Trick Room|p2a: Porygon2
|-fieldstart|move: Trick Room|[of] p2a: Porygon2
|
|-weather|Sandstorm|[upkeep]
|-damage|p2a: Porygon2|62/100|[from] Sandstorm
|upkeep
|turn|9
|
|t:|1662776100
|move|p1a: Magnezone|Iron Defense|p1a: Magnezone
|-boost|p1a: Magnezone|def|2
|move|p2a: Porygon2|Teleport|p2a: Porygon2
|
|t:|1662776102
|switch|p2a: Marowak|Marowak-Alola, M|5/100|[from]move: Teleport
|
|-weather|none
|upkeep
|turn|10
|
|t:|1662776106
|move|p2a: Marowak|Flare Blitz|p1a: Magnezone
|-supereffective|p1a: Magnezone
|-damage|p1a: Magnezone|30/100
|move|p1a: Magnezone|Thunderbolt|p2a: Marowak
|-damage|p2a: Marowak|0 fnt
|faint|p2a: Marowak
|
|-heal|p1a: Magnezone|36/100|[from] item: Leftovers
|upkeep
|
|t:|1662776112
|switch|p2a: Melmetal|Melmetal|100/100
|turn|11
|
|t:|1662776116
|switch|p1a: Tornadus|Tornadus-Therian, M, shiny|100/100
|move|p2a: Melmetal|Superpower|p1a: Tornadus
|-resisted|p1a: Tornadus
|-damage|p1a: Tornadus|65/100
|-unboost|p2a: Melmetal|atk|1
|-unboost|p2a: Melmetal|def|1
|
|upkeep
|turn|12
|
|t:|1662776122
|switch|p2a: Porygon2|Porygon2|62/100
|-ability|p2a: Porygon2|Download|boost
|-boost|p2a: Porygon2|atk|1
|move|p1a: Tornadus|U-turn|p2a: Porygon2
|-damage|p2a: Porygon2|47/100
|
|t:|1662776123
|switch|p1a: Magnezone|Magnezone|36/100|[from]move: U-turn
|
|-heal|p1a: Magnezone|42/100|[from] item: Leftovers
|-fieldend|move: Trick Room
|upkeep
|turn|13
|
|t:|1662776128
|switch|p2a: Hatterene|Hatterene, F|100/100
|move|p1a: Magnezone|Body Press|p2a: Hatterene
|-resisted|p2a: Hatterene
|-damage|p2a: Hatterene|93/100
|
|-heal|p1a: Magnezone|48/100|[from] item: Leftovers
|upkeep
|turn|14
|
|t:|1662776130
|switch|p1a: Tricking|Slowking, F, shiny|100/100
|move|p2a: Hatterene|Mystical Fire|p1a: Tricking
|-resisted|p1a: Tricking
|-damage|p1a: Tricking|95/100
|-unboost|p1a: Tricking|spa|1
|
|upkeep
|turn|15
|
|t:|1662776133
|move|p1a: Tricking|Future Sight|p2a: Hatterene
|-start|p1a: Tricking|move: Future Sight
|move|p2a: Hatterene|Trick Room|p2a: Hatterene
|-fieldstart|move: Trick Room|[of] p2a: Hatterene
|
|upkeep
|turn|16
|
|t:|1662776136
|switch|p2a: Melmetal|Melmetal|100/100
|move|p1a: Tricking|Dragon Tail|p2a: Melmetal
|-resisted|p2a: Melmetal
|-damage|p2a: Melmetal|97/100
|drag|p2a: Crawdaunt|Crawdaunt, F|70/100
|
|upkeep
|turn|17
|
|t:|1662776143
|switch|p1a: Amoonguss|Amoonguss, M|100/100
|move|p2a: Crawdaunt|Crabhammer|p1a: Amoonguss
|-resisted|p1a: Amoonguss
|-damage|p1a: Amoonguss|67/100
|-damage|p2a: Crawdaunt|53/100|[from] item: Rocky Helmet|[of] p1a: Amoonguss
|-damage|p2a: Crawdaunt|43/100|[from] item: Life Orb
|
|-end|p2a: Crawdaunt|move: Future Sight
|-immune|p2a: Crawdaunt
|upkeep
|turn|18
|
|t:|1662776150
|switch|p2a: Hatterene|Hatterene, F|93/100
|move|p1a: Amoonguss|Giga Drain|p2a: Hatterene
|-damage|p2a: Hatterene|71/100
|-heal|p1a: Amoonguss|75/100|[from] drain|[of] p2a: Hatterene
|
|upkeep
|turn|19
|
|t:|1662776156
|switch|p2a: Crawdaunt|Crawdaunt, F|43/100
|switch|p1a: Tricking|Slowking, F, shiny|100/100
|
|-fieldend|move: Trick Room
|upkeep
|turn|20
|
|t:|1662776159
|switch|p1a: Tapu Fini|Tapu Fini|77/100
|-fieldstart|move: Misty Terrain|[from] ability: Misty Surge|[of] p1a: Tapu Fini
|move|p2a: Crawdaunt|Knock Off|p1a: Tapu Fini
|-resisted|p1a: Tapu Fini
|-damage|p1a: Tapu Fini|57/100
|-damage|p2a: Crawdaunt|33/100|[from] item: Life Orb
|
|upkeep
|turn|21
|
|t:|1662776162
|switch|p2a: Hatterene|Hatterene, F|71/100
|move|p1a: Tapu Fini|Draining Kiss|p2a: Hatterene
|-damage|p2a: Hatterene|54/100
|-heal|p1a: Tapu Fini|69/100|[from] drain|[of] p2a: Hatterene
|
|upkeep
|turn|22
|l| SKTT1otto
|
|t:|1662776165
|move|p1a: Tapu Fini|Draining Kiss|p2a: Hatterene
|-damage|p2a: Hatterene|37/100
|-heal|p1a: Tapu Fini|80/100|[from] drain|[of] p2a: Hatterene
|move|p2a: Hatterene|Trick Room|p2a: Hatterene
|-fieldstart|move: Trick Room|[of] p2a: Hatterene
|
|upkeep
|turn|23
|
|t:|1662776170
|switch|p1a: Amoonguss|Amoonguss, M|100/100
|move|p2a: Hatterene|Healing Wish|p2a: Hatterene
|faint|p2a: Hatterene
|
|upkeep
|
|t:|1662776172
|switch|p2a: Melmetal|Melmetal|97/100
|-heal|p2a: Melmetal|100/100|[from] move: Healing Wish
|turn|24
|
|t:|1662776176
|switch|p1a: Tornadus|Tornadus-Therian, M, shiny|98/100
|move|p2a: Melmetal|Double Iron Bash|p1a: Tornadus
|-damage|p1a: Tornadus|32/100
|-damage|p1a: Tornadus|0 fnt
|faint|p1a: Tornadus
|-hitcount|p1: Tornadus|2
|
|-fieldend|Misty Terrain
|upkeep
|
|t:|1662776180
|switch|p1a: Magnezone|Magnezone|48/100
|turn|25
|
|t:|1662776183
|move|p2a: Melmetal|Double Iron Bash|p1a: Magnezone
|-resisted|p1a: Magnezone
|-damage|p1a: Magnezone|36/100
|-resisted|p1a: Magnezone
|-damage|p1a: Magnezone|24/100
|-hitcount|p1a: Magnezone|2
|cant|p1a: Magnezone|flinch
|
|-heal|p1a: Magnezone|30/100|[from] item: Leftovers
|upkeep
|turn|26
|
|t:|1662776188
|move|p2a: Melmetal|Double Iron Bash|p1a: Magnezone
|-resisted|p1a: Magnezone
|-damage|p1a: Magnezone|18/100
|-resisted|p1a: Magnezone
|-damage|p1a: Magnezone|6/100
|-hitcount|p1a: Magnezone|2
|cant|p1a: Magnezone|flinch
|
|-heal|p1a: Magnezone|13/100|[from] item: Leftovers
|-fieldend|move: Trick Room
|upkeep
|turn|27
|
|t:|1662776193
|move|p1a: Magnezone|Iron Defense|p1a: Magnezone
|-boost|p1a: Magnezone|def|2
|move|p2a: Melmetal|Double Iron Bash|p1a: Magnezone
|-resisted|p1a: Magnezone
|-damage|p1a: Magnezone|7/100
|-resisted|p1a: Magnezone
|-damage|p1a: Magnezone|1/100
|-hitcount|p1a: Magnezone|2
|
|-heal|p1a: Magnezone|8/100|[from] item: Leftovers
|upkeep
|turn|28
|
|t:|1662776195
|move|p1a: Magnezone|Iron Defense|p1a: Magnezone
|-boost|p1a: Magnezone|def|2
|move|p2a: Melmetal|Double Iron Bash|p1a: Magnezone
|-resisted|p1a: Magnezone
|-damage|p1a: Magnezone|4/100
|-resisted|p1a: Magnezone
|-damage|p1a: Magnezone|0 fnt
|faint|p1a: Magnezone
|-hitcount|p1: Magnezone|2
|
|upkeep
|
|t:|1662776198
|switch|p1a: Amoonguss|Amoonguss, M|100/100
|turn|29
|
|t:|1662776200
|switch|p2a: Crawdaunt|Crawdaunt, F|33/100
|move|p1a: Amoonguss|Spore|p2a: Crawdaunt
|-status|p2a: Crawdaunt|slp|[from] move: Spore
|
|upkeep
|turn|30
|
|t:|1662776202
|switch|p2a: Cresselia|Cresselia, F|100/100
|move|p1a: Amoonguss|Giga Drain|p2a: Cresselia
|-damage|p2a: Cresselia|86/100
|
|upkeep
|turn|31
|
|t:|1662776205
|switch|p1a: Tricking|Slowking, F, shiny|100/100
|move|p2a: Cresselia|Trick Room|p2a: Cresselia
|-fieldstart|move: Trick Room|[of] p2a: Cresselia
|
|upkeep
|turn|32
|
|t:|1662776208
|switch|p2a: Melmetal|Melmetal|100/100
|move|p1a: Tricking|Future Sight|p2a: Melmetal
|-start|p1a: Tricking|move: Future Sight
|
|upkeep
|turn|33
|
|t:|1662776210
|move|p2a: Melmetal|Double Iron Bash|p1a: Tricking
|-resisted|p1a: Tricking
|-damage|p1a: Tricking|63/100
|-resisted|p1a: Tricking
|-damage|p1a: Tricking|29/100
|-hitcount|p1a: Tricking|2
|cant|p1a: Tricking|flinch
|
|upkeep
|turn|34
|
|t:|1662776212
|move|p2a: Melmetal|Double Iron Bash|p1a: Tricking
|-resisted|p1a: Tricking
|-damage|p1a: Tricking|0 fnt
|faint|p1a: Tricking
|-hitcount|p1: Tricking|1
|
|-end|p2a: Melmetal|move: Future Sight
|-resisted|p2a: Melmetal
|-damage|p2a: Melmetal|81/100
|upkeep
|
|t:|1662776213
|switch|p1a: Amoonguss|Amoonguss, M|100/100
|turn|35
|
|t:|1662776215
|move|p2a: Melmetal|Double Iron Bash|p1a: Amoonguss
|-damage|p1a: Amoonguss|51/100
|-damage|p2a: Melmetal|64/100|[from] item: Rocky Helmet|[of] p1a: Amoonguss
|-damage|p1a: Amoonguss|8/100
|-damage|p2a: Melmetal|48/100|[from] item: Rocky Helmet|[of] p1a: Amoonguss
|-hitcount|p1a: Amoonguss|2
|cant|p1a: Amoonguss|flinch
|
|-fieldend|move: Trick Room
|upkeep
|turn|36
|
|t:|1662776222
|move|p1a: Amoonguss|Foul Play|p2a: Melmetal
|-damage|p2a: Melmetal|27/100
|-activate|p2a: Melmetal|move: Struggle
|move|p2a: Melmetal|Struggle|p1a: Amoonguss
|-damage|p1a: Amoonguss|0 fnt
|-damage|p2a: Melmetal|10/100|[from] item: Rocky Helmet|[of] p1a: Amoonguss
|faint|p1a: Amoonguss
|-damage|p2a: Melmetal|0 fnt|[from] recoil
|faint|p2a: Melmetal
|
|upkeep
|
|t:|1662776231
|switch|p1a: Tapu Fini|Tapu Fini|80/100
|switch|p2a: Porygon2|Porygon2|47/100
|-fieldstart|move: Misty Terrain|[from] ability: Misty Surge|[of] p1a: Tapu Fini
|-ability|p2a: Porygon2|Download|boost
|-boost|p2a: Porygon2|spa|1
|turn|37
|
|t:|1662776235
|move|p1a: Tapu Fini|Calm Mind|p1a: Tapu Fini
|-boost|p1a: Tapu Fini|spa|1
|-boost|p1a: Tapu Fini|spd|1
|move|p2a: Porygon2|Trick Room|p2a: Porygon2
|-fieldstart|move: Trick Room|[of] p2a: Porygon2
|
|upkeep
|turn|38
|
|t:|1662776237
|move|p2a: Porygon2|Thunderbolt|p1a: Tapu Fini
|-supereffective|p1a: Tapu Fini
|-damage|p1a: Tapu Fini|46/100
|move|p1a: Tapu Fini|Calm Mind|p1a: Tapu Fini
|-boost|p1a: Tapu Fini|spa|1
|-boost|p1a: Tapu Fini|spd|1
|
|upkeep
|turn|39
|
|t:|1662776239
|move|p2a: Porygon2|Thunderbolt|p1a: Tapu Fini
|-supereffective|p1a: Tapu Fini
|-damage|p1a: Tapu Fini|19/100
|move|p1a: Tapu Fini|Draining Kiss|p2a: Porygon2
|-damage|p2a: Porygon2|26/100
|-heal|p1a: Tapu Fini|36/100|[from] drain|[of] p2a: Porygon2
|
|upkeep
|turn|40
|
|t:|1662776242
|move|p2a: Porygon2|Thunderbolt|p1a: Tapu Fini
|-supereffective|p1a: Tapu Fini
|-damage|p1a: Tapu Fini|11/100
|move|p1a: Tapu Fini|Draining Kiss|p2a: Porygon2
|-damage|p2a: Porygon2|5/100
|-heal|p1a: Tapu Fini|28/100|[from] drain|[of] p2a: Porygon2
|
|upkeep
|turn|41
|
|t:|1662776244
|move|p2a: Porygon2|Thunderbolt|p1a: Tapu Fini
|-supereffective|p1a: Tapu Fini
|-damage|p1a: Tapu Fini|3/100
|move|p1a: Tapu Fini|Draining Kiss|p2a: Porygon2
|-damage|p2a: Porygon2|0 fnt
|-heal|p1a: Tapu Fini|7/100|[from] drain|[of] p2a: Porygon2
|faint|p2a: Porygon2
|
|-fieldend|move: Trick Room
|-fieldend|Misty Terrain
|upkeep
|
|t:|1662776247
|switch|p2a: Cresselia|Cresselia, F|86/100
|turn|42
|
|t:|1662776249
|move|p1a: Tapu Fini|Draining Kiss|p2a: Cresselia
|-damage|p2a: Cresselia|64/100
|-heal|p1a: Tapu Fini|28/100|[from] drain|[of] p2a: Cresselia
|move|p2a: Cresselia|Trick Room|p2a: Cresselia
|-fieldstart|move: Trick Room|[of] p2a: Cresselia
|
|upkeep
|turn|43
|
|t:|1662776257
|move|p2a: Cresselia|Lunar Dance|p2a: Cresselia
|faint|p2a: Cresselia
|move|p1a: Tapu Fini|Draining Kiss|p2: Cresselia|[notarget]
|-fail|p1a: Tapu Fini
|
|upkeep
|
|t:|1662776259
|switch|p2a: Crawdaunt|Crawdaunt, F|33/100 slp
|-heal|p2a: Crawdaunt|100/100|[from] move: Lunar Dance
|turn|44
|
|t:|1662776261
|move|p2a: Crawdaunt|Crabhammer|p1a: Tapu Fini|[miss]
|-miss|p2a: Crawdaunt|p1a: Tapu Fini
|move|p1a: Tapu Fini|Draining Kiss|p2a: Crawdaunt
|-supereffective|p2a: Crawdaunt
|-damage|p2a: Crawdaunt|0 fnt
|-heal|p1a: Tapu Fini|100/100|[from] drain|[of] p2a: Crawdaunt
|faint|p2a: Crawdaunt
|
|win|yoyolord
|raw|yoyolord's rating: 1751 &rarr; <strong>1770</strong><br />(+19 for winning)
|raw|Ferrothornail草钢甲's rating: 1735 &rarr; <strong>1716</strong><br />(-19 for losing)
||Ladder isn't responding, score probably updated but might not have (Request timeout).
