|raw|<div class="broadcast-blue"><strong>This battle is required to be public due to a player having a name starting with 'lt82zw'.</div>
|j|☆Orangesss
|j|‽LT82ZW Guatemala
|t:|1625929545
|gametype|singles
|player|p1|Orangesss|silver|1683
|player|p2|LT82ZW Guatemala|266|1755
|teamsize|p1|6
|teamsize|p2|6
|gen|8
|tier|[Gen 8] OU
|rated|
|rule|Sleep Clause Mod: Limit one foe put to sleep
|rule|Species Clause: Limit one of each Pokémon
|rule|OHKO Clause: OHKO moves are banned
|rule|Evasion Moves Clause: Evasion moves are banned
|rule|Endless Battle Clause: Forcing endless battles is banned
|rule|HP Percentage Mod: HP is shown in percentages
|rule|Dynamax Clause: You cannot dynamax
|clearpoke
|poke|p1|Pelipper, M|
|poke|p1|Barraskewda, M|
|poke|p1|Ferrothorn, F|
|poke|p1|Seismitoad, F|
|poke|p1|Tapu Koko|
|poke|p1|Tornadus-Therian, M|
|poke|p2|Ninetales-Alola, M|
|poke|p2|Cloyster, M|
|poke|p2|Garchomp, F|
|poke|p2|Volcarona, M|
|poke|p2|Slowbro-Galar, F|
|poke|p2|Corviknight, M|
|teampreview
|inactive|Battle timer is ON: inactive players will automatically lose when time's up. (requested by Orangesss)
|
|t:|1625929554
|start
|switch|p1a: Speed Overdose|Tapu Koko|100/100
|switch|p2a: Ninetales|Ninetales-Alola, M|100/100
|-fieldstart|move: Electric Terrain|[from] ability: Electric Surge|[of] p1a: Speed Overdose
|-weather|Hail|[from] ability: Snow Warning|[of] p2a: Ninetales
|turn|1
|
|t:|1625929557
|move|p1a: Speed Overdose|Volt Switch|p2a: Ninetales
|-damage|p2a: Ninetales|46/100
|
|t:|1625929560
|switch|p1a: Tornadus|Tornadus-Therian, M|100/100|[from]move: Volt Switch
|move|p2a: Ninetales|Hail||[still]
|-fail|p2a: Ninetales
|
|-weather|Hail|[upkeep]
|-damage|p1a: Tornadus|94/100|[from] Hail
|upkeep
|turn|2
|
|t:|1625929567
|switch|p2a: Slowbro|Slowbro-Galar, F|100/100
|move|p1a: Tornadus|Knock Off|p2a: Slowbro
|-supereffective|p2a: Slowbro
|-damage|p2a: Slowbro|66/100
|-enditem|p2a: Slowbro|Quick Claw|[from] move: Knock Off|[of] p1a: Tornadus
|
|-weather|Hail|[upkeep]
|-damage|p1a: Tornadus|88/100|[from] Hail
|-damage|p2a: Slowbro|60/100|[from] Hail
|upkeep
|turn|3
|j| LT82ZW Taylor
|
|t:|1625929576
|move|p1a: Tornadus|Knock Off|p2a: Slowbro
|-supereffective|p2a: Slowbro
|-damage|p2a: Slowbro|36/100
|move|p2a: Slowbro|Psyshock|p1a: Tornadus
|-damage|p1a: Tornadus|50/100
|
|-weather|Hail|[upkeep]
|-damage|p1a: Tornadus|44/100|[from] Hail
|-damage|p2a: Slowbro|30/100|[from] Hail
|upkeep
|turn|4
|-activate|p2a: Slowbro|ability: Quick Draw
|
|t:|1625929582
|move|p2a: Slowbro|Sludge Wave|p1a: Tornadus
|-damage|p1a: Tornadus|0 fnt
|faint|p1a: Tornadus
|
|-weather|Hail|[upkeep]
|-damage|p2a: Slowbro|24/100|[from] Hail
|upkeep
|
|t:|1625929593
|switch|p1a: One fish two fish|Barraskewda, M|100/100
|turn|5
|
|t:|1625929596
|move|p1a: One fish two fish|Flip Turn|p2a: Slowbro
|-damage|p2a: Slowbro|0 fnt
|faint|p2a: Slowbro
|
|t:|1625929600
|switch|p1a: Speed Overdose|Tapu Koko|100/100|[from]move: Flip Turn
|
|-weather|none
|-fieldend|move: Electric Terrain
|upkeep
|
|t:|1625929614
|switch|p2a: Garchomp|Garchomp, F|100/100
|turn|6
|
|t:|1625929616
|move|p1a: Speed Overdose|Dazzling Gleam|p2a: Garchomp
|-supereffective|p2a: Garchomp
|-damage|p2a: Garchomp|0 fnt
|faint|p2a: Garchomp
|
|upkeep
|
|t:|1625929617
|switch|p2a: Cloyster|Cloyster, M|100/100
|turn|7
|
|t:|1625929626
|switch|p2a: Corviknight|Corviknight, M|100/100
|-ability|p2a: Corviknight|Pressure
|move|p1a: Speed Overdose|Dazzling Gleam|p2a: Corviknight
|-resisted|p2a: Corviknight
|-damage|p2a: Corviknight|81/100
|
|upkeep
|turn|8
|
|t:|1625929628
|switch|p1a: Big Gulp sponsor|Pelipper, M|100/100
|-weather|RainDance|[from] ability: Drizzle|[of] p1a: Big Gulp sponsor
|switch|p2a: Ninetales|Ninetales-Alola, M|46/100
|-weather|Hail|[from] ability: Snow Warning|[of] p2a: Ninetales
|
|-weather|Hail|[upkeep]
|-damage|p1a: Big Gulp sponsor|94/100|[from] Hail
|upkeep
|turn|9
|
|t:|1625929635
|switch|p1a: Hates rain|Ferrothorn, F|100/100
|move|p2a: Ninetales|Aurora Veil|p2a: Ninetales
|-sidestart|p2: LT82ZW Guatemala|move: Aurora Veil
|
|-weather|Hail|[upkeep]
|-damage|p1a: Hates rain|94/100|[from] Hail
|-heal|p1a: Hates rain|100/100|[from] item: Leftovers
|upkeep
|turn|10
|
|t:|1625929643
|switch|p2a: Volcarona|Volcarona, M|100/100
|switch|p1a: Speed Overdose|Tapu Koko|100/100
|-fieldstart|move: Electric Terrain|[from] ability: Electric Surge|[of] p1a: Speed Overdose
|
|-weather|Hail|[upkeep]
|-damage|p1a: Speed Overdose|94/100|[from] Hail
|-damage|p2a: Volcarona|94/100|[from] Hail
|upkeep
|turn|11
|
|t:|1625929645
|move|p1a: Speed Overdose|Volt Switch|p2a: Volcarona
|-damage|p2a: Volcarona|62/100
|
|t:|1625929649
|switch|p1a: Big Gulp sponsor|Pelipper, M|94/100|[from]move: Volt Switch
|-weather|RainDance|[from] ability: Drizzle|[of] p1a: Big Gulp sponsor
|move|p2a: Volcarona|Quiver Dance|p2a: Volcarona
|-boost|p2a: Volcarona|spa|1
|-boost|p2a: Volcarona|spd|1
|-boost|p2a: Volcarona|spe|1
|
|-weather|RainDance|[upkeep]
|upkeep
|turn|12
|
|t:|1625929654
|move|p2a: Volcarona|Quiver Dance|p2a: Volcarona
|-boost|p2a: Volcarona|spa|1
|-boost|p2a: Volcarona|spd|1
|-boost|p2a: Volcarona|spe|1
|move|p1a: Big Gulp sponsor|U-turn|p2a: Volcarona
|-resisted|p2a: Volcarona
|-damage|p2a: Volcarona|59/100
|
|t:|1625929657
|switch|p1a: One fish two fish|Barraskewda, M|100/100|[from]move: U-turn
|
|-weather|RainDance|[upkeep]
|upkeep
|turn|13
|
|t:|1625929664
|move|p1a: One fish two fish|Flip Turn|p2a: Volcarona
|-supereffective|p2a: Volcarona
|-damage|p2a: Volcarona|0 fnt
|faint|p2a: Volcarona
|
|t:|1625929671
|switch|p1a: Speed Overdose|Tapu Koko|94/100|[from]move: Flip Turn
|
|-weather|RainDance|[upkeep]
|upkeep
|
|t:|1625929678
|switch|p2a: Cloyster|Cloyster, M|100/100
|turn|14
|
|t:|1625929680
|move|p2a: Cloyster|Ice Shard|p1a: Speed Overdose
|-damage|p1a: Speed Overdose|71/100
|move|p1a: Speed Overdose|Thunder|p2a: Cloyster
|-supereffective|p2a: Cloyster
|-damage|p2a: Cloyster|0 fnt
|faint|p2a: Cloyster
|
|-weather|RainDance|[upkeep]
|-fieldend|move: Electric Terrain
|upkeep
|
|t:|1625929690
|switch|p2a: Corviknight|Corviknight, M|81/100
|-ability|p2a: Corviknight|Pressure
|turn|15
|
|t:|1625929699
|move|p1a: Speed Overdose|Thunder|p2a: Corviknight
|-supereffective|p2a: Corviknight
|-damage|p2a: Corviknight|29/100
|-enditem|p2a: Corviknight|Weakness Policy
|-boost|p2a: Corviknight|atk|2|[from] item: Weakness Policy
|-boost|p2a: Corviknight|spa|2|[from] item: Weakness Policy
|move|p2a: Corviknight|Power Trip|p1a: Speed Overdose
|-resisted|p1a: Speed Overdose
|-damage|p1a: Speed Overdose|37/100
|
|-weather|RainDance|[upkeep]
|upkeep
|turn|16
|
|t:|1625929704
|move|p1a: Speed Overdose|Thunder|p2a: Corviknight
|-supereffective|p2a: Corviknight
|-damage|p2a: Corviknight|0 fnt
|faint|p2a: Corviknight
|
|-weather|RainDance|[upkeep]
|-sideend|p2: LT82ZW Guatemala|move: Aurora Veil
|upkeep
|-message|LT82ZW Guatemala forfeited.
|
|win|Orangesss
|l|‽LT82ZW Guatemala
|raw|Orangesss's rating: 1683 &rarr; <strong>1707</strong><br />(+24 for winning)
|raw|LT82ZW Guatemala's rating: 1755 &rarr; <strong>1731</strong><br />(-24 for losing)
|l| LT82ZW Taylor
||Ladder isn't responding, score probably updated but might not have (Request timeout).
