|j|☆kayjulers
|j|☆Ferrothornail草钢甲
|t:|1662787940
|gametype|singles
|player|p1|kayjulers|skyla|1776
|player|p2|Ferrothornail草钢甲|169|1766
|teamsize|p1|6
|teamsize|p2|6
|gen|8
|tier|[Gen 8] OU
|rated|
|rule|Sleep Clause Mod: Limit one foe put to sleep
|rule|Species Clause: Limit one of each Pokémon
|rule|OHKO Clause: OHKO moves are banned
|rule|Evasion Items Clause: Evasion items are banned
|rule|Evasion Moves Clause: Evasion moves are banned
|rule|Endless Battle Clause: Forcing endless battles is banned
|rule|HP Percentage Mod: HP is shown in percentages
|rule|Dynamax Clause: You cannot dynamax
|clearpoke
|poke|p1|Victini|
|poke|p1|Garchomp, F|
|poke|p1|Mandibuzz, F|
|poke|p1|Tapu Koko|
|poke|p1|Slowking-Galar, F|
|poke|p1|Ferrothorn, M|
|poke|p2|Hatterene, F|
|poke|p2|Porygon2|
|poke|p2|Cresselia, F|
|poke|p2|Marowak-Alola, M|
|poke|p2|Crawdaunt, F|
|poke|p2|Melmetal|
|teampreview
|
|t:|1662787947
|start
|switch|p1a: Victini|Victini|100/100
|switch|p2a: Hatterene|Hatterene, F|100/100
|turn|1
|
|t:|1662787962
|move|p1a: Victini|V-create|p2a: Hatterene
|-enditem|p2a: Hatterene|Focus Sash
|-damage|p2a: Hatterene|1/100
|-unboost|p1a: Victini|spe|1
|-unboost|p1a: Victini|def|1
|-unboost|p1a: Victini|spd|1
|move|p2a: Hatterene|Trick Room|p2a: Hatterene
|-fieldstart|move: Trick Room|[of] p2a: Hatterene
|
|upkeep
|turn|2
|
|t:|1662787971
|switch|p1a: Slowking|Slowking-Galar, F|100/100
|move|p2a: Hatterene|Healing Wish|p2a: Hatterene
|faint|p2a: Hatterene
|
|upkeep
|
|t:|1662787982
|switch|p2a: Crawdaunt|Crawdaunt, F|100/100
|turn|3
|j| maxtheknife
|
|t:|1662787988
|switch|p1a: Ferrothorn|Ferrothorn, M|100/100
|move|p2a: Crawdaunt|Swords Dance|p2a: Crawdaunt
|-boost|p2a: Crawdaunt|atk|2
|
|upkeep
|turn|4
|
|t:|1662787997
|move|p1a: Ferrothorn|Leech Seed|p2a: Crawdaunt
|-start|p2a: Crawdaunt|move: Leech Seed
|move|p2a: Crawdaunt|Knock Off|p1a: Ferrothorn
|-damage|p1a: Ferrothorn|0 fnt
|-damage|p2a: Crawdaunt|88/100|[from] ability: Iron Barbs|[of] p1a: Ferrothorn
|-damage|p2a: Crawdaunt|71/100|[from] item: Rocky Helmet|[of] p1a: Ferrothorn
|-enditem|p1a: Ferrothorn|Rocky Helmet|[from] move: Knock Off|[of] p2a: Crawdaunt
|faint|p1a: Ferrothorn
|-damage|p2a: Crawdaunt|61/100|[from] item: Life Orb
|
|upkeep
|
|t:|1662788006
|switch|p1a: Mandibuzz|Mandibuzz, F|100/100
|turn|5
|
|t:|1662788012
|move|p2a: Crawdaunt|Crabhammer|p1a: Mandibuzz
|-damage|p1a: Mandibuzz|0 fnt
|faint|p1a: Mandibuzz
|-damage|p2a: Crawdaunt|51/100|[from] item: Life Orb
|
|-fieldend|move: Trick Room
|upkeep
|l| maxtheknife
|
|t:|1662788016
|switch|p1a: Tapu Koko|Tapu Koko|100/100
|-fieldstart|move: Electric Terrain|[from] ability: Electric Surge|[of] p1a: Tapu Koko
|turn|6
|
|t:|1662788024
|move|p2a: Crawdaunt|Aqua Jet|p1a: Tapu Koko
|-damage|p1a: Tapu Koko|0 fnt
|faint|p1a: Tapu Koko
|-damage|p2a: Crawdaunt|41/100|[from] item: Life Orb
|
|upkeep
|
|t:|1662788030
|switch|p1a: Garchomp|Garchomp, F|100/100
|turn|7
|
|t:|1662788034
|move|p2a: Crawdaunt|Aqua Jet|p1a: Garchomp
|-damage|p1a: Garchomp|25/100
|-damage|p2a: Crawdaunt|29/100|[from] ability: Rough Skin|[of] p1a: Garchomp
|-damage|p2a: Crawdaunt|19/100|[from] item: Life Orb
|move|p1a: Garchomp|Earthquake|p2a: Crawdaunt
|-damage|p2a: Crawdaunt|0 fnt
|faint|p2a: Crawdaunt
|
|-heal|p1a: Garchomp|32/100|[from] item: Leftovers
|upkeep
|j| maxtheknife
|
|t:|1662788041
|switch|p2a: Cresselia|Cresselia, F|100/100
|turn|8
|
|t:|1662788048
|move|p1a: Garchomp|Swords Dance|p1a: Garchomp
|-boost|p1a: Garchomp|atk|2
|move|p2a: Cresselia|Trick Room|p2a: Cresselia
|-fieldstart|move: Trick Room|[of] p2a: Cresselia
|
|-heal|p1a: Garchomp|38/100|[from] item: Leftovers
|upkeep
|turn|9
|
|t:|1662788055
|switch|p1a: Slowking|Slowking-Galar, F|100/100
|move|p2a: Cresselia|Ice Beam|p1a: Slowking
|-damage|p1a: Slowking|91/100
|
|upkeep
|turn|10
|
|t:|1662788059
|switch|p2a: Marowak|Marowak-Alola, M|100/100
|move|p1a: Slowking|Scald|p2a: Marowak
|-supereffective|p2a: Marowak
|-damage|p2a: Marowak|37/100
|
|-fieldend|move: Electric Terrain
|upkeep
|turn|11
|j| Bad Players
|
|t:|1662788064
|switch|p1a: Garchomp|Garchomp, F|38/100
|move|p2a: Marowak|Poltergeist|p1a: Garchomp
|-activate|p1a: Garchomp|move: Poltergeist|Leftovers
|-damage|p1a: Garchomp|0 fnt
|faint|p1a: Garchomp
|
|upkeep
|c| maxtheknife|if youre the xb guy ur vids are sick
|
|t:|1662788071
|switch|p1a: Slowking|Slowking-Galar, F|100/100
|turn|12
|c|☆kayjulers|Oh, thank you haha
|
|t:|1662788091
|move|p2a: Marowak|Poltergeist|p1a: Slowking
|-activate|p1a: Slowking|move: Poltergeist|Assault Vest
|-supereffective|p1a: Slowking
|-damage|p1a: Slowking|0 fnt
|faint|p1a: Slowking
|
|-fieldend|move: Trick Room
|upkeep
|
|t:|1662788093
|switch|p1a: Victini|Victini|100/100
|turn|13
|
|t:|1662788105
|switch|p2a: Porygon2|Porygon2|100/100
|-ability|p2a: Porygon2|Download|boost
|-boost|p2a: Porygon2|atk|1
|move|p1a: Victini|Bolt Strike|p2a: Porygon2
|-crit|p2a: Porygon2
|-damage|p2a: Porygon2|43/100
|
|upkeep
|turn|14
|
|t:|1662788108
|move|p1a: Victini|Bolt Strike|p2a: Porygon2
|-damage|p2a: Porygon2|3/100
|move|p2a: Porygon2|Trick Room|p2a: Porygon2
|-fieldstart|move: Trick Room|[of] p2a: Porygon2
|
|upkeep
|turn|15
|
|t:|1662788112
|move|p1a: Victini|Bolt Strike|p2a: Porygon2
|-damage|p2a: Porygon2|0 fnt
|faint|p2a: Porygon2
|
|upkeep
|
|t:|1662788113
|switch|p2a: Marowak|Marowak-Alola, M|37/100
|-heal|p2a: Marowak|100/100|[from] move: Healing Wish
|turn|16
|
|t:|1662788115
|move|p2a: Marowak|Flare Blitz|p1a: Victini
|-resisted|p1a: Victini
|-damage|p1a: Victini|52/100
|move|p1a: Victini|Bolt Strike|p2a: Marowak
|-damage|p2a: Marowak|50/100
|-status|p2a: Marowak|par
|
|upkeep
|turn|17
|
|t:|1662788120
|cant|p2a: Marowak|par
|move|p1a: Victini|Bolt Strike|p2a: Marowak
|-damage|p2a: Marowak|0 fnt
|faint|p2a: Marowak
|
|upkeep
|
|t:|1662788123
|switch|p2a: Melmetal|Melmetal|100/100
|turn|18
|
|t:|1662788124
|move|p2a: Melmetal|Double Iron Bash|p1a: Victini
|-resisted|p1a: Victini
|-damage|p1a: Victini|18/100
|-resisted|p1a: Victini
|-damage|p1a: Victini|0 fnt
|faint|p1a: Victini
|-hitcount|p1: Victini|2
|
|win|Ferrothornail草钢甲
|raw|kayjulers's rating: 1776 &rarr; <strong>1755</strong><br />(-21 for losing)
|raw|Ferrothornail草钢甲's rating: 1766 &rarr; <strong>1787</strong><br />(+21 for winning)
|c|☆kayjulers|gg
|l|☆kayjulers
|l| Bad Players
