|j|☆minimax_ai
|j|☆tesla roadster
|t:|1664900267
|gametype|singles
|player|p1|minimax_ai|lusamine-nihilego|1528
|player|p2|tesla roadster|lucas|1496
|teamsize|p1|6
|teamsize|p2|6
|gen|8
|tier|[Gen 8] OU
|rated|
|rule|Sleep Clause Mod: Limit one foe put to sleep
|rule|Species Clause: Limit one of each Pokémon
|rule|OHKO Clause: OHKO moves are banned
|rule|Evasion Items Clause: Evasion items are banned
|rule|Evasion Moves Clause: Evasion moves are banned
|rule|Endless Battle Clause: Forcing endless battles is banned
|rule|HP Percentage Mod: HP is shown in percentages
|rule|Dynamax Clause: You cannot dynamax
|clearpoke
|poke|p1|Rotom-Wash|
|poke|p1|Weavile, F|
|poke|p1|Landorus-Therian, M|
|poke|p1|Heatran, M|
|poke|p1|Tangrowth, F|
|poke|p1|Melmetal|
|poke|p2|Ninetales-Alola, M|
|poke|p2|Heatran, M|
|poke|p2|Landorus-Therian, M|
|poke|p2|Tapu Fini|
|poke|p2|Arctozolt|
|poke|p2|Kartana|
|teampreview
|c|☆minimax_ai|hf
|inactive|Battle timer is ON: inactive players will automatically lose when time's up. (requested by minimax_ai)
|inactive|tesla roadster has 120 seconds left.
|inactive|tesla roadster has 90 seconds left.
|
|t:|1664900334
|start
|switch|p1a: Melmetal|Melmetal|100/100
|switch|p2a: Frozen Soul|Ninetales-Alola, M, shiny|100/100
|-weather|Hail|[from] ability: Snow Warning|[of] p2a: Frozen Soul
|turn|1
|
|t:|1664900350
|switch|p2a: Deathstroke|Kartana, shiny|100/100
|move|p1a: Melmetal|Double Iron Bash|p2a: Deathstroke
|-resisted|p2a: Deathstroke
|-damage|p2a: Deathstroke|78/100
|-resisted|p2a: Deathstroke
|-damage|p2a: Deathstroke|57/100
|-hitcount|p2a: Deathstroke|2
|
|-weather|Hail|[upkeep]
|-damage|p2a: Deathstroke|51/100|[from] Hail
|-damage|p1a: Melmetal|94/100|[from] Hail
|upkeep
|turn|2
|c|☆tesla roadster|hf
|inactive|tesla roadster has 120 seconds left.
|
|t:|1664900380
|move|p2a: Deathstroke|Sacred Sword|p1a: Melmetal
|-supereffective|p1a: Melmetal
|-damage|p1a: Melmetal|46/100
|move|p1a: Melmetal|Double Iron Bash|p2a: Deathstroke
|-resisted|p2a: Deathstroke
|-crit|p2a: Deathstroke
|-damage|p2a: Deathstroke|17/100
|-resisted|p2a: Deathstroke
|-damage|p2a: Deathstroke|0 fnt
|faint|p2a: Deathstroke
|-hitcount|p2: Deathstroke|2
|
|-weather|Hail|[upkeep]
|-damage|p1a: Melmetal|40/100|[from] Hail
|upkeep
|
|t:|1664900384
|switch|p2a: Destroyer|Arctozolt, shiny|100/100
|turn|3
|inactive|tesla roadster has 120 seconds left.
|
|t:|1664900401
|move|p2a: Destroyer|Blizzard|p1a: Melmetal
|-resisted|p1a: Melmetal
|-damage|p1a: Melmetal|30/100
|move|p1a: Melmetal|Double Iron Bash|p2a: Destroyer
|-damage|p2a: Destroyer|56/100
|-damage|p2a: Destroyer|11/100
|-hitcount|p2a: Destroyer|2
|
|-weather|Hail|[upkeep]
|-damage|p1a: Melmetal|24/100|[from] Hail
|upkeep
|turn|4
|
|t:|1664900404
|move|p2a: Destroyer|Bolt Beak|p1a: Melmetal
|-damage|p1a: Melmetal|0 fnt
|faint|p1a: Melmetal
|
|-weather|Hail|[upkeep]
|upkeep
|
|t:|1664900404
|switch|p1a: Weavile|Weavile, F|100/100
|-ability|p1a: Weavile|Pressure
|turn|5
|
|t:|1664900409
|switch|p2a: Raven|Tapu Fini, shiny|100/100
|-fieldstart|move: Misty Terrain|[from] ability: Misty Surge|[of] p2a: Raven
|move|p1a: Weavile|Ice Shard|p2a: Raven
|-resisted|p2a: Raven
|-damage|p2a: Raven|90/100
|
|-weather|Hail|[upkeep]
|-damage|p2a: Raven|84/100|[from] Hail
|-heal|p2a: Raven|90/100|[from] item: Leftovers
|upkeep
|turn|6
|
|t:|1664900414
|switch|p1a: rotomwash|Rotom-Wash|100/100
|move|p2a: Raven|Calm Mind|p2a: Raven
|-boost|p2a: Raven|spa|1
|-boost|p2a: Raven|spd|1
|
|-weather|Hail|[upkeep]
|-damage|p1a: rotomwash|94/100|[from] Hail
|-damage|p2a: Raven|84/100|[from] Hail
|-heal|p1a: rotomwash|100/100|[from] item: Leftovers
|-heal|p2a: Raven|90/100|[from] item: Leftovers
|upkeep
|turn|7
|
|t:|1664900417
|move|p1a: rotomwash|Nasty Plot|p1a: rotomwash
|-boost|p1a: rotomwash|spa|2
|move|p2a: Raven|Calm Mind|p2a: Raven
|-boost|p2a: Raven|spa|1
|-boost|p2a: Raven|spd|1
|
|-weather|Hail|[upkeep]
|-damage|p1a: rotomwash|94/100|[from] Hail
|-damage|p2a: Raven|84/100|[from] Hail
|-heal|p1a: rotomwash|100/100|[from] item: Leftovers
|-heal|p2a: Raven|90/100|[from] item: Leftovers
|upkeep
|turn|8
|
|t:|1664900421
|move|p1a: rotomwash|Thunderbolt|p2a: Raven
|-supereffective|p2a: Raven
|-damage|p2a: Raven|29/100
|move|p2a: Raven|Draining Kiss|p1a: rotomwash
|-damage|p1a: rotomwash|68/100
|-heal|p2a: Raven|53/100|[from] drain|[of] p1a: rotomwash
|
|-weather|none
|-heal|p1a: rotomwash|74/100|[from] item: Leftovers
|-heal|p2a: Raven|59/100|[from] item: Leftovers
|upkeep
|turn|9
|
|t:|1664900425
|switch|p2a: Frozen Soul|Ninetales-Alola, M, shiny|100/100
|-weather|Hail|[from] ability: Snow Warning|[of] p2a: Frozen Soul
|move|p1a: rotomwash|Thunderbolt|p2a: Frozen Soul
|-damage|p2a: Frozen Soul|26/100
|
|-weather|Hail|[upkeep]
|-damage|p1a: rotomwash|68/100|[from] Hail
|-heal|p1a: rotomwash|74/100|[from] item: Leftovers
|-fieldend|Misty Terrain
|upkeep
|turn|10
|
|t:|1664900432
|move|p2a: Frozen Soul|Freeze-Dry|p1a: rotomwash
|-supereffective|p1a: rotomwash
|-damage|p1a: rotomwash|29/100
|move|p1a: rotomwash|Hydro Pump|p2a: Frozen Soul
|-damage|p2a: Frozen Soul|0 fnt
|faint|p2a: Frozen Soul
|
|-weather|Hail|[upkeep]
|-damage|p1a: rotomwash|23/100|[from] Hail
|-heal|p1a: rotomwash|29/100|[from] item: Leftovers
|upkeep
|
|t:|1664900435
|switch|p2a: Destroyer|Arctozolt, shiny|11/100
|turn|11
|
|t:|1664900440
|move|p2a: Destroyer|Freeze-Dry|p1a: rotomwash
|-supereffective|p1a: rotomwash
|-damage|p1a: rotomwash|0 fnt
|faint|p1a: rotomwash
|
|-weather|Hail|[upkeep]
|upkeep
|
|t:|1664900440
|switch|p1a: Heatran|Heatran, M|100/100
|-item|p1a: Heatran|Air Balloon
|turn|12
|
|t:|1664900445
|move|p2a: Destroyer|Bolt Beak|p1a: Heatran
|-damage|p1a: Heatran|19/100
|-enditem|p1a: Heatran|Air Balloon
|move|p1a: Heatran|Eruption|p2a: Destroyer
|-supereffective|p2a: Destroyer
|-damage|p2a: Destroyer|0 fnt
|faint|p2a: Destroyer
|
|-weather|Hail|[upkeep]
|-damage|p1a: Heatran|13/100|[from] Hail
|upkeep
|
|t:|1664900454
|switch|p2a: Raven|Tapu Fini, shiny|59/100
|-fieldstart|move: Misty Terrain|[from] ability: Misty Surge|[of] p2a: Raven
|turn|13
|
|t:|1664900457
|switch|p1a: Tangrowth|Tangrowth, F|100/100
|move|p2a: Raven|Calm Mind|p2a: Raven
|-boost|p2a: Raven|spa|1
|-boost|p2a: Raven|spd|1
|
|-weather|Hail|[upkeep]
|-damage|p2a: Raven|53/100|[from] Hail
|-damage|p1a: Tangrowth|94/100|[from] Hail
|-heal|p2a: Raven|59/100|[from] item: Leftovers
|upkeep
|turn|14
|
|t:|1664900461
|move|p2a: Raven|Calm Mind|p2a: Raven
|-boost|p2a: Raven|spa|1
|-boost|p2a: Raven|spd|1
|move|p1a: Tangrowth|Giga Drain|p2a: Raven
|-supereffective|p2a: Raven
|-damage|p2a: Raven|35/100
|-heal|p1a: Tangrowth|100/100|[from] drain|[of] p2a: Raven
|
|-weather|Hail|[upkeep]
|-damage|p2a: Raven|29/100|[from] Hail
|-damage|p1a: Tangrowth|94/100|[from] Hail
|-heal|p2a: Raven|35/100|[from] item: Leftovers
|upkeep
|turn|15
|
|t:|1664900467
|move|p2a: Raven|Draining Kiss|p1a: Tangrowth
|-damage|p1a: Tangrowth|47/100
|-heal|p2a: Raven|82/100|[from] drain|[of] p1a: Tangrowth
|-damage|p2a: Raven|65/100|[from] item: Rocky Helmet|[of] p1a: Tangrowth
|move|p1a: Tangrowth|Giga Drain|p2a: Raven
|-supereffective|p2a: Raven
|-damage|p2a: Raven|41/100
|-heal|p1a: Tangrowth|56/100|[from] drain|[of] p2a: Raven
|
|-weather|Hail|[upkeep]
|-damage|p2a: Raven|35/100|[from] Hail
|-damage|p1a: Tangrowth|50/100|[from] Hail
|-heal|p2a: Raven|41/100|[from] item: Leftovers
|upkeep
|turn|16
|
|t:|1664900473
|switch|p1a: Heatran|Heatran, M|13/100
|move|p2a: Raven|Draining Kiss|p1a: Heatran
|-resisted|p1a: Heatran
|-damage|p1a: Heatran|5/100
|-heal|p2a: Raven|48/100|[from] drain|[of] p1a: Heatran
|
|-weather|none
|-heal|p2a: Raven|54/100|[from] item: Leftovers
|upkeep
|turn|17
|
|t:|1664900481
|move|p1a: Heatran|Magma Storm|p2a: Raven
|-resisted|p2a: Raven
|-damage|p2a: Raven|43/100
|-activate|p2a: Raven|move: Magma Storm|[of] p1a: Heatran
|move|p2a: Raven|Calm Mind|p2a: Raven
|-boost|p2a: Raven|spa|1
|-boost|p2a: Raven|spd|1
|
|-heal|p2a: Raven|49/100|[from] item: Leftovers
|-damage|p2a: Raven|37/100|[from] move: Magma Storm|[partiallytrapped]
|-fieldend|Misty Terrain
|upkeep
|turn|18
|
|t:|1664900483
|move|p1a: Heatran|Magma Storm|p2a: Raven
|-resisted|p2a: Raven
|-damage|p2a: Raven|28/100
|move|p2a: Raven|Draining Kiss|p1a: Heatran
|-resisted|p1a: Heatran
|-damage|p1a: Heatran|0 fnt
|-heal|p2a: Raven|31/100|[from] drain|[of] p1a: Heatran
|faint|p1a: Heatran
|
|-heal|p2a: Raven|37/100|[from] item: Leftovers
|-end|p2a: Raven|Magma Storm|[partiallytrapped]|[silent]
|upkeep
|
|t:|1664900484
|switch|p1a: Tangrowth|Tangrowth, F|83/100
|turn|19
|
|t:|1664900488
|move|p2a: Raven|Draining Kiss|p1a: Tangrowth
|-damage|p1a: Tangrowth|27/100
|-heal|p2a: Raven|92/100|[from] drain|[of] p1a: Tangrowth
|-damage|p2a: Raven|76/100|[from] item: Rocky Helmet|[of] p1a: Tangrowth
|move|p1a: Tangrowth|Sleep Powder|p2a: Raven
|-status|p2a: Raven|slp|[from] move: Sleep Powder
|
|-heal|p2a: Raven|82/100 slp|[from] item: Leftovers
|upkeep
|turn|20
|
|t:|1664900492
|cant|p2a: Raven|slp
|move|p1a: Tangrowth|Giga Drain|p2a: Raven
|-supereffective|p2a: Raven
|-damage|p2a: Raven|62/100 slp
|-heal|p1a: Tangrowth|35/100|[from] drain|[of] p2a: Raven
|
|-heal|p2a: Raven|68/100 slp|[from] item: Leftovers
|upkeep
|turn|21
|
|t:|1664900495
|switch|p1a: landorustherian|Landorus-Therian, M|100/100
|-ability|p1a: landorustherian|Intimidate|boost
|-unboost|p2a: Raven|atk|1
|-curestatus|p2a: Raven|slp|[msg]
|move|p2a: Raven|Draining Kiss|p1a: landorustherian
|-damage|p1a: landorustherian|71/100
|-heal|p2a: Raven|95/100|[from] drain|[of] p1a: landorustherian
|
|-heal|p2a: Raven|100/100|[from] item: Leftovers
|-heal|p1a: landorustherian|77/100|[from] item: Leftovers
|upkeep
|turn|22
|
|t:|1664900499
|switch|p1a: Tangrowth|Tangrowth, F|68/100
|move|p2a: Raven|Surf|p1a: Tangrowth
|-resisted|p1a: Tangrowth
|-damage|p1a: Tangrowth|15/100
|
|upkeep
|turn|23
|
|t:|1664900502
|move|p2a: Raven|Surf|p1a: Tangrowth
|-resisted|p1a: Tangrowth
|-damage|p1a: Tangrowth|0 fnt
|faint|p1a: Tangrowth
|
|upkeep
|
|t:|1664900502
|switch|p1a: Weavile|Weavile, F|100/100
|-ability|p1a: Weavile|Pressure
|turn|24
|
|t:|1664900505
|switch|p1a: landorustherian|Landorus-Therian, M|77/100
|-ability|p1a: landorustherian|Intimidate|boost
|-unboost|p2a: Raven|atk|1
|move|p2a: Raven|Draining Kiss|p1a: landorustherian
|-damage|p1a: landorustherian|47/100
|
|-heal|p1a: landorustherian|53/100|[from] item: Leftovers
|upkeep
|turn|25
|
|t:|1664900508
|move|p2a: Raven|Surf|p1a: landorustherian
|-supereffective|p1a: landorustherian
|-damage|p1a: landorustherian|0 fnt
|faint|p1a: landorustherian
|
|upkeep
|
|t:|1664900508
|switch|p1a: Weavile|Weavile, F|100/100
|-ability|p1a: Weavile|Pressure
|turn|26
|
|t:|1664900510
|move|p1a: Weavile|Knock Off|p2a: Raven
|-resisted|p2a: Raven
|-damage|p2a: Raven|74/100
|-enditem|p2a: Raven|Leftovers|[from] move: Knock Off|[of] p1a: Weavile
|move|p2a: Raven|Draining Kiss|p1a: Weavile
|-supereffective|p1a: Weavile
|-damage|p1a: Weavile|0 fnt
|-heal|p2a: Raven|100/100|[from] drain|[of] p1a: Weavile
|faint|p1a: Weavile
|
|win|tesla roadster
|raw|minimax_ai's rating: 1528 &rarr; <strong>1506</strong><br />(-22 for losing)
|raw|tesla roadster's rating: 1496 &rarr; <strong>1518</strong><br />(+22 for winning)
|c|☆minimax_ai|gg
