|j|☆Laidbackk
|j|☆Rheinmetal
|player|p1|Laidbackk|163|1395
|player|p2|Rheinmetal|cynthia|1346
|teamsize|p1|6
|teamsize|p2|6
|gametype|singles
|gen|8
|tier|[Gen 8] OU
|rated|
|rule|Sleep Clause Mod: Limit one foe put to sleep
|rule|Species Clause: Limit one of each Pokémon
|rule|OHKO Clause: OHKO moves are banned
|rule|Evasion Moves Clause: Evasion moves are banned
|rule|Endless Battle Clause: Forcing endless battles is banned
|rule|HP Percentage Mod: HP is shown in percentages
|clearpoke
|poke|p1|Flapple, M|
|poke|p1|Rotom-Heat|
|poke|p1|Seismitoad, M|
|poke|p1|Mandibuzz, F|
|poke|p1|Aegislash, M|
|poke|p1|Clefable, F|
|poke|p2|Tyranitar, M|
|poke|p2|Seismitoad, M|
|poke|p2|Excadrill, F|
|poke|p2|Clefable, M|
|poke|p2|Eldegoss, M|
|poke|p2|Toxtricity-Low-Key, M|
|teampreview
|inactive|Battle timer is ON: inactive players will automatically lose when time's up. (requested by Rheinmetal)
|
|start
|switch|p1a: Macnitosh|Flapple, M|100/100
|switch|p2a: Seismitoad|Seismitoad, M|100/100
|turn|1
|
|move|p1a: Macnitosh|U-turn|p2a: Seismitoad
|-damage|p2a: Seismitoad|79/100
|
|switch|p1a: P I X I E|Clefable, F|100/100|[from]move: U-turn
|move|p2a: Seismitoad|Toxic|p1a: P I X I E
|-status|p1a: P I X I E|tox
|
|-heal|p2a: Seismitoad|85/100|[from] item: Leftovers
|upkeep
|turn|2
|
|move|p2a: Seismitoad|Stealth Rock|p1a: P I X I E
|-sidestart|p1: Laidbackk|move: Stealth Rock
|move|p1a: P I X I E|Moonblast|p2a: Seismitoad
|-damage|p2a: Seismitoad|29/100
|
|-heal|p2a: Seismitoad|35/100|[from] item: Leftovers
|upkeep
|turn|3
|
|move|p2a: Seismitoad|Protect|p2a: Seismitoad
|-singleturn|p2a: Seismitoad|Protect
|move|p1a: P I X I E|Flamethrower|p2a: Seismitoad
|-activate|p2a: Seismitoad|move: Protect
|
|-heal|p2a: Seismitoad|41/100|[from] item: Leftovers
|upkeep
|turn|4
|
|switch|p2a: Tyranitar|Tyranitar, M, shiny|100/100
|-weather|Sandstorm|[from] ability: Sand Stream|[of] p2a: Tyranitar
|move|p1a: P I X I E|Moonblast|p2a: Tyranitar
|-supereffective|p2a: Tyranitar
|-damage|p2a: Tyranitar|62/100
|
|-weather|Sandstorm|[upkeep]
|upkeep
|turn|5
|
|switch|p2a: Excadrill|Excadrill, F, shiny|100/100
|move|p1a: P I X I E|Moonblast|p2a: Excadrill
|-resisted|p2a: Excadrill
|-damage|p2a: Excadrill|62/100
|
|-weather|Sandstorm|[upkeep]
|upkeep
|turn|6
|inactive|Laidbackk has 120 seconds left.
|inactive|Laidbackk has 90 seconds left.
|
|switch|p1a: Seismitoad|Seismitoad, M|100/100
|-damage|p1a: Seismitoad|94/100|[from] Stealth Rock
|move|p2a: Excadrill|Iron Head|p1a: Seismitoad
|-resisted|p1a: Seismitoad
|-damage|p1a: Seismitoad|72/100
|-damage|p2a: Excadrill|52/100|[from] item: Life Orb
|
|-weather|Sandstorm|[upkeep]
|-heal|p1a: Seismitoad|79/100|[from] item: Leftovers
|upkeep
|turn|7
|
|switch|p2a: Eldegoss|Eldegoss, M|100/100
|move|p1a: Seismitoad|Earthquake|p2a: Eldegoss
|-resisted|p2a: Eldegoss
|-crit|p2a: Eldegoss
|-damage|p2a: Eldegoss|73/100
|
|-weather|Sandstorm|[upkeep]
|-damage|p2a: Eldegoss|67/100|[from] Sandstorm
|-heal|p1a: Seismitoad|85/100|[from] item: Leftovers
|-heal|p2a: Eldegoss|73/100|[from] item: Leftovers
|upkeep
|turn|8
|
|switch|p1a: Mandibuzz|Mandibuzz, F|100/100
|-damage|p1a: Mandibuzz|75/100|[from] Stealth Rock
|move|p2a: Eldegoss|Leaf Storm|p1a: Mandibuzz
|-resisted|p1a: Mandibuzz
|-damage|p1a: Mandibuzz|64/100
|-unboost|p2a: Eldegoss|spa|2
|
|-weather|none
|-heal|p1a: Mandibuzz|70/100|[from] item: Leftovers
|-heal|p2a: Eldegoss|80/100|[from] item: Leftovers
|upkeep
|turn|9
|
|switch|p2a: Toxtricity|Toxtricity-Low-Key, M|100/100
|move|p1a: Mandibuzz|Defog|p2a: Toxtricity
|-unboost|p2a: Toxtricity|evasion|1
|-sideend|p1: Laidbackk|Stealth Rock|[from] move: Defog|[of] p1a: Mandibuzz
|
|-heal|p1a: Mandibuzz|76/100|[from] item: Leftovers
|upkeep
|turn|10
|
|switch|p1a: Sw/Sh|Aegislash, M|100/100
|move|p2a: Toxtricity|Boomburst|p1a: Sw/Sh
|-immune|p1a: Sw/Sh
|
|upkeep
|turn|11
|
|switch|p2a: Tyranitar|Tyranitar, M, shiny|62/100
|-weather|Sandstorm|[from] ability: Sand Stream|[of] p2a: Tyranitar
|-formechange|p1a: Sw/Sh|Aegislash-Blade||[from] ability: Stance Change
|move|p1a: Sw/Sh|Shadow Ball|p2a: Tyranitar
|-resisted|p2a: Tyranitar
|-damage|p2a: Tyranitar|53/100
|
|-weather|Sandstorm|[upkeep]
|upkeep
|turn|12
|
|-formechange|p1a: Sw/Sh|Aegislash||[from] ability: Stance Change
|move|p1a: Sw/Sh|King's Shield|p1a: Sw/Sh
|-singleturn|p1a: Sw/Sh|Protect
|move|p2a: Tyranitar|Crunch|p1a: Sw/Sh
|-activate|p1a: Sw/Sh|move: Protect
|-unboost|p2a: Tyranitar|atk|1
|
|-weather|Sandstorm|[upkeep]
|upkeep
|turn|13
|
|-formechange|p1a: Sw/Sh|Aegislash-Blade||[from] ability: Stance Change
|move|p1a: Sw/Sh|Close Combat|p2a: Tyranitar
|-supereffective|p2a: Tyranitar
|-damage|p2a: Tyranitar|0 fnt
|-unboost|p1a: Sw/Sh|def|1
|-unboost|p1a: Sw/Sh|spd|1
|faint|p2a: Tyranitar
|
|-weather|Sandstorm|[upkeep]
|upkeep
|
|switch|p2a: Clefable|Clefable, M, shiny|100/100
|turn|14
|
|-formechange|p1a: Sw/Sh|Aegislash||[from] ability: Stance Change
|move|p1a: Sw/Sh|King's Shield|p1a: Sw/Sh
|-singleturn|p1a: Sw/Sh|Protect
|move|p2a: Clefable|Fire Blast|p1a: Sw/Sh
|-activate|p1a: Sw/Sh|move: Protect
|
|-weather|Sandstorm|[upkeep]
|upkeep
|turn|15
|
|switch|p1a: Eazy bake|Rotom-Heat|100/100
|move|p2a: Clefable|Fire Blast|p1a: Eazy bake|[miss]
|-miss|p2a: Clefable|p1a: Eazy bake
|
|-weather|none
|upkeep
|turn|16
|
|switch|p2a: Seismitoad|Seismitoad, M|41/100
|move|p1a: Eazy bake|Will-O-Wisp|p2a: Seismitoad
|-status|p2a: Seismitoad|brn
|
|-heal|p2a: Seismitoad|47/100 brn|[from] item: Leftovers
|-damage|p2a: Seismitoad|41/100 brn|[from] brn
|upkeep
|turn|17
|
|switch|p1a: P I X I E|Clefable, F|100/100 tox
|move|p2a: Seismitoad|Toxic|p1a: P I X I E|[miss]
|-miss|p2a: Seismitoad|p1a: P I X I E
|
|-heal|p2a: Seismitoad|47/100 brn|[from] item: Leftovers
|-damage|p2a: Seismitoad|41/100 brn|[from] brn
|upkeep
|turn|18
|
|move|p2a: Seismitoad|Protect|p2a: Seismitoad
|-singleturn|p2a: Seismitoad|Protect
|move|p1a: P I X I E|Moonblast|p2a: Seismitoad
|-activate|p2a: Seismitoad|move: Protect
|
|-heal|p2a: Seismitoad|47/100 brn|[from] item: Leftovers
|-damage|p2a: Seismitoad|41/100 brn|[from] brn
|upkeep
|turn|19
|
|switch|p2a: Excadrill|Excadrill, F, shiny|52/100
|move|p1a: P I X I E|Flamethrower|p2a: Excadrill
|-supereffective|p2a: Excadrill
|-damage|p2a: Excadrill|0 fnt
|faint|p2a: Excadrill
|
|upkeep
|-message|Rheinmetal forfeited.
|
|win|Laidbackk
|l|☆Rheinmetal
