|j|☆NeoNaruto®++
|j|☆d18l
|t:|1640312562
|gametype|singles
|player|p1|NeoNaruto®++|medium|1624
|player|p2|d18l|backpacker|1747
|teamsize|p1|6
|teamsize|p2|6
|gen|8
|tier|[Gen 8] OU
|rated|
|rule|Sleep Clause Mod: Limit one foe put to sleep
|rule|Species Clause: Limit one of each Pokémon
|rule|OHKO Clause: OHKO moves are banned
|rule|Evasion Moves Clause: Evasion moves are banned
|rule|Endless Battle Clause: Forcing endless battles is banned
|rule|HP Percentage Mod: HP is shown in percentages
|rule|Dynamax Clause: You cannot dynamax
|clearpoke
|poke|p1|Landorus-Therian, M|
|poke|p1|Slowbro, F|
|poke|p1|Tapu Koko|
|poke|p1|Dragonite, M|
|poke|p1|Darmanitan, F|
|poke|p1|Tyranitar, F|
|poke|p2|Weavile, F|
|poke|p2|Tapu Lele|
|poke|p2|Heatran, F|
|poke|p2|Landorus-Therian, M|
|poke|p2|Ferrothorn, M|
|poke|p2|Zapdos|
|teampreview
|inactive|Battle timer is ON: inactive players will automatically lose when time's up. (requested by NeoNaruto®++)
|j| pastagirl
|inactive|d18l has 120 seconds left.
|j| Zen860
|j| GGeorgie
|j| Milotic scales
|j| iWatchU⊙_⊙
|c| Zen860|Neonaruto prepare to get smoked
|inactive|d18l has 90 seconds left.
|inactive|d18l has 60 seconds left.
|
|t:|1640312658
|start
|switch|p1a: Bernie Landers|Landorus-Therian, M|100/100
|switch|p2a: Landorus|Landorus-Therian, M|100/100
|-ability|p2a: Landorus|Intimidate|boost
|-unboost|p1a: Bernie Landers|atk|1
|-ability|p1a: Bernie Landers|Intimidate|boost
|-unboost|p2a: Landorus|atk|1
|turn|1
|inactive|d18l has 120 seconds left.
|
|t:|1640312686
|move|p2a: Landorus|Stealth Rock|p1a: Bernie Landers
|-sidestart|p1: NeoNaruto®++|move: Stealth Rock
|move|p1a: Bernie Landers|Knock Off|p2a: Landorus
|-damage|p2a: Landorus|80/100
|-enditem|p2a: Landorus|Leftovers|[from] move: Knock Off|[of] p1a: Bernie Landers
|
|upkeep
|turn|2
|
|t:|1640312690
|move|p2a: Landorus|Toxic|p1a: Bernie Landers|[miss]
|-miss|p2a: Landorus|p1a: Bernie Landers
|move|p1a: Bernie Landers|Stealth Rock|p2a: Landorus
|-sidestart|p2: d18l|move: Stealth Rock
|
|upkeep
|turn|3
|
|t:|1640312699
|move|p2a: Landorus|Toxic|p1a: Bernie Landers
|-status|p1a: Bernie Landers|tox
|move|p1a: Bernie Landers|Knock Off|p2a: Landorus
|-damage|p2a: Landorus|68/100
|
|-damage|p1a: Bernie Landers|94/100 tox|[from] psn
|upkeep
|turn|4
|
|t:|1640312704
|move|p2a: Landorus|U-turn|p1a: Bernie Landers
|-resisted|p1a: Bernie Landers
|-damage|p1a: Bernie Landers|90/100 tox
|-damage|p2a: Landorus|51/100|[from] item: Rocky Helmet|[of] p1a: Bernie Landers
|
|t:|1640312707
|switch|p2a: Ferrothorn|Ferrothorn, M|100/100|[from]move: U-turn
|-damage|p2a: Ferrothorn|94/100|[from] Stealth Rock
|move|p1a: Bernie Landers|U-turn|p2a: Ferrothorn
|-damage|p2a: Ferrothorn|85/100
|-damage|p1a: Bernie Landers|77/100 tox|[from] ability: Iron Barbs|[of] p2a: Ferrothorn
|
|t:|1640312709
|switch|p1a: PURRP FOR SALE|Darmanitan, F|100/100|[from]move: U-turn
|-damage|p1a: PURRP FOR SALE|76/100|[from] Stealth Rock
|
|-heal|p2a: Ferrothorn|91/100|[from] item: Leftovers
|upkeep
|turn|5
|
|t:|1640312726
|switch|p2a: Zapdos|Zapdos|100/100
|move|p1a: PURRP FOR SALE|Superpower|p2a: Zapdos
|-resisted|p2a: Zapdos
|-damage|p2a: Zapdos|74/100
|-unboost|p1a: PURRP FOR SALE|atk|1
|-unboost|p1a: PURRP FOR SALE|def|1
|
|upkeep
|turn|6
|
|t:|1640312735
|switch|p1a: DA LAST REX(3005)|Tyranitar, F|100/100
|-damage|p1a: DA LAST REX(3005)|88/100|[from] Stealth Rock
|-weather|Sandstorm|[from] ability: Sand Stream|[of] p1a: DA LAST REX(3005)
|switch|p2a: Landorus|Landorus-Therian, M|51/100
|-damage|p2a: Landorus|39/100|[from] Stealth Rock
|-ability|p2a: Landorus|Intimidate|boost
|-unboost|p1a: DA LAST REX(3005)|atk|1
|
|-weather|Sandstorm|[upkeep]
|upkeep
|turn|7
|c| pastagirl|nice
|inactive|d18l has 120 seconds left.
|l| Milotic scales
|inactive|d18l has 90 seconds left.
|
|t:|1640312796
|switch|p1a: spvceghvstpvrrp|Slowbro, F, shiny|100/100
|-damage|p1a: spvceghvstpvrrp|88/100|[from] Stealth Rock
|move|p2a: Landorus|U-turn|p1a: spvceghvstpvrrp
|-supereffective|p1a: spvceghvstpvrrp
|-damage|p1a: spvceghvstpvrrp|64/100
|-damage|p2a: Landorus|22/100|[from] item: Rocky Helmet|[of] p1a: spvceghvstpvrrp
|inactive|d18l has 90 seconds left.
|j| Milotic scales
|
|t:|1640312823
|switch|p2a: Weavile|Weavile, F|100/100|[from]move: U-turn
|-damage|p2a: Weavile|76/100|[from] Stealth Rock
|-ability|p2a: Weavile|Pressure
|
|-weather|Sandstorm|[upkeep]
|-damage|p2a: Weavile|70/100|[from] Sandstorm
|-damage|p1a: spvceghvstpvrrp|58/100|[from] Sandstorm
|upkeep
|turn|8
|
|t:|1640312827
|move|p2a: Weavile|Knock Off|p1a: spvceghvstpvrrp
|-supereffective|p1a: spvceghvstpvrrp
|-damage|p1a: spvceghvstpvrrp|0 fnt
|-damage|p2a: Weavile|53/100|[from] item: Rocky Helmet|[of] p1a: spvceghvstpvrrp
|-enditem|p1a: spvceghvstpvrrp|Rocky Helmet|[from] move: Knock Off|[of] p2a: Weavile
|faint|p1a: spvceghvstpvrrp
|
|-weather|Sandstorm|[upkeep]
|-damage|p2a: Weavile|47/100|[from] Sandstorm
|upkeep
|
|t:|1640312830
|switch|p1a: Bernie Landers|Landorus-Therian, M|77/100 tox
|-damage|p1a: Bernie Landers|65/100 tox|[from] Stealth Rock
|-ability|p1a: Bernie Landers|Intimidate|boost
|-unboost|p2a: Weavile|atk|1
|turn|9
|inactive|d18l has 90 seconds left.
|
|t:|1640312841
|switch|p2a: Ferrothorn|Ferrothorn, M|91/100
|-damage|p2a: Ferrothorn|85/100|[from] Stealth Rock
|move|p1a: Bernie Landers|U-turn|p2a: Ferrothorn
|-damage|p2a: Ferrothorn|72/100
|-damage|p1a: Bernie Landers|53/100 tox|[from] ability: Iron Barbs|[of] p2a: Ferrothorn
|
|t:|1640312846
|switch|p1a: DA LAST REX(3005)|Tyranitar, F|88/100|[from]move: U-turn
|-damage|p1a: DA LAST REX(3005)|76/100|[from] Stealth Rock
|
|-weather|Sandstorm|[upkeep]
|-heal|p2a: Ferrothorn|78/100|[from] item: Leftovers
|upkeep
|turn|10
|inactive|d18l has 90 seconds left.
|j| Lucky bbbb
|
|t:|1640312871
|switch|p2a: Landorus|Landorus-Therian, M|22/100
|-damage|p2a: Landorus|10/100|[from] Stealth Rock
|-ability|p2a: Landorus|Intimidate|boost
|-unboost|p1a: DA LAST REX(3005)|atk|1
|move|p1a: DA LAST REX(3005)|Fire Blast|p2a: Landorus
|-damage|p2a: Landorus|0 fnt
|faint|p2a: Landorus
|
|-weather|none
|upkeep
|
|t:|1640312884
|switch|p2a: Tapu Lele|Tapu Lele|100/100
|-damage|p2a: Tapu Lele|88/100|[from] Stealth Rock
|-fieldstart|move: Psychic Terrain|[from] ability: Psychic Surge|[of] p2a: Tapu Lele
|turn|11
|l| Milotic scales
|
|t:|1640312891
|move|p2a: Tapu Lele|Moonblast|p1a: DA LAST REX(3005)
|-supereffective|p1a: DA LAST REX(3005)
|-damage|p1a: DA LAST REX(3005)|25/100
|move|p1a: DA LAST REX(3005)|Heavy Slam|p2a: Tapu Lele
|-supereffective|p2a: Tapu Lele
|-damage|p2a: Tapu Lele|13/100
|
|upkeep
|turn|12
|
|t:|1640312896
|move|p2a: Tapu Lele|Moonblast|p1a: DA LAST REX(3005)
|-supereffective|p1a: DA LAST REX(3005)
|-damage|p1a: DA LAST REX(3005)|0 fnt
|faint|p1a: DA LAST REX(3005)
|
|upkeep
|
|t:|1640312898
|switch|p1a: VODECi|Tapu Koko|100/100
|-damage|p1a: VODECi|88/100|[from] Stealth Rock
|-fieldstart|move: Electric Terrain|[from] ability: Electric Surge|[of] p1a: VODECi
|turn|13
|inactive|d18l has 90 seconds left.
|j| Epicano43
|
|t:|1640312919
|move|p2a: Tapu Lele|Moonblast|p1a: VODECi
|-damage|p1a: VODECi|0 fnt
|faint|p1a: VODECi
|
|upkeep
|
|t:|1640312923
|switch|p1a: Fat Charizard|Dragonite, M, shiny|100/100
|turn|14
|inactive|d18l has 90 seconds left.
|c| pastagirl|epic wait strategy lmao
|
|t:|1640312945
|move|p1a: Fat Charizard|Extreme Speed|p2a: Tapu Lele
|-damage|p2a: Tapu Lele|0 fnt
|faint|p2a: Tapu Lele
|
|upkeep
|c| Zen860|darm has done absolutely nothing
|inactive|d18l has 60 seconds left.
|c| Zen860|maybe life orb would be nice to switch moves
|c| pastagirl|darm kinda scary here ngl
|c| pastagirl|nah he still went zap on the sp
|c| Zen860|yea if it gets its predict right
|
|t:|1640312993
|switch|p2a: Ferrothorn|Ferrothorn, M|78/100
|-damage|p2a: Ferrothorn|72/100|[from] Stealth Rock
|turn|15
|c| Zen860|yea that zap was wp predicting him to predict tran
|c| pastagirl|prolly would've killed right
|-message|NeoNaruto®++ forfeited.
|
|win|d18l
|raw|NeoNaruto®++'s rating: 1667 &rarr; <strong>1652</strong><br />(-15 for losing)
|raw|d18l's rating: 1747 &rarr; <strong>1762</strong><br />(+15 for winning)
|l|☆NeoNaruto®++
|c| pastagirl|i actly don't know
|c| pastagirl|wait
|c| Zen860|gg
|c| pastagirl|d18l
|l| GGeorgie
|c|☆d18l|what
|c| pastagirl|they just totally d18l'd u
|c| pastagirl|i think they could win this
|c|☆d18l|ok.
|l| Lucky bbbb
|c| Zen860|chat is a powerful thing
|c|☆d18l|maybe the dnite cant touch ferro
|l| iWatchU⊙_⊙
