|j|☆Stellar Flares
|j|☆Shiiftry
|t:|1615573893
|player|p1|Stellar Flares|2|
|player|p2|Shiiftry|blackbelt-gen4dp|
|teamsize|p1|6
|teamsize|p2|6
|gametype|singles
|gen|8
|tier|[Gen 8] OU
|rated|Tournament battle
|clearpoke
|poke|p1|Mew|
|poke|p1|Pelipper, F|
|poke|p1|Barraskewda, F|
|poke|p1|Rillaboom, M|
|poke|p1|Scizor, M|
|poke|p1|Thundurus-Therian, M|
|poke|p2|Urshifu-*, F|
|poke|p2|Tapu Koko|
|poke|p2|Blissey, F|
|poke|p2|Heatran, F|
|poke|p2|Swampert, M|
|poke|p2|Zapdos|
|rule|Sleep Clause Mod: Limit one foe put to sleep
|rule|Species Clause: Limit one of each Pokémon
|rule|OHKO Clause: OHKO moves are banned
|rule|Evasion Moves Clause: Evasion moves are banned
|rule|Endless Battle Clause: Forcing endless battles is banned
|rule|HP Percentage Mod: HP is shown in percentages
|rule|Dynamax Clause: You cannot dynamax
|teampreview
|c|☆Shiiftry|hf
|c|☆Shiiftry|encore rain -_-
|
|t:|1615573913
|start
|switch|p1a: Mew|Mew|100/100
|switch|p2a: Tapu Koko|Tapu Koko|100/100
|-fieldstart|move: Electric Terrain|[from] ability: Electric Surge|[of] p2a: Tapu Koko
|turn|1
|j|%Kabilapok
|
|t:|1615573920
|move|p2a: Tapu Koko|U-turn|p1a: Mew
|-supereffective|p1a: Mew
|-damage|p1a: Mew|70/100
|inactive|Battle timer is ON: inactive players will automatically lose when time's up. (requested by Shiiftry)
|
|t:|1615573925
|switch|p2a: Swampert|Swampert, M|100/100|[from]move: U-turn
|move|p1a: Mew|Spikes|p2a: Swampert
|-sidestart|p2: Shiiftry|Spikes
|
|upkeep
|turn|2
|
|t:|1615573928
|move|p1a: Mew|Taunt|p2a: Swampert
|-start|p2a: Swampert|move: Taunt
|move|p2a: Swampert|Flip Turn|p1a: Mew
|-damage|p1a: Mew|51/100
|
|t:|1615573939
|switch|p2a: Tapu Koko|Tapu Koko|100/100|[from]move: Flip Turn
|
|upkeep
|turn|3
|
|t:|1615573944
|move|p2a: Tapu Koko|U-turn|p1a: Mew
|-supereffective|p1a: Mew
|-damage|p1a: Mew|25/100
|
|t:|1615573946
|switch|p2a: Swampert|Swampert, M|100/100|[from]move: U-turn
|-damage|p2a: Swampert|88/100|[from] Spikes
|move|p1a: Mew|Soft-Boiled|p1a: Mew
|-heal|p1a: Mew|75/100
|
|-heal|p2a: Swampert|94/100|[from] item: Leftovers
|upkeep
|turn|4
|
|t:|1615573952
|move|p1a: Mew|Taunt|p2a: Swampert
|-start|p2a: Swampert|move: Taunt
|move|p2a: Swampert|Flip Turn|p1a: Mew
|-damage|p1a: Mew|57/100
|
|t:|1615573959
|switch|p2a: Zapdos|Zapdos|100/100|[from]move: Flip Turn
|
|upkeep
|turn|5
|
|t:|1615573962
|move|p1a: Mew|Stealth Rock|p2a: Zapdos
|-sidestart|p2: Shiiftry|move: Stealth Rock
|move|p2a: Zapdos|Volt Switch|p1a: Mew
|-damage|p1a: Mew|34/100
|inactive|Shiiftry has 120 seconds left.
|
|t:|1615574013
|switch|p2a: Heatran|Heatran, F|100/100|[from]move: Volt Switch
|-damage|p2a: Heatran|88/100|[from] Spikes
|-damage|p2a: Heatran|76/100|[from] Stealth Rock
|
|-heal|p2a: Heatran|82/100|[from] item: Leftovers
|-fieldend|move: Electric Terrain
|upkeep
|turn|6
|
|t:|1615574024
|move|p1a: Mew|Spikes|p2a: Heatran
|-sidestart|p2: Shiiftry|Spikes
|move|p2a: Heatran|Toxic|p1a: Mew
|-status|p1a: Mew|tox
|-activate|p1a: Mew|ability: Synchronize
|-immune|p2a: Heatran
|
|-heal|p2a: Heatran|88/100|[from] item: Leftovers
|-damage|p1a: Mew|28/100 tox|[from] psn
|upkeep
|turn|7
|
|t:|1615574033
|move|p1a: Mew|Spikes|p2a: Heatran
|-sidestart|p2: Shiiftry|Spikes
|move|p2a: Heatran|Magma Storm|p1a: Mew
|-damage|p1a: Mew|0 fnt
|faint|p1a: Mew
|
|-heal|p2a: Heatran|94/100|[from] item: Leftovers
|upkeep
|
|t:|1615574035
|switch|p1a: Pelipper|Pelipper, F|100/100
|-weather|RainDance|[from] ability: Drizzle|[of] p1a: Pelipper
|turn|8
|
|t:|1615574043
|switch|p2a: Zapdos|Zapdos|100/100
|move|p1a: Pelipper|U-turn|p2a: Zapdos
|-resisted|p2a: Zapdos
|-damage|p2a: Zapdos|97/100
|inactive|Stellar Flares has 120 seconds left.
|
|t:|1615574082
|switch|p1a: Thundurus|Thundurus-Therian, M|100/100|[from]move: U-turn
|
|-weather|RainDance|[upkeep]
|upkeep
|turn|9
|
|t:|1615574086
|move|p1a: Thundurus|Nasty Plot|p1a: Thundurus
|-boost|p1a: Thundurus|spa|2
|move|p2a: Zapdos|Defog|p1a: Thundurus
|-unboost|p1a: Thundurus|evasion|1
|-sideend|p2: Shiiftry|Spikes|[from] move: Defog|[of] p2a: Zapdos
|-sideend|p2: Shiiftry|Stealth Rock|[from] move: Defog|[of] p2a: Zapdos
|
|-weather|RainDance|[upkeep]
|upkeep
|turn|10
|
|t:|1615574092
|switch|p2a: Swampert|Swampert, M|94/100
|move|p1a: Thundurus|Nasty Plot|p1a: Thundurus
|-boost|p1a: Thundurus|spa|2
|
|-weather|RainDance|[upkeep]
|-heal|p2a: Swampert|100/100|[from] item: Leftovers
|upkeep
|turn|11
|
|t:|1615574101
|move|p1a: Thundurus|Focus Blast|p2a: Swampert
|-damage|p2a: Swampert|0 fnt
|faint|p2a: Swampert
|
|-weather|RainDance|[upkeep]
|upkeep
|
|t:|1615574110
|switch|p2a: Tapu Koko|Tapu Koko|100/100
|-fieldstart|move: Electric Terrain|[from] ability: Electric Surge|[of] p2a: Tapu Koko
|turn|12
|
|t:|1615574113
|move|p2a: Tapu Koko|U-turn|p1a: Thundurus
|-resisted|p1a: Thundurus
|-damage|p1a: Thundurus|88/100
|
|t:|1615574115
|switch|p2a: Heatran|Heatran, F|94/100|[from]move: U-turn
|move|p1a: Thundurus|Thunder|p2a: Heatran
|-damage|p2a: Heatran|0 fnt
|faint|p2a: Heatran
|
|-weather|RainDance|[upkeep]
|upkeep
|c|☆Stellar Flares|this defog cost you a lot
|c|☆Shiiftry|ok bro
|inactive|Shiiftry has 120 seconds left.
|c|☆Shiiftry|pourquoi tu parles anglais sur un tour sur la room fr?
|
|t:|1615574151
|switch|p2a: Tapu Koko|Tapu Koko|100/100
|turn|13
|
|t:|1615574153
|move|p2a: Tapu Koko|Dazzling Gleam|p1a: Thundurus
|-damage|p1a: Thundurus|44/100
|move|p1a: Thundurus|Thunder|p2a: Tapu Koko
|-resisted|p2a: Tapu Koko
|-damage|p2a: Tapu Koko|0 fnt
|faint|p2a: Tapu Koko
|
|-weather|RainDance|[upkeep]
|upkeep
|
|t:|1615574156
|switch|p2a: Urshifu|Urshifu-Rapid-Strike, F|100/100
|turn|14
|c|%Kabilapok|rien de mal
|
|t:|1615574163
|switch|p1a: Pelipper|Pelipper, F|100/100
|move|p2a: Urshifu|Aqua Jet|p1a: Pelipper
|-resisted|p1a: Pelipper
|-damage|p1a: Pelipper|81/100
|
|-weather|RainDance|[upkeep]
|upkeep
|turn|15
|c|☆Shiiftry|j'aime pas les gens pédants comme ca
|
|t:|1615574176
|move|p2a: Urshifu|U-turn|p1a: Pelipper
|-resisted|p1a: Pelipper
|-damage|p1a: Pelipper|66/100
|
|t:|1615574181
|switch|p2a: Zapdos|Zapdos|97/100|[from]move: U-turn
|move|p1a: Pelipper|U-turn|p2a: Zapdos
|-resisted|p2a: Zapdos
|-damage|p2a: Zapdos|94/100
|
|t:|1615574188
|switch|p1a: Barraskewda|Barraskewda, F|100/100|[from]move: U-turn
|
|-weather|none
|upkeep
|turn|16
|
|t:|1615574192
|move|p1a: Barraskewda|Flip Turn|p2a: Zapdos
|-damage|p2a: Zapdos|56/100
|-status|p1a: Barraskewda|par|[from] ability: Static|[of] p2a: Zapdos
|
|t:|1615574194
|switch|p1a: Pelipper|Pelipper, F|66/100|[from]move: Flip Turn
|-weather|RainDance|[from] ability: Drizzle|[of] p1a: Pelipper
|move|p2a: Zapdos|Heat Wave|p1a: Pelipper
|-resisted|p1a: Pelipper
|-damage|p1a: Pelipper|53/100
|
|-weather|RainDance|[upkeep]
|-fieldend|move: Electric Terrain
|upkeep
|turn|17
|
|t:|1615574204
|move|p2a: Zapdos|Roost|p2a: Zapdos
|-heal|p2a: Zapdos|100/100
|-singleturn|p2a: Zapdos|move: Roost
|move|p1a: Pelipper|U-turn|p2a: Zapdos
|-damage|p2a: Zapdos|93/100
|
|t:|1615574209
|switch|p1a: Barraskewda|Barraskewda, F|100/100 par|[from]move: U-turn
|
|-weather|RainDance|[upkeep]
|upkeep
|turn|18
|
|t:|1615574212
|cant|p1a: Barraskewda|par
|move|p2a: Zapdos|Volt Switch|p1a: Barraskewda
|-supereffective|p1a: Barraskewda
|-damage|p1a: Barraskewda|0 fnt
|faint|p1a: Barraskewda
|c|☆Stellar Flares|what a shame
|
|t:|1615574218
|switch|p2a: Blissey|Blissey, F|100/100|[from]move: Volt Switch
|
|-weather|RainDance|[upkeep]
|upkeep
|
|t:|1615574222
|switch|p1a: Scizor|Scizor, M|100/100
|turn|19
|
|t:|1615574228
|switch|p2a: Zapdos|Zapdos|93/100
|move|p1a: Scizor|U-turn|p2a: Zapdos
|-resisted|p2a: Zapdos
|-damage|p2a: Zapdos|68/100
|
|t:|1615574233
|switch|p1a: Rillaboom|Rillaboom, M|100/100|[from]move: U-turn
|-fieldstart|move: Grassy Terrain|[from] ability: Grassy Surge|[of] p1a: Rillaboom
|
|-weather|RainDance|[upkeep]
|upkeep
|turn|20
|
|t:|1615574240
|move|p2a: Zapdos|Heat Wave|p1a: Rillaboom
|-supereffective|p1a: Rillaboom
|-damage|p1a: Rillaboom|66/100
|move|p1a: Rillaboom|Wood Hammer|p2a: Zapdos
|-resisted|p2a: Zapdos
|-damage|p2a: Zapdos|19/100
|-damage|p1a: Rillaboom|48/100|[from] Recoil
|
|-weather|RainDance|[upkeep]
|-heal|p1a: Rillaboom|54/100|[from] Grassy Terrain
|upkeep
|turn|21
|
|t:|1615574243
|move|p2a: Zapdos|Roost|p2a: Zapdos
|-heal|p2a: Zapdos|69/100
|-singleturn|p2a: Zapdos|move: Roost
|move|p1a: Rillaboom|Wood Hammer|p2a: Zapdos
|-damage|p2a: Zapdos|0 fnt
|-status|p1a: Rillaboom|par|[from] ability: Static|[of] p2a: Zapdos
|-damage|p1a: Rillaboom|29/100 par|[from] Recoil
|faint|p2a: Zapdos
|
|-weather|RainDance|[upkeep]
|-heal|p1a: Rillaboom|35/100 par|[from] Grassy Terrain
|upkeep
|
|t:|1615574247
|switch|p2a: Blissey|Blissey, F|100/100
|turn|22
|
|t:|1615574253
|switch|p1a: Pelipper|Pelipper, F|53/100
|move|p2a: Blissey|Seismic Toss|p1a: Pelipper
|-damage|p1a: Pelipper|15/100
|
|-weather|RainDance|[upkeep]
|upkeep
|turn|23
|
|t:|1615574258
|move|p1a: Pelipper|U-turn|p2a: Blissey
|-damage|p2a: Blissey|93/100
|
|t:|1615574259
|switch|p1a: Scizor|Scizor, M|100/100|[from]move: U-turn
|move|p2a: Blissey|Teleport|p2a: Blissey
|
|t:|1615574261
|switch|p2a: Urshifu|Urshifu-Rapid-Strike, F|100/100|[from]move: Teleport
|
|-weather|none
|-fieldend|move: Grassy Terrain
|upkeep
|turn|24
|
|t:|1615574265
|move|p2a: Urshifu|Surging Strikes|p1a: Scizor
|-crit|p1a: Scizor
|-damage|p1a: Scizor|81/100
|-crit|p1a: Scizor
|-damage|p1a: Scizor|63/100
|-crit|p1a: Scizor
|-damage|p1a: Scizor|44/100
|-hitcount|p1a: Scizor|3
|move|p1a: Scizor|U-turn|p2a: Urshifu
|-resisted|p2a: Urshifu
|-damage|p2a: Urshifu|72/100
|
|t:|1615574271
|switch|p1a: Rillaboom|Rillaboom, M|35/100 par|[from]move: U-turn
|-fieldstart|move: Grassy Terrain|[from] ability: Grassy Surge|[of] p1a: Rillaboom
|
|-heal|p2a: Urshifu|79/100|[from] Grassy Terrain
|-heal|p1a: Rillaboom|41/100 par|[from] Grassy Terrain
|upkeep
|turn|25
|
|t:|1615574278
|switch|p2a: Blissey|Blissey, F|93/100
|move|p1a: Rillaboom|Grassy Glide|p2a: Blissey
|-damage|p2a: Blissey|25/100
|
|-heal|p2a: Blissey|31/100|[from] Grassy Terrain
|-heal|p1a: Rillaboom|47/100 par|[from] Grassy Terrain
|upkeep
|turn|26
|
|t:|1615574281
|move|p1a: Rillaboom|Grassy Glide|p2a: Blissey
|-damage|p2a: Blissey|0 fnt
|faint|p2a: Blissey
|
|-heal|p1a: Rillaboom|54/100 par|[from] Grassy Terrain
|upkeep
|
|t:|1615574283
|switch|p2a: Urshifu|Urshifu-Rapid-Strike, F|79/100
|turn|27
|
|t:|1615574285
|move|p1a: Rillaboom|Grassy Glide|p2a: Urshifu
|-supereffective|p2a: Urshifu
|-damage|p2a: Urshifu|0 fnt
|faint|p2a: Urshifu
|
|win|Stellar Flares
|n|☆Stellar Flares|stellarflares
|n|☆Shiiftry|shiiftry
|n| Kabilapok|kabilapok
