|j|☆Trogba Trogba
|j|☆Dr. Elite
|inactive|Battle timer is ON: inactive players will automatically lose when time's up.
|t:|1621038142
|gametype|singles
|player|p1|Trogba Trogba|lance|
|player|p2|Dr. Elite|#drelite|
|teamsize|p1|6
|teamsize|p2|6
|gen|8
|tier|[Gen 8] OU
|rated|Tournament battle
|rule|Sleep Clause Mod: Limit one foe put to sleep
|rule|Species Clause: Limit one of each Pokémon
|rule|OHKO Clause: OHKO moves are banned
|rule|Evasion Moves Clause: Evasion moves are banned
|rule|Endless Battle Clause: Forcing endless battles is banned
|rule|HP Percentage Mod: HP is shown in percentages
|rule|Dynamax Clause: You cannot dynamax
|clearpoke
|poke|p1|Kartana|
|poke|p1|Heatran, M|
|poke|p1|Corviknight, F|
|poke|p1|Slowbro, M|
|poke|p1|Landorus-Therian, M|
|poke|p1|Tapu Lele|
|poke|p2|Gardevoir, F|
|poke|p2|Clefable, F|
|poke|p2|Togekiss, M|
|poke|p2|Hatterene, F|
|poke|p2|Klefki, F|
|poke|p2|Primarina, F|
|teampreview
|j| MangoWatermelon$
|j| it is ffld
|j| THATS QUITE UNFOR
|j| Yungster_Testboi
|j| gaaris
|j| Jank Central
|j| just like hunny
|j|%mcp3
|c| THATS QUITE UNFOR|Mono fairy
|c| THATS QUITE UNFOR|goat
|j|%Fusien
|c| Jank Central|goat
|c|☆Trogba Trogba|did you get to the final using this?
|c|☆Dr. Elite|Sorry, Im on my Mobile phone
|j| lostxtrainer
|c| Jank Central|lol
|c| it is ffld|Dr. Elite has always done mono fairy
|inactive|Trogba Trogba has 120 seconds left.
|inactive|Dr. Elite has 120 seconds left.
|c|☆Dr. Elite|so I cant read chat much
|c| it is ffld|Dr. Elite broke character???
|
|t:|1621038188
|start
|switch|p1a: Heatran|Heatran, M|100/100
|switch|p2a: Goodness|Primarina, F|100/100
|turn|1
|c|☆Trogba Trogba|I'm sorry
|c|☆Trogba Trogba|my team is sweaty as hell
|
|t:|1621038195
|move|p1a: Heatran|Taunt|p2a: Goodness
|-start|p2a: Goodness|move: Taunt
|move|p2a: Goodness|Scald|p1a: Heatran
|-supereffective|p1a: Heatran
|-damage|p1a: Heatran|55/100
|
|-heal|p1a: Heatran|62/100|[from] item: Leftovers
|upkeep
|turn|2
|
|t:|1621038198
|move|p1a: Heatran|Stealth Rock|p2a: Goodness
|-sidestart|p2: Dr. Elite|move: Stealth Rock
|move|p2a: Goodness|Scald|p1a: Heatran
|-supereffective|p1a: Heatran
|-damage|p1a: Heatran|18/100
|
|-heal|p1a: Heatran|24/100|[from] item: Leftovers
|upkeep
|turn|3
|
|t:|1621038203
|switch|p1a: Slowbro|Slowbro, M|100/100
|move|p2a: Goodness|Scald|p1a: Slowbro
|-resisted|p1a: Slowbro
|-damage|p1a: Slowbro|84/100
|
|-end|p2a: Goodness|move: Taunt
|upkeep
|turn|4
|
|t:|1621038209
|move|p2a: Goodness|Substitute|p2a: Goodness
|-start|p2a: Goodness|Substitute
|-damage|p2a: Goodness|75/100
|move|p1a: Slowbro|Teleport|p1a: Slowbro
|
|t:|1621038214
|switch|p1a: Tapu Lele|Tapu Lele|100/100|[from]move: Teleport
|-fieldstart|move: Psychic Terrain|[from] ability: Psychic Surge|[of] p1a: Tapu Lele
|
|-heal|p2a: Goodness|82/100|[from] item: Leftovers
|upkeep
|turn|5
|j| Gucci Sand Man☬
|
|t:|1621038223
|move|p1a: Tapu Lele|Psychic|p2a: Goodness
|-end|p2a: Goodness|Substitute
|move|p2a: Goodness|Scald|p1a: Tapu Lele
|-damage|p1a: Tapu Lele|62/100
|
|-heal|p2a: Goodness|88/100|[from] item: Leftovers
|upkeep
|turn|6
|
|t:|1621038229
|switch|p2a: Kindness|Klefki, F|100/100
|-damage|p2a: Kindness|95/100|[from] Stealth Rock
|move|p1a: Tapu Lele|Psychic|p2a: Kindness
|-resisted|p2a: Kindness
|-damage|p2a: Kindness|36/100
|-unboost|p2a: Kindness|spd|1
|
|upkeep
|turn|7
|
|t:|1621038231
|move|p2a: Kindness|Light Screen|p2a: Kindness
|-sidestart|p2: Dr. Elite|move: Light Screen
|move|p1a: Tapu Lele|Psychic|p2a: Kindness
|-resisted|p2a: Kindness
|-damage|p2a: Kindness|0 fnt
|faint|p2a: Kindness
|
|upkeep
|c| Jank Central|ouch
|
|t:|1621038237
|switch|p2a: Patience|Hatterene, F|100/100
|-damage|p2a: Patience|88/100|[from] Stealth Rock
|turn|8
|c| Jank Central|based screens
|
|t:|1621038245
|switch|p1a: Slowbro|Slowbro, M|100/100
|move|p2a: Patience|Calm Mind|p2a: Patience
|-boost|p2a: Patience|spa|1
|-boost|p2a: Patience|spd|1
|
|-fieldend|move: Psychic Terrain
|upkeep
|turn|9
|
|t:|1621038253
|move|p1a: Slowbro|Future Sight|p2a: Patience
|-start|p1a: Slowbro|move: Future Sight
|move|p2a: Patience|Trick Room|p2a: Patience
|-fieldstart|move: Trick Room|[of] p2a: Patience
|
|upkeep
|turn|10
|
|t:|1621038262
|move|p2a: Patience|Calm Mind|p2a: Patience
|-boost|p2a: Patience|spa|1
|-boost|p2a: Patience|spd|1
|move|p1a: Slowbro|Teleport|p1a: Slowbro
|
|t:|1621038264
|switch|p1a: Corviknight|Corviknight, F|100/100|[from]move: Teleport
|-ability|p1a: Corviknight|Pressure
|
|upkeep
|turn|11
|c| Jank Central|based-er trick room
|
|t:|1621038268
|move|p2a: Patience|Calm Mind|p2a: Patience
|-boost|p2a: Patience|spa|1
|-boost|p2a: Patience|spd|1
|move|p1a: Corviknight|Brave Bird|p2a: Patience
|-damage|p2a: Patience|58/100
|-damage|p1a: Corviknight|92/100|[from] Recoil
|
|-end|p2a: Patience|move: Future Sight
|-resisted|p2a: Patience
|-damage|p2a: Patience|48/100
|-heal|p1a: Corviknight|99/100|[from] item: Leftovers
|upkeep
|turn|12
|
|t:|1621038286
|move|p2a: Patience|Draining Kiss|p1a: Corviknight
|-resisted|p1a: Corviknight
|-damage|p1a: Corviknight|81/100
|-heal|p2a: Patience|65/100|[from] drain|[of] p1a: Corviknight
|move|p1a: Corviknight|Brave Bird|p2a: Patience
|-damage|p2a: Patience|36/100
|-damage|p1a: Corviknight|73/100|[from] Recoil
|
|-heal|p1a: Corviknight|79/100|[from] item: Leftovers
|upkeep
|turn|13
|
|t:|1621038289
|move|p2a: Patience|Draining Kiss|p1a: Corviknight
|-resisted|p1a: Corviknight
|-damage|p1a: Corviknight|60/100
|-heal|p2a: Patience|55/100|[from] drain|[of] p1a: Corviknight
|move|p1a: Corviknight|Brave Bird|p2a: Patience
|-damage|p2a: Patience|27/100
|-damage|p1a: Corviknight|52/100|[from] Recoil
|
|-heal|p1a: Corviknight|59/100|[from] item: Leftovers
|-fieldend|move: Trick Room
|upkeep
|turn|14
|
|t:|1621038298
|move|p1a: Corviknight|Brave Bird|p2a: Patience
|-damage|p2a: Patience|0 fnt
|faint|p2a: Patience
|-damage|p1a: Corviknight|52/100|[from] Recoil
|
|-heal|p1a: Corviknight|58/100|[from] item: Leftovers
|-sideend|p2: Dr. Elite|move: Light Screen
|upkeep
|
|t:|1621038304
|switch|p2a: Peace|Togekiss, M, shiny|100/100
|-damage|p2a: Peace|76/100|[from] Stealth Rock
|turn|15
|j| Amigento1958
|
|t:|1621038311
|switch|p1a: Heatran|Heatran, M|24/100
|move|p2a: Peace|Nasty Plot|p2a: Peace
|-boost|p2a: Peace|spa|2
|
|-heal|p1a: Heatran|30/100|[from] item: Leftovers
|upkeep
|turn|16
|
|t:|1621038318
|move|p1a: Heatran|Magma Storm|p2a: Peace
|-damage|p2a: Peace|40/100
|-activate|p2a: Peace|move: Magma Storm|[of] p1a: Heatran
|move|p2a: Peace|Aura Sphere|p1a: Heatran
|-supereffective|p1a: Heatran
|-crit|p1a: Heatran
|-damage|p1a: Heatran|0 fnt
|faint|p1a: Heatran
|
|-end|p2a: Peace|Magma Storm|[partiallytrapped]|[silent]
|upkeep
|
|t:|1621038327
|switch|p1a: Tapu Lele|Tapu Lele|62/100
|-fieldstart|move: Psychic Terrain|[from] ability: Psychic Surge|[of] p1a: Tapu Lele
|turn|17
|
|t:|1621038333
|move|p1a: Tapu Lele|Psyshock|p2a: Peace
|-damage|p2a: Peace|0 fnt
|faint|p2a: Peace
|
|upkeep
|
|t:|1621038336
|switch|p2a: Love|Gardevoir, F|100/100
|-damage|p2a: Love|88/100|[from] Stealth Rock
|-ability|p2a: Love|Psychic Surge|[from] ability: Trace|[of] p1a: Tapu Lele
|turn|18
|
|t:|1621038343
|switch|p1a: Slowbro|Slowbro, M|100/100
|move|p2a: Love|Moonblast|p1a: Slowbro
|-damage|p1a: Slowbro|53/100
|
|upkeep
|turn|19
|l| Yungster_Testboi
|c| THATS QUITE UNFOR|Gardevoir over lele
|c| THATS QUITE UNFOR|Chad
|
|t:|1621038348
|move|p2a: Love|Moonblast|p1a: Slowbro
|-damage|p1a: Slowbro|2/100
|move|p1a: Slowbro|Future Sight|p2a: Love
|-start|p1a: Slowbro|move: Future Sight
|
|upkeep
|turn|20
|
|t:|1621038351
|move|p2a: Love|Moonblast|p1a: Slowbro
|-damage|p1a: Slowbro|0 fnt
|faint|p1a: Slowbro
|
|upkeep
|c| Jank Central|always
|c| Jank Central|lol
|
|t:|1621038364
|switch|p1a: Landorus|Landorus-Therian, M|100/100
|-ability|p1a: Landorus|Intimidate|boost
|-unboost|p2a: Love|atk|1
|turn|21
|c| THATS QUITE UNFOR|Reveal
|c| THATS QUITE UNFOR|expanding force
|
|t:|1621038377
|move|p1a: Landorus|Earthquake|p2a: Love
|-damage|p2a: Love|0 fnt
|faint|p2a: Love
|
|-hint|Future Sight did not hit because the target is fainted.
|-fieldend|move: Psychic Terrain
|upkeep
|c|☆Trogba Trogba|damn
|
|t:|1621038383
|switch|p2a: Joy|Clefable, F|100/100
|-damage|p2a: Joy|88/100|[from] Stealth Rock
|turn|22
|c|☆Trogba Trogba|that thing got no defence
|c| THATS QUITE UNFOR|Well it does not even matter
|c| THATS QUITE UNFOR|kartana wins
|
|t:|1621038389
|switch|p1a: Tapu Lele|Tapu Lele|62/100
|-fieldstart|move: Psychic Terrain|[from] ability: Psychic Surge|[of] p1a: Tapu Lele
|move|p2a: Joy|Calm Mind|p2a: Joy
|-boost|p2a: Joy|spa|1
|-boost|p2a: Joy|spd|1
|
|upkeep
|turn|23
|
|t:|1621038392
|move|p1a: Tapu Lele|Psyshock|p2a: Joy
|-damage|p2a: Joy|23/100
|move|p2a: Joy|Moonlight|p2a: Joy
|-heal|p2a: Joy|73/100
|
|upkeep
|turn|24
|
|t:|1621038394
|move|p1a: Tapu Lele|Psyshock|p2a: Joy
|-damage|p2a: Joy|14/100
|move|p2a: Joy|Moonlight|p2a: Joy
|-heal|p2a: Joy|64/100
|
|upkeep
|turn|25
|
|t:|1621038396
|move|p1a: Tapu Lele|Psyshock|p2a: Joy
|-crit|p2a: Joy
|-damage|p2a: Joy|0 fnt
|faint|p2a: Joy
|
|upkeep
|
|t:|1621038398
|switch|p2a: Goodness|Primarina, F|88/100
|-damage|p2a: Goodness|75/100|[from] Stealth Rock
|turn|26
|
|t:|1621038400
|move|p1a: Tapu Lele|Psyshock|p2a: Goodness
|-damage|p2a: Goodness|6/100
|move|p2a: Goodness|Calm Mind|p2a: Goodness
|-boost|p2a: Goodness|spa|1
|-boost|p2a: Goodness|spd|1
|
|-heal|p2a: Goodness|12/100|[from] item: Leftovers
|-fieldend|move: Psychic Terrain
|upkeep
|turn|27
|c|☆Trogba Trogba|gg
|
|t:|1621038403
|move|p1a: Tapu Lele|Psyshock|p2a: Goodness
|-damage|p2a: Goodness|0 fnt
|faint|p2a: Goodness
|
|win|Trogba Trogba
|n|☆Trogba Trogba|trogbatrogba
|n|☆Dr. Elite|drelite
|n| MangoWatermelon$|mangowatermelon
|n| it is ffld|itisffld
|n| THATS QUITE UNFOR|thatsquiteunfor
|n| gaaris|gaaris
|n| Jank Central|jankcentral
|n| just like hunny|justlikehunny
|n| mcp3|mcp3
|n| Fusien|fusien
|n| lostxtrainer|lostxtrainer
|n| Gucci Sand Man☬|guccisandman
|n| Amigento1958|amigento1958
