|j|☆d18l
|j|☆Kwaga
|t:|1663207279
|gametype|singles
|player|p1|d18l|backpacker|1773
|player|p2|Kwaga|artist|1734
|teamsize|p1|6
|teamsize|p2|6
|gen|8
|tier|[Gen 8] OU
|rated|
|rule|Sleep Clause Mod: Limit one foe put to sleep
|rule|Species Clause: Limit one of each Pokémon
|rule|OHKO Clause: OHKO moves are banned
|rule|Evasion Items Clause: Evasion items are banned
|rule|Evasion Moves Clause: Evasion moves are banned
|rule|Endless Battle Clause: Forcing endless battles is banned
|rule|HP Percentage Mod: HP is shown in percentages
|rule|Dynamax Clause: You cannot dynamax
|clearpoke
|poke|p1|Tapu Koko|
|poke|p1|Victini|
|poke|p1|Landorus-Therian, M|
|poke|p1|Tornadus-Therian, M|
|poke|p1|Rotom-Wash|
|poke|p1|Ferrothorn, F|
|poke|p2|Urshifu-*, M|
|poke|p2|Dragapult, M|
|poke|p2|Zapdos|
|poke|p2|Slowking, F|
|poke|p2|Heatran, M|
|poke|p2|Landorus-Therian, M|
|teampreview
|inactive|Battle timer is ON: inactive players will automatically lose when time's up. (requested by d18l)
|
|t:|1663207289
|start
|switch|p1a: Tornadus|Tornadus-Therian, M|100/100
|switch|p2a: Zapdos|Zapdos|100/100
|turn|1
|
|t:|1663207296
|move|p1a: Tornadus|Knock Off|p2a: Zapdos
|-damage|p2a: Zapdos|87/100
|-status|p1a: Tornadus|par|[from] ability: Static|[of] p2a: Zapdos
|-enditem|p2a: Zapdos|Heavy-Duty Boots|[from] move: Knock Off|[of] p1a: Tornadus
|move|p2a: Zapdos|Hurricane|p1a: Tornadus
|-damage|p1a: Tornadus|67/100 par
|
|upkeep
|turn|2
|j| Bro★taro
|
|t:|1663207307
|switch|p1a: Landorus|Landorus-Therian, M|100/100
|-ability|p1a: Landorus|Intimidate|boost
|-unboost|p2a: Zapdos|atk|1
|move|p2a: Zapdos|Toxic|p1a: Landorus
|-status|p1a: Landorus|tox
|
|-damage|p1a: Landorus|94/100 tox|[from] psn
|upkeep
|turn|3
|
|t:|1663207317
|switch|p2a: Slowking|Slowking, F|100/100
|move|p1a: Landorus|Toxic|p2a: Slowking
|-status|p2a: Slowking|tox
|
|-heal|p1a: Landorus|100/100 tox|[from] item: Leftovers
|-damage|p1a: Landorus|88/100 tox|[from] psn
|-damage|p2a: Slowking|94/100 tox|[from] psn
|upkeep
|turn|4
|
|t:|1663207320
|move|p1a: Landorus|U-turn|p2a: Slowking
|-supereffective|p2a: Slowking
|-damage|p2a: Slowking|58/100 tox
|-enditem|p2a: Slowking|Eject Button
|
|t:|1663207324
|switch|p2a: Urshifu|Urshifu-Rapid-Strike, M|100/100
|
|-heal|p1a: Landorus|94/100 tox|[from] item: Leftovers
|-damage|p1a: Landorus|76/100 tox|[from] psn
|upkeep
|turn|5
|
|t:|1663207327
|switch|p1a: Ferrothorn|Ferrothorn, F|100/100
|move|p2a: Urshifu|Surging Strikes|p1a: Ferrothorn
|-resisted|p1a: Ferrothorn
|-crit|p1a: Ferrothorn
|-damage|p1a: Ferrothorn|95/100
|-activate|p1a: Ferrothorn|ability: Iron Barbs
|-activate|p2a: Urshifu|item: Protective Pads
|-resisted|p1a: Ferrothorn
|-crit|p1a: Ferrothorn
|-damage|p1a: Ferrothorn|89/100
|-activate|p1a: Ferrothorn|ability: Iron Barbs
|-activate|p2a: Urshifu|item: Protective Pads
|-resisted|p1a: Ferrothorn
|-crit|p1a: Ferrothorn
|-damage|p1a: Ferrothorn|83/100
|-activate|p1a: Ferrothorn|ability: Iron Barbs
|-activate|p2a: Urshifu|item: Protective Pads
|-hitcount|p1a: Ferrothorn|3
|
|upkeep
|turn|6
|
|t:|1663207335
|switch|p1a: Tapu Koko|Tapu Koko|100/100
|-fieldstart|move: Electric Terrain|[from] ability: Electric Surge|[of] p1a: Tapu Koko
|move|p2a: Urshifu|U-turn|p1a: Tapu Koko
|-resisted|p1a: Tapu Koko
|-damage|p1a: Tapu Koko|84/100
|
|t:|1663207338
|switch|p2a: Dragapult|Dragapult, M|100/100|[from]move: U-turn
|
|upkeep
|turn|7
|
|t:|1663207343
|switch|p1a: Tornadus|Tornadus-Therian, M|100/100 par
|move|p2a: Dragapult|Shadow Ball|p1a: Tornadus
|-damage|p1a: Tornadus|65/100 par
|
|upkeep
|turn|8
|
|t:|1663207348
|switch|p2a: Zapdos|Zapdos|87/100
|move|p1a: Tornadus|Knock Off|p2a: Zapdos
|-damage|p2a: Zapdos|76/100
|
|upkeep
|turn|9
|
|t:|1663207353
|switch|p1a: Tapu Koko|Tapu Koko|84/100
|move|p2a: Zapdos|Toxic|p1a: Tapu Koko|[miss]
|-miss|p2a: Zapdos|p1a: Tapu Koko
|
|upkeep
|turn|10
|
|t:|1663207358
|switch|p2a: Landorus|Landorus-Therian, M|100/100
|-ability|p2a: Landorus|Intimidate|boost
|-unboost|p1a: Tapu Koko|atk|1
|move|p1a: Tapu Koko|Dazzling Gleam|p2a: Landorus
|-damage|p2a: Landorus|63/100
|
|-heal|p2a: Landorus|69/100|[from] item: Leftovers
|-fieldend|move: Electric Terrain
|upkeep
|turn|11
|
|t:|1663207367
|switch|p1a: Ferrothorn|Ferrothorn, F|83/100
|move|p2a: Landorus|Knock Off|p1a: Ferrothorn
|-damage|p1a: Ferrothorn|64/100
|-damage|p2a: Landorus|57/100|[from] ability: Iron Barbs|[of] p1a: Ferrothorn
|-damage|p2a: Landorus|40/100|[from] item: Rocky Helmet|[of] p1a: Ferrothorn
|-enditem|p1a: Ferrothorn|Rocky Helmet|[from] move: Knock Off|[of] p2a: Landorus
|
|-heal|p2a: Landorus|46/100|[from] item: Leftovers
|upkeep
|turn|12
|
|t:|1663207370
|switch|p2a: Heatran|Heatran, M|100/100
|move|p1a: Ferrothorn|Stealth Rock|p2a: Heatran
|-sidestart|p2: Kwaga|move: Stealth Rock
|
|upkeep
|turn|13
|
|t:|1663207373
|switch|p1a: Rotom|Rotom-Wash|100/100
|move|p2a: Heatran|Stealth Rock|p1a: Rotom
|-sidestart|p1: d18l|move: Stealth Rock
|
|upkeep
|turn|14
|j| goaty throaty
|
|t:|1663207393
|switch|p2a: Landorus|Landorus-Therian, M|46/100
|-damage|p2a: Landorus|34/100|[from] Stealth Rock
|-ability|p2a: Landorus|Intimidate|boost
|-unboost|p1a: Rotom|atk|1
|move|p1a: Rotom|Hydro Pump|p2a: Landorus
|-supereffective|p2a: Landorus
|-damage|p2a: Landorus|0 fnt
|faint|p2a: Landorus
|
|upkeep
|
|t:|1663207396
|switch|p2a: Dragapult|Dragapult, M|100/100
|-damage|p2a: Dragapult|88/100|[from] Stealth Rock
|turn|15
|
|t:|1663207407
|switch|p1a: Tornadus|Tornadus-Therian, M|98/100 par
|-damage|p1a: Tornadus|73/100 par|[from] Stealth Rock
|move|p2a: Dragapult|Shadow Ball|p1a: Tornadus
|-damage|p1a: Tornadus|39/100 par
|
|upkeep
|turn|16
|
|t:|1663207412
|switch|p2a: Zapdos|Zapdos|76/100
|-damage|p2a: Zapdos|52/100|[from] Stealth Rock
|move|p1a: Tornadus|Knock Off|p2a: Zapdos
|-damage|p2a: Zapdos|41/100
|
|upkeep
|turn|17
|
|t:|1663207414
|switch|p1a: Tapu Koko|Tapu Koko|84/100
|-damage|p1a: Tapu Koko|71/100|[from] Stealth Rock
|-fieldstart|move: Electric Terrain|[from] ability: Electric Surge|[of] p1a: Tapu Koko
|move|p2a: Zapdos|Roost|p2a: Zapdos
|-heal|p2a: Zapdos|92/100
|-singleturn|p2a: Zapdos|move: Roost
|
|upkeep
|turn|18
|
|t:|1663207418
|move|p1a: Tapu Koko|Thunderbolt|p2a: Zapdos
|-damage|p2a: Zapdos|21/100
|move|p2a: Zapdos|Volt Switch|p1a: Tapu Koko
|-resisted|p1a: Tapu Koko
|-damage|p1a: Tapu Koko|50/100
|
|t:|1663207420
|switch|p2a: Dragapult|Dragapult, M|88/100|[from]move: Volt Switch
|-damage|p2a: Dragapult|76/100|[from] Stealth Rock
|
|upkeep
|turn|19
|
|t:|1663207447
|switch|p1a: Ferrothorn|Ferrothorn, F|64/100
|-damage|p1a: Ferrothorn|58/100|[from] Stealth Rock
|move|p2a: Dragapult|Shadow Ball|p1a: Ferrothorn
|-damage|p1a: Ferrothorn|15/100
|
|upkeep
|turn|20
|
|t:|1663207453
|move|p2a: Dragapult|Shadow Ball|p1a: Ferrothorn
|-damage|p1a: Ferrothorn|0 fnt
|faint|p1a: Ferrothorn
|
|upkeep
|
|t:|1663207467
|switch|p1a: Tornadus|Tornadus-Therian, M|72/100 par
|-damage|p1a: Tornadus|47/100 par|[from] Stealth Rock
|turn|21
|
|t:|1663207474
|switch|p2a: Slowking|Slowking, F|91/100 tox
|-damage|p2a: Slowking|79/100 tox|[from] Stealth Rock
|move|p1a: Tornadus|U-turn|p2a: Slowking
|-supereffective|p2a: Slowking
|-damage|p2a: Slowking|52/100 tox
|
|t:|1663207482
|switch|p1a: Tapu Koko|Tapu Koko|50/100|[from]move: U-turn
|-damage|p1a: Tapu Koko|38/100|[from] Stealth Rock
|
|-damage|p2a: Slowking|46/100 tox|[from] psn
|-fieldend|move: Electric Terrain
|upkeep
|turn|22
|
|t:|1663207486
|switch|p2a: Zapdos|Zapdos|21/100
|-damage|p2a: Zapdos|0 fnt|[from] Stealth Rock
|faint|p2a: Zapdos
|move|p1a: Tapu Koko|Volt Switch|p2: Zapdos|[notarget]
|-fail|p1a: Tapu Koko
|
|upkeep
|
|t:|1663207488
|switch|p2a: Dragapult|Dragapult, M|76/100
|-damage|p2a: Dragapult|64/100|[from] Stealth Rock
|turn|23
|
|t:|1663207492
|switch|p1a: Tornadus|Tornadus-Therian, M|80/100 par
|-damage|p1a: Tornadus|55/100 par|[from] Stealth Rock
|move|p2a: Dragapult|Shadow Ball|p1a: Tornadus
|-damage|p1a: Tornadus|18/100 par
|
|upkeep
|turn|24
|
|t:|1663207494
|move|p2a: Dragapult|Shadow Ball|p1a: Tornadus
|-damage|p1a: Tornadus|0 fnt
|faint|p1a: Tornadus
|
|upkeep
|
|t:|1663207495
|switch|p1a: Landorus|Landorus-Therian, M|76/100 tox
|-damage|p1a: Landorus|64/100 tox|[from] Stealth Rock
|-ability|p1a: Landorus|Intimidate|boost
|-unboost|p2a: Dragapult|atk|1
|turn|25
|
|t:|1663207499
|switch|p2a: Urshifu|Urshifu-Rapid-Strike, M|100/100
|-damage|p2a: Urshifu|94/100|[from] Stealth Rock
|move|p1a: Landorus|Earthquake|p2a: Urshifu
|-damage|p2a: Urshifu|45/100
|
|-heal|p1a: Landorus|70/100 tox|[from] item: Leftovers
|-damage|p1a: Landorus|64/100 tox|[from] psn
|upkeep
|turn|26
|
|t:|1663207504
|switch|p1a: Rotom|Rotom-Wash|100/100
|-damage|p1a: Rotom|88/100|[from] Stealth Rock
|move|p2a: Urshifu|Close Combat|p1a: Rotom
|-damage|p1a: Rotom|38/100
|-unboost|p2a: Urshifu|def|1
|-unboost|p2a: Urshifu|spd|1
|
|-heal|p1a: Rotom|44/100|[from] item: Leftovers
|upkeep
|turn|27
|
|t:|1663207520
|switch|p1a: Victini|Victini|100/100
|move|p2a: Urshifu|Surging Strikes|p1a: Victini
|-supereffective|p1a: Victini
|-crit|p1a: Victini
|-damage|p1a: Victini|63/100
|-supereffective|p1a: Victini
|-crit|p1a: Victini
|-damage|p1a: Victini|26/100
|-supereffective|p1a: Victini
|-crit|p1a: Victini
|-damage|p1a: Victini|0 fnt
|faint|p1a: Victini
|-hitcount|p1: Victini|3
|
|upkeep
|
|t:|1663207522
|switch|p1a: Tapu Koko|Tapu Koko|38/100
|-damage|p1a: Tapu Koko|25/100|[from] Stealth Rock
|-fieldstart|move: Electric Terrain|[from] ability: Electric Surge|[of] p1a: Tapu Koko
|turn|28
|-message|d18l forfeited.
|
|win|Kwaga
|raw|d18l's rating: 1773 &rarr; <strong>1751</strong><br />(-22 for losing)
|raw|Kwaga's rating: 1734 &rarr; <strong>1756</strong><br />(+22 for winning)
