|j|☆A
|j|☆Lofn
|player|p1|A|clemont|1461
|player|p2|Lofn|skyla|1483
|teamsize|p1|6
|teamsize|p2|6
|gametype|singles
|gen|8
|tier|[Gen 8] OU
|rated|
|clearpoke
|poke|p1|Aegislash, M|
|poke|p1|Jellicent, M|
|poke|p1|Jirachi|
|poke|p1|Rillaboom, M|
|poke|p1|Togekiss, F|
|poke|p1|Arcanine, F|
|poke|p2|Ribombee, F|
|poke|p2|Excadrill, F|
|poke|p2|Bisharp, F|
|poke|p2|Mimikyu, M|
|poke|p2|Jirachi|
|poke|p2|Hydreigon, M|
|rule|Sleep Clause Mod: Limit one foe put to sleep
|rule|Species Clause: Limit one of each Pokémon
|rule|OHKO Clause: OHKO moves are banned
|rule|Evasion Moves Clause: Evasion moves are banned
|rule|Endless Battle Clause: Forcing endless battles is banned
|rule|HP Percentage Mod: HP is shown in percentages
|rule|Dynamax Clause: You cannot dynamax
|teampreview
|
|start
|switch|p1a: i'm cute|Togekiss, F|100/100
|switch|p2a: Excadrill|Excadrill, F|100/100
|-ability|p2a: Excadrill|Mold Breaker
|turn|1
|inactive|Battle timer is ON: inactive players will automatically lose when time's up. (requested by Lofn)
|
|move|p1a: i'm cute|Trick|p2a: Excadrill
|-activate|p1a: i'm cute|move: Trick|[of] p2a: Excadrill
|-item|p2a: Excadrill|Choice Scarf|[from] move: Trick
|-item|p1a: i'm cute|Focus Sash|[from] move: Trick
|move|p2a: Excadrill|Rapid Spin|p1a: i'm cute
|-damage|p1a: i'm cute|79/100
|-boost|p2a: Excadrill|spe|1
|
|upkeep
|turn|2
|
|switch|p2a: Ribombee|Ribombee, F|100/100
|move|p1a: i'm cute|Air Slash|p2a: Ribombee
|-supereffective|p2a: Ribombee
|-enditem|p2a: Ribombee|Focus Sash
|-damage|p2a: Ribombee|1/100
|
|upkeep
|turn|3
|
|move|p2a: Ribombee|Sticky Web|p1a: i'm cute
|-sidestart|p1: A|move: Sticky Web
|move|p1a: i'm cute|Air Slash|p2a: Ribombee
|-supereffective|p2a: Ribombee
|-damage|p2a: Ribombee|0 fnt
|faint|p2a: Ribombee
|
|upkeep
|
|switch|p2a: Excadrill|Excadrill, F|100/100
|-ability|p2a: Excadrill|Mold Breaker
|turn|4
|
|switch|p1a: mr gamer man|Rillaboom, M, shiny|100/100
|-activate|p1a: mr gamer man|move: Sticky Web
|-unboost|p1a: mr gamer man|spe|1
|-fieldstart|move: Grassy Terrain|[from] ability: Grassy Surge|[of] p1a: mr gamer man
|move|p2a: Excadrill|Stealth Rock|p1a: mr gamer man
|-sidestart|p1: A|move: Stealth Rock
|
|upkeep
|turn|5
|
|move|p2a: Excadrill|Stealth Rock||[still]
|-fail|p2a: Excadrill
|move|p1a: mr gamer man|Drum Beating|p2a: Excadrill
|-damage|p2a: Excadrill|15/100
|-unboost|p2a: Excadrill|spe|1
|
|-heal|p2a: Excadrill|22/100|[from] Grassy Terrain
|upkeep
|turn|6
|
|move|p2a: Excadrill|Stealth Rock||[still]
|-fail|p2a: Excadrill
|move|p1a: mr gamer man|Swords Dance|p1a: mr gamer man
|-boost|p1a: mr gamer man|atk|2
|
|-heal|p2a: Excadrill|28/100|[from] Grassy Terrain
|upkeep
|turn|7
|
|move|p2a: Excadrill|Stealth Rock||[still]
|-fail|p2a: Excadrill
|move|p1a: mr gamer man|Drum Beating|p2a: Excadrill
|-damage|p2a: Excadrill|0 fnt
|faint|p2a: Excadrill
|
|upkeep
|
|switch|p2a: Hydreigon|Hydreigon, M|100/100
|turn|8
|
|move|p2a: Hydreigon|Flamethrower|p1a: mr gamer man
|-supereffective|p1a: mr gamer man
|-damage|p1a: mr gamer man|6/100
|-damage|p2a: Hydreigon|91/100|[from] item: Life Orb
|move|p1a: mr gamer man|Drain Punch|p2a: Hydreigon
|-supereffective|p2a: Hydreigon
|-damage|p2a: Hydreigon|0 fnt
|-heal|p1a: mr gamer man|46/100|[from] drain|[of] p2a: Hydreigon
|faint|p2a: Hydreigon
|
|-heal|p1a: mr gamer man|52/100|[from] item: Leftovers
|-heal|p1a: mr gamer man|58/100|[from] Grassy Terrain
|-fieldend|move: Grassy Terrain
|upkeep
|-message|Lofn forfeited.
|
|win|A
|l|☆Lofn
