|j|☆Makuryu
|j|☆Senzumii
|t:|1656515657
|gametype|singles
|player|p1|Makuryu|koga|1880
|player|p2|Senzumii|psychicf-gen4|1789
|teamsize|p1|6
|teamsize|p2|6
|gen|8
|tier|[Gen 8] OU
|rated|
|rule|Sleep Clause Mod: Limit one foe put to sleep
|rule|Species Clause: Limit one of each Pokémon
|rule|OHKO Clause: OHKO moves are banned
|rule|Evasion Moves Clause: Evasion moves are banned
|rule|Endless Battle Clause: Forcing endless battles is banned
|rule|HP Percentage Mod: HP is shown in percentages
|rule|Dynamax Clause: You cannot dynamax
|clearpoke
|poke|p1|Zapdos|
|poke|p1|Heatran, M|
|poke|p1|Ferrothorn, F|
|poke|p1|Dragapult, F|
|poke|p1|Buzzwole|
|poke|p1|Blissey, F|
|poke|p2|Tapu Koko|
|poke|p2|Victini|
|poke|p2|Clefable, F|
|poke|p2|Landorus-Therian, M|
|poke|p2|Ferrothorn, M|
|poke|p2|Dragonite, F|
|teampreview
|inactive|Battle timer is ON: inactive players will automatically lose when time's up. (requested by Senzumii)
|
|t:|1656515703
|start
|switch|p1a: Heatran|Heatran, M|100/100
|switch|p2a: Tapu Koko|Tapu Koko|100/100
|-fieldstart|move: Electric Terrain|[from] ability: Electric Surge|[of] p2a: Tapu Koko
|-item|p1a: Heatran|Air Balloon
|turn|1
|
|t:|1656515710
|move|p2a: Tapu Koko|Volt Switch|p1a: Heatran
|-damage|p1a: Heatran|63/100
|-enditem|p1a: Heatran|Air Balloon
|
|t:|1656515714
|switch|p2a: Dragonite|Dragonite, F|100/100|[from]move: Volt Switch
|move|p1a: Heatran|Stealth Rock|p2a: Dragonite
|-sidestart|p2: Senzumii|move: Stealth Rock
|
|upkeep
|turn|2
|j| AI with the braids
|
|t:|1656515726
|switch|p1a: Blissey|Blissey, F|100/100
|move|p2a: Dragonite|Earthquake|p1a: Blissey
|-damage|p1a: Blissey|70/100
|
|upkeep
|turn|3
|
|t:|1656515733
|switch|p2a: Landorus|Landorus-Therian, M|100/100
|-damage|p2a: Landorus|88/100|[from] Stealth Rock
|-ability|p2a: Landorus|Intimidate|boost
|-unboost|p1a: Blissey|atk|1
|move|p1a: Blissey|Teleport|p1a: Blissey
|
|t:|1656515739
|switch|p1a: Buzzwole|Buzzwole|100/100|[from]move: Teleport
|
|upkeep
|turn|4
|
|t:|1656515743
|switch|p2a: Clefable|Clefable, F|100/100
|move|p1a: Buzzwole|Poison Jab|p2a: Clefable
|-supereffective|p2a: Clefable
|-damage|p2a: Clefable|29/100
|
|-heal|p2a: Clefable|36/100|[from] item: Leftovers
|upkeep
|turn|5
|
|t:|1656515767
|switch|p2a: Landorus|Landorus-Therian, M|88/100
|-damage|p2a: Landorus|76/100|[from] Stealth Rock
|-ability|p2a: Landorus|Intimidate|boost
|-unboost|p1a: Buzzwole|atk|1
|move|p1a: Buzzwole|Poison Jab|p2a: Landorus
|-resisted|p2a: Landorus
|-damage|p2a: Landorus|60/100
|
|-fieldend|move: Electric Terrain
|upkeep
|turn|6
|j| darms324
|inactive|Makuryu has 120 seconds left.
|j| Niavi
|
|t:|1656515812
|move|p2a: Landorus|Stealth Rock|p1a: Buzzwole
|-sidestart|p1: Makuryu|move: Stealth Rock
|move|p1a: Buzzwole|Poison Jab|p2a: Landorus
|-resisted|p2a: Landorus
|-damage|p2a: Landorus|43/100
|
|upkeep
|turn|7
|
|t:|1656515823
|move|p2a: Landorus|Earthquake|p1a: Buzzwole
|-resisted|p1a: Buzzwole
|-damage|p1a: Buzzwole|80/100
|move|p1a: Buzzwole|Poison Jab|p2a: Landorus
|-resisted|p2a: Landorus
|-damage|p2a: Landorus|26/100
|
|upkeep
|turn|8
|j| xiaoxuesheng
|
|t:|1656515830
|switch|p2a: Ferrothorn|Ferrothorn, M|100/100
|-damage|p2a: Ferrothorn|95/100|[from] Stealth Rock
|move|p1a: Buzzwole|Poison Jab|p2a: Ferrothorn
|-immune|p2a: Ferrothorn
|
|upkeep
|turn|9
|j| dieMoldau
|inactive|Makuryu has 120 seconds left.
|
|t:|1656515845
|switch|p1a: Heatran|Heatran, M|63/100
|-damage|p1a: Heatran|51/100|[from] Stealth Rock
|switch|p2a: Clefable|Clefable, F|36/100
|
|-heal|p2a: Clefable|42/100|[from] item: Leftovers
|upkeep
|turn|10
|l| xiaoxuesheng
|inactive|Makuryu has 120 seconds left.
|
|t:|1656515853
|switch|p2a: Dragonite|Dragonite, F|100/100
|move|p1a: Heatran|Magma Storm|p2a: Dragonite|[miss]
|-miss|p1a: Heatran|p2a: Dragonite
|
|upkeep
|turn|11
|
|t:|1656515862
|switch|p2a: Clefable|Clefable, F|42/100
|switch|p1a: Zapdos|Zapdos|100/100
|
|-heal|p2a: Clefable|48/100|[from] item: Leftovers
|upkeep
|turn|12
|j| xiaoxuesheng
|l| xiaoxuesheng
|
|t:|1656515869
|move|p1a: Zapdos|Volt Switch|p2a: Clefable
|-damage|p2a: Clefable|21/100
|
|t:|1656515875
|switch|p1a: Heatran|Heatran, M|51/100|[from]move: Volt Switch
|-damage|p1a: Heatran|39/100|[from] Stealth Rock
|move|p2a: Clefable|Soft-Boiled|p2a: Clefable
|-heal|p2a: Clefable|71/100
|
|-heal|p2a: Clefable|77/100|[from] item: Leftovers
|upkeep
|turn|13
|
|t:|1656515883
|switch|p2a: Dragonite|Dragonite, F|100/100
|move|p1a: Heatran|Magma Storm|p2a: Dragonite
|-resisted|p2a: Dragonite
|-damage|p2a: Dragonite|87/100
|-activate|p2a: Dragonite|move: Magma Storm|[of] p1a: Heatran
|
|-damage|p2a: Dragonite|75/100|[from] move: Magma Storm|[partiallytrapped]
|upkeep
|turn|14
|
|t:|1656515890
|switch|p1a: Zapdos|Zapdos|100/100
|move|p2a: Dragonite|Roost|p2a: Dragonite
|-heal|p2a: Dragonite|100/100
|-singleturn|p2a: Dragonite|move: Roost
|
|-end|p2a: Dragonite|Magma Storm|[partiallytrapped]|[silent]
|upkeep
|turn|15
|
|t:|1656515897
|switch|p2a: Clefable|Clefable, F|77/100
|move|p1a: Zapdos|Toxic|p2a: Clefable
|-status|p2a: Clefable|tox
|
|-heal|p2a: Clefable|83/100 tox|[from] item: Leftovers
|upkeep
|turn|16
|
|t:|1656515904
|move|p1a: Zapdos|Volt Switch|p2a: Clefable
|-damage|p2a: Clefable|54/100 tox
|
|t:|1656515908
|switch|p1a: Blissey|Blissey, F|70/100|[from]move: Volt Switch
|move|p2a: Clefable|Calm Mind|p2a: Clefable
|-boost|p2a: Clefable|spa|1
|-boost|p2a: Clefable|spd|1
|
|-heal|p2a: Clefable|60/100 tox|[from] item: Leftovers
|upkeep
|turn|17
|
|t:|1656515915
|move|p2a: Clefable|Soft-Boiled|p2a: Clefable
|-heal|p2a: Clefable|100/100 tox
|move|p1a: Blissey|Teleport|p1a: Blissey
|
|t:|1656515923
|switch|p1a: Ferrothorn|Ferrothorn, F|100/100|[from]move: Teleport
|-damage|p1a: Ferrothorn|94/100|[from] Stealth Rock
|
|-heal|p1a: Ferrothorn|100/100|[from] item: Leftovers
|upkeep
|turn|18
|
|t:|1656515929
|switch|p2a: Ferrothorn|Ferrothorn, M|95/100
|-damage|p2a: Ferrothorn|89/100|[from] Stealth Rock
|move|p1a: Ferrothorn|Knock Off|p2a: Ferrothorn
|-damage|p2a: Ferrothorn|77/100
|-damage|p1a: Ferrothorn|88/100|[from] ability: Iron Barbs|[of] p2a: Ferrothorn
|-damage|p1a: Ferrothorn|72/100|[from] item: Rocky Helmet|[of] p2a: Ferrothorn
|-enditem|p2a: Ferrothorn|Rocky Helmet|[from] move: Knock Off|[of] p1a: Ferrothorn
|
|-heal|p1a: Ferrothorn|78/100|[from] item: Leftovers
|upkeep
|turn|19
|
|t:|1656515940
|move|p2a: Ferrothorn|Knock Off|p1a: Ferrothorn
|-damage|p1a: Ferrothorn|66/100
|-damage|p2a: Ferrothorn|65/100|[from] ability: Iron Barbs|[of] p1a: Ferrothorn
|-enditem|p1a: Ferrothorn|Leftovers|[from] move: Knock Off|[of] p2a: Ferrothorn
|move|p1a: Ferrothorn|Spikes|p2a: Ferrothorn
|-sidestart|p2: Senzumii|Spikes
|
|upkeep
|turn|20
|
|t:|1656515947
|move|p2a: Ferrothorn|Spikes|p1a: Ferrothorn
|-sidestart|p1: Makuryu|Spikes
|move|p1a: Ferrothorn|Spikes|p2a: Ferrothorn
|-sidestart|p2: Senzumii|Spikes
|
|upkeep
|turn|21
|
|t:|1656515950
|move|p2a: Ferrothorn|Spikes|p1a: Ferrothorn
|-sidestart|p1: Makuryu|Spikes
|move|p1a: Ferrothorn|Spikes|p2a: Ferrothorn
|-sidestart|p2: Senzumii|Spikes
|
|upkeep
|turn|22
|
|t:|1656515955
|move|p2a: Ferrothorn|Spikes|p1a: Ferrothorn
|-sidestart|p1: Makuryu|Spikes
|move|p1a: Ferrothorn|Leech Seed|p2a: Ferrothorn
|-immune|p2a: Ferrothorn
|
|upkeep
|turn|23
|
|t:|1656515959
|move|p2a: Ferrothorn|Body Press|p1a: Ferrothorn
|-supereffective|p1a: Ferrothorn
|-crit|p1a: Ferrothorn
|-damage|p1a: Ferrothorn|13/100
|-damage|p2a: Ferrothorn|52/100|[from] ability: Iron Barbs|[of] p1a: Ferrothorn
|move|p1a: Ferrothorn|Leech Seed|p2a: Ferrothorn
|-immune|p2a: Ferrothorn
|
|upkeep
|turn|24
|
|t:|1656515968
|move|p2a: Ferrothorn|Body Press|p1a: Ferrothorn
|-supereffective|p1a: Ferrothorn
|-damage|p1a: Ferrothorn|0 fnt
|-damage|p2a: Ferrothorn|40/100|[from] ability: Iron Barbs|[of] p1a: Ferrothorn
|faint|p1a: Ferrothorn
|
|upkeep
|
|t:|1656515974
|switch|p1a: Zapdos|Zapdos|100/100
|turn|25
|
|t:|1656515978
|switch|p2a: Clefable|Clefable, F|100/100 tox
|move|p1a: Zapdos|Heat Wave|p2a: Clefable
|-damage|p2a: Clefable|76/100 tox
|
|-heal|p2a: Clefable|82/100 tox|[from] item: Leftovers
|upkeep
|turn|26
|l| Niavi
|j| Skruun
|
|t:|1656515990
|move|p1a: Zapdos|Volt Switch|p2a: Clefable
|-damage|p2a: Clefable|53/100 tox
|
|t:|1656515993
|switch|p1a: Blissey|Blissey, F|70/100|[from]move: Volt Switch
|move|p2a: Clefable|Soft-Boiled|p2a: Clefable
|-heal|p2a: Clefable|100/100 tox
|
|upkeep
|turn|27
|
|t:|1656515999
|move|p2a: Clefable|Calm Mind|p2a: Clefable
|-boost|p2a: Clefable|spa|1
|-boost|p2a: Clefable|spd|1
|move|p1a: Blissey|Soft-Boiled|p1a: Blissey
|-heal|p1a: Blissey|100/100
|
|upkeep
|turn|28
|
|t:|1656516004
|move|p2a: Clefable|Calm Mind|p2a: Clefable
|-boost|p2a: Clefable|spa|1
|-boost|p2a: Clefable|spd|1
|move|p1a: Blissey|Seismic Toss|p2a: Clefable
|-damage|p2a: Clefable|75/100 tox
|
|-heal|p2a: Clefable|81/100 tox|[from] item: Leftovers
|upkeep
|turn|29
|j| TheMightyDRE
|
|t:|1656516012
|move|p2a: Clefable|Calm Mind|p2a: Clefable
|-boost|p2a: Clefable|spa|1
|-boost|p2a: Clefable|spd|1
|move|p1a: Blissey|Teleport|p1a: Blissey
|
|t:|1656516015
|switch|p1a: Buzzwole|Buzzwole|80/100|[from]move: Teleport
|-damage|p1a: Buzzwole|68/100|[from] Stealth Rock
|-damage|p1a: Buzzwole|43/100|[from] Spikes
|
|-heal|p2a: Clefable|87/100 tox|[from] item: Leftovers
|upkeep
|turn|30
|j| milkos
|
|t:|1656516022
|switch|p2a: Ferrothorn|Ferrothorn, M|40/100
|-damage|p2a: Ferrothorn|34/100|[from] Stealth Rock
|-damage|p2a: Ferrothorn|9/100|[from] Spikes
|move|p1a: Buzzwole|Poison Jab|p2a: Ferrothorn
|-immune|p2a: Ferrothorn
|
|upkeep
|turn|31
|
|t:|1656516035
|switch|p1a: Zapdos|Zapdos|100/100
|move|p2a: Ferrothorn|Leech Seed|p1a: Zapdos
|-start|p1a: Zapdos|move: Leech Seed
|
|-damage|p1a: Zapdos|88/100|[from] Leech Seed|[of] p2a: Ferrothorn
|-heal|p2a: Ferrothorn|23/100|[silent]
|upkeep
|turn|32
|
|t:|1656516043
|switch|p2a: Clefable|Clefable, F|87/100 tox
|move|p1a: Zapdos|Heat Wave|p2a: Clefable
|-damage|p2a: Clefable|61/100 tox
|
|-heal|p2a: Clefable|67/100 tox|[from] item: Leftovers
|-damage|p1a: Zapdos|76/100|[from] Leech Seed|[of] p2a: Clefable
|-heal|p2a: Clefable|79/100 tox|[silent]
|upkeep
|turn|33
|j| 7lock
|
|t:|1656516051
|move|p1a: Zapdos|Volt Switch|p2a: Clefable
|-damage|p2a: Clefable|50/100 tox
|
|t:|1656516054
|switch|p1a: Blissey|Blissey, F|100/100|[from]move: Volt Switch
|move|p2a: Clefable|Soft-Boiled|p2a: Clefable
|-heal|p2a: Clefable|99/100 tox
|
|-heal|p2a: Clefable|100/100 tox|[from] item: Leftovers
|upkeep
|turn|34
|
|t:|1656516068
|move|p2a: Clefable|Calm Mind|p2a: Clefable
|-boost|p2a: Clefable|spa|1
|-boost|p2a: Clefable|spd|1
|move|p1a: Blissey|Seismic Toss|p2a: Clefable
|-damage|p2a: Clefable|75/100 tox
|
|-heal|p2a: Clefable|81/100 tox|[from] item: Leftovers
|upkeep
|turn|35
|
|t:|1656516076
|move|p2a: Clefable|Calm Mind|p2a: Clefable
|-boost|p2a: Clefable|spa|1
|-boost|p2a: Clefable|spd|1
|move|p1a: Blissey|Seismic Toss|p2a: Clefable
|-damage|p2a: Clefable|56/100 tox
|
|-heal|p2a: Clefable|62/100 tox|[from] item: Leftovers
|upkeep
|turn|36
|
|t:|1656516083
|move|p2a: Clefable|Soft-Boiled|p2a: Clefable
|-heal|p2a: Clefable|100/100 tox
|move|p1a: Blissey|Seismic Toss|p2a: Clefable
|-damage|p2a: Clefable|75/100 tox
|
|-heal|p2a: Clefable|81/100 tox|[from] item: Leftovers
|upkeep
|turn|37
|j| isudbfkjfg
|
|t:|1656516091
|move|p2a: Clefable|Moonblast|p1a: Blissey
|-damage|p1a: Blissey|76/100
|-unboost|p1a: Blissey|spa|1
|move|p1a: Blissey|Seismic Toss|p2a: Clefable
|-damage|p2a: Clefable|56/100 tox
|
|-heal|p2a: Clefable|62/100 tox|[from] item: Leftovers
|upkeep
|turn|38
|
|t:|1656516099
|move|p2a: Clefable|Soft-Boiled|p2a: Clefable
|-heal|p2a: Clefable|100/100 tox
|move|p1a: Blissey|Seismic Toss|p2a: Clefable
|-damage|p2a: Clefable|75/100 tox
|
|-heal|p2a: Clefable|81/100 tox|[from] item: Leftovers
|upkeep
|turn|39
|
|t:|1656516106
|move|p2a: Clefable|Calm Mind|p2a: Clefable
|-boost|p2a: Clefable|spa|1
|-boost|p2a: Clefable|spd|1
|move|p1a: Blissey|Seismic Toss|p2a: Clefable
|-damage|p2a: Clefable|56/100 tox
|
|-heal|p2a: Clefable|62/100 tox|[from] item: Leftovers
|upkeep
|turn|40
|
|t:|1656516113
|move|p2a: Clefable|Soft-Boiled|p2a: Clefable
|-heal|p2a: Clefable|100/100 tox
|move|p1a: Blissey|Soft-Boiled|p1a: Blissey
|-heal|p1a: Blissey|100/100
|
|upkeep
|turn|41
|
|t:|1656516118
|move|p2a: Clefable|Moonblast|p1a: Blissey
|-damage|p1a: Blissey|71/100
|-unboost|p1a: Blissey|spa|1
|move|p1a: Blissey|Seismic Toss|p2a: Clefable
|-damage|p2a: Clefable|75/100 tox
|
|-heal|p2a: Clefable|81/100 tox|[from] item: Leftovers
|upkeep
|turn|42
|
|t:|1656516129
|move|p2a: Clefable|Calm Mind|p2a: Clefable
|-boost|p2a: Clefable|spa|1
|-boost|p2a: Clefable|spd|1
|move|p1a: Blissey|Seismic Toss|p2a: Clefable
|-damage|p2a: Clefable|56/100 tox
|
|-heal|p2a: Clefable|62/100 tox|[from] item: Leftovers
|upkeep
|turn|43
|
|t:|1656516136
|move|p2a: Clefable|Soft-Boiled|p2a: Clefable
|-heal|p2a: Clefable|100/100 tox
|move|p1a: Blissey|Soft-Boiled|p1a: Blissey
|-heal|p1a: Blissey|100/100
|
|upkeep
|turn|44
|
|t:|1656516141
|move|p2a: Clefable|Calm Mind|p2a: Clefable
|-boost|p2a: Clefable|spa|1
|-boost|p2a: Clefable|spd|1
|move|p1a: Blissey|Seismic Toss|p2a: Clefable
|-damage|p2a: Clefable|75/100 tox
|
|-heal|p2a: Clefable|81/100 tox|[from] item: Leftovers
|upkeep
|turn|45
|
|t:|1656516149
|move|p2a: Clefable|Calm Mind|p2a: Clefable
|-boost|p2a: Clefable|spa|1
|-boost|p2a: Clefable|spd|1
|move|p1a: Blissey|Seismic Toss|p2a: Clefable
|-damage|p2a: Clefable|56/100 tox
|
|-heal|p2a: Clefable|62/100 tox|[from] item: Leftovers
|upkeep
|turn|46
|
|t:|1656516157
|move|p2a: Clefable|Soft-Boiled|p2a: Clefable
|-heal|p2a: Clefable|100/100 tox
|move|p1a: Blissey|Seismic Toss|p2a: Clefable
|-damage|p2a: Clefable|75/100 tox
|
|-heal|p2a: Clefable|81/100 tox|[from] item: Leftovers
|upkeep
|turn|47
|
|t:|1656516165
|move|p2a: Clefable|Thunder Wave|p1a: Blissey
|-status|p1a: Blissey|par
|move|p1a: Blissey|Soft-Boiled||[still]
|-fail|p1a: Blissey|heal
|
|-heal|p2a: Clefable|87/100 tox|[from] item: Leftovers
|upkeep
|turn|48
|
|t:|1656516171
|move|p2a: Clefable|Moonblast|p1a: Blissey
|-damage|p1a: Blissey|53/100 par
|move|p1a: Blissey|Teleport|p1a: Blissey
|
|t:|1656516175
|-curestatus|p1a: Blissey|par|[from] ability: Natural Cure
|switch|p1a: Buzzwole|Buzzwole|43/100|[from]move: Teleport
|-damage|p1a: Buzzwole|31/100|[from] Stealth Rock
|-damage|p1a: Buzzwole|6/100|[from] Spikes
|
|-heal|p2a: Clefable|93/100 tox|[from] item: Leftovers
|upkeep
|turn|49
|
|t:|1656516183
|move|p1a: Buzzwole|Poison Jab|p2a: Clefable
|-supereffective|p2a: Clefable
|-damage|p2a: Clefable|25/100 tox
|move|p2a: Clefable|Moonblast|p1a: Buzzwole
|-supereffective|p1a: Buzzwole
|-damage|p1a: Buzzwole|0 fnt
|faint|p1a: Buzzwole
|
|-heal|p2a: Clefable|31/100 tox|[from] item: Leftovers
|upkeep
|
|t:|1656516202
|switch|p1a: Dragapult|Dragapult, F|100/100
|-damage|p1a: Dragapult|88/100|[from] Stealth Rock
|-damage|p1a: Dragapult|63/100|[from] Spikes
|turn|50
|
|t:|1656516207
|move|p1a: Dragapult|Shadow Ball|p2a: Clefable
|-damage|p2a: Clefable|19/100 tox
|move|p2a: Clefable|Soft-Boiled|p2a: Clefable
|-heal|p2a: Clefable|69/100 tox
|
|-heal|p2a: Clefable|75/100 tox|[from] item: Leftovers
|upkeep
|turn|51
|
|t:|1656516214
|move|p1a: Dragapult|Shadow Ball|p2a: Clefable
|-damage|p2a: Clefable|63/100 tox
|move|p2a: Clefable|Soft-Boiled|p2a: Clefable
|-heal|p2a: Clefable|100/100 tox
|
|upkeep
|turn|52
|
|t:|1656516219
|move|p1a: Dragapult|Shadow Ball|p2a: Clefable
|-damage|p2a: Clefable|89/100 tox
|-unboost|p2a: Clefable|spd|1
|move|p2a: Clefable|Moonblast|p1a: Dragapult
|-supereffective|p1a: Dragapult
|-damage|p1a: Dragapult|0 fnt
|faint|p1a: Dragapult
|
|-heal|p2a: Clefable|95/100 tox|[from] item: Leftovers
|upkeep
|
|t:|1656516228
|switch|p1a: Heatran|Heatran, M|39/100
|-damage|p1a: Heatran|26/100|[from] Stealth Rock
|-damage|p1a: Heatran|1/100|[from] Spikes
|turn|53
|
|t:|1656516234
|move|p1a: Heatran|Magma Storm|p2a: Clefable
|-damage|p2a: Clefable|81/100 tox
|-activate|p2a: Clefable|move: Magma Storm|[of] p1a: Heatran
|move|p2a: Clefable|Moonblast|p1a: Heatran
|-resisted|p1a: Heatran
|-damage|p1a: Heatran|0 fnt
|faint|p1a: Heatran
|
|-heal|p2a: Clefable|87/100 tox|[from] item: Leftovers
|-end|p2a: Clefable|Magma Storm|[partiallytrapped]|[silent]
|upkeep
|-message|Makuryu forfeited.
|
|win|Senzumii
|raw|Makuryu's rating: 1880 &rarr; <strong>1855</strong><br />(-25 for losing)
|raw|Senzumii's rating: 1789 &rarr; <strong>1814</strong><br />(+25 for winning)
|l|☆Makuryu
|l| darms324
|l|☆Senzumii
|l| isudbfkjfg
||Ladder isn't responding, score probably updated but might not have (Request timeout).
|l| 7lock
|l| milkos
|l| TheMightyDRE
|l| Skruun
