|j|☆Land·Woo
|j|☆PQPP214
|t:|1645605896
|gametype|singles
|player|p1|Land·Woo|richboy-gen4|1485
|player|p2|PQPP214|170|1457
|teamsize|p1|6
|teamsize|p2|6
|gen|8
|tier|[Gen 8] OU
|rated|
|rule|Sleep Clause Mod: Limit one foe put to sleep
|rule|Species Clause: Limit one of each Pokémon
|rule|OHKO Clause: OHKO moves are banned
|rule|Evasion Moves Clause: Evasion moves are banned
|rule|Endless Battle Clause: Forcing endless battles is banned
|rule|HP Percentage Mod: HP is shown in percentages
|rule|Dynamax Clause: You cannot dynamax
|clearpoke
|poke|p1|Kartana|
|poke|p1|Zapdos-Galar|
|poke|p1|Tapu Lele|
|poke|p1|Heatran, M|
|poke|p1|Slowking-Galar, M|
|poke|p1|Tapu Fini|
|poke|p2|Landorus-Therian, M|
|poke|p2|Tornadus-Therian, M|
|poke|p2|Zeraora|
|poke|p2|Zapdos-Galar|
|poke|p2|Jirachi|
|poke|p2|Toxapex, M|
|teampreview
|inactive|Battle timer is ON: inactive players will automatically lose when time's up. (requested by Land·Woo)
|
|t:|1645605914
|start
|switch|p1a: Zapdos|Zapdos-Galar|100/100
|switch|p2a: Tornadus|Tornadus-Therian, M, shiny|100/100
|turn|1
|
|t:|1645605919
|move|p1a: Zapdos|Brave Bird|p2a: Tornadus
|-damage|p2a: Tornadus|35/100
|-damage|p1a: Zapdos|76/100|[from] Recoil
|move|p2a: Tornadus|Knock Off|p1a: Zapdos
|-resisted|p1a: Zapdos
|-damage|p1a: Zapdos|64/100
|-enditem|p1a: Zapdos|Choice Scarf|[from] move: Knock Off|[of] p2a: Tornadus
|
|upkeep
|turn|2
|
|t:|1645605935
|move|p2a: Tornadus|Hurricane|p1a: Zapdos
|-supereffective|p1a: Zapdos
|-damage|p1a: Zapdos|0 fnt
|faint|p1a: Zapdos
|
|upkeep
|
|t:|1645605943
|switch|p1a: Heatran|Heatran, M, shiny|100/100
|turn|3
|
|t:|1645605947
|move|p2a: Tornadus|U-turn|p1a: Heatran
|-resisted|p1a: Heatran
|-damage|p1a: Heatran|98/100
|
|t:|1645605951
|switch|p2a: Landorus|Landorus-Therian, M, shiny|100/100|[from]move: U-turn
|-ability|p2a: Landorus|Intimidate|boost
|-unboost|p1a: Heatran|atk|1
|move|p1a: Heatran|Magma Storm|p2a: Landorus
|-crit|p2a: Landorus
|-damage|p2a: Landorus|34/100
|-activate|p2a: Landorus|move: Magma Storm|[of] p1a: Heatran
|
|-heal|p2a: Landorus|40/100|[from] item: Leftovers
|-heal|p1a: Heatran|100/100|[from] item: Leftovers
|-damage|p2a: Landorus|28/100|[from] move: Magma Storm|[partiallytrapped]
|upkeep
|turn|4
|
|t:|1645605962
|switch|p1a: Tapu Fini|Tapu Fini, shiny|100/100
|-fieldstart|move: Misty Terrain|[from] ability: Misty Surge|[of] p1a: Tapu Fini
|move|p2a: Landorus|Earthquake|p1a: Tapu Fini
|-damage|p1a: Tapu Fini|71/100
|
|-heal|p2a: Landorus|34/100|[from] item: Leftovers
|-heal|p1a: Tapu Fini|77/100|[from] item: Leftovers
|-end|p2a: Landorus|Magma Storm|[partiallytrapped]|[silent]
|upkeep
|turn|5
|
|t:|1645605975
|switch|p2a: Jirachi|Jirachi, shiny|100/100
|move|p1a: Tapu Fini|Surf|p2a: Jirachi
|-damage|p2a: Jirachi|82/100
|
|-heal|p2a: Jirachi|88/100|[from] item: Leftovers
|-heal|p1a: Tapu Fini|83/100|[from] item: Leftovers
|upkeep
|turn|6
|
|t:|1645605983
|move|p2a: Jirachi|U-turn|p1a: Tapu Fini
|-resisted|p1a: Tapu Fini
|-damage|p1a: Tapu Fini|77/100
|
|t:|1645605987
|switch|p2a: Toxapex|Toxapex, M, shiny|100/100|[from]move: U-turn
|move|p1a: Tapu Fini|Taunt|p2a: Toxapex
|-start|p2a: Toxapex|move: Taunt
|
|-heal|p1a: Tapu Fini|83/100|[from] item: Leftovers
|upkeep
|turn|7
|
|t:|1645605996
|switch|p1a: Kartana|Kartana, shiny|100/100
|switch|p2a: Zeraora|Zeraora, shiny|100/100
|
|upkeep
|turn|8
|
|t:|1645606002
|switch|p2a: Toxapex|Toxapex, M, shiny|100/100
|move|p1a: Kartana|Leaf Blade|p2a: Toxapex
|-damage|p2a: Toxapex|47/100
|-damage|p1a: Kartana|84/100|[from] item: Rocky Helmet|[of] p2a: Toxapex
|
|-fieldend|Misty Terrain
|upkeep
|turn|9
|
|t:|1645606011
|switch|p2a: Tornadus|Tornadus-Therian, M, shiny|68/100
|move|p1a: Kartana|Leaf Blade|p2a: Tornadus
|-resisted|p2a: Tornadus
|-damage|p2a: Tornadus|19/100
|
|upkeep
|turn|10
|
|t:|1645606018
|switch|p1a: Heatran|Heatran, M, shiny|100/100
|move|p2a: Tornadus|Heat Wave|p1a: Heatran
|-start|p1a: Heatran|ability: Flash Fire
|
|upkeep
|turn|11
|
|t:|1645606027
|move|p2a: Tornadus|U-turn|p1a: Heatran
|-resisted|p1a: Heatran
|-crit|p1a: Heatran
|-damage|p1a: Heatran|96/100
|
|t:|1645606043
|switch|p2a: Zeraora|Zeraora, shiny|100/100|[from]move: U-turn
|move|p1a: Heatran|Magma Storm|p2a: Zeraora
|-damage|p2a: Zeraora|0 fnt
|faint|p2a: Zeraora
|
|-heal|p1a: Heatran|100/100|[from] item: Leftovers
|upkeep
|
|t:|1645606050
|switch|p2a: Zapdos|Zapdos-Galar|100/100
|turn|12
|
|t:|1645606054
|move|p1a: Heatran|Protect|p1a: Heatran
|-singleturn|p1a: Heatran|Protect
|move|p2a: Zapdos|Close Combat|p1a: Heatran
|-activate|p1a: Heatran|move: Protect
|
|upkeep
|turn|13
|
|t:|1645606062
|-end|p1a: Heatran|ability: Flash Fire|[silent]
|switch|p1a: Tapu Fini|Tapu Fini, shiny|83/100
|-fieldstart|move: Misty Terrain|[from] ability: Misty Surge|[of] p1a: Tapu Fini
|move|p2a: Zapdos|Close Combat|p1a: Tapu Fini
|-resisted|p1a: Tapu Fini
|-damage|p1a: Tapu Fini|53/100
|-unboost|p2a: Zapdos|def|1
|-unboost|p2a: Zapdos|spd|1
|
|-heal|p1a: Tapu Fini|59/100|[from] item: Leftovers
|upkeep
|turn|14
|
|t:|1645606075
|switch|p2a: Jirachi|Jirachi, shiny|88/100
|switch|p1a: Slowking|Slowking-Galar, M, shiny|100/100
|
|-heal|p2a: Jirachi|94/100|[from] item: Leftovers
|upkeep
|turn|15
|
|t:|1645606082
|move|p2a: Jirachi|Iron Head|p1a: Slowking
|-damage|p1a: Slowking|71/100
|cant|p1a: Slowking|flinch
|
|-heal|p2a: Jirachi|99/100|[from] item: Leftovers
|upkeep
|turn|16
|
|t:|1645606089
|switch|p1a: Heatran|Heatran, M, shiny|100/100
|move|p2a: Jirachi|Iron Head|p1a: Heatran
|-resisted|p1a: Heatran
|-damage|p1a: Heatran|94/100
|
|-heal|p2a: Jirachi|100/100|[from] item: Leftovers
|-heal|p1a: Heatran|99/100|[from] item: Leftovers
|upkeep
|turn|17
|
|t:|1645606099
|switch|p2a: Zapdos|Zapdos-Galar|100/100
|move|p1a: Heatran|Magma Storm|p2a: Zapdos
|-damage|p2a: Zapdos|32/100
|-activate|p2a: Zapdos|move: Magma Storm|[of] p1a: Heatran
|
|-heal|p1a: Heatran|100/100|[from] item: Leftovers
|-damage|p2a: Zapdos|20/100|[from] move: Magma Storm|[partiallytrapped]
|-fieldend|Misty Terrain
|upkeep
|turn|18
|
|t:|1645606108
|move|p1a: Heatran|Protect|p1a: Heatran
|-singleturn|p1a: Heatran|Protect
|move|p2a: Zapdos|Close Combat|p1a: Heatran
|-activate|p1a: Heatran|move: Protect
|
|-damage|p2a: Zapdos|7/100|[from] move: Magma Storm|[partiallytrapped]
|upkeep
|turn|19
|
|t:|1645606117
|switch|p1a: Slowking|Slowking-Galar, M, shiny|100/100
|move|p2a: Zapdos|Close Combat|p1a: Slowking
|-resisted|p1a: Slowking
|-crit|p1a: Slowking
|-damage|p1a: Slowking|66/100
|-unboost|p2a: Zapdos|def|1
|-unboost|p2a: Zapdos|spd|1
|
|-end|p2a: Zapdos|Magma Storm|[partiallytrapped]|[silent]
|upkeep
|turn|20
|
|t:|1645606132
|switch|p2a: Jirachi|Jirachi, shiny|100/100
|move|p1a: Slowking|Ice Beam|p2a: Jirachi
|-resisted|p2a: Jirachi
|-damage|p2a: Jirachi|91/100
|
|-heal|p2a: Jirachi|98/100|[from] item: Leftovers
|upkeep
|turn|21
|
|t:|1645606139
|move|p2a: Jirachi|Stealth Rock|p1a: Slowking
|-sidestart|p1: Land·Woo|move: Stealth Rock
|move|p1a: Slowking|Flamethrower|p2a: Jirachi
|-supereffective|p2a: Jirachi
|-damage|p2a: Jirachi|61/100
|
|-heal|p2a: Jirachi|67/100|[from] item: Leftovers
|upkeep
|turn|22
|
|t:|1645606146
|move|p2a: Jirachi|Iron Head|p1a: Slowking
|-damage|p1a: Slowking|35/100
|move|p1a: Slowking|Flamethrower|p2a: Jirachi
|-supereffective|p2a: Jirachi
|-damage|p2a: Jirachi|26/100
|
|-heal|p2a: Jirachi|33/100|[from] item: Leftovers
|upkeep
|turn|23
|
|t:|1645606155
|switch|p1a: Heatran|Heatran, M, shiny|100/100
|-damage|p1a: Heatran|88/100|[from] Stealth Rock
|move|p2a: Jirachi|U-turn|p1a: Heatran
|-resisted|p1a: Heatran
|-damage|p1a: Heatran|85/100
|
|t:|1645606158
|switch|p2a: Landorus|Landorus-Therian, M, shiny|34/100|[from]move: U-turn
|-ability|p2a: Landorus|Intimidate|boost
|-unboost|p1a: Heatran|atk|1
|
|-heal|p2a: Landorus|40/100|[from] item: Leftovers
|-heal|p1a: Heatran|91/100|[from] item: Leftovers
|upkeep
|turn|24
|
|t:|1645606169
|switch|p1a: Tapu Fini|Tapu Fini, shiny|59/100
|-damage|p1a: Tapu Fini|46/100|[from] Stealth Rock
|-fieldstart|move: Misty Terrain|[from] ability: Misty Surge|[of] p1a: Tapu Fini
|move|p2a: Landorus|Earthquake|p1a: Tapu Fini
|-damage|p1a: Tapu Fini|18/100
|
|-heal|p2a: Landorus|46/100|[from] item: Leftovers
|-heal|p1a: Tapu Fini|24/100|[from] item: Leftovers
|upkeep
|turn|25
|
|t:|1645606179
|move|p2a: Landorus|Earthquake|p1a: Tapu Fini
|-damage|p1a: Tapu Fini|0 fnt
|faint|p1a: Tapu Fini
|
|-heal|p2a: Landorus|52/100|[from] item: Leftovers
|upkeep
|
|t:|1645606190
|switch|p1a: Tapu Lele|Tapu Lele, shiny|100/100
|-damage|p1a: Tapu Lele|88/100|[from] Stealth Rock
|-fieldstart|move: Psychic Terrain|[from] ability: Psychic Surge|[of] p1a: Tapu Lele
|turn|26
|
|t:|1645606199
|switch|p2a: Jirachi|Jirachi, shiny|33/100
|move|p1a: Tapu Lele|Moonblast|p2a: Jirachi
|-resisted|p2a: Jirachi
|-damage|p2a: Jirachi|17/100
|-unboost|p2a: Jirachi|spa|1
|
|-heal|p1a: Tapu Lele|94/100|[from] item: Leftovers
|-heal|p2a: Jirachi|24/100|[from] item: Leftovers
|upkeep
|turn|27
|
|t:|1645606210
|switch|p1a: Heatran|Heatran, M, shiny|91/100
|-damage|p1a: Heatran|78/100|[from] Stealth Rock
|move|p2a: Jirachi|U-turn|p1a: Heatran
|-resisted|p1a: Heatran
|-damage|p1a: Heatran|75/100
|
|t:|1645606213
|switch|p2a: Landorus|Landorus-Therian, M, shiny|52/100|[from]move: U-turn
|-ability|p2a: Landorus|Intimidate|boost
|-unboost|p1a: Heatran|atk|1
|
|-heal|p2a: Landorus|58/100|[from] item: Leftovers
|-heal|p1a: Heatran|81/100|[from] item: Leftovers
|upkeep
|turn|28
|
|t:|1645606223
|switch|p1a: Kartana|Kartana, shiny|84/100
|-damage|p1a: Kartana|78/100|[from] Stealth Rock
|move|p2a: Landorus|Earthquake|p1a: Kartana
|-damage|p1a: Kartana|28/100
|
|-heal|p2a: Landorus|64/100|[from] item: Leftovers
|upkeep
|turn|29
|
|t:|1645606231
|switch|p2a: Toxapex|Toxapex, M, shiny|80/100
|move|p1a: Kartana|Knock Off|p2a: Toxapex
|-damage|p2a: Toxapex|40/100
|-damage|p1a: Kartana|11/100|[from] item: Rocky Helmet|[of] p2a: Toxapex
|-enditem|p2a: Toxapex|Rocky Helmet|[from] move: Knock Off|[of] p1a: Kartana
|
|upkeep
|turn|30
|
|t:|1645606243
|move|p1a: Kartana|Knock Off|p2a: Toxapex
|-damage|p2a: Toxapex|15/100
|move|p2a: Toxapex|Knock Off|p1a: Kartana
|-damage|p1a: Kartana|0 fnt
|-enditem|p1a: Kartana|Choice Band|[from] move: Knock Off|[of] p2a: Toxapex
|faint|p1a: Kartana
|
|-fieldend|move: Psychic Terrain
|upkeep
|
|t:|1645606250
|switch|p1a: Tapu Lele|Tapu Lele, shiny|94/100
|-damage|p1a: Tapu Lele|82/100|[from] Stealth Rock
|-fieldstart|move: Psychic Terrain|[from] ability: Psychic Surge|[of] p1a: Tapu Lele
|turn|31
|
|t:|1645606259
|move|p1a: Tapu Lele|Moonblast|p2a: Toxapex
|-resisted|p2a: Toxapex
|-damage|p2a: Toxapex|0 fnt
|faint|p2a: Toxapex
|
|-heal|p1a: Tapu Lele|88/100|[from] item: Leftovers
|upkeep
|
|t:|1645606264
|switch|p2a: Jirachi|Jirachi, shiny|24/100
|turn|32
|
|t:|1645606268
|switch|p1a: Heatran|Heatran, M, shiny|81/100
|-damage|p1a: Heatran|68/100|[from] Stealth Rock
|move|p2a: Jirachi|U-turn|p1a: Heatran
|-resisted|p1a: Heatran
|-damage|p1a: Heatran|65/100
|
|t:|1645606270
|switch|p2a: Landorus|Landorus-Therian, M, shiny|64/100|[from]move: U-turn
|-ability|p2a: Landorus|Intimidate|boost
|-unboost|p1a: Heatran|atk|1
|
|-heal|p2a: Landorus|70/100|[from] item: Leftovers
|-heal|p1a: Heatran|71/100|[from] item: Leftovers
|upkeep
|turn|33
|
|t:|1645606280
|switch|p1a: Slowking|Slowking-Galar, M, shiny|68/100
|-damage|p1a: Slowking|56/100|[from] Stealth Rock
|move|p2a: Landorus|Earthquake|p1a: Slowking
|-supereffective|p1a: Slowking
|-damage|p1a: Slowking|0 fnt
|faint|p1a: Slowking
|
|-heal|p2a: Landorus|76/100|[from] item: Leftovers
|upkeep
|
|t:|1645606289
|switch|p1a: Tapu Lele|Tapu Lele, shiny|88/100
|-damage|p1a: Tapu Lele|75/100|[from] Stealth Rock
|turn|34
|
|t:|1645606295
|switch|p2a: Jirachi|Jirachi, shiny|24/100
|move|p1a: Tapu Lele|Moonblast|p2a: Jirachi
|-resisted|p2a: Jirachi
|-damage|p2a: Jirachi|9/100
|-unboost|p2a: Jirachi|spa|1
|
|-heal|p1a: Tapu Lele|81/100|[from] item: Leftovers
|-heal|p2a: Jirachi|15/100|[from] item: Leftovers
|upkeep
|turn|35
|
|t:|1645606304
|move|p1a: Tapu Lele|Moonblast|p2a: Jirachi
|-resisted|p2a: Jirachi
|-damage|p2a: Jirachi|1/100
|move|p2a: Jirachi|Healing Wish|p2a: Jirachi
|faint|p2a: Jirachi
|
|-heal|p1a: Tapu Lele|87/100|[from] item: Leftovers
|-fieldend|move: Psychic Terrain
|upkeep
|
|t:|1645606319
|switch|p2a: Tornadus|Tornadus-Therian, M, shiny|53/100
|-heal|p2a: Tornadus|100/100|[from] move: Healing Wish
|turn|36
|
|t:|1645606325
|move|p2a: Tornadus|Knock Off|p1a: Tapu Lele
|-damage|p1a: Tapu Lele|57/100
|-enditem|p1a: Tapu Lele|Leftovers|[from] move: Knock Off|[of] p2a: Tornadus
|move|p1a: Tapu Lele|Moonblast|p2a: Tornadus
|-damage|p2a: Tornadus|46/100
|
|upkeep
|turn|37
|
|t:|1645606333
|move|p2a: Tornadus|Hurricane|p1a: Tapu Lele
|-damage|p1a: Tapu Lele|10/100
|-start|p1a: Tapu Lele|confusion
|-activate|p1a: Tapu Lele|confusion
|-damage|p1a: Tapu Lele|0 fnt|[from] confusion
|faint|p1a: Tapu Lele
|
|upkeep
|-message|Land·Woo forfeited.
|
|win|PQPP214
|raw|Land·Woo's rating: 1485 &rarr; <strong>1463</strong><br />(-22 for losing)
|raw|PQPP214's rating: 1457 &rarr; <strong>1479</strong><br />(+22 for winning)
|l|☆Land·Woo
