|j|☆tarhargar
|j|☆Elite4Donovan
|t:|1653959262
|gametype|singles
|player|p1|tarhargar|101|1661
|player|p2|Elite4Donovan|lucas|1641
|teamsize|p1|6
|teamsize|p2|6
|gen|8
|tier|[Gen 8] OU
|rated|
|rule|Sleep Clause Mod: Limit one foe put to sleep
|rule|Species Clause: Limit one of each Pokémon
|rule|OHKO Clause: OHKO moves are banned
|rule|Evasion Moves Clause: Evasion moves are banned
|rule|Endless Battle Clause: Forcing endless battles is banned
|rule|HP Percentage Mod: HP is shown in percentages
|rule|Dynamax Clause: You cannot dynamax
|clearpoke
|poke|p1|Landorus-Therian, M|
|poke|p1|Ferrothorn, F|
|poke|p1|Heatran, M|
|poke|p1|Weavile, M|
|poke|p1|Clefable, M|
|poke|p1|Tornadus-Therian, M|
|poke|p2|Centiskorch, F|
|poke|p2|Slowbro, M|
|poke|p2|Dragapult, M|
|poke|p2|Landorus-Therian, M|
|poke|p2|Melmetal|
|poke|p2|Tornadus-Therian, M|
|teampreview
|inactive|Battle timer is ON: inactive players will automatically lose when time's up. (requested by tarhargar)
|
|t:|1653959274
|start
|switch|p1a: Ferrothorn|Ferrothorn, F|100/100
|switch|p2a: Tornadus|Tornadus-Therian, M|100/100
|turn|1
|
|t:|1653959284
|move|p2a: Tornadus|Knock Off|p1a: Ferrothorn
|-damage|p1a: Ferrothorn|88/100
|-damage|p2a: Tornadus|88/100|[from] ability: Iron Barbs|[of] p1a: Ferrothorn
|-enditem|p1a: Ferrothorn|Leftovers|[from] move: Knock Off|[of] p2a: Tornadus
|move|p1a: Ferrothorn|Leech Seed|p2a: Tornadus
|-start|p2a: Tornadus|move: Leech Seed
|
|-damage|p2a: Tornadus|76/100|[from] Leech Seed|[of] p1a: Ferrothorn
|-heal|p1a: Ferrothorn|100/100|[silent]
|upkeep
|turn|2
|
|t:|1653959293
|move|p1a: Ferrothorn|Protect|p1a: Ferrothorn
|-singleturn|p1a: Ferrothorn|Protect
|move|p2a: Tornadus|U-turn|p1a: Ferrothorn
|-activate|p1a: Ferrothorn|move: Protect
|
|-damage|p2a: Tornadus|63/100|[from] Leech Seed|[of] p1a: Ferrothorn
|upkeep
|turn|3
|
|t:|1653959299
|move|p2a: Tornadus|U-turn|p1a: Ferrothorn
|-damage|p1a: Ferrothorn|92/100
|-damage|p2a: Tornadus|51/100|[from] ability: Iron Barbs|[of] p1a: Ferrothorn
|
|t:|1653959301
|switch|p2a: Slowbro|Slowbro, M|100/100|[from]move: U-turn
|move|p1a: Ferrothorn|Spikes|p2a: Slowbro
|-sidestart|p2: Elite4Donovan|Spikes
|
|upkeep
|turn|4
|j| Noob 0_o 2022
|
|t:|1653959307
|move|p1a: Ferrothorn|Knock Off|p2a: Slowbro
|-supereffective|p2a: Slowbro
|-enditem|p2a: Slowbro|Colbur Berry|[eat]
|-enditem|p2a: Slowbro|Colbur Berry|[weaken]
|-damage|p2a: Slowbro|88/100
|move|p2a: Slowbro|Teleport|p2a: Slowbro
|
|t:|1653959311
|switch|p2a: Centiskorch|Centiskorch, F|100/100|[from]move: Teleport
|
|upkeep
|turn|5
|
|t:|1653959316
|switch|p2a: Landorus|Landorus-Therian, M|100/100
|-ability|p2a: Landorus|Intimidate|boost
|-unboost|p1a: Ferrothorn|atk|1
|move|p1a: Ferrothorn|Leech Seed|p2a: Landorus|[miss]
|-miss|p1a: Ferrothorn|p2a: Landorus
|
|upkeep
|turn|6
|
|t:|1653959324
|move|p2a: Landorus|Stealth Rock|p1a: Ferrothorn
|-sidestart|p1: tarhargar|move: Stealth Rock
|move|p1a: Ferrothorn|Knock Off|p2a: Landorus
|-damage|p2a: Landorus|87/100
|-enditem|p2a: Landorus|Leftovers|[from] move: Knock Off|[of] p1a: Ferrothorn
|
|upkeep
|turn|7
|
|t:|1653959330
|switch|p2a: Slowbro|Slowbro, M|100/100
|-damage|p2a: Slowbro|88/100|[from] Spikes
|move|p1a: Ferrothorn|Leech Seed|p2a: Slowbro
|-start|p2a: Slowbro|move: Leech Seed
|
|-damage|p2a: Slowbro|76/100|[from] Leech Seed|[of] p1a: Ferrothorn
|-heal|p1a: Ferrothorn|100/100|[silent]
|upkeep
|turn|8
|
|t:|1653959337
|move|p1a: Ferrothorn|Spikes|p2a: Slowbro
|-sidestart|p2: Elite4Donovan|Spikes
|move|p2a: Slowbro|Teleport|p2a: Slowbro
|
|t:|1653959339
|switch|p2a: Tornadus|Tornadus-Therian, M|84/100|[from]move: Teleport
|
|upkeep
|turn|9
|
|t:|1653959344
|move|p1a: Ferrothorn|Protect|p1a: Ferrothorn
|-singleturn|p1a: Ferrothorn|Protect
|move|p2a: Tornadus|Heat Wave|p1a: Ferrothorn
|-activate|p1a: Ferrothorn|move: Protect
|
|upkeep
|turn|10
|
|t:|1653959352
|move|p2a: Tornadus|Defog|p1a: Ferrothorn
|-unboost|p1a: Ferrothorn|evasion|1
|-sideend|p1: tarhargar|Stealth Rock|[from] move: Defog|[of] p2a: Tornadus
|-sideend|p2: Elite4Donovan|Spikes|[from] move: Defog|[of] p2a: Tornadus
|move|p1a: Ferrothorn|Leech Seed|p2a: Tornadus
|-start|p2a: Tornadus|move: Leech Seed
|
|-damage|p2a: Tornadus|71/100|[from] Leech Seed|[of] p1a: Ferrothorn
|upkeep
|turn|11
|l| Noob 0_o 2022
|
|t:|1653959359
|switch|p2a: Centiskorch|Centiskorch, F|100/100
|move|p1a: Ferrothorn|Protect||[still]
|-fail|p1a: Ferrothorn
|
|upkeep
|turn|12
|
|t:|1653959364
|switch|p2a: Tornadus|Tornadus-Therian, M|100/100
|switch|p1a: Heatran|Heatran, M|100/100
|
|upkeep
|turn|13
|
|t:|1653959371
|move|p1a: Heatran|Eruption|p2a: Tornadus
|-damage|p2a: Tornadus|15/100
|move|p2a: Tornadus|Knock Off|p1a: Heatran
|-damage|p1a: Heatran|79/100
|-enditem|p1a: Heatran|Choice Scarf|[from] move: Knock Off|[of] p2a: Tornadus
|
|upkeep
|turn|14
|
|t:|1653959379
|move|p2a: Tornadus|U-turn|p1a: Heatran
|-resisted|p1a: Heatran
|-damage|p1a: Heatran|75/100
|
|t:|1653959381
|switch|p2a: Slowbro|Slowbro, M|100/100|[from]move: U-turn
|move|p1a: Heatran|Flash Cannon|p2a: Slowbro
|-resisted|p2a: Slowbro
|-damage|p2a: Slowbro|75/100
|
|upkeep
|turn|15
|
|t:|1653959389
|switch|p1a: Ferrothorn|Ferrothorn, F|100/100
|move|p2a: Slowbro|Teleport|p2a: Slowbro
|
|t:|1653959397
|switch|p2a: Tornadus|Tornadus-Therian, M|48/100|[from]move: Teleport
|
|upkeep
|turn|16
|j| 8th Hokage Killua
|
|t:|1653959404
|switch|p1a: Heatran|Heatran, M|75/100
|move|p2a: Tornadus|Heat Wave|p1a: Heatran
|-start|p1a: Heatran|ability: Flash Fire
|
|upkeep
|turn|17
|
|t:|1653959410
|move|p2a: Tornadus|U-turn|p1a: Heatran
|-resisted|p1a: Heatran
|-damage|p1a: Heatran|71/100
|
|t:|1653959411
|switch|p2a: Slowbro|Slowbro, M|100/100|[from]move: U-turn
|move|p1a: Heatran|Magma Storm|p2a: Slowbro|[miss]
|-miss|p1a: Heatran|p2a: Slowbro
|
|upkeep
|turn|18
|
|t:|1653959420
|-end|p1a: Heatran|ability: Flash Fire|[silent]
|switch|p1a: Weavile|Weavile, M|100/100
|-ability|p1a: Weavile|Pressure
|move|p2a: Slowbro|Teleport|p2a: Slowbro
|
|t:|1653959427
|switch|p2a: Melmetal|Melmetal|100/100|[from]move: Teleport
|
|upkeep
|turn|19
|
|t:|1653959431
|move|p1a: Weavile|Knock Off|p2a: Melmetal
|-damage|p2a: Melmetal|71/100
|-enditem|p2a: Melmetal|Leftovers|[from] move: Knock Off|[of] p1a: Weavile
|move|p2a: Melmetal|Thunder Wave|p1a: Weavile
|-status|p1a: Weavile|par
|
|upkeep
|turn|20
|
|t:|1653959437
|cant|p1a: Weavile|par
|move|p2a: Melmetal|Thunder Wave|p1a: Weavile
|-fail|p1a: Weavile|par
|
|upkeep
|turn|21
|
|t:|1653959441
|move|p2a: Melmetal|Protect|p2a: Melmetal
|-singleturn|p2a: Melmetal|Protect
|move|p1a: Weavile|Low Kick|p2a: Melmetal
|-activate|p2a: Melmetal|move: Protect
|
|upkeep
|turn|22
|
|t:|1653959448
|move|p1a: Weavile|Triple Axel|p2a: Melmetal
|-resisted|p2a: Melmetal
|-damage|p2a: Melmetal|67/100
|-resisted|p2a: Melmetal
|-damage|p2a: Melmetal|61/100
|-resisted|p2a: Melmetal
|-damage|p2a: Melmetal|52/100
|-hitcount|p2a: Melmetal|3
|move|p2a: Melmetal|Double Iron Bash|p1a: Weavile
|-supereffective|p1a: Weavile
|-damage|p1a: Weavile|0 fnt
|faint|p1a: Weavile
|-hitcount|p1: Weavile|1
|
|upkeep
|
|t:|1653959459
|switch|p1a: Landorus|Landorus-Therian, M|100/100
|-ability|p1a: Landorus|Intimidate|boost
|-unboost|p2a: Melmetal|atk|1
|turn|23
|
|t:|1653959463
|switch|p2a: Tornadus|Tornadus-Therian, M|81/100
|move|p1a: Landorus|Stealth Rock|p2a: Tornadus
|-sidestart|p2: Elite4Donovan|move: Stealth Rock
|
|upkeep
|turn|24
|
|t:|1653959468
|move|p2a: Tornadus|Defog|p1a: Landorus
|-unboost|p1a: Landorus|evasion|1
|-sideend|p2: Elite4Donovan|Stealth Rock|[from] move: Defog|[of] p2a: Tornadus
|move|p1a: Landorus|Toxic|p2a: Tornadus
|-status|p2a: Tornadus|tox
|
|-damage|p2a: Tornadus|75/100 tox|[from] psn
|upkeep
|turn|25
|
|t:|1653959475
|move|p2a: Tornadus|Knock Off|p1a: Landorus
|-damage|p1a: Landorus|80/100
|-damage|p2a: Tornadus|58/100 tox|[from] item: Rocky Helmet|[of] p1a: Landorus
|-enditem|p1a: Landorus|Rocky Helmet|[from] move: Knock Off|[of] p2a: Tornadus
|move|p1a: Landorus|Stealth Rock|p2a: Tornadus
|-sidestart|p2: Elite4Donovan|move: Stealth Rock
|
|-damage|p2a: Tornadus|46/100 tox|[from] psn
|upkeep
|turn|26
|
|t:|1653959483
|switch|p2a: Slowbro|Slowbro, M|100/100
|-damage|p2a: Slowbro|88/100|[from] Stealth Rock
|move|p1a: Landorus|Earthquake|p2a: Slowbro
|-crit|p2a: Slowbro
|-damage|p2a: Slowbro|45/100
|
|upkeep
|turn|27
|
|t:|1653959490
|move|p1a: Landorus|Toxic|p2a: Slowbro
|-status|p2a: Slowbro|tox
|move|p2a: Slowbro|Scald|p1a: Landorus
|-supereffective|p1a: Landorus
|-damage|p1a: Landorus|16/100
|-status|p1a: Landorus|brn
|
|-damage|p2a: Slowbro|39/100 tox|[from] psn
|-damage|p1a: Landorus|10/100 brn|[from] brn
|upkeep
|turn|28
|
|t:|1653959500
|move|p1a: Landorus|U-turn|p2a: Slowbro
|-supereffective|p2a: Slowbro
|-damage|p2a: Slowbro|25/100 tox
|
|t:|1653959504
|switch|p1a: Heatran|Heatran, M|71/100|[from]move: U-turn
|move|p2a: Slowbro|Teleport|p2a: Slowbro
|
|t:|1653959508
|switch|p2a: Dragapult|Dragapult, M|100/100|[from]move: Teleport
|-damage|p2a: Dragapult|88/100|[from] Stealth Rock
|
|upkeep
|turn|29
|
|t:|1653959513
|move|p2a: Dragapult|Shadow Ball|p1a: Heatran
|-damage|p1a: Heatran|16/100
|move|p1a: Heatran|Flash Cannon|p2a: Dragapult
|-damage|p2a: Dragapult|28/100
|
|upkeep
|turn|30
|
|t:|1653959521
|move|p2a: Dragapult|Shadow Ball|p1a: Heatran
|-damage|p1a: Heatran|0 fnt
|faint|p1a: Heatran
|
|upkeep
|
|t:|1653959525
|switch|p1a: Tornadus|Tornadus-Therian, M|100/100
|turn|31
|
|t:|1653959529
|switch|p2a: Landorus|Landorus-Therian, M|87/100
|-damage|p2a: Landorus|75/100|[from] Stealth Rock
|-ability|p2a: Landorus|Intimidate|boost
|-unboost|p1a: Tornadus|atk|1
|move|p1a: Tornadus|Hurricane|p2a: Landorus
|-damage|p2a: Landorus|34/100
|
|upkeep
|turn|32
|
|t:|1653959544
|move|p1a: Tornadus|Hurricane|p2a: Landorus
|-damage|p2a: Landorus|0 fnt
|faint|p2a: Landorus
|
|upkeep
|
|t:|1653959548
|switch|p2a: Tornadus|Tornadus-Therian, M|79/100 tox
|turn|33
|
|t:|1653959553
|move|p1a: Tornadus|Hurricane|p2a: Tornadus
|-damage|p2a: Tornadus|28/100 tox
|move|p2a: Tornadus|Defog|p1a: Tornadus
|-unboost|p1a: Tornadus|evasion|1
|-sideend|p2: Elite4Donovan|Stealth Rock|[from] move: Defog|[of] p2a: Tornadus
|
|-damage|p2a: Tornadus|22/100 tox|[from] psn
|upkeep
|turn|34
|
|t:|1653959561
|switch|p2a: Melmetal|Melmetal|52/100
|move|p1a: Tornadus|Heat Wave|p2a: Melmetal
|-supereffective|p2a: Melmetal
|-damage|p2a: Melmetal|0 fnt
|faint|p2a: Melmetal
|
|upkeep
|
|t:|1653959567
|switch|p2a: Tornadus|Tornadus-Therian, M|55/100 tox
|turn|35
|
|t:|1653959569
|move|p1a: Tornadus|Hurricane|p2a: Tornadus
|-damage|p2a: Tornadus|2/100 tox
|move|p2a: Tornadus|Knock Off|p1a: Tornadus
|-damage|p1a: Tornadus|71/100
|-enditem|p1a: Tornadus|Heavy-Duty Boots|[from] move: Knock Off|[of] p2a: Tornadus
|
|-damage|p2a: Tornadus|0 fnt|[from] psn
|faint|p2a: Tornadus
|upkeep
|
|t:|1653959575
|switch|p2a: Dragapult|Dragapult, M|28/100
|turn|36
|
|t:|1653959583
|move|p2a: Dragapult|U-turn|p1a: Tornadus
|-resisted|p1a: Tornadus
|-damage|p1a: Tornadus|59/100
|
|t:|1653959585
|switch|p2a: Slowbro|Slowbro, M|58/100 tox|[from]move: U-turn
|move|p1a: Tornadus|U-turn|p2a: Slowbro
|-supereffective|p2a: Slowbro
|-damage|p2a: Slowbro|46/100 tox
|
|t:|1653959593
|switch|p1a: Landorus|Landorus-Therian, M|10/100 brn|[from]move: U-turn
|-ability|p1a: Landorus|Intimidate|boost
|-unboost|p2a: Slowbro|atk|1
|
|-damage|p2a: Slowbro|40/100 tox|[from] psn
|-damage|p1a: Landorus|4/100 brn|[from] brn
|upkeep
|turn|37
|
|t:|1653959600
|move|p1a: Landorus|Stealth Rock|p2a: Slowbro
|-sidestart|p2: Elite4Donovan|move: Stealth Rock
|move|p2a: Slowbro|Teleport|p2a: Slowbro
|
|t:|1653959602
|switch|p2a: Centiskorch|Centiskorch, F|100/100|[from]move: Teleport
|
|-damage|p1a: Landorus|0 fnt|[from] brn
|faint|p1a: Landorus
|upkeep
|
|t:|1653959608
|switch|p1a: Tornadus|Tornadus-Therian, M|92/100
|turn|38
|
|t:|1653959612
|switch|p2a: Slowbro|Slowbro, M|73/100 tox
|-damage|p2a: Slowbro|61/100 tox|[from] Stealth Rock
|move|p1a: Tornadus|Hurricane|p2a: Slowbro
|-damage|p2a: Slowbro|9/100 tox
|-start|p2a: Slowbro|confusion
|
|-damage|p2a: Slowbro|3/100 tox|[from] psn
|upkeep
|turn|39
|j| Cubielubie
|
|t:|1653959621
|move|p1a: Tornadus|Heat Wave|p2a: Slowbro|[miss]
|-miss|p1a: Tornadus|p2a: Slowbro
|-activate|p2a: Slowbro|confusion
|-damage|p2a: Slowbro|0 fnt|[from] confusion
|faint|p2a: Slowbro
|
|upkeep
|
|t:|1653959624
|switch|p2a: Dragapult|Dragapult, M|28/100
|-damage|p2a: Dragapult|15/100|[from] Stealth Rock
|turn|40
|
|t:|1653959630
|move|p2a: Dragapult|Draco Meteor|p1a: Tornadus
|-damage|p1a: Tornadus|0 fnt
|-unboost|p2a: Dragapult|spa|2
|faint|p1a: Tornadus
|
|upkeep
|
|t:|1653959635
|switch|p1a: Ferrothorn|Ferrothorn, F|100/100
|turn|41
|
|t:|1653959638
|move|p2a: Dragapult|Draco Meteor|p1a: Ferrothorn
|-resisted|p1a: Ferrothorn
|-damage|p1a: Ferrothorn|81/100
|-unboost|p2a: Dragapult|spa|2
|move|p1a: Ferrothorn|Knock Off|p2a: Dragapult
|-supereffective|p2a: Dragapult
|-damage|p2a: Dragapult|0 fnt
|-enditem|p2a: Dragapult|Choice Specs|[from] move: Knock Off|[of] p1a: Ferrothorn
|faint|p2a: Dragapult
|
|upkeep
|
|t:|1653959640
|switch|p2a: Centiskorch|Centiskorch, F|100/100
|turn|42
|
|t:|1653959651
|move|p2a: Centiskorch|Fire Lash|p1a: Ferrothorn
|-supereffective|p1a: Ferrothorn
|-damage|p1a: Ferrothorn|0 fnt
|-damage|p2a: Centiskorch|88/100|[from] ability: Iron Barbs|[of] p1a: Ferrothorn
|faint|p1a: Ferrothorn
|
|upkeep
|
|t:|1653959657
|switch|p1a: Clefable|Clefable, M|100/100
|turn|43
|
|t:|1653959661
|move|p2a: Centiskorch|Fire Lash|p1a: Clefable
|-damage|p1a: Clefable|69/100
|-unboost|p1a: Clefable|def|1
|move|p1a: Clefable|Calm Mind|p1a: Clefable
|-boost|p1a: Clefable|spa|1
|-boost|p1a: Clefable|spd|1
|
|-heal|p1a: Clefable|75/100|[from] item: Leftovers
|upkeep
|turn|44
|
|t:|1653959670
|move|p2a: Centiskorch|Fire Lash|p1a: Clefable
|-damage|p1a: Clefable|28/100
|-unboost|p1a: Clefable|def|1
|move|p1a: Clefable|Flamethrower|p2a: Centiskorch
|-damage|p2a: Centiskorch|56/100
|
|-heal|p1a: Clefable|34/100|[from] item: Leftovers
|upkeep
|turn|45
|c|☆Elite4Donovan|gg
|
|t:|1653959679
|move|p2a: Centiskorch|Fire Lash|p1a: Clefable
|-damage|p1a: Clefable|0 fnt
|faint|p1a: Clefable
|
|win|Elite4Donovan
|raw|tarhargar's rating: 1661 &rarr; <strong>1640</strong><br />(-21 for losing)
|raw|Elite4Donovan's rating: 1641 &rarr; <strong>1662</strong><br />(+21 for winning)
|c|☆tarhargar|gg
|l|☆tarhargar
|c|☆Elite4Donovan|how come you didn't go clef on pult if I may ask
