|j|☆Kwaga
|j|☆dddjfdw
|t:|1667365188
|gametype|singles
|player|p1|Kwaga|brock-gen1rb|1737
|player|p2|dddjfdw|101|1708
|teamsize|p1|6
|teamsize|p2|6
|gen|8
|tier|[Gen 8] OU
|rated|
|rule|Sleep Clause Mod: Limit one foe put to sleep
|rule|Species Clause: Limit one of each Pokémon
|rule|OHKO Clause: OHKO moves are banned
|rule|Evasion Items Clause: Evasion items are banned
|rule|Evasion Moves Clause: Evasion moves are banned
|rule|Endless Battle Clause: Forcing endless battles is banned
|rule|HP Percentage Mod: HP is shown in percentages
|rule|Dynamax Clause: You cannot dynamax
|clearpoke
|poke|p1|Weavile, M|
|poke|p1|Dragapult, M|
|poke|p1|Volcanion|
|poke|p1|Melmetal|
|poke|p1|Kartana|
|poke|p1|Landorus-Therian, M|
|poke|p2|Landorus-Therian, M|
|poke|p2|Tyranitar, F|
|poke|p2|Ferrothorn, F|
|poke|p2|Excadrill, M|
|poke|p2|Tangrowth, F|
|poke|p2|Volcanion|
|teampreview
|inactive|Battle timer is ON: inactive players will automatically lose when time's up. (requested by dddjfdw)
|
|t:|1667365203
|start
|switch|p1a: Weavile|Weavile, M|100/100
|switch|p2a: Landorus|Landorus-Therian, M|100/100
|-ability|p1a: Weavile|Pressure
|-ability|p2a: Landorus|Intimidate|boost
|-unboost|p1a: Weavile|atk|1
|turn|1
|
|t:|1667365211
|move|p1a: Weavile|Beat Up|p2a: Landorus
|-damage|p2a: Landorus|92/100
|-damage|p2a: Landorus|83/100
|-damage|p2a: Landorus|74/100
|-crit|p2a: Landorus
|-damage|p2a: Landorus|49/100
|-damage|p2a: Landorus|37/100
|-damage|p2a: Landorus|26/100
|-hitcount|p2a: Landorus|6
|move|p2a: Landorus|U-turn|p1a: Weavile
|-supereffective|p1a: Weavile
|-damage|p1a: Weavile|18/100
|
|t:|1667365217
|switch|p2a: Tyranitar|Tyranitar, F|100/100|[from]move: U-turn
|-weather|Sandstorm|[from] ability: Sand Stream|[of] p2a: Tyranitar
|
|-weather|Sandstorm|[upkeep]
|-damage|p1a: Weavile|12/100|[from] Sandstorm
|upkeep
|turn|2
|
|t:|1667365224
|switch|p1a: Melmetal|Melmetal|100/100
|move|p2a: Tyranitar|Stealth Rock|p1a: Melmetal
|-sidestart|p1: Kwaga|move: Stealth Rock
|
|-weather|Sandstorm|[upkeep]
|upkeep
|turn|3
|
|t:|1667365229
|switch|p1a: Volcanion|Volcanion|100/100
|move|p2a: Tyranitar|Protect||[still]
|-fail|p2a: Tyranitar
|
|-weather|Sandstorm|[upkeep]
|-damage|p1a: Volcanion|95/100|[from] Sandstorm
|upkeep
|turn|4
|
|t:|1667365242
|move|p2a: Tyranitar|Protect|p2a: Tyranitar
|-singleturn|p2a: Tyranitar|Protect
|move|p1a: Volcanion|Earth Power|p2a: Tyranitar
|-activate|p2a: Tyranitar|move: Protect
|
|-weather|Sandstorm|[upkeep]
|-damage|p1a: Volcanion|89/100|[from] Sandstorm
|upkeep
|turn|5
|
|t:|1667365252
|move|p1a: Volcanion|Steam Eruption|p2a: Tyranitar
|-supereffective|p2a: Tyranitar
|-damage|p2a: Tyranitar|48/100
|move|p2a: Tyranitar|Toxic|p1a: Volcanion
|-status|p1a: Volcanion|tox
|
|-weather|none
|-heal|p2a: Tyranitar|54/100|[from] item: Leftovers
|-damage|p1a: Volcanion|83/100 tox|[from] psn
|upkeep
|turn|6
|
|t:|1667365258
|move|p2a: Tyranitar|Protect|p2a: Tyranitar
|-singleturn|p2a: Tyranitar|Protect
|move|p1a: Volcanion|Steam Eruption|p2a: Tyranitar
|-activate|p2a: Tyranitar|move: Protect
|
|-heal|p2a: Tyranitar|61/100|[from] item: Leftovers
|-damage|p1a: Volcanion|71/100 tox|[from] psn
|upkeep
|turn|7
|
|t:|1667365264
|switch|p2a: Landorus|Landorus-Therian, M|26/100
|-ability|p2a: Landorus|Intimidate|boost
|-unboost|p1a: Volcanion|atk|1
|move|p1a: Volcanion|Defog|p2a: Landorus
|-unboost|p2a: Landorus|evasion|1
|-sideend|p1: Kwaga|Stealth Rock|[from] move: Defog|[of] p1a: Volcanion
|
|-heal|p2a: Landorus|32/100|[from] item: Leftovers
|-damage|p1a: Volcanion|53/100 tox|[from] psn
|upkeep
|turn|8
|
|t:|1667365273
|switch|p1a: Landorus|Landorus-Therian, M|100/100
|-ability|p1a: Landorus|Intimidate|boost
|-unboost|p2a: Landorus|atk|1
|move|p2a: Landorus|Earthquake|p1a: Landorus
|-immune|p1a: Landorus
|
|-heal|p2a: Landorus|38/100|[from] item: Leftovers
|upkeep
|turn|9
|
|t:|1667365278
|move|p2a: Landorus|Toxic|p1a: Landorus
|-status|p1a: Landorus|tox
|move|p1a: Landorus|U-turn|p2a: Landorus
|-resisted|p2a: Landorus
|-damage|p2a: Landorus|28/100
|
|t:|1667365280
|switch|p1a: Weavile|Weavile, M|12/100|[from]move: U-turn
|-ability|p1a: Weavile|Pressure
|
|-heal|p2a: Landorus|34/100|[from] item: Leftovers
|upkeep
|turn|10
|
|t:|1667365293
|switch|p2a: Tangrowth|Tangrowth, F|100/100
|move|p1a: Weavile|Beat Up|p2a: Tangrowth
|-crit|p2a: Tangrowth
|-damage|p2a: Tangrowth|90/100
|-crit|p2a: Tangrowth
|-damage|p2a: Tangrowth|80/100
|-damage|p2a: Tangrowth|71/100
|-damage|p2a: Tangrowth|60/100
|-hitcount|p2a: Tangrowth|4
|
|upkeep
|turn|11
|
|t:|1667365310
|move|p1a: Weavile|Beat Up|p2a: Tangrowth
|-damage|p2a: Tangrowth|52/100
|-damage|p2a: Tangrowth|45/100
|-damage|p2a: Tangrowth|36/100
|-damage|p2a: Tangrowth|26/100
|-hitcount|p2a: Tangrowth|4
|move|p2a: Tangrowth|Knock Off|p1a: Weavile
|-resisted|p1a: Weavile
|-damage|p1a: Weavile|0 fnt
|-enditem|p1a: Weavile|Choice Band|[from] move: Knock Off|[of] p2a: Tangrowth
|faint|p1a: Weavile
|
|upkeep
|
|t:|1667365313
|switch|p1a: Dragapult|Dragapult, M|100/100
|turn|12
|
|t:|1667365321
|switch|p2a: Tyranitar|Tyranitar, F|61/100
|-weather|Sandstorm|[from] ability: Sand Stream|[of] p2a: Tyranitar
|move|p1a: Dragapult|U-turn|p2a: Tyranitar
|-supereffective|p2a: Tyranitar
|-damage|p2a: Tyranitar|34/100
|j| LT_Alt1
|
|t:|1667365327
|switch|p1a: Melmetal|Melmetal|100/100|[from]move: U-turn
|
|-weather|Sandstorm|[upkeep]
|-heal|p2a: Tyranitar|40/100|[from] item: Leftovers
|upkeep
|turn|13
|
|t:|1667365331
|move|p2a: Tyranitar|Protect|p2a: Tyranitar
|-singleturn|p2a: Tyranitar|Protect
|move|p1a: Melmetal|Superpower|p2a: Tyranitar
|-activate|p2a: Tyranitar|move: Protect
|
|-weather|Sandstorm|[upkeep]
|-heal|p2a: Tyranitar|46/100|[from] item: Leftovers
|upkeep
|turn|14
|
|t:|1667365342
|switch|p2a: Tangrowth|Tangrowth, F|60/100
|move|p1a: Melmetal|Double Iron Bash|p2a: Tangrowth
|-damage|p2a: Tangrowth|38/100
|-damage|p1a: Melmetal|84/100|[from] item: Rocky Helmet|[of] p2a: Tangrowth
|-crit|p2a: Tangrowth
|-damage|p2a: Tangrowth|3/100
|-damage|p1a: Melmetal|67/100|[from] item: Rocky Helmet|[of] p2a: Tangrowth
|-hitcount|p2a: Tangrowth|2
|
|-weather|Sandstorm|[upkeep]
|-damage|p2a: Tangrowth|0 fnt|[from] Sandstorm
|faint|p2a: Tangrowth
|-heal|p1a: Melmetal|73/100|[from] item: Leftovers
|upkeep
|
|t:|1667365352
|switch|p2a: Volcanion|Volcanion|100/100
|turn|15
|
|t:|1667365358
|move|p1a: Melmetal|Protect|p1a: Melmetal
|-singleturn|p1a: Melmetal|Protect
|move|p2a: Volcanion|Earth Power|p1a: Melmetal
|-activate|p1a: Melmetal|move: Protect
|
|-weather|Sandstorm|[upkeep]
|-damage|p2a: Volcanion|95/100|[from] Sandstorm
|-heal|p1a: Melmetal|80/100|[from] item: Leftovers
|upkeep
|turn|16
|
|t:|1667365366
|switch|p1a: Dragapult|Dragapult, M|100/100
|move|p2a: Volcanion|Flamethrower|p1a: Dragapult
|-resisted|p1a: Dragapult
|-damage|p1a: Dragapult|67/100
|
|-weather|none
|upkeep
|turn|17
|
|t:|1667365373
|switch|p2a: Tyranitar|Tyranitar, F|46/100
|-weather|Sandstorm|[from] ability: Sand Stream|[of] p2a: Tyranitar
|move|p1a: Dragapult|Flamethrower|p2a: Tyranitar
|-resisted|p2a: Tyranitar
|-damage|p2a: Tyranitar|37/100
|
|-weather|Sandstorm|[upkeep]
|-damage|p1a: Dragapult|61/100|[from] Sandstorm
|-heal|p2a: Tyranitar|43/100|[from] item: Leftovers
|upkeep
|turn|18
|
|t:|1667365382
|move|p1a: Dragapult|Flamethrower|p2a: Tyranitar
|-resisted|p2a: Tyranitar
|-damage|p2a: Tyranitar|33/100
|move|p2a: Tyranitar|Stealth Rock|p1a: Dragapult
|-sidestart|p1: Kwaga|move: Stealth Rock
|
|-weather|Sandstorm|[upkeep]
|-damage|p1a: Dragapult|55/100|[from] Sandstorm
|-heal|p2a: Tyranitar|40/100|[from] item: Leftovers
|upkeep
|turn|19
|
|t:|1667365388
|switch|p1a: Melmetal|Melmetal|80/100
|-damage|p1a: Melmetal|73/100|[from] Stealth Rock
|move|p2a: Tyranitar|Protect||[still]
|-fail|p2a: Tyranitar
|
|-weather|Sandstorm|[upkeep]
|-heal|p2a: Tyranitar|46/100|[from] item: Leftovers
|-heal|p1a: Melmetal|80/100|[from] item: Leftovers
|upkeep
|turn|20
|
|t:|1667365397
|switch|p2a: Ferrothorn|Ferrothorn, F|100/100
|move|p1a: Melmetal|Superpower|p2a: Ferrothorn
|-supereffective|p2a: Ferrothorn
|-damage|p2a: Ferrothorn|48/100
|-unboost|p1a: Melmetal|atk|1
|-unboost|p1a: Melmetal|def|1
|-damage|p1a: Melmetal|67/100|[from] ability: Iron Barbs|[of] p2a: Ferrothorn
|
|-weather|Sandstorm|[upkeep]
|-heal|p1a: Melmetal|73/100|[from] item: Leftovers
|-heal|p2a: Ferrothorn|54/100|[from] item: Leftovers
|upkeep
|turn|21
|
|t:|1667365411
|move|p1a: Melmetal|Superpower|p2a: Ferrothorn
|-supereffective|p2a: Ferrothorn
|-damage|p2a: Ferrothorn|14/100
|-unboost|p1a: Melmetal|atk|1
|-unboost|p1a: Melmetal|def|1
|-damage|p1a: Melmetal|61/100|[from] ability: Iron Barbs|[of] p2a: Ferrothorn
|move|p2a: Ferrothorn|Knock Off|p1a: Melmetal
|-damage|p1a: Melmetal|36/100
|-enditem|p1a: Melmetal|Leftovers|[from] move: Knock Off|[of] p2a: Ferrothorn
|
|-weather|none
|-heal|p2a: Ferrothorn|20/100|[from] item: Leftovers
|upkeep
|turn|22
|
|t:|1667365425
|move|p1a: Melmetal|Double Iron Bash|p2a: Ferrothorn
|-resisted|p2a: Ferrothorn
|-damage|p2a: Ferrothorn|13/100
|-damage|p1a: Melmetal|24/100|[from] ability: Iron Barbs|[of] p2a: Ferrothorn
|-resisted|p2a: Ferrothorn
|-damage|p2a: Ferrothorn|6/100
|-damage|p1a: Melmetal|11/100|[from] ability: Iron Barbs|[of] p2a: Ferrothorn
|-hitcount|p2a: Ferrothorn|2
|move|p2a: Ferrothorn|Spikes|p1a: Melmetal
|-sidestart|p1: Kwaga|Spikes
|
|-heal|p2a: Ferrothorn|13/100|[from] item: Leftovers
|upkeep
|turn|23
|
|t:|1667365446
|switch|p2a: Landorus|Landorus-Therian, M|34/100
|-ability|p2a: Landorus|Intimidate|boost
|-unboost|p1a: Melmetal|atk|1
|move|p1a: Melmetal|Double Iron Bash|p2a: Landorus
|-damage|p2a: Landorus|16/100
|-crit|p2a: Landorus
|-damage|p2a: Landorus|0 fnt
|faint|p2a: Landorus
|-hitcount|p2: Landorus|2
|
|upkeep
|
|t:|1667365458
|switch|p2a: Excadrill|Excadrill, M|100/100
|-item|p2a: Excadrill|Air Balloon
|turn|24
|
|t:|1667365462
|move|p2a: Excadrill|Rapid Spin|p1a: Melmetal
|-resisted|p1a: Melmetal
|-damage|p1a: Melmetal|0 fnt
|-boost|p2a: Excadrill|spe|1
|faint|p1a: Melmetal
|
|upkeep
|
|t:|1667365465
|switch|p1a: Kartana|Kartana, shiny|100/100
|-damage|p1a: Kartana|94/100|[from] Stealth Rock
|-damage|p1a: Kartana|82/100|[from] Spikes
|turn|25
|
|t:|1667365490
|switch|p2a: Volcanion|Volcanion|95/100
|move|p1a: Kartana|Sacred Sword|p2a: Volcanion
|-damage|p2a: Volcanion|53/100
|
|upkeep
|turn|26
|
|t:|1667365515
|switch|p1a: Volcanion|Volcanion|53/100 tox
|move|p2a: Volcanion|Flamethrower|p1a: Volcanion
|-resisted|p1a: Volcanion
|-damage|p1a: Volcanion|38/100 tox
|
|-damage|p1a: Volcanion|32/100 tox|[from] psn
|upkeep
|turn|27
|
|t:|1667365525
|move|p2a: Volcanion|Earth Power|p1a: Volcanion
|-supereffective|p1a: Volcanion
|-damage|p1a: Volcanion|0 fnt
|faint|p1a: Volcanion
|
|upkeep
|
|t:|1667365529
|switch|p1a: Dragapult|Dragapult, M|55/100
|-damage|p1a: Dragapult|43/100|[from] Stealth Rock
|-damage|p1a: Dragapult|31/100|[from] Spikes
|turn|28
|
|t:|1667365541
|switch|p2a: Ferrothorn|Ferrothorn, F|13/100
|move|p1a: Dragapult|Shadow Ball|p2a: Ferrothorn
|-damage|p2a: Ferrothorn|0 fnt
|faint|p2a: Ferrothorn
|
|upkeep
|
|t:|1667365546
|switch|p2a: Tyranitar|Tyranitar, F|46/100
|-weather|Sandstorm|[from] ability: Sand Stream|[of] p2a: Tyranitar
|turn|29
|
|t:|1667365550
|move|p2a: Tyranitar|Protect|p2a: Tyranitar
|-singleturn|p2a: Tyranitar|Protect
|move|p1a: Dragapult|Shadow Ball|p2a: Tyranitar
|-activate|p2a: Tyranitar|move: Protect
|
|-weather|Sandstorm|[upkeep]
|-damage|p1a: Dragapult|25/100|[from] Sandstorm
|-heal|p2a: Tyranitar|52/100|[from] item: Leftovers
|upkeep
|turn|30
|
|t:|1667365566
|move|p1a: Dragapult|Shadow Ball|p2a: Tyranitar
|-resisted|p2a: Tyranitar
|-damage|p2a: Tyranitar|40/100
|move|p2a: Tyranitar|Toxic|p1a: Dragapult
|-status|p1a: Dragapult|tox
|
|-weather|Sandstorm|[upkeep]
|-damage|p1a: Dragapult|19/100 tox|[from] Sandstorm
|-heal|p2a: Tyranitar|46/100|[from] item: Leftovers
|-damage|p1a: Dragapult|13/100 tox|[from] psn
|upkeep
|turn|31
|
|t:|1667365578
|switch|p1a: Landorus|Landorus-Therian, M|100/100 tox
|-damage|p1a: Landorus|88/100 tox|[from] Stealth Rock
|-ability|p1a: Landorus|Intimidate|boost
|-unboost|p2a: Tyranitar|atk|1
|move|p2a: Tyranitar|Protect||[still]
|-fail|p2a: Tyranitar
|
|-weather|Sandstorm|[upkeep]
|-heal|p1a: Landorus|94/100 tox|[from] item: Leftovers
|-heal|p2a: Tyranitar|52/100|[from] item: Leftovers
|-damage|p1a: Landorus|88/100 tox|[from] psn
|upkeep
|turn|32
|
|t:|1667365590
|switch|p2a: Excadrill|Excadrill, M|100/100
|-item|p2a: Excadrill|Air Balloon
|move|p1a: Landorus|U-turn|p2a: Excadrill
|-resisted|p2a: Excadrill
|-damage|p2a: Excadrill|85/100
|-enditem|p2a: Excadrill|Air Balloon
|
|t:|1667365593
|switch|p1a: Dragapult|Dragapult, M|13/100 tox|[from]move: U-turn
|-damage|p1a: Dragapult|0 fnt|[from] Stealth Rock
|faint|p1a: Dragapult
|
|-weather|Sandstorm|[upkeep]
|upkeep
|
|t:|1667365594
|switch|p1a: Landorus|Landorus-Therian, M|88/100 tox
|-damage|p1a: Landorus|76/100 tox|[from] Stealth Rock
|-ability|p1a: Landorus|Intimidate|boost
|-unboost|p2a: Excadrill|atk|1
|turn|33
|
|t:|1667365606
|switch|p2a: Volcanion|Volcanion|53/100
|move|p1a: Landorus|Earthquake|p2a: Volcanion
|-supereffective|p2a: Volcanion
|-crit|p2a: Volcanion
|-damage|p2a: Volcanion|0 fnt
|faint|p2a: Volcanion
|
|-weather|none
|-heal|p1a: Landorus|82/100 tox|[from] item: Leftovers
|-damage|p1a: Landorus|76/100 tox|[from] psn
|upkeep
|
|t:|1667365612
|switch|p2a: Tyranitar|Tyranitar, F|52/100
|-weather|Sandstorm|[from] ability: Sand Stream|[of] p2a: Tyranitar
|turn|34
|
|t:|1667365616
|switch|p1a: Kartana|Kartana, shiny|82/100
|-damage|p1a: Kartana|76/100|[from] Stealth Rock
|-damage|p1a: Kartana|63/100|[from] Spikes
|move|p2a: Tyranitar|Protect||[still]
|-fail|p2a: Tyranitar
|
|-weather|Sandstorm|[upkeep]
|-heal|p2a: Tyranitar|59/100|[from] item: Leftovers
|upkeep
|turn|35
|
|t:|1667365624
|move|p2a: Tyranitar|Protect|p2a: Tyranitar
|-singleturn|p2a: Tyranitar|Protect
|move|p1a: Kartana|Sacred Sword|p2a: Tyranitar
|-activate|p2a: Tyranitar|move: Protect
|
|-weather|Sandstorm|[upkeep]
|-heal|p2a: Tyranitar|65/100|[from] item: Leftovers
|upkeep
|turn|36
|
|t:|1667365635
|move|p1a: Kartana|Sacred Sword|p2a: Tyranitar
|-supereffective|p2a: Tyranitar
|-damage|p2a: Tyranitar|0 fnt
|faint|p2a: Tyranitar
|-ability|p1a: Kartana|Beast Boost|boost
|-boost|p1a: Kartana|atk|1
|
|-weather|Sandstorm|[upkeep]
|upkeep
|
|t:|1667365637
|switch|p2a: Excadrill|Excadrill, M|85/100
|turn|37
|
|t:|1667365639
|move|p2a: Excadrill|Earthquake|p1a: Kartana
|-damage|p1a: Kartana|6/100
|move|p1a: Kartana|Sacred Sword|p2a: Excadrill
|-supereffective|p2a: Excadrill
|-crit|p2a: Excadrill
|-damage|p2a: Excadrill|0 fnt
|faint|p2a: Excadrill
|
|win|Kwaga
|raw|Kwaga's rating: 1737 &rarr; <strong>1755</strong><br />(+18 for winning)
|raw|dddjfdw's rating: 1708 &rarr; <strong>1690</strong><br />(-18 for losing)
