|j|☆jajajj
|j|☆ghecisbestvillain
|t:|1663000979
|gametype|singles
|player|p1|jajajj|2|1856
|player|p2|ghecisbestvillain|scientist-gen4|1743
|teamsize|p1|6
|teamsize|p2|6
|gen|8
|tier|[Gen 8] OU
|rated|
|rule|Sleep Clause Mod: Limit one foe put to sleep
|rule|Species Clause: Limit one of each Pokémon
|rule|OHKO Clause: OHKO moves are banned
|rule|Evasion Items Clause: Evasion items are banned
|rule|Evasion Moves Clause: Evasion moves are banned
|rule|Endless Battle Clause: Forcing endless battles is banned
|rule|HP Percentage Mod: HP is shown in percentages
|rule|Dynamax Clause: You cannot dynamax
|clearpoke
|poke|p1|Zapdos|
|poke|p1|Weavile, F|
|poke|p1|Kartana|
|poke|p1|Landorus-Therian, M|
|poke|p1|Volcanion|
|poke|p1|Melmetal|
|poke|p2|Chansey, F|
|poke|p2|Quagsire, M|
|poke|p2|Corviknight, M|
|poke|p2|Toxapex, M|
|poke|p2|Slowking-Galar, M|
|poke|p2|Buzzwole|
|teampreview
|inactive|Battle timer is ON: inactive players will automatically lose when time's up. (requested by jajajj)
|
|t:|1663000997
|start
|switch|p1a: Landorus|Landorus-Therian, M|100/100
|switch|p2a: Evangelion boring|Toxapex, M|100/100
|-ability|p1a: Landorus|Intimidate|boost
|-unboost|p2a: Evangelion boring|atk|1
|turn|1
|j| TropaDeElite
|
|t:|1663001003
|move|p1a: Landorus|Earthquake|p2a: Evangelion boring
|-supereffective|p2a: Evangelion boring
|-damage|p2a: Evangelion boring|45/100
|move|p2a: Evangelion boring|Scald|p1a: Landorus
|-supereffective|p1a: Landorus
|-crit|p1a: Landorus
|-damage|p1a: Landorus|67/100
|
|-heal|p1a: Landorus|73/100|[from] item: Leftovers
|upkeep
|turn|2
|
|t:|1663001012
|move|p1a: Landorus|Stealth Rock|p2a: Evangelion boring
|-sidestart|p2: ghecisbestvillain|move: Stealth Rock
|move|p2a: Evangelion boring|Knock Off|p1a: Landorus
|-damage|p1a: Landorus|63/100
|-enditem|p1a: Landorus|Leftovers|[from] move: Knock Off|[of] p2a: Evangelion boring
|
|upkeep
|turn|3
|
|t:|1663001018
|switch|p2a: Evangelion trashy|Corviknight, M|100/100
|-damage|p2a: Evangelion trashy|88/100|[from] Stealth Rock
|-ability|p2a: Evangelion trashy|Pressure
|move|p1a: Landorus|U-turn|p2a: Evangelion trashy
|-resisted|p2a: Evangelion trashy
|-damage|p2a: Evangelion trashy|85/100
|
|t:|1663001027
|switch|p1a: Volcanion|Volcanion|100/100|[from]move: U-turn
|
|-heal|p2a: Evangelion trashy|91/100|[from] item: Leftovers
|upkeep
|turn|4
|
|t:|1663001033
|switch|p1a: Weavile|Weavile, F|100/100
|-ability|p1a: Weavile|Pressure
|switch|p2a: HXH is overrated|Chansey, F|100/100
|-damage|p2a: HXH is overrated|88/100|[from] Stealth Rock
|
|upkeep
|turn|5
|
|t:|1663001044
|switch|p2a: Evangelion boring|Toxapex, M|78/100
|-damage|p2a: Evangelion boring|66/100|[from] Stealth Rock
|move|p1a: Weavile|Knock Off|p2a: Evangelion boring
|-damage|p2a: Evangelion boring|22/100
|-damage|p1a: Weavile|84/100|[from] item: Rocky Helmet|[of] p2a: Evangelion boring
|-enditem|p2a: Evangelion boring|Rocky Helmet|[from] move: Knock Off|[of] p1a: Weavile
|
|upkeep
|turn|6
|j| MiThree
|
|t:|1663001052
|switch|p2a: DB Super shitty|Buzzwole|100/100
|move|p1a: Weavile|Knock Off|p2a: DB Super shitty
|-resisted|p2a: DB Super shitty
|-damage|p2a: DB Super shitty|78/100
|-enditem|p2a: DB Super shitty|Heavy-Duty Boots|[from] move: Knock Off|[of] p1a: Weavile
|
|upkeep
|turn|7
|j| yung beefhead
|
|t:|1663001065
|switch|p1a: Volcanion|Volcanion|100/100
|switch|p2a: Naruto shoddy|Slowking-Galar, M|100/100
|-damage|p2a: Naruto shoddy|88/100|[from] Stealth Rock
|
|upkeep
|turn|8
|
|t:|1663001071
|switch|p1a: Melmetal|Melmetal|100/100
|move|p2a: Naruto shoddy|Future Sight|p1a: Melmetal
|-start|p2a: Naruto shoddy|move: Future Sight
|
|upkeep
|turn|9
|
|t:|1663001076
|switch|p2a: Evangelion trashy|Corviknight, M|91/100
|-damage|p2a: Evangelion trashy|78/100|[from] Stealth Rock
|-ability|p2a: Evangelion trashy|Pressure
|move|p1a: Melmetal|Thunder Punch|p2a: Evangelion trashy
|-supereffective|p2a: Evangelion trashy
|-damage|p2a: Evangelion trashy|13/100
|
|-heal|p2a: Evangelion trashy|20/100|[from] item: Leftovers
|upkeep
|turn|10
|
|t:|1663001090
|switch|p1a: Volcanion|Volcanion|100/100
|move|p2a: Evangelion trashy|Roost|p2a: Evangelion trashy
|-heal|p2a: Evangelion trashy|70/100
|-singleturn|p2a: Evangelion trashy|move: Roost
|
|-end|p1a: Volcanion|move: Future Sight
|-damage|p1a: Volcanion|44/100
|-heal|p2a: Evangelion trashy|76/100|[from] item: Leftovers
|upkeep
|turn|11
|
|t:|1663001101
|switch|p2a: Naruto shoddy|Slowking-Galar, M|100/100
|-damage|p2a: Naruto shoddy|88/100|[from] Stealth Rock
|move|p1a: Volcanion|Steam Eruption|p2a: Naruto shoddy
|-damage|p2a: Naruto shoddy|49/100
|-status|p2a: Naruto shoddy|brn
|
|-damage|p2a: Naruto shoddy|43/100 brn|[from] brn
|upkeep
|turn|12
|
|t:|1663001110
|switch|p1a: Melmetal|Melmetal|100/100
|switch|p2a: HXH is overrated|Chansey, F|88/100
|-damage|p2a: HXH is overrated|76/100|[from] Stealth Rock
|
|upkeep
|turn|13
|
|t:|1663001117
|switch|p1a: Volcanion|Volcanion|44/100
|switch|p2a: FMAB boring|Quagsire, M|100/100
|-damage|p2a: FMAB boring|94/100|[from] Stealth Rock
|
|-heal|p2a: FMAB boring|100/100|[from] item: Leftovers
|upkeep
|turn|14
|
|t:|1663001125
|switch|p2a: HXH is overrated|Chansey, F|76/100
|-damage|p2a: HXH is overrated|63/100|[from] Stealth Rock
|move|p1a: Volcanion|Steam Eruption|p2a: HXH is overrated
|-damage|p2a: HXH is overrated|36/100
|
|upkeep
|turn|15
|j| zgiatx 龙神
|
|t:|1663001132
|switch|p1a: Weavile|Weavile, F|84/100
|-ability|p1a: Weavile|Pressure
|move|p2a: HXH is overrated|Soft-Boiled|p2a: HXH is overrated
|-heal|p2a: HXH is overrated|86/100
|
|upkeep
|turn|16
|j| trisew
|
|t:|1663001139
|switch|p2a: DB Super shitty|Buzzwole|78/100
|-damage|p2a: DB Super shitty|66/100|[from] Stealth Rock
|move|p1a: Weavile|Beat Up|p2a: DB Super shitty
|-resisted|p2a: DB Super shitty
|-damage|p2a: DB Super shitty|62/100
|-resisted|p2a: DB Super shitty
|-damage|p2a: DB Super shitty|59/100
|-resisted|p2a: DB Super shitty
|-damage|p2a: DB Super shitty|54/100
|-resisted|p2a: DB Super shitty
|-damage|p2a: DB Super shitty|51/100
|-resisted|p2a: DB Super shitty
|-damage|p2a: DB Super shitty|46/100
|-resisted|p2a: DB Super shitty
|-damage|p2a: DB Super shitty|42/100
|-hitcount|p2a: DB Super shitty|6
|
|upkeep
|turn|17
|
|t:|1663001153
|switch|p1a: Melmetal|Melmetal|100/100
|move|p2a: DB Super shitty|Roost|p2a: DB Super shitty
|-heal|p2a: DB Super shitty|92/100
|-singleturn|p2a: DB Super shitty|move: Roost
|
|upkeep
|turn|18
|
|t:|1663001162
|switch|p2a: Evangelion trashy|Corviknight, M|76/100
|-damage|p2a: Evangelion trashy|63/100|[from] Stealth Rock
|-ability|p2a: Evangelion trashy|Pressure
|move|p1a: Melmetal|Double Iron Bash|p2a: Evangelion trashy
|-resisted|p2a: Evangelion trashy
|-damage|p2a: Evangelion trashy|45/100
|-resisted|p2a: Evangelion trashy
|-damage|p2a: Evangelion trashy|27/100
|-hitcount|p2a: Evangelion trashy|2
|
|-heal|p2a: Evangelion trashy|33/100|[from] item: Leftovers
|upkeep
|turn|19
|
|t:|1663001173
|switch|p1a: Volcanion|Volcanion|44/100
|move|p2a: Evangelion trashy|Roost|p2a: Evangelion trashy
|-heal|p2a: Evangelion trashy|83/100
|-singleturn|p2a: Evangelion trashy|move: Roost
|
|-heal|p2a: Evangelion trashy|89/100|[from] item: Leftovers
|upkeep
|turn|20
|
|t:|1663001182
|switch|p2a: HXH is overrated|Chansey, F|86/100
|-damage|p2a: HXH is overrated|74/100|[from] Stealth Rock
|move|p1a: Volcanion|Flamethrower|p2a: HXH is overrated
|-damage|p2a: HXH is overrated|50/100
|-status|p2a: HXH is overrated|brn
|
|-damage|p2a: HXH is overrated|44/100 brn|[from] brn
|upkeep
|turn|21
|
|t:|1663001191
|switch|p1a: Weavile|Weavile, F|84/100
|-ability|p1a: Weavile|Pressure
|move|p2a: HXH is overrated|Soft-Boiled|p2a: HXH is overrated
|-heal|p2a: HXH is overrated|94/100 brn
|
|-damage|p2a: HXH is overrated|88/100 brn|[from] brn
|upkeep
|turn|22
|
|t:|1663001201
|-curestatus|p2a: HXH is overrated|brn|[from] ability: Natural Cure
|switch|p2a: Evangelion boring|Toxapex, M|56/100
|-damage|p2a: Evangelion boring|43/100|[from] Stealth Rock
|move|p1a: Weavile|Triple Axel|p2a: Evangelion boring
|-resisted|p2a: Evangelion boring
|-damage|p2a: Evangelion boring|39/100
|-resisted|p2a: Evangelion boring
|-damage|p2a: Evangelion boring|30/100
|-resisted|p2a: Evangelion boring
|-damage|p2a: Evangelion boring|17/100
|-hitcount|p2a: Evangelion boring|3
|
|upkeep
|turn|23
|
|t:|1663001212
|move|p1a: Weavile|Triple Axel|p2a: Evangelion boring
|-resisted|p2a: Evangelion boring
|-damage|p2a: Evangelion boring|12/100
|-resisted|p2a: Evangelion boring
|-damage|p2a: Evangelion boring|3/100
|-resisted|p2a: Evangelion boring
|-damage|p2a: Evangelion boring|0 fnt
|faint|p2a: Evangelion boring
|-hitcount|p2: Evangelion boring|3
|
|upkeep
|
|t:|1663001220
|switch|p2a: Evangelion trashy|Corviknight, M|89/100
|-damage|p2a: Evangelion trashy|77/100|[from] Stealth Rock
|-ability|p2a: Evangelion trashy|Pressure
|turn|24
|
|t:|1663001225
|move|p1a: Weavile|Triple Axel|p2a: Evangelion trashy
|-damage|p2a: Evangelion trashy|68/100
|-damage|p2a: Evangelion trashy|51/100
|-damage|p2a: Evangelion trashy|26/100
|-hitcount|p2a: Evangelion trashy|3
|move|p2a: Evangelion trashy|Defog|p1a: Weavile
|-unboost|p1a: Weavile|evasion|1
|-sideend|p2: ghecisbestvillain|Stealth Rock|[from] move: Defog|[of] p2a: Evangelion trashy
|
|-heal|p2a: Evangelion trashy|33/100|[from] item: Leftovers
|upkeep
|turn|25
|
|t:|1663001236
|switch|p2a: FMAB boring|Quagsire, M|100/100
|move|p1a: Weavile|Triple Axel|p2a: FMAB boring|[miss]
|-miss|p1a: Weavile|p2a: FMAB boring
|
|upkeep
|turn|26
|
|t:|1663001243
|switch|p1a: Volcanion|Volcanion|44/100
|move|p2a: FMAB boring|Scald|p1a: Volcanion
|-heal|p1a: Volcanion|69/100|[from] ability: Water Absorb|[of] p2a: FMAB boring
|
|upkeep
|turn|27
|
|t:|1663001250
|switch|p2a: HXH is overrated|Chansey, F|88/100
|move|p1a: Volcanion|Steam Eruption|p2a: HXH is overrated
|-damage|p2a: HXH is overrated|61/100
|
|upkeep
|turn|28
|
|t:|1663001256
|switch|p1a: Weavile|Weavile, F|84/100
|-ability|p1a: Weavile|Pressure
|move|p2a: HXH is overrated|Stealth Rock|p1a: Weavile
|-sidestart|p1: jajajj|move: Stealth Rock
|
|upkeep
|turn|29
|
|t:|1663001267
|switch|p2a: FMAB boring|Quagsire, M|100/100
|move|p1a: Weavile|Triple Axel|p2a: FMAB boring
|-damage|p2a: FMAB boring|91/100
|-damage|p2a: FMAB boring|70/100
|-damage|p2a: FMAB boring|37/100
|-hitcount|p2a: FMAB boring|3
|
|-heal|p2a: FMAB boring|43/100|[from] item: Leftovers
|upkeep
|turn|30
|
|t:|1663001276
|move|p1a: Weavile|Triple Axel|p2a: FMAB boring
|-damage|p2a: FMAB boring|33/100
|-damage|p2a: FMAB boring|12/100
|-damage|p2a: FMAB boring|0 fnt
|faint|p2a: FMAB boring
|-hitcount|p2: FMAB boring|3
|
|upkeep
|
|t:|1663001284
|switch|p2a: DB Super shitty|Buzzwole|92/100
|turn|31
|
|t:|1663001287
|switch|p1a: Zapdos|Zapdos|100/100
|switch|p2a: Naruto shoddy|Slowking-Galar, M|76/100 brn
|
|-damage|p2a: Naruto shoddy|70/100 brn|[from] brn
|upkeep
|turn|32
|
|t:|1663001294
|move|p1a: Zapdos|Volt Switch|p2a: Naruto shoddy
|-damage|p2a: Naruto shoddy|55/100 brn
|
|t:|1663001296
|switch|p1a: Landorus|Landorus-Therian, M|63/100|[from]move: Volt Switch
|-damage|p1a: Landorus|50/100|[from] Stealth Rock
|-ability|p1a: Landorus|Intimidate|boost
|-unboost|p2a: Naruto shoddy|atk|1
|move|p2a: Naruto shoddy|Future Sight|p1a: Landorus
|-start|p2a: Naruto shoddy|move: Future Sight
|
|-damage|p2a: Naruto shoddy|49/100 brn|[from] brn
|upkeep
|turn|33
|
|t:|1663001305
|switch|p2a: DB Super shitty|Buzzwole|92/100
|move|p1a: Landorus|Defog|p2a: DB Super shitty
|-unboost|p2a: DB Super shitty|evasion|1
|-sideend|p1: jajajj|Stealth Rock|[from] move: Defog|[of] p1a: Landorus
|
|upkeep
|turn|34
|
|t:|1663001311
|switch|p1a: Zapdos|Zapdos|100/100
|move|p2a: DB Super shitty|Close Combat|p1a: Zapdos
|-resisted|p1a: Zapdos
|-damage|p1a: Zapdos|58/100
|-unboost|p2a: DB Super shitty|def|1
|-unboost|p2a: DB Super shitty|spd|1
|
|-end|p1a: Zapdos|move: Future Sight
|-damage|p1a: Zapdos|0 fnt
|faint|p1a: Zapdos
|upkeep
|
|t:|1663001320
|switch|p1a: Volcanion|Volcanion|69/100
|turn|35
|
|t:|1663001325
|switch|p1a: Weavile|Weavile, F|84/100
|-ability|p1a: Weavile|Pressure
|switch|p2a: HXH is overrated|Chansey, F|61/100
|
|upkeep
|turn|36
|
|t:|1663001332
|switch|p2a: Evangelion trashy|Corviknight, M|33/100
|-ability|p2a: Evangelion trashy|Pressure
|move|p1a: Weavile|Triple Axel|p2a: Evangelion trashy
|-damage|p2a: Evangelion trashy|24/100
|-damage|p2a: Evangelion trashy|6/100
|-hitcount|p2a: Evangelion trashy|2
|
|-heal|p2a: Evangelion trashy|12/100|[from] item: Leftovers
|upkeep
|turn|37
|
|t:|1663001342
|move|p1a: Weavile|Triple Axel|p2a: Evangelion trashy
|-damage|p2a: Evangelion trashy|2/100
|-damage|p2a: Evangelion trashy|0 fnt
|faint|p2a: Evangelion trashy
|-hitcount|p2: Evangelion trashy|2
|
|upkeep
|
|t:|1663001348
|switch|p2a: DB Super shitty|Buzzwole|92/100
|turn|38
|
|t:|1663001354
|switch|p1a: Landorus|Landorus-Therian, M|50/100
|-ability|p1a: Landorus|Intimidate|boost
|-unboost|p2a: DB Super shitty|atk|1
|move|p2a: DB Super shitty|Leech Life|p1a: Landorus
|-resisted|p1a: Landorus
|-damage|p1a: Landorus|34/100
|-heal|p2a: DB Super shitty|100/100|[from] drain|[of] p1a: Landorus
|
|upkeep
|turn|39
|
|t:|1663001362
|switch|p1a: Volcanion|Volcanion|69/100
|switch|p2a: HXH is overrated|Chansey, F|61/100
|
|upkeep
|turn|40
|
|t:|1663001367
|switch|p1a: Melmetal|Melmetal|100/100
|move|p2a: HXH is overrated|Soft-Boiled|p2a: HXH is overrated
|-heal|p2a: HXH is overrated|100/100
|
|upkeep
|turn|41
|
|t:|1663001373
|switch|p2a: DB Super shitty|Buzzwole|100/100
|move|p1a: Melmetal|Double Iron Bash|p2a: DB Super shitty
|-damage|p2a: DB Super shitty|60/100
|-damage|p2a: DB Super shitty|20/100
|-hitcount|p2a: DB Super shitty|2
|
|upkeep
|turn|42
|
|t:|1663001379
|move|p2a: DB Super shitty|Close Combat|p1a: Melmetal
|-supereffective|p1a: Melmetal
|-crit|p1a: Melmetal
|-damage|p1a: Melmetal|0 fnt
|-unboost|p2a: DB Super shitty|def|1
|-unboost|p2a: DB Super shitty|spd|1
|faint|p1a: Melmetal
|-ability|p2a: DB Super shitty|Beast Boost|boost
|-boost|p2a: DB Super shitty|atk|1
|
|upkeep
|
|t:|1663001389
|switch|p1a: Weavile|Weavile, F|84/100
|-ability|p1a: Weavile|Pressure
|turn|43
|
|t:|1663001400
|switch|p2a: Naruto shoddy|Slowking-Galar, M|82/100 brn
|move|p1a: Weavile|Triple Axel|p2a: Naruto shoddy
|-damage|p2a: Naruto shoddy|66/100 brn
|-damage|p2a: Naruto shoddy|34/100 brn
|-damage|p2a: Naruto shoddy|0 fnt
|faint|p2a: Naruto shoddy
|-hitcount|p2: Naruto shoddy|3
|
|upkeep
|
|t:|1663001409
|switch|p2a: DB Super shitty|Buzzwole|20/100
|turn|44
|
|t:|1663001411
|move|p1a: Weavile|Triple Axel|p2a: DB Super shitty
|-damage|p2a: DB Super shitty|11/100
|-crit|p2a: DB Super shitty
|-damage|p2a: DB Super shitty|0 fnt
|faint|p2a: DB Super shitty
|-hitcount|p2: DB Super shitty|2
|
|upkeep
|-message|ghecisbestvillain forfeited.
|
|win|jajajj
|raw|jajajj's rating: 1832 &rarr; <strong>1847</strong><br />(+15 for winning)
|raw|ghecisbestvillain's rating: 1743 &rarr; <strong>1728</strong><br />(-15 for losing)
|l|☆ghecisbestvillain
|j| Suricata2000
|l| TropaDeElite
|l| Suricata2000
||Ladder isn't responding, score probably updated but might not have (Request timeout).
