|j|☆BeastyJ157
|j|☆Almighty Sa
|inactive|Battle timer is ON: inactive players will automatically lose when time's up.
|t:|1642966372
|gametype|singles
|player|p1|BeastyJ157|greta-gen3|
|player|p2|Almighty Sa|ash-unova|
|teamsize|p1|6
|teamsize|p2|6
|gen|8
|tier|[Gen 8] OU
|rated|Tournament battle
|rule|Sleep Clause Mod: Limit one foe put to sleep
|rule|Species Clause: Limit one of each Pokémon
|rule|OHKO Clause: OHKO moves are banned
|rule|Evasion Moves Clause: Evasion moves are banned
|rule|Endless Battle Clause: Forcing endless battles is banned
|rule|HP Percentage Mod: HP is shown in percentages
|rule|Dynamax Clause: You cannot dynamax
|clearpoke
|poke|p1|Tornadus-Therian, M|
|poke|p1|Melmetal|
|poke|p1|Landorus-Therian, M|
|poke|p1|Heatran, M|
|poke|p1|Zeraora|
|poke|p1|Tapu Lele|
|poke|p2|Blaziken, F|
|poke|p2|Torkoal, M|
|poke|p2|Venusaur, F|
|poke|p2|Landorus-Therian, M|
|poke|p2|Tapu Fini|
|poke|p2|Weavile, M|
|teampreview
|inactive|BeastyJ157 also wants the timer to be on.
|j|@iron☂water ♫
|c|☆BeastyJ157|ok thank god u dont have urshifu
|l|@iron☂water ♫
|j| TheNewBrends11
|c|☆Almighty Sa|thnks u dont either
|inactive|Almighty Sa has 120 seconds left.
|
|t:|1642966408
|start
|switch|p1a: Heatran|Heatran, M|100/100
|switch|p2a: Sun|Torkoal, M|100/100
|-item|p1a: Heatran|Air Balloon
|-weather|SunnyDay|[from] ability: Drought|[of] p2a: Sun
|turn|1
|c|☆BeastyJ157|u have fini venu and sun up
|c|☆BeastyJ157|theres nothing to be afraid of
|c|☆BeastyJ157|while
|c|☆Almighty Sa|ud think
|inactive|BeastyJ157 has 120 seconds left.
|j| SchwayXO
|
|t:|1642966447
|move|p1a: Heatran|Magma Storm|p2a: Sun
|-resisted|p2a: Sun
|-crit|p2a: Sun
|-damage|p2a: Sun|7/100
|-activate|p2a: Sun|move: Magma Storm|[of] p1a: Heatran
|move|p2a: Sun|Body Press|p1a: Heatran
|-supereffective|p1a: Heatran
|-damage|p1a: Heatran|37/100
|-enditem|p1a: Heatran|Air Balloon
|
|-weather|SunnyDay|[upkeep]
|-damage|p2a: Sun|0 fnt|[from] move: Magma Storm|[partiallytrapped]
|faint|p2a: Sun
|upkeep
|c|☆BeastyJ157|omg
|
|t:|1642966457
|switch|p2a: Blaze|Blaziken, F|100/100
|turn|2
|c|☆BeastyJ157|lucky me ig
|c|☆Almighty Sa|gg
|inactive|BeastyJ157 has 120 seconds left.
|
|t:|1642966468
|move|p2a: Blaze|Swords Dance|p2a: Blaze
|-boost|p2a: Blaze|atk|2
|move|p1a: Heatran|Earth Power|p2a: Blaze
|-supereffective|p2a: Blaze
|-damage|p2a: Blaze|0 fnt
|faint|p2a: Blaze
|
|-weather|SunnyDay|[upkeep]
|upkeep
|c|☆BeastyJ157|gg ?
|c|☆Almighty Sa|yeh
|c|☆BeastyJ157|why
|
|t:|1642966484
|switch|p2a: Solar|Venusaur, F|100/100
|turn|3
|c|☆BeastyJ157|bc u sun setter is dead
|
|t:|1642966489
|move|p2a: Solar|Earth Power|p1a: Heatran
|-supereffective|p1a: Heatran
|-damage|p1a: Heatran|0 fnt
|faint|p1a: Heatran
|-damage|p2a: Solar|91/100|[from] item: Life Orb
|
|-weather|SunnyDay|[upkeep]
|upkeep
|
|t:|1642966501
|switch|p1a: Tornadus|Tornadus-Therian, M|100/100
|turn|4
|
|t:|1642966504
|move|p2a: Solar|Growth|p2a: Solar
|-boost|p2a: Solar|atk|2
|-boost|p2a: Solar|spa|2
|move|p1a: Tornadus|Heat Wave|p2a: Solar
|-supereffective|p2a: Solar
|-damage|p2a: Solar|4/100
|
|-weather|SunnyDay|[upkeep]
|upkeep
|turn|5
|c| SchwayXO|gg
|j| Arch en Ciel 22
|c|☆BeastyJ157|no proity on my team rip
|c|☆BeastyJ157|but im av no wway this dies
|
|t:|1642966527
|move|p2a: Solar|Giga Drain|p1a: Tornadus
|-resisted|p1a: Tornadus
|-crit|p1a: Tornadus
|-damage|p1a: Tornadus|59/100
|-heal|p2a: Solar|29/100|[from] drain|[of] p1a: Tornadus
|-damage|p2a: Solar|19/100|[from] item: Life Orb
|move|p1a: Tornadus|Knock Off|p2a: Solar
|-damage|p2a: Solar|0 fnt
|-enditem|p2a: Solar|Life Orb|[from] move: Knock Off|[of] p1a: Tornadus
|faint|p2a: Solar
|
|-weather|SunnyDay|[upkeep]
|upkeep
|
|t:|1642966531
|switch|p2a: Heat|Weavile, M|100/100
|-ability|p2a: Heat|Pressure
|turn|6
|
|t:|1642966536
|switch|p1a: Melmetal|Melmetal|100/100
|move|p2a: Heat|Knock Off|p1a: Melmetal
|-crit|p1a: Melmetal
|-damage|p1a: Melmetal|25/100
|-enditem|p1a: Melmetal|Leftovers|[from] move: Knock Off|[of] p2a: Heat
|
|-weather|SunnyDay|[upkeep]
|upkeep
|turn|7
|
|t:|1642966539
|move|p2a: Heat|Knock Off|p1a: Melmetal
|-damage|p1a: Melmetal|0 fnt
|faint|p1a: Melmetal
|
|-weather|SunnyDay|[upkeep]
|upkeep
|
|t:|1642966543
|switch|p1a: Zeraora|Zeraora|100/100
|turn|8
|
|t:|1642966556
|move|p1a: Zeraora|Knock Off|p2a: Heat
|-resisted|p2a: Heat
|-damage|p2a: Heat|76/100
|-enditem|p2a: Heat|Choice Band|[from] move: Knock Off|[of] p1a: Zeraora
|move|p2a: Heat|Knock Off|p1a: Zeraora
|-damage|p1a: Zeraora|27/100
|-enditem|p1a: Zeraora|Heavy-Duty Boots|[from] move: Knock Off|[of] p2a: Heat
|
|-weather|none
|upkeep
|turn|9
|
|t:|1642966561
|switch|p2a: Desert|Landorus-Therian, M|100/100
|-ability|p2a: Desert|Intimidate|boost
|-unboost|p1a: Zeraora|atk|1
|move|p1a: Zeraora|Close Combat|p2a: Desert
|-resisted|p2a: Desert
|-damage|p2a: Desert|88/100
|-unboost|p1a: Zeraora|def|1
|-unboost|p1a: Zeraora|spd|1
|
|-heal|p2a: Desert|94/100|[from] item: Leftovers
|upkeep
|turn|10
|
|t:|1642966567
|switch|p1a: Tornadus|Tornadus-Therian, M|92/100
|move|p2a: Desert|U-turn|p1a: Tornadus
|-resisted|p1a: Tornadus
|-damage|p1a: Tornadus|79/100
|
|t:|1642966571
|switch|p2a: Heat|Weavile, M|76/100|[from]move: U-turn
|-ability|p2a: Heat|Pressure
|
|upkeep
|turn|11
|
|t:|1642966577
|move|p1a: Tornadus|Heat Wave|p2a: Heat
|-supereffective|p2a: Heat
|-damage|p2a: Heat|5/100
|-status|p2a: Heat|brn
|move|p2a: Heat|Triple Axel|p1a: Tornadus
|-supereffective|p1a: Tornadus
|-damage|p1a: Tornadus|68/100
|-supereffective|p1a: Tornadus
|-damage|p1a: Tornadus|41/100
|-supereffective|p1a: Tornadus
|-damage|p1a: Tornadus|2/100
|-hitcount|p1a: Tornadus|3
|
|-damage|p2a: Heat|0 fnt|[from] brn
|faint|p2a: Heat
|upkeep
|c|☆Almighty Sa|wtf
|c|☆BeastyJ157|lucky me
|c|☆Almighty Sa|this man gets all hax
|
|t:|1642966587
|switch|p2a: Steam|Tapu Fini|100/100
|-fieldstart|move: Misty Terrain|[from] ability: Misty Surge|[of] p2a: Steam
|turn|12
|c|☆BeastyJ157|I TANK THAT
|c| SchwayXO|ooooohhhh
|c|☆BeastyJ157|well that weavile should be dead
|c| SchwayXO|nice beasty
|c| SchwayXO|you're a sly dog
|c|☆BeastyJ157|since erm u crit melm
|c|☆BeastyJ157|but its fair
|
|t:|1642966612
|move|p2a: Steam|Scald|p1a: Tornadus
|-damage|p1a: Tornadus|0 fnt
|faint|p1a: Tornadus
|
|upkeep
|
|t:|1642966615
|switch|p1a: Tapu Lele|Tapu Lele|100/100
|-fieldstart|move: Psychic Terrain|[from] ability: Psychic Surge|[of] p1a: Tapu Lele
|turn|13
|c|☆Almighty Sa|u crit tork
|
|t:|1642966622
|switch|p2a: Desert|Landorus-Therian, M|94/100
|-ability|p2a: Desert|Intimidate|boost
|-unboost|p1a: Tapu Lele|atk|1
|move|p1a: Tapu Lele|Psychic|p2a: Desert
|-damage|p2a: Desert|15/100
|
|-heal|p2a: Desert|21/100|[from] item: Leftovers
|upkeep
|turn|14
|
|t:|1642966626
|switch|p2a: Steam|Tapu Fini|100/100
|-fieldstart|move: Misty Terrain|[from] ability: Misty Surge|[of] p2a: Steam
|move|p1a: Tapu Lele|Psychic|p2a: Steam
|-damage|p2a: Steam|42/100
|
|upkeep
|turn|15
|
|t:|1642966630
|move|p2a: Steam|Moonblast|p1a: Tapu Lele
|-damage|p1a: Tapu Lele|65/100
|-unboost|p1a: Tapu Lele|spa|1
|move|p1a: Tapu Lele|Psychic|p2a: Steam
|-damage|p2a: Steam|0 fnt
|faint|p2a: Steam
|
|upkeep
|c|☆Almighty Sa|bruh
|c|☆Almighty Sa|gg
|-message|Almighty Sa forfeited.
|
|win|BeastyJ157
|n|☆BeastyJ157|beastyj157
|n|☆Almighty Sa|almightysa
|n| TheNewBrends11|thenewbrends11
|n| SchwayXO|schwayxo
|n| Arch en Ciel 22|archenciel22
|l|☆Almighty Sa
|c|☆BeastyJ157|it didnt matter the tork
|c|☆BeastyJ157|i woulda e powered after
|l|☆BeastyJ157
|l| SchwayXO
