|j|☆luckynumone
|j|☆Down$hift
|t:|1667391402
|gametype|singles
|player|p1|luckynumone|camper|1604
|player|p2|Down$hift|teamrocket|1786
|teamsize|p1|6
|teamsize|p2|6
|gen|8
|tier|[Gen 8] OU
|rated|
|rule|Sleep Clause Mod: Limit one foe put to sleep
|rule|Species Clause: Limit one of each Pokémon
|rule|OHKO Clause: OHKO moves are banned
|rule|Evasion Items Clause: Evasion items are banned
|rule|Evasion Moves Clause: Evasion moves are banned
|rule|Endless Battle Clause: Forcing endless battles is banned
|rule|HP Percentage Mod: HP is shown in percentages
|rule|Dynamax Clause: You cannot dynamax
|clearpoke
|poke|p1|Landorus-Therian, M|
|poke|p1|Melmetal|
|poke|p1|Zapdos|
|poke|p1|Kartana|
|poke|p1|Volcanion|
|poke|p1|Tapu Lele|
|poke|p2|Pincurchin, M|
|poke|p2|Slowbro, F|
|poke|p2|Excadrill, M|
|poke|p2|Tyranitar, M|
|poke|p2|Amoonguss, F|
|poke|p2|Clefable, F|
|teampreview
|c|☆Down$hift|Hf
|
|t:|1667391415
|start
|switch|p1a: Landorus|Landorus-Therian, M|100/100
|switch|p2a: (GONE WRONG)|Clefable, F|100/100
|-ability|p1a: Landorus|Intimidate|boost
|-unboost|p2a: (GONE WRONG)|atk|1
|turn|1
|inactive|Battle timer is ON: inactive players will automatically lose when time's up. (requested by luckynumone)
|
|t:|1667391424
|move|p1a: Landorus|Stealth Rock|p2a: (GONE WRONG)
|-sidestart|p2: Down$hift|move: Stealth Rock
|move|p2a: (GONE WRONG)|Trick|p1a: Landorus
|-activate|p2a: (GONE WRONG)|move: Trick|[of] p1a: Landorus
|-item|p1a: Landorus|Sticky Barb|[from] move: Trick
|-item|p2a: (GONE WRONG)|Leftovers|[from] move: Trick
|
|-damage|p1a: Landorus|88/100|[from] item: Sticky Barb
|upkeep
|turn|2
|
|t:|1667391432
|move|p1a: Landorus|Toxic|p2a: (GONE WRONG)
|-status|p2a: (GONE WRONG)|tox
|move|p2a: (GONE WRONG)|Stealth Rock|p1a: Landorus
|-sidestart|p1: luckynumone|move: Stealth Rock
|
|-damage|p1a: Landorus|76/100|[from] item: Sticky Barb
|upkeep
|turn|3
|
|t:|1667391438
|move|p1a: Landorus|U-turn|p2a: (GONE WRONG)
|-resisted|p2a: (GONE WRONG)
|-damage|p2a: (GONE WRONG)|92/100 tox
|
|t:|1667391452
|switch|p1a: Melmetal|Melmetal|100/100|[from]move: U-turn
|-damage|p1a: Melmetal|94/100|[from] Stealth Rock
|move|p2a: (GONE WRONG)|Moonblast|p1a: Melmetal
|-resisted|p1a: Melmetal
|-damage|p1a: Melmetal|79/100
|
|-heal|p2a: (GONE WRONG)|98/100 tox|[from] item: Leftovers
|upkeep
|turn|4
|
|t:|1667391462
|switch|p2a: AMONG US|Amoonguss, F, shiny|100/100
|-damage|p2a: AMONG US|88/100|[from] Stealth Rock
|move|p1a: Melmetal|Double Iron Bash|p2a: AMONG US
|-damage|p2a: AMONG US|52/100
|-damage|p2a: AMONG US|16/100
|-hitcount|p2a: AMONG US|2
|
|upkeep
|turn|5
|
|t:|1667391474
|switch|p2a: 3 AM|Slowbro, F|100/100
|move|p1a: Melmetal|Double Iron Bash|p2a: 3 AM
|-resisted|p2a: 3 AM
|-damage|p2a: 3 AM|84/100
|-resisted|p2a: 3 AM
|-damage|p2a: 3 AM|65/100
|-hitcount|p2a: 3 AM|2
|
|upkeep
|turn|6
|
|t:|1667391486
|move|p1a: Melmetal|Thunder Punch|p2a: 3 AM
|-supereffective|p2a: 3 AM
|-damage|p2a: 3 AM|11/100
|move|p2a: 3 AM|Slack Off|p2a: 3 AM
|-heal|p2a: 3 AM|61/100
|
|upkeep
|turn|7
|
|t:|1667391493
|move|p1a: Melmetal|Double Iron Bash|p2a: 3 AM
|-resisted|p2a: 3 AM
|-damage|p2a: 3 AM|42/100
|-resisted|p2a: 3 AM
|-damage|p2a: 3 AM|23/100
|-hitcount|p2a: 3 AM|2
|cant|p2a: 3 AM|flinch
|
|upkeep
|turn|8
|
|t:|1667391503
|switch|p2a: AMONG US|Amoonguss, F, shiny|50/100
|-damage|p2a: AMONG US|37/100|[from] Stealth Rock
|move|p1a: Melmetal|Double Iron Bash|p2a: AMONG US
|-damage|p2a: AMONG US|5/100
|-damage|p2a: AMONG US|0 fnt
|faint|p2a: AMONG US
|-hitcount|p2: AMONG US|2
|
|upkeep
|
|t:|1667391509
|switch|p2a: CHALLENGE|Tyranitar, M|100/100
|-damage|p2a: CHALLENGE|88/100|[from] Stealth Rock
|-weather|Sandstorm|[from] ability: Sand Stream|[of] p2a: CHALLENGE
|turn|9
|
|t:|1667391515
|move|p2a: CHALLENGE|Superpower|p1a: Melmetal
|-supereffective|p1a: Melmetal
|-damage|p1a: Melmetal|0 fnt
|-unboost|p2a: CHALLENGE|atk|1
|-unboost|p2a: CHALLENGE|def|1
|faint|p1a: Melmetal
|
|-weather|Sandstorm|[upkeep]
|upkeep
|
|t:|1667391522
|switch|p1a: Volcanion|Volcanion|100/100
|turn|10
|
|t:|1667391528
|switch|p2a: 3 AM|Slowbro, F|56/100
|move|p1a: Volcanion|Defog|p2a: 3 AM
|-unboost|p2a: 3 AM|evasion|1
|-sideend|p2: Down$hift|Stealth Rock|[from] move: Defog|[of] p1a: Volcanion
|-sideend|p1: luckynumone|Stealth Rock|[from] move: Defog|[of] p1a: Volcanion
|
|-weather|Sandstorm|[upkeep]
|-damage|p1a: Volcanion|95/100|[from] Sandstorm
|-damage|p2a: 3 AM|50/100|[from] Sandstorm
|upkeep
|turn|11
|
|t:|1667391542
|move|p1a: Volcanion|Sludge Wave|p2a: 3 AM
|-damage|p2a: 3 AM|26/100
|move|p2a: 3 AM|Trick Room|p2a: 3 AM
|-fieldstart|move: Trick Room|[of] p2a: 3 AM
|
|-weather|Sandstorm|[upkeep]
|-damage|p2a: 3 AM|20/100|[from] Sandstorm
|-damage|p1a: Volcanion|89/100|[from] Sandstorm
|upkeep
|turn|12
|
|t:|1667391550
|move|p2a: 3 AM|Slack Off|p2a: 3 AM
|-heal|p2a: 3 AM|70/100
|move|p1a: Volcanion|Steam Eruption|p2a: 3 AM
|-resisted|p2a: 3 AM
|-damage|p2a: 3 AM|48/100
|
|-weather|Sandstorm|[upkeep]
|-damage|p2a: 3 AM|42/100|[from] Sandstorm
|-damage|p1a: Volcanion|83/100|[from] Sandstorm
|upkeep
|turn|13
|
|t:|1667391559
|move|p2a: 3 AM|Slack Off|p2a: 3 AM
|-heal|p2a: 3 AM|92/100
|move|p1a: Volcanion|Steam Eruption|p2a: 3 AM
|-resisted|p2a: 3 AM
|-crit|p2a: 3 AM
|-damage|p2a: 3 AM|61/100
|-status|p2a: 3 AM|brn
|
|-weather|none
|-damage|p2a: 3 AM|55/100 brn|[from] brn
|upkeep
|turn|14
|
|t:|1667391569
|move|p2a: 3 AM|Slack Off|p2a: 3 AM
|-heal|p2a: 3 AM|100/100 brn
|move|p1a: Volcanion|Steam Eruption|p2a: 3 AM
|-resisted|p2a: 3 AM
|-damage|p2a: 3 AM|80/100 brn
|
|-damage|p2a: 3 AM|74/100 brn|[from] brn
|upkeep
|turn|15
|
|t:|1667391582
|switch|p1a: Zapdos|Zapdos|100/100
|move|p2a: 3 AM|Teleport|p2a: 3 AM
|
|t:|1667391585
|switch|p2a: CHALLENGE|Tyranitar, M|88/100|[from]move: Teleport
|-weather|Sandstorm|[from] ability: Sand Stream|[of] p2a: CHALLENGE
|
|-weather|Sandstorm|[upkeep]
|-damage|p1a: Zapdos|94/100|[from] Sandstorm
|-heal|p1a: Zapdos|100/100|[from] item: Leftovers
|-fieldend|move: Trick Room
|upkeep
|turn|16
|
|t:|1667391593
|move|p1a: Zapdos|Volt Switch|p2a: CHALLENGE
|-damage|p2a: CHALLENGE|70/100
|
|t:|1667391597
|switch|p1a: Landorus|Landorus-Therian, M|76/100|[from]move: Volt Switch
|-ability|p1a: Landorus|Intimidate|boost
|-unboost|p2a: CHALLENGE|atk|1
|move|p2a: CHALLENGE|Stone Edge|p1a: Landorus
|-damage|p1a: Landorus|36/100
|
|-weather|Sandstorm|[upkeep]
|-damage|p1a: Landorus|24/100|[from] item: Sticky Barb
|upkeep
|turn|17
|
|t:|1667391605
|switch|p2a: (GONE WRONG)|Clefable, F|98/100 tox
|move|p1a: Landorus|Stealth Rock|p2a: (GONE WRONG)
|-sidestart|p2: Down$hift|move: Stealth Rock
|
|-weather|Sandstorm|[upkeep]
|-heal|p2a: (GONE WRONG)|100/100 tox|[from] item: Leftovers
|-damage|p1a: Landorus|11/100|[from] item: Sticky Barb
|upkeep
|turn|18
|
|t:|1667391613
|move|p1a: Landorus|Earthquake|p2a: (GONE WRONG)
|-damage|p2a: (GONE WRONG)|64/100 tox
|move|p2a: (GONE WRONG)|Stealth Rock|p1a: Landorus
|-sidestart|p1: luckynumone|move: Stealth Rock
|
|-weather|Sandstorm|[upkeep]
|-heal|p2a: (GONE WRONG)|70/100 tox|[from] item: Leftovers
|-damage|p1a: Landorus|0 fnt|[from] item: Sticky Barb
|faint|p1a: Landorus
|upkeep
|
|t:|1667391626
|switch|p1a: Tapu Lele|Tapu Lele|100/100
|-damage|p1a: Tapu Lele|88/100|[from] Stealth Rock
|-fieldstart|move: Psychic Terrain|[from] ability: Psychic Surge|[of] p1a: Tapu Lele
|turn|19
|
|t:|1667391633
|switch|p2a: 3 AM|Slowbro, F|100/100 brn
|move|p1a: Tapu Lele|Moonblast|p2a: 3 AM
|-damage|p2a: 3 AM|65/100 brn
|
|-weather|none
|-damage|p2a: 3 AM|59/100 brn|[from] brn
|upkeep
|turn|20
|
|t:|1667391659
|move|p1a: Tapu Lele|Moonblast|p2a: 3 AM
|-damage|p2a: 3 AM|24/100 brn
|-unboost|p2a: 3 AM|spa|1
|move|p2a: 3 AM|Trick Room|p2a: 3 AM
|-fieldstart|move: Trick Room|[of] p2a: 3 AM
|
|-damage|p2a: 3 AM|18/100 brn|[from] brn
|upkeep
|turn|21
|inactive|Down$hift has 120 seconds left.
|
|t:|1667391674
|switch|p2a: (NOT CLICKBAIT)|Pincurchin, M, shiny|100/100
|-damage|p2a: (NOT CLICKBAIT)|88/100|[from] Stealth Rock
|-fieldstart|move: Electric Terrain|[from] ability: Electric Surge|[of] p2a: (NOT CLICKBAIT)
|move|p1a: Tapu Lele|Moonblast|p2a: (NOT CLICKBAIT)
|-damage|p2a: (NOT CLICKBAIT)|26/100
|
|upkeep
|turn|22
|
|t:|1667391683
|move|p2a: (NOT CLICKBAIT)|Rising Voltage|p1a: Tapu Lele
|-hint|Rising Voltage's BP doubled on grounded target.
|-damage|p1a: Tapu Lele|0 fnt
|faint|p1a: Tapu Lele
|-damage|p2a: (NOT CLICKBAIT)|17/100|[from] item: Life Orb
|
|upkeep
|
|t:|1667391689
|switch|p1a: Zapdos|Zapdos|100/100
|-damage|p1a: Zapdos|75/100|[from] Stealth Rock
|turn|23
|
|t:|1667391694
|move|p2a: (NOT CLICKBAIT)|Self-Destruct|p1a: Zapdos
|-damage|p1a: Zapdos|12/100
|faint|p2a: (NOT CLICKBAIT)
|move|p1a: Zapdos|Heat Wave|p2: (NOT CLICKBAIT)|[notarget]
|-fail|p1a: Zapdos
|
|-heal|p1a: Zapdos|19/100|[from] item: Leftovers
|upkeep
|
|t:|1667391699
|switch|p2a: CHALLENGE|Tyranitar, M|70/100
|-damage|p2a: CHALLENGE|57/100|[from] Stealth Rock
|-weather|Sandstorm|[from] ability: Sand Stream|[of] p2a: CHALLENGE
|turn|24
|
|t:|1667391711
|move|p2a: CHALLENGE|Crunch|p1a: Zapdos
|-damage|p1a: Zapdos|0 fnt
|-status|p2a: CHALLENGE|par|[from] ability: Static|[of] p1a: Zapdos
|faint|p1a: Zapdos
|
|-weather|Sandstorm|[upkeep]
|-fieldend|move: Trick Room
|upkeep
|
|t:|1667391718
|switch|p1a: Kartana|Kartana|100/100
|-damage|p1a: Kartana|94/100|[from] Stealth Rock
|turn|25
|
|t:|1667391735
|move|p1a: Kartana|Leaf Blade|p2a: CHALLENGE
|-supereffective|p2a: CHALLENGE
|-damage|p2a: CHALLENGE|0 fnt
|faint|p2a: CHALLENGE
|-ability|p1a: Kartana|Beast Boost|boost
|-boost|p1a: Kartana|atk|1
|
|-weather|Sandstorm|[upkeep]
|-fieldend|move: Electric Terrain
|upkeep
|
|t:|1667391747
|switch|p2a: (IMPOSSIBLE)|Excadrill, M|100/100
|-damage|p2a: (IMPOSSIBLE)|97/100|[from] Stealth Rock
|-item|p2a: (IMPOSSIBLE)|Air Balloon
|turn|26
|
|t:|1667391752
|move|p2a: (IMPOSSIBLE)|Iron Head|p1a: Kartana
|-resisted|p1a: Kartana
|-damage|p1a: Kartana|74/100
|move|p1a: Kartana|Leaf Blade|p2a: (IMPOSSIBLE)
|-damage|p2a: (IMPOSSIBLE)|0 fnt
|-enditem|p2a: (IMPOSSIBLE)|Air Balloon
|faint|p2a: (IMPOSSIBLE)
|-ability|p1a: Kartana|Beast Boost|boost
|-boost|p1a: Kartana|atk|1
|
|-weather|Sandstorm|[upkeep]
|upkeep
|j| Ran Kob
|-message|Down$hift forfeited.
|
|win|luckynumone
|raw|luckynumone's rating: 1604 &rarr; <strong>1634</strong><br />(+30 for winning)
|raw|Down$hift's rating: 1786 &rarr; <strong>1756</strong><br />(-30 for losing)
|l|☆Down$hift
|c|☆luckynumone|gg
||Ladder isn't responding, score probably updated but might not have (Request timeout).
