|j|☆getupngetit
|j|☆Arcangel666
|t:|1640632661
|gametype|singles
|player|p1|getupngetit|fisherman-gen4|1498
|player|p2|Arcangel666|grimsley|1495
|teamsize|p1|6
|teamsize|p2|6
|gen|8
|tier|[Gen 8] OU
|rated|
|rule|Sleep Clause Mod: Limit one foe put to sleep
|rule|Species Clause: Limit one of each Pokémon
|rule|OHKO Clause: OHKO moves are banned
|rule|Evasion Moves Clause: Evasion moves are banned
|rule|Endless Battle Clause: Forcing endless battles is banned
|rule|HP Percentage Mod: HP is shown in percentages
|rule|Dynamax Clause: You cannot dynamax
|clearpoke
|poke|p1|Landorus-Therian, M|
|poke|p1|Ferrothorn, M|
|poke|p1|Toxapex, M|
|poke|p1|Clefable, M|
|poke|p1|Dragonite, M|
|poke|p1|Dusclops, F|
|poke|p2|Melmetal|
|poke|p2|Dragapult, M|
|poke|p2|Regieleki|
|poke|p2|Landorus-Therian, M|
|poke|p2|Hydreigon, M|
|poke|p2|Tapu Fini|
|teampreview
|inactive|Battle timer is ON: inactive players will automatically lose when time's up. (requested by getupngetit)
|
|t:|1640632695
|start
|switch|p1a: Ferrothorn|Ferrothorn, M|100/100
|switch|p2a: Hydreigon|Hydreigon, M, shiny|100/100
|turn|1
|
|t:|1640632702
|switch|p1a: Toxapex|Toxapex, M|100/100
|move|p2a: Hydreigon|Flamethrower|p1a: Toxapex
|-resisted|p1a: Toxapex
|-damage|p1a: Toxapex|83/100
|-damage|p2a: Hydreigon|91/100|[from] item: Life Orb
|
|upkeep
|turn|2
|
|t:|1640632712
|switch|p1a: Dusclops|Dusclops, F|100/100
|-item|p2a: Hydreigon|Life Orb|[from] ability: Frisk|[of] p1a: Dusclops|[identify]
|move|p2a: Hydreigon|Dark Pulse|p1a: Dusclops
|-supereffective|p1a: Dusclops
|-damage|p1a: Dusclops|42/100
|-damage|p2a: Hydreigon|81/100|[from] item: Life Orb
|
|upkeep
|turn|3
|
|t:|1640632738
|switch|p1a: Toxapex|Toxapex, M|100/100
|move|p2a: Hydreigon|Dark Pulse|p1a: Toxapex
|-damage|p1a: Toxapex|59/100
|-damage|p2a: Hydreigon|71/100|[from] item: Life Orb
|
|upkeep
|turn|4
|
|t:|1640632746
|move|p2a: Hydreigon|Dark Pulse|p1a: Toxapex
|-damage|p1a: Toxapex|17/100
|-damage|p2a: Hydreigon|61/100|[from] item: Life Orb
|move|p1a: Toxapex|Recover|p1a: Toxapex
|-heal|p1a: Toxapex|67/100
|
|upkeep
|turn|5
|
|t:|1640632751
|move|p2a: Hydreigon|Draco Meteor|p1a: Toxapex
|-damage|p1a: Toxapex|0 fnt
|-unboost|p2a: Hydreigon|spa|2
|faint|p1a: Toxapex
|-damage|p2a: Hydreigon|51/100|[from] item: Life Orb
|
|upkeep
|
|t:|1640632769
|switch|p1a: Dusclops|Dusclops, F|42/100
|-item|p2a: Hydreigon|Life Orb|[from] ability: Frisk|[of] p1a: Dusclops|[identify]
|turn|6
|
|t:|1640632776
|move|p2a: Hydreigon|Nasty Plot|p2a: Hydreigon
|-boost|p2a: Hydreigon|spa|2
|move|p1a: Dusclops|Pain Split|p2a: Hydreigon
|-sethp|p2a: Hydreigon|44/100|[from] move: Pain Split|[silent]
|-sethp|p1a: Dusclops|50/100|[from] move: Pain Split
|
|upkeep
|turn|7
|
|t:|1640632782
|switch|p1a: Clefable|Clefable, M|100/100
|move|p2a: Hydreigon|Dark Pulse|p1a: Clefable
|-resisted|p1a: Clefable
|-damage|p1a: Clefable|78/100
|-damage|p2a: Hydreigon|34/100|[from] item: Life Orb
|
|upkeep
|turn|8
|
|t:|1640632791
|switch|p2a: Melmetal|Melmetal, shiny|100/100
|move|p1a: Clefable|Moonblast|p2a: Melmetal
|-resisted|p2a: Melmetal
|-damage|p2a: Melmetal|89/100
|-unboost|p2a: Melmetal|spa|1
|
|upkeep
|turn|9
|
|t:|1640632797
|switch|p1a: Ferrothorn|Ferrothorn, M|100/100
|switch|p2a: Landorus|Landorus-Therian, M, shiny|100/100
|-ability|p2a: Landorus|Intimidate|boost
|-unboost|p1a: Ferrothorn|atk|1
|
|upkeep
|turn|10
|
|t:|1640632803
|move|p2a: Landorus|Stealth Rock|p1a: Ferrothorn
|-sidestart|p1: getupngetit|move: Stealth Rock
|move|p1a: Ferrothorn|Stealth Rock|p2a: Landorus
|-sidestart|p2: Arcangel666|move: Stealth Rock
|
|upkeep
|turn|11
|
|t:|1640632807
|move|p2a: Landorus|Earthquake|p1a: Ferrothorn
|-damage|p1a: Ferrothorn|65/100
|move|p1a: Ferrothorn|Leech Seed|p2a: Landorus
|-start|p2a: Landorus|move: Leech Seed
|
|-heal|p1a: Ferrothorn|71/100|[from] item: Leftovers
|-damage|p2a: Landorus|88/100|[from] Leech Seed|[of] p1a: Ferrothorn
|-heal|p1a: Ferrothorn|84/100|[silent]
|upkeep
|turn|12
|
|t:|1640632820
|move|p2a: Landorus|U-turn|p1a: Ferrothorn
|-damage|p1a: Ferrothorn|68/100
|-damage|p2a: Landorus|76/100|[from] ability: Iron Barbs|[of] p1a: Ferrothorn
|
|t:|1640632823
|switch|p2a: Regieleki|Regieleki, shiny|100/100|[from]move: U-turn
|-damage|p2a: Regieleki|88/100|[from] Stealth Rock
|move|p1a: Ferrothorn|Knock Off|p2a: Regieleki
|-damage|p2a: Regieleki|62/100
|-enditem|p2a: Regieleki|Magnet|[from] move: Knock Off|[of] p1a: Ferrothorn
|
|-heal|p1a: Ferrothorn|74/100|[from] item: Leftovers
|upkeep
|turn|13
|
|t:|1640632833
|move|p2a: Regieleki|Rapid Spin|p1a: Ferrothorn
|-resisted|p1a: Ferrothorn
|-damage|p1a: Ferrothorn|71/100
|-boost|p2a: Regieleki|spe|1
|-damage|p2a: Regieleki|49/100|[from] ability: Iron Barbs|[of] p1a: Ferrothorn
|-sideend|p2: Arcangel666|Stealth Rock|[from] move: Rapid Spin|[of] p2a: Regieleki
|move|p1a: Ferrothorn|Leech Seed|p2a: Regieleki
|-start|p2a: Regieleki|move: Leech Seed
|
|-heal|p1a: Ferrothorn|77/100|[from] item: Leftovers
|-damage|p2a: Regieleki|37/100|[from] Leech Seed|[of] p1a: Ferrothorn
|-heal|p1a: Ferrothorn|87/100|[silent]
|upkeep
|turn|14
|
|t:|1640632839
|move|p2a: Regieleki|Electro Ball|p1a: Ferrothorn
|-resisted|p1a: Ferrothorn
|-damage|p1a: Ferrothorn|54/100
|move|p1a: Ferrothorn|Stealth Rock|p2a: Regieleki
|-sidestart|p2: Arcangel666|move: Stealth Rock
|
|-heal|p1a: Ferrothorn|60/100|[from] item: Leftovers
|-damage|p2a: Regieleki|25/100|[from] Leech Seed|[of] p1a: Ferrothorn
|-heal|p1a: Ferrothorn|71/100|[silent]
|upkeep
|turn|15
|
|t:|1640632850
|move|p2a: Regieleki|Rapid Spin|p1a: Ferrothorn
|-resisted|p1a: Ferrothorn
|-damage|p1a: Ferrothorn|67/100
|-boost|p2a: Regieleki|spe|1
|-damage|p2a: Regieleki|12/100|[from] ability: Iron Barbs|[of] p1a: Ferrothorn
|-end|p2a: Regieleki|Leech Seed|[from] move: Rapid Spin|[of] p2a: Regieleki
|-sideend|p2: Arcangel666|Stealth Rock|[from] move: Rapid Spin|[of] p2a: Regieleki
|move|p1a: Ferrothorn|Stealth Rock|p2a: Regieleki
|-sidestart|p2: Arcangel666|move: Stealth Rock
|
|-heal|p1a: Ferrothorn|73/100|[from] item: Leftovers
|upkeep
|turn|16
|
|t:|1640632862
|move|p2a: Regieleki|Electro Ball|p1a: Ferrothorn
|-resisted|p1a: Ferrothorn
|-damage|p1a: Ferrothorn|39/100
|move|p1a: Ferrothorn|Stealth Rock||[still]
|-fail|p1a: Ferrothorn
|
|-heal|p1a: Ferrothorn|45/100|[from] item: Leftovers
|upkeep
|turn|17
|
|t:|1640632870
|move|p2a: Regieleki|Electro Ball|p1a: Ferrothorn
|-resisted|p1a: Ferrothorn
|-damage|p1a: Ferrothorn|15/100
|move|p1a: Ferrothorn|Knock Off|p2a: Regieleki
|-damage|p2a: Regieleki|0 fnt
|faint|p2a: Regieleki
|
|-heal|p1a: Ferrothorn|21/100|[from] item: Leftovers
|upkeep
|
|t:|1640632875
|switch|p2a: Hydreigon|Hydreigon, M, shiny|34/100
|-damage|p2a: Hydreigon|22/100|[from] Stealth Rock
|turn|18
|
|t:|1640632904
|move|p2a: Hydreigon|Flamethrower|p1a: Ferrothorn
|-supereffective|p1a: Ferrothorn
|-damage|p1a: Ferrothorn|0 fnt
|faint|p1a: Ferrothorn
|-damage|p2a: Hydreigon|12/100|[from] item: Life Orb
|
|upkeep
|inactive|getupngetit has 120 seconds left.
|
|t:|1640632915
|switch|p1a: Clefable|Clefable, M|78/100
|turn|19
|
|t:|1640632922
|move|p2a: Hydreigon|Flamethrower|p1a: Clefable
|-damage|p1a: Clefable|37/100
|-damage|p2a: Hydreigon|2/100|[from] item: Life Orb
|move|p1a: Clefable|Flamethrower|p2a: Hydreigon
|-resisted|p2a: Hydreigon
|-damage|p2a: Hydreigon|0 fnt
|faint|p2a: Hydreigon
|
|upkeep
|
|t:|1640632927
|switch|p2a: Melmetal|Melmetal, shiny|89/100
|-damage|p2a: Melmetal|83/100|[from] Stealth Rock
|turn|20
|
|t:|1640632935
|move|p1a: Clefable|Flamethrower|p2a: Melmetal
|-supereffective|p2a: Melmetal
|-damage|p2a: Melmetal|54/100
|move|p2a: Melmetal|Double Iron Bash|p1a: Clefable
|-supereffective|p1a: Clefable
|-damage|p1a: Clefable|0 fnt
|faint|p1a: Clefable
|-hitcount|p1: Clefable|1
|
|upkeep
|
|t:|1640632945
|switch|p1a: Dusclops|Dusclops, F|50/100
|-damage|p1a: Dusclops|38/100|[from] Stealth Rock
|-item|p2a: Melmetal|Assault Vest|[from] ability: Frisk|[of] p1a: Dusclops|[identify]
|turn|21
|
|t:|1640632948
|switch|p2a: Tapu Fini|Tapu Fini, shiny|100/100
|-damage|p2a: Tapu Fini|88/100|[from] Stealth Rock
|-fieldstart|move: Misty Terrain|[from] ability: Misty Surge|[of] p2a: Tapu Fini
|move|p1a: Dusclops|Will-O-Wisp|p2a: Tapu Fini
|-activate|p2a: Tapu Fini|move: Misty Terrain
|
|-heal|p2a: Tapu Fini|94/100|[from] item: Leftovers
|upkeep
|turn|22
|
|t:|1640632958
|move|p2a: Tapu Fini|Iron Defense|p2a: Tapu Fini
|-boost|p2a: Tapu Fini|def|2
|move|p1a: Dusclops|Pain Split|p2a: Tapu Fini
|-sethp|p2a: Tapu Fini|63/100|[from] move: Pain Split|[silent]
|-sethp|p1a: Dusclops|76/100|[from] move: Pain Split
|
|-heal|p2a: Tapu Fini|69/100|[from] item: Leftovers
|upkeep
|turn|23
|
|t:|1640632969
|move|p2a: Tapu Fini|Calm Mind|p2a: Tapu Fini
|-boost|p2a: Tapu Fini|spa|1
|-boost|p2a: Tapu Fini|spd|1
|move|p1a: Dusclops|Infestation|p2a: Tapu Fini
|-resisted|p2a: Tapu Fini
|-damage|p2a: Tapu Fini|68/100
|-activate|p2a: Tapu Fini|move: Infestation|[of] p1a: Dusclops
|
|-heal|p2a: Tapu Fini|74/100|[from] item: Leftovers
|-damage|p2a: Tapu Fini|62/100|[from] move: Infestation|[partiallytrapped]
|upkeep
|turn|24
|
|t:|1640632976
|move|p2a: Tapu Fini|Calm Mind|p2a: Tapu Fini
|-boost|p2a: Tapu Fini|spa|1
|-boost|p2a: Tapu Fini|spd|1
|move|p1a: Dusclops|Night Shade|p2a: Tapu Fini
|-damage|p2a: Tapu Fini|33/100
|
|-heal|p2a: Tapu Fini|39/100|[from] item: Leftovers
|-damage|p2a: Tapu Fini|26/100|[from] move: Infestation|[partiallytrapped]
|upkeep
|turn|25
|
|t:|1640632979
|move|p2a: Tapu Fini|Draining Kiss|p1a: Dusclops
|-damage|p1a: Dusclops|59/100
|-heal|p2a: Tapu Fini|37/100|[from] drain|[of] p1a: Dusclops
|move|p1a: Dusclops|Night Shade|p2a: Tapu Fini
|-damage|p2a: Tapu Fini|8/100
|
|-heal|p2a: Tapu Fini|14/100|[from] item: Leftovers
|-damage|p2a: Tapu Fini|2/100|[from] move: Infestation|[partiallytrapped]
|-fieldend|Misty Terrain
|upkeep
|turn|26
|
|t:|1640632983
|move|p2a: Tapu Fini|Draining Kiss|p1a: Dusclops
|-damage|p1a: Dusclops|41/100
|-heal|p2a: Tapu Fini|13/100|[from] drain|[of] p1a: Dusclops
|move|p1a: Dusclops|Night Shade|p2a: Tapu Fini
|-damage|p2a: Tapu Fini|0 fnt
|faint|p2a: Tapu Fini
|
|upkeep
|
|t:|1640632987
|switch|p2a: Dragapult|Dragapult, M, shiny|100/100
|-damage|p2a: Dragapult|88/100|[from] Stealth Rock
|turn|27
|
|t:|1640633009
|move|p2a: Dragapult|Substitute|p2a: Dragapult
|-start|p2a: Dragapult|Substitute
|-damage|p2a: Dragapult|63/100
|move|p1a: Dusclops|Pain Split||[still]
|-fail|p1a: Dusclops
|
|-heal|p2a: Dragapult|69/100|[from] item: Leftovers
|upkeep
|turn|28
|
|t:|1640633021
|move|p2a: Dragapult|Dragon Dance|p2a: Dragapult
|-boost|p2a: Dragapult|atk|1
|-boost|p2a: Dragapult|spe|1
|move|p1a: Dusclops|Night Shade|p2a: Dragapult
|-end|p2a: Dragapult|Substitute
|
|-heal|p2a: Dragapult|75/100|[from] item: Leftovers
|upkeep
|turn|29
|
|t:|1640633028
|move|p2a: Dragapult|Dragon Darts|p1a: Dusclops
|-damage|p1a: Dusclops|18/100
|-anim|p2a: Dragapult|Dragon Darts|p1a: Dusclops
|-damage|p1a: Dusclops|0 fnt
|faint|p1a: Dusclops
|
|-heal|p2a: Dragapult|81/100|[from] item: Leftovers
|upkeep
|
|t:|1640633032
|switch|p1a: Landorus|Landorus-Therian, M|100/100
|-damage|p1a: Landorus|88/100|[from] Stealth Rock
|-ability|p1a: Landorus|Intimidate|boost
|-fail|p2a: Dragapult|unboost|[from] ability: Clear Body|[of] p2a: Dragapult
|turn|30
|
|t:|1640633035
|move|p2a: Dragapult|Dragon Darts|p1a: Landorus
|-damage|p1a: Landorus|51/100
|-anim|p2a: Dragapult|Dragon Darts|p1a: Landorus
|-damage|p1a: Landorus|16/100
|move|p1a: Landorus|Earthquake|p2a: Dragapult
|-damage|p2a: Dragapult|5/100
|
|-heal|p2a: Dragapult|11/100|[from] item: Leftovers
|-heal|p1a: Landorus|22/100|[from] item: Leftovers
|upkeep
|turn|31
|
|t:|1640633038
|move|p2a: Dragapult|Dragon Darts|p1a: Landorus
|-damage|p1a: Landorus|0 fnt
|faint|p1a: Landorus
|
|-heal|p2a: Dragapult|17/100|[from] item: Leftovers
|upkeep
|
|t:|1640633041
|switch|p1a: Dragonite|Dragonite, M|100/100
|turn|32
|
|t:|1640633044
|move|p2a: Dragapult|Dragon Darts|p1a: Dragonite
|-supereffective|p1a: Dragonite
|-damage|p1a: Dragonite|64/100
|-anim|p2a: Dragapult|Dragon Darts|p1a: Dragonite
|-supereffective|p1a: Dragonite
|-crit|p1a: Dragonite
|-damage|p1a: Dragonite|0 fnt
|faint|p1a: Dragonite
|
|win|Arcangel666
|raw|getupngetit's rating: 1498 &rarr; <strong>1478</strong><br />(-20 for losing)
|raw|Arcangel666's rating: 1495 &rarr; <strong>1515</strong><br />(+20 for winning)
