|j|☆IM AT MY LIMIT
|j|☆Phoenix Nood
|inactive|Battle timer is ON: inactive players will automatically lose when time's up.
|t:|1608442529
|player|p1|IM AT MY LIMIT|lucas|
|player|p2|Phoenix Nood|lance|
|teamsize|p1|6
|teamsize|p2|6
|gametype|singles
|gen|8
|tier|[Gen 8] OU
|rated|Tournament battle
|clearpoke
|poke|p1|Reuniclus, M|
|poke|p1|Toxapex, M|
|poke|p1|Corviknight, F|
|poke|p1|Blissey, F|
|poke|p1|Clefable, M|
|poke|p1|Quagsire, M|
|poke|p2|Shuckle, M|
|poke|p2|Kartana|
|poke|p2|Garchomp, M|
|poke|p2|Urshifu-*, M|
|poke|p2|Cinderace, M|
|poke|p2|Zapdos-Galar|
|rule|Sleep Clause Mod: Limit one foe put to sleep
|rule|Species Clause: Limit one of each Pokémon
|rule|OHKO Clause: OHKO moves are banned
|rule|Evasion Moves Clause: Evasion moves are banned
|rule|Endless Battle Clause: Forcing endless battles is banned
|rule|HP Percentage Mod: HP is shown in percentages
|rule|Dynamax Clause: You cannot dynamax
|teampreview
|
|t:|1608442544
|start
|switch|p1a: Pick pocket camp|Toxapex, M|100/100
|switch|p2a: Shuckle|Shuckle, M|100/100
|turn|1
|
|t:|1608442547
|move|p1a: Pick pocket camp|Scald|p2a: Shuckle
|-supereffective|p2a: Shuckle
|-damage|p2a: Shuckle|76/100
|-status|p2a: Shuckle|brn
|move|p2a: Shuckle|Infestation|p1a: Pick pocket camp
|-resisted|p1a: Pick pocket camp
|-damage|p1a: Pick pocket camp|99/100
|-activate|p1a: Pick pocket camp|move: Infestation|[of] p2a: Shuckle
|
|-heal|p1a: Pick pocket camp|100/100|[from] item: Black Sludge
|-damage|p2a: Shuckle|70/100 brn|[from] brn
|-damage|p1a: Pick pocket camp|88/100|[from] move: Infestation|[partiallytrapped]
|upkeep
|turn|2
|
|t:|1608442556
|move|p1a: Pick pocket camp|Scald|p2a: Shuckle
|-supereffective|p2a: Shuckle
|-damage|p2a: Shuckle|45/100 brn
|move|p2a: Shuckle|Stealth Rock|p1a: Pick pocket camp
|-sidestart|p1: IM AT MY LIMIT|move: Stealth Rock
|
|-heal|p1a: Pick pocket camp|94/100|[from] item: Black Sludge
|-damage|p2a: Shuckle|39/100 brn|[from] brn
|-damage|p1a: Pick pocket camp|82/100|[from] move: Infestation|[partiallytrapped]
|upkeep
|turn|3
|
|t:|1608442571
|switch|p2a: Cinderace|Cinderace, M|100/100
|move|p1a: Pick pocket camp|Scald|p2a: Cinderace
|-supereffective|p2a: Cinderace
|-damage|p2a: Cinderace|54/100
|
|-heal|p1a: Pick pocket camp|88/100|[from] item: Black Sludge
|-end|p1a: Pick pocket camp|Infestation|[partiallytrapped]|[silent]
|upkeep
|turn|4
|
|t:|1608442575
|move|p1a: Pick pocket camp|Baneful Bunker|p1a: Pick pocket camp
|-singleturn|p1a: Pick pocket camp|move: Protect
|move|p2a: Cinderace|Zen Headbutt|p1a: Pick pocket camp
|-start|p2a: Cinderace|typechange|Psychic|[from] ability: Libero
|-activate|p1a: Pick pocket camp|move: Protect
|-status|p2a: Cinderace|psn
|
|-heal|p1a: Pick pocket camp|94/100|[from] item: Black Sludge
|-damage|p2a: Cinderace|42/100 psn|[from] psn
|upkeep
|turn|5
|
|t:|1608442583
|switch|p2a: Kartana|Kartana|100/100
|move|p1a: Pick pocket camp|Knock Off|p2a: Kartana
|-damage|p2a: Kartana|87/100
|-enditem|p2a: Kartana|Life Orb|[from] move: Knock Off|[of] p1a: Pick pocket camp
|
|-heal|p1a: Pick pocket camp|99/100|[from] item: Black Sludge
|upkeep
|turn|6
|
|t:|1608442588
|move|p2a: Kartana|Swords Dance|p2a: Kartana
|-boost|p2a: Kartana|atk|2
|move|p1a: Pick pocket camp|Scald|p2a: Kartana
|-resisted|p2a: Kartana
|-damage|p2a: Kartana|59/100
|
|-heal|p1a: Pick pocket camp|100/100|[from] item: Black Sludge
|upkeep
|turn|7
|
|t:|1608442593
|move|p2a: Kartana|Knock Off|p1a: Pick pocket camp
|-damage|p1a: Pick pocket camp|49/100
|-enditem|p1a: Pick pocket camp|Black Sludge|[from] move: Knock Off|[of] p2a: Kartana
|move|p1a: Pick pocket camp|Scald|p2a: Kartana
|-resisted|p2a: Kartana
|-damage|p2a: Kartana|32/100
|
|upkeep
|turn|8
|
|t:|1608442597
|switch|p1a: Fucking skarmory|Corviknight, F, shiny|100/100
|-damage|p1a: Fucking skarmory|88/100|[from] Stealth Rock
|-ability|p1a: Fucking skarmory|Pressure
|move|p2a: Kartana|Leaf Blade|p1a: Fucking skarmory
|-resisted|p1a: Fucking skarmory
|-damage|p1a: Fucking skarmory|70/100
|
|-heal|p1a: Fucking skarmory|76/100|[from] item: Leftovers
|upkeep
|turn|9
|
|t:|1608442602
|move|p2a: Kartana|Knock Off|p1a: Fucking skarmory
|-damage|p1a: Fucking skarmory|22/100
|-enditem|p1a: Fucking skarmory|Leftovers|[from] move: Knock Off|[of] p2a: Kartana
|move|p1a: Fucking skarmory|Body Press|p2a: Kartana
|-supereffective|p2a: Kartana
|-damage|p2a: Kartana|0 fnt
|faint|p2a: Kartana
|
|upkeep
|
|t:|1608442612
|switch|p2a: Urshifu|Urshifu, M|100/100
|turn|10
|
|t:|1608442615
|move|p2a: Urshifu|Wicked Blow|p1a: Fucking skarmory
|-crit|p1a: Fucking skarmory
|-damage|p1a: Fucking skarmory|0 fnt
|-damage|p2a: Urshifu|91/100|[from] item: Life Orb
|faint|p1a: Fucking skarmory
|
|upkeep
|
|t:|1608442635
|switch|p1a: Pick pocket camp|Toxapex, M|82/100
|-damage|p1a: Pick pocket camp|70/100|[from] Stealth Rock
|turn|11
|
|t:|1608442652
|move|p2a: Urshifu|Wicked Blow|p1a: Pick pocket camp
|-crit|p1a: Pick pocket camp
|-damage|p1a: Pick pocket camp|19/100
|-damage|p2a: Urshifu|81/100|[from] item: Life Orb
|move|p1a: Pick pocket camp|Knock Off|p2a: Urshifu
|-resisted|p2a: Urshifu
|-damage|p2a: Urshifu|77/100
|-enditem|p2a: Urshifu|Life Orb|[from] move: Knock Off|[of] p1a: Pick pocket camp
|
|upkeep
|turn|12
|
|t:|1608442661
|switch|p1a: Space fetus|Reuniclus, M, shiny|100/100
|-damage|p1a: Space fetus|88/100|[from] Stealth Rock
|move|p2a: Urshifu|Wicked Blow|p1a: Space fetus
|-supereffective|p1a: Space fetus
|-crit|p1a: Space fetus
|-damage|p1a: Space fetus|0 fnt
|faint|p1a: Space fetus
|
|upkeep
|
|t:|1608442662
|switch|p1a: Mfw|Clefable, M|100/100
|turn|13
|
|t:|1608442670
|switch|p2a: Shuckle|Shuckle, M|39/100 brn
|move|p1a: Mfw|Moonblast|p2a: Shuckle
|-damage|p2a: Shuckle|18/100 brn
|
|-damage|p2a: Shuckle|12/100 brn|[from] brn
|upkeep
|turn|14
|
|t:|1608442674
|move|p1a: Mfw|Moonblast|p2a: Shuckle
|-damage|p2a: Shuckle|0 fnt
|faint|p2a: Shuckle
|
|upkeep
|
|t:|1608442683
|switch|p2a: Garchomp|Garchomp, M|100/100
|turn|15
|
|t:|1608442689
|move|p2a: Garchomp|Earthquake|p1a: Mfw
|-damage|p1a: Mfw|48/100
|-damage|p2a: Garchomp|91/100|[from] item: Life Orb
|move|p1a: Mfw|Moonblast|p2a: Garchomp
|-supereffective|p2a: Garchomp
|-damage|p2a: Garchomp|9/100
|-unboost|p2a: Garchomp|spa|1
|
|upkeep
|turn|16
|
|t:|1608442698
|switch|p1a: Fatass|Blissey, F|100/100
|move|p2a: Garchomp|Earthquake|p1a: Fatass
|-damage|p1a: Fatass|38/100
|-damage|p2a: Garchomp|0 fnt|[from] item: Life Orb
|faint|p2a: Garchomp
|
|upkeep
|
|t:|1608442706
|switch|p2a: Zapdos|Zapdos-Galar|100/100
|turn|17
|
|t:|1608442709
|move|p2a: Zapdos|Brave Bird|p1a: Fatass
|-damage|p1a: Fatass|0 fnt
|-damage|p2a: Zapdos|73/100|[from] Recoil
|faint|p1a: Fatass
|
|upkeep
|
|t:|1608442715
|switch|p1a: Pick pocket camp|Toxapex, M|53/100
|-damage|p1a: Pick pocket camp|40/100|[from] Stealth Rock
|turn|18
|
|t:|1608442719
|switch|p1a: Porn hub sucks|Quagsire, M|100/100
|-damage|p1a: Porn hub sucks|94/100|[from] Stealth Rock
|move|p2a: Zapdos|Brave Bird|p1a: Porn hub sucks
|-damage|p1a: Porn hub sucks|12/100
|-damage|p2a: Zapdos|40/100|[from] Recoil
|
|-heal|p1a: Porn hub sucks|18/100|[from] item: Leftovers
|upkeep
|turn|19
|
|t:|1608442723
|move|p2a: Zapdos|Brave Bird|p1a: Porn hub sucks
|-damage|p1a: Porn hub sucks|0 fnt
|-damage|p2a: Zapdos|33/100|[from] Recoil
|faint|p1a: Porn hub sucks
|
|upkeep
|
|t:|1608442728
|switch|p1a: Pick pocket camp|Toxapex, M|74/100
|-damage|p1a: Pick pocket camp|62/100|[from] Stealth Rock
|turn|20
|
|t:|1608442734
|switch|p2a: Urshifu|Urshifu, M|77/100
|move|p1a: Pick pocket camp|Recover|p1a: Pick pocket camp
|-heal|p1a: Pick pocket camp|100/100
|
|upkeep
|turn|21
|
|t:|1608442737
|move|p2a: Urshifu|Wicked Blow|p1a: Pick pocket camp
|-crit|p1a: Pick pocket camp
|-damage|p1a: Pick pocket camp|60/100
|move|p1a: Pick pocket camp|Scald|p2a: Urshifu
|-damage|p2a: Urshifu|52/100
|
|upkeep
|turn|22
|
|t:|1608442743
|switch|p2a: Cinderace|Cinderace, M|42/100 psn
|move|p1a: Pick pocket camp|Recover|p1a: Pick pocket camp
|-heal|p1a: Pick pocket camp|100/100
|
|-damage|p2a: Cinderace|29/100 psn|[from] psn
|upkeep
|turn|23
|
|t:|1608442746
|move|p1a: Pick pocket camp|Baneful Bunker|p1a: Pick pocket camp
|-singleturn|p1a: Pick pocket camp|move: Protect
|move|p2a: Cinderace|Zen Headbutt|p1a: Pick pocket camp
|-start|p2a: Cinderace|typechange|Psychic|[from] ability: Libero
|-activate|p1a: Pick pocket camp|move: Protect
|
|-damage|p2a: Cinderace|17/100 psn|[from] psn
|upkeep
|turn|24
|
|t:|1608442750
|move|p2a: Cinderace|Zen Headbutt|p1a: Pick pocket camp
|-supereffective|p1a: Pick pocket camp
|-damage|p1a: Pick pocket camp|51/100
|move|p1a: Pick pocket camp|Recover|p1a: Pick pocket camp
|-heal|p1a: Pick pocket camp|100/100
|
|-damage|p2a: Cinderace|5/100 psn|[from] psn
|upkeep
|turn|25
|
|t:|1608442756
|switch|p2a: Zapdos|Zapdos-Galar|33/100
|move|p1a: Pick pocket camp|Baneful Bunker||[still]
|-fail|p1a: Pick pocket camp
|
|upkeep
|turn|26
|
|t:|1608442759
|move|p1a: Pick pocket camp|Baneful Bunker|p1a: Pick pocket camp
|-singleturn|p1a: Pick pocket camp|move: Protect
|move|p2a: Zapdos|Brave Bird|p1a: Pick pocket camp
|-activate|p1a: Pick pocket camp|move: Protect
|-status|p2a: Zapdos|psn
|
|-damage|p2a: Zapdos|20/100 psn|[from] psn
|upkeep
|turn|27
|
|t:|1608442762
|move|p2a: Zapdos|Brave Bird|p1a: Pick pocket camp
|-damage|p1a: Pick pocket camp|42/100
|-damage|p2a: Zapdos|2/100 psn|[from] Recoil
|move|p1a: Pick pocket camp|Recover|p1a: Pick pocket camp
|-heal|p1a: Pick pocket camp|92/100
|
|-damage|p2a: Zapdos|0 fnt|[from] psn
|faint|p2a: Zapdos
|upkeep
|
|t:|1608442766
|switch|p2a: Urshifu|Urshifu, M|52/100
|turn|28
|
|t:|1608442769
|move|p2a: Urshifu|Wicked Blow|p1a: Pick pocket camp
|-crit|p1a: Pick pocket camp
|-damage|p1a: Pick pocket camp|48/100
|move|p1a: Pick pocket camp|Recover|p1a: Pick pocket camp
|-heal|p1a: Pick pocket camp|99/100
|
|upkeep
|turn|29
|
|t:|1608442774
|move|p2a: Urshifu|Wicked Blow|p1a: Pick pocket camp
|-crit|p1a: Pick pocket camp
|-damage|p1a: Pick pocket camp|59/100
|move|p1a: Pick pocket camp|Recover|p1a: Pick pocket camp
|-heal|p1a: Pick pocket camp|100/100
|
|upkeep
|turn|30
|-message|Phoenix Nood forfeited.
|
|win|IM AT MY LIMIT
|n|☆IM AT MY LIMIT|imatmylimit
|n|☆Phoenix Nood|phoenixnood
|l|☆Phoenix Nood
