|raw|<div class="broadcast-blue"><strong>This battle is required to be public due to a player having a name starting with 'lt93oq'.</div>
|j|☆2(H2O)
|j|☆LT93OQ Zokuru
|t:|1660401079
|gametype|singles
|player|p1|2(H2O)|chase|1689
|player|p2|LT93OQ Zokuru|gentleman-gen4dp|1817
|teamsize|p1|6
|teamsize|p2|6
|gen|8
|tier|[Gen 8] OU
|rated|
|rule|Sleep Clause Mod: Limit one foe put to sleep
|rule|Species Clause: Limit one of each Pokémon
|rule|OHKO Clause: OHKO moves are banned
|rule|Evasion Items Clause: Evasion items are banned
|rule|Evasion Moves Clause: Evasion moves are banned
|rule|Endless Battle Clause: Forcing endless battles is banned
|rule|HP Percentage Mod: HP is shown in percentages
|rule|Dynamax Clause: You cannot dynamax
|clearpoke
|poke|p1|Tapu Lele|
|poke|p1|Victini|
|poke|p1|Melmetal|
|poke|p1|Dragonite, M|
|poke|p1|Landorus-Therian, M|
|poke|p1|Urshifu-*, M|
|poke|p2|Heatran, F|
|poke|p2|Tapu Fini|
|poke|p2|Kartana|
|poke|p2|Landorus-Therian, M|
|poke|p2|Hawlucha, M|
|poke|p2|Tornadus-Therian, M|
|teampreview
|inactive|Battle timer is ON: inactive players will automatically lose when time's up. (requested by 2(H2O))
|
|t:|1660401086
|start
|switch|p1a: Landorus|Landorus-Therian, M|100/100
|switch|p2a: Heatran|Heatran, F|100/100
|-item|p2a: Heatran|Air Balloon
|-ability|p1a: Landorus|Intimidate|boost
|-unboost|p2a: Heatran|atk|1
|turn|1
|j| Louna
|
|t:|1660401090
|move|p2a: Heatran|Stealth Rock|p1a: Landorus
|-sidestart|p1: 2(H2O)|move: Stealth Rock
|move|p1a: Landorus|U-turn|p2a: Heatran
|-resisted|p2a: Heatran
|-damage|p2a: Heatran|95/100
|-enditem|p2a: Heatran|Air Balloon
|
|t:|1660401092
|switch|p1a: Dragonite|Dragonite, M|100/100|[from]move: U-turn
|
|upkeep
|turn|2
|
|t:|1660401096
|move|p2a: Heatran|Taunt|p1a: Dragonite
|-start|p1a: Dragonite|move: Taunt
|cant|p1a: Dragonite|move: Taunt|Defog
|
|upkeep
|turn|3
|j| D Cawotte
|
|t:|1660401101
|switch|p2a: Tapu Fini|Tapu Fini|100/100
|-fieldstart|move: Misty Terrain|[from] ability: Misty Surge|[of] p2a: Tapu Fini
|move|p1a: Dragonite|Earthquake|p2a: Tapu Fini
|-damage|p2a: Tapu Fini|72/100
|
|upkeep
|turn|4
|
|t:|1660401107
|switch|p1a: Melmetal|Melmetal|100/100
|-damage|p1a: Melmetal|94/100|[from] Stealth Rock
|move|p2a: Tapu Fini|Trick|p1a: Melmetal
|-activate|p2a: Tapu Fini|move: Trick|[of] p1a: Melmetal
|-item|p1a: Melmetal|Choice Scarf|[from] move: Trick
|-item|p2a: Tapu Fini|Assault Vest|[from] move: Trick
|
|upkeep
|turn|5
|
|t:|1660401118
|move|p2a: Tapu Fini|Surf|p1a: Melmetal
|-damage|p1a: Melmetal|69/100
|move|p1a: Melmetal|Earthquake|p2a: Tapu Fini
|-damage|p2a: Tapu Fini|33/100
|
|upkeep
|turn|6
|
|t:|1660401123
|switch|p2a: Landorus|Landorus-Therian, M|100/100
|-ability|p2a: Landorus|Intimidate|boost
|-unboost|p1a: Melmetal|atk|1
|switch|p1a: Urshifu|Urshifu-Rapid-Strike, M|100/100
|-damage|p1a: Urshifu|94/100|[from] Stealth Rock
|
|upkeep
|turn|7
|
|t:|1660401128
|move|p1a: Urshifu|Surging Strikes|p2a: Landorus
|-supereffective|p2a: Landorus
|-crit|p2a: Landorus
|-damage|p2a: Landorus|34/100
|-supereffective|p2a: Landorus
|-crit|p2a: Landorus
|-damage|p2a: Landorus|0 fnt
|faint|p2a: Landorus
|-hitcount|p2: Landorus|2
|
|-fieldend|Misty Terrain
|upkeep
|
|t:|1660401130
|switch|p2a: Kartana|Kartana|100/100
|turn|8
|j| rheysali
|
|t:|1660401133
|switch|p1a: Landorus|Landorus-Therian, M|100/100
|-damage|p1a: Landorus|88/100|[from] Stealth Rock
|-ability|p1a: Landorus|Intimidate|boost
|-unboost|p2a: Kartana|atk|1
|move|p2a: Kartana|Knock Off|p1a: Landorus
|-damage|p1a: Landorus|67/100
|-enditem|p1a: Landorus|Leftovers|[from] move: Knock Off|[of] p2a: Kartana
|
|upkeep
|turn|9
|
|t:|1660401136
|move|p2a: Kartana|Leaf Blade|p1a: Landorus
|-damage|p1a: Landorus|39/100
|move|p1a: Landorus|U-turn|p2a: Kartana
|-damage|p2a: Kartana|80/100
|
|t:|1660401139
|switch|p1a: Dragonite|Dragonite, M|100/100|[from]move: U-turn
|
|upkeep
|turn|10
|
|t:|1660401140
|move|p2a: Kartana|Knock Off|p1a: Dragonite
|-damage|p1a: Dragonite|93/100
|-enditem|p1a: Dragonite|Heavy-Duty Boots|[from] move: Knock Off|[of] p2a: Kartana
|move|p1a: Dragonite|Defog|p2a: Kartana
|-unboost|p2a: Kartana|evasion|1
|-sideend|p1: 2(H2O)|Stealth Rock|[from] move: Defog|[of] p1a: Dragonite
|
|upkeep
|turn|11
|
|t:|1660401144
|switch|p2a: Tornadus|Tornadus-Therian, M|100/100
|move|p1a: Dragonite|Earthquake|p2a: Tornadus
|-immune|p2a: Tornadus
|
|upkeep
|turn|12
|
|t:|1660401147
|switch|p1a: Landorus|Landorus-Therian, M|39/100
|-ability|p1a: Landorus|Intimidate|boost
|-unboost|p2a: Tornadus|atk|1
|move|p2a: Tornadus|Nasty Plot|p2a: Tornadus
|-boost|p2a: Tornadus|spa|2
|
|upkeep
|turn|13
|
|t:|1660401151
|move|p2a: Tornadus|Heat Wave|p1a: Landorus
|-damage|p1a: Landorus|0 fnt
|faint|p1a: Landorus
|
|upkeep
|
|t:|1660401153
|switch|p1a: Melmetal|Melmetal|69/100
|turn|14
|
|t:|1660401156
|move|p2a: Tornadus|Heat Wave|p1a: Melmetal
|-supereffective|p1a: Melmetal
|-damage|p1a: Melmetal|0 fnt
|faint|p1a: Melmetal
|
|upkeep
|
|t:|1660401160
|switch|p1a: Victini|Victini|100/100
|turn|15
|
|t:|1660401161
|move|p2a: Tornadus|Hurricane|p1a: Victini
|-damage|p1a: Victini|0 fnt
|faint|p1a: Victini
|
|upkeep
|-message|2(H2O) forfeited.
|
|win|LT93OQ Zokuru
|raw|2(H2O)'s rating: 1689 &rarr; <strong>1676</strong><br />(-13 for losing)
|raw|LT93OQ Zokuru's rating: 1817 &rarr; <strong>1830</strong><br />(+13 for winning)
|l|☆2(H2O)
|l| D Cawotte
||Ladder isn't responding, score probably updated but might not have (Request timeout).
