|html|<div class="broadcast-blue"><strong>[Gen 8] OU is currently suspecting Melmetal! For information on how to participate check out the <a href="https://www.smogon.com/forums/threads/np-ss-ou-suspect-process-round-12-monster-mash.3709234/">suspect thread</a>.</strong></div>
|j|‽minimax_ai
|j|☆HQSTest
|t:|1665991886
|gametype|singles
|player|p1|minimax_ai|265|1528
|player|p2|HQSTest|veteranf|1653
|teamsize|p1|6
|teamsize|p2|6
|gen|8
|tier|[Gen 8] OU
|rated|
|rule|Sleep Clause Mod: Limit one foe put to sleep
|rule|Species Clause: Limit one of each Pokémon
|rule|OHKO Clause: OHKO moves are banned
|rule|Evasion Items Clause: Evasion items are banned
|rule|Evasion Moves Clause: Evasion moves are banned
|rule|Endless Battle Clause: Forcing endless battles is banned
|rule|HP Percentage Mod: HP is shown in percentages
|rule|Dynamax Clause: You cannot dynamax
|clearpoke
|poke|p1|Rotom-Wash|
|poke|p1|Weavile, M|
|poke|p1|Landorus-Therian, M|
|poke|p1|Heatran, M|
|poke|p1|Tangrowth, M|
|poke|p1|Melmetal|
|poke|p2|Heatran, F|
|poke|p2|Mew|
|poke|p2|Blaziken, M|
|poke|p2|Rillaboom, M|
|poke|p2|Weavile, M|
|poke|p2|Dragonite, F|
|teampreview
|inactive|Battle timer is ON: inactive players will automatically lose when time's up. (requested by minimax_ai)
|
|t:|1665991894
|start
|switch|p1a: Landorus|Landorus-Therian, M|100/100
|switch|p2a: Heatran|Heatran, F|100/100
|-ability|p1a: Landorus|Intimidate|boost
|-unboost|p2a: Heatran|atk|1
|turn|1
|
|t:|1665991898
|move|p2a: Heatran|Stealth Rock|p1a: Landorus
|-sidestart|p1: minimax_ai|move: Stealth Rock
|move|p1a: Landorus|Earthquake|p2a: Heatran
|-supereffective|p2a: Heatran
|-enditem|p2a: Heatran|Focus Sash
|-damage|p2a: Heatran|1/100
|
|upkeep
|turn|2
|
|t:|1665991904
|move|p2a: Heatran|Taunt|p1a: Landorus
|-start|p1a: Landorus|move: Taunt
|cant|p1a: Landorus|move: Taunt|Defog
|
|upkeep
|turn|3
|
|t:|1665991906
|move|p2a: Heatran|Steel Beam|p1a: Landorus
|-damage|p1a: Landorus|51/100
|-damage|p2a: Heatran|0 fnt|[from] mindblown
|faint|p2a: Heatran
|move|p1a: Landorus|Earthquake|p2: Heatran|[notarget]
|-fail|p1a: Landorus
|
|-heal|p1a: Landorus|57/100|[from] item: Leftovers
|upkeep
|
|t:|1665991910
|switch|p2a: Weavile|Weavile, M|100/100
|-ability|p2a: Weavile|Pressure
|turn|4
|
|t:|1665991912
|move|p2a: Weavile|Swords Dance|p2a: Weavile
|-boost|p2a: Weavile|atk|2
|move|p1a: Landorus|Earthquake|p2a: Weavile
|-damage|p2a: Weavile|17/100
|
|-heal|p1a: Landorus|63/100|[from] item: Leftovers
|-end|p1a: Landorus|move: Taunt
|upkeep
|turn|5
|
|t:|1665991917
|switch|p1a: Melmetal|Melmetal|100/100
|-damage|p1a: Melmetal|94/100|[from] Stealth Rock
|move|p2a: Weavile|Knock Off|p1a: Melmetal
|-damage|p1a: Melmetal|21/100
|-enditem|p1a: Melmetal|Assault Vest|[from] move: Knock Off|[of] p2a: Weavile
|-damage|p2a: Weavile|7/100|[from] item: Life Orb
|
|upkeep
|turn|6
|
|t:|1665991920
|move|p2a: Weavile|Knock Off|p1a: Melmetal
|-damage|p1a: Melmetal|0 fnt
|faint|p1a: Melmetal
|-damage|p2a: Weavile|0 fnt|[from] item: Life Orb
|faint|p2a: Weavile
|
|upkeep
|
|t:|1665991927
|switch|p2a: Rillaboom|Rillaboom, M|100/100
|switch|p1a: Landorus|Landorus-Therian, M|63/100
|-fieldstart|move: Grassy Terrain|[from] ability: Grassy Surge|[of] p2a: Rillaboom
|-damage|p1a: Landorus|50/100|[from] Stealth Rock
|-ability|p1a: Landorus|Intimidate|boost
|-unboost|p2a: Rillaboom|atk|1
|turn|7
|
|t:|1665991935
|move|p2a: Rillaboom|Grassy Glide|p1a: Landorus
|-damage|p1a: Landorus|8/100
|-damage|p2a: Rillaboom|91/100|[from] item: Life Orb
|move|p1a: Landorus|Defog|p2a: Rillaboom
|-unboost|p2a: Rillaboom|evasion|1
|-sideend|p1: minimax_ai|Stealth Rock|[from] move: Defog|[of] p1a: Landorus
|-fieldend|move: Grassy Terrain
|
|-heal|p1a: Landorus|14/100|[from] item: Leftovers
|upkeep
|turn|8
|
|t:|1665991938
|move|p2a: Rillaboom|Knock Off|p1a: Landorus
|-damage|p1a: Landorus|0 fnt
|-enditem|p1a: Landorus|Leftovers|[from] move: Knock Off|[of] p2a: Rillaboom
|faint|p1a: Landorus
|-damage|p2a: Rillaboom|81/100|[from] item: Life Orb
|
|upkeep
|
|t:|1665991938
|switch|p1a: Weavile|Weavile, M|100/100
|-ability|p1a: Weavile|Pressure
|turn|9
|
|t:|1665991942
|move|p1a: Weavile|Knock Off|p2a: Rillaboom
|-damage|p2a: Rillaboom|0 fnt
|-enditem|p2a: Rillaboom|Life Orb|[from] move: Knock Off|[of] p1a: Weavile
|faint|p2a: Rillaboom
|
|upkeep
|
|t:|1665991945
|switch|p2a: Blaziken|Blaziken, M|100/100
|turn|10
|
|t:|1665991946
|move|p1a: Weavile|Knock Off|p2a: Blaziken
|-resisted|p2a: Blaziken
|-damage|p2a: Blaziken|52/100
|-enditem|p2a: Blaziken|Leftovers|[from] move: Knock Off|[of] p1a: Weavile
|move|p2a: Blaziken|Swords Dance|p2a: Blaziken
|-boost|p2a: Blaziken|atk|2
|
|-ability|p2a: Blaziken|Speed Boost|boost
|-boost|p2a: Blaziken|spe|1
|upkeep
|turn|11
|
|t:|1665991952
|switch|p1a: Tangrowth|Tangrowth, M|100/100
|move|p2a: Blaziken|Close Combat|p1a: Tangrowth
|-damage|p1a: Tangrowth|35/100
|-unboost|p2a: Blaziken|def|1
|-unboost|p2a: Blaziken|spd|1
|-damage|p2a: Blaziken|35/100|[from] item: Rocky Helmet|[of] p1a: Tangrowth
|
|-ability|p2a: Blaziken|Speed Boost|boost
|-boost|p2a: Blaziken|spe|1
|upkeep
|turn|12
|
|t:|1665991957
|move|p2a: Blaziken|Close Combat|p1a: Tangrowth
|-damage|p1a: Tangrowth|0 fnt
|-unboost|p2a: Blaziken|def|1
|-unboost|p2a: Blaziken|spd|1
|-damage|p2a: Blaziken|18/100|[from] item: Rocky Helmet|[of] p1a: Tangrowth
|faint|p1a: Tangrowth
|
|-ability|p2a: Blaziken|Speed Boost|boost
|-boost|p2a: Blaziken|spe|1
|upkeep
|
|t:|1665991957
|switch|p1a: Weavile|Weavile, M|100/100
|-ability|p1a: Weavile|Pressure
|turn|13
|
|t:|1665991959
|move|p2a: Blaziken|Protect|p2a: Blaziken
|-singleturn|p2a: Blaziken|Protect
|move|p1a: Weavile|Ice Shard|p2a: Blaziken
|-activate|p2a: Blaziken|move: Protect
|
|-ability|p2a: Blaziken|Speed Boost|boost
|-boost|p2a: Blaziken|spe|1
|upkeep
|turn|14
|j| Khaganhat
|
|t:|1665991964
|move|p1a: Weavile|Ice Shard|p2a: Blaziken
|-resisted|p2a: Blaziken
|-damage|p2a: Blaziken|0 fnt
|faint|p2a: Blaziken
|
|upkeep
|
|t:|1665991966
|switch|p2a: Mew|Mew|100/100
|turn|15
|
|t:|1665991977
|move|p1a: Weavile|Ice Shard|p2a: Mew
|-damage|p2a: Mew|73/100
|move|p2a: Mew|Dragon Dance|p2a: Mew
|-boost|p2a: Mew|atk|1
|-boost|p2a: Mew|spe|1
|
|upkeep
|turn|16
|
|t:|1665991983
|switch|p1a: Heatran|Heatran, M|100/100
|-item|p1a: Heatran|Air Balloon
|move|p2a: Mew|Psychic Fangs|p1a: Heatran
|-resisted|p1a: Heatran
|-damage|p1a: Heatran|74/100
|-enditem|p1a: Heatran|Air Balloon
|
|upkeep
|turn|17
|
|t:|1665991987
|move|p2a: Mew|Psychic Fangs|p1a: Heatran
|-resisted|p1a: Heatran
|-damage|p1a: Heatran|48/100
|move|p1a: Heatran|Magma Storm|p2a: Mew|[miss]
|-miss|p1a: Heatran|p2a: Mew
|
|upkeep
|turn|18
|
|t:|1665991989
|move|p2a: Mew|Psychic Fangs|p1a: Heatran
|-resisted|p1a: Heatran
|-damage|p1a: Heatran|23/100
|move|p1a: Heatran|Magma Storm|p2a: Mew
|-damage|p2a: Mew|25/100
|-activate|p2a: Mew|move: Magma Storm|[of] p1a: Heatran
|
|-damage|p2a: Mew|13/100|[from] move: Magma Storm|[partiallytrapped]
|upkeep
|turn|19
|
|t:|1665991992
|move|p2a: Mew|Psychic Fangs|p1a: Heatran
|-resisted|p1a: Heatran
|-damage|p1a: Heatran|0 fnt
|faint|p1a: Heatran
|
|-end|p2a: Mew|Magma Storm|[partiallytrapped]|[silent]
|upkeep
|
|t:|1665991992
|switch|p1a: Weavile|Weavile, M|100/100
|-ability|p1a: Weavile|Pressure
|turn|20
|
|t:|1665991995
|move|p1a: Weavile|Ice Shard|p2a: Mew
|-damage|p2a: Mew|0 fnt
|faint|p2a: Mew
|
|upkeep
|
|t:|1665991997
|switch|p2a: Dragonite|Dragonite, F|100/100
|turn|21
|
|t:|1665992000
|switch|p1a: Rotom|Rotom-Wash|100/100
|move|p2a: Dragonite|Dragon Dance|p2a: Dragonite
|-boost|p2a: Dragonite|atk|1
|-boost|p2a: Dragonite|spe|1
|
|upkeep
|turn|22
|
|t:|1665992003
|move|p2a: Dragonite|Dragon Dance|p2a: Dragonite
|-boost|p2a: Dragonite|atk|1
|-boost|p2a: Dragonite|spe|1
|move|p1a: Rotom|Nasty Plot|p1a: Rotom
|-boost|p1a: Rotom|spa|2
|
|upkeep
|turn|23
|
|t:|1665992005
|move|p2a: Dragonite|Extreme Speed|p1a: Rotom
|-damage|p1a: Rotom|39/100
|move|p1a: Rotom|Thunderbolt|p2a: Dragonite
|-damage|p2a: Dragonite|63/100
|
|-heal|p1a: Rotom|46/100|[from] item: Leftovers
|upkeep
|turn|24
|
|t:|1665992007
|move|p2a: Dragonite|Extreme Speed|p1a: Rotom
|-damage|p1a: Rotom|0 fnt
|faint|p1a: Rotom
|
|upkeep
|
|t:|1665992007
|switch|p1a: Weavile|Weavile, M|100/100
|-ability|p1a: Weavile|Pressure
|turn|25
|
|t:|1665992010
|move|p2a: Dragonite|Extreme Speed|p1a: Weavile
|-damage|p1a: Weavile|0 fnt
|faint|p1a: Weavile
|
|win|HQSTest
|raw|minimax_ai's rating: 1528 &rarr; <strong>1515</strong><br />(-13 for losing)
|raw|HQSTest's rating: 1653 &rarr; <strong>1666</strong><br />(+13 for winning)
|l|‽minimax_ai
