|j|‽goran el draco
|j|☆shadowhdg
|player|p1|goran el draco|n|1603
|player|p2|shadowhdg|silver|1619
|teamsize|p1|6
|teamsize|p2|6
|gametype|singles
|gen|8
|tier|[Gen 8] OU
|rated|
|html|<div class="broadcast-blue"><strong>OU is currently suspecting Dracovish! For information on how to participate check out the <a href="https://www.smogon.com/forums/threads/3664521/">suspect thread</a>.</strong></div>
|clearpoke
|poke|p1|Aegislash, F|
|poke|p1|Torkoal, M|
|poke|p1|Darmanitan, F|
|poke|p1|Mandibuzz, F|
|poke|p1|Venusaur, F|
|poke|p1|Kyurem|
|poke|p2|Aegislash, M|
|poke|p2|Mandibuzz, F|
|poke|p2|Zeraora|
|poke|p2|Conkeldurr, M|
|poke|p2|Hatterene, F|
|poke|p2|Dragapult, F|
|rule|Sleep Clause Mod: Limit one foe put to sleep
|rule|Species Clause: Limit one of each Pokémon
|rule|OHKO Clause: OHKO moves are banned
|rule|Evasion Moves Clause: Evasion moves are banned
|rule|Endless Battle Clause: Forcing endless battles is banned
|rule|HP Percentage Mod: HP is shown in percentages
|rule|Dynamax Clause: You cannot dynamax
|teampreview
|
|start
|switch|p1a: Kyurem|Kyurem|100/100
|switch|p2a: Dragapult|Dragapult, F|100/100
|-ability|p1a: Kyurem|Pressure
|turn|1
|j| HeavenStar
|
|switch|p1a: Mandibuzz|Mandibuzz, F|100/100
|move|p2a: Dragapult|Draco Meteor|p1a: Mandibuzz
|-damage|p1a: Mandibuzz|49/100
|-unboost|p2a: Dragapult|spa|2
|
|upkeep
|turn|2
|
|switch|p2a: Mandibuzz|Mandibuzz, F|100/100
|move|p1a: Mandibuzz|U-turn|p2a: Mandibuzz
|-damage|p2a: Mandibuzz|95/100
|-damage|p1a: Mandibuzz|33/100|[from] item: Rocky Helmet|[of] p2a: Mandibuzz
|
|switch|p1a: Kyurem|Kyurem|100/100|[from]move: U-turn
|-ability|p1a: Kyurem|Pressure
|
|upkeep
|turn|3
|
|switch|p2a: Aegislash|Aegislash, M, shiny|100/100
|move|p1a: Kyurem|Ice Beam|p2a: Aegislash
|-resisted|p2a: Aegislash
|-damage|p2a: Aegislash|78/100
|
|upkeep
|turn|4
|
|switch|p1a: Torkoal|Torkoal, M|100/100
|-weather|SunnyDay|[from] ability: Drought|[of] p1a: Torkoal
|-formechange|p2a: Aegislash|Aegislash-Blade||[from] ability: Stance Change
|move|p2a: Aegislash|Flash Cannon|p1a: Torkoal
|-resisted|p1a: Torkoal
|-damage|p1a: Torkoal|75/100
|-unboost|p1a: Torkoal|spd|1
|
|-weather|SunnyDay|[upkeep]
|upkeep
|turn|5
|
|switch|p2a: Dragapult|Dragapult, F|100/100
|move|p1a: Torkoal|Lava Plume|p2a: Dragapult
|-resisted|p2a: Dragapult
|-damage|p2a: Dragapult|77/100
|
|-weather|SunnyDay|[upkeep]
|upkeep
|turn|6
|
|switch|p1a: Mandibuzz|Mandibuzz, F|33/100
|move|p2a: Dragapult|Draco Meteor|p1a: Mandibuzz
|-damage|p1a: Mandibuzz|0 fnt
|-unboost|p2a: Dragapult|spa|2
|faint|p1a: Mandibuzz
|
|-weather|SunnyDay|[upkeep]
|upkeep
|
|switch|p1a: Darmanitan|Darmanitan, F|100/100
|turn|7
|
|switch|p2a: Mandibuzz|Mandibuzz, F|95/100
|move|p1a: Darmanitan|Flare Blitz|p2a: Mandibuzz
|-damage|p2a: Mandibuzz|18/100
|-damage|p1a: Darmanitan|84/100|[from] item: Rocky Helmet|[of] p2a: Mandibuzz
|-damage|p1a: Darmanitan|53/100|[from] Recoil
|
|-weather|SunnyDay|[upkeep]
|upkeep
|turn|8
|
|move|p1a: Darmanitan|Flare Blitz|p2a: Mandibuzz
|-damage|p2a: Mandibuzz|0 fnt
|-damage|p1a: Darmanitan|37/100|[from] item: Rocky Helmet|[of] p2a: Mandibuzz
|-damage|p1a: Darmanitan|30/100|[from] Recoil
|faint|p2a: Mandibuzz
|
|-weather|SunnyDay|[upkeep]
|upkeep
|
|switch|p2a: Conkeldurr|Conkeldurr, M|100/100
|turn|9
|
|switch|p1a: Torkoal|Torkoal, M|75/100
|move|p2a: Conkeldurr|Mach Punch|p1a: Torkoal
|-damage|p1a: Torkoal|60/100
|
|-weather|SunnyDay|[upkeep]
|-status|p2a: Conkeldurr|brn|[from] item: Flame Orb
|upkeep
|turn|10
|
|move|p2a: Conkeldurr|Drain Punch|p1a: Torkoal
|-crit|p1a: Torkoal
|-damage|p1a: Torkoal|0 fnt
|faint|p1a: Torkoal
|
|-weather|SunnyDay|[upkeep]
|-damage|p2a: Conkeldurr|94/100 brn|[from] brn
|upkeep
|
|switch|p1a: Kyurem|Kyurem|100/100
|-ability|p1a: Kyurem|Pressure
|turn|11
|
|move|p2a: Conkeldurr|Mach Punch|p1a: Kyurem
|-supereffective|p1a: Kyurem
|-damage|p1a: Kyurem|35/100
|move|p1a: Kyurem|Ice Beam|p2a: Conkeldurr
|-damage|p2a: Conkeldurr|0 fnt
|faint|p2a: Conkeldurr
|
|-weather|none
|upkeep
|
|switch|p2a: Dragapult|Dragapult, F|77/100
|turn|12
|
|switch|p1a: Venusaur|Venusaur, F|100/100
|move|p2a: Dragapult|Shadow Ball|p1a: Venusaur
|-damage|p1a: Venusaur|46/100
|
|upkeep
|turn|13
|
|move|p2a: Dragapult|Shadow Ball|p1a: Venusaur
|-damage|p1a: Venusaur|0 fnt
|faint|p1a: Venusaur
|
|upkeep
|
|switch|p1a: Darmanitan|Darmanitan, F|30/100
|turn|14
|
|switch|p2a: Hatterene|Hatterene, F|100/100
|move|p1a: Darmanitan|Earthquake|p2a: Hatterene
|-damage|p2a: Hatterene|55/100
|
|-heal|p2a: Hatterene|61/100|[from] item: Leftovers
|upkeep
|turn|15
|
|switch|p1a: Aegislash|Aegislash, F|100/100
|-item|p1a: Aegislash|Air Balloon
|move|p2a: Hatterene|Psychic|p1a: Aegislash
|-resisted|p1a: Aegislash
|-damage|p1a: Aegislash|77/100
|-enditem|p1a: Aegislash|Air Balloon
|
|-heal|p2a: Hatterene|67/100|[from] item: Leftovers
|upkeep
|turn|16
|
|-formechange|p1a: Aegislash|Aegislash-Blade||[from] ability: Stance Change
|move|p1a: Aegislash|Shadow Claw|p2a: Hatterene
|-supereffective|p2a: Hatterene
|-damage|p2a: Hatterene|0 fnt
|faint|p2a: Hatterene
|
|upkeep
|
|switch|p2a: Zeraora|Zeraora|100/100
|turn|17
|
|switch|p1a: Kyurem|Kyurem|35/100
|-ability|p1a: Kyurem|Pressure
|move|p2a: Zeraora|Knock Off|p1a: Kyurem
|-damage|p1a: Kyurem|0 fnt
|-enditem|p1a: Kyurem|Choice Specs|[from] move: Knock Off|[of] p2a: Zeraora
|faint|p1a: Kyurem
|
|upkeep
|
|switch|p1a: Darmanitan|Darmanitan, F|30/100
|turn|18
|
|switch|p2a: Dragapult|Dragapult, F|77/100
|move|p1a: Darmanitan|Earthquake|p2a: Dragapult
|-damage|p2a: Dragapult|20/100
|
|upkeep
|turn|19
|
|move|p1a: Darmanitan|Earthquake|p2a: Dragapult
|-damage|p2a: Dragapult|0 fnt
|faint|p2a: Dragapult
|
|upkeep
|
|switch|p2a: Aegislash|Aegislash, M, shiny|78/100
|turn|20
|
|switch|p1a: Aegislash|Aegislash, F|77/100
|-formechange|p2a: Aegislash|Aegislash-Blade||[from] ability: Stance Change
|move|p2a: Aegislash|Shadow Ball|p1a: Aegislash
|-supereffective|p1a: Aegislash
|-damage|p1a: Aegislash|3/100
|
|upkeep
|turn|21
|
|-formechange|p2a: Aegislash|Aegislash||[from] ability: Stance Change
|move|p2a: Aegislash|King's Shield|p2a: Aegislash
|-singleturn|p2a: Aegislash|Protect
|-formechange|p1a: Aegislash|Aegislash-Blade||[from] ability: Stance Change
|move|p1a: Aegislash|Shadow Claw|p2a: Aegislash
|-activate|p2a: Aegislash|move: Protect
|-unboost|p1a: Aegislash|atk|1
|
|upkeep
|turn|22
|
|-formechange|p2a: Aegislash|Aegislash-Blade||[from] ability: Stance Change
|move|p2a: Aegislash|Shadow Sneak|p1a: Aegislash
|-supereffective|p1a: Aegislash
|-damage|p1a: Aegislash|0 fnt
|faint|p1a: Aegislash
|
|upkeep
|
|switch|p1a: Darmanitan|Darmanitan, F|30/100
|turn|23
|
|-formechange|p2a: Aegislash|Aegislash||[from] ability: Stance Change
|move|p2a: Aegislash|King's Shield|p2a: Aegislash
|-singleturn|p2a: Aegislash|Protect
|move|p1a: Darmanitan|Earthquake|p2a: Aegislash
|-activate|p2a: Aegislash|move: Protect
|
|upkeep
|turn|24
|
|move|p1a: Darmanitan|Earthquake|p2a: Aegislash
|-supereffective|p2a: Aegislash
|-damage|p2a: Aegislash|11/100
|-enditem|p2a: Aegislash|Weakness Policy
|-boost|p2a: Aegislash|atk|2|[from] item: Weakness Policy
|-boost|p2a: Aegislash|spa|2|[from] item: Weakness Policy
|-formechange|p2a: Aegislash|Aegislash-Blade||[from] ability: Stance Change
|move|p2a: Aegislash|Shadow Ball|p1a: Darmanitan
|-crit|p1a: Darmanitan
|-damage|p1a: Darmanitan|0 fnt
|faint|p1a: Darmanitan
|
|win|shadowhdg
|raw|goran el draco's rating: 1618 &rarr; <strong>1598</strong><br />(-20 for losing)
|raw|shadowhdg's rating: 1619 &rarr; <strong>1639</strong><br />(+20 for winning)
|l|‽goran el draco
