|j|☆someidiot19
|j|☆cump2
|t:|1631292997
|gametype|singles
|player|p1|someidiot19|karen-gen2|1704
|player|p2|cump2|265|1644
|teamsize|p1|6
|teamsize|p2|6
|gen|8
|tier|[Gen 8] OU
|rated|
|rule|Sleep Clause Mod: Limit one foe put to sleep
|rule|Species Clause: Limit one of each Pokémon
|rule|OHKO Clause: OHKO moves are banned
|rule|Evasion Moves Clause: Evasion moves are banned
|rule|Endless Battle Clause: Forcing endless battles is banned
|rule|HP Percentage Mod: HP is shown in percentages
|rule|Dynamax Clause: You cannot dynamax
|clearpoke
|poke|p1|Ninetales-Alola, M|
|poke|p1|Arctozolt|
|poke|p1|Landorus-Therian, M|
|poke|p1|Corviknight, F|
|poke|p1|Barraskewda, M|
|poke|p1|Slowbro, M|
|poke|p2|Swampert, F|
|poke|p2|Kartana|
|poke|p2|Tapu Lele|
|poke|p2|Dragonite, F|
|poke|p2|Volcarona, F|
|poke|p2|Gengar, M|
|teampreview
|inactive|Battle timer is ON: inactive players will automatically lose when time's up. (requested by someidiot19)
|
|t:|1631293013
|start
|switch|p1a: Landorus|Landorus-Therian, M|100/100
|switch|p2a: Gengar|Gengar, M, shiny|100/100
|-ability|p1a: Landorus|Intimidate|boost
|-unboost|p2a: Gengar|atk|1
|turn|1
|
|t:|1631293021
|switch|p2a: Dragonite|Dragonite, F, shiny|100/100
|move|p1a: Landorus|Earthquake|p2a: Dragonite
|-immune|p2a: Dragonite
|
|upkeep
|turn|2
|
|t:|1631293025
|switch|p1a: Ninetales|Ninetales-Alola, M|100/100
|-weather|Hail|[from] ability: Snow Warning|[of] p1a: Ninetales
|move|p2a: Dragonite|Ice Punch|p1a: Ninetales
|-resisted|p1a: Ninetales
|-damage|p1a: Ninetales|85/100
|
|-weather|Hail|[upkeep]
|-damage|p2a: Dragonite|94/100|[from] Hail
|upkeep
|turn|3
|
|t:|1631293031
|switch|p2a: Volcarona|Volcarona, F, shiny|100/100
|move|p1a: Ninetales|Aurora Veil|p1a: Ninetales
|-sidestart|p1: someidiot19|move: Aurora Veil
|
|-weather|Hail|[upkeep]
|-damage|p2a: Volcarona|94/100|[from] Hail
|upkeep
|turn|4
|
|t:|1631293035
|switch|p1a: Barraskewda|Barraskewda, M|100/100
|move|p2a: Volcarona|Flamethrower|p1a: Barraskewda
|-resisted|p1a: Barraskewda
|-damage|p1a: Barraskewda|78/100
|
|-weather|Hail|[upkeep]
|-damage|p1a: Barraskewda|71/100|[from] Hail
|-damage|p2a: Volcarona|88/100|[from] Hail
|upkeep
|turn|5
|
|t:|1631293039
|switch|p2a: Dragonite|Dragonite, F, shiny|94/100
|move|p1a: Barraskewda|Flip Turn|p2a: Dragonite
|-resisted|p2a: Dragonite
|-damage|p2a: Dragonite|73/100
|
|t:|1631293041
|switch|p1a: Arctozolt|Arctozolt, shiny|100/100|[from]move: Flip Turn
|
|-weather|Hail|[upkeep]
|-damage|p2a: Dragonite|67/100|[from] Hail
|upkeep
|turn|6
|
|t:|1631293045
|move|p1a: Arctozolt|Blizzard|p2a: Dragonite
|-supereffective|p2a: Dragonite
|-crit|p2a: Dragonite
|-damage|p2a: Dragonite|0 fnt
|faint|p2a: Dragonite
|
|-weather|Hail|[upkeep]
|upkeep
|
|t:|1631293051
|switch|p2a: Volcarona|Volcarona, F, shiny|88/100
|turn|7
|
|t:|1631293054
|move|p1a: Arctozolt|Bolt Beak|p2a: Volcarona
|-damage|p2a: Volcarona|24/100
|-status|p1a: Arctozolt|brn|[from] ability: Flame Body|[of] p2a: Volcarona
|move|p2a: Volcarona|Flamethrower|p1a: Arctozolt
|-supereffective|p1a: Arctozolt
|-damage|p1a: Arctozolt|43/100 brn
|
|-weather|Hail|[upkeep]
|-damage|p2a: Volcarona|18/100|[from] Hail
|-heal|p1a: Arctozolt|49/100 brn|[from] item: Leftovers
|-damage|p1a: Arctozolt|43/100 brn|[from] brn
|-sideend|p1: someidiot19|move: Aurora Veil
|upkeep
|turn|8
|
|t:|1631293060
|move|p1a: Arctozolt|Blizzard|p2a: Volcarona
|-resisted|p2a: Volcarona
|-damage|p2a: Volcarona|1/100
|move|p2a: Volcarona|Roost|p2a: Volcarona
|-heal|p2a: Volcarona|51/100
|-singleturn|p2a: Volcarona|move: Roost
|
|-weather|Hail|[upkeep]
|-damage|p2a: Volcarona|45/100|[from] Hail
|-heal|p1a: Arctozolt|49/100 brn|[from] item: Leftovers
|-damage|p1a: Arctozolt|43/100 brn|[from] brn
|upkeep
|turn|9
|
|t:|1631293070
|switch|p1a: Barraskewda|Barraskewda, M|71/100
|move|p2a: Volcarona|Roost|p2a: Volcarona
|-heal|p2a: Volcarona|95/100
|-singleturn|p2a: Volcarona|move: Roost
|
|-weather|none
|upkeep
|turn|10
|
|t:|1631293075
|switch|p2a: Kartana|Kartana, shiny|100/100
|move|p1a: Barraskewda|Flip Turn|p2a: Kartana
|-resisted|p2a: Kartana
|-damage|p2a: Kartana|77/100
|
|t:|1631293077
|switch|p1a: Landorus|Landorus-Therian, M|100/100|[from]move: Flip Turn
|-ability|p1a: Landorus|Intimidate|boost
|-unboost|p2a: Kartana|atk|1
|
|upkeep
|turn|11
|
|t:|1631293080
|move|p2a: Kartana|Leaf Blade|p1a: Landorus
|-damage|p1a: Landorus|56/100
|move|p1a: Landorus|U-turn|p2a: Kartana
|-damage|p2a: Kartana|53/100
|
|t:|1631293084
|switch|p1a: Corviknight|Corviknight, F|100/100|[from]move: U-turn
|-ability|p1a: Corviknight|Pressure
|
|upkeep
|turn|12
|
|t:|1631293088
|switch|p2a: Volcarona|Volcarona, F, shiny|95/100
|move|p1a: Corviknight|U-turn|p2a: Volcarona
|-resisted|p2a: Volcarona
|-damage|p2a: Volcarona|89/100
|-status|p1a: Corviknight|brn|[from] ability: Flame Body|[of] p2a: Volcarona
|
|t:|1631293091
|switch|p1a: Barraskewda|Barraskewda, M|71/100|[from]move: U-turn
|
|upkeep
|turn|13
|
|t:|1631293096
|switch|p2a: Kartana|Kartana, shiny|53/100
|move|p1a: Barraskewda|Liquidation|p2a: Kartana
|-resisted|p2a: Kartana
|-damage|p2a: Kartana|19/100
|-unboost|p2a: Kartana|def|1
|
|upkeep
|turn|14
|
|t:|1631293100
|move|p1a: Barraskewda|Liquidation|p2a: Kartana
|-resisted|p2a: Kartana
|-damage|p2a: Kartana|0 fnt
|faint|p2a: Kartana
|
|upkeep
|
|t:|1631293103
|switch|p2a: Gengar|Gengar, M, shiny|100/100
|turn|15
|
|t:|1631293107
|switch|p1a: Arctozolt|Arctozolt, shiny|43/100 brn
|move|p2a: Gengar|Shadow Ball|p1a: Arctozolt
|-damage|p1a: Arctozolt|0 fnt
|faint|p1a: Arctozolt
|
|upkeep
|
|t:|1631293114
|switch|p1a: Corviknight|Corviknight, F|100/100 brn
|-ability|p1a: Corviknight|Pressure
|turn|16
|
|t:|1631293121
|move|p2a: Gengar|Shadow Ball|p1a: Corviknight
|-damage|p1a: Corviknight|68/100 brn
|-unboost|p1a: Corviknight|spd|1
|move|p1a: Corviknight|Roost|p1a: Corviknight
|-heal|p1a: Corviknight|100/100 brn
|-singleturn|p1a: Corviknight|move: Roost
|
|-damage|p1a: Corviknight|94/100 brn|[from] brn
|upkeep
|turn|17
|
|t:|1631293132
|move|p2a: Gengar|Shadow Ball|p1a: Corviknight
|-damage|p1a: Corviknight|43/100 brn
|move|p1a: Corviknight|Roost|p1a: Corviknight
|-heal|p1a: Corviknight|93/100 brn
|-singleturn|p1a: Corviknight|move: Roost
|
|-heal|p1a: Corviknight|99/100 brn|[from] item: Leftovers
|-damage|p1a: Corviknight|93/100 brn|[from] brn
|upkeep
|turn|18
|
|t:|1631293140
|move|p2a: Gengar|Shadow Ball|p1a: Corviknight
|-damage|p1a: Corviknight|44/100 brn
|move|p1a: Corviknight|Roost|p1a: Corviknight
|-heal|p1a: Corviknight|94/100 brn
|-singleturn|p1a: Corviknight|move: Roost
|
|-heal|p1a: Corviknight|100/100 brn|[from] item: Leftovers
|-damage|p1a: Corviknight|94/100 brn|[from] brn
|upkeep
|turn|19
|
|t:|1631293143
|move|p2a: Gengar|Shadow Ball|p1a: Corviknight
|-damage|p1a: Corviknight|49/100 brn
|move|p1a: Corviknight|Roost|p1a: Corviknight
|-heal|p1a: Corviknight|99/100 brn
|-singleturn|p1a: Corviknight|move: Roost
|
|-heal|p1a: Corviknight|100/100 brn|[from] item: Leftovers
|-damage|p1a: Corviknight|94/100 brn|[from] brn
|upkeep
|turn|20
|
|t:|1631293145
|move|p2a: Gengar|Shadow Ball|p1a: Corviknight
|-damage|p1a: Corviknight|45/100 brn
|-unboost|p1a: Corviknight|spd|1
|move|p1a: Corviknight|Roost|p1a: Corviknight
|-heal|p1a: Corviknight|95/100 brn
|-singleturn|p1a: Corviknight|move: Roost
|
|-heal|p1a: Corviknight|100/100 brn|[from] item: Leftovers
|-damage|p1a: Corviknight|94/100 brn|[from] brn
|upkeep
|turn|21
|
|t:|1631293153
|switch|p1a: Slowbro|Slowbro, M, shiny|100/100
|move|p2a: Gengar|Shadow Ball|p1a: Slowbro
|-supereffective|p1a: Slowbro
|-damage|p1a: Slowbro|3/100
|
|upkeep
|turn|22
|
|t:|1631293156
|move|p2a: Gengar|Shadow Ball|p1a: Slowbro
|-supereffective|p1a: Slowbro
|-damage|p1a: Slowbro|0 fnt
|faint|p1a: Slowbro
|
|upkeep
|
|t:|1631293166
|switch|p1a: Ninetales|Ninetales-Alola, M|85/100
|-weather|Hail|[from] ability: Snow Warning|[of] p1a: Ninetales
|turn|23
|
|t:|1631293168
|move|p2a: Gengar|Shadow Ball|p1a: Ninetales
|-damage|p1a: Ninetales|36/100
|move|p1a: Ninetales|Aurora Veil|p1a: Ninetales
|-sidestart|p1: someidiot19|move: Aurora Veil
|
|-weather|Hail|[upkeep]
|-damage|p2a: Gengar|94/100|[from] Hail
|upkeep
|turn|24
|
|t:|1631293178
|move|p2a: Gengar|Shadow Ball|p1a: Ninetales
|-damage|p1a: Ninetales|15/100
|move|p1a: Ninetales|Heal Bell|p1a: Ninetales
|-activate|p1a: Ninetales|move: Heal Bell
|-curestatus|p1: Corviknight|brn|[msg]
|
|-weather|Hail|[upkeep]
|-damage|p2a: Gengar|88/100|[from] Hail
|upkeep
|turn|25
|
|t:|1631293189
|move|p2a: Gengar|Shadow Ball|p1a: Ninetales
|-damage|p1a: Ninetales|0 fnt
|faint|p1a: Ninetales
|
|-weather|Hail|[upkeep]
|-damage|p2a: Gengar|82/100|[from] Hail
|upkeep
|
|t:|1631293192
|switch|p1a: Landorus|Landorus-Therian, M|56/100
|-ability|p1a: Landorus|Intimidate|boost
|-unboost|p2a: Gengar|atk|1
|turn|26
|
|t:|1631293195
|switch|p2a: Swampert|Swampert, F, shiny|100/100
|move|p1a: Landorus|Earthquake|p2a: Swampert
|-damage|p2a: Swampert|55/100
|
|-weather|Hail|[upkeep]
|-damage|p1a: Landorus|50/100|[from] Hail
|-damage|p2a: Swampert|49/100|[from] Hail
|-heal|p1a: Landorus|56/100|[from] item: Leftovers
|-heal|p2a: Swampert|55/100|[from] item: Leftovers
|upkeep
|turn|27
|
|t:|1631293201
|move|p1a: Landorus|Earthquake|p2a: Swampert
|-damage|p2a: Swampert|10/100
|move|p2a: Swampert|Stealth Rock|p1a: Landorus
|-sidestart|p1: someidiot19|move: Stealth Rock
|
|-weather|Hail|[upkeep]
|-damage|p1a: Landorus|50/100|[from] Hail
|-damage|p2a: Swampert|4/100|[from] Hail
|-heal|p1a: Landorus|56/100|[from] item: Leftovers
|-heal|p2a: Swampert|10/100|[from] item: Leftovers
|-sideend|p1: someidiot19|move: Aurora Veil
|upkeep
|turn|28
|
|t:|1631293212
|move|p1a: Landorus|Defog|p2a: Swampert
|-unboost|p2a: Swampert|evasion|1
|-sideend|p1: someidiot19|Stealth Rock|[from] move: Defog|[of] p1a: Landorus
|move|p2a: Swampert|Flip Turn|p1a: Landorus
|-supereffective|p1a: Landorus
|-damage|p1a: Landorus|26/100
|
|t:|1631293218
|switch|p2a: Tapu Lele|Tapu Lele, shiny|100/100|[from]move: Flip Turn
|-fieldstart|move: Psychic Terrain|[from] ability: Psychic Surge|[of] p2a: Tapu Lele
|
|-weather|Hail|[upkeep]
|-damage|p2a: Tapu Lele|94/100|[from] Hail
|-damage|p1a: Landorus|20/100|[from] Hail
|-heal|p1a: Landorus|26/100|[from] item: Leftovers
|upkeep
|turn|29
|
|t:|1631293225
|move|p2a: Tapu Lele|Moonblast|p1a: Landorus
|-damage|p1a: Landorus|0 fnt
|faint|p1a: Landorus
|
|-weather|Hail|[upkeep]
|-damage|p2a: Tapu Lele|88/100|[from] Hail
|upkeep
|
|t:|1631293227
|switch|p1a: Barraskewda|Barraskewda, M|71/100
|turn|30
|
|t:|1631293232
|switch|p2a: Swampert|Swampert, F, shiny|10/100
|move|p1a: Barraskewda|Liquidation|p2a: Swampert
|-damage|p2a: Swampert|0 fnt
|faint|p2a: Swampert
|
|-weather|none
|upkeep
|
|t:|1631293233
|switch|p2a: Gengar|Gengar, M, shiny|82/100
|turn|31
|
|t:|1631293236
|switch|p1a: Corviknight|Corviknight, F|94/100
|-ability|p1a: Corviknight|Pressure
|move|p2a: Gengar|Trick|p1a: Corviknight
|-activate|p2a: Gengar|move: Trick|[of] p1a: Corviknight
|-item|p1a: Corviknight|Choice Scarf|[from] move: Trick
|-item|p2a: Gengar|Leftovers|[from] move: Trick
|
|-heal|p2a: Gengar|88/100|[from] item: Leftovers
|upkeep
|turn|32
|
|t:|1631293245
|move|p2a: Gengar|Shadow Ball|p1a: Corviknight
|-damage|p1a: Corviknight|64/100
|move|p1a: Corviknight|U-turn|p2a: Gengar
|-resisted|p2a: Gengar
|-damage|p2a: Gengar|81/100
|
|t:|1631293247
|switch|p1a: Barraskewda|Barraskewda, M|71/100|[from]move: U-turn
|
|-heal|p2a: Gengar|87/100|[from] item: Leftovers
|-fieldend|move: Psychic Terrain
|upkeep
|turn|33
|
|t:|1631293258
|switch|p2a: Volcarona|Volcarona, F, shiny|89/100
|move|p1a: Barraskewda|Liquidation|p2a: Volcarona
|-supereffective|p2a: Volcarona
|-damage|p2a: Volcarona|0 fnt
|faint|p2a: Volcarona
|
|upkeep
|
|t:|1631293262
|switch|p2a: Tapu Lele|Tapu Lele, shiny|88/100
|-fieldstart|move: Psychic Terrain|[from] ability: Psychic Surge|[of] p2a: Tapu Lele
|turn|34
|
|t:|1631293264
|move|p1a: Barraskewda|Liquidation|p2a: Tapu Lele
|-damage|p2a: Tapu Lele|0 fnt
|faint|p2a: Tapu Lele
|
|upkeep
|
|t:|1631293266
|switch|p2a: Gengar|Gengar, M, shiny|87/100
|turn|35
|
|t:|1631293270
|move|p1a: Barraskewda|Liquidation|p2a: Gengar
|-damage|p2a: Gengar|0 fnt
|faint|p2a: Gengar
|
|win|someidiot19
|raw|someidiot19's rating: 1704 &rarr; <strong>1721</strong><br />(+17 for winning)
|raw|cump2's rating: 1643 &rarr; <strong>1626</strong><br />(-17 for losing)
|l|☆cump2
