|j|☆drop a baby
|j|☆ok sir
|t:|1663745551
|gametype|singles
|player|p1|drop a baby|chase|1666
|player|p2|ok sir|266|1690
|teamsize|p1|6
|teamsize|p2|6
|gen|8
|tier|[Gen 8] OU
|rated|
|rule|Sleep Clause Mod: Limit one foe put to sleep
|rule|Species Clause: Limit one of each Pokémon
|rule|OHKO Clause: OHKO moves are banned
|rule|Evasion Items Clause: Evasion items are banned
|rule|Evasion Moves Clause: Evasion moves are banned
|rule|Endless Battle Clause: Forcing endless battles is banned
|rule|HP Percentage Mod: HP is shown in percentages
|rule|Dynamax Clause: You cannot dynamax
|clearpoke
|poke|p1|Weavile, M|
|poke|p1|Slowbro, M|
|poke|p1|Heatran, M|
|poke|p1|Landorus-Therian, M|
|poke|p1|Tornadus-Therian, M|
|poke|p1|Tyranitar, M|
|poke|p2|Pelipper, F|
|poke|p2|Urshifu-*, F|
|poke|p2|Dragapult, M|
|poke|p2|Landorus-Therian, M|
|poke|p2|Melmetal|
|poke|p2|Tapu Lele|
|teampreview
|inactive|Battle timer is ON: inactive players will automatically lose when time's up. (requested by ok sir)
|
|t:|1663745586
|start
|switch|p1a: Tyranitar|Tyranitar, M|100/100
|switch|p2a: Pelipper|Pelipper, F|100/100
|-weather|RainDance|[from] ability: Drizzle|[of] p2a: Pelipper
|-weather|Sandstorm|[from] ability: Sand Stream|[of] p1a: Tyranitar
|turn|1
|
|t:|1663745596
|move|p2a: Pelipper|U-turn|p1a: Tyranitar
|-supereffective|p1a: Tyranitar
|-damage|p1a: Tyranitar|86/100
|
|t:|1663745599
|switch|p2a: Landorus|Landorus-Therian, M|100/100|[from]move: U-turn
|-ability|p2a: Landorus|Intimidate|boost
|-unboost|p1a: Tyranitar|atk|1
|move|p1a: Tyranitar|Superpower|p2a: Landorus
|-resisted|p2a: Landorus
|-damage|p2a: Landorus|79/100
|-unboost|p1a: Tyranitar|atk|1
|-unboost|p1a: Tyranitar|def|1
|-enditem|p2a: Landorus|Eject Button
|
|t:|1663745604
|switch|p2a: Urshifu|Urshifu-Rapid-Strike, F|100/100
|
|-weather|Sandstorm|[upkeep]
|-damage|p2a: Urshifu|94/100|[from] Sandstorm
|upkeep
|turn|2
|
|t:|1663745611
|switch|p1a: Tornadus|Tornadus-Therian, M|100/100
|move|p2a: Urshifu|U-turn|p1a: Tornadus
|-resisted|p1a: Tornadus
|-damage|p1a: Tornadus|87/100
|
|t:|1663745625
|switch|p2a: Pelipper|Pelipper, F|100/100|[from]move: U-turn
|-weather|RainDance|[from] ability: Drizzle|[of] p2a: Pelipper
|
|-weather|RainDance|[upkeep]
|upkeep
|turn|3
|
|t:|1663745630
|move|p1a: Tornadus|U-turn|p2a: Pelipper
|-resisted|p2a: Pelipper
|-damage|p2a: Pelipper|91/100
|
|t:|1663745633
|switch|p1a: Tyranitar|Tyranitar, M|86/100|[from]move: U-turn
|-weather|Sandstorm|[from] ability: Sand Stream|[of] p1a: Tyranitar
|move|p2a: Pelipper|U-turn|p1a: Tyranitar
|-supereffective|p1a: Tyranitar
|-damage|p1a: Tyranitar|71/100
|
|t:|1663745636
|switch|p2a: Urshifu|Urshifu-Rapid-Strike, F|94/100|[from]move: U-turn
|
|-weather|Sandstorm|[upkeep]
|-damage|p2a: Urshifu|88/100|[from] Sandstorm
|upkeep
|turn|4
|
|t:|1663745643
|switch|p1a: Slowbro|Slowbro, M|100/100
|move|p2a: Urshifu|Surging Strikes|p1a: Slowbro
|-resisted|p1a: Slowbro
|-crit|p1a: Slowbro
|-damage|p1a: Slowbro|95/100
|-resisted|p1a: Slowbro
|-crit|p1a: Slowbro
|-damage|p1a: Slowbro|89/100
|-resisted|p1a: Slowbro
|-crit|p1a: Slowbro
|-damage|p1a: Slowbro|83/100
|-hitcount|p1a: Slowbro|3
|
|-weather|Sandstorm|[upkeep]
|-damage|p2a: Urshifu|82/100|[from] Sandstorm
|-damage|p1a: Slowbro|77/100|[from] Sandstorm
|upkeep
|turn|5
|
|t:|1663745647
|move|p2a: Urshifu|U-turn|p1a: Slowbro
|-supereffective|p1a: Slowbro
|-damage|p1a: Slowbro|48/100
|
|t:|1663745653
|switch|p2a: Dragapult|Dragapult, M|100/100|[from]move: U-turn
|move|p1a: Slowbro|Teleport|p1a: Slowbro
|
|t:|1663745660
|switch|p1a: Landorus|Landorus-Therian, M|100/100|[from]move: Teleport
|-ability|p1a: Landorus|Intimidate|boost
|-unboost|p2a: Dragapult|atk|1
|
|-weather|Sandstorm|[upkeep]
|-damage|p2a: Dragapult|95/100|[from] Sandstorm
|upkeep
|turn|6
|j| cassthetic
|
|t:|1663745670
|move|p2a: Dragapult|U-turn|p1a: Landorus
|-resisted|p1a: Landorus
|-damage|p1a: Landorus|95/100
|
|t:|1663745675
|switch|p2a: Pelipper|Pelipper, F|91/100|[from]move: U-turn
|-weather|RainDance|[from] ability: Drizzle|[of] p2a: Pelipper
|move|p1a: Landorus|U-turn|p2a: Pelipper
|-resisted|p2a: Pelipper
|-damage|p2a: Pelipper|78/100
|
|t:|1663745682
|switch|p1a: Tyranitar|Tyranitar, M|71/100|[from]move: U-turn
|-weather|Sandstorm|[from] ability: Sand Stream|[of] p1a: Tyranitar
|
|-weather|Sandstorm|[upkeep]
|-damage|p2a: Pelipper|71/100|[from] Sandstorm
|upkeep
|turn|7
|j| Kyurem
|
|t:|1663745686
|move|p2a: Pelipper|Surf|p1a: Tyranitar
|-supereffective|p1a: Tyranitar
|-damage|p1a: Tyranitar|0 fnt
|faint|p1a: Tyranitar
|
|-weather|Sandstorm|[upkeep]
|-damage|p2a: Pelipper|65/100|[from] Sandstorm
|upkeep
|j| Ctannn
|
|t:|1663745689
|switch|p1a: Weavile|Weavile, M|100/100
|-ability|p1a: Weavile|Pressure
|turn|8
|
|t:|1663745692
|move|p1a: Weavile|Knock Off|p2a: Pelipper
|-damage|p2a: Pelipper|6/100
|-enditem|p2a: Pelipper|Choice Specs|[from] move: Knock Off|[of] p1a: Weavile
|move|p2a: Pelipper|Surf|p1a: Weavile
|-damage|p1a: Weavile|47/100
|
|-weather|Sandstorm|[upkeep]
|-damage|p1a: Weavile|41/100|[from] Sandstorm
|-damage|p2a: Pelipper|0 fnt|[from] Sandstorm
|faint|p2a: Pelipper
|upkeep
|j| Clefan
|
|t:|1663745707
|switch|p2a: Dragapult|Dragapult, M|95/100
|turn|9
|
|t:|1663745711
|switch|p1a: Heatran|Heatran, M|100/100
|move|p2a: Dragapult|U-turn|p1a: Heatran
|-resisted|p1a: Heatran
|-damage|p1a: Heatran|97/100
|
|t:|1663745713
|switch|p2a: Urshifu|Urshifu-Rapid-Strike, F|82/100|[from]move: U-turn
|
|-weather|Sandstorm|[upkeep]
|-damage|p2a: Urshifu|76/100|[from] Sandstorm
|-heal|p1a: Heatran|100/100|[from] item: Leftovers
|upkeep
|turn|10
|
|t:|1663745717
|switch|p1a: Tornadus|Tornadus-Therian, M|100/100
|move|p2a: Urshifu|U-turn|p1a: Tornadus
|-resisted|p1a: Tornadus
|-damage|p1a: Tornadus|87/100
|j| ripreckful
|
|t:|1663745726
|switch|p2a: Dragapult|Dragapult, M|95/100|[from]move: U-turn
|
|-weather|none
|upkeep
|turn|11
|
|t:|1663745730
|switch|p1a: Heatran|Heatran, M|100/100
|move|p2a: Dragapult|Thunder|p1a: Heatran|[miss]
|-miss|p2a: Dragapult|p1a: Heatran
|
|upkeep
|turn|12
|
|t:|1663745736
|switch|p2a: Landorus|Landorus-Therian, M|79/100
|-ability|p2a: Landorus|Intimidate|boost
|-unboost|p1a: Heatran|atk|1
|move|p1a: Heatran|Stealth Rock|p2a: Landorus
|-sidestart|p2: ok sir|move: Stealth Rock
|
|upkeep
|turn|13
|
|t:|1663745740
|switch|p1a: Landorus|Landorus-Therian, M|95/100
|-ability|p1a: Landorus|Intimidate|boost
|-unboost|p2a: Landorus|atk|1
|move|p2a: Landorus|Defog|p1a: Landorus
|-unboost|p1a: Landorus|evasion|1
|-sideend|p2: ok sir|Stealth Rock|[from] move: Defog|[of] p2a: Landorus
|
|-heal|p1a: Landorus|100/100|[from] item: Leftovers
|upkeep
|turn|14
|
|t:|1663745745
|move|p2a: Landorus|U-turn|p1a: Landorus
|-resisted|p1a: Landorus
|-crit|p1a: Landorus
|-damage|p1a: Landorus|82/100
|
|t:|1663745749
|switch|p2a: Tapu Lele|Tapu Lele|100/100|[from]move: U-turn
|-fieldstart|move: Psychic Terrain|[from] ability: Psychic Surge|[of] p2a: Tapu Lele
|move|p1a: Landorus|Swords Dance|p1a: Landorus
|-boost|p1a: Landorus|atk|2
|
|-heal|p1a: Landorus|88/100|[from] item: Leftovers
|upkeep
|turn|15
|l| cassthetic
|
|t:|1663745755
|move|p2a: Tapu Lele|Psyshock|p1a: Landorus
|-damage|p1a: Landorus|28/100
|move|p1a: Landorus|Earthquake|p2a: Tapu Lele
|-crit|p2a: Tapu Lele
|-damage|p2a: Tapu Lele|0 fnt
|faint|p2a: Tapu Lele
|
|-heal|p1a: Landorus|34/100|[from] item: Leftovers
|upkeep
|
|t:|1663745758
|switch|p2a: Urshifu|Urshifu-Rapid-Strike, F|76/100
|turn|16
|
|t:|1663745763
|switch|p1a: Tornadus|Tornadus-Therian, M|100/100
|move|p2a: Urshifu|Surging Strikes|p1a: Tornadus
|-crit|p1a: Tornadus
|-damage|p1a: Tornadus|80/100
|-crit|p1a: Tornadus
|-damage|p1a: Tornadus|60/100
|-crit|p1a: Tornadus
|-damage|p1a: Tornadus|38/100
|-hitcount|p1a: Tornadus|3
|
|upkeep
|turn|17
|
|t:|1663745768
|switch|p1a: Slowbro|Slowbro, M|81/100
|move|p2a: Urshifu|U-turn|p1a: Slowbro
|-supereffective|p1a: Slowbro
|-damage|p1a: Slowbro|49/100
|
|t:|1663745770
|switch|p2a: Dragapult|Dragapult, M|95/100|[from]move: U-turn
|
|upkeep
|turn|18
|
|t:|1663745773
|switch|p1a: Heatran|Heatran, M|100/100
|move|p2a: Dragapult|Shadow Ball|p1a: Heatran
|-damage|p1a: Heatran|68/100
|
|-heal|p1a: Heatran|74/100|[from] item: Leftovers
|-fieldend|move: Psychic Terrain
|upkeep
|turn|19
|
|t:|1663745778
|move|p2a: Dragapult|Shadow Ball|p1a: Heatran
|-damage|p1a: Heatran|40/100
|move|p1a: Heatran|Stealth Rock|p2a: Dragapult
|-sidestart|p2: ok sir|move: Stealth Rock
|
|-heal|p1a: Heatran|46/100|[from] item: Leftovers
|upkeep
|turn|20
|
|t:|1663745783
|move|p2a: Dragapult|Shadow Ball|p1a: Heatran
|-damage|p1a: Heatran|10/100
|move|p1a: Heatran|Magma Storm|p2a: Dragapult
|-resisted|p2a: Dragapult
|-damage|p2a: Dragapult|64/100
|-activate|p2a: Dragapult|move: Magma Storm|[of] p1a: Heatran
|
|-heal|p1a: Heatran|16/100|[from] item: Leftovers
|-damage|p2a: Dragapult|52/100|[from] move: Magma Storm|[partiallytrapped]
|upkeep
|turn|21
|l| Ctannn
|j| Tiranito
|
|t:|1663745799
|switch|p1a: Weavile|Weavile, M|41/100
|-ability|p1a: Weavile|Pressure
|move|p2a: Dragapult|Shadow Ball|p1a: Weavile
|-resisted|p1a: Weavile
|-damage|p1a: Weavile|2/100
|
|-end|p2a: Dragapult|Magma Storm|[partiallytrapped]|[silent]
|upkeep
|turn|22
|
|t:|1663745802
|switch|p2a: Melmetal|Melmetal|100/100
|-damage|p2a: Melmetal|94/100|[from] Stealth Rock
|move|p1a: Weavile|Ice Shard|p2a: Melmetal
|-resisted|p2a: Melmetal
|-damage|p2a: Melmetal|89/100
|
|-heal|p2a: Melmetal|95/100|[from] item: Leftovers
|upkeep
|turn|23
|
|t:|1663745807
|switch|p1a: Slowbro|Slowbro, M|83/100
|move|p2a: Melmetal|Toxic|p1a: Slowbro
|-status|p1a: Slowbro|tox
|
|-heal|p2a: Melmetal|100/100|[from] item: Leftovers
|-damage|p1a: Slowbro|77/100 tox|[from] psn
|upkeep
|turn|24
|
|t:|1663745816
|switch|p2a: Landorus|Landorus-Therian, M|79/100
|-damage|p2a: Landorus|66/100|[from] Stealth Rock
|-ability|p2a: Landorus|Intimidate|boost
|-unboost|p1a: Slowbro|atk|1
|move|p1a: Slowbro|Body Press|p2a: Landorus
|-resisted|p2a: Landorus
|-damage|p2a: Landorus|54/100
|
|-damage|p1a: Slowbro|64/100 tox|[from] psn
|upkeep
|turn|25
|j| tSpooky
|
|t:|1663745819
|move|p2a: Landorus|Defog|p1a: Slowbro
|-unboost|p1a: Slowbro|evasion|1
|-sideend|p2: ok sir|Stealth Rock|[from] move: Defog|[of] p2a: Landorus
|move|p1a: Slowbro|Teleport|p1a: Slowbro
|
|t:|1663745821
|switch|p1a: Weavile|Weavile, M|2/100|[from]move: Teleport
|-ability|p1a: Weavile|Pressure
|
|upkeep
|turn|26
|
|t:|1663745825
|switch|p2a: Melmetal|Melmetal|100/100
|move|p1a: Weavile|Knock Off|p2a: Melmetal
|-damage|p2a: Melmetal|73/100
|-enditem|p2a: Melmetal|Leftovers|[from] move: Knock Off|[of] p1a: Weavile
|
|upkeep
|turn|27
|
|t:|1663745832
|switch|p1a: Slowbro|Slowbro, M|98/100 tox
|switch|p2a: Dragapult|Dragapult, M|52/100
|
|-damage|p1a: Slowbro|92/100 tox|[from] psn
|upkeep
|turn|28
|
|t:|1663745847
|switch|p1a: Landorus|Landorus-Therian, M|34/100
|-ability|p1a: Landorus|Intimidate|boost
|-unboost|p2a: Dragapult|atk|1
|move|p2a: Dragapult|Shadow Ball|p1a: Landorus
|-damage|p1a: Landorus|0 fnt
|faint|p1a: Landorus
|
|upkeep
|
|t:|1663745851
|switch|p1a: Tornadus|Tornadus-Therian, M|72/100
|turn|29
|
|t:|1663745876
|switch|p2a: Landorus|Landorus-Therian, M|54/100
|-ability|p2a: Landorus|Intimidate|boost
|-unboost|p1a: Tornadus|atk|1
|move|p1a: Tornadus|Hurricane|p2a: Landorus
|-damage|p2a: Landorus|19/100
|
|upkeep
|turn|30
|
|t:|1663745883
|move|p1a: Tornadus|Hurricane|p2a: Landorus
|-damage|p2a: Landorus|0 fnt
|faint|p2a: Landorus
|
|upkeep
|
|t:|1663745885
|switch|p2a: Dragapult|Dragapult, M|52/100
|turn|31
|
|t:|1663745889
|switch|p1a: Slowbro|Slowbro, M|100/100 tox
|move|p2a: Dragapult|Draco Meteor|p1a: Slowbro
|-crit|p1a: Slowbro
|-damage|p1a: Slowbro|0 fnt
|-unboost|p2a: Dragapult|spa|2
|faint|p1a: Slowbro
|
|upkeep
|
|t:|1663745897
|switch|p1a: Heatran|Heatran, M|16/100
|turn|32
|
|t:|1663745901
|move|p2a: Dragapult|Draco Meteor|p1a: Heatran
|-resisted|p1a: Heatran
|-damage|p1a: Heatran|2/100
|-unboost|p2a: Dragapult|spa|2
|move|p1a: Heatran|Stealth Rock|p2a: Dragapult
|-sidestart|p2: ok sir|move: Stealth Rock
|
|-heal|p1a: Heatran|8/100|[from] item: Leftovers
|upkeep
|turn|33
|
|t:|1663745907
|switch|p2a: Urshifu|Urshifu-Rapid-Strike, F|76/100
|-damage|p2a: Urshifu|70/100|[from] Stealth Rock
|move|p1a: Heatran|Magma Storm|p2a: Urshifu
|-resisted|p2a: Urshifu
|-damage|p2a: Urshifu|39/100
|-activate|p2a: Urshifu|move: Magma Storm|[of] p1a: Heatran
|
|-heal|p1a: Heatran|14/100|[from] item: Leftovers
|-damage|p2a: Urshifu|27/100|[from] move: Magma Storm|[partiallytrapped]
|upkeep
|turn|34
|
|t:|1663745917
|switch|p1a: Tornadus|Tornadus-Therian, M|100/100
|move|p2a: Urshifu|Surging Strikes|p1a: Tornadus
|-crit|p1a: Tornadus
|-damage|p1a: Tornadus|78/100
|-crit|p1a: Tornadus
|-damage|p1a: Tornadus|59/100
|-crit|p1a: Tornadus
|-damage|p1a: Tornadus|37/100
|-hitcount|p1a: Tornadus|3
|
|-end|p2a: Urshifu|Magma Storm|[partiallytrapped]|[silent]
|upkeep
|turn|35
|
|t:|1663745923
|move|p1a: Tornadus|Hurricane|p2a: Urshifu|[miss]
|-miss|p1a: Tornadus|p2a: Urshifu
|move|p2a: Urshifu|Surging Strikes|p1a: Tornadus
|-crit|p1a: Tornadus
|-damage|p1a: Tornadus|17/100
|-crit|p1a: Tornadus
|-damage|p1a: Tornadus|0 fnt
|faint|p1a: Tornadus
|-hitcount|p1: Tornadus|2
|
|upkeep
|-message|drop a baby forfeited.
|
|win|ok sir
|raw|drop a baby's rating: 1666 &rarr; <strong>1647</strong><br />(-19 for losing)
|raw|ok sir's rating: 1690 &rarr; <strong>1709</strong><br />(+19 for winning)
|l|☆drop a baby
|l| tSpooky
|l| ripreckful
|j| Mel0nL0rd
