|j|☆minimax_ai
|j|☆iopkj09
|t:|1662881760
|gametype|singles
|player|p1|minimax_ai|lusamine-nihilego|1527
|player|p2|iopkj09|nate|1547
|teamsize|p1|6
|teamsize|p2|6
|gen|8
|tier|[Gen 8] OU
|rated|
|rule|Sleep Clause Mod: Limit one foe put to sleep
|rule|Species Clause: Limit one of each Pokémon
|rule|OHKO Clause: OHKO moves are banned
|rule|Evasion Items Clause: Evasion items are banned
|rule|Evasion Moves Clause: Evasion moves are banned
|rule|Endless Battle Clause: Forcing endless battles is banned
|rule|HP Percentage Mod: HP is shown in percentages
|rule|Dynamax Clause: You cannot dynamax
|clearpoke
|poke|p1|Rotom-Wash|
|poke|p1|Weavile, F|
|poke|p1|Landorus-Therian, M|
|poke|p1|Heatran, M|
|poke|p1|Tangrowth, M|
|poke|p1|Melmetal|
|poke|p2|Garchomp, M|
|poke|p2|Mamoswine, M|
|poke|p2|Zapdos|
|poke|p2|Rillaboom, M|
|poke|p2|Tapu Lele|
|poke|p2|Rotom-Wash|
|teampreview
|inactive|Battle timer is ON: inactive players will automatically lose when time's up. (requested by iopkj09)
|c|☆minimax_ai|hf
|inactive|minimax_ai also wants the timer to be on.
|
|t:|1662881768
|start
|switch|p1a: landorustherian|Landorus-Therian, M|100/100
|switch|p2a: Rotom|Rotom-Wash, shiny|100/100
|-ability|p1a: landorustherian|Intimidate|boost
|-unboost|p2a: Rotom|atk|1
|turn|1
|
|t:|1662881770
|move|p2a: Rotom|Will-O-Wisp|p1a: landorustherian
|-status|p1a: landorustherian|brn
|move|p1a: landorustherian|U-turn|p2a: Rotom
|-damage|p2a: Rotom|90/100
|-damage|p1a: landorustherian|84/100 brn|[from] item: Rocky Helmet|[of] p2a: Rotom
|
|t:|1662881770
|switch|p1a: rotomwash|Rotom-Wash|100/100|[from]move: U-turn
|
|upkeep
|turn|2
|
|t:|1662881776
|move|p1a: rotomwash|Hydro Pump|p2a: Rotom|[miss]
|-miss|p1a: rotomwash|p2a: Rotom
|move|p2a: Rotom|Will-O-Wisp|p1a: rotomwash
|-status|p1a: rotomwash|brn
|
|-damage|p1a: rotomwash|94/100 brn|[from] brn
|upkeep
|turn|3
|
|t:|1662881778
|move|p1a: rotomwash|Thunderbolt|p2a: Rotom
|-damage|p2a: Rotom|55/100
|move|p2a: Rotom|Volt Switch|p1a: rotomwash
|-damage|p1a: rotomwash|68/100 brn
|
|t:|1662881781
|switch|p2a: Tapu Lele|Tapu Lele|100/100|[from]move: Volt Switch
|-fieldstart|move: Psychic Terrain|[from] ability: Psychic Surge|[of] p2a: Tapu Lele
|
|-heal|p1a: rotomwash|75/100 brn|[from] item: Leftovers
|-damage|p1a: rotomwash|68/100 brn|[from] brn
|upkeep
|turn|4
|
|t:|1662881785
|switch|p2a: Rotom|Rotom-Wash, shiny|55/100
|switch|p1a: Melmetal|Melmetal|100/100
|
|upkeep
|turn|5
|
|t:|1662881787
|switch|p1a: landorustherian|Landorus-Therian, M|84/100 brn
|-ability|p1a: landorustherian|Intimidate|boost
|-unboost|p2a: Rotom|atk|1
|move|p2a: Rotom|Will-O-Wisp|p1a: landorustherian|[miss]
|-miss|p2a: Rotom|p1a: landorustherian
|
|-heal|p1a: landorustherian|90/100 brn|[from] item: Leftovers
|-damage|p1a: landorustherian|84/100 brn|[from] brn
|upkeep
|turn|6
|
|t:|1662881789
|move|p2a: Rotom|Hydro Pump|p1a: landorustherian
|-supereffective|p1a: landorustherian
|-damage|p1a: landorustherian|30/100 brn
|move|p1a: landorustherian|Toxic|p2a: Rotom
|-status|p2a: Rotom|tox
|
|-heal|p1a: landorustherian|36/100 brn|[from] item: Leftovers
|-damage|p2a: Rotom|49/100 tox|[from] psn
|-damage|p1a: landorustherian|30/100 brn|[from] brn
|upkeep
|turn|7
|
|t:|1662881792
|move|p2a: Rotom|Hydro Pump|p1a: landorustherian
|-supereffective|p1a: landorustherian
|-damage|p1a: landorustherian|0 fnt
|faint|p1a: landorustherian
|
|-damage|p2a: Rotom|37/100 tox|[from] psn
|-fieldend|move: Psychic Terrain
|upkeep
|
|t:|1662881792
|switch|p1a: Weavile|Weavile, F|100/100
|-ability|p1a: Weavile|Pressure
|turn|8
|
|t:|1662881794
|move|p1a: Weavile|Knock Off|p2a: Rotom
|-damage|p2a: Rotom|0 fnt
|-damage|p1a: Weavile|84/100|[from] item: Rocky Helmet|[of] p2a: Rotom
|-enditem|p2a: Rotom|Rocky Helmet|[from] move: Knock Off|[of] p1a: Weavile
|faint|p2a: Rotom
|
|upkeep
|
|t:|1662881796
|switch|p2a: Tapu Lele|Tapu Lele|100/100
|-fieldstart|move: Psychic Terrain|[from] ability: Psychic Surge|[of] p2a: Tapu Lele
|turn|9
|
|t:|1662881798
|switch|p1a: Melmetal|Melmetal|100/100
|switch|p2a: Zapdos|Zapdos, shiny|100/100
|-ability|p2a: Zapdos|Pressure
|
|upkeep
|turn|10
|
|t:|1662881800
|move|p2a: Zapdos|Heat Wave|p1a: Melmetal
|-supereffective|p1a: Melmetal
|-damage|p1a: Melmetal|65/100
|move|p1a: Melmetal|Ice Punch|p2a: Zapdos
|-supereffective|p2a: Zapdos
|-damage|p2a: Zapdos|17/100
|
|upkeep
|turn|11
|j| Frostytheswoleman
|
|t:|1662881803
|move|p2a: Zapdos|Heat Wave|p1a: Melmetal
|-supereffective|p1a: Melmetal
|-damage|p1a: Melmetal|29/100
|move|p1a: Melmetal|Ice Punch|p2a: Zapdos
|-supereffective|p2a: Zapdos
|-damage|p2a: Zapdos|0 fnt
|faint|p2a: Zapdos
|
|upkeep
|
|t:|1662881806
|switch|p2a: Mamoswine|Mamoswine, M|100/100
|turn|12
|
|t:|1662881815
|switch|p1a: Tangrowth|Tangrowth, M|100/100
|move|p2a: Mamoswine|Earthquake|p1a: Tangrowth
|-resisted|p1a: Tangrowth
|-crit|p1a: Tangrowth
|-damage|p1a: Tangrowth|79/100
|
|upkeep
|turn|13
|
|t:|1662881818
|move|p2a: Mamoswine|Icicle Crash|p1a: Tangrowth
|-supereffective|p1a: Tangrowth
|-damage|p1a: Tangrowth|30/100
|cant|p1a: Tangrowth|flinch
|
|-fieldend|move: Psychic Terrain
|upkeep
|turn|14
|
|t:|1662881820
|switch|p1a: rotomwash|Rotom-Wash|68/100 brn
|move|p2a: Mamoswine|Icicle Crash|p1a: rotomwash
|-resisted|p1a: rotomwash
|-damage|p1a: rotomwash|44/100 brn
|
|-heal|p1a: rotomwash|50/100 brn|[from] item: Leftovers
|-damage|p1a: rotomwash|44/100 brn|[from] brn
|upkeep
|turn|15
|
|t:|1662881824
|switch|p2a: Rillaboom|Rillaboom, M|100/100
|-fieldstart|move: Grassy Terrain|[from] ability: Grassy Surge|[of] p2a: Rillaboom
|move|p1a: rotomwash|Pain Split|p2a: Rillaboom
|-sethp|p2a: Rillaboom|69/100|[from] move: Pain Split|[silent]
|-sethp|p1a: rotomwash|82/100 brn|[from] move: Pain Split
|
|-heal|p1a: rotomwash|88/100 brn|[from] item: Leftovers
|-heal|p2a: Rillaboom|75/100|[from] Grassy Terrain
|-damage|p1a: rotomwash|82/100 brn|[from] brn
|upkeep
|turn|16
|
|t:|1662881831
|switch|p1a: Tangrowth|Tangrowth, M|64/100
|move|p2a: Rillaboom|Swords Dance|p2a: Rillaboom
|-boost|p2a: Rillaboom|atk|2
|
|-heal|p2a: Rillaboom|81/100|[from] Grassy Terrain
|-heal|p1a: Tangrowth|70/100|[from] Grassy Terrain
|upkeep
|turn|17
|
|t:|1662881839
|move|p2a: Rillaboom|Swords Dance|p2a: Rillaboom
|-boost|p2a: Rillaboom|atk|2
|move|p1a: Tangrowth|Giga Drain|p2a: Rillaboom
|-resisted|p2a: Rillaboom
|-damage|p2a: Rillaboom|58/100
|-heal|p1a: Tangrowth|80/100|[from] drain|[of] p2a: Rillaboom
|
|-heal|p2a: Rillaboom|64/100|[from] Grassy Terrain
|-heal|p1a: Tangrowth|86/100|[from] Grassy Terrain
|upkeep
|turn|18
|
|t:|1662881845
|switch|p1a: Melmetal|Melmetal|29/100
|move|p2a: Rillaboom|Swords Dance|p2a: Rillaboom
|-boost|p2a: Rillaboom|atk|2
|
|-heal|p2a: Rillaboom|70/100|[from] Grassy Terrain
|-heal|p1a: Melmetal|35/100|[from] Grassy Terrain
|upkeep
|turn|19
|
|t:|1662881847
|move|p2a: Rillaboom|High Horsepower|p1a: Melmetal
|-supereffective|p1a: Melmetal
|-damage|p1a: Melmetal|0 fnt
|faint|p1a: Melmetal
|-damage|p2a: Rillaboom|60/100|[from] item: Life Orb
|
|-heal|p2a: Rillaboom|66/100|[from] Grassy Terrain
|-fieldend|move: Grassy Terrain
|upkeep
|
|t:|1662881848
|switch|p1a: Weavile|Weavile, F|84/100
|-ability|p1a: Weavile|Pressure
|turn|20
|
|t:|1662881854
|switch|p2a: Tapu Lele|Tapu Lele|100/100
|-fieldstart|move: Psychic Terrain|[from] ability: Psychic Surge|[of] p2a: Tapu Lele
|move|p1a: Weavile|Knock Off|p2a: Tapu Lele
|-damage|p2a: Tapu Lele|0 fnt
|-enditem|p2a: Tapu Lele|Choice Specs|[from] move: Knock Off|[of] p1a: Weavile
|faint|p2a: Tapu Lele
|
|upkeep
|
|t:|1662881857
|switch|p2a: Garchomp|Garchomp, M, shiny|100/100
|turn|21
|
|t:|1662881860
|switch|p2a: Rillaboom|Rillaboom, M|66/100
|-fieldstart|move: Grassy Terrain|[from] ability: Grassy Surge|[of] p2a: Rillaboom
|switch|p1a: Tangrowth|Tangrowth, M|100/100
|
|-heal|p2a: Rillaboom|72/100|[from] Grassy Terrain
|upkeep
|turn|22
|
|t:|1662881863
|switch|p2a: Mamoswine|Mamoswine, M|100/100
|move|p1a: Tangrowth|Focus Blast|p2a: Mamoswine
|-supereffective|p2a: Mamoswine
|-damage|p2a: Mamoswine|20/100
|-unboost|p2a: Mamoswine|spd|1
|
|-heal|p2a: Mamoswine|26/100|[from] Grassy Terrain
|upkeep
|turn|23
|
|t:|1662881864
|move|p2a: Mamoswine|Icicle Crash|p1a: Tangrowth|[miss]
|-miss|p2a: Mamoswine|p1a: Tangrowth
|move|p1a: Tangrowth|Giga Drain|p2a: Mamoswine
|-supereffective|p2a: Mamoswine
|-damage|p2a: Mamoswine|0 fnt
|faint|p2a: Mamoswine
|
|upkeep
|-message|iopkj09 forfeited.
|
|win|minimax_ai
|raw|minimax_ai's rating: 1527 &rarr; <strong>1548</strong><br />(+21 for winning)
|raw|iopkj09's rating: 1547 &rarr; <strong>1526</strong><br />(-21 for losing)
|c|☆minimax_ai|gg
|l|☆iopkj09
