|j|☆Ladder Prodigy
|j|☆AlIoutdragadarts
|inactive|Battle timer is ON: inactive players will automatically lose when time's up.
|t:|1664723995
|gametype|singles
|player|p1|Ladder Prodigy|akari|
|player|p2|AlIoutdragadarts|hiker-gen4|
|teamsize|p1|6
|teamsize|p2|6
|gen|8
|tier|[Gen 8] OU
|rated|Tournament battle
|rule|Sleep Clause Mod: Limit one foe put to sleep
|rule|Species Clause: Limit one of each Pokémon
|rule|OHKO Clause: OHKO moves are banned
|rule|Evasion Items Clause: Evasion items are banned
|rule|Evasion Moves Clause: Evasion moves are banned
|rule|Endless Battle Clause: Forcing endless battles is banned
|rule|HP Percentage Mod: HP is shown in percentages
|rule|Dynamax Clause: You cannot dynamax
|clearpoke
|poke|p1|Torkoal, M|
|poke|p1|Venusaur, M|
|poke|p1|Garchomp, F|
|poke|p1|Heatran, F|
|poke|p1|Moltres-Galar|
|poke|p1|Cloyster, F|
|poke|p2|Dragapult, F|
|poke|p2|Urshifu-*, M|
|poke|p2|Zapdos|
|poke|p2|Heatran, M|
|poke|p2|Slowking, M|
|poke|p2|Landorus-Therian, M|
|teampreview
|j| YSWelcomeToForever
|c|☆Ladder Prodigy|hf
|j| sufys12
|j|%Sww-Suwa
|j|%htcl (>◡<)
|j| zaydapoketrainer
|c| zaydapoketrainer|wtf
|j| lou dort
|c| zaydapoketrainer|is that team
|j|#ironwater
|c|☆AlIoutdragadarts|hf
|c| zaydapoketrainer|huhh
|c|%htcl (>◡<)|based gigachad squad
|c|%htcl (>◡<)|moltres sun
|c| zaydapoketrainer|im just confused why
|c| zaydapoketrainer|gmolt sun
|c| zaydapoketrainer|hurricane is 50%
|inactive|Ladder Prodigy has 120 seconds left.
|inactive|AlIoutdragadarts has 120 seconds left.
|j|+blooclipse
|j| PkmnMasterEclipse
|c| zaydapoketrainer|cloyster also?
|c| zaydapoketrainer|like bro what am i seeing
|c|+blooclipse|air slash duh
|c| sufys12|just watch the game zaydapoketrainer lmao]
|c| zaydapoketrainer|on the other side
|c| zaydapoketrainer|you have
|c|%htcl (>◡<)|i mean if you miss a 50% move
|c| PkmnMasterEclipse|i think i recognize this lol
|c|%htcl (>◡<)|skill issue
|c| zaydapoketrainer|6-0d by venusaur
|c| zaydapoketrainer|only wall is pult
|c|+blooclipse|50/50 is good enough
|c|☆AlIoutdragadarts|ye
|inactive|Ladder Prodigy has 90 seconds left.
|c| lou dort|modchat?
|c| zaydapoketrainer|💀
|c|☆AlIoutdragadarts|my team sucks
|l|+blooclipse
|c| zaydapoketrainer|bro
|c| zaydapoketrainer|venusaur is
|c| zaydapoketrainer|very uncommon
|c| zaydapoketrainer|dw
|j| GengarAdept
|
|t:|1664724075
|start
|switch|p1a: Torkoal|Torkoal, M|100/100
|switch|p2a: Dragapult|Dragapult, F, shiny|100/100
|-weather|SunnyDay|[from] ability: Drought|[of] p1a: Torkoal
|turn|1
|c| zaydapoketrainer|its a fine team
|c| zaydapoketrainer|just
|c| zaydapoketrainer|slowking old tbh
|c|%htcl (>◡<)|modchat is lame is so much more hype to have
|c|%htcl (>◡<)|chat on
|c| PkmnMasterEclipse|ik this team i think
|c| zaydapoketrainer|i swear that teams a sample ngl
|inactive|Ladder Prodigy has 120 seconds left.
|
|t:|1664724101
|switch|p1a: Heatran|Heatran, F|100/100
|-item|p1a: Heatran|Air Balloon
|move|p2a: Dragapult|Draco Meteor|p1a: Heatran
|-resisted|p1a: Heatran
|-damage|p1a: Heatran|68/100
|-unboost|p2a: Dragapult|spa|2
|-enditem|p1a: Heatran|Air Balloon
|
|-weather|SunnyDay|[upkeep]
|upkeep
|turn|2
|c|%htcl (>◡<)|its*
|c| zaydapoketrainer|it is?
|
|t:|1664724108
|switch|p2a: Slowking|Slowking, M, shiny|100/100
|move|p1a: Heatran|Magma Storm|p2a: Slowking
|-resisted|p2a: Slowking
|-damage|p2a: Slowking|82/100
|-activate|p2a: Slowking|move: Magma Storm|[of] p1a: Heatran
|-enditem|p2a: Slowking|Eject Button
|c| zaydapoketrainer|ok
|
|t:|1664724113
|switch|p2a: Urshifu|Urshifu-Rapid-Strike, M|100/100
|
|-weather|SunnyDay|[upkeep]
|upkeep
|turn|3
|c| zaydapoketrainer|18?
|j|@Mimikyu Stardust
|c| zaydapoketrainer|wow
|c| zaydapoketrainer|tran weak tran weak tran weak
|c| zaydapoketrainer|shit did 18 to slowking fr
|
|t:|1664724129
|switch|p1a: Garchomp|Garchomp, F|100/100
|move|p2a: Urshifu|Close Combat|p1a: Garchomp
|-damage|p1a: Garchomp|35/100
|-unboost|p2a: Urshifu|def|1
|-unboost|p2a: Urshifu|spd|1
|-activate|p1a: Garchomp|ability: Rough Skin
|-activate|p2a: Urshifu|item: Protective Pads
|
|-weather|SunnyDay|[upkeep]
|upkeep
|turn|4
|
|t:|1664724136
|switch|p2a: Landorus|Landorus-Therian, M, shiny|100/100
|-ability|p2a: Landorus|Intimidate|boost
|-unboost|p1a: Garchomp|atk|1
|-enditem|p1a: Garchomp|Eject Pack
|c| zaydapoketrainer|Wow pads hits hard
|c| zaydapoketrainer|65
|c|☆AlIoutdragadarts|whats the
|c| zaydapoketrainer|should i shut up?
|
|t:|1664724146
|switch|p1a: Moltres|Moltres-Galar|100/100
|
|-weather|SunnyDay|[upkeep]
|upkeep
|turn|5
|c| zaydapoketrainer|i feel like im being annoying
|c| sufys12|zaydapoketrainer yes just watch the game lmao
|
|t:|1664724159
|move|p1a: Moltres|Nasty Plot|p1a: Moltres
|-boost|p1a: Moltres|spa|2
|move|p2a: Landorus|U-turn|p1a: Moltres
|-damage|p1a: Moltres|79/100
|-damage|p2a: Landorus|84/100|[from] item: Rocky Helmet|[of] p1a: Moltres
|c| zaydapoketrainer|k
|c| zaydapoketrainer|ROCKY
|c|%htcl (>◡<)|helmet is wild
|c| zaydapoketrainer|HELMET
|c| GengarAdept|moltres is in
|c| zaydapoketrainer|WHAT THE FRIGOODLE
|c| GengarAdept|no switchins
|inactive|AlIoutdragadarts has 120 seconds left.
|c| zaydapoketrainer|uhh
|
|t:|1664724192
|switch|p2a: Urshifu|Urshifu-Rapid-Strike, M|100/100|[from]move: U-turn
|
|-weather|SunnyDay|[upkeep]
|upkeep
|turn|6
|c| zaydapoketrainer|tran lives one
|c| zaydapoketrainer|shifu just
|l|@Mimikyu Stardust
|inactive|AlIoutdragadarts has 120 seconds left.
|c| zaydapoketrainer|well it doesnt ohko i know this calc but it also just dodges cane
|c|☆AlIoutdragadarts|nah he cant hit me
|c| zaydapoketrainer|gigachad energy
|c|☆AlIoutdragadarts|in sun
|inactive|Ladder Prodigy has 120 seconds left.
|c|%Sww-Suwa|alr zayda maybe its time to stop
|c|%Sww-Suwa|i dont wanna put modchat
|c|☆AlIoutdragadarts|ye
|
|t:|1664724237
|move|p2a: Urshifu|Close Combat|p1a: Moltres
|-damage|p1a: Moltres|10/100
|-unboost|p2a: Urshifu|def|1
|-unboost|p2a: Urshifu|spd|1
|-ability|p1a: Moltres|Berserk|boost
|-boost|p1a: Moltres|spa|1
|move|p1a: Moltres|Agility|p1a: Moltres
|-boost|p1a: Moltres|spe|2
|
|-weather|SunnyDay|[upkeep]
|upkeep
|turn|7
|inactive|AlIoutdragadarts has 120 seconds left.
|j| gewwge
|
|t:|1664724250
|move|p1a: Moltres|Air Slash|p2a: Urshifu
|-supereffective|p2a: Urshifu
|-damage|p2a: Urshifu|0 fnt
|faint|p2a: Urshifu
|
|-weather|SunnyDay|[upkeep]
|upkeep
|j|@Mimikyu Stardust
|
|t:|1664724261
|switch|p2a: Zapdos|Zapdos, shiny|100/100
|turn|8
|j| GoatNoir
|
|t:|1664724264
|move|p1a: Moltres|Fiery Wrath|p2a: Zapdos
|-damage|p2a: Zapdos|3/100
|cant|p2a: Zapdos|flinch
|
|-weather|none
|upkeep
|turn|9
|c| zaydapoketrainer|Oh..
|c| zaydapoketrainer|the heat
|c|☆Ladder Prodigy|mb
|j| tessa rhydon
|c| sufys12|game over.
|inactive|AlIoutdragadarts has 120 seconds left.
|c| GoatNoir|thats game
|c|%htcl (>◡<)|ngl im surprised zap lived
|c| zaydapoketrainer|Bro fiery wrath has never not flinched
|
|t:|1664724277
|move|p1a: Moltres|Fiery Wrath|p2a: Zapdos
|-damage|p2a: Zapdos|0 fnt
|faint|p2a: Zapdos
|
|upkeep
|
|t:|1664724282
|switch|p2a: Heatran|Heatran, M, shiny|100/100
|turn|10
|j| cdgedp
|
|t:|1664724284
|move|p1a: Moltres|Fiery Wrath|p2a: Heatran
|-damage|p2a: Heatran|19/100
|move|p2a: Heatran|Heavy Slam|p1a: Moltres
|-damage|p1a: Moltres|0 fnt
|-damage|p2a: Heatran|2/100|[from] item: Rocky Helmet|[of] p1a: Moltres
|faint|p1a: Moltres
|
|-heal|p2a: Heatran|8/100|[from] item: Leftovers
|upkeep
|c| zaydapoketrainer|Whenever ive used it it never flinches tho
|
|t:|1664724295
|switch|p1a: Garchomp|Garchomp, F|35/100
|turn|11
|c| sufys12|enough damage has been done.
|
|t:|1664724300
|move|p1a: Garchomp|Scale Shot|p2a: Heatran
|-resisted|p2a: Heatran
|-damage|p2a: Heatran|4/100
|-resisted|p2a: Heatran
|-damage|p2a: Heatran|0 fnt
|faint|p2a: Heatran
|-hitcount|p2: Heatran|2
|-unboost|p1a: Garchomp|def|1
|-boost|p1a: Garchomp|spe|1
|
|upkeep
|c| zaydapoketrainer|Ye
|
|t:|1664724306
|switch|p2a: Landorus|Landorus-Therian, M, shiny|84/100
|-ability|p2a: Landorus|Intimidate|boost
|-unboost|p1a: Garchomp|atk|1
|turn|12
|
|t:|1664724310
|move|p1a: Garchomp|Swords Dance|p1a: Garchomp
|-boost|p1a: Garchomp|atk|2
|move|p2a: Landorus|U-turn|p1a: Garchomp
|-damage|p1a: Garchomp|3/100
|-damage|p2a: Landorus|72/100|[from] ability: Rough Skin|[of] p1a: Garchomp
|c| GoatNoir|scale shot was risky though
|
|t:|1664724316
|switch|p2a: Slowking|Slowking, M, shiny|100/100|[from]move: U-turn
|
|upkeep
|turn|13
|
|t:|1664724321
|move|p1a: Garchomp|Scale Shot|p2a: Slowking
|-damage|p2a: Slowking|79/100
|-damage|p2a: Slowking|59/100
|-damage|p2a: Slowking|41/100
|-hitcount|p2a: Slowking|3
|-unboost|p1a: Garchomp|def|1
|-boost|p1a: Garchomp|spe|1
|move|p2a: Slowking|Scald|p1a: Garchomp
|-damage|p1a: Garchomp|0 fnt
|faint|p1a: Garchomp
|
|upkeep
|
|t:|1664724326
|switch|p1a: Cloyster|Cloyster, F|100/100
|turn|14
|
|t:|1664724330
|move|p1a: Cloyster|Shell Smash|p1a: Cloyster
|-unboost|p1a: Cloyster|def|1
|-unboost|p1a: Cloyster|spd|1
|-boost|p1a: Cloyster|atk|2
|-boost|p1a: Cloyster|spa|2
|-boost|p1a: Cloyster|spe|2
|move|p2a: Slowking|Future Sight|p1a: Cloyster
|-start|p2a: Slowking|move: Future Sight
|
|upkeep
|turn|15
|c| zaydapoketrainer|Shell man
|j| picket wicket
|c| GoatNoir|ice everything
|c| sufys12|he hasn't got two turns to live
|c| GoatNoir|and its over
|
|t:|1664724351
|switch|p2a: Landorus|Landorus-Therian, M, shiny|72/100
|-ability|p2a: Landorus|Intimidate|boost
|-unboost|p1a: Cloyster|atk|1
|move|p1a: Cloyster|Icicle Spear|p2a: Landorus
|-supereffective|p2a: Landorus
|-damage|p2a: Landorus|8/100
|-supereffective|p2a: Landorus
|-damage|p2a: Landorus|0 fnt
|faint|p2a: Landorus
|-hitcount|p2: Landorus|2
|
|upkeep
|c| GengarAdept|3 spear shots
|
|t:|1664724355
|switch|p2a: Slowking|Slowking, M, shiny|74/100
|turn|16
|j| IamMFA
|
|t:|1664724367
|switch|p1a: Torkoal|Torkoal, M|100/100
|-weather|SunnyDay|[from] ability: Drought|[of] p1a: Torkoal
|move|p2a: Slowking|Scald|p1a: Torkoal
|-supereffective|p1a: Torkoal
|-damage|p1a: Torkoal|64/100
|
|-weather|SunnyDay|[upkeep]
|-end|p1a: Torkoal|move: Future Sight
|-damage|p1a: Torkoal|7/100
|upkeep
|turn|17
|c| zaydapoketrainer|I mean rock blast does decent damage here right
|c| zaydapoketrainer|or not
|c| zaydapoketrainer|Sheesh that lives
|
|t:|1664724379
|move|p1a: Torkoal|Toxic|p2a: Slowking
|-status|p2a: Slowking|tox
|move|p2a: Slowking|Scald|p1a: Torkoal
|-supereffective|p1a: Torkoal
|-damage|p1a: Torkoal|0 fnt
|faint|p1a: Torkoal
|
|-weather|SunnyDay|[upkeep]
|-damage|p2a: Slowking|68/100 tox|[from] psn
|upkeep
|
|t:|1664724382
|switch|p1a: Cloyster|Cloyster, F|100/100
|turn|18
|
|t:|1664724384
|move|p1a: Cloyster|Shell Smash|p1a: Cloyster
|-unboost|p1a: Cloyster|def|1
|-unboost|p1a: Cloyster|spd|1
|-boost|p1a: Cloyster|atk|2
|-boost|p1a: Cloyster|spa|2
|-boost|p1a: Cloyster|spe|2
|move|p2a: Slowking|Future Sight|p1a: Cloyster
|-start|p2a: Slowking|move: Future Sight
|
|-weather|SunnyDay|[upkeep]
|-damage|p2a: Slowking|56/100 tox|[from] psn
|upkeep
|turn|19
|
|t:|1664724387
|move|p1a: Cloyster|Icicle Spear|p2a: Slowking
|-resisted|p2a: Slowking
|-damage|p2a: Slowking|46/100 tox
|-resisted|p2a: Slowking
|-damage|p2a: Slowking|37/100 tox
|-resisted|p2a: Slowking
|-damage|p2a: Slowking|27/100 tox
|-resisted|p2a: Slowking
|-damage|p2a: Slowking|18/100 tox
|-resisted|p2a: Slowking
|-damage|p2a: Slowking|8/100 tox
|-hitcount|p2a: Slowking|5
|move|p2a: Slowking|Slack Off|p2a: Slowking
|-heal|p2a: Slowking|58/100 tox
|
|-weather|SunnyDay|[upkeep]
|-damage|p2a: Slowking|40/100 tox|[from] psn
|upkeep
|turn|20
|c|☆Ladder Prodigy|that lives damn
|
|t:|1664724399
|move|p1a: Cloyster|Rock Blast|p2a: Slowking
|-damage|p2a: Slowking|25/100 tox
|-damage|p2a: Slowking|11/100 tox
|-damage|p2a: Slowking|0 fnt
|faint|p2a: Slowking
|-hitcount|p2: Slowking|3
|
|-weather|SunnyDay|[upkeep]
|-end|p1a: Cloyster|move: Future Sight
|-damage|p1a: Cloyster|0 fnt
|faint|p1a: Cloyster
|upkeep
|
|t:|1664724404
|switch|p1a: Heatran|Heatran, F|68/100
|switch|p2a: Dragapult|Dragapult, F, shiny|100/100
|turn|21
|c| zaydapoketrainer|Ye but u win either way
|
|t:|1664724407
|move|p2a: Dragapult|Shadow Ball|p1a: Heatran
|-damage|p1a: Heatran|26/100
|move|p1a: Heatran|Steel Beam|p2a: Dragapult
|-damage|p2a: Dragapult|15/100
|-damage|p1a: Heatran|0 fnt|[from] mindblown
|faint|p1a: Heatran
|
|-weather|SunnyDay|[upkeep]
|upkeep
|c|☆Ladder Prodigy|gg
|
|t:|1664724412
|switch|p1a: Venusaur|Venusaur, M|100/100
|turn|22
|c| zaydapoketrainer|SHEESH
|c|☆AlIoutdragadarts|gg
|c| zaydapoketrainer|steel beam
|
|t:|1664724421
|move|p1a: Venusaur|Earth Power|p2a: Dragapult
|-damage|p2a: Dragapult|0 fnt
|faint|p2a: Dragapult
|-damage|p1a: Venusaur|91/100|[from] item: Life Orb
|
|win|Ladder Prodigy
|n|☆Ladder Prodigy|ladderprodigy
|n|☆AlIoutdragadarts|alioutdragadarts
|n| YSWelcomeToForever|yswelcometoforever
|n| sufys12|sufys12
|n| Sww-Suwa|swwsuwa
|n| htcl (>◡<)|htcl
|n| zaydapoketrainer|zaydapoketrainer
|n| lou dort|loudort
|n|@ironwater|ironwater
|n| PkmnMasterEclipse|pkmnmastereclipse
|n| GengarAdept|gengaradept
|n| gewwge|gewwge
|n| Mimikyu Stardust|mimikyustardust
|n| GoatNoir|goatnoir
|n| tessa rhydon|tessarhydon
|n| cdgedp|cdgedp
|n| picket wicket|picketwicket
|n| IamMFA|iammfa
|c| sufys12|closer than i thought it would be.
