|j|‽minimax_ai
|j|☆Pitaye
|t:|1667410552
|gametype|singles
|player|p1|minimax_ai|266|1538
|player|p2|Pitaye|psychicf-gen4|1645
|teamsize|p1|6
|teamsize|p2|6
|gen|8
|tier|[Gen 8] OU
|rated|
|rule|Sleep Clause Mod: Limit one foe put to sleep
|rule|Species Clause: Limit one of each Pokémon
|rule|OHKO Clause: OHKO moves are banned
|rule|Evasion Items Clause: Evasion items are banned
|rule|Evasion Moves Clause: Evasion moves are banned
|rule|Endless Battle Clause: Forcing endless battles is banned
|rule|HP Percentage Mod: HP is shown in percentages
|rule|Dynamax Clause: You cannot dynamax
|clearpoke
|poke|p1|Rotom-Wash|
|poke|p1|Weavile, F|
|poke|p1|Landorus-Therian, M|
|poke|p1|Heatran, M|
|poke|p1|Tangrowth, F|
|poke|p1|Melmetal|
|poke|p2|Landorus-Therian, M|
|poke|p2|Tyranitar, F|
|poke|p2|Tapu Koko|
|poke|p2|Victini|
|poke|p2|Slowbro, M|
|poke|p2|Ferrothorn, M|
|teampreview
|inactive|Battle timer is ON: inactive players will automatically lose when time's up. (requested by minimax_ai)
|
|t:|1667410564
|start
|switch|p1a: Landorus|Landorus-Therian, M|100/100
|switch|p2a: Slowbro|Slowbro, M|100/100
|-ability|p1a: Landorus|Intimidate|boost
|-unboost|p2a: Slowbro|atk|1
|turn|1
|
|t:|1667410570
|move|p1a: Landorus|U-turn|p2a: Slowbro
|-supereffective|p2a: Slowbro
|-damage|p2a: Slowbro|67/100
|-damage|p1a: Landorus|84/100|[from] item: Rocky Helmet|[of] p2a: Slowbro
|
|t:|1667410570
|switch|p1a: Rotom|Rotom-Wash|100/100|[from]move: U-turn
|move|p2a: Slowbro|Future Sight|p1a: Rotom
|-start|p2a: Slowbro|move: Future Sight
|
|upkeep
|turn|2
|
|t:|1667410575
|move|p1a: Rotom|Nasty Plot|p1a: Rotom
|-boost|p1a: Rotom|spa|2
|move|p2a: Slowbro|Teleport|p2a: Slowbro
|j| Terry007
|
|t:|1667410581
|switch|p2a: Ferrothorn|Ferrothorn, M|100/100|[from]move: Teleport
|
|upkeep
|turn|3
|
|t:|1667410586
|switch|p1a: Heatran|Heatran, M|100/100
|-item|p1a: Heatran|Air Balloon
|move|p2a: Ferrothorn|Body Press|p1a: Heatran
|-supereffective|p1a: Heatran
|-damage|p1a: Heatran|39/100
|-enditem|p1a: Heatran|Air Balloon
|
|-end|p1a: Heatran|move: Future Sight
|-resisted|p1a: Heatran
|-damage|p1a: Heatran|18/100
|upkeep
|turn|4
|
|t:|1667410599
|switch|p2a: Slowbro|Slowbro, M|99/100
|move|p1a: Heatran|Magma Storm|p2a: Slowbro
|-resisted|p2a: Slowbro
|-damage|p2a: Slowbro|80/100
|-activate|p2a: Slowbro|move: Magma Storm|[of] p1a: Heatran
|
|-damage|p2a: Slowbro|68/100|[from] move: Magma Storm|[partiallytrapped]
|upkeep
|turn|5
|
|t:|1667410601
|move|p1a: Heatran|Stealth Rock|p2a: Slowbro
|-sidestart|p2: Pitaye|move: Stealth Rock
|move|p2a: Slowbro|Scald|p1a: Heatran
|-supereffective|p1a: Heatran
|-crit|p1a: Heatran
|-damage|p1a: Heatran|0 fnt
|faint|p1a: Heatran
|
|-end|p2a: Slowbro|Magma Storm|[partiallytrapped]|[silent]
|upkeep
|
|t:|1667410601
|switch|p1a: Weavile|Weavile, F|100/100
|-ability|p1a: Weavile|Pressure
|turn|6
|
|t:|1667410610
|switch|p2a: Lapérouse|Landorus-Therian, M|100/100
|-damage|p2a: Lapérouse|88/100|[from] Stealth Rock
|-ability|p2a: Lapérouse|Intimidate|boost
|-unboost|p1a: Weavile|atk|1
|move|p1a: Weavile|Knock Off|p2a: Lapérouse
|-damage|p2a: Lapérouse|52/100
|-enditem|p2a: Lapérouse|Leftovers|[from] move: Knock Off|[of] p1a: Weavile
|
|upkeep
|turn|7
|
|t:|1667410612
|switch|p1a: Landorus|Landorus-Therian, M|84/100
|-ability|p1a: Landorus|Intimidate|boost
|-unboost|p2a: Lapérouse|atk|1
|switch|p2a: Ferrothorn|Ferrothorn, M|100/100
|-damage|p2a: Ferrothorn|94/100|[from] Stealth Rock
|
|-heal|p1a: Landorus|90/100|[from] item: Leftovers
|upkeep
|turn|8
|
|t:|1667410620
|move|p1a: Landorus|U-turn|p2a: Ferrothorn
|-damage|p2a: Ferrothorn|80/100
|-damage|p1a: Landorus|78/100|[from] ability: Iron Barbs|[of] p2a: Ferrothorn
|-damage|p1a: Landorus|61/100|[from] item: Rocky Helmet|[of] p2a: Ferrothorn
|
|t:|1667410620
|switch|p1a: Tangrowth|Tangrowth, F|100/100|[from]move: U-turn
|move|p2a: Ferrothorn|Spikes|p1a: Tangrowth
|-sidestart|p1: minimax_ai|Spikes
|
|upkeep
|turn|9
|
|t:|1667410627
|switch|p2a: Lapérouse|Landorus-Therian, M|52/100
|-damage|p2a: Lapérouse|40/100|[from] Stealth Rock
|-ability|p2a: Lapérouse|Intimidate|boost
|-unboost|p1a: Tangrowth|atk|1
|move|p1a: Tangrowth|Focus Blast|p2a: Lapérouse
|-resisted|p2a: Lapérouse
|-damage|p2a: Lapérouse|25/100
|
|upkeep
|turn|10
|
|t:|1667410631
|move|p2a: Lapérouse|Toxic|p1a: Tangrowth
|-status|p1a: Tangrowth|tox
|move|p1a: Tangrowth|Giga Drain|p2a: Lapérouse
|-damage|p2a: Lapérouse|0 fnt
|faint|p2a: Lapérouse
|
|-damage|p1a: Tangrowth|94/100 tox|[from] psn
|upkeep
|
|t:|1667410653
|switch|p2a: Victini|Victini|100/100
|turn|11
|
|t:|1667410656
|move|p2a: Victini|U-turn|p1a: Tangrowth
|-supereffective|p1a: Tangrowth
|-damage|p1a: Tangrowth|74/100 tox
|-damage|p2a: Victini|84/100|[from] item: Rocky Helmet|[of] p1a: Tangrowth
|
|t:|1667410659
|switch|p2a: Ferrothorn|Ferrothorn, M|80/100|[from]move: U-turn
|-damage|p2a: Ferrothorn|74/100|[from] Stealth Rock
|move|p1a: Tangrowth|Giga Drain|p2a: Ferrothorn
|-resisted|p2a: Ferrothorn
|-damage|p2a: Ferrothorn|68/100
|-heal|p1a: Tangrowth|76/100 tox|[from] drain|[of] p2a: Ferrothorn
|
|-damage|p1a: Tangrowth|64/100 tox|[from] psn
|upkeep
|turn|12
|
|t:|1667410666
|switch|p1a: Landorus|Landorus-Therian, M|61/100
|-ability|p1a: Landorus|Intimidate|boost
|-unboost|p2a: Ferrothorn|atk|1
|switch|p2a: Tapu Koko|Tapu Koko|100/100
|-fieldstart|move: Electric Terrain|[from] ability: Electric Surge|[of] p2a: Tapu Koko
|
|-heal|p1a: Landorus|67/100|[from] item: Leftovers
|upkeep
|turn|13
|
|t:|1667410668
|move|p2a: Tapu Koko|U-turn|p1a: Landorus
|-resisted|p1a: Landorus
|-damage|p1a: Landorus|59/100
|
|t:|1667410675
|switch|p2a: Ferrothorn|Ferrothorn, M|68/100|[from]move: U-turn
|-damage|p2a: Ferrothorn|62/100|[from] Stealth Rock
|move|p1a: Landorus|Earthquake|p2a: Ferrothorn
|-damage|p2a: Ferrothorn|36/100
|
|-heal|p1a: Landorus|65/100|[from] item: Leftovers
|upkeep
|turn|14
|
|t:|1667410678
|move|p1a: Landorus|Earthquake|p2a: Ferrothorn
|-damage|p2a: Ferrothorn|8/100
|move|p2a: Ferrothorn|Spikes|p1a: Landorus
|-sidestart|p1: minimax_ai|Spikes
|
|-heal|p1a: Landorus|71/100|[from] item: Leftovers
|upkeep
|turn|15
|
|t:|1667410681
|switch|p2a: Slowbro|Slowbro, M|100/100
|-damage|p2a: Slowbro|88/100|[from] Stealth Rock
|move|p1a: Landorus|Earthquake|p2a: Slowbro
|-damage|p2a: Slowbro|50/100
|
|-heal|p1a: Landorus|77/100|[from] item: Leftovers
|upkeep
|turn|16
|
|t:|1667410684
|move|p1a: Landorus|Earthquake|p2a: Slowbro
|-damage|p2a: Slowbro|13/100
|move|p2a: Slowbro|Slack Off|p2a: Slowbro
|-heal|p2a: Slowbro|63/100
|
|-heal|p1a: Landorus|83/100|[from] item: Leftovers
|-fieldend|move: Electric Terrain
|upkeep
|turn|17
|
|t:|1667410689
|move|p1a: Landorus|U-turn|p2a: Slowbro
|-supereffective|p2a: Slowbro
|-crit|p2a: Slowbro
|-damage|p2a: Slowbro|9/100
|-damage|p1a: Landorus|67/100|[from] item: Rocky Helmet|[of] p2a: Slowbro
|
|t:|1667410689
|switch|p1a: Rotom|Rotom-Wash|100/100|[from]move: U-turn
|move|p2a: Slowbro|Future Sight|p1a: Rotom
|-start|p2a: Slowbro|move: Future Sight
|
|upkeep
|turn|18
|
|t:|1667410693
|switch|p2a: Ferrothorn|Ferrothorn, M|8/100
|-damage|p2a: Ferrothorn|1/100|[from] Stealth Rock
|move|p1a: Rotom|Hydro Pump|p2a: Ferrothorn|[miss]
|-miss|p1a: Rotom|p2a: Ferrothorn
|
|upkeep
|turn|19
|
|t:|1667410702
|move|p1a: Rotom|Hydro Pump|p2a: Ferrothorn
|-resisted|p2a: Ferrothorn
|-damage|p2a: Ferrothorn|0 fnt
|faint|p2a: Ferrothorn
|
|-end|p1a: Rotom|move: Future Sight
|-damage|p1a: Rotom|58/100
|-heal|p1a: Rotom|64/100|[from] item: Leftovers
|upkeep
|
|t:|1667410715
|switch|p2a: Lillith|Tyranitar, F|100/100
|-damage|p2a: Lillith|88/100|[from] Stealth Rock
|-weather|Sandstorm|[from] ability: Sand Stream|[of] p2a: Lillith
|turn|20
|
|t:|1667410718
|move|p1a: Rotom|Hydro Pump|p2a: Lillith
|-supereffective|p2a: Lillith
|-damage|p2a: Lillith|42/100
|move|p2a: Lillith|Crunch|p1a: Rotom
|-damage|p1a: Rotom|0 fnt
|faint|p1a: Rotom
|
|-weather|Sandstorm|[upkeep]
|upkeep
|
|t:|1667410718
|switch|p1a: Landorus|Landorus-Therian, M|67/100
|-ability|p1a: Landorus|Intimidate|boost
|-unboost|p2a: Lillith|atk|1
|turn|21
|
|t:|1667410727
|move|p1a: Landorus|Earthquake|p2a: Lillith
|-supereffective|p2a: Lillith
|-damage|p2a: Lillith|0 fnt
|faint|p2a: Lillith
|
|-weather|Sandstorm|[upkeep]
|-heal|p1a: Landorus|73/100|[from] item: Leftovers
|upkeep
|
|t:|1667410734
|switch|p2a: Victini|Victini|84/100
|turn|22
|
|t:|1667410737
|switch|p1a: Tangrowth|Tangrowth, F|97/100 tox
|-damage|p1a: Tangrowth|80/100 tox|[from] Spikes
|move|p2a: Victini|V-create|p1a: Tangrowth
|-supereffective|p1a: Tangrowth
|-damage|p1a: Tangrowth|0 fnt
|-unboost|p2a: Victini|spe|1
|-unboost|p2a: Victini|def|1
|-unboost|p2a: Victini|spd|1
|-damage|p2a: Victini|68/100|[from] item: Rocky Helmet|[of] p1a: Tangrowth
|faint|p1a: Tangrowth
|
|-weather|Sandstorm|[upkeep]
|-damage|p2a: Victini|61/100|[from] Sandstorm
|upkeep
|
|t:|1667410737
|switch|p1a: Landorus|Landorus-Therian, M|73/100
|-ability|p1a: Landorus|Intimidate|boost
|-unboost|p2a: Victini|atk|1
|turn|23
|
|t:|1667410748
|switch|p2a: Slowbro|Slowbro, M|42/100
|-damage|p2a: Slowbro|30/100|[from] Stealth Rock
|move|p1a: Landorus|Earthquake|p2a: Slowbro
|-damage|p2a: Slowbro|0 fnt
|faint|p2a: Slowbro
|
|-weather|Sandstorm|[upkeep]
|-heal|p1a: Landorus|79/100|[from] item: Leftovers
|upkeep
|
|t:|1667410750
|switch|p2a: Victini|Victini|61/100
|turn|24
|
|t:|1667410756
|move|p2a: Victini|V-create|p1a: Landorus
|-damage|p1a: Landorus|0 fnt
|-unboost|p2a: Victini|spe|1
|-unboost|p2a: Victini|def|1
|-unboost|p2a: Victini|spd|1
|faint|p1a: Landorus
|
|-weather|none
|upkeep
|
|t:|1667410756
|switch|p1a: Weavile|Weavile, F|100/100
|-damage|p1a: Weavile|84/100|[from] Spikes
|-ability|p1a: Weavile|Pressure
|turn|25
|
|t:|1667410760
|switch|p2a: Tapu Koko|Tapu Koko|100/100
|-fieldstart|move: Electric Terrain|[from] ability: Electric Surge|[of] p2a: Tapu Koko
|move|p1a: Weavile|Knock Off|p2a: Tapu Koko
|-resisted|p2a: Tapu Koko
|-damage|p2a: Tapu Koko|47/100
|-enditem|p2a: Tapu Koko|Heavy-Duty Boots|[from] move: Knock Off|[of] p1a: Weavile
|
|upkeep
|turn|26
|
|t:|1667410770
|switch|p1a: Melmetal|Melmetal|100/100
|-damage|p1a: Melmetal|84/100|[from] Spikes
|move|p2a: Tapu Koko|Thunderbolt|p1a: Melmetal
|-damage|p1a: Melmetal|59/100
|
|upkeep
|turn|27
|c|☆Pitaye|gg
|c|☆Pitaye|oh wait
|c|☆Pitaye|maybe para hax
|inactive|Pitaye has 120 seconds left.
|
|t:|1667410802
|move|p2a: Tapu Koko|Thunderbolt|p1a: Melmetal
|-damage|p1a: Melmetal|34/100
|move|p1a: Melmetal|Earthquake|p2a: Tapu Koko
|-supereffective|p2a: Tapu Koko
|-damage|p2a: Tapu Koko|0 fnt
|faint|p2a: Tapu Koko
|
|upkeep
|c|☆Pitaye|nope
|inactive|Pitaye has 120 seconds left.
|-message|Pitaye forfeited.
|
|win|minimax_ai
|raw|minimax_ai's rating: 1538 &rarr; <strong>1564</strong><br />(+26 for winning)
|raw|Pitaye's rating: 1645 &rarr; <strong>1619</strong><br />(-26 for losing)
|l|☆Pitaye
