|j|☆Bloody Busybody
|j|☆motistrat
|t:|1651067103
|gametype|singles
|player|p1|Bloody Busybody|bugcatcher|1661
|player|p2|motistrat|n|1696
|teamsize|p1|6
|teamsize|p2|6
|gen|8
|tier|[Gen 8] OU
|rated|
|rule|Sleep Clause Mod: Limit one foe put to sleep
|rule|Species Clause: Limit one of each Pokémon
|rule|OHKO Clause: OHKO moves are banned
|rule|Evasion Moves Clause: Evasion moves are banned
|rule|Endless Battle Clause: Forcing endless battles is banned
|rule|HP Percentage Mod: HP is shown in percentages
|rule|Dynamax Clause: You cannot dynamax
|clearpoke
|poke|p1|Volcanion|
|poke|p1|Corviknight, M|
|poke|p1|Mamoswine, F|
|poke|p1|Blissey, F|
|poke|p1|Rillaboom, F|
|poke|p1|Hydreigon, F|
|poke|p2|Dracozolt|
|poke|p2|Hippowdon, M|
|poke|p2|Rillaboom, F|
|poke|p2|Corviknight, F|
|poke|p2|Toxapex, M|
|poke|p2|Blacephalon|
|teampreview
|inactive|Battle timer is ON: inactive players will automatically lose when time's up. (requested by Bloody Busybody)
|
|t:|1651067129
|start
|switch|p1a: Volcanion|Volcanion|100/100
|switch|p2a: Rillaboom|Rillaboom, F|100/100
|-fieldstart|move: Grassy Terrain|[from] ability: Grassy Surge|[of] p2a: Rillaboom
|turn|1
|
|t:|1651067136
|switch|p1a: Corviknight|Corviknight, M|100/100
|-ability|p1a: Corviknight|Pressure
|move|p2a: Rillaboom|Wood Hammer|p1a: Corviknight
|-resisted|p1a: Corviknight
|-damage|p1a: Corviknight|83/100
|-damage|p2a: Rillaboom|84/100|[from] item: Rocky Helmet|[of] p1a: Corviknight
|-damage|p2a: Rillaboom|77/100|[from] Recoil
|
|-heal|p2a: Rillaboom|83/100|[from] Grassy Terrain
|upkeep
|turn|2
|j| Palladiawa
|
|t:|1651067148
|switch|p2a: Blacephalon|Blacephalon|100/100
|move|p1a: Corviknight|U-turn|p2a: Blacephalon
|-resisted|p2a: Blacephalon
|-damage|p2a: Blacephalon|92/100
|j| wuyan666
|
|t:|1651067156
|switch|p1a: Hydreigon|Hydreigon, F|100/100|[from]move: U-turn
|
|-heal|p2a: Blacephalon|98/100|[from] Grassy Terrain
|upkeep
|turn|3
|
|t:|1651067160
|switch|p2a: Hippowdon|Hippowdon, M|100/100
|-weather|Sandstorm|[from] ability: Sand Stream|[of] p2a: Hippowdon
|move|p1a: Hydreigon|Dark Pulse|p2a: Hippowdon
|-damage|p2a: Hippowdon|63/100
|-damage|p1a: Hydreigon|91/100|[from] item: Life Orb
|
|-weather|Sandstorm|[upkeep]
|-damage|p1a: Hydreigon|84/100|[from] Sandstorm
|-heal|p2a: Hippowdon|69/100|[from] Grassy Terrain
|upkeep
|turn|4
|
|t:|1651067164
|move|p1a: Hydreigon|Draco Meteor|p2a: Hippowdon
|-damage|p2a: Hippowdon|6/100
|-unboost|p1a: Hydreigon|spa|2
|-damage|p1a: Hydreigon|75/100|[from] item: Life Orb
|move|p2a: Hippowdon|Stealth Rock|p1a: Hydreigon
|-sidestart|p1: Bloody Busybody|move: Stealth Rock
|
|-weather|Sandstorm|[upkeep]
|-damage|p1a: Hydreigon|68/100|[from] Sandstorm
|-heal|p2a: Hippowdon|12/100|[from] Grassy Terrain
|upkeep
|turn|5
|
|t:|1651067173
|switch|p2a: Dracozolt|Dracozolt|100/100
|move|p1a: Hydreigon|Draco Meteor|p2a: Dracozolt
|-supereffective|p2a: Dracozolt
|-damage|p2a: Dracozolt|0 fnt
|-unboost|p1a: Hydreigon|spa|2
|faint|p2a: Dracozolt
|-damage|p1a: Hydreigon|59/100|[from] item: Life Orb
|
|-weather|Sandstorm|[upkeep]
|-damage|p1a: Hydreigon|52/100|[from] Sandstorm
|-fieldend|move: Grassy Terrain
|upkeep
|
|t:|1651067186
|switch|p2a: Rillaboom|Rillaboom, F|83/100
|-fieldstart|move: Grassy Terrain|[from] ability: Grassy Surge|[of] p2a: Rillaboom
|turn|6
|
|t:|1651067192
|switch|p1a: Corviknight|Corviknight, M|83/100
|-damage|p1a: Corviknight|71/100|[from] Stealth Rock
|-ability|p1a: Corviknight|Pressure
|switch|p2a: Blacephalon|Blacephalon|98/100
|
|-weather|Sandstorm|[upkeep]
|-damage|p2a: Blacephalon|92/100|[from] Sandstorm
|-heal|p2a: Blacephalon|98/100|[from] Grassy Terrain
|upkeep
|turn|7
|
|t:|1651067194
|switch|p1a: Blissey|Blissey, F|100/100
|move|p2a: Blacephalon|Trick|p1a: Blissey
|-activate|p2a: Blacephalon|move: Trick|[of] p1a: Blissey
|-item|p1a: Blissey|Choice Scarf|[from] move: Trick
|-item|p2a: Blacephalon|Heavy-Duty Boots|[from] move: Trick
|
|-weather|Sandstorm|[upkeep]
|-damage|p2a: Blacephalon|92/100|[from] Sandstorm
|-damage|p1a: Blissey|94/100|[from] Sandstorm
|-heal|p2a: Blacephalon|98/100|[from] Grassy Terrain
|-heal|p1a: Blissey|100/100|[from] Grassy Terrain
|upkeep
|turn|8
|
|t:|1651067202
|move|p2a: Blacephalon|Flamethrower|p1a: Blissey
|-damage|p1a: Blissey|83/100
|move|p1a: Blissey|Teleport|p1a: Blissey
|
|t:|1651067207
|switch|p1a: Hydreigon|Hydreigon, F|52/100|[from]move: Teleport
|-damage|p1a: Hydreigon|40/100|[from] Stealth Rock
|
|-weather|Sandstorm|[upkeep]
|-damage|p2a: Blacephalon|92/100|[from] Sandstorm
|-damage|p1a: Hydreigon|34/100|[from] Sandstorm
|-heal|p2a: Blacephalon|98/100|[from] Grassy Terrain
|upkeep
|turn|9
|j| cwp55
|
|t:|1651067221
|switch|p2a: Corviknight|Corviknight, F|100/100
|move|p1a: Hydreigon|Roost|p1a: Hydreigon
|-heal|p1a: Hydreigon|84/100
|-singleturn|p1a: Hydreigon|move: Roost
|
|-weather|Sandstorm|[upkeep]
|-damage|p1a: Hydreigon|78/100|[from] Sandstorm
|upkeep
|turn|10
|
|t:|1651067226
|switch|p1a: Corviknight|Corviknight, M|71/100
|-damage|p1a: Corviknight|58/100|[from] Stealth Rock
|-ability|p1a: Corviknight|Pressure
|move|p2a: Corviknight|U-turn|p1a: Corviknight
|-resisted|p1a: Corviknight
|-damage|p1a: Corviknight|56/100
|-damage|p2a: Corviknight|84/100|[from] item: Rocky Helmet|[of] p1a: Corviknight
|
|t:|1651067228
|switch|p2a: Blacephalon|Blacephalon|98/100|[from]move: U-turn
|
|-weather|none
|-heal|p2a: Blacephalon|100/100|[from] Grassy Terrain
|-fieldend|move: Grassy Terrain
|upkeep
|turn|11
|
|t:|1651067233
|switch|p1a: Blissey|Blissey, F|83/100
|-damage|p1a: Blissey|70/100|[from] Stealth Rock
|move|p2a: Blacephalon|Flamethrower|p1a: Blissey
|-damage|p1a: Blissey|50/100
|-status|p1a: Blissey|brn
|
|-damage|p1a: Blissey|44/100 brn|[from] brn
|upkeep
|turn|12
|j| ripreckful
|
|t:|1651067245
|switch|p2a: Rillaboom|Rillaboom, F|83/100
|-fieldstart|move: Grassy Terrain|[from] ability: Grassy Surge|[of] p2a: Rillaboom
|move|p1a: Blissey|Soft-Boiled|p1a: Blissey
|-heal|p1a: Blissey|94/100 brn
|
|-heal|p2a: Rillaboom|90/100|[from] Grassy Terrain
|-heal|p1a: Blissey|99/100 brn|[from] Grassy Terrain
|-damage|p1a: Blissey|94/100 brn|[from] brn
|upkeep
|turn|13
|
|t:|1651067250
|switch|p2a: Blacephalon|Blacephalon|100/100
|-curestatus|p1a: Blissey|brn|[from] ability: Natural Cure
|switch|p1a: Corviknight|Corviknight, M|56/100
|-damage|p1a: Corviknight|44/100|[from] Stealth Rock
|-ability|p1a: Corviknight|Pressure
|
|upkeep
|turn|14
|
|t:|1651067257
|switch|p1a: Blissey|Blissey, F|94/100
|-damage|p1a: Blissey|81/100|[from] Stealth Rock
|move|p2a: Blacephalon|Flamethrower|p1a: Blissey
|-damage|p1a: Blissey|62/100
|
|-heal|p1a: Blissey|68/100|[from] Grassy Terrain
|upkeep
|turn|15
|
|t:|1651067266
|move|p2a: Blacephalon|Fire Blast|p1a: Blissey
|-damage|p1a: Blissey|46/100
|move|p1a: Blissey|Teleport|p1a: Blissey
|
|t:|1651067269
|switch|p1a: Hydreigon|Hydreigon, F|78/100|[from]move: Teleport
|-damage|p1a: Hydreigon|66/100|[from] Stealth Rock
|
|upkeep
|turn|16
|j| Tiranito
|
|t:|1651067281
|move|p2a: Blacephalon|Flamethrower|p1a: Hydreigon
|-resisted|p1a: Hydreigon
|-damage|p1a: Hydreigon|34/100
|move|p1a: Hydreigon|Nasty Plot|p1a: Hydreigon
|-boost|p1a: Hydreigon|spa|2
|
|-fieldend|move: Grassy Terrain
|upkeep
|turn|17
|
|t:|1651067287
|move|p2a: Blacephalon|Fire Blast|p1a: Hydreigon
|-resisted|p1a: Hydreigon
|-damage|p1a: Hydreigon|0 fnt
|faint|p1a: Hydreigon
|-ability|p2a: Blacephalon|Beast Boost|boost
|-boost|p2a: Blacephalon|spa|1
|
|upkeep
|j| fruityiscool423
|
|t:|1651067296
|switch|p1a: Rillaboom|Rillaboom, F|100/100
|-damage|p1a: Rillaboom|88/100|[from] Stealth Rock
|-fieldstart|move: Grassy Terrain|[from] ability: Grassy Surge|[of] p1a: Rillaboom
|turn|18
|
|t:|1651067301
|switch|p2a: Corviknight|Corviknight, F|84/100
|move|p1a: Rillaboom|Grassy Glide|p2a: Corviknight
|-resisted|p2a: Corviknight
|-damage|p2a: Corviknight|72/100
|
|-heal|p1a: Rillaboom|94/100|[from] Grassy Terrain
|-heal|p2a: Corviknight|78/100|[from] item: Leftovers
|upkeep
|turn|19
|
|t:|1651067306
|switch|p1a: Volcanion|Volcanion|100/100
|-damage|p1a: Volcanion|76/100|[from] Stealth Rock
|move|p2a: Corviknight|U-turn|p1a: Volcanion
|-resisted|p1a: Volcanion
|-crit|p1a: Volcanion
|-damage|p1a: Volcanion|68/100
|
|t:|1651067314
|switch|p2a: Rillaboom|Rillaboom, F|90/100|[from]move: U-turn
|
|-heal|p2a: Rillaboom|96/100|[from] Grassy Terrain
|-heal|p1a: Volcanion|74/100|[from] Grassy Terrain
|upkeep
|turn|20
|
|t:|1651067320
|switch|p1a: Corviknight|Corviknight, M|44/100
|-damage|p1a: Corviknight|32/100|[from] Stealth Rock
|-ability|p1a: Corviknight|Pressure
|move|p2a: Rillaboom|Knock Off|p1a: Corviknight
|-damage|p1a: Corviknight|2/100
|-damage|p2a: Rillaboom|79/100|[from] item: Rocky Helmet|[of] p1a: Corviknight
|-enditem|p1a: Corviknight|Rocky Helmet|[from] move: Knock Off|[of] p2a: Rillaboom
|
|-heal|p2a: Rillaboom|86/100|[from] Grassy Terrain
|upkeep
|turn|21
|
|t:|1651067326
|move|p2a: Rillaboom|Knock Off|p1a: Corviknight
|-damage|p1a: Corviknight|0 fnt
|faint|p1a: Corviknight
|
|-heal|p2a: Rillaboom|92/100|[from] Grassy Terrain
|upkeep
|
|t:|1651067332
|switch|p1a: Volcanion|Volcanion|74/100
|-damage|p1a: Volcanion|49/100|[from] Stealth Rock
|turn|22
|l| cwp55
|
|t:|1651067335
|move|p2a: Rillaboom|Knock Off|p1a: Volcanion
|-damage|p1a: Volcanion|5/100
|-enditem|p1a: Volcanion|Choice Specs|[from] move: Knock Off|[of] p2a: Rillaboom
|move|p1a: Volcanion|Fire Blast|p2a: Rillaboom
|-supereffective|p2a: Rillaboom
|-damage|p2a: Rillaboom|0 fnt
|faint|p2a: Rillaboom
|
|-heal|p1a: Volcanion|12/100|[from] Grassy Terrain
|-fieldend|move: Grassy Terrain
|upkeep
|
|t:|1651067347
|switch|p2a: Blacephalon|Blacephalon|100/100
|turn|23
|
|t:|1651067351
|move|p2a: Blacephalon|Shadow Ball|p1a: Volcanion
|-damage|p1a: Volcanion|0 fnt
|faint|p1a: Volcanion
|-ability|p2a: Blacephalon|Beast Boost|boost
|-boost|p2a: Blacephalon|spa|1
|
|upkeep
|j| Pyruson
|j| cwp55
|-message|Bloody Busybody forfeited.
|
|win|motistrat
|raw|Bloody Busybody's rating: 1661 &rarr; <strong>1643</strong><br />(-18 for losing)
|raw|motistrat's rating: 1696 &rarr; <strong>1714</strong><br />(+18 for winning)
|l|☆Bloody Busybody
|l| Palladiawa
|l| Pyruson
|j| Pyruson
|l| Pyruson
|l| cwp55
|l| fruityiscool423
||Ladder isn't responding, score probably updated but might not have (Request timeout).
