|j|☆Storm Zone
|j|☆Meroz
|player|p1|Storm Zone|lusamine-nihilego|1931
|player|p2|Meroz|101|1955
|teamsize|p1|6
|teamsize|p2|6
|gametype|singles
|gen|8
|tier|[Gen 8] OU
|rated|
|clearpoke
|poke|p1|Azumarill, M|
|poke|p1|Skarmory, M|
|poke|p1|Seismitoad, M|
|poke|p1|Amoonguss, M|
|poke|p1|Volcarona, M|
|poke|p1|Urshifu-*, M|
|poke|p2|Gengar, F|
|poke|p2|Magearna|
|poke|p2|Kommo-o, M|
|poke|p2|Terrakion|
|poke|p2|Comfey, F|
|poke|p2|Cinderace, F|
|rule|Sleep Clause Mod: Limit one foe put to sleep
|rule|Species Clause: Limit one of each Pokémon
|rule|OHKO Clause: OHKO moves are banned
|rule|Evasion Moves Clause: Evasion moves are banned
|rule|Endless Battle Clause: Forcing endless battles is banned
|rule|HP Percentage Mod: HP is shown in percentages
|rule|Dynamax Clause: You cannot dynamax
|teampreview
|j| ASC-BrothaOptions
|
|start
|switch|p1a: Silhouette|Urshifu, M|100/100
|switch|p2a: Comfey|Comfey, F|100/100
|turn|1
|j| Jey2
|j| Coronavirus EUW
|
|switch|p1a: Fungus|Amoonguss, M, shiny|100/100
|switch|p2a: Cinderace|Cinderace, F|100/100
|
|upkeep
|turn|2
|j| pulc_uo_z
|
|move|p2a: Cinderace|Pyro Ball|p1a: Fungus|[miss]
|-miss|p2a: Cinderace|p1a: Fungus
|move|p1a: Fungus|Spore|p2a: Cinderace
|-status|p2a: Cinderace|slp|[from] move: Spore
|
|upkeep
|turn|3
|j| Padox
|j| lol nice dc pc
|
|switch|p2a: Kommo-o|Kommo-o, M|100/100
|switch|p1a: Globox|Seismitoad, M|100/100
|
|upkeep
|turn|4
|
|switch|p1a: Torrent|Azumarill, M|100/100
|move|p2a: Kommo-o|Toxic|p1a: Torrent
|-status|p1a: Torrent|tox
|
|-damage|p1a: Torrent|94/100 tox|[from] psn
|upkeep
|turn|5
|
|move|p2a: Kommo-o|Stealth Rock|p1a: Torrent
|-sidestart|p1: Storm Zone|move: Stealth Rock
|move|p1a: Torrent|Whirlpool|p2a: Kommo-o
|-resisted|p2a: Kommo-o
|-damage|p2a: Kommo-o|97/100
|-activate|p2a: Kommo-o|move: Whirlpool|[of] p1a: Torrent
|
|-heal|p2a: Kommo-o|100/100|[from] item: Leftovers
|-heal|p1a: Torrent|100/100 tox|[from] item: Leftovers
|-damage|p1a: Torrent|88/100 tox|[from] psn
|-damage|p2a: Kommo-o|88/100|[from] move: Whirlpool|[partiallytrapped]
|upkeep
|turn|6
|j| Llqht
|l| Llqht
|j| Llqht
|
|move|p2a: Kommo-o|Earthquake|p1a: Torrent
|-crit|p1a: Torrent
|-damage|p1a: Torrent|63/100 tox
|move|p1a: Torrent|Toxic|p2a: Kommo-o
|-status|p2a: Kommo-o|tox
|
|-heal|p2a: Kommo-o|94/100 tox|[from] item: Leftovers
|-heal|p1a: Torrent|69/100 tox|[from] item: Leftovers
|-damage|p2a: Kommo-o|88/100 tox|[from] psn
|-damage|p1a: Torrent|50/100 tox|[from] psn
|-damage|p2a: Kommo-o|76/100 tox|[from] move: Whirlpool|[partiallytrapped]
|upkeep
|turn|7
|
|switch|p1a: Raptor|Skarmory, M|100/100
|-damage|p1a: Raptor|88/100|[from] Stealth Rock
|move|p2a: Kommo-o|Earthquake|p1a: Raptor
|-immune|p1a: Raptor
|
|-heal|p2a: Kommo-o|82/100 tox|[from] item: Leftovers
|-damage|p2a: Kommo-o|69/100 tox|[from] psn
|-end|p2a: Kommo-o|Whirlpool|[partiallytrapped]|[silent]
|upkeep
|turn|8
|
|switch|p2a: Gengar|Gengar, F|100/100
|move|p1a: Raptor|Defog|p2a: Gengar
|-unboost|p2a: Gengar|evasion|1
|-sideend|p1: Storm Zone|Stealth Rock|[from] move: Defog|[of] p1a: Raptor
|
|upkeep
|turn|9
|
|move|p2a: Gengar|Shadow Ball|p1a: Raptor
|-damage|p1a: Raptor|34/100
|move|p1a: Raptor|Stealth Rock|p2a: Gengar
|-sidestart|p2: Meroz|move: Stealth Rock
|
|upkeep
|turn|10
|
|switch|p1a: Fungus|Amoonguss, M, shiny|100/100
|move|p2a: Gengar|Substitute|p2a: Gengar
|-start|p2a: Gengar|Substitute
|-damage|p2a: Gengar|76/100
|
|-heal|p2a: Gengar|82/100|[from] item: Black Sludge
|upkeep
|turn|11
|
|move|p2a: Gengar|Nasty Plot|p2a: Gengar
|-boost|p2a: Gengar|spa|2
|move|p1a: Fungus|Foul Play|p2a: Gengar
|-supereffective|p2a: Gengar
|-end|p2a: Gengar|Substitute
|
|-heal|p2a: Gengar|88/100|[from] item: Black Sludge
|upkeep
|turn|12
|j| AwesomeAdams
|j| DragonHunter994
|j| TheSkalmo
|l| Llqht
|j| nooob ninja
|
|move|p2a: Gengar|Sludge Wave|p1a: Fungus
|-damage|p1a: Fungus|25/100
|move|p1a: Fungus|Foul Play|p2a: Gengar
|-supereffective|p2a: Gengar
|-crit|p2a: Gengar
|-damage|p2a: Gengar|23/100
|-start|p1a: Fungus|Disable|Foul Play|[from] ability: Cursed Body|[of] p2a: Gengar
|
|-heal|p2a: Gengar|30/100|[from] item: Black Sludge
|-heal|p1a: Fungus|32/100|[from] item: Black Sludge
|upkeep
|turn|13
|
|move|p2a: Gengar|Substitute|p2a: Gengar
|-start|p2a: Gengar|Substitute
|-damage|p2a: Gengar|5/100
|move|p1a: Fungus|Giga Drain|p2a: Gengar
|-resisted|p2a: Gengar
|-activate|p2a: Gengar|move: Substitute|[damage]
|-heal|p1a: Fungus|37/100|[from] drain|[of] p2a: Gengar
|
|-heal|p2a: Gengar|11/100|[from] item: Black Sludge
|-heal|p1a: Fungus|43/100|[from] item: Black Sludge
|upkeep
|turn|14
|j| TuanNguyen
|
|switch|p1a: Raptor|Skarmory, M|34/100
|move|p2a: Gengar|Shadow Ball|p1a: Raptor
|-damage|p1a: Raptor|0 fnt
|faint|p1a: Raptor
|
|-heal|p2a: Gengar|17/100|[from] item: Black Sludge
|upkeep
|
|switch|p1a: Fungus|Amoonguss, M, shiny|77/100
|turn|15
|
|switch|p1a: Torrent|Azumarill, M|50/100 tox
|move|p2a: Gengar|Sludge Wave|p1a: Torrent
|-supereffective|p1a: Torrent
|-damage|p1a: Torrent|0 fnt
|faint|p1a: Torrent
|
|-heal|p2a: Gengar|23/100|[from] item: Black Sludge
|upkeep
|
|switch|p1a: Fungus|Amoonguss, M, shiny|100/100
|turn|16
|
|move|p2a: Gengar|Nasty Plot|p2a: Gengar
|-boost|p2a: Gengar|spa|2
|move|p1a: Fungus|Giga Drain|p2a: Gengar
|-resisted|p2a: Gengar
|-end|p2a: Gengar|Substitute
|
|-heal|p2a: Gengar|29/100|[from] item: Black Sludge
|upkeep
|turn|17
|
|move|p2a: Gengar|Sludge Wave|p1a: Fungus
|-damage|p1a: Fungus|0 fnt
|faint|p1a: Fungus
|
|-heal|p2a: Gengar|35/100|[from] item: Black Sludge
|upkeep
|
|switch|p1a: Globox|Seismitoad, M|100/100
|turn|18
|
|move|p1a: Globox|Earthquake|p2a: Gengar
|-supereffective|p2a: Gengar
|-damage|p2a: Gengar|0 fnt
|faint|p2a: Gengar
|
|upkeep
|c| lol nice dc pc|the tech!
|j| Cigtar
|
|switch|p2a: Comfey|Comfey, F|100/100
|-damage|p2a: Comfey|88/100|[from] Stealth Rock
|turn|19
|
|switch|p2a: Terrakion|Terrakion|100/100
|-damage|p2a: Terrakion|94/100|[from] Stealth Rock
|move|p1a: Globox|Earthquake|p2a: Terrakion
|-supereffective|p2a: Terrakion
|-damage|p2a: Terrakion|3/100
|
|upkeep
|turn|20
|j| Humulius
|
|move|p2a: Terrakion|Close Combat|p1a: Globox
|-damage|p1a: Globox|21/100
|-unboost|p2a: Terrakion|def|1
|-unboost|p2a: Terrakion|spd|1
|move|p1a: Globox|Earthquake|p2a: Terrakion
|-supereffective|p2a: Terrakion
|-damage|p2a: Terrakion|0 fnt
|faint|p2a: Terrakion
|
|upkeep
|
|switch|p2a: Kommo-o|Kommo-o, M|69/100 tox
|-damage|p2a: Kommo-o|63/100 tox|[from] Stealth Rock
|turn|21
|
|move|p1a: Globox|Earthquake|p2a: Kommo-o
|-damage|p2a: Kommo-o|39/100 tox
|move|p2a: Kommo-o|Body Press|p1a: Globox
|-damage|p1a: Globox|0 fnt
|faint|p1a: Globox
|
|-heal|p2a: Kommo-o|46/100 tox|[from] item: Leftovers
|-damage|p2a: Kommo-o|39/100 tox|[from] psn
|upkeep
|
|switch|p1a: Amaterasu|Volcarona, M|100/100
|turn|22
|
|move|p1a: Amaterasu|Psychic|p2a: Kommo-o
|-supereffective|p2a: Kommo-o
|-damage|p2a: Kommo-o|0 fnt
|faint|p2a: Kommo-o
|
|upkeep
|
|switch|p2a: Cinderace|Cinderace, F|100/100 slp
|turn|23
|
|cant|p2a: Cinderace|slp
|move|p1a: Amaterasu|Quiver Dance|p1a: Amaterasu
|-boost|p1a: Amaterasu|spa|1
|-boost|p1a: Amaterasu|spd|1
|-boost|p1a: Amaterasu|spe|1
|
|upkeep
|turn|24
|
|move|p1a: Amaterasu|Psychic|p2a: Cinderace
|-damage|p2a: Cinderace|26/100 slp
|cant|p2a: Cinderace|slp
|
|upkeep
|turn|25
|
|move|p1a: Amaterasu|Flamethrower|p2a: Cinderace
|-resisted|p2a: Cinderace
|-damage|p2a: Cinderace|0 fnt
|faint|p2a: Cinderace
|
|upkeep
|-message|Meroz forfeited.
|
|win|Storm Zone
|l|☆Meroz
|l|☆Storm Zone
