|j|‽avatar9k
|j|☆Mel2345
|t:|1644859136
|gametype|singles
|player|p1|avatar9k|lady-gen4|1421
|player|p2|Mel2345|cheren-gen5bw2|1475
|teamsize|p1|6
|teamsize|p2|6
|gen|8
|tier|[Gen 8] OU
|rated|
|rule|Sleep Clause Mod: Limit one foe put to sleep
|rule|Species Clause: Limit one of each Pokémon
|rule|OHKO Clause: OHKO moves are banned
|rule|Evasion Moves Clause: Evasion moves are banned
|rule|Endless Battle Clause: Forcing endless battles is banned
|rule|HP Percentage Mod: HP is shown in percentages
|rule|Dynamax Clause: You cannot dynamax
|clearpoke
|poke|p1|Ferrothorn, M|
|poke|p1|Landorus-Therian, M|
|poke|p1|Dragapult, F|
|poke|p1|Volcarona, F|
|poke|p1|Rillaboom, M|
|poke|p1|Azumarill, M|
|poke|p2|Pelipper, F|
|poke|p2|Barraskewda, F|
|poke|p2|Ferrothorn, F|
|poke|p2|Zapdos|
|poke|p2|Tapu Lele|
|poke|p2|Crawdaunt, F|
|teampreview
|inactive|Battle timer is ON: inactive players will automatically lose when time's up. (requested by avatar9k)
|inactive|Mel2345 also wants the timer to be on.
|
|t:|1644859147
|start
|switch|p1a: Landorus|Landorus-Therian, M, shiny|100/100
|switch|p2a: Zapdos|Zapdos|100/100
|-ability|p1a: Landorus|Intimidate|boost
|-unboost|p2a: Zapdos|atk|1
|turn|1
|
|t:|1644859152
|move|p1a: Landorus|Stone Edge|p2a: Zapdos
|-supereffective|p2a: Zapdos
|-damage|p2a: Zapdos|4/100
|move|p2a: Zapdos|Hurricane|p1a: Landorus|[miss]
|-miss|p2a: Zapdos|p1a: Landorus
|
|upkeep
|turn|2
|
|t:|1644859157
|switch|p2a: Ferrothorn|Ferrothorn, F|100/100
|move|p1a: Landorus|Stone Edge|p2a: Ferrothorn|[miss]
|-miss|p1a: Landorus|p2a: Ferrothorn
|
|upkeep
|turn|3
|
|t:|1644859166
|switch|p1a: Rillaboom|Rillaboom, M, shiny|100/100
|-fieldstart|move: Grassy Terrain|[from] ability: Grassy Surge|[of] p1a: Rillaboom
|-enditem|p1a: Rillaboom|Grassy Seed
|-boost|p1a: Rillaboom|def|1|[from] item: Grassy Seed
|switch|p2a: Zapdos|Zapdos|4/100
|
|upkeep
|turn|4
|
|t:|1644859175
|switch|p2a: Ferrothorn|Ferrothorn, F|100/100
|move|p1a: Rillaboom|Grassy Glide|p2a: Ferrothorn
|-resisted|p2a: Ferrothorn
|-damage|p2a: Ferrothorn|94/100
|-damage|p1a: Rillaboom|88/100|[from] ability: Iron Barbs|[of] p2a: Ferrothorn
|
|-heal|p1a: Rillaboom|94/100|[from] Grassy Terrain
|-heal|p2a: Ferrothorn|99/100|[from] Grassy Terrain
|-heal|p2a: Ferrothorn|100/100|[from] item: Leftovers
|upkeep
|turn|5
|
|t:|1644859183
|switch|p2a: Tapu Lele|Tapu Lele|100/100
|-fieldstart|move: Psychic Terrain|[from] ability: Psychic Surge|[of] p2a: Tapu Lele
|move|p1a: Rillaboom|Swords Dance|p1a: Rillaboom
|-boost|p1a: Rillaboom|atk|2
|
|upkeep
|turn|6
|
|t:|1644859190
|switch|p1a: Ferrothorn|Ferrothorn, M|100/100
|move|p2a: Tapu Lele|Psychic|p1a: Ferrothorn
|-resisted|p1a: Ferrothorn
|-damage|p1a: Ferrothorn|70/100
|
|-heal|p1a: Ferrothorn|76/100|[from] item: Leftovers
|upkeep
|turn|7
|
|t:|1644859202
|switch|p2a: Pelipper|Pelipper, F|100/100
|-weather|RainDance|[from] ability: Drizzle|[of] p2a: Pelipper
|move|p1a: Ferrothorn|Power Whip|p2a: Pelipper
|-damage|p2a: Pelipper|73/100
|
|-weather|RainDance|[upkeep]
|-heal|p1a: Ferrothorn|82/100|[from] item: Leftovers
|upkeep
|turn|8
|
|t:|1644859212
|move|p2a: Pelipper|U-turn|p1a: Ferrothorn
|-damage|p1a: Ferrothorn|76/100
|-damage|p2a: Pelipper|60/100|[from] ability: Iron Barbs|[of] p1a: Ferrothorn
|
|t:|1644859217
|switch|p2a: Ferrothorn|Ferrothorn, F|100/100|[from]move: U-turn
|move|p1a: Ferrothorn|Power Whip|p2a: Ferrothorn
|-resisted|p2a: Ferrothorn
|-damage|p2a: Ferrothorn|95/100
|-damage|p1a: Ferrothorn|64/100|[from] ability: Iron Barbs|[of] p2a: Ferrothorn
|
|-weather|RainDance|[upkeep]
|-heal|p2a: Ferrothorn|100/100|[from] item: Leftovers
|-heal|p1a: Ferrothorn|70/100|[from] item: Leftovers
|upkeep
|turn|9
|
|t:|1644859221
|move|p2a: Ferrothorn|Spikes|p1a: Ferrothorn
|-sidestart|p1: avatar9k|Spikes
|move|p1a: Ferrothorn|Stealth Rock|p2a: Ferrothorn
|-sidestart|p2: Mel2345|move: Stealth Rock
|
|-weather|RainDance|[upkeep]
|-heal|p1a: Ferrothorn|76/100|[from] item: Leftovers
|-fieldend|move: Psychic Terrain
|upkeep
|turn|10
|
|t:|1644859226
|switch|p1a: Rillaboom|Rillaboom, M, shiny|94/100
|-damage|p1a: Rillaboom|82/100|[from] Spikes
|-fieldstart|move: Grassy Terrain|[from] ability: Grassy Surge|[of] p1a: Rillaboom
|move|p2a: Ferrothorn|Spikes|p1a: Rillaboom
|-sidestart|p1: avatar9k|Spikes
|
|-weather|RainDance|[upkeep]
|-heal|p1a: Rillaboom|88/100|[from] Grassy Terrain
|upkeep
|turn|11
|
|t:|1644859235
|switch|p2a: Zapdos|Zapdos|4/100
|move|p1a: Rillaboom|Swords Dance|p1a: Rillaboom
|-boost|p1a: Rillaboom|atk|2
|
|-weather|RainDance|[upkeep]
|-heal|p1a: Rillaboom|94/100|[from] Grassy Terrain
|upkeep
|turn|12
|
|t:|1644859241
|switch|p2a: Ferrothorn|Ferrothorn, F|100/100
|-damage|p2a: Ferrothorn|94/100|[from] Stealth Rock
|move|p1a: Rillaboom|Grassy Glide|p2a: Ferrothorn
|-resisted|p2a: Ferrothorn
|-damage|p2a: Ferrothorn|80/100
|-damage|p1a: Rillaboom|82/100|[from] ability: Iron Barbs|[of] p2a: Ferrothorn
|
|-weather|RainDance|[upkeep]
|-heal|p1a: Rillaboom|88/100|[from] Grassy Terrain
|-heal|p2a: Ferrothorn|86/100|[from] Grassy Terrain
|-heal|p2a: Ferrothorn|92/100|[from] item: Leftovers
|upkeep
|turn|13
|
|t:|1644859246
|move|p1a: Rillaboom|Swords Dance|p1a: Rillaboom
|-boost|p1a: Rillaboom|atk|2
|move|p2a: Ferrothorn|Gyro Ball|p1a: Rillaboom
|-damage|p1a: Rillaboom|56/100
|
|-weather|RainDance|[upkeep]
|-heal|p1a: Rillaboom|62/100|[from] Grassy Terrain
|-heal|p2a: Ferrothorn|99/100|[from] Grassy Terrain
|-heal|p2a: Ferrothorn|100/100|[from] item: Leftovers
|upkeep
|turn|14
|
|t:|1644859252
|switch|p2a: Zapdos|Zapdos|4/100
|move|p1a: Rillaboom|Drain Punch|p2a: Zapdos
|-resisted|p2a: Zapdos
|-damage|p2a: Zapdos|0 fnt
|-heal|p1a: Rillaboom|64/100|[from] drain|[of] p2a: Zapdos
|faint|p2a: Zapdos
|
|-weather|none
|-heal|p1a: Rillaboom|70/100|[from] Grassy Terrain
|-fieldend|move: Grassy Terrain
|upkeep
|
|t:|1644859259
|switch|p2a: Tapu Lele|Tapu Lele|100/100
|-damage|p2a: Tapu Lele|88/100|[from] Stealth Rock
|-fieldstart|move: Psychic Terrain|[from] ability: Psychic Surge|[of] p2a: Tapu Lele
|turn|15
|
|t:|1644859266
|switch|p1a: Ferrothorn|Ferrothorn, M|76/100
|-damage|p1a: Ferrothorn|60/100|[from] Spikes
|move|p2a: Tapu Lele|Psychic|p1a: Ferrothorn
|-resisted|p1a: Ferrothorn
|-damage|p1a: Ferrothorn|29/100
|
|-heal|p1a: Ferrothorn|36/100|[from] item: Leftovers
|upkeep
|turn|16
|
|t:|1644859276
|switch|p2a: Ferrothorn|Ferrothorn, F|100/100
|-damage|p2a: Ferrothorn|94/100|[from] Stealth Rock
|move|p1a: Ferrothorn|Leech Seed|p2a: Ferrothorn
|-immune|p2a: Ferrothorn
|
|-heal|p2a: Ferrothorn|100/100|[from] item: Leftovers
|-heal|p1a: Ferrothorn|42/100|[from] item: Leftovers
|upkeep
|turn|17
|
|t:|1644859286
|switch|p1a: Volcarona|Volcarona, F|100/100
|move|p2a: Ferrothorn|Spikes|p1a: Volcarona
|-sidestart|p1: avatar9k|Spikes
|
|upkeep
|turn|18
|
|t:|1644859294
|switch|p2a: Pelipper|Pelipper, F|60/100
|-damage|p2a: Pelipper|35/100|[from] Stealth Rock
|-weather|RainDance|[from] ability: Drizzle|[of] p2a: Pelipper
|move|p1a: Volcarona|Psychic|p2a: Pelipper
|-damage|p2a: Pelipper|0 fnt
|faint|p2a: Pelipper
|
|-weather|RainDance|[upkeep]
|upkeep
|
|t:|1644859300
|switch|p2a: Barraskewda|Barraskewda, F|100/100
|-damage|p2a: Barraskewda|88/100|[from] Stealth Rock
|turn|19
|
|t:|1644859304
|switch|p1a: Ferrothorn|Ferrothorn, M|42/100
|-damage|p1a: Ferrothorn|17/100|[from] Spikes
|move|p2a: Barraskewda|Flip Turn|p1a: Ferrothorn
|-resisted|p1a: Ferrothorn
|-damage|p1a: Ferrothorn|0 fnt
|-damage|p2a: Barraskewda|76/100|[from] ability: Iron Barbs|[of] p1a: Ferrothorn
|faint|p1a: Ferrothorn
|
|t:|1644859309
|switch|p2a: Ferrothorn|Ferrothorn, F|100/100|[from]move: Flip Turn
|-damage|p2a: Ferrothorn|94/100|[from] Stealth Rock
|
|-weather|RainDance|[upkeep]
|-heal|p2a: Ferrothorn|100/100|[from] item: Leftovers
|-fieldend|move: Psychic Terrain
|upkeep
|
|t:|1644859318
|switch|p1a: Volcarona|Volcarona, F|100/100
|turn|20
|
|t:|1644859321
|switch|p2a: Crawdaunt|Crawdaunt, F|100/100
|-damage|p2a: Crawdaunt|88/100|[from] Stealth Rock
|move|p1a: Volcarona|Fiery Dance|p2a: Crawdaunt
|-resisted|p2a: Crawdaunt
|-damage|p2a: Crawdaunt|66/100
|
|-weather|RainDance|[upkeep]
|upkeep
|turn|21
|
|t:|1644859331
|switch|p1a: Rillaboom|Rillaboom, M, shiny|70/100
|-damage|p1a: Rillaboom|45/100|[from] Spikes
|-fieldstart|move: Grassy Terrain|[from] ability: Grassy Surge|[of] p1a: Rillaboom
|move|p2a: Crawdaunt|Aqua Jet|p1a: Rillaboom
|-resisted|p1a: Rillaboom
|-damage|p1a: Rillaboom|12/100
|-damage|p2a: Crawdaunt|56/100|[from] item: Life Orb
|
|-weather|RainDance|[upkeep]
|-heal|p1a: Rillaboom|18/100|[from] Grassy Terrain
|-heal|p2a: Crawdaunt|62/100|[from] Grassy Terrain
|upkeep
|turn|22
|
|t:|1644859337
|switch|p2a: Ferrothorn|Ferrothorn, F|100/100
|-damage|p2a: Ferrothorn|94/100|[from] Stealth Rock
|move|p1a: Rillaboom|Acrobatics|p2a: Ferrothorn
|-damage|p2a: Ferrothorn|70/100
|-damage|p1a: Rillaboom|6/100|[from] ability: Iron Barbs|[of] p2a: Ferrothorn
|
|-weather|RainDance|[upkeep]
|-heal|p1a: Rillaboom|12/100|[from] Grassy Terrain
|-heal|p2a: Ferrothorn|77/100|[from] Grassy Terrain
|-heal|p2a: Ferrothorn|83/100|[from] item: Leftovers
|upkeep
|turn|23
|
|t:|1644859344
|switch|p2a: Tapu Lele|Tapu Lele|88/100
|-damage|p2a: Tapu Lele|76/100|[from] Stealth Rock
|-fieldstart|move: Psychic Terrain|[from] ability: Psychic Surge|[of] p2a: Tapu Lele
|move|p1a: Rillaboom|Drain Punch|p2a: Tapu Lele
|-resisted|p2a: Tapu Lele
|-damage|p2a: Tapu Lele|65/100
|-heal|p1a: Rillaboom|16/100|[from] drain|[of] p2a: Tapu Lele
|
|-weather|RainDance|[upkeep]
|upkeep
|turn|24
|
|t:|1644859359
|switch|p1a: Landorus|Landorus-Therian, M, shiny|100/100
|-ability|p1a: Landorus|Intimidate|boost
|-unboost|p2a: Tapu Lele|atk|1
|move|p2a: Tapu Lele|Psychic|p1a: Landorus
|-damage|p1a: Landorus|0 fnt
|faint|p1a: Landorus
|
|-weather|RainDance|[upkeep]
|upkeep
|
|t:|1644859362
|switch|p1a: Dragapult|Dragapult, F|100/100
|-damage|p1a: Dragapult|76/100|[from] Spikes
|turn|25
|
|t:|1644859368
|switch|p2a: Ferrothorn|Ferrothorn, F|83/100
|-damage|p2a: Ferrothorn|77/100|[from] Stealth Rock
|move|p1a: Dragapult|Phantom Force||[still]
|-prepare|p1a: Dragapult|Phantom Force
|
|-weather|none
|-heal|p2a: Ferrothorn|83/100|[from] item: Leftovers
|upkeep
|turn|26
|
|t:|1644859373
|move|p1a: Dragapult|Phantom Force|p2a: Ferrothorn|[from]lockedmove
|-damage|p2a: Ferrothorn|45/100
|-damage|p1a: Dragapult|63/100|[from] ability: Iron Barbs|[of] p2a: Ferrothorn
|-damage|p1a: Dragapult|53/100|[from] item: Life Orb
|move|p2a: Ferrothorn|Leech Seed|p1a: Dragapult
|-start|p1a: Dragapult|move: Leech Seed
|
|-heal|p2a: Ferrothorn|51/100|[from] item: Leftovers
|-damage|p1a: Dragapult|41/100|[from] Leech Seed|[of] p2a: Ferrothorn
|-heal|p2a: Ferrothorn|62/100|[silent]
|upkeep
|turn|27
|
|t:|1644859387
|switch|p1a: Volcarona|Volcarona, F|100/100
|move|p2a: Ferrothorn|Gyro Ball|p1a: Volcarona
|-resisted|p1a: Volcarona
|-damage|p1a: Volcarona|78/100
|
|-heal|p2a: Ferrothorn|69/100|[from] item: Leftovers
|-fieldend|move: Psychic Terrain
|upkeep
|turn|28
|
|t:|1644859395
|switch|p2a: Barraskewda|Barraskewda, F|76/100
|-damage|p2a: Barraskewda|64/100|[from] Stealth Rock
|move|p1a: Volcarona|Quiver Dance|p1a: Volcarona
|-boost|p1a: Volcarona|spa|1
|-boost|p1a: Volcarona|spd|1
|-boost|p1a: Volcarona|spe|1
|
|upkeep
|turn|29
|
|t:|1644859400
|move|p2a: Barraskewda|Aqua Jet|p1a: Volcarona
|-supereffective|p1a: Volcarona
|-damage|p1a: Volcarona|0 fnt
|faint|p1a: Volcarona
|
|upkeep
|
|t:|1644859408
|switch|p1a: Dragapult|Dragapult, F|41/100
|-damage|p1a: Dragapult|16/100|[from] Spikes
|turn|30
|
|t:|1644859411
|move|p1a: Dragapult|Sucker Punch|p2a: Barraskewda
|-damage|p2a: Barraskewda|0 fnt
|faint|p2a: Barraskewda
|-damage|p1a: Dragapult|6/100|[from] item: Life Orb
|
|upkeep
|
|t:|1644859427
|switch|p2a: Tapu Lele|Tapu Lele|65/100
|-damage|p2a: Tapu Lele|53/100|[from] Stealth Rock
|-fieldstart|move: Psychic Terrain|[from] ability: Psychic Surge|[of] p2a: Tapu Lele
|turn|31
|
|t:|1644859440
|move|p1a: Dragapult|Phantom Force||[still]
|-prepare|p1a: Dragapult|Phantom Force
|move|p2a: Tapu Lele|Moonblast|p1a: Dragapult|[miss]
|-miss|p2a: Tapu Lele|p1a: Dragapult
|
|upkeep
|turn|32
|
|t:|1644859443
|switch|p2a: Ferrothorn|Ferrothorn, F|69/100
|-damage|p2a: Ferrothorn|62/100|[from] Stealth Rock
|move|p1a: Dragapult|Phantom Force|p2a: Ferrothorn|[from]lockedmove
|-damage|p2a: Ferrothorn|27/100
|-damage|p1a: Dragapult|0 fnt|[from] ability: Iron Barbs|[of] p2a: Ferrothorn
|faint|p1a: Dragapult
|
|-heal|p2a: Ferrothorn|33/100|[from] item: Leftovers
|upkeep
|
|t:|1644859448
|switch|p1a: Rillaboom|Rillaboom, M, shiny|16/100
|-damage|p1a: Rillaboom|0 fnt|[from] Spikes
|faint|p1a: Rillaboom
|
|t:|1644859451
|switch|p1a: Azumarill|Azumarill, M, shiny|100/100
|-damage|p1a: Azumarill|75/100|[from] Spikes
|turn|33
|
|t:|1644859454
|move|p1a: Azumarill|Knock Off|p2a: Ferrothorn
|-damage|p2a: Ferrothorn|10/100
|-damage|p1a: Azumarill|63/100|[from] ability: Iron Barbs|[of] p2a: Ferrothorn
|-enditem|p2a: Ferrothorn|Leftovers|[from] move: Knock Off|[of] p1a: Azumarill
|move|p2a: Ferrothorn|Power Whip|p1a: Azumarill
|-supereffective|p1a: Azumarill
|-damage|p1a: Azumarill|0 fnt
|faint|p1a: Azumarill
|
|win|Mel2345
|raw|avatar9k's rating: 1421 &rarr; <strong>1404</strong><br />(-17 for losing)
|raw|Mel2345's rating: 1475 &rarr; <strong>1492</strong><br />(+17 for winning)
|l|‽avatar9k
