|j|☆Ohmboy Tesla
|j|☆teamskullenoxa
|t:|1657723546
|gametype|singles
|player|p1|Ohmboy Tesla|eusine|1519
|player|p2|teamskullenoxa|102|1567
|teamsize|p1|6
|teamsize|p2|6
|gen|8
|tier|[Gen 8] OU
|rated|
|rule|Sleep Clause Mod: Limit one foe put to sleep
|rule|Species Clause: Limit one of each Pokémon
|rule|OHKO Clause: OHKO moves are banned
|rule|Evasion Moves Clause: Evasion moves are banned
|rule|Endless Battle Clause: Forcing endless battles is banned
|rule|HP Percentage Mod: HP is shown in percentages
|rule|Dynamax Clause: You cannot dynamax
|clearpoke
|poke|p1|Landorus-Therian, M|
|poke|p1|Buzzwole|
|poke|p1|Clefable, F|
|poke|p1|Kartana|
|poke|p1|Tapu Koko|
|poke|p1|Slowking, M|
|poke|p2|Starmie|
|poke|p2|Magnezone|
|poke|p2|Tapu Lele|
|poke|p2|Corviknight, F|
|poke|p2|Obstagoon, F|
|poke|p2|Zeraora|
|teampreview
|
|t:|1657723568
|start
|switch|p1a: Lt. Surge|Tapu Koko|100/100
|switch|p2a: Starmie|Starmie|100/100
|-fieldstart|move: Electric Terrain|[from] ability: Electric Surge|[of] p1a: Lt. Surge
|turn|1
|
|t:|1657723577
|switch|p2a: Zeraora|Zeraora|100/100
|move|p1a: Lt. Surge|U-turn|p2a: Zeraora
|-damage|p2a: Zeraora|77/100
|
|t:|1657723583
|switch|p1a: Flooffy Paws|Landorus-Therian, M|100/100|[from]move: U-turn
|-ability|p1a: Flooffy Paws|Intimidate|boost
|-unboost|p2a: Zeraora|atk|1
|
|upkeep
|turn|2
|
|t:|1657723588
|switch|p2a: Corviknight|Corviknight, F|100/100
|-ability|p2a: Corviknight|Pressure
|move|p1a: Flooffy Paws|Knock Off|p2a: Corviknight
|-damage|p2a: Corviknight|81/100
|-enditem|p2a: Corviknight|Leftovers|[from] move: Knock Off|[of] p1a: Flooffy Paws
|
|upkeep
|turn|3
|
|t:|1657723599
|move|p1a: Flooffy Paws|U-turn|p2a: Corviknight
|-resisted|p2a: Corviknight
|-crit|p2a: Corviknight
|-damage|p2a: Corviknight|75/100
|
|t:|1657723602
|switch|p1a: Lt. Surge|Tapu Koko|100/100|[from]move: U-turn
|move|p2a: Corviknight|U-turn|p1a: Lt. Surge
|-resisted|p1a: Lt. Surge
|-damage|p1a: Lt. Surge|91/100
|
|t:|1657723608
|switch|p2a: Tapu Lele|Tapu Lele|100/100|[from]move: U-turn
|-fieldstart|move: Psychic Terrain|[from] ability: Psychic Surge|[of] p2a: Tapu Lele
|
|upkeep
|turn|4
|
|t:|1657723619
|switch|p1a: Slowking|Slowking, M|100/100
|move|p2a: Tapu Lele|Calm Mind|p2a: Tapu Lele
|-boost|p2a: Tapu Lele|spa|1
|-boost|p2a: Tapu Lele|spd|1
|
|upkeep
|turn|5
|
|t:|1657723624
|move|p2a: Tapu Lele|Calm Mind|p2a: Tapu Lele
|-boost|p2a: Tapu Lele|spa|1
|-boost|p2a: Tapu Lele|spd|1
|move|p1a: Slowking|Teleport|p1a: Slowking
|
|t:|1657723627
|switch|p1a: Micro Cuts|Kartana|100/100|[from]move: Teleport
|
|upkeep
|turn|6
|
|t:|1657723630
|switch|p2a: Magnezone|Magnezone|100/100
|move|p1a: Micro Cuts|Smart Strike|p2a: Magnezone
|-resisted|p2a: Magnezone
|-damage|p2a: Magnezone|88/100
|-damage|p1a: Micro Cuts|91/100|[from] item: Life Orb
|
|upkeep
|turn|7
|
|t:|1657723634
|move|p1a: Micro Cuts|Swords Dance|p1a: Micro Cuts
|-boost|p1a: Micro Cuts|atk|2
|move|p2a: Magnezone|Body Press|p1a: Micro Cuts
|-supereffective|p1a: Micro Cuts
|-damage|p1a: Micro Cuts|22/100
|
|upkeep
|turn|8
|
|t:|1657723642
|switch|p2a: Starmie|Starmie|100/100
|move|p1a: Micro Cuts|Sacred Sword|p2a: Starmie
|-resisted|p2a: Starmie
|-damage|p2a: Starmie|25/100
|-damage|p1a: Micro Cuts|12/100|[from] item: Life Orb
|
|upkeep
|turn|9
|
|t:|1657723650
|switch|p1a: Slowking|Slowking, M|100/100
|move|p2a: Starmie|Thunder|p1a: Slowking
|-supereffective|p1a: Slowking
|-damage|p1a: Slowking|25/100
|
|upkeep
|turn|10
|
|t:|1657723657
|move|p2a: Starmie|Thunder|p1a: Slowking|[miss]
|-miss|p2a: Starmie|p1a: Slowking
|move|p1a: Slowking|Teleport|p1a: Slowking
|
|t:|1657723660
|switch|p1a: Lt. Surge|Tapu Koko|91/100|[from]move: Teleport
|-fieldstart|move: Electric Terrain|[from] ability: Electric Surge|[of] p1a: Lt. Surge
|
|upkeep
|turn|11
|
|t:|1657723668
|switch|p2a: Corviknight|Corviknight, F|75/100
|-ability|p2a: Corviknight|Pressure
|move|p1a: Lt. Surge|U-turn|p2a: Corviknight
|-resisted|p2a: Corviknight
|-damage|p2a: Corviknight|73/100
|
|t:|1657723677
|switch|p1a: Slowking|Slowking, M|59/100|[from]move: U-turn
|
|upkeep
|turn|12
|
|t:|1657723680
|move|p2a: Corviknight|U-turn|p1a: Slowking
|-supereffective|p1a: Slowking
|-damage|p1a: Slowking|29/100
|
|t:|1657723689
|switch|p2a: Obstagoon|Obstagoon, F|100/100|[from]move: U-turn
|move|p1a: Slowking|Teleport|p1a: Slowking
|
|t:|1657723699
|switch|p1a: Flooffy Paws|Landorus-Therian, M|100/100|[from]move: Teleport
|-ability|p1a: Flooffy Paws|Intimidate|boost
|-unboost|p2a: Obstagoon|atk|1
|
|-status|p2a: Obstagoon|brn|[from] item: Flame Orb
|upkeep
|turn|13
|
|t:|1657723704
|move|p2a: Obstagoon|Knock Off|p1a: Flooffy Paws
|-damage|p1a: Flooffy Paws|62/100
|-enditem|p1a: Flooffy Paws|Leftovers|[from] move: Knock Off|[of] p2a: Obstagoon
|move|p1a: Flooffy Paws|U-turn|p2a: Obstagoon
|-supereffective|p2a: Obstagoon
|-crit|p2a: Obstagoon
|-damage|p2a: Obstagoon|28/100 brn
|
|t:|1657723713
|switch|p1a: Lt. Surge|Tapu Koko|91/100|[from]move: U-turn
|
|-damage|p2a: Obstagoon|22/100 brn|[from] brn
|upkeep
|turn|14
|
|t:|1657723722
|switch|p2a: Magnezone|Magnezone|88/100
|move|p1a: Lt. Surge|U-turn|p2a: Magnezone
|-resisted|p2a: Magnezone
|-damage|p2a: Magnezone|82/100
|
|t:|1657723732
|switch|p1a: Flooffy Paws|Landorus-Therian, M|62/100|[from]move: U-turn
|-ability|p1a: Flooffy Paws|Intimidate|boost
|-unboost|p2a: Magnezone|atk|1
|
|-fieldend|move: Electric Terrain
|upkeep
|turn|15
|
|t:|1657723741
|switch|p2a: Corviknight|Corviknight, F|73/100
|-ability|p2a: Corviknight|Pressure
|move|p1a: Flooffy Paws|Earthquake|p2a: Corviknight
|-immune|p2a: Corviknight
|
|upkeep
|turn|16
|
|t:|1657723747
|move|p1a: Flooffy Paws|U-turn|p2a: Corviknight
|-resisted|p2a: Corviknight
|-damage|p2a: Corviknight|69/100
|
|t:|1657723751
|switch|p1a: Lt. Surge|Tapu Koko|91/100|[from]move: U-turn
|-fieldstart|move: Electric Terrain|[from] ability: Electric Surge|[of] p1a: Lt. Surge
|move|p2a: Corviknight|U-turn|p1a: Lt. Surge
|-resisted|p1a: Lt. Surge
|-damage|p1a: Lt. Surge|80/100
|
|t:|1657723756
|switch|p2a: Zeraora|Zeraora|77/100|[from]move: U-turn
|
|upkeep
|turn|17
|
|t:|1657723760
|move|p2a: Zeraora|Plasma Fists|p1a: Lt. Surge
|-resisted|p1a: Lt. Surge
|-damage|p1a: Lt. Surge|40/100
|-fieldactivate|move: Ion Deluge
|-hint|Normal-type moves become Electric-type after using Plasma Fists.
|move|p1a: Lt. Surge|U-turn|p2a: Zeraora
|-damage|p2a: Zeraora|54/100
|
|t:|1657723768
|switch|p1a: Flooffy Paws|Landorus-Therian, M|62/100|[from]move: U-turn
|-ability|p1a: Flooffy Paws|Intimidate|boost
|-unboost|p2a: Zeraora|atk|1
|
|upkeep
|turn|18
|
|t:|1657723773
|move|p2a: Zeraora|Knock Off|p1a: Flooffy Paws
|-damage|p1a: Flooffy Paws|48/100
|move|p1a: Flooffy Paws|U-turn|p2a: Zeraora
|-crit|p2a: Zeraora
|-damage|p2a: Zeraora|9/100
|
|t:|1657723781
|switch|p1a: Lt. Surge|Tapu Koko|40/100|[from]move: U-turn
|
|upkeep
|turn|19
|
|t:|1657723785
|move|p2a: Zeraora|Volt Switch|p1a: Lt. Surge
|-resisted|p1a: Lt. Surge
|-damage|p1a: Lt. Surge|19/100
|
|t:|1657723788
|switch|p2a: Magnezone|Magnezone|82/100|[from]move: Volt Switch
|move|p1a: Lt. Surge|Roost|p1a: Lt. Surge
|-heal|p1a: Lt. Surge|69/100
|-singleturn|p1a: Lt. Surge|move: Roost
|
|upkeep
|turn|20
|
|t:|1657723802
|move|p1a: Lt. Surge|U-turn|p2a: Magnezone
|-resisted|p2a: Magnezone
|-damage|p2a: Magnezone|76/100
|
|t:|1657723804
|switch|p1a: Flooffy Paws|Landorus-Therian, M|48/100|[from]move: U-turn
|-ability|p1a: Flooffy Paws|Intimidate|boost
|-unboost|p2a: Magnezone|atk|1
|move|p2a: Magnezone|Thunderbolt|p1a: Flooffy Paws
|-immune|p1a: Flooffy Paws
|
|-fieldend|move: Electric Terrain
|upkeep
|turn|21
|j| Nana Baba
|
|t:|1657723810
|switch|p2a: Corviknight|Corviknight, F|69/100
|-ability|p2a: Corviknight|Pressure
|move|p1a: Flooffy Paws|U-turn|p2a: Corviknight
|-resisted|p2a: Corviknight
|-damage|p2a: Corviknight|66/100
|
|t:|1657723817
|switch|p1a: Lt. Surge|Tapu Koko|69/100|[from]move: U-turn
|-fieldstart|move: Electric Terrain|[from] ability: Electric Surge|[of] p1a: Lt. Surge
|
|upkeep
|turn|22
|
|t:|1657723822
|switch|p2a: Zeraora|Zeraora|9/100
|move|p1a: Lt. Surge|U-turn|p2a: Zeraora
|-damage|p2a: Zeraora|0 fnt
|faint|p2a: Zeraora
|
|t:|1657723834
|switch|p1a: Cwefabwe|Clefable, F|100/100|[from]move: U-turn
|
|upkeep
|
|t:|1657723838
|switch|p2a: Magnezone|Magnezone|76/100
|turn|23
|
|t:|1657723851
|move|p2a: Magnezone|Flash Cannon|p1a: Cwefabwe
|-supereffective|p1a: Cwefabwe
|-damage|p1a: Cwefabwe|16/100
|move|p1a: Cwefabwe|Stealth Rock|p2a: Magnezone
|-sidestart|p2: teamskullenoxa|move: Stealth Rock
|
|-heal|p1a: Cwefabwe|22/100|[from] item: Leftovers
|upkeep
|turn|24
|
|t:|1657723860
|move|p2a: Magnezone|Flash Cannon|p1a: Cwefabwe
|-supereffective|p1a: Cwefabwe
|-damage|p1a: Cwefabwe|0 fnt
|faint|p1a: Cwefabwe
|
|upkeep
|
|t:|1657723862
|switch|p1a: Flooffy Paws|Landorus-Therian, M|48/100
|-ability|p1a: Flooffy Paws|Intimidate|boost
|-unboost|p2a: Magnezone|atk|1
|turn|25
|
|t:|1657723866
|move|p1a: Flooffy Paws|U-turn|p2a: Magnezone
|-resisted|p2a: Magnezone
|-crit|p2a: Magnezone
|-damage|p2a: Magnezone|61/100
|
|t:|1657723880
|switch|p1a: Slowking|Slowking, M|62/100|[from]move: U-turn
|move|p2a: Magnezone|Flash Cannon|p1a: Slowking
|-resisted|p1a: Slowking
|-damage|p1a: Slowking|49/100
|
|-fieldend|move: Electric Terrain
|upkeep
|turn|26
|
|t:|1657723883
|switch|p1a: Flooffy Paws|Landorus-Therian, M|48/100
|-ability|p1a: Flooffy Paws|Intimidate|boost
|-unboost|p2a: Magnezone|atk|1
|move|p2a: Magnezone|Thunderbolt|p1a: Flooffy Paws
|-immune|p1a: Flooffy Paws
|
|upkeep
|turn|27
|
|t:|1657723888
|move|p1a: Flooffy Paws|U-turn|p2a: Magnezone
|-resisted|p2a: Magnezone
|-crit|p2a: Magnezone
|-damage|p2a: Magnezone|46/100
|
|t:|1657723890
|switch|p1a: Slowking|Slowking, M|83/100|[from]move: U-turn
|move|p2a: Magnezone|Thunderbolt|p1a: Slowking
|-supereffective|p1a: Slowking
|-damage|p1a: Slowking|16/100
|
|upkeep
|turn|28
|
|t:|1657723896
|move|p2a: Magnezone|Flash Cannon|p1a: Slowking
|-resisted|p1a: Slowking
|-damage|p1a: Slowking|4/100
|move|p1a: Slowking|Teleport|p1a: Slowking
|
|t:|1657723900
|switch|p1a: Flooffy Paws|Landorus-Therian, M|48/100|[from]move: Teleport
|-ability|p1a: Flooffy Paws|Intimidate|boost
|-unboost|p2a: Magnezone|atk|1
|
|upkeep
|turn|29
|
|t:|1657723907
|switch|p2a: Corviknight|Corviknight, F|66/100
|-damage|p2a: Corviknight|53/100|[from] Stealth Rock
|-ability|p2a: Corviknight|Pressure
|move|p1a: Flooffy Paws|U-turn|p2a: Corviknight
|-resisted|p2a: Corviknight
|-damage|p2a: Corviknight|50/100
|
|t:|1657723914
|switch|p1a: Lt. Surge|Tapu Koko|69/100|[from]move: U-turn
|-fieldstart|move: Electric Terrain|[from] ability: Electric Surge|[of] p1a: Lt. Surge
|
|upkeep
|turn|30
|
|t:|1657723918
|switch|p2a: Obstagoon|Obstagoon, F|22/100 brn
|-damage|p2a: Obstagoon|10/100 brn|[from] Stealth Rock
|move|p1a: Lt. Surge|Thunderbolt|p2a: Obstagoon
|-damage|p2a: Obstagoon|0 fnt
|faint|p2a: Obstagoon
|
|upkeep
|
|t:|1657723919
|switch|p2a: Tapu Lele|Tapu Lele|100/100
|-damage|p2a: Tapu Lele|88/100|[from] Stealth Rock
|-fieldstart|move: Psychic Terrain|[from] ability: Psychic Surge|[of] p2a: Tapu Lele
|turn|31
|
|t:|1657723928
|move|p1a: Lt. Surge|U-turn|p2a: Tapu Lele
|-damage|p2a: Tapu Lele|65/100
|
|t:|1657723933
|switch|p1a: Slowking|Slowking, M|37/100|[from]move: U-turn
|move|p2a: Tapu Lele|Calm Mind|p2a: Tapu Lele
|-boost|p2a: Tapu Lele|spa|1
|-boost|p2a: Tapu Lele|spd|1
|
|upkeep
|turn|32
|
|t:|1657723937
|move|p2a: Tapu Lele|Moonblast|p1a: Slowking
|-damage|p1a: Slowking|0 fnt
|faint|p1a: Slowking
|
|upkeep
|
|t:|1657723939
|switch|p1a: Micro Cuts|Kartana|12/100
|turn|33
|
|t:|1657723947
|switch|p1a: Flooffy Paws|Landorus-Therian, M|48/100
|-ability|p1a: Flooffy Paws|Intimidate|boost
|-unboost|p2a: Tapu Lele|atk|1
|switch|p2a: Corviknight|Corviknight, F|50/100
|-damage|p2a: Corviknight|38/100|[from] Stealth Rock
|-ability|p2a: Corviknight|Pressure
|
|upkeep
|turn|34
|
|t:|1657723954
|move|p1a: Flooffy Paws|U-turn|p2a: Corviknight
|-resisted|p2a: Corviknight
|-damage|p2a: Corviknight|34/100
|
|t:|1657723958
|switch|p1a: Lt. Surge|Tapu Koko|69/100|[from]move: U-turn
|-fieldstart|move: Electric Terrain|[from] ability: Electric Surge|[of] p1a: Lt. Surge
|move|p2a: Corviknight|Roost|p2a: Corviknight
|-heal|p2a: Corviknight|84/100
|-singleturn|p2a: Corviknight|move: Roost
|
|upkeep
|turn|35
|
|t:|1657723966
|switch|p2a: Starmie|Starmie|25/100
|-damage|p2a: Starmie|13/100|[from] Stealth Rock
|move|p1a: Lt. Surge|Thunderbolt|p2a: Starmie
|-supereffective|p2a: Starmie
|-damage|p2a: Starmie|0 fnt
|faint|p2a: Starmie
|
|upkeep
|
|t:|1657723970
|switch|p2a: Magnezone|Magnezone|46/100
|-damage|p2a: Magnezone|40/100|[from] Stealth Rock
|turn|36
|
|t:|1657723981
|move|p1a: Lt. Surge|U-turn|p2a: Magnezone
|-resisted|p2a: Magnezone
|-damage|p2a: Magnezone|34/100
|
|t:|1657723983
|switch|p1a: Bulk Biceps|Buzzwole|100/100|[from]move: U-turn
|move|p2a: Magnezone|Flash Cannon|p1a: Bulk Biceps
|-damage|p1a: Bulk Biceps|41/100
|
|upkeep
|turn|37
|
|t:|1657723987
|move|p1a: Bulk Biceps|Close Combat|p2a: Magnezone
|-supereffective|p2a: Magnezone
|-damage|p2a: Magnezone|0 fnt
|-unboost|p1a: Bulk Biceps|def|1
|-unboost|p1a: Bulk Biceps|spd|1
|faint|p2a: Magnezone
|-ability|p1a: Bulk Biceps|Beast Boost|boost
|-boost|p1a: Bulk Biceps|def|1
|
|upkeep
|
|t:|1657723991
|switch|p2a: Corviknight|Corviknight, F|84/100
|-damage|p2a: Corviknight|72/100|[from] Stealth Rock
|-ability|p2a: Corviknight|Pressure
|turn|38
|
|t:|1657723995
|move|p1a: Bulk Biceps|Close Combat|p2a: Corviknight
|-damage|p2a: Corviknight|36/100
|-unboost|p1a: Bulk Biceps|def|1
|-unboost|p1a: Bulk Biceps|spd|1
|move|p2a: Corviknight|Defog|p1a: Bulk Biceps
|-unboost|p1a: Bulk Biceps|evasion|1
|-sideend|p2: teamskullenoxa|Stealth Rock|[from] move: Defog|[of] p2a: Corviknight
|-fieldend|move: Electric Terrain
|
|upkeep
|turn|39
|
|t:|1657724001
|move|p1a: Bulk Biceps|Close Combat|p2a: Corviknight
|-damage|p2a: Corviknight|3/100
|-unboost|p1a: Bulk Biceps|def|1
|-unboost|p1a: Bulk Biceps|spd|1
|move|p2a: Corviknight|Roost|p2a: Corviknight
|-heal|p2a: Corviknight|53/100
|-singleturn|p2a: Corviknight|move: Roost
|
|upkeep
|turn|40
|
|t:|1657724006
|move|p1a: Bulk Biceps|Close Combat|p2a: Corviknight
|-damage|p2a: Corviknight|21/100
|-unboost|p1a: Bulk Biceps|def|1
|-unboost|p1a: Bulk Biceps|spd|1
|move|p2a: Corviknight|Roost|p2a: Corviknight
|-heal|p2a: Corviknight|71/100
|-singleturn|p2a: Corviknight|move: Roost
|
|upkeep
|turn|41
|
|t:|1657724010
|switch|p1a: Lt. Surge|Tapu Koko|69/100
|-fieldstart|move: Electric Terrain|[from] ability: Electric Surge|[of] p1a: Lt. Surge
|move|p2a: Corviknight|U-turn|p1a: Lt. Surge
|-resisted|p1a: Lt. Surge
|-damage|p1a: Lt. Surge|59/100
|
|t:|1657724011
|switch|p2a: Tapu Lele|Tapu Lele|65/100|[from]move: U-turn
|-fieldstart|move: Psychic Terrain|[from] ability: Psychic Surge|[of] p2a: Tapu Lele
|
|upkeep
|turn|42
|
|t:|1657724017
|move|p1a: Lt. Surge|U-turn|p2a: Tapu Lele
|-damage|p2a: Tapu Lele|41/100
|
|t:|1657724020
|switch|p1a: Bulk Biceps|Buzzwole|41/100|[from]move: U-turn
|move|p2a: Tapu Lele|Moonblast|p1a: Bulk Biceps
|-supereffective|p1a: Bulk Biceps
|-damage|p1a: Bulk Biceps|0 fnt
|faint|p1a: Bulk Biceps
|
|upkeep
|
|t:|1657724023
|switch|p1a: Lt. Surge|Tapu Koko|59/100
|-fieldstart|move: Electric Terrain|[from] ability: Electric Surge|[of] p1a: Lt. Surge
|turn|43
|
|t:|1657724028
|move|p1a: Lt. Surge|Thunderbolt|p2a: Tapu Lele
|-damage|p2a: Tapu Lele|0 fnt
|faint|p2a: Tapu Lele
|
|upkeep
|
|t:|1657724030
|switch|p2a: Corviknight|Corviknight, F|71/100
|-ability|p2a: Corviknight|Pressure
|turn|44
|
|t:|1657724034
|move|p1a: Lt. Surge|Thunderbolt|p2a: Corviknight
|-supereffective|p2a: Corviknight
|-damage|p2a: Corviknight|0 fnt
|faint|p2a: Corviknight
|
|win|Ohmboy Tesla
|raw|Ohmboy Tesla's rating: 1519 &rarr; <strong>1542</strong><br />(+23 for winning)
|raw|teamskullenoxa's rating: 1567 &rarr; <strong>1544</strong><br />(-23 for losing)
|c|☆Ohmboy Tesla|gg
|l|☆Ohmboy Tesla
||Ladder isn't responding, score probably updated but might not have (Request timeout).
|l|☆teamskullenoxa
