|raw|<div class="broadcast-blue"><strong>This battle is required to be public due to a player having a name starting with 'lt91bb'.</div>
|j|☆Lt91bb quartos
|j|☆Highv0ltag3
|t:|1659140082
|gametype|singles
|player|p1|Lt91bb quartos|drayden|1832
|player|p2|Highv0ltag3|volo|1835
|teamsize|p1|6
|teamsize|p2|6
|gen|8
|tier|[Gen 8] OU
|rated|
|rule|Sleep Clause Mod: Limit one foe put to sleep
|rule|Species Clause: Limit one of each Pokémon
|rule|OHKO Clause: OHKO moves are banned
|rule|Evasion Moves Clause: Evasion moves are banned
|rule|Endless Battle Clause: Forcing endless battles is banned
|rule|HP Percentage Mod: HP is shown in percentages
|rule|Dynamax Clause: You cannot dynamax
|clearpoke
|poke|p1|Jirachi|
|poke|p1|Clefable, F|
|poke|p1|Landorus-Therian, M|
|poke|p1|Tapu Lele|
|poke|p1|Heatran, M|
|poke|p1|Slowbro, F|
|poke|p2|Tapu Koko|
|poke|p2|Hippowdon, M|
|poke|p2|Blissey, F|
|poke|p2|Dragonite, F|
|poke|p2|Melmetal|
|poke|p2|Toxapex, F|
|teampreview
|
|t:|1659140089
|start
|switch|p1a: Landorus|Landorus-Therian, M|100/100
|switch|p2a: Tapu Koko|Tapu Koko|100/100
|-fieldstart|move: Electric Terrain|[from] ability: Electric Surge|[of] p2a: Tapu Koko
|-ability|p1a: Landorus|Intimidate|boost
|-unboost|p2a: Tapu Koko|atk|1
|turn|1
|
|t:|1659140093
|switch|p2a: Dragonite|Dragonite, F|100/100
|move|p1a: Landorus|Toxic|p2a: Dragonite
|-status|p2a: Dragonite|tox
|
|-damage|p2a: Dragonite|94/100 tox|[from] psn
|upkeep
|turn|2
|
|t:|1659140097
|switch|p1a: Clefable|Clefable, F|100/100
|move|p2a: Dragonite|Waterfall|p1a: Clefable
|-damage|p1a: Clefable|81/100
|-damage|p2a: Dragonite|78/100 tox|[from] item: Rocky Helmet|[of] p1a: Clefable
|
|-damage|p2a: Dragonite|66/100 tox|[from] psn
|upkeep
|turn|3
|
|t:|1659140101
|switch|p2a: Melmetal|Melmetal|100/100
|move|p1a: Clefable|Knock Off|p2a: Melmetal
|-damage|p2a: Melmetal|91/100
|-enditem|p2a: Melmetal|Assault Vest|[from] move: Knock Off|[of] p1a: Clefable
|
|upkeep
|turn|4
|
|t:|1659140107
|switch|p1a: Slowbro|Slowbro, F|100/100
|move|p2a: Melmetal|Thunder Punch|p1a: Slowbro
|-supereffective|p1a: Slowbro
|-damage|p1a: Slowbro|28/100
|
|upkeep
|turn|5
|
|t:|1659140112
|switch|p1a: Heatran|Heatran, M|100/100
|move|p2a: Melmetal|Superpower|p1a: Heatran
|-supereffective|p1a: Heatran
|-damage|p1a: Heatran|17/100
|-unboost|p2a: Melmetal|atk|1
|-unboost|p2a: Melmetal|def|1
|-status|p2a: Melmetal|brn|[from] ability: Flame Body|[of] p1a: Heatran
|
|-heal|p1a: Heatran|23/100|[from] item: Leftovers
|-damage|p2a: Melmetal|85/100 brn|[from] brn
|-fieldend|move: Electric Terrain
|upkeep
|turn|6
|
|t:|1659140118
|switch|p1a: Landorus|Landorus-Therian, M|100/100
|-ability|p1a: Landorus|Intimidate|boost
|-unboost|p2a: Melmetal|atk|1
|switch|p2a: Dragonite|Dragonite, F|66/100 tox
|
|-damage|p2a: Dragonite|59/100 tox|[from] psn
|upkeep
|turn|7
|
|t:|1659140121
|switch|p1a: Slowbro|Slowbro, F|62/100
|move|p2a: Dragonite|Roost|p2a: Dragonite
|-heal|p2a: Dragonite|100/100 tox
|-singleturn|p2a: Dragonite|move: Roost
|
|-damage|p2a: Dragonite|88/100 tox|[from] psn
|upkeep
|turn|8
|
|t:|1659140124
|switch|p2a: Blissey|Blissey, F|100/100
|move|p1a: Slowbro|Slack Off|p1a: Slowbro
|-heal|p1a: Slowbro|100/100
|
|upkeep
|turn|9
|
|t:|1659140128
|move|p2a: Blissey|Heal Bell|p2a: Blissey
|-activate|p2a: Blissey|move: Heal Bell
|-curestatus|p2: Dragonite|tox|[msg]
|-curestatus|p2: Melmetal|brn|[msg]
|move|p1a: Slowbro|Teleport|p1a: Slowbro
|j| vaguelone
|
|t:|1659140137
|switch|p1a: Heatran|Heatran, M|23/100|[from]move: Teleport
|
|-heal|p1a: Heatran|29/100|[from] item: Leftovers
|upkeep
|turn|10
|
|t:|1659140147
|switch|p1a: Clefable|Clefable, F|81/100
|switch|p2a: Dragonite|Dragonite, F|88/100
|
|upkeep
|turn|11
|
|t:|1659140151
|switch|p2a: Melmetal|Melmetal|85/100
|move|p1a: Clefable|Thunder Wave|p2a: Melmetal|[miss]
|-miss|p1a: Clefable|p2a: Melmetal
|
|upkeep
|turn|12
|j| LT91BB elle
|
|t:|1659140161
|switch|p1a: Heatran|Heatran, M|29/100
|move|p2a: Melmetal|Thunder Punch|p1a: Heatran
|-damage|p1a: Heatran|0 fnt
|faint|p1a: Heatran
|
|upkeep
|
|t:|1659140164
|switch|p1a: Landorus|Landorus-Therian, M|100/100
|-ability|p1a: Landorus|Intimidate|boost
|-unboost|p2a: Melmetal|atk|1
|turn|13
|
|t:|1659140168
|move|p1a: Landorus|Earthquake|p2a: Melmetal
|-supereffective|p2a: Melmetal
|-crit|p2a: Melmetal
|-damage|p2a: Melmetal|0 fnt
|faint|p2a: Melmetal
|
|upkeep
|j| LT91BB Bless
|
|t:|1659140172
|switch|p2a: Hippowdon|Hippowdon, M|100/100
|turn|14
|l| LT91BB Bless
|j| Binacle Pinnacle
|
|t:|1659140178
|move|p1a: Landorus|Toxic|p2a: Hippowdon
|-status|p2a: Hippowdon|tox
|move|p2a: Hippowdon|Toxic|p1a: Landorus
|-status|p1a: Landorus|tox
|
|-damage|p1a: Landorus|94/100 tox|[from] psn
|-damage|p2a: Hippowdon|94/100 tox|[from] psn
|upkeep
|turn|15
|
|t:|1659140182
|switch|p2a: Blissey|Blissey, F|100/100
|move|p1a: Landorus|U-turn|p2a: Blissey
|-damage|p2a: Blissey|82/100
|
|t:|1659140186
|switch|p1a: Tapu Lele|Tapu Lele|100/100|[from]move: U-turn
|-fieldstart|move: Psychic Terrain|[from] ability: Psychic Surge|[of] p1a: Tapu Lele
|
|-heal|p2a: Blissey|89/100|[from] item: Leftovers
|upkeep
|turn|16
|
|t:|1659140190
|switch|p1a: Jirachi|Jirachi|100/100
|move|p2a: Blissey|Protect||[still]
|-fail|p2a: Blissey
|
|-heal|p2a: Blissey|95/100|[from] item: Leftovers
|upkeep
|turn|17
|j| LT91BB ssx
|
|t:|1659140200
|move|p1a: Jirachi|Calm Mind|p1a: Jirachi
|-boost|p1a: Jirachi|spa|1
|-boost|p1a: Jirachi|spd|1
|move|p2a: Blissey|Heal Bell|p2a: Blissey
|-activate|p2a: Blissey|move: Heal Bell
|-curestatus|p2: Hippowdon|tox|[msg]
|
|-heal|p2a: Blissey|100/100|[from] item: Leftovers
|upkeep
|turn|18
|
|t:|1659140203
|move|p1a: Jirachi|Calm Mind|p1a: Jirachi
|-boost|p1a: Jirachi|spa|1
|-boost|p1a: Jirachi|spd|1
|move|p2a: Blissey|Wish|p2a: Blissey
|
|upkeep
|turn|19
|
|t:|1659140212
|switch|p2a: Dragonite|Dragonite, F|88/100
|move|p1a: Jirachi|Iron Defense|p1a: Jirachi
|-boost|p1a: Jirachi|def|2
|
|-heal|p2a: Dragonite|100/100|[from] move: Wish|[wisher] Blissey
|-fieldend|move: Psychic Terrain
|upkeep
|turn|20
|
|t:|1659140217
|switch|p2a: Toxapex|Toxapex, F|100/100
|move|p1a: Jirachi|Calm Mind|p1a: Jirachi
|-boost|p1a: Jirachi|spa|1
|-boost|p1a: Jirachi|spd|1
|
|upkeep
|turn|21
|j| LT91BB Dasher
|
|t:|1659140221
|move|p1a: Jirachi|Stored Power|p2a: Toxapex
|-supereffective|p2a: Toxapex
|-damage|p2a: Toxapex|0 fnt
|faint|p2a: Toxapex
|
|upkeep
|-message|Highv0ltag3 forfeited.
|
|win|Lt91bb quartos
|raw|Lt91bb quartos's rating: 1832 &rarr; <strong>1852</strong><br />(+20 for winning)
|raw|Highv0ltag3's rating: 1835 &rarr; <strong>1815</strong><br />(-20 for losing)
|l|☆Highv0ltag3
|j| corperate n
|l|☆Lt91bb quartos
|l| LT91BB elle
|l| corperate n
|l| LT91BB Dasher
|j| zReptar
|l| zReptar
||Ladder isn't responding, score probably updated but might not have (Request timeout).
|j| Lt91bb stock972
|l| Lt91bb stock972
|l| vaguelone
|j| Chhhjgh
