|j|☆Mel2345
|j|☆Tomestry
|t:|1641229145
|gametype|singles
|player|p1|Mel2345|cheren-gen5bw2|1608
|player|p2|Tomestry|gambler|1542
|teamsize|p1|6
|teamsize|p2|6
|gen|8
|tier|[Gen 8] OU
|rated|
|rule|Sleep Clause Mod: Limit one foe put to sleep
|rule|Species Clause: Limit one of each Pokémon
|rule|OHKO Clause: OHKO moves are banned
|rule|Evasion Moves Clause: Evasion moves are banned
|rule|Endless Battle Clause: Forcing endless battles is banned
|rule|HP Percentage Mod: HP is shown in percentages
|rule|Dynamax Clause: You cannot dynamax
|clearpoke
|poke|p1|Pelipper, M|
|poke|p1|Dragapult, M|
|poke|p1|Melmetal|
|poke|p1|Clefable, F|
|poke|p1|Tornadus-Therian, M|
|poke|p1|Rillaboom, M|
|poke|p2|Landorus-Therian, M|
|poke|p2|Blissey, F|
|poke|p2|Toxapex, F|
|poke|p2|Ferrothorn, F|
|poke|p2|Zapdos|
|poke|p2|Blacephalon|
|teampreview
|inactive|Battle timer is ON: inactive players will automatically lose when time's up. (requested by Mel2345)
|
|t:|1641229173
|start
|switch|p1a: Dragapult|Dragapult, M|100/100
|switch|p2a: Z2|Zapdos|100/100
|turn|1
|
|t:|1641229180
|move|p1a: Dragapult|U-turn|p2a: Z2
|-resisted|p2a: Z2
|-damage|p2a: Z2|92/100
|
|t:|1641229186
|switch|p1a: Clefable|Clefable, F|100/100|[from]move: U-turn
|move|p2a: Z2|Discharge|p1a: Clefable
|-damage|p1a: Clefable|68/100
|
|-heal|p1a: Clefable|74/100|[from] item: Leftovers
|upkeep
|turn|2
|
|t:|1641229196
|switch|p2a: T-pex|Toxapex, F|100/100
|move|p1a: Clefable|Stealth Rock|p2a: T-pex
|-sidestart|p2: Tomestry|move: Stealth Rock
|
|-heal|p1a: Clefable|80/100|[from] item: Leftovers
|upkeep
|turn|3
|
|t:|1641229199
|move|p1a: Clefable|Thunder Wave|p2a: T-pex
|-status|p2a: T-pex|par
|cant|p2a: T-pex|par
|
|-heal|p1a: Clefable|86/100|[from] item: Leftovers
|upkeep
|turn|4
|
|t:|1641229210
|switch|p1a: Pelipper|Pelipper, M|100/100
|-weather|RainDance|[from] ability: Drizzle|[of] p1a: Pelipper
|move|p2a: T-pex|Knock Off|p1a: Pelipper
|-damage|p1a: Pelipper|81/100
|-enditem|p1a: Pelipper|Heavy-Duty Boots|[from] move: Knock Off|[of] p2a: T-pex
|
|-weather|RainDance|[upkeep]
|upkeep
|turn|5
|
|t:|1641229234
|move|p1a: Pelipper|Hurricane|p2a: T-pex
|-damage|p2a: T-pex|62/100 par
|-start|p2a: T-pex|confusion
|-activate|p2a: T-pex|confusion
|move|p2a: T-pex|Scald|p1a: Pelipper
|-resisted|p1a: Pelipper
|-damage|p1a: Pelipper|61/100
|
|-weather|RainDance|[upkeep]
|upkeep
|turn|6
|l|☆Mel2345
|inactive|Mel2345 disconnected and has a minute to reconnect!
|player|p1|
|inactive|Mel2345 has 30 seconds to reconnect!
|j|☆Mel2345
|inactive|Mel2345 reconnected and has 120 seconds left.
|player|p1|Mel2345|cheren-gen5bw2
|
|t:|1641229276
|switch|p2a: tanker|Blissey, F|100/100
|-damage|p2a: tanker|88/100|[from] Stealth Rock
|move|p1a: Pelipper|U-turn|p2a: tanker
|-damage|p2a: tanker|80/100
|
|t:|1641229282
|switch|p1a: Melmetal|Melmetal|100/100|[from]move: U-turn
|
|-weather|RainDance|[upkeep]
|-heal|p2a: tanker|86/100|[from] item: Leftovers
|upkeep
|turn|7
|c|☆Mel2345|test
|
|t:|1641229304
|switch|p2a: T-pex|Toxapex, F|95/100 par
|-damage|p2a: T-pex|82/100 par|[from] Stealth Rock
|switch|p1a: Dragapult|Dragapult, M|100/100
|
|-weather|RainDance|[upkeep]
|upkeep
|turn|8
|
|t:|1641229311
|switch|p2a: tanker|Blissey, F|86/100
|-damage|p2a: tanker|74/100|[from] Stealth Rock
|move|p1a: Dragapult|Draco Meteor|p2a: tanker|[miss]
|-miss|p1a: Dragapult|p2a: tanker
|
|-weather|none
|-heal|p2a: tanker|80/100|[from] item: Leftovers
|upkeep
|turn|9
|
|t:|1641229318
|switch|p1a: Melmetal|Melmetal|100/100
|move|p2a: tanker|Stealth Rock|p1a: Melmetal
|-sidestart|p1: Mel2345|move: Stealth Rock
|
|-heal|p2a: tanker|86/100|[from] item: Leftovers
|upkeep
|turn|10
|inactive|Mel2345 has 120 seconds left.
|
|t:|1641229324
|switch|p2a: Ferro|Ferrothorn, F|100/100
|-damage|p2a: Ferro|94/100|[from] Stealth Rock
|move|p1a: Melmetal|Double Iron Bash|p2a: Ferro
|-resisted|p2a: Ferro
|-damage|p2a: Ferro|80/100
|-damage|p1a: Melmetal|88/100|[from] ability: Iron Barbs|[of] p2a: Ferro
|-resisted|p2a: Ferro
|-damage|p2a: Ferro|68/100
|-damage|p1a: Melmetal|76/100|[from] ability: Iron Barbs|[of] p2a: Ferro
|-hitcount|p2a: Ferro|2
|
|-heal|p1a: Melmetal|82/100|[from] item: Leftovers
|-heal|p2a: Ferro|74/100|[from] item: Leftovers
|upkeep
|turn|11
|j| ehek
|
|t:|1641229332
|switch|p1a: Clefable|Clefable, F|86/100
|move|p2a: Ferro|Leech Seed|p1a: Clefable
|-start|p1a: Clefable|move: Leech Seed
|
|-heal|p1a: Clefable|92/100|[from] item: Leftovers
|-heal|p2a: Ferro|80/100|[from] item: Leftovers
|upkeep
|turn|12
|
|t:|1641229348
|switch|p2a: tanker|Blissey, F|86/100
|-damage|p2a: tanker|74/100|[from] Stealth Rock
|move|p1a: Clefable|Thunder Wave|p2a: tanker
|-status|p2a: tanker|par
|
|-heal|p1a: Clefable|98/100|[from] item: Leftovers
|-heal|p2a: tanker|80/100 par|[from] item: Leftovers
|upkeep
|turn|13
|l| ehek
|
|t:|1641229367
|switch|p1a: Tornadus|Tornadus-Therian, M|100/100
|move|p2a: tanker|Seismic Toss|p1a: Tornadus
|-damage|p1a: Tornadus|73/100
|
|-heal|p2a: tanker|86/100 par|[from] item: Leftovers
|upkeep
|turn|14
|
|t:|1641229375
|move|p1a: Tornadus|Knock Off|p2a: tanker
|-damage|p2a: tanker|68/100 par
|-enditem|p2a: tanker|Leftovers|[from] move: Knock Off|[of] p1a: Tornadus
|move|p2a: tanker|Seismic Toss|p1a: Tornadus
|-damage|p1a: Tornadus|45/100
|
|upkeep
|turn|15
|
|t:|1641229378
|move|p1a: Tornadus|Defog|p2a: tanker
|-unboost|p2a: tanker|evasion|1
|-sideend|p2: Tomestry|Stealth Rock|[from] move: Defog|[of] p1a: Tornadus
|-sideend|p1: Mel2345|Stealth Rock|[from] move: Defog|[of] p1a: Tornadus
|move|p2a: tanker|Soft-Boiled|p2a: tanker
|-heal|p2a: tanker|100/100 par
|
|upkeep
|turn|16
|
|t:|1641229382
|move|p1a: Tornadus|U-turn|p2a: tanker
|-damage|p2a: tanker|87/100 par
|
|t:|1641229385
|switch|p1a: Rillaboom|Rillaboom, M|100/100|[from]move: U-turn
|-fieldstart|move: Grassy Terrain|[from] ability: Grassy Surge|[of] p1a: Rillaboom
|cant|p2a: tanker|par
|
|-heal|p2a: tanker|93/100 par|[from] Grassy Terrain
|upkeep
|turn|17
|
|t:|1641229403
|-curestatus|p2a: tanker|par|[from] ability: Natural Cure
|switch|p2a: T-pex|Toxapex, F|100/100 par
|move|p1a: Rillaboom|Knock Off|p2a: T-pex
|-damage|p2a: T-pex|69/100 par
|-damage|p1a: Rillaboom|84/100|[from] item: Rocky Helmet|[of] p2a: T-pex
|-enditem|p2a: T-pex|Rocky Helmet|[from] move: Knock Off|[of] p1a: Rillaboom
|
|-heal|p1a: Rillaboom|90/100|[from] Grassy Terrain
|-heal|p2a: T-pex|75/100 par|[from] Grassy Terrain
|upkeep
|turn|18
|
|t:|1641229411
|switch|p1a: Pelipper|Pelipper, M|61/100
|-weather|RainDance|[from] ability: Drizzle|[of] p1a: Pelipper
|move|p2a: T-pex|Scald|p1a: Pelipper
|-resisted|p1a: Pelipper
|-damage|p1a: Pelipper|43/100
|
|-weather|RainDance|[upkeep]
|-heal|p2a: T-pex|81/100 par|[from] Grassy Terrain
|upkeep
|turn|19
|
|t:|1641229427
|switch|p2a: tanker|Blissey, F|93/100
|move|p1a: Pelipper|Roost|p1a: Pelipper
|-heal|p1a: Pelipper|93/100
|-singleturn|p1a: Pelipper|move: Roost
|
|-weather|RainDance|[upkeep]
|-heal|p1a: Pelipper|99/100|[from] Grassy Terrain
|-heal|p2a: tanker|99/100|[from] Grassy Terrain
|upkeep
|turn|20
|
|t:|1641229431
|move|p1a: Pelipper|U-turn|p2a: tanker
|-damage|p2a: tanker|92/100
|
|t:|1641229433
|switch|p1a: Melmetal|Melmetal|82/100|[from]move: U-turn
|move|p2a: tanker|Stealth Rock|p1a: Melmetal
|-sidestart|p1: Mel2345|move: Stealth Rock
|
|-weather|RainDance|[upkeep]
|-heal|p2a: tanker|98/100|[from] Grassy Terrain
|-heal|p1a: Melmetal|88/100|[from] Grassy Terrain
|-heal|p1a: Melmetal|94/100|[from] item: Leftovers
|-fieldend|move: Grassy Terrain
|upkeep
|turn|21
|
|t:|1641229447
|switch|p2a: T-pex|Toxapex, F|100/100 par
|move|p1a: Melmetal|Double Iron Bash|p2a: T-pex
|-resisted|p2a: T-pex
|-damage|p2a: T-pex|87/100 par
|-resisted|p2a: T-pex
|-damage|p2a: T-pex|73/100 par
|-hitcount|p2a: T-pex|2
|
|-weather|RainDance|[upkeep]
|-heal|p1a: Melmetal|99/100|[from] item: Leftovers
|upkeep
|turn|22
|
|t:|1641229462
|switch|p2a: Ferro|Ferrothorn, F|80/100
|move|p1a: Melmetal|Double Iron Bash|p2a: Ferro
|-resisted|p2a: Ferro
|-damage|p2a: Ferro|67/100
|-damage|p1a: Melmetal|88/100|[from] ability: Iron Barbs|[of] p2a: Ferro
|-resisted|p2a: Ferro
|-damage|p2a: Ferro|55/100
|-damage|p1a: Melmetal|75/100|[from] ability: Iron Barbs|[of] p2a: Ferro
|-hitcount|p2a: Ferro|2
|
|-weather|none
|-heal|p1a: Melmetal|81/100|[from] item: Leftovers
|-heal|p2a: Ferro|61/100|[from] item: Leftovers
|upkeep
|turn|23
|
|t:|1641229468
|switch|p1a: Clefable|Clefable, F|98/100
|move|p2a: Ferro|Leech Seed|p1a: Clefable
|-start|p1a: Clefable|move: Leech Seed
|
|-heal|p1a: Clefable|100/100|[from] item: Leftovers
|-heal|p2a: Ferro|67/100|[from] item: Leftovers
|upkeep
|turn|24
|
|t:|1641229479
|move|p1a: Clefable|Thunder Wave|p2a: Ferro
|-status|p2a: Ferro|par
|move|p2a: Ferro|Knock Off|p1a: Clefable
|-resisted|p1a: Clefable
|-damage|p1a: Clefable|92/100
|-enditem|p1a: Clefable|Leftovers|[from] move: Knock Off|[of] p2a: Ferro
|
|-heal|p2a: Ferro|74/100 par|[from] item: Leftovers
|upkeep
|turn|25
|
|t:|1641229489
|move|p1a: Clefable|Stealth Rock|p2a: Ferro
|-sidestart|p2: Tomestry|move: Stealth Rock
|move|p2a: Ferro|Spikes|p1a: Clefable
|-sidestart|p1: Mel2345|Spikes
|
|-heal|p2a: Ferro|80/100 par|[from] item: Leftovers
|upkeep
|turn|26
|
|t:|1641229494
|switch|p1a: Tornadus|Tornadus-Therian, M|78/100
|cant|p2a: Ferro|par
|
|-heal|p2a: Ferro|86/100 par|[from] item: Leftovers
|upkeep
|turn|27
|
|t:|1641229498
|move|p1a: Tornadus|Knock Off|p2a: Ferro
|-damage|p2a: Ferro|75/100 par
|-damage|p1a: Tornadus|66/100|[from] ability: Iron Barbs|[of] p2a: Ferro
|-enditem|p2a: Ferro|Leftovers|[from] move: Knock Off|[of] p1a: Tornadus
|cant|p2a: Ferro|par
|
|upkeep
|turn|28
|
|t:|1641229502
|move|p1a: Tornadus|Defog|p2a: Ferro
|-unboost|p2a: Ferro|evasion|1
|-sideend|p2: Tomestry|Stealth Rock|[from] move: Defog|[of] p1a: Tornadus
|-sideend|p1: Mel2345|Spikes|[from] move: Defog|[of] p1a: Tornadus
|-sideend|p1: Mel2345|Stealth Rock|[from] move: Defog|[of] p1a: Tornadus
|cant|p2a: Ferro|par
|
|upkeep
|turn|29
|c|☆Mel2345|my bad
|
|t:|1641229513
|move|p1a: Tornadus|U-turn|p2a: Ferro
|-damage|p2a: Ferro|66/100 par
|-damage|p1a: Tornadus|54/100|[from] ability: Iron Barbs|[of] p2a: Ferro
|
|t:|1641229520
|switch|p1a: Clefable|Clefable, F|92/100|[from]move: U-turn
|cant|p2a: Ferro|par
|
|upkeep
|turn|30
|
|t:|1641229532
|switch|p2a: T|Landorus-Therian, M|100/100
|-ability|p2a: T|Intimidate|boost
|-unboost|p1a: Clefable|atk|1
|move|p1a: Clefable|Stealth Rock|p2a: T
|-sidestart|p2: Tomestry|move: Stealth Rock
|
|upkeep
|turn|31
|
|t:|1641229536
|switch|p1a: Pelipper|Pelipper, M|99/100
|-weather|RainDance|[from] ability: Drizzle|[of] p1a: Pelipper
|move|p2a: T|Substitute|p2a: T
|-start|p2a: T|Substitute
|-damage|p2a: T|76/100
|
|-weather|RainDance|[upkeep]
|-heal|p2a: T|82/100|[from] item: Leftovers
|upkeep
|turn|32
|
|t:|1641229547
|move|p2a: T|Stone Edge|p1a: Pelipper
|-supereffective|p1a: Pelipper
|-damage|p1a: Pelipper|0 fnt
|faint|p1a: Pelipper
|
|-weather|RainDance|[upkeep]
|-heal|p2a: T|88/100|[from] item: Leftovers
|upkeep
|
|t:|1641229553
|switch|p1a: Dragapult|Dragapult, M|100/100
|turn|33
|
|t:|1641229556
|switch|p2a: tanker|Blissey, F|98/100
|-damage|p2a: tanker|85/100|[from] Stealth Rock
|move|p1a: Dragapult|Draco Meteor|p2a: tanker
|-damage|p2a: tanker|56/100
|-unboost|p1a: Dragapult|spa|2
|
|-weather|RainDance|[upkeep]
|upkeep
|turn|34
|
|t:|1641229561
|switch|p1a: Melmetal|Melmetal|81/100
|move|p2a: tanker|Soft-Boiled|p2a: tanker
|-heal|p2a: tanker|100/100
|
|-weather|RainDance|[upkeep]
|-heal|p1a: Melmetal|87/100|[from] item: Leftovers
|upkeep
|turn|35
|
|t:|1641229575
|switch|p2a: T-pex|Toxapex, F|100/100 par
|-damage|p2a: T-pex|88/100 par|[from] Stealth Rock
|move|p1a: Melmetal|Double Iron Bash|p2a: T-pex
|-resisted|p2a: T-pex
|-damage|p2a: T-pex|75/100 par
|-resisted|p2a: T-pex
|-damage|p2a: T-pex|61/100 par
|-hitcount|p2a: T-pex|2
|
|-weather|none
|-heal|p1a: Melmetal|93/100|[from] item: Leftovers
|upkeep
|turn|36
|
|t:|1641229580
|move|p1a: Melmetal|Double Iron Bash|p2a: T-pex
|-resisted|p2a: T-pex
|-damage|p2a: T-pex|49/100 par
|-resisted|p2a: T-pex
|-damage|p2a: T-pex|36/100 par
|-hitcount|p2a: T-pex|2
|cant|p2a: T-pex|flinch
|
|-heal|p1a: Melmetal|99/100|[from] item: Leftovers
|upkeep
|turn|37
|
|t:|1641229594
|move|p1a: Melmetal|Earthquake|p2a: T-pex
|-supereffective|p2a: T-pex
|-damage|p2a: T-pex|0 fnt
|faint|p2a: T-pex
|
|-heal|p1a: Melmetal|100/100|[from] item: Leftovers
|upkeep
|
|t:|1641229598
|switch|p2a: T|Landorus-Therian, M|88/100
|-damage|p2a: T|75/100|[from] Stealth Rock
|-ability|p2a: T|Intimidate|boost
|-unboost|p1a: Melmetal|atk|1
|turn|38
|
|t:|1641229603
|switch|p1a: Tornadus|Tornadus-Therian, M|87/100
|move|p2a: T|Earthquake|p1a: Tornadus
|-immune|p1a: Tornadus
|
|-heal|p2a: T|81/100|[from] item: Leftovers
|upkeep
|turn|39
|
|t:|1641229611
|move|p1a: Tornadus|U-turn|p2a: T
|-resisted|p2a: T
|-damage|p2a: T|73/100
|
|t:|1641229613
|switch|p1a: Rillaboom|Rillaboom, M|90/100|[from]move: U-turn
|-fieldstart|move: Grassy Terrain|[from] ability: Grassy Surge|[of] p1a: Rillaboom
|move|p2a: T|Stone Edge|p1a: Rillaboom
|-crit|p1a: Rillaboom
|-damage|p1a: Rillaboom|25/100
|
|-heal|p2a: T|79/100|[from] item: Leftovers
|-heal|p1a: Rillaboom|32/100|[from] Grassy Terrain
|upkeep
|turn|40
|
|t:|1641229619
|switch|p2a: Ferro|Ferrothorn, F|66/100 par
|-damage|p2a: Ferro|60/100 par|[from] Stealth Rock
|move|p1a: Rillaboom|Grassy Glide|p2a: Ferro
|-resisted|p2a: Ferro
|-damage|p2a: Ferro|50/100 par
|-damage|p1a: Rillaboom|19/100|[from] ability: Iron Barbs|[of] p2a: Ferro
|
|-heal|p1a: Rillaboom|25/100|[from] Grassy Terrain
|-heal|p2a: Ferro|56/100 par|[from] Grassy Terrain
|upkeep
|turn|41
|
|t:|1641229626
|switch|p1a: Tornadus|Tornadus-Therian, M|100/100
|cant|p2a: Ferro|par
|
|-heal|p2a: Ferro|62/100 par|[from] Grassy Terrain
|upkeep
|turn|42
|
|t:|1641229633
|switch|p2a: tanker|Blissey, F|100/100
|-damage|p2a: tanker|88/100|[from] Stealth Rock
|move|p1a: Tornadus|Hurricane|p2a: tanker|[miss]
|-miss|p1a: Tornadus|p2a: tanker
|
|-heal|p2a: tanker|94/100|[from] Grassy Terrain
|upkeep
|turn|43
|
|t:|1641229636
|move|p1a: Tornadus|U-turn|p2a: tanker
|-damage|p2a: tanker|81/100
|
|t:|1641229638
|switch|p1a: Melmetal|Melmetal|100/100|[from]move: U-turn
|move|p2a: tanker|Stealth Rock|p1a: Melmetal
|-sidestart|p1: Mel2345|move: Stealth Rock
|
|-heal|p2a: tanker|87/100|[from] Grassy Terrain
|-fieldend|move: Grassy Terrain
|upkeep
|turn|44
|
|t:|1641229645
|switch|p2a: Ferro|Ferrothorn, F|62/100 par
|-damage|p2a: Ferro|56/100 par|[from] Stealth Rock
|move|p1a: Melmetal|Toxic||[still]
|-fail|p1a: Melmetal
|
|upkeep
|turn|45
|
|t:|1641229655
|move|p1a: Melmetal|Double Iron Bash|p2a: Ferro
|-resisted|p2a: Ferro
|-damage|p2a: Ferro|43/100 par
|-damage|p1a: Melmetal|88/100|[from] ability: Iron Barbs|[of] p2a: Ferro
|-resisted|p2a: Ferro
|-damage|p2a: Ferro|30/100 par
|-damage|p1a: Melmetal|76/100|[from] ability: Iron Barbs|[of] p2a: Ferro
|-hitcount|p2a: Ferro|2
|move|p2a: Ferro|Leech Seed|p1a: Melmetal
|-start|p1a: Melmetal|move: Leech Seed
|
|-heal|p1a: Melmetal|82/100|[from] item: Leftovers
|-damage|p1a: Melmetal|69/100|[from] Leech Seed|[of] p2a: Ferro
|-heal|p2a: Ferro|45/100 par|[silent]
|upkeep
|turn|46
|
|t:|1641229663
|switch|p1a: Dragapult|Dragapult, M|100/100
|-damage|p1a: Dragapult|88/100|[from] Stealth Rock
|move|p2a: Ferro|Leech Seed|p1a: Dragapult
|-start|p1a: Dragapult|move: Leech Seed
|
|-damage|p1a: Dragapult|76/100|[from] Leech Seed|[of] p2a: Ferro
|-heal|p2a: Ferro|56/100 par|[silent]
|upkeep
|turn|47
|
|t:|1641229672
|switch|p2a: tanker|Blissey, F|87/100
|-damage|p2a: tanker|75/100|[from] Stealth Rock
|move|p1a: Dragapult|U-turn|p2a: tanker
|-damage|p2a: tanker|60/100
|
|t:|1641229676
|switch|p1a: Melmetal|Melmetal|69/100|[from]move: U-turn
|-damage|p1a: Melmetal|63/100|[from] Stealth Rock
|
|-heal|p1a: Melmetal|69/100|[from] item: Leftovers
|upkeep
|turn|48
|
|t:|1641229681
|move|p1a: Melmetal|Earthquake|p2a: tanker
|-damage|p2a: tanker|27/100
|move|p2a: tanker|Teleport|p2a: tanker
|
|t:|1641229683
|switch|p2a: T|Landorus-Therian, M|79/100|[from]move: Teleport
|-damage|p2a: T|67/100|[from] Stealth Rock
|-ability|p2a: T|Intimidate|boost
|-unboost|p1a: Melmetal|atk|1
|
|-heal|p2a: T|73/100|[from] item: Leftovers
|-heal|p1a: Melmetal|75/100|[from] item: Leftovers
|upkeep
|turn|49
|
|t:|1641229691
|switch|p1a: Tornadus|Tornadus-Therian, M|100/100
|move|p2a: T|Earthquake|p1a: Tornadus
|-immune|p1a: Tornadus
|
|-heal|p2a: T|79/100|[from] item: Leftovers
|upkeep
|turn|50
|
|t:|1641229696
|move|p1a: Tornadus|Hurricane|p2a: T
|-damage|p2a: T|23/100
|move|p2a: T|Stone Edge|p1a: Tornadus
|-supereffective|p1a: Tornadus
|-damage|p1a: Tornadus|15/100
|
|-heal|p2a: T|29/100|[from] item: Leftovers
|upkeep
|turn|51
|
|t:|1641229701
|move|p1a: Tornadus|Hurricane|p2a: T|[miss]
|-miss|p1a: Tornadus|p2a: T
|move|p2a: T|Stone Edge|p1a: Tornadus
|-supereffective|p1a: Tornadus
|-damage|p1a: Tornadus|0 fnt
|faint|p1a: Tornadus
|
|-heal|p2a: T|35/100|[from] item: Leftovers
|upkeep
|
|t:|1641229706
|switch|p1a: Dragapult|Dragapult, M|76/100
|-damage|p1a: Dragapult|64/100|[from] Stealth Rock
|turn|52
|l|☆Mel2345
|inactive|Mel2345 disconnected and has a minute to reconnect!
|player|p1|
|j|☆Mel2345
|inactive|Mel2345 reconnected and has 140 seconds left.
|player|p1|Mel2345|cheren-gen5bw2
|
|t:|1641229721
|switch|p2a: Z2|Zapdos|92/100
|move|p1a: Dragapult|Draco Meteor|p2a: Z2|[miss]
|-miss|p1a: Dragapult|p2a: Z2
|
|upkeep
|turn|53
|
|t:|1641229728
|move|p1a: Dragapult|Draco Meteor|p2a: Z2
|-damage|p2a: Z2|4/100
|-unboost|p1a: Dragapult|spa|2
|move|p2a: Z2|Discharge|p1a: Dragapult
|-resisted|p1a: Dragapult
|-damage|p1a: Dragapult|31/100
|
|upkeep
|turn|54
|
|t:|1641229731
|move|p1a: Dragapult|Draco Meteor|p2a: Z2
|-damage|p2a: Z2|0 fnt
|-unboost|p1a: Dragapult|spa|2
|faint|p2a: Z2
|
|upkeep
|
|t:|1641229736
|switch|p2a: PsychoKiller|Blacephalon|100/100
|-damage|p2a: PsychoKiller|76/100|[from] Stealth Rock
|turn|55
|
|t:|1641229744
|switch|p1a: Clefable|Clefable, F|92/100
|move|p2a: PsychoKiller|Flamethrower|p1a: Clefable
|-damage|p1a: Clefable|47/100
|
|upkeep
|turn|56
|
|t:|1641229752
|move|p2a: PsychoKiller|Flamethrower|p1a: Clefable
|-damage|p1a: Clefable|8/100
|move|p1a: Clefable|Thunder Wave|p2a: PsychoKiller
|-status|p2a: PsychoKiller|par
|
|upkeep
|turn|57
|
|t:|1641229755
|move|p2a: PsychoKiller|Flamethrower|p1a: Clefable
|-damage|p1a: Clefable|0 fnt
|faint|p1a: Clefable
|-ability|p2a: PsychoKiller|Beast Boost|boost
|-boost|p2a: PsychoKiller|spa|1
|
|upkeep
|
|t:|1641229759
|switch|p1a: Dragapult|Dragapult, M|31/100
|-damage|p1a: Dragapult|18/100|[from] Stealth Rock
|turn|58
|
|t:|1641229766
|switch|p2a: Ferro|Ferrothorn, F|56/100 par
|-damage|p2a: Ferro|49/100 par|[from] Stealth Rock
|move|p1a: Dragapult|Shadow Ball|p2a: Ferro
|-damage|p2a: Ferro|6/100 par
|
|upkeep
|turn|59
|
|t:|1641229769
|move|p1a: Dragapult|Shadow Ball|p2a: Ferro
|-damage|p2a: Ferro|0 fnt
|faint|p2a: Ferro
|
|upkeep
|
|t:|1641229771
|switch|p2a: tanker|Blissey, F|27/100
|-damage|p2a: tanker|15/100|[from] Stealth Rock
|turn|60
|
|t:|1641229774
|switch|p1a: Melmetal|Melmetal|75/100
|-damage|p1a: Melmetal|69/100|[from] Stealth Rock
|move|p2a: tanker|Soft-Boiled|p2a: tanker
|-heal|p2a: tanker|65/100
|
|-heal|p1a: Melmetal|75/100|[from] item: Leftovers
|upkeep
|turn|61
|
|t:|1641229781
|switch|p2a: T|Landorus-Therian, M|35/100
|-damage|p2a: T|23/100|[from] Stealth Rock
|-ability|p2a: T|Intimidate|boost
|-unboost|p1a: Melmetal|atk|1
|move|p1a: Melmetal|Double Iron Bash|p2a: T
|-damage|p2a: T|0 fnt
|faint|p2a: T
|-hitcount|p2: T|1
|
|-heal|p1a: Melmetal|82/100|[from] item: Leftovers
|upkeep
|
|t:|1641229783
|switch|p2a: PsychoKiller|Blacephalon|76/100 par
|-damage|p2a: PsychoKiller|51/100 par|[from] Stealth Rock
|turn|62
|
|t:|1641229791
|move|p1a: Melmetal|Protect|p1a: Melmetal
|-singleturn|p1a: Melmetal|Protect
|cant|p2a: PsychoKiller|par
|
|-heal|p1a: Melmetal|88/100|[from] item: Leftovers
|upkeep
|turn|63
|
|t:|1641229802
|cant|p2a: PsychoKiller|par
|move|p1a: Melmetal|Earthquake|p2a: PsychoKiller
|-supereffective|p2a: PsychoKiller
|-damage|p2a: PsychoKiller|0 fnt
|faint|p2a: PsychoKiller
|
|-heal|p1a: Melmetal|94/100|[from] item: Leftovers
|upkeep
|-message|Tomestry forfeited.
|
|win|Mel2345
|raw|Mel2345's rating: 1608 &rarr; <strong>1624</strong><br />(+16 for winning)
|raw|Tomestry's rating: 1542 &rarr; <strong>1526</strong><br />(-16 for losing)
|l|☆Tomestry
