|raw|<div class="broadcast-blue"><strong>This battle is required to be public due to a player having a name prefixed by 'LT71LX'.</div>
|j|‽LT71LX EGC
|j|☆LT71LX Guilt
|t:|1597364776
|player|p1|LT71LX EGC|unknown|2110
|player|p2|LT71LX Guilt|beauty-gen2jp|2138
|teamsize|p1|6
|teamsize|p2|6
|gametype|singles
|gen|8
|tier|[Gen 8] OU
|rated|
|clearpoke
|poke|p1|Skarmory, M|
|poke|p1|Clefable, F|
|poke|p1|Bisharp, M|
|poke|p1|Dragapult, F|
|poke|p1|Togekiss, M|
|poke|p1|Seismitoad, F|
|poke|p2|Hydreigon, F|
|poke|p2|Rillaboom, F|
|poke|p2|Dragapult, M|
|poke|p2|Clefable, F|
|poke|p2|Volcarona, F|
|poke|p2|Zeraora|
|rule|Sleep Clause Mod: Limit one foe put to sleep
|rule|Species Clause: Limit one of each Pokémon
|rule|OHKO Clause: OHKO moves are banned
|rule|Evasion Moves Clause: Evasion moves are banned
|rule|Endless Battle Clause: Forcing endless battles is banned
|rule|HP Percentage Mod: HP is shown in percentages
|rule|Dynamax Clause: You cannot dynamax
|teampreview
|j| Lunarr
|j| LT71LX WD
|j| Jey2
|j| Sagiri I.
|j| I must lose
|j|+Cdumas
|inactive|Battle timer is ON: inactive players will automatically lose when time's up. (requested by LT71LX EGC)
|j| LT71LX ayouko
|j| Disorient
|j| Destro16
|j| Nalorium
|j| RNN YasuKe
|j| SweetPosho
|j| LT71LX Storm
|j| LT71LX ZIIM
|j| Justamente
|j| LT71LX Newal
|j| stableprince569
|l| LT71LX ayouko
|j|+rozes
|j| LT71LXJaggermaster
|j| Lanceybear
|j| LT71LX Luthier
|j|+Primal Unova
|j| Livio ElTito
|j| Rnn brexit
|l| Lanceybear
|j| LT71LX Ciudadanos
|j| dumdumpoopyface
|j| Nacho Varga
|j| Boulicrok
|inactive|LT71LX EGC has 120 seconds left.
|inactive|LT71LX Guilt has 120 seconds left.
|l| Nacho Varga
|j| Basstard
|j|+Ruft
|
|t:|1597364818
|start
|switch|p1a: Dragapult|Dragapult, F|100/100
|switch|p2a: Hydreigon|Hydreigon, F|100/100
|turn|1
|j| lt71lx croo
|
|t:|1597364826
|switch|p1a: Clefable|Clefable, F|100/100
|switch|p2a: Clefable|Clefable, F|100/100
|
|upkeep
|turn|2
|j|+Excal
|c| SweetPosho|Egc tu nick es una contraseña de wifi
|j| Algeria
|
|t:|1597364830
|move|p2a: Clefable|Calm Mind|p2a: Clefable
|-boost|p2a: Clefable|spa|1
|-boost|p2a: Clefable|spd|1
|move|p1a: Clefable|Thunder Wave|p2a: Clefable
|-status|p2a: Clefable|par
|
|upkeep
|turn|3
|l| Algeria
|j| LT71LX MegaLucario
|l|+Excal
|
|t:|1597364840
|move|p1a: Clefable|Calm Mind|p1a: Clefable
|-boost|p1a: Clefable|spa|1
|-boost|p1a: Clefable|spd|1
|move|p2a: Clefable|Moonblast|p1a: Clefable
|-damage|p1a: Clefable|58/100
|
|-heal|p1a: Clefable|64/100|[from] item: Leftovers
|upkeep
|turn|4
|
|t:|1597364845
|move|p1a: Clefable|Calm Mind|p1a: Clefable
|-boost|p1a: Clefable|spa|1
|-boost|p1a: Clefable|spd|1
|move|p2a: Clefable|Calm Mind|p2a: Clefable
|-boost|p2a: Clefable|spa|1
|-boost|p2a: Clefable|spd|1
|
|-heal|p1a: Clefable|70/100|[from] item: Leftovers
|upkeep
|turn|5
|j| OUTU devans2048
|
|t:|1597364848
|move|p1a: Clefable|Calm Mind|p1a: Clefable
|-boost|p1a: Clefable|spa|1
|-boost|p1a: Clefable|spd|1
|move|p2a: Clefable|Thunder|p1a: Clefable
|-damage|p1a: Clefable|46/100
|
|-heal|p1a: Clefable|52/100|[from] item: Leftovers
|upkeep
|turn|6
|
|t:|1597364853
|move|p1a: Clefable|Soft-Boiled|p1a: Clefable
|-heal|p1a: Clefable|100/100
|move|p2a: Clefable|Thunder|p1a: Clefable|[miss]
|-miss|p2a: Clefable|p1a: Clefable
|
|upkeep
|turn|7
|
|t:|1597364864
|move|p1a: Clefable|Calm Mind|p1a: Clefable
|-boost|p1a: Clefable|spa|1
|-boost|p1a: Clefable|spd|1
|move|p2a: Clefable|Thunder|p1a: Clefable
|-damage|p1a: Clefable|78/100
|
|-heal|p1a: Clefable|85/100|[from] item: Leftovers
|upkeep
|turn|8
|
|t:|1597364866
|move|p1a: Clefable|Moonblast|p2a: Clefable
|-crit|p2a: Clefable
|-damage|p2a: Clefable|0 fnt
|faint|p2a: Clefable
|
|-heal|p1a: Clefable|91/100|[from] item: Leftovers
|upkeep
|l| Jey2
|c| Nalorium|justamente noob
|
|t:|1597364888
|switch|p2a: Rillaboom|Rillaboom, F|100/100
|-fieldstart|move: Grassy Terrain|[from] ability: Grassy Surge|[of] p2a: Rillaboom
|-enditem|p2a: Rillaboom|Grassy Seed
|-boost|p2a: Rillaboom|def|1|[from] item: Grassy Seed
|turn|9
|
|t:|1597364891
|move|p2a: Rillaboom|Grassy Glide|p1a: Clefable
|-damage|p1a: Clefable|52/100
|move|p1a: Clefable|Moonblast|p2a: Rillaboom
|-damage|p2a: Rillaboom|0 fnt
|faint|p2a: Rillaboom
|
|-heal|p1a: Clefable|58/100|[from] item: Leftovers
|-heal|p1a: Clefable|64/100|[from] Grassy Terrain
|upkeep
|
|t:|1597364896
|switch|p2a: Zeraora|Zeraora|100/100
|turn|10
|l| I must lose
|
|t:|1597364901
|move|p2a: Zeraora|Plasma Fists|p1a: Clefable
|-damage|p1a: Clefable|16/100
|-fieldactivate|move: Ion Deluge
|-damage|p2a: Zeraora|91/100|[from] item: Life Orb
|move|p1a: Clefable|Soft-Boiled|p1a: Clefable
|-heal|p1a: Clefable|66/100
|
|-heal|p2a: Zeraora|97/100|[from] Grassy Terrain
|-heal|p1a: Clefable|72/100|[from] item: Leftovers
|-heal|p1a: Clefable|78/100|[from] Grassy Terrain
|upkeep
|turn|11
|
|t:|1597364905
|move|p2a: Zeraora|Knock Off|p1a: Clefable
|-resisted|p1a: Clefable
|-damage|p1a: Clefable|62/100
|-enditem|p1a: Clefable|Leftovers|[from] move: Knock Off|[of] p2a: Zeraora
|-damage|p2a: Zeraora|87/100|[from] item: Life Orb
|move|p1a: Clefable|Soft-Boiled|p1a: Clefable
|-heal|p1a: Clefable|100/100
|
|-heal|p2a: Zeraora|93/100|[from] Grassy Terrain
|upkeep
|turn|12
|j| Javoon
|
|t:|1597364907
|move|p2a: Zeraora|Plasma Fists|p1a: Clefable
|-damage|p1a: Clefable|57/100
|-fieldactivate|move: Ion Deluge
|-damage|p2a: Zeraora|83/100|[from] item: Life Orb
|move|p1a: Clefable|Moonblast|p2a: Zeraora
|-damage|p2a: Zeraora|0 fnt
|faint|p2a: Zeraora
|
|-heal|p1a: Clefable|63/100|[from] Grassy Terrain
|upkeep
|
|t:|1597364909
|switch|p2a: Volcarona|Volcarona, F|100/100
|turn|13
|
|t:|1597364911
|move|p2a: Volcarona|Quiver Dance|p2a: Volcarona
|-boost|p2a: Volcarona|spa|1
|-boost|p2a: Volcarona|spd|1
|-boost|p2a: Volcarona|spe|1
|move|p1a: Clefable|Thunder Wave|p2a: Volcarona
|-status|p2a: Volcarona|par
|
|-heal|p1a: Clefable|69/100|[from] Grassy Terrain
|-fieldend|move: Grassy Terrain
|upkeep
|turn|14
|
|t:|1597364913
|move|p2a: Volcarona|Quiver Dance|p2a: Volcarona
|-boost|p2a: Volcarona|spa|1
|-boost|p2a: Volcarona|spd|1
|-boost|p2a: Volcarona|spe|1
|move|p1a: Clefable|Moonblast|p2a: Volcarona
|-resisted|p2a: Volcarona
|-damage|p2a: Volcarona|77/100 par
|
|upkeep
|turn|15
|
|t:|1597364916
|switch|p1a: Seismitoad|Seismitoad, F|100/100
|cant|p2a: Volcarona|par
|
|upkeep
|turn|16
|
|t:|1597364920
|move|p2a: Volcarona|Giga Drain|p1a: Seismitoad
|-supereffective|p1a: Seismitoad
|-damage|p1a: Seismitoad|0 fnt
|-heal|p2a: Volcarona|100/100 par|[from] drain|[of] p1a: Seismitoad
|faint|p1a: Seismitoad
|
|upkeep
|j| Hammy
|
|t:|1597364923
|switch|p1a: Skarmory|Skarmory, M|100/100
|turn|17
|
|t:|1597364925
|cant|p2a: Volcarona|par
|move|p1a: Skarmory|Whirlwind|p2a: Volcarona
|drag|p2a: Dragapult|Dragapult, M|100/100
|
|upkeep
|turn|18
|c| LT71LX MegaLucario|perdemos
|
|t:|1597364931
|switch|p2a: Hydreigon|Hydreigon, F|100/100
|move|p1a: Skarmory|Whirlwind|p2a: Hydreigon
|drag|p2a: Dragapult|Dragapult, M|100/100
|
|upkeep
|turn|19
|j| Pidgey Gordito
|
|t:|1597364935
|switch|p2a: Hydreigon|Hydreigon, F|100/100
|move|p1a: Skarmory|Spikes|p2a: Hydreigon
|-sidestart|p2: LT71LX Guilt|Spikes
|
|upkeep
|turn|20
|
|t:|1597364942
|move|p2a: Hydreigon|Flamethrower|p1a: Skarmory
|-supereffective|p1a: Skarmory
|-ability|p1a: Skarmory|Sturdy
|-damage|p1a: Skarmory|1/100
|-damage|p2a: Hydreigon|91/100|[from] item: Life Orb
|move|p1a: Skarmory|Whirlwind|p2a: Hydreigon
|drag|p2a: Dragapult|Dragapult, M|100/100
|-damage|p2a: Dragapult|88/100|[from] Spikes
|
|upkeep
|turn|21
|
|t:|1597364947
|move|p2a: Dragapult|Dragon Darts|p1a: Skarmory
|-resisted|p1a: Skarmory
|-damage|p1a: Skarmory|0 fnt
|-damage|p2a: Dragapult|78/100|[from] item: Life Orb
|faint|p1a: Skarmory
|
|upkeep
|l|+Ruft
|
|t:|1597364952
|switch|p1a: Clefable|Clefable, F|69/100
|turn|22
|
|t:|1597364954
|switch|p2a: Volcarona|Volcarona, F|100/100 par
|move|p1a: Clefable|Moonblast|p2a: Volcarona
|-resisted|p2a: Volcarona
|-damage|p2a: Volcarona|85/100 par
|
|upkeep
|turn|23
|
|t:|1597364957
|switch|p1a: Togekiss|Togekiss, M|100/100
|move|p2a: Volcarona|Flamethrower|p1a: Togekiss
|-damage|p1a: Togekiss|61/100
|
|upkeep
|turn|24
|
|t:|1597364962
|switch|p2a: Hydreigon|Hydreigon, F|91/100
|move|p1a: Togekiss|Air Slash|p2a: Hydreigon
|-damage|p2a: Hydreigon|53/100
|
|upkeep
|turn|25
|
|t:|1597364964
|switch|p1a: Dragapult|Dragapult, F|100/100
|move|p2a: Hydreigon|Flash Cannon|p1a: Dragapult
|-damage|p1a: Dragapult|59/100
|-damage|p2a: Hydreigon|44/100|[from] item: Life Orb
|
|upkeep
|turn|26
|
|t:|1597364970
|move|p1a: Dragapult|U-turn|p2a: Hydreigon
|-supereffective|p2a: Hydreigon
|-damage|p2a: Hydreigon|7/100
|l| Disorient
|
|t:|1597364982
|switch|p1a: Togekiss|Togekiss, M|61/100|[from]move: U-turn
|move|p2a: Hydreigon|Draco Meteor|p1a: Togekiss
|-immune|p1a: Togekiss
|
|upkeep
|turn|27
|
|t:|1597364985
|move|p2a: Hydreigon|Flash Cannon|p1a: Togekiss
|-supereffective|p1a: Togekiss
|-damage|p1a: Togekiss|0 fnt
|-damage|p2a: Hydreigon|0 fnt|[from] item: Life Orb
|faint|p1a: Togekiss
|faint|p2a: Hydreigon
|
|upkeep
|
|t:|1597364989
|switch|p2a: Volcarona|Volcarona, F|85/100 par
|switch|p1a: Bisharp|Bisharp, M|100/100
|turn|28
|
|t:|1597364992
|move|p1a: Bisharp|Knock Off|p2a: Volcarona
|-damage|p2a: Volcarona|0 fnt
|-enditem|p2a: Volcarona|Heavy-Duty Boots|[from] move: Knock Off|[of] p1a: Bisharp
|faint|p2a: Volcarona
|
|upkeep
|l| LT71LX Storm
|
|t:|1597364994
|switch|p2a: Dragapult|Dragapult, M|78/100
|-damage|p2a: Dragapult|66/100|[from] Spikes
|turn|29
|
|t:|1597364998
|move|p2a: Dragapult|Dragon Darts|p1a: Bisharp
|-resisted|p1a: Bisharp
|-damage|p1a: Bisharp|82/100
|-anim|p2a: Dragapult|Dragon Darts|p1a: Bisharp
|-resisted|p1a: Bisharp
|-damage|p1a: Bisharp|66/100
|-damage|p2a: Dragapult|56/100|[from] item: Life Orb
|move|p1a: Bisharp|Knock Off|p2a: Dragapult
|-supereffective|p2a: Dragapult
|-damage|p2a: Dragapult|0 fnt
|-enditem|p2a: Dragapult|Life Orb|[from] move: Knock Off|[of] p1a: Bisharp
|faint|p2a: Dragapult
|
|win|LT71LX EGC
|l|☆LT71LX Guilt
|raw|LT71LX EGC's rating: 2110 &rarr; <strong>2132</strong><br />(+22 for winning)
|raw|LT71LX Guilt's rating: 2138 &rarr; <strong>2116</strong><br />(-22 for losing)
|l| Justamente
|l| LT71LX MegaLucario
|l| LT71LX Ciudadanos
|l| LT71LX Luthier
|l|‽LT71LX EGC
|l| Rnn brexit
|l| Nalorium
|l| RNN YasuKe
|l| lt71lx croo
|l| dumdumpoopyface
|l| LT71LX Newal
|l| Destro16
|l| stableprince569
|l| Lunarr
|l|+rozes
|j| hh4-77
|l| Livio ElTito
|l| Boulicrok
|l| Javoon
|l| hh4-77
|l| LT71LX WD
|l| LT71LX ZIIM
|l| Hammy
|l| Basstard
|l| OUTU devans2048
|l| Pidgey Gordito
|l|+Cdumas
|l| LT71LXJaggermaster
|l| SweetPosho
|l| Sagiri I.
