|j|☆Dallyranks
|j|☆Gotmyvanson
|t:|1658716208
|gametype|singles
|player|p1|Dallyranks|ltsurge|1590
|player|p2|Gotmyvanson|ghetsis|1533
|teamsize|p1|6
|teamsize|p2|6
|gen|8
|tier|[Gen 8] OU
|rated|
|rule|Sleep Clause Mod: Limit one foe put to sleep
|rule|Species Clause: Limit one of each Pokémon
|rule|OHKO Clause: OHKO moves are banned
|rule|Evasion Moves Clause: Evasion moves are banned
|rule|Endless Battle Clause: Forcing endless battles is banned
|rule|HP Percentage Mod: HP is shown in percentages
|rule|Dynamax Clause: You cannot dynamax
|clearpoke
|poke|p1|Tornadus-Therian, M|
|poke|p1|Slowbro, F|
|poke|p1|Umbreon, F|
|poke|p1|Garchomp, M|
|poke|p1|Marowak-Alola, M|
|poke|p1|Melmetal|
|poke|p2|Tapu Koko|
|poke|p2|Nidoking, M|
|poke|p2|Urshifu-*, M|
|poke|p2|Buzzwole|
|poke|p2|Blissey, F|
|poke|p2|Slowbro, F|
|teampreview
|
|t:|1658716248
|start
|switch|p1a: Aries|Melmetal|100/100
|switch|p2a: Blissey|Blissey, F|100/100
|turn|1
|j| SunTeamGod
|
|t:|1658716255
|switch|p2a: Buzzwole|Buzzwole|100/100
|move|p1a: Aries|Toxic|p2a: Buzzwole
|-status|p2a: Buzzwole|tox
|
|-damage|p2a: Buzzwole|94/100 tox|[from] psn
|upkeep
|turn|2
|
|t:|1658716268
|move|p2a: Buzzwole|Toxic|p1a: Aries
|-immune|p1a: Aries
|move|p1a: Aries|Toxic|p2a: Buzzwole
|-fail|p2a: Buzzwole|tox
|
|-damage|p2a: Buzzwole|82/100 tox|[from] psn
|upkeep
|turn|3
|
|t:|1658716275
|move|p1a: Aries|Protect|p1a: Aries
|-singleturn|p1a: Aries|Protect
|move|p2a: Buzzwole|Toxic|p1a: Aries
|-activate|p1a: Aries|move: Protect
|
|-damage|p2a: Buzzwole|63/100 tox|[from] psn
|upkeep
|turn|4
|
|t:|1658716292
|move|p2a: Buzzwole|Roost|p2a: Buzzwole
|-heal|p2a: Buzzwole|100/100 tox
|-singleturn|p2a: Buzzwole|move: Roost
|move|p1a: Aries|Toxic|p2a: Buzzwole
|-fail|p2a: Buzzwole|tox
|
|-damage|p2a: Buzzwole|76/100 tox|[from] psn
|upkeep
|turn|5
|
|t:|1658716308
|switch|p2a: Slowbro|Slowbro, F, shiny|100/100
|move|p1a: Aries|Toxic|p2a: Slowbro
|-status|p2a: Slowbro|tox
|
|-damage|p2a: Slowbro|94/100 tox|[from] psn
|upkeep
|turn|6
|
|t:|1658716319
|switch|p1a: Switch or Die|Marowak-Alola, M|100/100
|move|p2a: Slowbro|Scald|p1a: Switch or Die
|-supereffective|p1a: Switch or Die
|-damage|p1a: Switch or Die|17/100
|
|-damage|p2a: Slowbro|82/100 tox|[from] psn
|upkeep
|turn|7
|
|t:|1658716327
|switch|p2a: Buzzwole|Buzzwole|76/100 tox
|move|p1a: Switch or Die|Poltergeist|p2a: Buzzwole
|-activate|p2a: Buzzwole|move: Poltergeist|Rocky Helmet
|-damage|p2a: Buzzwole|28/100 tox
|
|-damage|p2a: Buzzwole|21/100 tox|[from] psn
|upkeep
|turn|8
|
|t:|1658716337
|switch|p1a: Umbreon|Umbreon, F|100/100
|move|p2a: Buzzwole|Ice Punch|p1a: Umbreon
|-damage|p1a: Umbreon|87/100
|
|-heal|p1a: Umbreon|93/100|[from] item: Leftovers
|-damage|p2a: Buzzwole|9/100 tox|[from] psn
|upkeep
|turn|9
|
|t:|1658716347
|move|p2a: Buzzwole|Drain Punch|p1a: Umbreon
|-supereffective|p1a: Umbreon
|-damage|p1a: Umbreon|47/100
|-heal|p2a: Buzzwole|30/100 tox|[from] drain|[of] p1a: Umbreon
|move|p1a: Umbreon|Wish|p1a: Umbreon
|
|-heal|p1a: Umbreon|53/100|[from] item: Leftovers
|-damage|p2a: Buzzwole|12/100 tox|[from] psn
|upkeep
|turn|10
|
|t:|1658716357
|switch|p2a: Nidoking|Nidoking, M, shiny|100/100
|switch|p1a: Switch or Die|Marowak-Alola, M|17/100
|
|-heal|p1a: Switch or Die|92/100|[from] move: Wish|[wisher] Umbreon
|upkeep
|turn|11
|
|t:|1658716368
|switch|p1a: Sergeant|Tornadus-Therian, M|100/100
|move|p2a: Nidoking|Sludge Wave|p1a: Sergeant
|-damage|p1a: Sergeant|36/100
|
|upkeep
|turn|12
|
|t:|1658716374
|move|p1a: Sergeant|U-turn|p2a: Nidoking
|-resisted|p2a: Nidoking
|-damage|p2a: Nidoking|90/100
|
|t:|1658716382
|switch|p1a: Garchomp|Garchomp, M|100/100|[from]move: U-turn
|move|p2a: Nidoking|Ice Beam|p1a: Garchomp
|-supereffective|p1a: Garchomp
|-damage|p1a: Garchomp|0 fnt
|faint|p1a: Garchomp
|
|upkeep
|-message|Dallyranks forfeited.
|
|win|Gotmyvanson
|raw|Dallyranks's rating: 1590 &rarr; <strong>1567</strong><br />(-23 for losing)
|raw|Gotmyvanson's rating: 1533 &rarr; <strong>1556</strong><br />(+23 for winning)
|l|☆Dallyranks
|l|☆Gotmyvanson
