|html|<div class="broadcast-blue"><strong>[Gen 8] OU is currently suspecting Melmetal! For information on how to participate check out the <a href="https://www.smogon.com/forums/threads/np-ss-ou-suspect-process-round-12-monster-mash.3709234/">suspect thread</a>.</strong></div>
|j|☆HarmonyHatterene37
|j|☆SuperTheoryBros
|t:|1666478026
|gametype|singles
|player|p1|HarmonyHatterene37|1|1569
|player|p2|SuperTheoryBros|265|1621
|teamsize|p1|6
|teamsize|p2|6
|gen|8
|tier|[Gen 8] OU
|rated|
|rule|Sleep Clause Mod: Limit one foe put to sleep
|rule|Species Clause: Limit one of each Pokémon
|rule|OHKO Clause: OHKO moves are banned
|rule|Evasion Items Clause: Evasion items are banned
|rule|Evasion Moves Clause: Evasion moves are banned
|rule|Endless Battle Clause: Forcing endless battles is banned
|rule|HP Percentage Mod: HP is shown in percentages
|rule|Dynamax Clause: You cannot dynamax
|clearpoke
|poke|p1|Hatterene, F|
|poke|p1|Melmetal|
|poke|p1|Crawdaunt, M|
|poke|p1|Marowak-Alola, M|
|poke|p1|Porygon2|
|poke|p1|Cresselia, F|
|poke|p2|Torkoal, M|
|poke|p2|Heatran, M|
|poke|p2|Tapu Koko|
|poke|p2|Victini|
|poke|p2|Landorus-Therian, M|
|poke|p2|Toxapex, M|
|teampreview
|inactive|Battle timer is ON: inactive players will automatically lose when time's up. (requested by HarmonyHatterene37)
|inactive|SuperTheoryBros has 120 seconds left.
|
|t:|1666478062
|start
|switch|p1a: Harmony|Hatterene, F|100/100
|switch|p2a: Torkoal|Torkoal, M, shiny|100/100
|-weather|SunnyDay|[from] ability: Drought|[of] p2a: Torkoal
|turn|1
|
|t:|1666478072
|switch|p2a: Toxapex|Toxapex, M|100/100
|move|p1a: Harmony|Trick Room|p1a: Harmony
|-fieldstart|move: Trick Room|[of] p1a: Harmony
|
|-weather|SunnyDay|[upkeep]
|upkeep
|turn|2
|
|t:|1666478078
|move|p1a: Harmony|Future Sight|p2a: Toxapex
|-start|p1a: Harmony|move: Future Sight
|move|p2a: Toxapex|Toxic Spikes|p1a: Harmony
|move|p1a: Harmony|Toxic Spikes|p2a: Toxapex|[from]ability: Magic Bounce
|-sidestart|p2: SuperTheoryBros|move: Toxic Spikes
|
|-weather|SunnyDay|[upkeep]
|upkeep
|turn|3
|
|t:|1666478088
|move|p1a: Harmony|Mystical Fire|p2a: Toxapex
|-resisted|p2a: Toxapex
|-damage|p2a: Toxapex|86/100
|-unboost|p2a: Toxapex|spa|1
|-enditem|p2a: Toxapex|Eject Button
|
|t:|1666478107
|switch|p2a: Landorus|Landorus-Therian, M|100/100
|-ability|p2a: Landorus|Intimidate|boost
|-unboost|p1a: Harmony|atk|1
|
|-weather|SunnyDay|[upkeep]
|upkeep
|turn|4
|
|t:|1666478121
|switch|p2a: Toxapex|Toxapex, M|100/100
|-sideend|p2: SuperTheoryBros|move: Toxic Spikes|[of] p2a: Toxapex
|move|p1a: Harmony|Future Sight||[still]
|-fail|p1a: Harmony
|
|-weather|SunnyDay|[upkeep]
|-end|p2a: Toxapex|move: Future Sight
|-supereffective|p2a: Toxapex
|-damage|p2a: Toxapex|15/100
|upkeep
|turn|5
|
|t:|1666478145
|move|p1a: Harmony|Future Sight|p2a: Toxapex
|-start|p1a: Harmony|move: Future Sight
|move|p2a: Toxapex|Knock Off|p1a: Harmony
|-damage|p1a: Harmony|84/100
|-enditem|p1a: Harmony|Focus Sash|[from] move: Knock Off|[of] p2a: Toxapex
|
|-weather|none
|-fieldend|move: Trick Room
|upkeep
|turn|6
|inactive|SuperTheoryBros has 120 seconds left.
|
|t:|1666478160
|switch|p2a: Victini|Victini|100/100
|move|p1a: Harmony|Trick Room|p1a: Harmony
|-fieldstart|move: Trick Room|[of] p1a: Harmony
|
|upkeep
|turn|7
|inactive|SuperTheoryBros has 120 seconds left.
|
|t:|1666478182
|switch|p2a: Heatran|Heatran, M|100/100
|-item|p2a: Heatran|Air Balloon
|move|p1a: Harmony|Misty Explosion|p2a: Heatran
|-resisted|p2a: Heatran
|-damage|p2a: Heatran|85/100
|-enditem|p2a: Heatran|Air Balloon
|faint|p1a: Harmony
|
|-end|p2a: Heatran|move: Future Sight
|-resisted|p2a: Heatran
|-damage|p2a: Heatran|47/100
|upkeep
|
|t:|1666478195
|switch|p1a: Sans|Marowak-Alola, M|100/100
|turn|8
|inactive|SuperTheoryBros has 120 seconds left.
|
|t:|1666478200
|switch|p2a: Landorus|Landorus-Therian, M|100/100
|-ability|p2a: Landorus|Intimidate|boost
|-unboost|p1a: Sans|atk|1
|move|p1a: Sans|Swords Dance|p1a: Sans
|-boost|p1a: Sans|atk|2
|
|upkeep
|turn|9
|
|t:|1666478205
|switch|p2a: Heatran|Heatran, M|47/100
|move|p1a: Sans|Poltergeist||[still]
|-fail|p1a: Sans
|
|upkeep
|turn|10
|
|t:|1666478220
|switch|p2a: Landorus|Landorus-Therian, M|100/100
|-ability|p2a: Landorus|Intimidate|boost
|-unboost|p1a: Sans|atk|1
|move|p1a: Sans|Flare Blitz|p2a: Landorus
|-damage|p2a: Landorus|20/100
|
|-heal|p2a: Landorus|26/100|[from] item: Leftovers
|-fieldend|move: Trick Room
|upkeep
|turn|11
|
|t:|1666478237
|switch|p1a: Windows XP|Porygon2|100/100
|-ability|p1a: Windows XP|Intimidate|[from] ability: Trace|[of] p2a: Landorus
|-ability|p1a: Windows XP|Intimidate|boost
|-unboost|p2a: Landorus|atk|1
|move|p2a: Landorus|Knock Off|p1a: Windows XP
|-damage|p1a: Windows XP|84/100
|-enditem|p1a: Windows XP|Eviolite|[from] move: Knock Off|[of] p2a: Landorus
|
|-heal|p2a: Landorus|32/100|[from] item: Leftovers
|upkeep
|turn|12
|
|t:|1666478253
|move|p2a: Landorus|U-turn|p1a: Windows XP
|-damage|p1a: Windows XP|68/100
|
|t:|1666478255
|switch|p2a: Toxapex|Toxapex, M|49/100|[from]move: U-turn
|move|p1a: Windows XP|Trick Room|p1a: Windows XP
|-fieldstart|move: Trick Room|[of] p1a: Windows XP
|
|upkeep
|turn|13
|
|t:|1666478283
|switch|p1a: Titan|Melmetal|100/100
|move|p2a: Toxapex|Toxic Spikes|p1a: Titan
|-sidestart|p1: HarmonyHatterene37|move: Toxic Spikes
|
|upkeep
|turn|14
|inactive|HarmonyHatterene37 has 120 seconds left.
|
|t:|1666478299
|switch|p2a: Landorus|Landorus-Therian, M|32/100
|-ability|p2a: Landorus|Intimidate|boost
|-unboost|p1a: Titan|atk|1
|move|p1a: Titan|Double Iron Bash|p2a: Landorus
|-damage|p2a: Landorus|3/100
|-damage|p2a: Landorus|0 fnt
|faint|p2a: Landorus
|-hitcount|p2: Landorus|2
|-damage|p1a: Titan|91/100|[from] item: Life Orb
|
|upkeep
|
|t:|1666478324
|switch|p2a: Torkoal|Torkoal, M, shiny|100/100
|-weather|SunnyDay|[from] ability: Drought|[of] p2a: Torkoal
|turn|15
|
|t:|1666478337
|switch|p1a: Cress|Cresselia, F|100/100
|move|p2a: Torkoal|Overheat|p1a: Cress
|-damage|p1a: Cress|65/100
|-unboost|p2a: Torkoal|spa|2
|
|-weather|SunnyDay|[upkeep]
|upkeep
|turn|16
|
|t:|1666478353
|switch|p1a: Windows XP|Porygon2|68/100
|-status|p1a: Windows XP|psn
|-ability|p1a: Windows XP|Drought|[from] ability: Trace|[of] p2a: Torkoal
|move|p2a: Torkoal|Stealth Rock|p1a: Windows XP
|-sidestart|p1: HarmonyHatterene37|move: Stealth Rock
|
|-weather|SunnyDay|[upkeep]
|-damage|p1a: Windows XP|55/100 psn|[from] psn
|-fieldend|move: Trick Room
|upkeep
|turn|17
|
|t:|1666478365
|switch|p2a: Toxapex|Toxapex, M|82/100
|move|p1a: Windows XP|Trick Room|p1a: Windows XP
|-fieldstart|move: Trick Room|[of] p1a: Windows XP
|
|-weather|SunnyDay|[upkeep]
|-damage|p1a: Windows XP|43/100 psn|[from] psn
|upkeep
|turn|18
|
|t:|1666478382
|switch|p2a: Torkoal|Torkoal, M, shiny|100/100
|move|p1a: Windows XP|Teleport|p1a: Windows XP
|
|t:|1666478391
|switch|p1a: Cress|Cresselia, F|65/100|[from]move: Teleport
|-damage|p1a: Cress|52/100|[from] Stealth Rock
|
|-weather|SunnyDay|[upkeep]
|upkeep
|turn|19
|
|t:|1666478411
|move|p2a: Torkoal|Overheat|p1a: Cress
|-damage|p1a: Cress|18/100
|-unboost|p2a: Torkoal|spa|2
|move|p1a: Cress|Toxic|p2a: Torkoal
|-status|p2a: Torkoal|tox
|
|-weather|none
|-damage|p2a: Torkoal|94/100 tox|[from] psn
|upkeep
|turn|20
|inactive|SuperTheoryBros has 120 seconds left.
|
|t:|1666478436
|switch|p2a: Victini|Victini|100/100
|move|p1a: Cress|Moonlight|p1a: Cress
|-heal|p1a: Cress|68/100
|
|upkeep
|turn|21
|
|t:|1666478441
|move|p1a: Cress|Toxic|p2a: Victini
|-status|p2a: Victini|tox
|move|p2a: Victini|V-create|p1a: Cress
|-damage|p1a: Cress|10/100
|-unboost|p2a: Victini|spe|1
|-unboost|p2a: Victini|def|1
|-unboost|p2a: Victini|spd|1
|-damage|p2a: Victini|84/100 tox|[from] item: Rocky Helmet|[of] p1a: Cress
|
|-damage|p2a: Victini|78/100 tox|[from] psn
|-fieldend|move: Trick Room
|upkeep
|turn|22
|
|t:|1666478452
|move|p2a: Victini|V-create|p1a: Cress
|-damage|p1a: Cress|0 fnt
|-unboost|p2a: Victini|spe|1
|-unboost|p2a: Victini|def|1
|-unboost|p2a: Victini|spd|1
|-damage|p2a: Victini|61/100 tox|[from] item: Rocky Helmet|[of] p1a: Cress
|faint|p1a: Cress
|
|-damage|p2a: Victini|49/100 tox|[from] psn
|upkeep
|
|t:|1666478466
|switch|p1a: Windows XP|Porygon2|43/100 psn
|-damage|p1a: Windows XP|31/100 psn|[from] Stealth Rock
|-ability|p1a: Windows XP|Victory Star|[from] ability: Trace|[of] p2a: Victini
|turn|23
|inactive|SuperTheoryBros has 120 seconds left.
|
|t:|1666478515
|move|p2a: Victini|V-create|p1a: Windows XP
|-damage|p1a: Windows XP|0 fnt
|-unboost|p2a: Victini|spe|1
|-unboost|p2a: Victini|def|1
|-unboost|p2a: Victini|spd|1
|faint|p1a: Windows XP
|
|-damage|p2a: Victini|30/100 tox|[from] psn
|upkeep
|
|t:|1666478533
|switch|p1a: Mr Krabs|Crawdaunt, M|100/100
|-status|p1a: Mr Krabs|psn
|-damage|p1a: Mr Krabs|88/100 psn|[from] Stealth Rock
|turn|24
|
|t:|1666478559
|switch|p2a: Torkoal|Torkoal, M, shiny|94/100 tox
|-weather|SunnyDay|[from] ability: Drought|[of] p2a: Torkoal
|move|p1a: Mr Krabs|Knock Off|p2a: Torkoal
|-damage|p2a: Torkoal|39/100 tox
|-enditem|p2a: Torkoal|Heavy-Duty Boots|[from] move: Knock Off|[of] p1a: Mr Krabs
|-damage|p1a: Mr Krabs|78/100 psn|[from] item: Life Orb
|
|-weather|SunnyDay|[upkeep]
|-damage|p1a: Mr Krabs|66/100 psn|[from] psn
|-damage|p2a: Torkoal|33/100 tox|[from] psn
|upkeep
|turn|25
|inactive|SuperTheoryBros has 90 seconds left.
|
|t:|1666478576
|move|p1a: Mr Krabs|Aqua Jet|p2a: Torkoal
|-supereffective|p2a: Torkoal
|-damage|p2a: Torkoal|10/100 tox
|-damage|p1a: Mr Krabs|56/100 psn|[from] item: Life Orb
|move|p2a: Torkoal|Overheat|p1a: Mr Krabs
|-resisted|p1a: Mr Krabs
|-crit|p1a: Mr Krabs
|-damage|p1a: Mr Krabs|0 fnt
|-unboost|p2a: Torkoal|spa|2
|faint|p1a: Mr Krabs
|
|-weather|SunnyDay|[upkeep]
|-damage|p2a: Torkoal|0 fnt|[from] psn
|faint|p2a: Torkoal
|upkeep
|j| jeanmilapipe
|inactive|SuperTheoryBros has 90 seconds left.
|
|t:|1666478590
|switch|p1a: Titan|Melmetal|91/100
|switch|p2a: Victini|Victini|30/100 tox
|-damage|p1a: Titan|84/100|[from] Stealth Rock
|turn|26
|
|t:|1666478597
|move|p2a: Victini|V-create|p1a: Titan
|-supereffective|p1a: Titan
|-damage|p1a: Titan|0 fnt
|-unboost|p2a: Victini|spe|1
|-unboost|p2a: Victini|def|1
|-unboost|p2a: Victini|spd|1
|faint|p1a: Titan
|
|-weather|SunnyDay|[upkeep]
|-damage|p2a: Victini|24/100 tox|[from] psn
|upkeep
|
|t:|1666478599
|switch|p1a: Sans|Marowak-Alola, M|100/100
|-status|p1a: Sans|psn
|-damage|p1a: Sans|75/100 psn|[from] Stealth Rock
|turn|27
|
|t:|1666478607
|move|p2a: Victini|V-create|p1a: Sans
|-resisted|p1a: Sans
|-damage|p1a: Sans|0 fnt
|-unboost|p2a: Victini|spe|1
|-unboost|p2a: Victini|def|1
|-unboost|p2a: Victini|spd|1
|faint|p1a: Sans
|
|win|SuperTheoryBros
|raw|HarmonyHatterene37's rating: 1569 &rarr; <strong>1552</strong><br />(-17 for losing)
|raw|SuperTheoryBros's rating: 1621 &rarr; <strong>1638</strong><br />(+17 for winning)
|l|☆HarmonyHatterene37
||Ladder isn't responding, score probably updated but might not have (Request timeout).
|l| jeanmilapipe
