|raw|<div class="broadcast-blue"><strong>This battle is required to be public due to a player having a name starting with 'LT74PF'.</div>
|j|☆lt74pfsq
|j|☆roboPOKE
|t:|1599416443
|player|p1|lt74pfsq|102|1823
|player|p2|roboPOKE|265|1814
|teamsize|p1|6
|teamsize|p2|6
|gametype|singles
|gen|8
|tier|[Gen 8] OU
|rated|
|clearpoke
|poke|p1|Rillaboom, F|
|poke|p1|Crawdaunt, M|
|poke|p1|Volcarona, M|
|poke|p1|Dragapult, M|
|poke|p1|Weavile, M|
|poke|p1|Kommo-o, F|
|poke|p2|Rillaboom, M|
|poke|p2|Dhelmise|
|poke|p2|Excadrill, F|
|poke|p2|Volcarona, F|
|poke|p2|Toxtricity, M|
|poke|p2|Primarina, M|
|rule|Sleep Clause Mod: Limit one foe put to sleep
|rule|Species Clause: Limit one of each Pokémon
|rule|OHKO Clause: OHKO moves are banned
|rule|Evasion Moves Clause: Evasion moves are banned
|rule|Endless Battle Clause: Forcing endless battles is banned
|rule|HP Percentage Mod: HP is shown in percentages
|rule|Dynamax Clause: You cannot dynamax
|teampreview
|
|t:|1599416454
|start
|switch|p1a: Weavile|Weavile, M|100/100
|switch|p2a: Excadrill|Excadrill, F|100/100
|-ability|p1a: Weavile|Pressure
|-ability|p2a: Excadrill|Mold Breaker
|turn|1
|
|t:|1599416463
|move|p1a: Weavile|Triple Axel|p2a: Excadrill
|-damage|p2a: Excadrill|81/100
|-damage|p2a: Excadrill|43/100
|-damage|p2a: Excadrill|0 fnt
|-hitcount|p2a: Excadrill|3
|-damage|p1a: Weavile|91/100|[from] item: Life Orb
|faint|p2a: Excadrill
|
|upkeep
|inactive|Battle timer is ON: inactive players will automatically lose when time's up. (requested by roboPOKE)
|
|t:|1599416467
|switch|p2a: Rillaboom|Rillaboom, M|100/100
|-fieldstart|move: Grassy Terrain|[from] ability: Grassy Surge|[of] p2a: Rillaboom
|turn|2
|
|t:|1599416470
|move|p2a: Rillaboom|Grassy Glide|p1a: Weavile
|-damage|p1a: Weavile|0 fnt
|faint|p1a: Weavile
|
|upkeep
|
|t:|1599416472
|switch|p1a: Volcarona|Volcarona, M|100/100
|turn|3
|
|t:|1599416475
|switch|p2a: Toxtricity|Toxtricity, M|100/100
|move|p1a: Volcarona|Quiver Dance|p1a: Volcarona
|-boost|p1a: Volcarona|spa|1
|-boost|p1a: Volcarona|spd|1
|-boost|p1a: Volcarona|spe|1
|
|upkeep
|turn|4
|
|t:|1599416479
|move|p1a: Volcarona|Quiver Dance|p1a: Volcarona
|-boost|p1a: Volcarona|spa|1
|-boost|p1a: Volcarona|spd|1
|-boost|p1a: Volcarona|spe|1
|move|p2a: Toxtricity|Overdrive|p1a: Volcarona
|-damage|p1a: Volcarona|61/100
|-damage|p2a: Toxtricity|91/100|[from] item: Life Orb
|
|-heal|p1a: Volcarona|67/100|[from] Grassy Terrain
|-heal|p2a: Toxtricity|97/100|[from] Grassy Terrain
|upkeep
|turn|5
|
|t:|1599416481
|move|p1a: Volcarona|Psychic|p2a: Toxtricity
|-supereffective|p2a: Toxtricity
|-damage|p2a: Toxtricity|0 fnt
|faint|p2a: Toxtricity
|
|-heal|p1a: Volcarona|73/100|[from] Grassy Terrain
|upkeep
|
|t:|1599416484
|switch|p2a: Volcarona|Volcarona, F|100/100
|turn|6
|
|t:|1599416489
|move|p1a: Volcarona|Flamethrower|p2a: Volcarona
|-damage|p2a: Volcarona|13/100
|move|p2a: Volcarona|Quiver Dance|p2a: Volcarona
|-boost|p2a: Volcarona|spa|1
|-boost|p2a: Volcarona|spd|1
|-boost|p2a: Volcarona|spe|1
|
|-heal|p1a: Volcarona|80/100|[from] Grassy Terrain
|-heal|p2a: Volcarona|19/100|[from] Grassy Terrain
|-fieldend|move: Grassy Terrain
|upkeep
|turn|7
|
|t:|1599416494
|move|p1a: Volcarona|Flamethrower|p2a: Volcarona
|-damage|p2a: Volcarona|0 fnt
|faint|p2a: Volcarona
|
|upkeep
|
|t:|1599416496
|switch|p2a: Primarina|Primarina, M|100/100
|turn|8
|
|t:|1599416500
|move|p1a: Volcarona|Psychic|p2a: Primarina
|-damage|p2a: Primarina|43/100
|move|p2a: Primarina|Calm Mind|p2a: Primarina
|-boost|p2a: Primarina|spa|1
|-boost|p2a: Primarina|spd|1
|
|-heal|p2a: Primarina|50/100|[from] item: Leftovers
|upkeep
|turn|9
|
|t:|1599416502
|move|p1a: Volcarona|Psychic|p2a: Primarina
|-damage|p2a: Primarina|13/100
|-unboost|p2a: Primarina|spd|1
|move|p2a: Primarina|Scald|p1a: Volcarona
|-supereffective|p1a: Volcarona
|-damage|p1a: Volcarona|0 fnt
|faint|p1a: Volcarona
|
|-heal|p2a: Primarina|20/100|[from] item: Leftovers
|upkeep
|j| Donene
|
|t:|1599416508
|switch|p1a: Rillaboom|Rillaboom, F|100/100
|-fieldstart|move: Grassy Terrain|[from] ability: Grassy Surge|[of] p1a: Rillaboom
|turn|10
|
|t:|1599416515
|move|p1a: Rillaboom|Swords Dance|p1a: Rillaboom
|-boost|p1a: Rillaboom|atk|2
|move|p2a: Primarina|Draining Kiss|p1a: Rillaboom
|-damage|p1a: Rillaboom|60/100
|-heal|p2a: Primarina|48/100|[from] drain|[of] p1a: Rillaboom
|
|-heal|p1a: Rillaboom|66/100|[from] Grassy Terrain
|-heal|p2a: Primarina|54/100|[from] item: Leftovers
|-heal|p2a: Primarina|60/100|[from] Grassy Terrain
|upkeep
|turn|11
|
|t:|1599416522
|move|p1a: Rillaboom|Grassy Glide|p2a: Primarina
|-supereffective|p2a: Primarina
|-damage|p2a: Primarina|0 fnt
|-damage|p1a: Rillaboom|56/100|[from] item: Life Orb
|faint|p2a: Primarina
|
|-heal|p1a: Rillaboom|62/100|[from] Grassy Terrain
|upkeep
|l| Donene
|
|t:|1599416542
|switch|p2a: Rillaboom|Rillaboom, M|100/100
|turn|12
|
|t:|1599416553
|move|p1a: Rillaboom|Drain Punch|p2a: Rillaboom
|-damage|p2a: Rillaboom|37/100
|-heal|p1a: Rillaboom|98/100|[from] drain|[of] p2a: Rillaboom
|-damage|p1a: Rillaboom|88/100|[from] item: Life Orb
|move|p2a: Rillaboom|U-turn|p1a: Rillaboom
|-supereffective|p1a: Rillaboom
|-damage|p1a: Rillaboom|7/100
|
|t:|1599416556
|switch|p2a: Dhelmise|Dhelmise|100/100|[from]move: U-turn
|
|-heal|p1a: Rillaboom|13/100|[from] Grassy Terrain
|upkeep
|turn|13
|
|t:|1599416558
|move|p2a: Dhelmise|Grassy Glide|p1a: Rillaboom
|-resisted|p1a: Rillaboom
|-damage|p1a: Rillaboom|0 fnt
|faint|p1a: Rillaboom
|
|upkeep
|
|t:|1599416562
|switch|p1a: Crawdaunt|Crawdaunt, M|100/100
|turn|14
|
|t:|1599416564
|move|p2a: Dhelmise|Grassy Glide|p1a: Crawdaunt
|-supereffective|p1a: Crawdaunt
|-damage|p1a: Crawdaunt|0 fnt
|faint|p1a: Crawdaunt
|
|-fieldend|move: Grassy Terrain
|upkeep
|
|t:|1599416566
|switch|p1a: Dragapult|Dragapult, M|100/100
|turn|15
|
|t:|1599416568
|move|p1a: Dragapult|Dragon Darts|p2a: Dhelmise
|-damage|p2a: Dhelmise|56/100
|-anim|p1a: Dragapult|Dragon Darts|p2a: Dhelmise
|-damage|p2a: Dhelmise|13/100
|-damage|p1a: Dragapult|91/100|[from] item: Life Orb
|move|p2a: Dhelmise|Grassy Glide|p1a: Dragapult
|-resisted|p1a: Dragapult
|-damage|p1a: Dragapult|42/100
|
|upkeep
|turn|16
|
|t:|1599416573
|switch|p2a: Rillaboom|Rillaboom, M|37/100
|-fieldstart|move: Grassy Terrain|[from] ability: Grassy Surge|[of] p2a: Rillaboom
|move|p1a: Dragapult|Dragon Darts|p2a: Rillaboom
|-damage|p2a: Rillaboom|0 fnt
|-damage|p1a: Dragapult|32/100|[from] item: Life Orb
|faint|p2a: Rillaboom
|
|-heal|p1a: Dragapult|38/100|[from] Grassy Terrain
|upkeep
|
|t:|1599416574
|switch|p2a: Dhelmise|Dhelmise|13/100
|turn|17
|
|t:|1599416577
|switch|p1a: Kommo-o|Kommo-o, F|100/100
|move|p2a: Dhelmise|Grassy Glide|p1a: Kommo-o
|-resisted|p1a: Kommo-o
|-damage|p1a: Kommo-o|62/100
|
|-heal|p1a: Kommo-o|69/100|[from] Grassy Terrain
|-heal|p2a: Dhelmise|19/100|[from] Grassy Terrain
|upkeep
|turn|18
|
|t:|1599416585
|move|p2a: Dhelmise|Grassy Glide|p1a: Kommo-o
|-resisted|p1a: Kommo-o
|-damage|p1a: Kommo-o|33/100
|move|p1a: Kommo-o|Taunt|p2a: Dhelmise
|-start|p2a: Dhelmise|move: Taunt
|
|-heal|p1a: Kommo-o|40/100|[from] Grassy Terrain
|-heal|p2a: Dhelmise|25/100|[from] Grassy Terrain
|upkeep
|turn|19
|
|t:|1599416588
|move|p2a: Dhelmise|Grassy Glide|p1a: Kommo-o
|-resisted|p1a: Kommo-o
|-damage|p1a: Kommo-o|0 fnt
|faint|p1a: Kommo-o
|
|-heal|p2a: Dhelmise|31/100|[from] Grassy Terrain
|upkeep
|-message|lt74pfsq forfeited.
|
|win|roboPOKE
|l|☆lt74pfsq
|raw|lt74pfsq's rating: 1823 &rarr; <strong>1802</strong><br />(-21 for losing)
|raw|roboPOKE's rating: 1814 &rarr; <strong>1834</strong><br />(+20 for winning)
