|j|☆Makuryu
|j|☆Kyerndo
|t:|1644005908
|gametype|singles
|player|p1|Makuryu|koga|1650
|player|p2|Kyerndo|psychic|1584
|teamsize|p1|6
|teamsize|p2|6
|gen|8
|tier|[Gen 8] OU
|rated|
|rule|Sleep Clause Mod: Limit one foe put to sleep
|rule|Species Clause: Limit one of each Pokémon
|rule|OHKO Clause: OHKO moves are banned
|rule|Evasion Moves Clause: Evasion moves are banned
|rule|Endless Battle Clause: Forcing endless battles is banned
|rule|HP Percentage Mod: HP is shown in percentages
|rule|Dynamax Clause: You cannot dynamax
|clearpoke
|poke|p1|Bisharp, M|
|poke|p1|Zapdos-Galar|
|poke|p1|Mew|
|poke|p1|Rillaboom, M|
|poke|p1|Garchomp, F|
|poke|p1|Dragapult, F|
|poke|p2|Tapu Koko|
|poke|p2|Reuniclus, F|
|poke|p2|Tyranitar, F|
|poke|p2|Aegislash, F|
|poke|p2|Landorus-Therian, M|
|poke|p2|Volcanion|
|teampreview
|
|t:|1644005918
|start
|switch|p1a: Mew|Mew|100/100
|switch|p2a: Landorus|Landorus-Therian, M|100/100
|-ability|p2a: Landorus|Intimidate|boost
|-unboost|p1a: Mew|atk|1
|turn|1
|inactive|Battle timer is ON: inactive players will automatically lose when time's up. (requested by Makuryu)
|
|t:|1644005928
|move|p2a: Landorus|U-turn|p1a: Mew
|-supereffective|p1a: Mew
|-damage|p1a: Mew|50/100
|
|t:|1644005936
|switch|p2a: Tyranitar|Tyranitar, F|100/100|[from]move: U-turn
|-weather|Sandstorm|[from] ability: Sand Stream|[of] p2a: Tyranitar
|move|p1a: Mew|Ice Beam|p2a: Tyranitar
|-damage|p2a: Tyranitar|85/100
|
|-weather|Sandstorm|[upkeep]
|-damage|p1a: Mew|44/100|[from] Sandstorm
|upkeep
|turn|2
|
|t:|1644005958
|switch|p2a: Landorus|Landorus-Therian, M|100/100
|-ability|p2a: Landorus|Intimidate|boost
|-unboost|p1a: Mew|atk|1
|move|p1a: Mew|Stealth Rock|p2a: Landorus
|-sidestart|p2: Kyerndo|move: Stealth Rock
|
|-weather|Sandstorm|[upkeep]
|-damage|p1a: Mew|38/100|[from] Sandstorm
|upkeep
|turn|3
|
|t:|1644005966
|move|p2a: Landorus|U-turn|p1a: Mew
|-supereffective|p1a: Mew
|-damage|p1a: Mew|0 fnt
|faint|p1a: Mew
|
|t:|1644005979
|switch|p2a: Tapu Koko|Tapu Koko|100/100|[from]move: U-turn
|-fieldstart|move: Electric Terrain|[from] ability: Electric Surge|[of] p2a: Tapu Koko
|
|-weather|Sandstorm|[upkeep]
|-damage|p2a: Tapu Koko|94/100|[from] Sandstorm
|upkeep
|
|t:|1644005989
|switch|p1a: Rillaboom|Rillaboom, M|100/100
|-fieldstart|move: Grassy Terrain|[from] ability: Grassy Surge|[of] p1a: Rillaboom
|turn|4
|
|t:|1644005992
|move|p1a: Rillaboom|Grassy Glide|p2a: Tapu Koko
|-damage|p2a: Tapu Koko|8/100
|-damage|p1a: Rillaboom|91/100|[from] item: Life Orb
|move|p2a: Tapu Koko|U-turn|p1a: Rillaboom
|-supereffective|p1a: Rillaboom
|-damage|p1a: Rillaboom|56/100
|
|t:|1644005997
|switch|p2a: Aegislash|Aegislash, F|100/100|[from]move: U-turn
|-damage|p2a: Aegislash|94/100|[from] Stealth Rock
|
|-weather|Sandstorm|[upkeep]
|-damage|p1a: Rillaboom|50/100|[from] Sandstorm
|-heal|p1a: Rillaboom|56/100|[from] Grassy Terrain
|-heal|p2a: Aegislash|100/100|[from] Grassy Terrain
|upkeep
|turn|5
|
|t:|1644006008
|switch|p1a: Bisharp|Bisharp, M|100/100
|-formechange|p2a: Aegislash|Aegislash-Blade||[from] ability: Stance Change
|move|p2a: Aegislash|Close Combat|p1a: Bisharp
|-supereffective|p1a: Bisharp
|-damage|p1a: Bisharp|0 fnt
|-unboost|p2a: Aegislash|def|1
|-unboost|p2a: Aegislash|spd|1
|faint|p1a: Bisharp
|
|-weather|none
|upkeep
|
|t:|1644006021
|switch|p1a: Dragapult|Dragapult, F|100/100
|turn|6
|
|t:|1644006027
|switch|p2a: Tyranitar|Tyranitar, F|85/100
|-damage|p2a: Tyranitar|73/100|[from] Stealth Rock
|-weather|Sandstorm|[from] ability: Sand Stream|[of] p2a: Tyranitar
|move|p1a: Dragapult|Dragon Darts|p2a: Tyranitar
|-damage|p2a: Tyranitar|51/100
|-anim|p1a: Dragapult|Dragon Darts|p2a: Tyranitar
|-damage|p2a: Tyranitar|31/100
|-damage|p1a: Dragapult|91/100|[from] item: Life Orb
|
|-weather|Sandstorm|[upkeep]
|-damage|p1a: Dragapult|85/100|[from] Sandstorm
|-heal|p1a: Dragapult|91/100|[from] Grassy Terrain
|-heal|p2a: Tyranitar|37/100|[from] Grassy Terrain
|upkeep
|turn|7
|
|t:|1644006041
|move|p1a: Dragapult|Dragon Darts|p2a: Tyranitar
|-damage|p2a: Tyranitar|16/100
|-anim|p1a: Dragapult|Dragon Darts|p2a: Tyranitar
|-damage|p2a: Tyranitar|0 fnt
|faint|p2a: Tyranitar
|-damage|p1a: Dragapult|81/100|[from] item: Life Orb
|
|-weather|Sandstorm|[upkeep]
|-damage|p1a: Dragapult|75/100|[from] Sandstorm
|-heal|p1a: Dragapult|81/100|[from] Grassy Terrain
|upkeep
|
|t:|1644006049
|switch|p2a: Landorus|Landorus-Therian, M|100/100
|-damage|p2a: Landorus|88/100|[from] Stealth Rock
|-ability|p2a: Landorus|Intimidate|boost
|-unboost|p1a: Dragapult|atk|1
|turn|8
|
|t:|1644006060
|switch|p1a: Zapdos|Zapdos-Galar|100/100
|move|p2a: Landorus|U-turn|p1a: Zapdos
|-resisted|p1a: Zapdos
|-damage|p1a: Zapdos|92/100
|
|t:|1644006063
|switch|p2a: Aegislash|Aegislash, F|100/100|[from]move: U-turn
|-damage|p2a: Aegislash|94/100|[from] Stealth Rock
|
|-weather|Sandstorm|[upkeep]
|-damage|p1a: Zapdos|86/100|[from] Sandstorm
|-heal|p2a: Aegislash|100/100|[from] Grassy Terrain
|-fieldend|move: Grassy Terrain
|upkeep
|turn|9
|
|t:|1644006072
|move|p1a: Zapdos|Brave Bird|p2a: Aegislash
|-resisted|p2a: Aegislash
|-damage|p2a: Aegislash|67/100
|-damage|p1a: Zapdos|75/100|[from] Recoil
|-formechange|p2a: Aegislash|Aegislash-Blade||[from] ability: Stance Change
|move|p2a: Aegislash|Shadow Ball|p1a: Zapdos
|-damage|p1a: Zapdos|0 fnt
|faint|p1a: Zapdos
|
|-weather|Sandstorm|[upkeep]
|upkeep
|
|t:|1644006083
|switch|p1a: Garchomp|Garchomp, F|100/100
|turn|10
|
|t:|1644006100
|move|p1a: Garchomp|Earthquake|p2a: Aegislash
|-supereffective|p2a: Aegislash
|-damage|p2a: Aegislash|0 fnt
|faint|p2a: Aegislash
|
|-weather|none
|upkeep
|
|t:|1644006105
|switch|p2a: Landorus|Landorus-Therian, M|88/100
|-damage|p2a: Landorus|76/100|[from] Stealth Rock
|-ability|p2a: Landorus|Intimidate|boost
|-unboost|p1a: Garchomp|atk|1
|turn|11
|
|t:|1644006110
|move|p2a: Landorus|Earthquake|p1a: Garchomp
|-damage|p1a: Garchomp|44/100
|move|p1a: Garchomp|Scale Shot|p2a: Landorus
|-damage|p2a: Landorus|64/100
|-damage|p2a: Landorus|54/100
|-damage|p2a: Landorus|44/100
|-hitcount|p2a: Landorus|3
|-unboost|p1a: Garchomp|def|1
|-boost|p1a: Garchomp|spe|1
|
|-heal|p1a: Garchomp|50/100|[from] item: Leftovers
|upkeep
|turn|12
|
|t:|1644006125
|move|p1a: Garchomp|Scale Shot|p2a: Landorus
|-damage|p2a: Landorus|34/100
|-damage|p2a: Landorus|24/100
|-damage|p2a: Landorus|13/100
|-damage|p2a: Landorus|3/100
|-damage|p2a: Landorus|0 fnt
|faint|p2a: Landorus
|-hitcount|p2: Landorus|5
|-unboost|p1a: Garchomp|def|1
|-boost|p1a: Garchomp|spe|1
|
|-heal|p1a: Garchomp|57/100|[from] item: Leftovers
|upkeep
|
|t:|1644006128
|switch|p2a: Tapu Koko|Tapu Koko|8/100
|-fieldstart|move: Electric Terrain|[from] ability: Electric Surge|[of] p2a: Tapu Koko
|turn|13
|
|t:|1644006147
|switch|p2a: Reuniclus|Reuniclus, F|100/100
|-enditem|p2a: Reuniclus|Electric Seed
|-boost|p2a: Reuniclus|def|1|[from] item: Electric Seed
|move|p1a: Garchomp|Earthquake|p2a: Reuniclus
|-damage|p2a: Reuniclus|85/100
|
|-heal|p1a: Garchomp|63/100|[from] item: Leftovers
|upkeep
|turn|14
|
|t:|1644006158
|switch|p1a: Dragapult|Dragapult, F|81/100
|move|p2a: Reuniclus|Calm Mind|p2a: Reuniclus
|-boost|p2a: Reuniclus|spa|1
|-boost|p2a: Reuniclus|spd|1
|
|upkeep
|turn|15
|
|t:|1644006164
|move|p1a: Dragapult|Shadow Ball|p2a: Reuniclus
|-supereffective|p2a: Reuniclus
|-damage|p2a: Reuniclus|27/100
|-damage|p1a: Dragapult|71/100|[from] item: Life Orb
|move|p2a: Reuniclus|Psyshock|p1a: Dragapult
|-damage|p1a: Dragapult|0 fnt
|faint|p1a: Dragapult
|
|upkeep
|
|t:|1644006172
|switch|p1a: Rillaboom|Rillaboom, M|56/100
|-fieldstart|move: Grassy Terrain|[from] ability: Grassy Surge|[of] p1a: Rillaboom
|turn|16
|
|t:|1644006178
|move|p1a: Rillaboom|Grassy Glide|p2a: Reuniclus
|-damage|p2a: Reuniclus|0 fnt
|faint|p2a: Reuniclus
|-damage|p1a: Rillaboom|46/100|[from] item: Life Orb
|
|-heal|p1a: Rillaboom|52/100|[from] Grassy Terrain
|upkeep
|
|t:|1644006185
|switch|p2a: Volcanion|Volcanion|100/100
|turn|17
|
|t:|1644006188
|move|p1a: Rillaboom|Grassy Glide|p2a: Volcanion
|-damage|p2a: Volcanion|48/100
|-damage|p1a: Rillaboom|42/100|[from] item: Life Orb
|move|p2a: Volcanion|Flamethrower|p1a: Rillaboom
|-supereffective|p1a: Rillaboom
|-damage|p1a: Rillaboom|0 fnt
|faint|p1a: Rillaboom
|
|-heal|p2a: Volcanion|54/100|[from] Grassy Terrain
|upkeep
|
|t:|1644006197
|switch|p1a: Garchomp|Garchomp, F|63/100
|turn|18
|
|t:|1644006200
|switch|p2a: Tapu Koko|Tapu Koko|8/100
|-fieldstart|move: Electric Terrain|[from] ability: Electric Surge|[of] p2a: Tapu Koko
|move|p1a: Garchomp|Scale Shot|p2a: Tapu Koko
|-immune|p2a: Tapu Koko
|
|-heal|p1a: Garchomp|69/100|[from] item: Leftovers
|upkeep
|turn|19
|
|t:|1644006208
|move|p2a: Tapu Koko|Dazzling Gleam|p1a: Garchomp
|-supereffective|p1a: Garchomp
|-damage|p1a: Garchomp|0 fnt
|faint|p1a: Garchomp
|
|win|Kyerndo
|raw|Makuryu's rating: 1650 &rarr; <strong>1626</strong><br />(-24 for losing)
|raw|Kyerndo's rating: 1584 &rarr; <strong>1608</strong><br />(+24 for winning)
|l|☆Makuryu
||Ladder isn't responding, score probably updated but might not have (Request timeout).
