|j|☆RipReckful
|j|☆cute asian gurl
|inactive|Battle timer is ON: inactive players will automatically lose when time's up.
|t:|1645651674
|gametype|singles
|player|p1|RipReckful|lucas|
|player|p2|cute asian gurl|dawn|
|teamsize|p1|6
|teamsize|p2|6
|gen|8
|tier|[Gen 8] OU
|rated|Tournament battle
|rule|Sleep Clause Mod: Limit one foe put to sleep
|rule|Species Clause: Limit one of each Pokémon
|rule|OHKO Clause: OHKO moves are banned
|rule|Evasion Moves Clause: Evasion moves are banned
|rule|Endless Battle Clause: Forcing endless battles is banned
|rule|HP Percentage Mod: HP is shown in percentages
|rule|Dynamax Clause: You cannot dynamax
|clearpoke
|poke|p1|Gengar, M|
|poke|p1|Landorus-Therian, M|
|poke|p1|Tapu Fini|
|poke|p1|Blacephalon|
|poke|p1|Toxapex, M|
|poke|p1|Mew|
|poke|p2|Jirachi|
|poke|p2|Skarmory, F|
|poke|p2|Gastrodon, M|
|poke|p2|Toxapex, M|
|poke|p2|Clefable, M|
|poke|p2|Hydreigon, M|
|teampreview
|inactive|RipReckful also wants the timer to be on.
|j| clean cuts
|c|☆cute asian gurl|lol
|c|☆cute asian gurl|i hope i get para hax
|j| beastyj157
|j| Niadev
|j| Mogus Mogul
|
|t:|1645651695
|start
|switch|p1a: Landorus|Landorus-Therian, M|100/100
|switch|p2a: Jirachi|Jirachi|100/100
|-ability|p1a: Landorus|Intimidate|boost
|-unboost|p2a: Jirachi|atk|1
|turn|1
|c|☆RipReckful|have fun :D
|j| FacilitoElTutorial
|
|t:|1645651700
|switch|p2a: Skarmory|Skarmory, F|100/100
|move|p1a: Landorus|Earthquake|p2a: Skarmory
|-immune|p2a: Skarmory
|
|upkeep
|turn|2
|
|t:|1645651707
|switch|p1a: Gengar|Gengar, M|100/100
|move|p2a: Skarmory|Stealth Rock|p1a: Gengar
|-sidestart|p1: RipReckful|move: Stealth Rock
|
|upkeep
|turn|3
|j| rose of geass
|
|t:|1645651713
|switch|p2a: Gastrodon|Gastrodon, M|100/100
|move|p1a: Gengar|Nasty Plot|p1a: Gengar
|-boost|p1a: Gengar|spa|2
|
|upkeep
|turn|4
|
|t:|1645651717
|switch|p1a: Mew|Mew|100/100
|move|p2a: Gastrodon|Earth Power|p1a: Mew
|-damage|p1a: Mew|79/100
|
|upkeep
|turn|5
|
|t:|1645651723
|switch|p2a: Jirachi|Jirachi|100/100
|move|p1a: Mew|Taunt|p2a: Jirachi
|-start|p2a: Jirachi|move: Taunt
|
|upkeep
|turn|6
|c| Mogus Mogul|lol the mono lose to dragapult
|
|t:|1645651727
|move|p1a: Mew|Defog|p2a: Jirachi
|-unboost|p2a: Jirachi|evasion|1
|-sideend|p1: RipReckful|Stealth Rock|[from] move: Defog|[of] p1a: Mew
|move|p2a: Jirachi|Body Slam|p1a: Mew
|-damage|p1a: Mew|64/100
|-status|p1a: Mew|par
|-activate|p1a: Mew|ability: Synchronize
|-status|p2a: Jirachi|par
|
|upkeep
|turn|7
|
|t:|1645651731
|switch|p2a: Clefable|Clefable, M|100/100
|move|p1a: Mew|Stealth Rock|p2a: Clefable
|-sidestart|p2: cute asian gurl|move: Stealth Rock
|
|upkeep
|turn|8
|
|t:|1645651736
|switch|p1a: Blacephalon|Blacephalon|100/100
|move|p2a: Clefable|Aromatherapy|p2a: Clefable
|-activate|p2a: Clefable|move: Aromatherapy
|-curestatus|p2: Jirachi|par|[msg]
|
|upkeep
|turn|9
|c| beastyj157|that gengar could go in
|j|@iron☂water ♫
|
|t:|1645651744
|switch|p2a: Hydreigon|Hydreigon, M|100/100
|-damage|p2a: Hydreigon|88/100|[from] Stealth Rock
|move|p1a: Blacephalon|Trick|p2a: Hydreigon
|-activate|p1a: Blacephalon|move: Trick|[of] p2a: Hydreigon
|-item|p2a: Hydreigon|Choice Specs|[from] move: Trick
|-item|p1a: Blacephalon|Leftovers|[from] move: Trick
|
|upkeep
|turn|10
|j| kizi22122
|
|t:|1645651751
|switch|p1a: Tapu Fini|Tapu Fini|100/100
|-fieldstart|move: Misty Terrain|[from] ability: Misty Surge|[of] p1a: Tapu Fini
|move|p2a: Hydreigon|Earth Power|p1a: Tapu Fini
|-damage|p1a: Tapu Fini|66/100
|
|-heal|p1a: Tapu Fini|72/100|[from] item: Leftovers
|upkeep
|turn|11
|
|t:|1645651759
|switch|p2a: Toxapex|Toxapex, M|100/100
|-damage|p2a: Toxapex|88/100|[from] Stealth Rock
|move|p1a: Tapu Fini|Moonblast|p2a: Toxapex
|-resisted|p2a: Toxapex
|-damage|p2a: Toxapex|75/100
|-unboost|p2a: Toxapex|spa|1
|
|-heal|p1a: Tapu Fini|78/100|[from] item: Leftovers
|upkeep
|turn|12
|j| i lik8 cats
|
|t:|1645651764
|switch|p1a: Toxapex|Toxapex, M|100/100
|move|p2a: Toxapex|Knock Off|p1a: Toxapex
|-damage|p1a: Toxapex|92/100
|-enditem|p1a: Toxapex|Black Sludge|[from] move: Knock Off|[of] p2a: Toxapex
|
|upkeep
|turn|13
|
|t:|1645651768
|switch|p2a: Hydreigon|Hydreigon, M|88/100
|-damage|p2a: Hydreigon|76/100|[from] Stealth Rock
|move|p1a: Toxapex|Scald|p2a: Hydreigon
|-resisted|p2a: Hydreigon
|-damage|p2a: Hydreigon|66/100
|-status|p2a: Hydreigon|brn
|
|-damage|p2a: Hydreigon|60/100 brn|[from] brn
|upkeep
|turn|14
|
|t:|1645651772
|switch|p1a: Tapu Fini|Tapu Fini|78/100
|move|p2a: Hydreigon|Defog|p1a: Tapu Fini
|-unboost|p1a: Tapu Fini|evasion|1
|-sideend|p2: cute asian gurl|Stealth Rock|[from] move: Defog|[of] p2a: Hydreigon
|-fieldend|Misty Terrain
|
|-heal|p1a: Tapu Fini|84/100|[from] item: Leftovers
|-damage|p2a: Hydreigon|54/100 brn|[from] brn
|upkeep
|turn|15
|
|t:|1645651776
|switch|p2a: Toxapex|Toxapex, M|100/100
|switch|p1a: Landorus|Landorus-Therian, M|100/100
|-ability|p1a: Landorus|Intimidate|boost
|-unboost|p2a: Toxapex|atk|1
|
|upkeep
|turn|16
|
|t:|1645651781
|move|p1a: Landorus|Substitute|p1a: Landorus
|-start|p1a: Landorus|Substitute
|-damage|p1a: Landorus|76/100
|move|p2a: Toxapex|Toxic||[still]
|-fail|p2a: Toxapex
|
|-heal|p1a: Landorus|82/100|[from] item: Leftovers
|upkeep
|turn|17
|
|t:|1645651788
|switch|p2a: Skarmory|Skarmory, F|100/100
|move|p1a: Landorus|Swords Dance|p1a: Landorus
|-boost|p1a: Landorus|atk|2
|
|-heal|p1a: Landorus|88/100|[from] item: Leftovers
|upkeep
|turn|18
|
|t:|1645651791
|move|p1a: Landorus|Smack Down|p2a: Skarmory
|-damage|p2a: Skarmory|78/100
|-start|p2a: Skarmory|Smack Down
|move|p2a: Skarmory|Stealth Rock|p1a: Landorus
|-sidestart|p1: RipReckful|move: Stealth Rock
|
|-heal|p1a: Landorus|94/100|[from] item: Leftovers
|upkeep
|turn|19
|
|t:|1645651795
|switch|p2a: Clefable|Clefable, M|100/100
|move|p1a: Landorus|Earthquake|p2a: Clefable
|-damage|p2a: Clefable|56/100
|
|-heal|p1a: Landorus|100/100|[from] item: Leftovers
|-heal|p2a: Clefable|62/100|[from] item: Leftovers
|upkeep
|turn|20
|l| kizi22122
|
|t:|1645651802
|move|p1a: Landorus|Earthquake|p2a: Clefable
|-damage|p2a: Clefable|11/100
|move|p2a: Clefable|Soft-Boiled|p2a: Clefable
|-heal|p2a: Clefable|61/100
|
|-heal|p2a: Clefable|67/100|[from] item: Leftovers
|upkeep
|turn|21
|
|t:|1645651805
|move|p1a: Landorus|Earthquake|p2a: Clefable
|-damage|p2a: Clefable|18/100
|move|p2a: Clefable|Soft-Boiled|p2a: Clefable
|-heal|p2a: Clefable|68/100
|
|-heal|p2a: Clefable|74/100|[from] item: Leftovers
|upkeep
|turn|22
|j| Fun Funeral
|j| Struntuz
|
|t:|1645651808
|move|p1a: Landorus|Earthquake|p2a: Clefable
|-damage|p2a: Clefable|29/100
|move|p2a: Clefable|Soft-Boiled|p2a: Clefable
|-heal|p2a: Clefable|79/100
|
|-heal|p2a: Clefable|85/100|[from] item: Leftovers
|upkeep
|turn|23
|
|t:|1645651812
|move|p1a: Landorus|Earthquake|p2a: Clefable
|-damage|p2a: Clefable|38/100
|move|p2a: Clefable|Soft-Boiled|p2a: Clefable
|-heal|p2a: Clefable|88/100
|
|-heal|p2a: Clefable|94/100|[from] item: Leftovers
|upkeep
|turn|24
|l| i lik8 cats
|
|t:|1645651820
|switch|p1a: Toxapex|Toxapex, M|100/100
|-damage|p1a: Toxapex|88/100|[from] Stealth Rock
|move|p2a: Clefable|Calm Mind|p2a: Clefable
|-boost|p2a: Clefable|spa|1
|-boost|p2a: Clefable|spd|1
|
|-heal|p2a: Clefable|99/100|[from] item: Leftovers
|upkeep
|turn|25
|j| WMU
|
|t:|1645651835
|switch|p2a: Hydreigon|Hydreigon, M|54/100 brn
|move|p1a: Toxapex|Haze|p1a: Toxapex
|-clearallboost
|
|-damage|p2a: Hydreigon|48/100 brn|[from] brn
|upkeep
|turn|26
|
|t:|1645651838
|move|p2a: Hydreigon|Roost|p2a: Hydreigon
|-heal|p2a: Hydreigon|98/100 brn
|-singleturn|p2a: Hydreigon|move: Roost
|move|p1a: Toxapex|Recover|p1a: Toxapex
|-heal|p1a: Toxapex|100/100
|
|-damage|p2a: Hydreigon|92/100 brn|[from] brn
|upkeep
|turn|27
|c|☆RipReckful|i shouldve brought zone lele
|
|t:|1645651865
|switch|p2a: Gastrodon|Gastrodon, M|100/100
|switch|p1a: Mew|Mew|64/100 par
|
|upkeep
|turn|28
|j| AlterAbsol
|j| VaporeonUser
|inactive|cute asian gurl has 120 seconds left.
|
|t:|1645651884
|move|p1a: Mew|Roost|p1a: Mew
|-heal|p1a: Mew|100/100 par
|-singleturn|p1a: Mew|move: Roost
|move|p2a: Gastrodon|Earth Power|p1a: Mew
|-damage|p1a: Mew|77/100 par
|-unboost|p1a: Mew|spd|1
|
|upkeep
|turn|29
|
|t:|1645651887
|move|p1a: Mew|Defog|p2a: Gastrodon
|-unboost|p2a: Gastrodon|evasion|1
|-sideend|p1: RipReckful|Stealth Rock|[from] move: Defog|[of] p1a: Mew
|move|p2a: Gastrodon|Earth Power|p1a: Mew
|-damage|p1a: Mew|45/100 par
|
|upkeep
|turn|30
|
|t:|1645651893
|switch|p1a: Tapu Fini|Tapu Fini|84/100
|-fieldstart|move: Misty Terrain|[from] ability: Misty Surge|[of] p1a: Tapu Fini
|move|p2a: Gastrodon|Earth Power|p1a: Tapu Fini
|-damage|p1a: Tapu Fini|65/100
|-unboost|p1a: Tapu Fini|spd|1
|
|-heal|p1a: Tapu Fini|71/100|[from] item: Leftovers
|upkeep
|turn|31
|
|t:|1645651900
|switch|p2a: Toxapex|Toxapex, M|100/100
|move|p1a: Tapu Fini|Nature's Madness|p2a: Toxapex
|-damage|p2a: Toxapex|50/100
|
|-heal|p1a: Tapu Fini|77/100|[from] item: Leftovers
|upkeep
|turn|32
|
|t:|1645651910
|switch|p1a: Toxapex|Toxapex, M|100/100
|move|p2a: Toxapex|Knock Off|p1a: Toxapex
|-damage|p1a: Toxapex|95/100
|
|upkeep
|turn|33
|c| VaporeonUser|i have just noticed that asian's team changes little by little
|
|t:|1645651921
|move|p1a: Toxapex|Scald|p2a: Toxapex
|-resisted|p2a: Toxapex
|-damage|p2a: Toxapex|43/100
|move|p2a: Toxapex|Light Screen|p2a: Toxapex
|-sidestart|p2: cute asian gurl|move: Light Screen
|
|upkeep
|turn|34
|j| Pinto
|
|t:|1645651938
|switch|p2a: Gastrodon|Gastrodon, M|100/100
|move|p1a: Toxapex|Scald|p2a: Gastrodon
|-damage|p2a: Gastrodon|95/100
|
|-heal|p2a: Gastrodon|100/100|[from] item: Leftovers
|-fieldend|Misty Terrain
|upkeep
|turn|35
|
|t:|1645651952
|switch|p2a: Skarmory|Skarmory, F|78/100
|move|p1a: Toxapex|Scald|p2a: Skarmory
|-damage|p2a: Skarmory|66/100
|
|upkeep
|turn|36
|c| VaporeonUser|they be stalling
|
|t:|1645651961
|switch|p1a: Gengar|Gengar, M|100/100
|move|p2a: Skarmory|Stealth Rock|p1a: Gengar
|-sidestart|p1: RipReckful|move: Stealth Rock
|
|upkeep
|turn|37
|
|t:|1645651964
|switch|p2a: Gastrodon|Gastrodon, M|100/100
|move|p1a: Gengar|Shadow Ball|p2a: Gastrodon
|-damage|p2a: Gastrodon|80/100
|-unboost|p2a: Gastrodon|spd|1
|-damage|p1a: Gengar|91/100|[from] item: Life Orb
|
|-heal|p2a: Gastrodon|86/100|[from] item: Leftovers
|-sideend|p2: cute asian gurl|move: Light Screen
|upkeep
|turn|38
|j| r0arcune
|j| whygopprn
|
|t:|1645651989
|switch|p1a: Tapu Fini|Tapu Fini|77/100
|-damage|p1a: Tapu Fini|64/100|[from] Stealth Rock
|-fieldstart|move: Misty Terrain|[from] ability: Misty Surge|[of] p1a: Tapu Fini
|move|p2a: Gastrodon|Earth Power|p1a: Tapu Fini
|-damage|p1a: Tapu Fini|43/100
|
|-heal|p1a: Tapu Fini|49/100|[from] item: Leftovers
|-heal|p2a: Gastrodon|92/100|[from] item: Leftovers
|upkeep
|turn|39
|
|t:|1645651999
|switch|p2a: Toxapex|Toxapex, M|76/100
|move|p1a: Tapu Fini|Moonblast|p2a: Toxapex
|-resisted|p2a: Toxapex
|-damage|p2a: Toxapex|63/100
|-unboost|p2a: Toxapex|spa|1
|
|-heal|p1a: Tapu Fini|55/100|[from] item: Leftovers
|upkeep
|turn|40
|
|t:|1645652007
|switch|p1a: Landorus|Landorus-Therian, M|100/100
|-damage|p1a: Landorus|88/100|[from] Stealth Rock
|-ability|p1a: Landorus|Intimidate|boost
|-unboost|p2a: Toxapex|atk|1
|move|p2a: Toxapex|Knock Off|p1a: Landorus
|-damage|p1a: Landorus|77/100
|-enditem|p1a: Landorus|Leftovers|[from] move: Knock Off|[of] p2a: Toxapex
|
|upkeep
|turn|41
|
|t:|1645652015
|switch|p2a: Hydreigon|Hydreigon, M|92/100 brn
|move|p1a: Landorus|Earthquake|p2a: Hydreigon
|-immune|p2a: Hydreigon|[from] ability: Levitate
|
|-damage|p2a: Hydreigon|86/100 brn|[from] brn
|upkeep
|turn|42
|
|t:|1645652024
|move|p2a: Hydreigon|Flamethrower|p1a: Landorus
|-damage|p1a: Landorus|19/100
|move|p1a: Landorus|Smack Down|p2a: Hydreigon
|-damage|p2a: Hydreigon|62/100 brn
|-start|p2a: Hydreigon|Smack Down
|
|-damage|p2a: Hydreigon|56/100 brn|[from] brn
|-fieldend|Misty Terrain
|upkeep
|turn|43
|
|t:|1645652029
|move|p2a: Hydreigon|Flamethrower|p1a: Landorus
|-damage|p1a: Landorus|0 fnt
|faint|p1a: Landorus
|
|-damage|p2a: Hydreigon|50/100 brn|[from] brn
|upkeep
|j| stone mist
|j| Imabittobadatthis
|l| Imabittobadatthis
|
|t:|1645652051
|switch|p1a: Blacephalon|Blacephalon|100/100
|-damage|p1a: Blacephalon|76/100|[from] Stealth Rock
|turn|44
|
|t:|1645652058
|switch|p2a: Gastrodon|Gastrodon, M|92/100
|move|p1a: Blacephalon|Shadow Ball|p2a: Gastrodon
|-damage|p2a: Gastrodon|62/100
|-unboost|p2a: Gastrodon|spd|1
|
|-heal|p1a: Blacephalon|82/100|[from] item: Leftovers
|-heal|p2a: Gastrodon|68/100|[from] item: Leftovers
|upkeep
|turn|45
|
|t:|1645652068
|move|p1a: Blacephalon|Shadow Ball|p2a: Gastrodon
|-damage|p2a: Gastrodon|20/100
|-unboost|p2a: Gastrodon|spd|1
|move|p2a: Gastrodon|Recover|p2a: Gastrodon
|-heal|p2a: Gastrodon|70/100
|
|-heal|p1a: Blacephalon|88/100|[from] item: Leftovers
|-heal|p2a: Gastrodon|76/100|[from] item: Leftovers
|upkeep
|turn|46
|
|t:|1645652074
|switch|p2a: Toxapex|Toxapex, M|97/100
|move|p1a: Blacephalon|Shadow Ball|p2a: Toxapex
|-damage|p2a: Toxapex|57/100
|
|-heal|p1a: Blacephalon|94/100|[from] item: Leftovers
|upkeep
|turn|47
|
|t:|1645652081
|move|p1a: Blacephalon|Trick|p2a: Toxapex
|-activate|p1a: Blacephalon|move: Trick|[of] p2a: Toxapex
|-item|p2a: Toxapex|Leftovers|[from] move: Trick
|-item|p1a: Blacephalon|Shed Shell|[from] move: Trick
|move|p2a: Toxapex|Toxic|p1a: Blacephalon
|-status|p1a: Blacephalon|tox
|
|-heal|p2a: Toxapex|63/100|[from] item: Leftovers
|-damage|p1a: Blacephalon|88/100 tox|[from] psn
|upkeep
|turn|48
|l| rose of geass
|
|t:|1645652091
|move|p1a: Blacephalon|Shadow Ball|p2a: Toxapex
|-damage|p2a: Toxapex|24/100
|move|p2a: Toxapex|Light Screen|p2a: Toxapex
|-sidestart|p2: cute asian gurl|move: Light Screen
|
|-heal|p2a: Toxapex|30/100|[from] item: Leftovers
|-damage|p1a: Blacephalon|76/100 tox|[from] psn
|upkeep
|turn|49
|
|t:|1645652097
|switch|p2a: Hydreigon|Hydreigon, M|50/100 brn
|move|p1a: Blacephalon|Shadow Ball|p2a: Hydreigon
|-resisted|p2a: Hydreigon
|-damage|p2a: Hydreigon|37/100 brn
|
|-damage|p1a: Blacephalon|58/100 tox|[from] psn
|-damage|p2a: Hydreigon|31/100 brn|[from] brn
|upkeep
|turn|50
|
|t:|1645652101
|switch|p1a: Tapu Fini|Tapu Fini|55/100
|-damage|p1a: Tapu Fini|43/100|[from] Stealth Rock
|-fieldstart|move: Misty Terrain|[from] ability: Misty Surge|[of] p1a: Tapu Fini
|move|p2a: Hydreigon|Roost|p2a: Hydreigon
|-heal|p2a: Hydreigon|81/100 brn
|-singleturn|p2a: Hydreigon|move: Roost
|
|-heal|p1a: Tapu Fini|49/100|[from] item: Leftovers
|-damage|p2a: Hydreigon|75/100 brn|[from] brn
|upkeep
|turn|51
|
|t:|1645652109
|switch|p2a: Jirachi|Jirachi|100/100
|move|p1a: Tapu Fini|Moonblast|p2a: Jirachi
|-resisted|p2a: Jirachi
|-damage|p2a: Jirachi|96/100
|-unboost|p2a: Jirachi|spa|1
|
|-heal|p2a: Jirachi|100/100|[from] item: Leftovers
|-heal|p1a: Tapu Fini|55/100|[from] item: Leftovers
|upkeep
|turn|52
|
|t:|1645652122
|move|p2a: Jirachi|Wish|p2a: Jirachi
|move|p1a: Tapu Fini|Nature's Madness|p2a: Jirachi|[miss]
|-miss|p1a: Tapu Fini|p2a: Jirachi
|
|-heal|p1a: Tapu Fini|61/100|[from] item: Leftovers
|-sideend|p2: cute asian gurl|move: Light Screen
|upkeep
|turn|53
|
|t:|1645652127
|move|p2a: Jirachi|Iron Head|p1a: Tapu Fini
|-damage|p1a: Tapu Fini|43/100
|cant|p1a: Tapu Fini|flinch
|
|-heal|p1a: Tapu Fini|49/100|[from] item: Leftovers
|upkeep
|turn|54
|l| AlterAbsol
|
|t:|1645652138
|move|p2a: Jirachi|Wish|p2a: Jirachi
|move|p1a: Tapu Fini|Taunt|p2a: Jirachi
|-start|p2a: Jirachi|move: Taunt
|
|-heal|p1a: Tapu Fini|55/100|[from] item: Leftovers
|-fieldend|Misty Terrain
|upkeep
|turn|55
|l| WMU
|
|t:|1645652143
|move|p2a: Jirachi|Body Slam|p1a: Tapu Fini
|-damage|p1a: Tapu Fini|40/100
|-status|p1a: Tapu Fini|par
|move|p1a: Tapu Fini|Nature's Madness|p2a: Jirachi
|-damage|p2a: Jirachi|50/100
|
|-heal|p2a: Jirachi|100/100|[from] move: Wish|[wisher] Jirachi
|-heal|p1a: Tapu Fini|46/100 par|[from] item: Leftovers
|upkeep
|turn|56
|
|t:|1645652151
|switch|p1a: Gengar|Gengar, M|91/100
|-damage|p1a: Gengar|78/100|[from] Stealth Rock
|move|p2a: Jirachi|Iron Head|p1a: Gengar
|-damage|p1a: Gengar|27/100
|-start|p2a: Jirachi|Disable|Iron Head|[from] ability: Cursed Body|[of] p1a: Gengar
|
|upkeep
|turn|57
|
|t:|1645652176
|switch|p2a: Gastrodon|Gastrodon, M|76/100
|move|p1a: Gengar|Nasty Plot|p1a: Gengar
|-boost|p1a: Gengar|spa|2
|
|-heal|p2a: Gastrodon|82/100|[from] item: Leftovers
|upkeep
|turn|58
|
|t:|1645652180
|move|p1a: Gengar|Shadow Ball|p2a: Gastrodon
|-damage|p2a: Gastrodon|7/100
|-damage|p1a: Gengar|17/100|[from] item: Life Orb
|move|p2a: Gastrodon|Earth Power|p1a: Gengar
|-supereffective|p1a: Gengar
|-damage|p1a: Gengar|0 fnt
|faint|p1a: Gengar
|
|-heal|p2a: Gastrodon|13/100|[from] item: Leftovers
|upkeep
|c|☆RipReckful|man i cteamed and lost this shits embarrasing
|
|t:|1645652198
|switch|p1a: Blacephalon|Blacephalon|58/100 tox
|-damage|p1a: Blacephalon|33/100 tox|[from] Stealth Rock
|turn|59
|
|t:|1645652211
|switch|p2a: Hydreigon|Hydreigon, M|75/100 brn
|move|p1a: Blacephalon|Shadow Ball|p2a: Hydreigon
|-resisted|p2a: Hydreigon
|-damage|p2a: Hydreigon|47/100 brn
|
|-damage|p1a: Blacephalon|27/100 tox|[from] psn
|-damage|p2a: Hydreigon|41/100 brn|[from] brn
|upkeep
|turn|60
|
|t:|1645652216
|move|p1a: Blacephalon|Overheat|p2a: Hydreigon
|-resisted|p2a: Hydreigon
|-damage|p2a: Hydreigon|0 fnt
|-unboost|p1a: Blacephalon|spa|2
|faint|p2a: Hydreigon
|-ability|p1a: Blacephalon|Beast Boost|boost
|-boost|p1a: Blacephalon|spa|1
|
|-damage|p1a: Blacephalon|15/100 tox|[from] psn
|upkeep
|l| Niadev
|
|t:|1645652227
|switch|p2a: Gastrodon|Gastrodon, M|13/100
|turn|61
|
|t:|1645652230
|move|p1a: Blacephalon|Shadow Ball|p2a: Gastrodon
|-damage|p2a: Gastrodon|0 fnt
|faint|p2a: Gastrodon
|-ability|p1a: Blacephalon|Beast Boost|boost
|-boost|p1a: Blacephalon|spa|1
|
|-damage|p1a: Blacephalon|0 fnt|[from] psn
|faint|p1a: Blacephalon
|upkeep
|
|t:|1645652246
|switch|p1a: Mew|Mew|45/100 par
|switch|p2a: Jirachi|Jirachi|100/100
|turn|62
|
|t:|1645652251
|move|p2a: Jirachi|Iron Head|p1a: Mew
|-damage|p1a: Mew|24/100 par
|cant|p1a: Mew|par
|
|upkeep
|turn|63
|
|t:|1645652255
|move|p2a: Jirachi|Iron Head|p1a: Mew
|-damage|p1a: Mew|0 fnt
|faint|p1a: Mew
|
|upkeep
|
|t:|1645652259
|switch|p1a: Toxapex|Toxapex, M|100/100
|-damage|p1a: Toxapex|88/100|[from] Stealth Rock
|turn|64
|c| Mogus Mogul|You didn't cteam very well
|c|☆RipReckful|yeah
|
|t:|1645652272
|switch|p2a: Toxapex|Toxapex, M|63/100
|move|p1a: Toxapex|Knock Off|p2a: Toxapex
|-damage|p2a: Toxapex|55/100
|-enditem|p2a: Toxapex|Leftovers|[from] move: Knock Off|[of] p1a: Toxapex
|
|upkeep
|turn|65
|c|☆RipReckful|if i brought zone, expert belt lele i insta win
|
|t:|1645652283
|move|p1a: Toxapex|Scald|p2a: Toxapex
|-resisted|p2a: Toxapex
|-damage|p2a: Toxapex|48/100
|move|p2a: Toxapex|Recover|p2a: Toxapex
|-heal|p2a: Toxapex|98/100
|
|upkeep
|turn|66
|
|t:|1645652286
|move|p1a: Toxapex|Scald|p2a: Toxapex
|-resisted|p2a: Toxapex
|-damage|p2a: Toxapex|91/100
|-status|p2a: Toxapex|brn
|move|p2a: Toxapex|Knock Off|p1a: Toxapex
|-damage|p1a: Toxapex|85/100
|
|-damage|p2a: Toxapex|85/100 brn|[from] brn
|upkeep
|turn|67
|
|t:|1645652295
|move|p1a: Toxapex|Knock Off|p2a: Toxapex
|-damage|p2a: Toxapex|79/100 brn
|move|p2a: Toxapex|Knock Off|p1a: Toxapex
|-damage|p1a: Toxapex|82/100
|
|-damage|p2a: Toxapex|73/100 brn|[from] brn
|upkeep
|turn|68
|
|t:|1645652298
|move|p2a: Toxapex|Light Screen|p2a: Toxapex
|-sidestart|p2: cute asian gurl|move: Light Screen
|move|p1a: Toxapex|Knock Off|p2a: Toxapex
|-damage|p2a: Toxapex|67/100 brn
|
|-damage|p2a: Toxapex|60/100 brn|[from] brn
|upkeep
|turn|69
|
|t:|1645652301
|move|p1a: Toxapex|Knock Off|p2a: Toxapex
|-damage|p2a: Toxapex|55/100 brn
|move|p2a: Toxapex|Knock Off|p1a: Toxapex
|-damage|p1a: Toxapex|80/100
|
|-damage|p2a: Toxapex|49/100 brn|[from] brn
|upkeep
|turn|70
|
|t:|1645652303
|move|p1a: Toxapex|Knock Off|p2a: Toxapex
|-damage|p2a: Toxapex|43/100 brn
|move|p2a: Toxapex|Recover|p2a: Toxapex
|-heal|p2a: Toxapex|93/100 brn
|
|-damage|p2a: Toxapex|87/100 brn|[from] brn
|upkeep
|turn|71
|
|t:|1645652310
|move|p1a: Toxapex|Knock Off|p2a: Toxapex
|-damage|p2a: Toxapex|81/100 brn
|move|p2a: Toxapex|Knock Off|p1a: Toxapex
|-damage|p1a: Toxapex|77/100
|
|-damage|p2a: Toxapex|75/100 brn|[from] brn
|upkeep
|turn|72
|-message|RipReckful forfeited.
|
|win|cute asian gurl
|n|☆RipReckful|ripreckful
|n|☆cute asian gurl|cuteasiangurl
|n| clean cuts|cleancuts
|n| beastyj157|beastyj157
|n| Mogus Mogul|mogusmogul
|n| FacilitoElTutorial|facilitoeltutorial
|n|%iron☂water ♫|ironwater
|n| Fun Funeral|funfuneral
|n| Struntuz|struntuz
|n| VaporeonUser|vaporeonuser
|n| Pinto|pinto
|n| r0arcune|r0arcune
|n| whygopprn|whygopprn
|n| stone mist|stonemist
