|j|☆A3720
|j|☆Kwaga
|t:|1651732366
|gametype|singles
|player|p1|A3720|170|1686
|player|p2|Kwaga|calaba|1643
|teamsize|p1|6
|teamsize|p2|6
|gen|8
|tier|[Gen 8] OU
|rated|
|rule|Sleep Clause Mod: Limit one foe put to sleep
|rule|Species Clause: Limit one of each Pokémon
|rule|OHKO Clause: OHKO moves are banned
|rule|Evasion Moves Clause: Evasion moves are banned
|rule|Endless Battle Clause: Forcing endless battles is banned
|rule|HP Percentage Mod: HP is shown in percentages
|rule|Dynamax Clause: You cannot dynamax
|clearpoke
|poke|p1|Tyrantrum, F|
|poke|p1|Rillaboom, F|
|poke|p1|Tornadus-Therian, M|
|poke|p1|Landorus-Therian, M|
|poke|p1|Tapu Lele|
|poke|p1|Corviknight, F|
|poke|p2|Urshifu-*, M|
|poke|p2|Magnezone|
|poke|p2|Tapu Lele|
|poke|p2|Buzzwole|
|poke|p2|Swampert, M|
|poke|p2|Tornadus-Therian, M|
|teampreview
|inactive|Battle timer is ON: inactive players will automatically lose when time's up. (requested by A3720)
|inactive|Kwaga has 120 seconds left.
|
|t:|1651732445
|start
|switch|p1a: Rillaboom|Rillaboom, F|100/100
|switch|p2a: Tornadus|Tornadus-Therian, M|100/100
|-fieldstart|move: Grassy Terrain|[from] ability: Grassy Surge|[of] p1a: Rillaboom
|turn|1
|inactive|Kwaga has 120 seconds left.
|
|t:|1651732477
|switch|p1a: Tornadus|Tornadus-Therian, M|100/100
|move|p2a: Tornadus|Knock Off|p1a: Tornadus
|-damage|p1a: Tornadus|74/100
|-enditem|p1a: Tornadus|Heavy-Duty Boots|[from] move: Knock Off|[of] p2a: Tornadus
|
|upkeep
|turn|2
|
|t:|1651732484
|move|p1a: Tornadus|Hurricane|p2a: Tornadus|[miss]
|-miss|p1a: Tornadus|p2a: Tornadus
|move|p2a: Tornadus|Hurricane|p1a: Tornadus
|-damage|p1a: Tornadus|25/100
|
|upkeep
|turn|3
|
|t:|1651732493
|move|p1a: Tornadus|U-turn|p2a: Tornadus
|-resisted|p2a: Tornadus
|-damage|p2a: Tornadus|93/100
|
|t:|1651732495
|switch|p1a: Tyrantrum|Tyrantrum, F|100/100|[from]move: U-turn
|move|p2a: Tornadus|U-turn|p1a: Tyrantrum
|-damage|p1a: Tyrantrum|87/100
|
|t:|1651732514
|switch|p2a: Urshifu|Urshifu-Rapid-Strike, M|100/100|[from]move: U-turn
|
|-heal|p1a: Tyrantrum|93/100|[from] Grassy Terrain
|upkeep
|turn|4
|
|t:|1651732524
|switch|p1a: Landorus|Landorus-Therian, M|100/100
|-ability|p1a: Landorus|Intimidate|boost
|-unboost|p2a: Urshifu|atk|1
|move|p2a: Urshifu|Close Combat|p1a: Landorus
|-resisted|p1a: Landorus
|-damage|p1a: Landorus|86/100
|-unboost|p2a: Urshifu|def|1
|-unboost|p2a: Urshifu|spd|1
|
|-heal|p1a: Landorus|92/100|[from] item: Leftovers
|upkeep
|turn|5
|
|t:|1651732545
|switch|p1a: Corviknight|Corviknight, F|100/100
|-ability|p1a: Corviknight|Pressure
|move|p2a: Urshifu|Taunt|p1a: Corviknight
|-start|p1a: Corviknight|move: Taunt
|
|-fieldend|move: Grassy Terrain
|upkeep
|turn|6
|
|t:|1651732552
|move|p2a: Urshifu|U-turn|p1a: Corviknight
|-resisted|p1a: Corviknight
|-damage|p1a: Corviknight|97/100
|
|t:|1651732554
|switch|p2a: Buzzwole|Buzzwole|100/100|[from]move: U-turn
|move|p1a: Corviknight|U-turn|p2a: Buzzwole
|-resisted|p2a: Buzzwole
|-damage|p2a: Buzzwole|97/100
|-damage|p1a: Corviknight|81/100|[from] item: Rocky Helmet|[of] p2a: Buzzwole
|inactive|A3720 has 120 seconds left.
|
|t:|1651732580
|switch|p1a: Tornadus|Tornadus-Therian, M|58/100|[from]move: U-turn
|
|upkeep
|turn|7
|
|t:|1651732584
|switch|p2a: Tornadus|Tornadus-Therian, M|100/100
|move|p1a: Tornadus|Hurricane|p2a: Tornadus
|-damage|p2a: Tornadus|46/100
|-start|p2a: Tornadus|confusion
|
|upkeep
|turn|8
|
|t:|1651732595
|switch|p2a: Swampert|Swampert, M|100/100
|move|p1a: Tornadus|Hurricane|p2a: Swampert
|-damage|p2a: Swampert|67/100
|
|-heal|p2a: Swampert|73/100|[from] item: Leftovers
|upkeep
|turn|9
|
|t:|1651732599
|move|p1a: Tornadus|Knock Off|p2a: Swampert
|-damage|p2a: Swampert|56/100
|-enditem|p2a: Swampert|Leftovers|[from] move: Knock Off|[of] p1a: Tornadus
|move|p2a: Swampert|Flip Turn|p1a: Tornadus
|-damage|p1a: Tornadus|30/100
|
|t:|1651732605
|switch|p2a: Tapu Lele|Tapu Lele|100/100|[from]move: Flip Turn
|-fieldstart|move: Psychic Terrain|[from] ability: Psychic Surge|[of] p2a: Tapu Lele
|
|upkeep
|turn|10
|
|t:|1651732620
|switch|p1a: Landorus|Landorus-Therian, M|92/100
|-ability|p1a: Landorus|Intimidate|boost
|-unboost|p2a: Tapu Lele|atk|1
|move|p2a: Tapu Lele|Moonblast|p1a: Landorus
|-damage|p1a: Landorus|42/100
|
|-heal|p1a: Landorus|48/100|[from] item: Leftovers
|upkeep
|turn|11
|
|t:|1651732642
|move|p2a: Tapu Lele|Moonblast|p1a: Landorus
|-damage|p1a: Landorus|2/100
|move|p1a: Landorus|Stealth Rock|p2a: Tapu Lele
|-sidestart|p2: Kwaga|move: Stealth Rock
|
|-heal|p1a: Landorus|8/100|[from] item: Leftovers
|upkeep
|turn|12
|
|t:|1651732650
|switch|p2a: Magnezone|Magnezone|100/100
|-damage|p2a: Magnezone|94/100|[from] Stealth Rock
|move|p1a: Landorus|U-turn|p2a: Magnezone
|-resisted|p2a: Magnezone
|-damage|p2a: Magnezone|83/100
|inactive|A3720 has 120 seconds left.
|
|t:|1651732683
|switch|p1a: Tyrantrum|Tyrantrum, F|93/100|[from]move: U-turn
|
|upkeep
|turn|13
|
|t:|1651732688
|switch|p2a: Buzzwole|Buzzwole|97/100
|-damage|p2a: Buzzwole|84/100|[from] Stealth Rock
|move|p1a: Tyrantrum|Close Combat|p2a: Buzzwole
|-resisted|p2a: Buzzwole
|-damage|p2a: Buzzwole|65/100
|-unboost|p1a: Tyrantrum|def|1
|-unboost|p1a: Tyrantrum|spd|1
|-damage|p1a: Tyrantrum|77/100|[from] item: Rocky Helmet|[of] p2a: Buzzwole
|
|-fieldend|move: Psychic Terrain
|upkeep
|turn|14
|
|t:|1651732701
|switch|p1a: Corviknight|Corviknight, F|81/100
|-ability|p1a: Corviknight|Pressure
|move|p2a: Buzzwole|Ice Punch|p1a: Corviknight
|-crit|p1a: Corviknight
|-damage|p1a: Corviknight|50/100
|-status|p1a: Corviknight|frz
|-damage|p2a: Buzzwole|48/100|[from] item: Rocky Helmet|[of] p1a: Corviknight
|
|upkeep
|turn|15
|
|t:|1651732708
|move|p2a: Buzzwole|Roost|p2a: Buzzwole
|-heal|p2a: Buzzwole|98/100
|-singleturn|p2a: Buzzwole|move: Roost
|cant|p1a: Corviknight|frz
|
|upkeep
|turn|16
|
|t:|1651732715
|switch|p2a: Tornadus|Tornadus-Therian, M|80/100
|switch|p1a: Landorus|Landorus-Therian, M|8/100
|-ability|p1a: Landorus|Intimidate|boost
|-unboost|p2a: Tornadus|atk|1
|
|-heal|p1a: Landorus|14/100|[from] item: Leftovers
|upkeep
|turn|17
|
|t:|1651732720
|move|p2a: Tornadus|Knock Off|p1a: Landorus
|-damage|p1a: Landorus|4/100
|-enditem|p1a: Landorus|Leftovers|[from] move: Knock Off|[of] p2a: Tornadus
|move|p1a: Landorus|Toxic|p2a: Tornadus
|-status|p2a: Tornadus|tox
|
|-damage|p2a: Tornadus|73/100 tox|[from] psn
|upkeep
|turn|18
|
|t:|1651732727
|move|p2a: Tornadus|Defog|p1a: Landorus
|-unboost|p1a: Landorus|evasion|1
|-sideend|p2: Kwaga|Stealth Rock|[from] move: Defog|[of] p2a: Tornadus
|move|p1a: Landorus|U-turn|p2a: Tornadus
|-resisted|p2a: Tornadus
|-damage|p2a: Tornadus|61/100 tox
|j| Avedaslave
|
|t:|1651732735
|switch|p1a: Tyrantrum|Tyrantrum, F|77/100|[from]move: U-turn
|
|-damage|p2a: Tornadus|49/100 tox|[from] psn
|upkeep
|turn|19
|
|t:|1651732740
|move|p2a: Tornadus|U-turn|p1a: Tyrantrum
|-damage|p1a: Tyrantrum|67/100
|
|t:|1651732742
|switch|p2a: Buzzwole|Buzzwole|98/100|[from]move: U-turn
|move|p1a: Tyrantrum|Head Smash|p2a: Buzzwole
|-damage|p2a: Buzzwole|34/100
|-damage|p1a: Tyrantrum|51/100|[from] item: Rocky Helmet|[of] p2a: Buzzwole
|
|upkeep
|turn|20
|
|t:|1651732754
|move|p1a: Tyrantrum|Head Smash|p2a: Buzzwole
|-damage|p2a: Buzzwole|0 fnt
|-damage|p1a: Tyrantrum|35/100|[from] item: Rocky Helmet|[of] p2a: Buzzwole
|faint|p2a: Buzzwole
|
|upkeep
|
|t:|1651732759
|switch|p2a: Tapu Lele|Tapu Lele|100/100
|-fieldstart|move: Psychic Terrain|[from] ability: Psychic Surge|[of] p2a: Tapu Lele
|turn|21
|
|t:|1651732770
|switch|p1a: Corviknight|Corviknight, F|50/100 frz
|-ability|p1a: Corviknight|Pressure
|move|p2a: Tapu Lele|Moonblast|p1a: Corviknight
|-resisted|p1a: Corviknight
|-damage|p1a: Corviknight|33/100 frz
|
|upkeep
|turn|22
|
|t:|1651732779
|move|p2a: Tapu Lele|Moonblast|p1a: Corviknight
|-resisted|p1a: Corviknight
|-damage|p1a: Corviknight|17/100 frz
|-unboost|p1a: Corviknight|spa|1
|cant|p1a: Corviknight|frz
|
|upkeep
|turn|23
|
|t:|1651732784
|switch|p2a: Swampert|Swampert, M|56/100
|cant|p1a: Corviknight|frz
|
|upkeep
|turn|24
|
|t:|1651732789
|cant|p1a: Corviknight|frz
|move|p2a: Swampert|Flip Turn|p1a: Corviknight
|-crit|p1a: Corviknight
|-damage|p1a: Corviknight|0 fnt
|-damage|p2a: Swampert|40/100|[from] item: Rocky Helmet|[of] p1a: Corviknight
|faint|p1a: Corviknight
|
|t:|1651732795
|switch|p2a: Magnezone|Magnezone|83/100|[from]move: Flip Turn
|
|upkeep
|j| ZXWNLI
|
|t:|1651732816
|switch|p1a: Tyrantrum|Tyrantrum, F|35/100
|turn|25
|j| N0vaTheDestroyer
|
|t:|1651732844
|switch|p2a: Swampert|Swampert, M|40/100
|move|p1a: Tyrantrum|Head Smash|p2a: Swampert
|-resisted|p2a: Swampert
|-damage|p2a: Swampert|0 fnt
|faint|p2a: Swampert
|
|-fieldend|move: Psychic Terrain
|upkeep
|
|t:|1651732847
|switch|p2a: Magnezone|Magnezone|83/100
|turn|26
|
|t:|1651732852
|move|p1a: Tyrantrum|Head Smash|p2a: Magnezone
|-resisted|p2a: Magnezone
|-damage|p2a: Magnezone|19/100
|move|p2a: Magnezone|Flash Cannon|p1a: Tyrantrum
|-supereffective|p1a: Tyrantrum
|-damage|p1a: Tyrantrum|0 fnt
|faint|p1a: Tyrantrum
|
|upkeep
|inactive|A3720 has 120 seconds left.
|
|t:|1651732889
|switch|p1a: Tapu Lele|Tapu Lele|100/100
|-fieldstart|move: Psychic Terrain|[from] ability: Psychic Surge|[of] p1a: Tapu Lele
|turn|27
|
|t:|1651732893
|move|p1a: Tapu Lele|Moonblast|p2a: Magnezone
|-resisted|p2a: Magnezone
|-damage|p2a: Magnezone|0 fnt
|faint|p2a: Magnezone
|
|upkeep
|
|t:|1651732897
|switch|p2a: Tornadus|Tornadus-Therian, M|82/100 tox
|turn|28
|
|t:|1651732911
|switch|p1a: Tornadus|Tornadus-Therian, M|63/100
|move|p2a: Tornadus|U-turn|p1a: Tornadus
|-resisted|p1a: Tornadus
|-damage|p1a: Tornadus|54/100
|
|t:|1651732914
|switch|p2a: Tapu Lele|Tapu Lele|100/100|[from]move: U-turn
|
|upkeep
|turn|29
|
|t:|1651732920
|switch|p1a: Landorus|Landorus-Therian, M|4/100
|-ability|p1a: Landorus|Intimidate|boost
|-unboost|p2a: Tapu Lele|atk|1
|move|p2a: Tapu Lele|Moonblast|p1a: Landorus
|-damage|p1a: Landorus|0 fnt
|faint|p1a: Landorus
|
|upkeep
|
|t:|1651732924
|switch|p1a: Rillaboom|Rillaboom, F|100/100
|-fieldstart|move: Grassy Terrain|[from] ability: Grassy Surge|[of] p1a: Rillaboom
|turn|30
|
|t:|1651732948
|switch|p2a: Tornadus|Tornadus-Therian, M|100/100 tox
|move|p1a: Rillaboom|Knock Off|p2a: Tornadus
|-damage|p2a: Tornadus|47/100 tox
|-enditem|p2a: Tornadus|Heavy-Duty Boots|[from] move: Knock Off|[of] p1a: Rillaboom
|
|-damage|p2a: Tornadus|41/100 tox|[from] psn
|upkeep
|turn|31
|
|t:|1651732963
|move|p2a: Tornadus|U-turn|p1a: Rillaboom
|-supereffective|p1a: Rillaboom
|-crit|p1a: Rillaboom
|-damage|p1a: Rillaboom|49/100
|
|t:|1651732965
|switch|p2a: Urshifu|Urshifu-Rapid-Strike, M|100/100|[from]move: U-turn
|move|p1a: Rillaboom|Knock Off|p2a: Urshifu
|-resisted|p2a: Urshifu
|-damage|p2a: Urshifu|75/100
|-enditem|p2a: Urshifu|Protective Pads|[from] move: Knock Off|[of] p1a: Rillaboom
|
|-heal|p2a: Urshifu|81/100|[from] Grassy Terrain
|-heal|p1a: Rillaboom|55/100|[from] Grassy Terrain
|upkeep
|turn|32
|
|t:|1651732974
|switch|p1a: Tornadus|Tornadus-Therian, M|87/100
|move|p2a: Urshifu|Surging Strikes|p1a: Tornadus
|-crit|p1a: Tornadus
|-damage|p1a: Tornadus|61/100
|-crit|p1a: Tornadus
|-damage|p1a: Tornadus|33/100
|-crit|p1a: Tornadus
|-damage|p1a: Tornadus|9/100
|-hitcount|p1a: Tornadus|3
|
|-heal|p2a: Urshifu|87/100|[from] Grassy Terrain
|upkeep
|turn|33
|l| Avedaslave
|
|t:|1651732987
|switch|p1a: Rillaboom|Rillaboom, F|55/100
|switch|p2a: Tapu Lele|Tapu Lele|100/100
|-fieldstart|move: Psychic Terrain|[from] ability: Psychic Surge|[of] p2a: Tapu Lele
|
|upkeep
|turn|34
|l| N0vaTheDestroyer
|inactive|A3720 has 120 seconds left.
|
|t:|1651733020
|switch|p1a: Tornadus|Tornadus-Therian, M|42/100
|move|p2a: Tapu Lele|Moonblast|p1a: Tornadus
|-damage|p1a: Tornadus|0 fnt
|faint|p1a: Tornadus
|
|upkeep
|
|t:|1651733023
|switch|p1a: Rillaboom|Rillaboom, F|55/100
|-fieldstart|move: Grassy Terrain|[from] ability: Grassy Surge|[of] p1a: Rillaboom
|turn|35
|
|t:|1651733030
|switch|p2a: Urshifu|Urshifu-Rapid-Strike, M|87/100
|move|p1a: Rillaboom|Grassy Glide|p2a: Urshifu
|-supereffective|p2a: Urshifu
|-damage|p2a: Urshifu|0 fnt
|faint|p2a: Urshifu
|
|-heal|p1a: Rillaboom|61/100|[from] Grassy Terrain
|upkeep
|
|t:|1651733035
|switch|p2a: Tornadus|Tornadus-Therian, M|74/100 tox
|turn|36
|
|t:|1651733040
|move|p1a: Rillaboom|Grassy Glide|p2a: Tornadus
|-resisted|p2a: Tornadus
|-damage|p2a: Tornadus|35/100 tox
|move|p2a: Tornadus|Knock Off|p1a: Rillaboom
|-damage|p1a: Rillaboom|38/100
|-enditem|p1a: Rillaboom|Choice Band|[from] move: Knock Off|[of] p2a: Tornadus
|
|-heal|p1a: Rillaboom|44/100|[from] Grassy Terrain
|-damage|p2a: Tornadus|29/100 tox|[from] psn
|upkeep
|turn|37
|
|t:|1651733054
|move|p1a: Rillaboom|Grassy Glide|p2a: Tornadus
|-resisted|p2a: Tornadus
|-damage|p2a: Tornadus|4/100 tox
|move|p2a: Tornadus|U-turn|p1a: Rillaboom
|-supereffective|p1a: Rillaboom
|-damage|p1a: Rillaboom|12/100
|
|t:|1651733057
|switch|p2a: Tapu Lele|Tapu Lele|100/100|[from]move: U-turn
|-fieldstart|move: Psychic Terrain|[from] ability: Psychic Surge|[of] p2a: Tapu Lele
|
|upkeep
|turn|38
|inactive|A3720 has 120 seconds left.
|
|t:|1651733103
|move|p2a: Tapu Lele|Moonblast|p1a: Rillaboom
|-damage|p1a: Rillaboom|0 fnt
|faint|p1a: Rillaboom
|
|upkeep
|
|t:|1651733106
|switch|p1a: Tapu Lele|Tapu Lele|100/100
|turn|39
|
|t:|1651733109
|move|p2a: Tapu Lele|Moonblast|p1a: Tapu Lele
|-damage|p1a: Tapu Lele|49/100
|-unboost|p1a: Tapu Lele|spa|1
|move|p1a: Tapu Lele|Moonblast|p2a: Tapu Lele
|-damage|p2a: Tapu Lele|64/100
|
|upkeep
|turn|40
|
|t:|1651733115
|move|p2a: Tapu Lele|Moonblast|p1a: Tapu Lele
|-crit|p1a: Tapu Lele
|-damage|p1a: Tapu Lele|0 fnt
|faint|p1a: Tapu Lele
|
|win|Kwaga
|raw|A3720's rating: 1686 &rarr; <strong>1663</strong><br />(-23 for losing)
|raw|Kwaga's rating: 1628 &rarr; <strong>1651</strong><br />(+23 for winning)
