|j|☆Stellar Flares
|j|☆minimax_ai
|t:|1667471883
|gametype|singles
|player|p1|Stellar Flares|palmer|1594
|player|p2|minimax_ai|lusamine-nihilego|1628
|teamsize|p1|6
|teamsize|p2|6
|gen|8
|tier|[Gen 8] OU
|rated|
|rule|Sleep Clause Mod: Limit one foe put to sleep
|rule|Species Clause: Limit one of each Pokémon
|rule|OHKO Clause: OHKO moves are banned
|rule|Evasion Items Clause: Evasion items are banned
|rule|Evasion Moves Clause: Evasion moves are banned
|rule|Endless Battle Clause: Forcing endless battles is banned
|rule|HP Percentage Mod: HP is shown in percentages
|rule|Dynamax Clause: You cannot dynamax
|clearpoke
|poke|p1|Corviknight, F|
|poke|p1|Tornadus-Therian, M|
|poke|p1|Audino, M|
|poke|p1|Shedinja|
|poke|p1|Clefable, F|
|poke|p1|Garchomp, F|
|poke|p2|Rotom-Wash|
|poke|p2|Weavile, M|
|poke|p2|Landorus-Therian, M|
|poke|p2|Heatran, M|
|poke|p2|Tangrowth, M|
|poke|p2|Melmetal|
|teampreview
|c|☆minimax_ai|hf
|inactive|Battle timer is ON: inactive players will automatically lose when time's up. (requested by minimax_ai)
|
|t:|1667471902
|start
|switch|p1a: Tornadus|Tornadus-Therian, M|100/100
|switch|p2a: landorustherian|Landorus-Therian, M|100/100
|-ability|p2a: landorustherian|Intimidate|boost
|-unboost|p1a: Tornadus|atk|1
|turn|1
|
|t:|1667471904
|switch|p2a: Heatran|Heatran, M|100/100
|-item|p2a: Heatran|Air Balloon
|move|p1a: Tornadus|Toxic|p2a: Heatran
|-immune|p2a: Heatran
|
|upkeep
|turn|2
|
|t:|1667471906
|switch|p1a: Audino|Audino, M|100/100
|move|p2a: Heatran|Eruption|p1a: Audino
|-damage|p1a: Audino|46/100
|
|upkeep
|turn|3
|
|t:|1667471908
|move|p1a: Audino|Protect|p1a: Audino
|-singleturn|p1a: Audino|Protect
|move|p2a: Heatran|Eruption|p1a: Audino
|-activate|p1a: Audino|move: Protect
|
|upkeep
|turn|4
|
|t:|1667471910
|switch|p1a: Garchomp|Garchomp, F|100/100
|move|p2a: Heatran|Eruption|p1a: Garchomp
|-resisted|p1a: Garchomp
|-damage|p1a: Garchomp|56/100
|
|-heal|p1a: Garchomp|62/100|[from] item: Leftovers
|upkeep
|turn|5
|
|t:|1667471914
|move|p1a: Garchomp|Whirlpool|p2a: Heatran
|-supereffective|p2a: Heatran
|-damage|p2a: Heatran|89/100
|-activate|p2a: Heatran|move: Whirlpool|[of] p1a: Garchomp
|-enditem|p2a: Heatran|Air Balloon
|move|p2a: Heatran|Magma Storm|p1a: Garchomp
|-resisted|p1a: Garchomp
|-damage|p1a: Garchomp|33/100
|-activate|p1a: Garchomp|move: Magma Storm|[of] p2a: Heatran
|
|-heal|p1a: Garchomp|39/100|[from] item: Leftovers
|-damage|p1a: Garchomp|26/100|[from] move: Magma Storm|[partiallytrapped]
|-damage|p2a: Heatran|76/100|[from] move: Whirlpool|[partiallytrapped]
|upkeep
|turn|6
|
|t:|1667471917
|move|p1a: Garchomp|Earthquake|p2a: Heatran
|-supereffective|p2a: Heatran
|-damage|p2a: Heatran|0 fnt
|faint|p2a: Heatran
|
|-heal|p1a: Garchomp|32/100|[from] item: Leftovers
|-end|p1a: Garchomp|Magma Storm|[partiallytrapped]|[silent]
|upkeep
|
|t:|1667471917
|switch|p2a: Weavile|Weavile, M|100/100
|-ability|p2a: Weavile|Pressure
|turn|7
|
|t:|1667471922
|switch|p1a: Corviknight|Corviknight, F|100/100
|-ability|p1a: Corviknight|Pressure
|move|p2a: Weavile|Knock Off|p1a: Corviknight
|-damage|p1a: Corviknight|52/100
|-enditem|p1a: Corviknight|Leftovers|[from] move: Knock Off|[of] p2a: Weavile
|
|upkeep
|turn|8
|
|t:|1667471924
|switch|p2a: rotomwash|Rotom-Wash|100/100
|move|p1a: Corviknight|Roost|p1a: Corviknight
|-heal|p1a: Corviknight|100/100
|-singleturn|p1a: Corviknight|move: Roost
|
|upkeep
|turn|9
|
|t:|1667471927
|switch|p1a: Audino|Audino, M|80/100
|move|p2a: rotomwash|Nasty Plot|p2a: rotomwash
|-boost|p2a: rotomwash|spa|2
|
|upkeep
|turn|10
|
|t:|1667471934
|move|p2a: rotomwash|Nasty Plot|p2a: rotomwash
|-boost|p2a: rotomwash|spa|2
|move|p1a: Audino|Toxic|p2a: rotomwash
|-status|p2a: rotomwash|tox
|
|-damage|p2a: rotomwash|94/100 tox|[from] psn
|upkeep
|turn|11
|
|t:|1667471936
|switch|p2a: Melmetal|Melmetal|100/100
|move|p1a: Audino|Protect||[still]
|-fail|p1a: Audino
|
|upkeep
|turn|12
|
|t:|1667471940
|switch|p1a: Corviknight|Corviknight, F|100/100
|-ability|p1a: Corviknight|Pressure
|move|p2a: Melmetal|Double Iron Bash|p1a: Corviknight
|-resisted|p1a: Corviknight
|-damage|p1a: Corviknight|87/100
|-resisted|p1a: Corviknight
|-damage|p1a: Corviknight|75/100
|-hitcount|p1a: Corviknight|2
|
|upkeep
|turn|13
|
|t:|1667471942
|move|p1a: Corviknight|Roost|p1a: Corviknight
|-heal|p1a: Corviknight|100/100
|-singleturn|p1a: Corviknight|move: Roost
|move|p2a: Melmetal|Double Iron Bash|p1a: Corviknight
|-resisted|p1a: Corviknight
|-damage|p1a: Corviknight|87/100
|-resisted|p1a: Corviknight
|-damage|p1a: Corviknight|74/100
|-hitcount|p1a: Corviknight|2
|
|upkeep
|turn|14
|
|t:|1667471944
|move|p1a: Corviknight|Roost|p1a: Corviknight
|-heal|p1a: Corviknight|100/100
|-singleturn|p1a: Corviknight|move: Roost
|move|p2a: Melmetal|Double Iron Bash|p1a: Corviknight
|-resisted|p1a: Corviknight
|-damage|p1a: Corviknight|88/100
|-resisted|p1a: Corviknight
|-damage|p1a: Corviknight|75/100
|-hitcount|p1a: Corviknight|2
|
|upkeep
|turn|15
|
|t:|1667471945
|move|p1a: Corviknight|Roost|p1a: Corviknight
|-heal|p1a: Corviknight|100/100
|-singleturn|p1a: Corviknight|move: Roost
|move|p2a: Melmetal|Double Iron Bash|p1a: Corviknight
|-resisted|p1a: Corviknight
|-damage|p1a: Corviknight|87/100
|-resisted|p1a: Corviknight
|-damage|p1a: Corviknight|74/100
|-hitcount|p1a: Corviknight|2
|
|upkeep
|turn|16
|
|t:|1667471949
|move|p1a: Corviknight|Roost|p1a: Corviknight
|-heal|p1a: Corviknight|100/100
|-singleturn|p1a: Corviknight|move: Roost
|move|p2a: Melmetal|Thunder Punch|p1a: Corviknight
|-damage|p1a: Corviknight|79/100
|
|upkeep
|turn|17
|
|t:|1667471952
|move|p1a: Corviknight|U-turn|p2a: Melmetal
|-resisted|p2a: Melmetal
|-damage|p2a: Melmetal|96/100
|
|t:|1667471956
|switch|p1a: Garchomp|Garchomp, F|32/100|[from]move: U-turn
|move|p2a: Melmetal|Thunder Punch|p1a: Garchomp
|-immune|p1a: Garchomp
|
|-heal|p1a: Garchomp|38/100|[from] item: Leftovers
|upkeep
|turn|18
|
|t:|1667471960
|switch|p1a: Shedinja|Shedinja|100/100
|move|p2a: Melmetal|Ice Punch|p1a: Shedinja
|-immune|p1a: Shedinja|[from] ability: Wonder Guard
|
|upkeep
|turn|19
|
|t:|1667471962
|switch|p2a: Tangrowth|Tangrowth, M|100/100
|move|p1a: Shedinja|Will-O-Wisp|p2a: Tangrowth
|-status|p2a: Tangrowth|brn
|
|-damage|p2a: Tangrowth|94/100 brn|[from] brn
|upkeep
|turn|20
|
|t:|1667471965
|switch|p1a: Tornadus|Tornadus-Therian, M|100/100
|move|p2a: Tangrowth|Sleep Powder|p1a: Tornadus
|-status|p1a: Tornadus|slp|[from] move: Sleep Powder
|
|-damage|p2a: Tangrowth|88/100 brn|[from] brn
|upkeep
|turn|21
|j| CynthiaOrPass
|j| Ran Kob
|
|t:|1667471987
|switch|p2a: rotomwash|Rotom-Wash|94/100 tox
|cant|p1a: Tornadus|slp
|
|-heal|p2a: rotomwash|100/100 tox|[from] item: Leftovers
|-damage|p2a: rotomwash|94/100 tox|[from] psn
|upkeep
|turn|22
|
|t:|1667471992
|switch|p1a: Garchomp|Garchomp, F|38/100
|move|p2a: rotomwash|Hydro Pump|p1a: Garchomp|[miss]
|-miss|p2a: rotomwash|p1a: Garchomp
|
|-heal|p1a: Garchomp|44/100|[from] item: Leftovers
|-heal|p2a: rotomwash|100/100 tox|[from] item: Leftovers
|-damage|p2a: rotomwash|88/100 tox|[from] psn
|upkeep
|turn|23
|
|t:|1667471996
|switch|p1a: Audino|Audino, M|100/100
|move|p2a: rotomwash|Hydro Pump|p1a: Audino
|-damage|p1a: Audino|72/100
|
|-heal|p2a: rotomwash|94/100 tox|[from] item: Leftovers
|-damage|p2a: rotomwash|75/100 tox|[from] psn
|upkeep
|turn|24
|
|t:|1667471998
|switch|p2a: Melmetal|Melmetal|96/100
|move|p1a: Audino|Wish|p1a: Audino
|
|upkeep
|turn|25
|
|t:|1667472000
|switch|p1a: Corviknight|Corviknight, F|79/100
|-ability|p1a: Corviknight|Pressure
|move|p2a: Melmetal|Ice Punch|p1a: Corviknight
|-damage|p1a: Corviknight|56/100
|
|-heal|p1a: Corviknight|100/100|[from] move: Wish|[wisher] Audino
|upkeep
|turn|26
|
|t:|1667472003
|move|p1a: Corviknight|U-turn|p2a: Melmetal
|-resisted|p2a: Melmetal
|-damage|p2a: Melmetal|92/100
|
|t:|1667472004
|switch|p1a: Shedinja|Shedinja|100/100|[from]move: U-turn
|move|p2a: Melmetal|Thunder Punch|p1a: Shedinja
|-immune|p1a: Shedinja|[from] ability: Wonder Guard
|
|upkeep
|turn|27
|
|t:|1667472007
|switch|p2a: Tangrowth|Tangrowth, M|100/100 brn
|move|p1a: Shedinja|Hex|p2a: Tangrowth
|-damage|p2a: Tangrowth|53/100 brn
|
|-damage|p2a: Tangrowth|47/100 brn|[from] brn
|upkeep
|turn|28
|
|t:|1667472010
|switch|p2a: landorustherian|Landorus-Therian, M|100/100
|-ability|p2a: landorustherian|Intimidate|boost
|-unboost|p1a: Shedinja|atk|1
|move|p1a: Shedinja|Protect||[still]
|-fail|p1a: Shedinja
|
|upkeep
|turn|29
|
|t:|1667472013
|switch|p1a: Corviknight|Corviknight, F|100/100
|-ability|p1a: Corviknight|Pressure
|move|p2a: landorustherian|Toxic|p1a: Corviknight
|-immune|p1a: Corviknight
|
|upkeep
|turn|30
|
|t:|1667472037
|move|p2a: landorustherian|Toxic|p1a: Corviknight
|-immune|p1a: Corviknight
|move|p1a: Corviknight|Body Press|p2a: landorustherian
|-resisted|p2a: landorustherian
|-damage|p2a: landorustherian|88/100
|
|-heal|p2a: landorustherian|94/100|[from] item: Leftovers
|upkeep
|turn|31
|
|t:|1667472039
|move|p2a: landorustherian|Earthquake|p1a: Corviknight
|-immune|p1a: Corviknight
|move|p1a: Corviknight|Body Press|p2a: landorustherian
|-resisted|p2a: landorustherian
|-damage|p2a: landorustherian|82/100
|
|-heal|p2a: landorustherian|88/100|[from] item: Leftovers
|upkeep
|turn|32
|
|t:|1667472041
|move|p2a: landorustherian|Earthquake|p1a: Corviknight
|-immune|p1a: Corviknight
|move|p1a: Corviknight|Body Press|p2a: landorustherian
|-resisted|p2a: landorustherian
|-crit|p2a: landorustherian
|-damage|p2a: landorustherian|70/100
|
|-heal|p2a: landorustherian|76/100|[from] item: Leftovers
|upkeep
|turn|33
|
|t:|1667472042
|move|p2a: landorustherian|Earthquake|p1a: Corviknight
|-immune|p1a: Corviknight
|move|p1a: Corviknight|Body Press|p2a: landorustherian
|-resisted|p2a: landorustherian
|-damage|p2a: landorustherian|65/100
|
|-heal|p2a: landorustherian|71/100|[from] item: Leftovers
|upkeep
|turn|34
|
|t:|1667472044
|move|p2a: landorustherian|Earthquake|p1a: Corviknight
|-immune|p1a: Corviknight
|move|p1a: Corviknight|Body Press|p2a: landorustherian
|-resisted|p2a: landorustherian
|-damage|p2a: landorustherian|60/100
|
|-heal|p2a: landorustherian|66/100|[from] item: Leftovers
|upkeep
|turn|35
|
|t:|1667472045
|move|p2a: landorustherian|Earthquake|p1a: Corviknight
|-immune|p1a: Corviknight
|move|p1a: Corviknight|Body Press|p2a: landorustherian
|-resisted|p2a: landorustherian
|-damage|p2a: landorustherian|55/100
|
|-heal|p2a: landorustherian|61/100|[from] item: Leftovers
|upkeep
|turn|36
|
|t:|1667472046
|move|p2a: landorustherian|Earthquake|p1a: Corviknight
|-immune|p1a: Corviknight
|move|p1a: Corviknight|Body Press|p2a: landorustherian
|-resisted|p2a: landorustherian
|-damage|p2a: landorustherian|49/100
|
|-heal|p2a: landorustherian|55/100|[from] item: Leftovers
|upkeep
|turn|37
|
|t:|1667472047
|move|p2a: landorustherian|Earthquake|p1a: Corviknight
|-immune|p1a: Corviknight
|move|p1a: Corviknight|Body Press|p2a: landorustherian
|-resisted|p2a: landorustherian
|-damage|p2a: landorustherian|44/100
|
|-heal|p2a: landorustherian|50/100|[from] item: Leftovers
|upkeep
|turn|38
|
|t:|1667472048
|move|p2a: landorustherian|Earthquake|p1a: Corviknight
|-immune|p1a: Corviknight
|move|p1a: Corviknight|Body Press|p2a: landorustherian
|-resisted|p2a: landorustherian
|-damage|p2a: landorustherian|38/100
|
|-heal|p2a: landorustherian|44/100|[from] item: Leftovers
|upkeep
|turn|39
|
|t:|1667472050
|move|p2a: landorustherian|Toxic|p1a: Corviknight
|-immune|p1a: Corviknight
|move|p1a: Corviknight|Body Press|p2a: landorustherian
|-resisted|p2a: landorustherian
|-damage|p2a: landorustherian|31/100
|
|-heal|p2a: landorustherian|37/100|[from] item: Leftovers
|upkeep
|turn|40
|
|t:|1667472051
|move|p2a: landorustherian|Toxic|p1a: Corviknight
|-immune|p1a: Corviknight
|move|p1a: Corviknight|Body Press|p2a: landorustherian
|-resisted|p2a: landorustherian
|-damage|p2a: landorustherian|26/100
|
|-heal|p2a: landorustherian|32/100|[from] item: Leftovers
|upkeep
|turn|41
|
|t:|1667472052
|move|p2a: landorustherian|Toxic|p1a: Corviknight
|-immune|p1a: Corviknight
|move|p1a: Corviknight|Body Press|p2a: landorustherian
|-resisted|p2a: landorustherian
|-damage|p2a: landorustherian|20/100
|
|-heal|p2a: landorustherian|26/100|[from] item: Leftovers
|upkeep
|turn|42
|
|t:|1667472053
|move|p2a: landorustherian|Toxic|p1a: Corviknight
|-immune|p1a: Corviknight
|move|p1a: Corviknight|Body Press|p2a: landorustherian
|-resisted|p2a: landorustherian
|-damage|p2a: landorustherian|15/100
|
|-heal|p2a: landorustherian|21/100|[from] item: Leftovers
|upkeep
|turn|43
|
|t:|1667472054
|move|p2a: landorustherian|Toxic|p1a: Corviknight|[miss]
|-miss|p2a: landorustherian|p1a: Corviknight
|move|p1a: Corviknight|Body Press|p2a: landorustherian
|-resisted|p2a: landorustherian
|-damage|p2a: landorustherian|9/100
|
|-heal|p2a: landorustherian|15/100|[from] item: Leftovers
|upkeep
|turn|44
|
|t:|1667472055
|move|p2a: landorustherian|Toxic|p1a: Corviknight
|-immune|p1a: Corviknight
|move|p1a: Corviknight|Body Press|p2a: landorustherian
|-resisted|p2a: landorustherian
|-damage|p2a: landorustherian|3/100
|
|-heal|p2a: landorustherian|9/100|[from] item: Leftovers
|upkeep
|turn|45
|
|t:|1667472056
|switch|p2a: Tangrowth|Tangrowth, M|80/100 brn
|move|p1a: Corviknight|Body Press|p2a: Tangrowth
|-damage|p2a: Tangrowth|68/100 brn
|-damage|p1a: Corviknight|84/100|[from] item: Rocky Helmet|[of] p2a: Tangrowth
|
|-damage|p2a: Tangrowth|62/100 brn|[from] brn
|upkeep
|turn|46
|
|t:|1667472059
|switch|p1a: Tornadus|Tornadus-Therian, M|100/100 slp
|switch|p2a: rotomwash|Rotom-Wash|75/100 tox
|
|-heal|p2a: rotomwash|82/100 tox|[from] item: Leftovers
|-damage|p2a: rotomwash|75/100 tox|[from] psn
|upkeep
|turn|47
|
|t:|1667472061
|switch|p1a: Audino|Audino, M|100/100
|move|p2a: rotomwash|Nasty Plot|p2a: rotomwash
|-boost|p2a: rotomwash|spa|2
|
|-heal|p2a: rotomwash|82/100 tox|[from] item: Leftovers
|-damage|p2a: rotomwash|69/100 tox|[from] psn
|upkeep
|turn|48
|
|t:|1667472077
|move|p2a: rotomwash|Nasty Plot|p2a: rotomwash
|-boost|p2a: rotomwash|spa|2
|move|p1a: Audino|Knock Off|p2a: rotomwash
|-damage|p2a: rotomwash|52/100 tox
|-enditem|p2a: rotomwash|Leftovers|[from] move: Knock Off|[of] p1a: Audino
|
|-damage|p2a: rotomwash|34/100 tox|[from] psn
|upkeep
|turn|49
|
|t:|1667472079
|switch|p2a: Weavile|Weavile, M|100/100
|-ability|p2a: Weavile|Pressure
|move|p1a: Audino|Protect||[still]
|-fail|p1a: Audino
|
|upkeep
|turn|50
|
|t:|1667472081
|move|p1a: Audino|Protect|p1a: Audino
|-singleturn|p1a: Audino|Protect
|move|p2a: Weavile|Knock Off|p1a: Audino
|-activate|p1a: Audino|move: Protect
|
|upkeep
|turn|51
|
|t:|1667472088
|switch|p1a: Corviknight|Corviknight, F|84/100
|-ability|p1a: Corviknight|Pressure
|move|p2a: Weavile|Knock Off|p1a: Corviknight
|-damage|p1a: Corviknight|51/100
|
|upkeep
|turn|52
|
|t:|1667472089
|switch|p2a: rotomwash|Rotom-Wash|34/100 tox
|move|p1a: Corviknight|Roost|p1a: Corviknight
|-heal|p1a: Corviknight|100/100
|-singleturn|p1a: Corviknight|move: Roost
|
|-damage|p2a: rotomwash|27/100 tox|[from] psn
|upkeep
|turn|53
|
|t:|1667472091
|switch|p1a: Audino|Audino, M|100/100
|move|p2a: rotomwash|Pain Split|p1a: Audino
|-sethp|p1a: Audino|60/100|[from] move: Pain Split|[silent]
|-sethp|p2a: rotomwash|81/100 tox|[from] move: Pain Split
|
|-damage|p2a: rotomwash|69/100 tox|[from] psn
|upkeep
|turn|54
|
|t:|1667472104
|switch|p2a: Weavile|Weavile, M|100/100
|-ability|p2a: Weavile|Pressure
|move|p1a: Audino|Wish|p1a: Audino
|
|upkeep
|turn|55
|
|t:|1667472108
|switch|p1a: Corviknight|Corviknight, F|100/100
|-ability|p1a: Corviknight|Pressure
|move|p2a: Weavile|Knock Off|p1a: Corviknight
|-damage|p1a: Corviknight|72/100
|
|-heal|p1a: Corviknight|100/100|[from] move: Wish|[wisher] Audino
|upkeep
|turn|56
|
|t:|1667472110
|switch|p2a: Tangrowth|Tangrowth, M|95/100 brn
|move|p1a: Corviknight|U-turn|p2a: Tangrowth
|-supereffective|p2a: Tangrowth
|-damage|p2a: Tangrowth|78/100 brn
|-damage|p1a: Corviknight|84/100|[from] item: Rocky Helmet|[of] p2a: Tangrowth
|
|t:|1667472115
|switch|p1a: Tornadus|Tornadus-Therian, M|100/100 slp|[from]move: U-turn
|
|-damage|p2a: Tangrowth|72/100 brn|[from] brn
|upkeep
|turn|57
|
|t:|1667472116
|switch|p2a: landorustherian|Landorus-Therian, M|9/100
|-ability|p2a: landorustherian|Intimidate|boost
|-unboost|p1a: Tornadus|atk|1
|cant|p1a: Tornadus|slp
|
|-heal|p2a: landorustherian|15/100|[from] item: Leftovers
|upkeep
|turn|58
|
|t:|1667472119
|cant|p1a: Tornadus|slp
|move|p2a: landorustherian|U-turn|p1a: Tornadus
|-resisted|p1a: Tornadus
|-damage|p1a: Tornadus|88/100 slp
|-damage|p2a: landorustherian|0 fnt|[from] item: Rocky Helmet|[of] p1a: Tornadus
|faint|p2a: landorustherian
|
|upkeep
|
|t:|1667472119
|switch|p2a: Weavile|Weavile, M|100/100
|-ability|p2a: Weavile|Pressure
|turn|59
|l| Ran Kob
|
|t:|1667472123
|switch|p1a: Corviknight|Corviknight, F|84/100
|-ability|p1a: Corviknight|Pressure
|move|p2a: Weavile|Knock Off|p1a: Corviknight
|-damage|p1a: Corviknight|53/100
|
|upkeep
|turn|60
|
|t:|1667472125
|switch|p2a: Tangrowth|Tangrowth, M|100/100 brn
|move|p1a: Corviknight|Roost|p1a: Corviknight
|-heal|p1a: Corviknight|100/100
|-singleturn|p1a: Corviknight|move: Roost
|
|-damage|p2a: Tangrowth|94/100 brn|[from] brn
|upkeep
|turn|61
|
|t:|1667472135
|switch|p1a: Tornadus|Tornadus-Therian, M|100/100 slp
|move|p2a: Tangrowth|Knock Off|p1a: Tornadus
|-damage|p1a: Tornadus|89/100 slp
|-damage|p2a: Tangrowth|78/100 brn|[from] item: Rocky Helmet|[of] p1a: Tornadus
|-enditem|p1a: Tornadus|Rocky Helmet|[from] move: Knock Off|[of] p2a: Tangrowth
|
|-damage|p2a: Tangrowth|72/100 brn|[from] brn
|upkeep
|turn|62
|
|t:|1667472137
|switch|p2a: Weavile|Weavile, M|100/100
|-ability|p2a: Weavile|Pressure
|-curestatus|p1a: Tornadus|slp|[msg]
|move|p1a: Tornadus|Knock Off|p2a: Weavile
|-resisted|p2a: Weavile
|-damage|p2a: Weavile|83/100
|-enditem|p2a: Weavile|Choice Band|[from] move: Knock Off|[of] p1a: Tornadus
|
|upkeep
|turn|63
|
|t:|1667472141
|switch|p1a: Corviknight|Corviknight, F|100/100
|-ability|p1a: Corviknight|Pressure
|move|p2a: Weavile|Triple Axel|p1a: Corviknight
|-damage|p1a: Corviknight|94/100
|-damage|p1a: Corviknight|80/100
|-damage|p1a: Corviknight|62/100
|-hitcount|p1a: Corviknight|3
|
|upkeep
|turn|64
|
|t:|1667472143
|switch|p2a: Tangrowth|Tangrowth, M|100/100 brn
|move|p1a: Corviknight|Roost|p1a: Corviknight
|-heal|p1a: Corviknight|100/100
|-singleturn|p1a: Corviknight|move: Roost
|
|-damage|p2a: Tangrowth|94/100 brn|[from] brn
|upkeep
|turn|65
|
|t:|1667472147
|switch|p1a: Tornadus|Tornadus-Therian, M|100/100
|move|p2a: Tangrowth|Sleep Powder|p1a: Tornadus|[miss]
|-miss|p2a: Tangrowth|p1a: Tornadus
|
|-damage|p2a: Tangrowth|88/100 brn|[from] brn
|upkeep
|turn|66
|
|t:|1667472148
|switch|p2a: rotomwash|Rotom-Wash|69/100 tox
|move|p1a: Tornadus|Heat Wave|p2a: rotomwash
|-resisted|p2a: rotomwash
|-damage|p2a: rotomwash|57/100 tox
|
|-damage|p2a: rotomwash|50/100 tox|[from] psn
|upkeep
|turn|67
|
|t:|1667472152
|switch|p1a: Audino|Audino, M|94/100
|move|p2a: rotomwash|Nasty Plot|p2a: rotomwash
|-boost|p2a: rotomwash|spa|2
|
|-damage|p2a: rotomwash|38/100 tox|[from] psn
|upkeep
|turn|68
|
|t:|1667472154
|switch|p2a: Weavile|Weavile, M|83/100
|-ability|p2a: Weavile|Pressure
|move|p1a: Audino|Wish|p1a: Audino
|
|upkeep
|turn|69
|
|t:|1667472165
|move|p2a: Weavile|Triple Axel|p1a: Audino
|-damage|p1a: Audino|85/100
|-damage|p1a: Audino|68/100
|-damage|p1a: Audino|40/100
|-hitcount|p1a: Audino|3
|move|p1a: Audino|Toxic|p2a: Weavile
|-status|p2a: Weavile|tox
|
|-heal|p1a: Audino|90/100|[from] move: Wish|[wisher] Audino
|-damage|p2a: Weavile|77/100 tox|[from] psn
|upkeep
|turn|70
|
|t:|1667472168
|move|p2a: Weavile|Triple Axel|p1a: Audino
|-damage|p1a: Audino|81/100
|-damage|p1a: Audino|63/100
|-damage|p1a: Audino|34/100
|-hitcount|p1a: Audino|3
|move|p1a: Audino|Wish|p1a: Audino
|
|-damage|p2a: Weavile|65/100 tox|[from] psn
|upkeep
|turn|71
|
|t:|1667472170
|switch|p2a: rotomwash|Rotom-Wash|38/100 tox
|switch|p1a: Corviknight|Corviknight, F|100/100
|-ability|p1a: Corviknight|Pressure
|
|-damage|p2a: rotomwash|32/100 tox|[from] psn
|upkeep
|turn|72
|
|t:|1667472172
|switch|p1a: Audino|Audino, M|68/100
|move|p2a: rotomwash|Pain Split|p1a: Audino
|-sethp|p1a: Audino|46/100|[from] move: Pain Split|[silent]
|-sethp|p2a: rotomwash|61/100 tox|[from] move: Pain Split
|
|-damage|p2a: rotomwash|49/100 tox|[from] psn
|upkeep
|turn|73
|
|t:|1667472173
|switch|p2a: Melmetal|Melmetal|92/100
|move|p1a: Audino|Wish|p1a: Audino
|
|upkeep
|turn|74
|
|t:|1667472175
|move|p1a: Audino|Protect|p1a: Audino
|-singleturn|p1a: Audino|Protect
|move|p2a: Melmetal|Ice Punch|p1a: Audino
|-activate|p1a: Audino|move: Protect
|
|-heal|p1a: Audino|96/100|[from] move: Wish|[wisher] Audino
|upkeep
|turn|75
|
|t:|1667472196
|switch|p1a: Shedinja|Shedinja|100/100
|move|p2a: Melmetal|Ice Punch|p1a: Shedinja
|-immune|p1a: Shedinja|[from] ability: Wonder Guard
|
|upkeep
|turn|76
|inactive|Stellar Flares has 120 seconds left.
|
|t:|1667472219
|switch|p2a: Weavile|Weavile, M|65/100 tox
|-ability|p2a: Weavile|Pressure
|move|p1a: Shedinja|Hex|p2a: Weavile
|-resisted|p2a: Weavile
|-damage|p2a: Weavile|43/100 tox
|
|-damage|p2a: Weavile|37/100 tox|[from] psn
|upkeep
|turn|77
|
|t:|1667472222
|move|p1a: Shedinja|Protect|p1a: Shedinja
|-singleturn|p1a: Shedinja|Protect
|move|p2a: Weavile|Knock Off|p1a: Shedinja
|-activate|p1a: Shedinja|move: Protect
|
|-damage|p2a: Weavile|25/100 tox|[from] psn
|upkeep
|turn|78
|
|t:|1667472224
|switch|p1a: Corviknight|Corviknight, F|100/100
|-ability|p1a: Corviknight|Pressure
|move|p2a: Weavile|Knock Off|p1a: Corviknight
|-damage|p1a: Corviknight|81/100
|
|-damage|p2a: Weavile|7/100 tox|[from] psn
|upkeep
|turn|79
|
|t:|1667472236
|switch|p2a: Tangrowth|Tangrowth, M|100/100 brn
|move|p1a: Corviknight|Roost|p1a: Corviknight
|-heal|p1a: Corviknight|100/100
|-singleturn|p1a: Corviknight|move: Roost
|
|-damage|p2a: Tangrowth|94/100 brn|[from] brn
|upkeep
|turn|80
|
|t:|1667472240
|switch|p1a: Shedinja|Shedinja|100/100
|move|p2a: Tangrowth|Sleep Powder|p1a: Shedinja
|-activate|p1a: Shedinja|item: Safety Goggles|Sleep Powder
|
|-damage|p2a: Tangrowth|88/100 brn|[from] brn
|upkeep
|turn|81
|
|t:|1667472245
|switch|p1a: Tornadus|Tornadus-Therian, M|100/100
|move|p2a: Tangrowth|Knock Off|p1a: Tornadus
|-crit|p1a: Tornadus
|-damage|p1a: Tornadus|90/100
|
|-damage|p2a: Tangrowth|82/100 brn|[from] brn
|upkeep
|turn|82
|
|t:|1667472248
|switch|p1a: Shedinja|Shedinja|100/100
|switch|p2a: Melmetal|Melmetal|92/100
|
|upkeep
|turn|83
|
|t:|1667472250
|switch|p2a: Weavile|Weavile, M|7/100 tox
|-ability|p2a: Weavile|Pressure
|move|p1a: Shedinja|Hex|p2a: Weavile
|-resisted|p2a: Weavile
|-damage|p2a: Weavile|0 fnt
|faint|p2a: Weavile
|
|upkeep
|
|t:|1667472250
|switch|p2a: Tangrowth|Tangrowth, M|100/100 brn
|turn|84
|
|t:|1667472253
|switch|p1a: Tornadus|Tornadus-Therian, M|100/100
|move|p2a: Tangrowth|Knock Off|p1a: Tornadus
|-damage|p1a: Tornadus|93/100
|
|-damage|p2a: Tangrowth|94/100 brn|[from] brn
|upkeep
|turn|85
|
|t:|1667472254
|switch|p1a: Shedinja|Shedinja|100/100
|move|p2a: Tangrowth|Sleep Powder|p1a: Shedinja
|-activate|p1a: Shedinja|item: Safety Goggles|Sleep Powder
|
|-damage|p2a: Tangrowth|88/100 brn|[from] brn
|upkeep
|turn|86
|
|t:|1667472256
|switch|p1a: Tornadus|Tornadus-Therian, M|100/100
|move|p2a: Tangrowth|Knock Off|p1a: Tornadus
|-damage|p1a: Tornadus|93/100
|
|-damage|p2a: Tangrowth|82/100 brn|[from] brn
|upkeep
|turn|87
|
|t:|1667472257
|switch|p1a: Shedinja|Shedinja|100/100
|switch|p2a: Melmetal|Melmetal|92/100
|
|upkeep
|turn|88
|
|t:|1667472259
|switch|p2a: Tangrowth|Tangrowth, M|100/100 brn
|move|p1a: Shedinja|Hex|p2a: Tangrowth
|-damage|p2a: Tangrowth|50/100 brn
|
|-damage|p2a: Tangrowth|44/100 brn|[from] brn
|upkeep
|turn|89
|
|t:|1667472260
|switch|p2a: rotomwash|Rotom-Wash|49/100 tox
|move|p1a: Shedinja|Hex|p2a: rotomwash
|-damage|p2a: rotomwash|13/100 tox
|
|-damage|p2a: rotomwash|7/100 tox|[from] psn
|upkeep
|turn|90
|
|t:|1667472262
|move|p1a: Shedinja|Protect|p1a: Shedinja
|-singleturn|p1a: Shedinja|Protect
|move|p2a: rotomwash|Pain Split|p1a: Shedinja
|-activate|p1a: Shedinja|move: Protect
|
|-damage|p2a: rotomwash|0 fnt|[from] psn
|faint|p2a: rotomwash
|upkeep
|
|t:|1667472263
|switch|p2a: Tangrowth|Tangrowth, M|77/100 brn
|turn|91
|
|t:|1667472265
|switch|p1a: Tornadus|Tornadus-Therian, M|100/100
|move|p2a: Tangrowth|Knock Off|p1a: Tornadus
|-damage|p1a: Tornadus|93/100
|
|-damage|p2a: Tangrowth|71/100 brn|[from] brn
|upkeep
|turn|92
|
|t:|1667472266
|switch|p1a: Shedinja|Shedinja|100/100
|switch|p2a: Melmetal|Melmetal|92/100
|
|upkeep
|turn|93
|
|t:|1667472268
|switch|p2a: Tangrowth|Tangrowth, M|100/100 brn
|move|p1a: Shedinja|Hex|p2a: Tangrowth
|-damage|p2a: Tangrowth|56/100 brn
|
|-damage|p2a: Tangrowth|50/100 brn|[from] brn
|upkeep
|turn|94
|
|t:|1667472270
|move|p1a: Shedinja|Protect|p1a: Shedinja
|-singleturn|p1a: Shedinja|Protect
|move|p2a: Tangrowth|Knock Off|p1a: Shedinja
|-activate|p1a: Shedinja|move: Protect
|
|-damage|p2a: Tangrowth|44/100 brn|[from] brn
|upkeep
|turn|95
|
|t:|1667472271
|switch|p2a: Melmetal|Melmetal|92/100
|move|p1a: Shedinja|Hex|p2a: Melmetal
|-damage|p2a: Melmetal|84/100
|
|upkeep
|turn|96
|
|t:|1667472272
|switch|p2a: Tangrowth|Tangrowth, M|77/100 brn
|move|p1a: Shedinja|Hex|p2a: Tangrowth
|-damage|p2a: Tangrowth|33/100 brn
|
|-damage|p2a: Tangrowth|26/100 brn|[from] brn
|upkeep
|turn|97
|
|t:|1667472275
|switch|p2a: Melmetal|Melmetal|84/100
|move|p1a: Shedinja|Hex|p2a: Melmetal
|-damage|p2a: Melmetal|75/100
|
|upkeep
|turn|98
|
|t:|1667472276
|switch|p2a: Tangrowth|Tangrowth, M|60/100 brn
|move|p1a: Shedinja|Hex|p2a: Tangrowth
|-crit|p2a: Tangrowth
|-damage|p2a: Tangrowth|0 fnt
|faint|p2a: Tangrowth
|
|upkeep
|
|t:|1667472276
|switch|p2a: Melmetal|Melmetal|75/100
|turn|99
|
|t:|1667472278
|move|p1a: Shedinja|Will-O-Wisp|p2a: Melmetal
|-status|p2a: Melmetal|brn
|move|p2a: Melmetal|Ice Punch|p1a: Shedinja
|-immune|p1a: Shedinja|[from] ability: Wonder Guard
|
|-damage|p2a: Melmetal|69/100 brn|[from] brn
|upkeep
|turn|100
|
|t:|1667472292
|move|p1a: Shedinja|Hex|p2a: Melmetal
|-damage|p2a: Melmetal|50/100 brn
|move|p2a: Melmetal|Ice Punch|p1a: Shedinja
|-immune|p1a: Shedinja|[from] ability: Wonder Guard
|
|-damage|p2a: Melmetal|44/100 brn|[from] brn
|upkeep
|turn|101
|
|t:|1667472293
|move|p1a: Shedinja|Hex|p2a: Melmetal
|-damage|p2a: Melmetal|25/100 brn
|move|p2a: Melmetal|Ice Punch|p1a: Shedinja
|-immune|p1a: Shedinja|[from] ability: Wonder Guard
|
|-damage|p2a: Melmetal|19/100 brn|[from] brn
|upkeep
|turn|102
|
|t:|1667472294
|move|p1a: Shedinja|Hex|p2a: Melmetal
|-damage|p2a: Melmetal|2/100 brn
|move|p2a: Melmetal|Ice Punch|p1a: Shedinja
|-immune|p1a: Shedinja|[from] ability: Wonder Guard
|
|-damage|p2a: Melmetal|0 fnt|[from] brn
|faint|p2a: Melmetal
|
|win|Stellar Flares
|upkeep
|raw|Stellar Flares's rating: 1594 &rarr; <strong>1616</strong><br />(+22 for winning)
|raw|minimax_ai's rating: 1628 &rarr; <strong>1606</strong><br />(-22 for losing)
|c|☆minimax_ai|gg
|l|☆Stellar Flares
|l|☆minimax_ai
