|j|☆Poulet Miku
|j|☆damorush
|t:|1617695162
|gametype|singles
|player|p1|Poulet Miku|lillie|1569
|player|p2|damorush|steven|1615
|teamsize|p1|6
|teamsize|p2|6
|gen|8
|tier|[Gen 8] OU
|rated|
|clearpoke
|poke|p1|Tyranitar, F|
|poke|p1|Zapdos|
|poke|p1|Nidoking, M|
|poke|p1|Tapu Fini|
|poke|p1|Landorus-Therian, M|
|poke|p1|Rillaboom, F|
|poke|p2|Tapu Koko|
|poke|p2|Kartana|
|poke|p2|Hydreigon, M|
|poke|p2|Landorus-Therian, M|
|poke|p2|Mandibuzz, F|
|poke|p2|Azumarill, F|
|rule|Sleep Clause Mod: Limit one foe put to sleep
|rule|Species Clause: Limit one of each Pokémon
|rule|OHKO Clause: OHKO moves are banned
|rule|Evasion Moves Clause: Evasion moves are banned
|rule|Endless Battle Clause: Forcing endless battles is banned
|rule|HP Percentage Mod: HP is shown in percentages
|rule|Dynamax Clause: You cannot dynamax
|teampreview
|inactive|Battle timer is ON: inactive players will automatically lose when time's up. (requested by Poulet Miku)
|
|t:|1617695182
|start
|switch|p1a: Landorus|Landorus-Therian, M|100/100
|switch|p2a: Kartana|Kartana|100/100
|-ability|p1a: Landorus|Intimidate|boost
|-unboost|p2a: Kartana|atk|1
|turn|1
|
|t:|1617695187
|move|p2a: Kartana|Knock Off|p1a: Landorus
|-damage|p1a: Landorus|65/100
|-enditem|p1a: Landorus|Choice Scarf|[from] move: Knock Off|[of] p2a: Kartana
|move|p1a: Landorus|Earthquake|p2a: Kartana
|-damage|p2a: Kartana|45/100
|
|upkeep
|turn|2
|
|t:|1617695199
|switch|p2a: Landorus|Landorus-Therian, M|100/100
|-ability|p2a: Landorus|Intimidate|boost
|-unboost|p1a: Landorus|atk|1
|move|p1a: Landorus|U-turn|p2a: Landorus
|-resisted|p2a: Landorus
|-damage|p2a: Landorus|93/100
|-damage|p1a: Landorus|48/100|[from] item: Rocky Helmet|[of] p2a: Landorus
|
|t:|1617695213
|switch|p1a: Tapu Fini|Tapu Fini|100/100|[from]move: U-turn
|-fieldstart|move: Misty Terrain|[from] ability: Misty Surge|[of] p1a: Tapu Fini
|
|upkeep
|turn|3
|
|t:|1617695222
|move|p2a: Landorus|Stealth Rock|p1a: Tapu Fini
|-sidestart|p1: Poulet Miku|move: Stealth Rock
|move|p1a: Tapu Fini|Moonblast|p2a: Landorus
|-damage|p2a: Landorus|61/100
|
|upkeep
|turn|4
|
|t:|1617695228
|move|p2a: Landorus|U-turn|p1a: Tapu Fini
|-resisted|p1a: Tapu Fini
|-damage|p1a: Tapu Fini|93/100
|
|t:|1617695231
|switch|p2a: Tapu Koko|Tapu Koko|100/100|[from]move: U-turn
|-fieldstart|move: Electric Terrain|[from] ability: Electric Surge|[of] p2a: Tapu Koko
|move|p1a: Tapu Fini|Scald|p2a: Tapu Koko
|-damage|p2a: Tapu Koko|61/100
|
|-heal|p1a: Tapu Fini|99/100|[from] item: Leftovers
|upkeep
|turn|5
|
|t:|1617695245
|switch|p2a: Kartana|Kartana|45/100
|switch|p1a: Nidoking|Nidoking, M|100/100
|-damage|p1a: Nidoking|95/100|[from] Stealth Rock
|
|upkeep
|turn|6
|
|t:|1617695253
|switch|p1a: Zapdos|Zapdos|100/100
|move|p2a: Kartana|Leaf Blade|p1a: Zapdos
|-resisted|p1a: Zapdos
|-damage|p1a: Zapdos|72/100
|
|upkeep
|turn|7
|
|t:|1617695265
|switch|p2a: Landorus|Landorus-Therian, M|61/100
|-ability|p2a: Landorus|Intimidate|boost
|-unboost|p1a: Zapdos|atk|1
|move|p1a: Zapdos|Heat Wave|p2a: Landorus
|-damage|p2a: Landorus|33/100
|
|upkeep
|turn|8
|
|t:|1617695272
|move|p1a: Zapdos|Heat Wave|p2a: Landorus
|-damage|p2a: Landorus|2/100
|-status|p2a: Landorus|brn
|move|p2a: Landorus|Knock Off|p1a: Zapdos
|-damage|p1a: Zapdos|59/100
|-enditem|p1a: Zapdos|Heavy-Duty Boots|[from] move: Knock Off|[of] p2a: Landorus
|
|-damage|p2a: Landorus|0 fnt|[from] brn
|faint|p2a: Landorus
|-fieldend|move: Electric Terrain
|upkeep
|
|t:|1617695282
|switch|p2a: Hydreigon|Hydreigon, M|100/100
|turn|9
|
|t:|1617695288
|move|p2a: Hydreigon|Dark Pulse|p1a: Zapdos
|-damage|p1a: Zapdos|11/100
|-damage|p2a: Hydreigon|91/100|[from] item: Life Orb
|move|p1a: Zapdos|Defog|p2a: Hydreigon
|-unboost|p2a: Hydreigon|evasion|1
|-sideend|p1: Poulet Miku|Stealth Rock|[from] move: Defog|[of] p1a: Zapdos
|
|upkeep
|turn|10
|
|t:|1617695296
|switch|p1a: Tyranitar|Tyranitar, F|100/100
|-weather|Sandstorm|[from] ability: Sand Stream|[of] p1a: Tyranitar
|move|p2a: Hydreigon|Dark Pulse|p1a: Tyranitar
|-resisted|p1a: Tyranitar
|-damage|p1a: Tyranitar|90/100
|-damage|p2a: Hydreigon|81/100|[from] item: Life Orb
|
|-weather|Sandstorm|[upkeep]
|-damage|p2a: Hydreigon|75/100|[from] Sandstorm
|-heal|p1a: Tyranitar|96/100|[from] item: Leftovers
|upkeep
|turn|11
|
|t:|1617695314
|switch|p2a: Kartana|Kartana|45/100
|move|p1a: Tyranitar|Stealth Rock|p2a: Kartana
|-sidestart|p2: damorush|move: Stealth Rock
|
|-weather|Sandstorm|[upkeep]
|-heal|p1a: Tyranitar|100/100|[from] item: Leftovers
|upkeep
|turn|12
|
|t:|1617695323
|move|p1a: Tyranitar|Protect|p1a: Tyranitar
|-singleturn|p1a: Tyranitar|Protect
|move|p2a: Kartana|Leaf Blade|p1a: Tyranitar
|-activate|p1a: Tyranitar|move: Protect
|
|-weather|Sandstorm|[upkeep]
|upkeep
|turn|13
|
|t:|1617695331
|switch|p1a: Rillaboom|Rillaboom, F|100/100
|-fieldstart|move: Grassy Terrain|[from] ability: Grassy Surge|[of] p1a: Rillaboom
|-enditem|p1a: Rillaboom|Grassy Seed
|-boost|p1a: Rillaboom|def|1|[from] item: Grassy Seed
|move|p2a: Kartana|Leaf Blade|p1a: Rillaboom
|-resisted|p1a: Rillaboom
|-damage|p1a: Rillaboom|71/100
|
|-weather|Sandstorm|[upkeep]
|-damage|p1a: Rillaboom|65/100|[from] Sandstorm
|-heal|p2a: Kartana|51/100|[from] Grassy Terrain
|-heal|p1a: Rillaboom|71/100|[from] Grassy Terrain
|upkeep
|turn|14
|
|t:|1617695344
|move|p2a: Kartana|Leaf Blade|p1a: Rillaboom
|-resisted|p1a: Rillaboom
|-damage|p1a: Rillaboom|39/100
|move|p1a: Rillaboom|Swords Dance|p1a: Rillaboom
|-boost|p1a: Rillaboom|atk|2
|
|-weather|none
|-heal|p2a: Kartana|57/100|[from] Grassy Terrain
|-heal|p1a: Rillaboom|45/100|[from] Grassy Terrain
|upkeep
|turn|15
|
|t:|1617695352
|move|p2a: Kartana|Leaf Blade|p1a: Rillaboom
|-resisted|p1a: Rillaboom
|-damage|p1a: Rillaboom|12/100
|move|p1a: Rillaboom|Drain Punch|p2a: Kartana
|-supereffective|p2a: Kartana
|-damage|p2a: Kartana|0 fnt
|-heal|p1a: Rillaboom|34/100|[from] drain|[of] p2a: Kartana
|faint|p2a: Kartana
|
|-heal|p1a: Rillaboom|40/100|[from] Grassy Terrain
|upkeep
|
|t:|1617695362
|switch|p2a: Tapu Koko|Tapu Koko|61/100
|-damage|p2a: Tapu Koko|49/100|[from] Stealth Rock
|-fieldstart|move: Electric Terrain|[from] ability: Electric Surge|[of] p2a: Tapu Koko
|turn|16
|
|t:|1617695370
|move|p2a: Tapu Koko|Grass Knot|p1a: Rillaboom
|-resisted|p1a: Rillaboom
|-damage|p1a: Rillaboom|17/100
|move|p1a: Rillaboom|Grassy Glide|p2a: Tapu Koko
|-damage|p2a: Tapu Koko|0 fnt
|faint|p2a: Tapu Koko
|
|upkeep
|
|t:|1617695377
|switch|p2a: Hydreigon|Hydreigon, M|75/100
|-damage|p2a: Hydreigon|62/100|[from] Stealth Rock
|turn|17
|
|t:|1617695381
|move|p2a: Hydreigon|Dark Pulse|p1a: Rillaboom
|-damage|p1a: Rillaboom|0 fnt
|-damage|p2a: Hydreigon|52/100|[from] item: Life Orb
|faint|p1a: Rillaboom
|
|upkeep
|
|t:|1617695384
|switch|p1a: Tyranitar|Tyranitar, F|100/100
|-weather|Sandstorm|[from] ability: Sand Stream|[of] p1a: Tyranitar
|turn|18
|
|t:|1617695392
|move|p2a: Hydreigon|Draco Meteor|p1a: Tyranitar
|-damage|p1a: Tyranitar|68/100
|-unboost|p2a: Hydreigon|spa|2
|-damage|p2a: Hydreigon|43/100|[from] item: Life Orb
|move|p1a: Tyranitar|Rock Blast|p2a: Hydreigon|[miss]
|-miss|p1a: Tyranitar|p2a: Hydreigon
|
|-weather|Sandstorm|[upkeep]
|-damage|p2a: Hydreigon|36/100|[from] Sandstorm
|-heal|p1a: Tyranitar|74/100|[from] item: Leftovers
|upkeep
|turn|19
|
|t:|1617695402
|move|p2a: Hydreigon|Draco Meteor|p1a: Tyranitar
|-damage|p1a: Tyranitar|56/100
|-unboost|p2a: Hydreigon|spa|2
|-damage|p2a: Hydreigon|27/100|[from] item: Life Orb
|move|p1a: Tyranitar|Rock Blast|p2a: Hydreigon
|-damage|p2a: Hydreigon|15/100
|-damage|p2a: Hydreigon|2/100
|-damage|p2a: Hydreigon|0 fnt
|-hitcount|p2a: Hydreigon|3
|faint|p2a: Hydreigon
|
|-weather|Sandstorm|[upkeep]
|-heal|p1a: Tyranitar|63/100|[from] item: Leftovers
|upkeep
|
|t:|1617695414
|switch|p2a: Azumarill|Azumarill, F|100/100
|-damage|p2a: Azumarill|88/100|[from] Stealth Rock
|turn|20
|
|t:|1617695419
|move|p2a: Azumarill|Belly Drum|p2a: Azumarill
|-damage|p2a: Azumarill|38/100
|-setboost|p2a: Azumarill|atk|6|[from] move: Belly Drum
|-enditem|p2a: Azumarill|Sitrus Berry|[eat]
|-heal|p2a: Azumarill|63/100|[from] item: Sitrus Berry
|move|p1a: Tyranitar|Rock Blast|p2a: Azumarill
|-damage|p2a: Azumarill|50/100
|-damage|p2a: Azumarill|36/100
|-hitcount|p2a: Azumarill|2
|
|-weather|Sandstorm|[upkeep]
|-damage|p2a: Azumarill|30/100|[from] Sandstorm
|-heal|p1a: Tyranitar|69/100|[from] item: Leftovers
|-fieldend|move: Electric Terrain
|upkeep
|turn|21
|
|t:|1617695436
|move|p1a: Tyranitar|Protect|p1a: Tyranitar
|-singleturn|p1a: Tyranitar|Protect
|move|p2a: Azumarill|Aqua Jet|p1a: Tyranitar
|-activate|p1a: Tyranitar|move: Protect
|
|-weather|Sandstorm|[upkeep]
|-damage|p2a: Azumarill|24/100|[from] Sandstorm
|-heal|p1a: Tyranitar|75/100|[from] item: Leftovers
|upkeep
|turn|22
|
|t:|1617695447
|switch|p1a: Zapdos|Zapdos|11/100
|move|p2a: Azumarill|Play Rough|p1a: Zapdos
|-crit|p1a: Zapdos
|-damage|p1a: Zapdos|0 fnt
|faint|p1a: Zapdos
|
|-weather|none
|upkeep
|
|t:|1617695459
|switch|p1a: Tyranitar|Tyranitar, F|75/100
|-weather|Sandstorm|[from] ability: Sand Stream|[of] p1a: Tyranitar
|turn|23
|
|t:|1617695465
|move|p1a: Tyranitar|Protect|p1a: Tyranitar
|-singleturn|p1a: Tyranitar|Protect
|move|p2a: Azumarill|Play Rough|p1a: Tyranitar
|-activate|p1a: Tyranitar|move: Protect
|
|-weather|Sandstorm|[upkeep]
|-damage|p2a: Azumarill|18/100|[from] Sandstorm
|-heal|p1a: Tyranitar|81/100|[from] item: Leftovers
|upkeep
|turn|24
|
|t:|1617695473
|switch|p1a: Landorus|Landorus-Therian, M|48/100
|-ability|p1a: Landorus|Intimidate|boost
|-unboost|p2a: Azumarill|atk|1
|move|p2a: Azumarill|Play Rough|p1a: Landorus
|-damage|p1a: Landorus|0 fnt
|faint|p1a: Landorus
|
|-weather|Sandstorm|[upkeep]
|-damage|p2a: Azumarill|12/100|[from] Sandstorm
|upkeep
|
|t:|1617695494
|switch|p1a: Tyranitar|Tyranitar, F|81/100
|turn|25
|c|☆damorush|seriously protect on tyranitar...
|
|t:|1617695508
|move|p1a: Tyranitar|Protect|p1a: Tyranitar
|-singleturn|p1a: Tyranitar|Protect
|move|p2a: Azumarill|Play Rough|p1a: Tyranitar
|-activate|p1a: Tyranitar|move: Protect
|
|-weather|Sandstorm|[upkeep]
|-damage|p2a: Azumarill|5/100|[from] Sandstorm
|-heal|p1a: Tyranitar|87/100|[from] item: Leftovers
|upkeep
|turn|26
|
|t:|1617695517
|move|p2a: Azumarill|Play Rough|p1a: Tyranitar
|-supereffective|p1a: Tyranitar
|-damage|p1a: Tyranitar|0 fnt
|faint|p1a: Tyranitar
|
|-weather|Sandstorm|[upkeep]
|-damage|p2a: Azumarill|0 fnt|[from] Sandstorm
|faint|p2a: Azumarill
|upkeep
|-message|damorush forfeited.
|
|win|Poulet Miku
|raw|Poulet Miku's rating: 1569 &rarr; <strong>1592</strong><br />(+23 for winning)
|raw|damorush's rating: 1615 &rarr; <strong>1592</strong><br />(-23 for losing)
|l|☆damorush
