|j|☆winter lanterns
|j|‽minimax_ai
|t:|1668157798
|gametype|singles
|player|p1|winter lanterns|101|1818
|player|p2|minimax_ai|265|1655
|teamsize|p1|6
|teamsize|p2|6
|gen|8
|tier|[Gen 8] OU
|rated|
|rule|Sleep Clause Mod: Limit one foe put to sleep
|rule|Species Clause: Limit one of each Pokémon
|rule|OHKO Clause: OHKO moves are banned
|rule|Evasion Items Clause: Evasion items are banned
|rule|Evasion Moves Clause: Evasion moves are banned
|rule|Endless Battle Clause: Forcing endless battles is banned
|rule|HP Percentage Mod: HP is shown in percentages
|rule|Dynamax Clause: You cannot dynamax
|clearpoke
|poke|p1|Dragapult, M|
|poke|p1|Urshifu-*, F|
|poke|p1|Tapu Lele|
|poke|p1|Landorus-Therian, M|
|poke|p1|Zapdos|
|poke|p1|Melmetal|
|poke|p2|Rotom-Wash|
|poke|p2|Weavile, M|
|poke|p2|Landorus-Therian, M|
|poke|p2|Heatran, M|
|poke|p2|Tangrowth, F|
|poke|p2|Melmetal|
|teampreview
|inactive|Battle timer is ON: inactive players will automatically lose when time's up. (requested by minimax_ai)
|j| broked on bricks
|inactive|winter lanterns has 120 seconds left.
|j| Ran Kob
|
|t:|1668157857
|start
|switch|p1a: Landorus|Landorus-Therian, M|100/100
|switch|p2a: Landorus|Landorus-Therian, M|100/100
|-ability|p1a: Landorus|Intimidate|boost
|-unboost|p2a: Landorus|atk|1
|-ability|p2a: Landorus|Intimidate|boost
|-unboost|p1a: Landorus|atk|1
|turn|1
|
|t:|1668157860
|move|p1a: Landorus|Knock Off|p2a: Landorus
|-damage|p2a: Landorus|81/100
|-enditem|p2a: Landorus|Leftovers|[from] move: Knock Off|[of] p1a: Landorus
|move|p2a: Landorus|Toxic|p1a: Landorus
|-status|p1a: Landorus|tox
|
|-damage|p1a: Landorus|94/100 tox|[from] psn
|upkeep
|turn|2
|
|t:|1668157865
|move|p1a: Landorus|Stealth Rock|p2a: Landorus
|-sidestart|p2: minimax_ai|move: Stealth Rock
|move|p2a: Landorus|Toxic|p1a: Landorus
|-fail|p1a: Landorus|tox
|
|-heal|p1a: Landorus|100/100 tox|[from] item: Leftovers
|-damage|p1a: Landorus|88/100 tox|[from] psn
|upkeep
|turn|3
|
|t:|1668157868
|move|p1a: Landorus|U-turn|p2a: Landorus
|-resisted|p2a: Landorus
|-damage|p2a: Landorus|74/100
|
|t:|1668157870
|switch|p1a: Urshifu|Urshifu-Rapid-Strike, F|100/100|[from]move: U-turn
|move|p2a: Landorus|Defog|p1a: Urshifu
|-unboost|p1a: Urshifu|evasion|1
|-sideend|p2: minimax_ai|Stealth Rock|[from] move: Defog|[of] p2a: Landorus
|
|upkeep
|turn|4
|
|t:|1668157873
|switch|p2a: Tangrowth|Tangrowth, F|100/100
|move|p1a: Urshifu|U-turn|p2a: Tangrowth
|-supereffective|p2a: Tangrowth
|-damage|p2a: Tangrowth|64/100
|-damage|p1a: Urshifu|84/100|[from] item: Rocky Helmet|[of] p2a: Tangrowth
|
|t:|1668157877
|switch|p1a: Dragapult|Dragapult, M|100/100|[from]move: U-turn
|
|upkeep
|turn|5
|
|t:|1668157888
|switch|p2a: Melmetal|Melmetal|100/100
|move|p1a: Dragapult|Shadow Ball|p2a: Melmetal
|-damage|p2a: Melmetal|71/100
|-unboost|p2a: Melmetal|spd|1
|
|upkeep
|turn|6
|
|t:|1668157892
|switch|p1a: Zapdos|Zapdos|100/100
|move|p2a: Melmetal|Double Iron Bash|p1a: Zapdos
|-resisted|p1a: Zapdos
|-damage|p1a: Zapdos|76/100
|-status|p2a: Melmetal|par|[from] ability: Static|[of] p1a: Zapdos
|-resisted|p1a: Zapdos
|-damage|p1a: Zapdos|54/100
|-hitcount|p1a: Zapdos|2
|
|upkeep
|turn|7
|
|t:|1668157895
|move|p1a: Zapdos|Heat Wave|p2a: Melmetal
|-supereffective|p2a: Melmetal
|-damage|p2a: Melmetal|16/100 par
|move|p2a: Melmetal|Ice Punch|p1a: Zapdos
|-supereffective|p1a: Zapdos
|-damage|p1a: Zapdos|0 fnt
|faint|p1a: Zapdos
|
|upkeep
|
|t:|1668157901
|switch|p1a: Dragapult|Dragapult, M|100/100
|turn|8
|
|t:|1668157902
|move|p1a: Dragapult|Shadow Ball|p2a: Melmetal
|-damage|p2a: Melmetal|0 fnt
|faint|p2a: Melmetal
|
|upkeep
|
|t:|1668157902
|switch|p2a: Weavile|Weavile, M|100/100
|-ability|p2a: Weavile|Pressure
|turn|9
|
|t:|1668157905
|switch|p1a: Urshifu|Urshifu-Rapid-Strike, F|84/100
|move|p2a: Weavile|Knock Off|p1a: Urshifu
|-resisted|p1a: Urshifu
|-damage|p1a: Urshifu|51/100
|-enditem|p1a: Urshifu|Choice Band|[from] move: Knock Off|[of] p2a: Weavile
|
|upkeep
|turn|10
|
|t:|1668157909
|switch|p2a: Tangrowth|Tangrowth, F|98/100
|move|p1a: Urshifu|U-turn|p2a: Tangrowth
|-supereffective|p2a: Tangrowth
|-damage|p2a: Tangrowth|72/100
|-damage|p1a: Urshifu|34/100|[from] item: Rocky Helmet|[of] p2a: Tangrowth
|
|t:|1668157911
|switch|p1a: Dragapult|Dragapult, M|100/100|[from]move: U-turn
|
|upkeep
|turn|11
|
|t:|1668157912
|switch|p2a: Landorus|Landorus-Therian, M|74/100
|-ability|p2a: Landorus|Intimidate|boost
|-unboost|p1a: Dragapult|atk|1
|move|p1a: Dragapult|Shadow Ball|p2a: Landorus
|-crit|p2a: Landorus
|-damage|p2a: Landorus|12/100
|
|upkeep
|turn|12
|
|t:|1668157915
|switch|p2a: Weavile|Weavile, M|100/100
|-ability|p2a: Weavile|Pressure
|move|p1a: Dragapult|Shadow Ball|p2a: Weavile
|-resisted|p2a: Weavile
|-damage|p2a: Weavile|58/100
|
|upkeep
|turn|13
|
|t:|1668157930
|switch|p1a: Urshifu|Urshifu-Rapid-Strike, F|34/100
|move|p2a: Weavile|Knock Off|p1a: Urshifu
|-resisted|p1a: Urshifu
|-damage|p1a: Urshifu|11/100
|
|upkeep
|turn|14
|
|t:|1668157932
|move|p1a: Urshifu|Aqua Jet|p2a: Weavile
|-damage|p2a: Weavile|23/100
|move|p2a: Weavile|Knock Off|p1a: Urshifu
|-resisted|p1a: Urshifu
|-damage|p1a: Urshifu|0 fnt
|faint|p1a: Urshifu
|
|upkeep
|
|t:|1668157951
|switch|p1a: Dragapult|Dragapult, M|100/100
|turn|15
|
|t:|1668157952
|switch|p2a: Landorus|Landorus-Therian, M|12/100
|-ability|p2a: Landorus|Intimidate|boost
|-unboost|p1a: Dragapult|atk|1
|move|p1a: Dragapult|Shadow Ball|p2a: Landorus
|-damage|p2a: Landorus|0 fnt
|faint|p2a: Landorus
|
|upkeep
|
|t:|1668157952
|switch|p2a: Weavile|Weavile, M|23/100
|-ability|p2a: Weavile|Pressure
|turn|16
|
|t:|1668157955
|move|p2a: Weavile|Ice Shard|p1a: Dragapult
|-supereffective|p1a: Dragapult
|-damage|p1a: Dragapult|15/100
|move|p1a: Dragapult|Shadow Ball|p2a: Weavile
|-resisted|p2a: Weavile
|-damage|p2a: Weavile|0 fnt
|faint|p2a: Weavile
|
|upkeep
|
|t:|1668157955
|switch|p2a: Heatran|Heatran, M|100/100
|-item|p2a: Heatran|Air Balloon
|turn|17
|
|t:|1668157971
|switch|p1a: Landorus|Landorus-Therian, M|88/100 tox
|-ability|p1a: Landorus|Intimidate|boost
|-unboost|p2a: Heatran|atk|1
|move|p2a: Heatran|Eruption|p1a: Landorus
|-damage|p1a: Landorus|23/100 tox
|
|-heal|p1a: Landorus|29/100 tox|[from] item: Leftovers
|-damage|p1a: Landorus|23/100 tox|[from] psn
|upkeep
|turn|18
|
|t:|1668157977
|move|p2a: Heatran|Eruption|p1a: Landorus
|-damage|p1a: Landorus|0 fnt
|faint|p1a: Landorus
|
|upkeep
|
|t:|1668157991
|switch|p1a: Dragapult|Dragapult, M|15/100
|turn|19
|
|t:|1668157992
|move|p1a: Dragapult|Shadow Ball|p2a: Heatran
|-damage|p2a: Heatran|47/100
|-enditem|p2a: Heatran|Air Balloon
|move|p2a: Heatran|Eruption|p1a: Dragapult
|-resisted|p1a: Dragapult
|-damage|p1a: Dragapult|0 fnt
|faint|p1a: Dragapult
|
|upkeep
|
|t:|1668158008
|switch|p1a: Melmetal|Melmetal|100/100
|turn|20
|
|t:|1668158009
|switch|p2a: Tangrowth|Tangrowth, F|100/100
|move|p1a: Melmetal|Earthquake|p2a: Tangrowth
|-resisted|p2a: Tangrowth
|-damage|p2a: Tangrowth|89/100
|
|upkeep
|turn|21
|
|t:|1668158011
|switch|p2a: Rotom|Rotom-Wash|100/100
|move|p1a: Melmetal|Toxic|p2a: Rotom|[miss]
|-miss|p1a: Melmetal|p2a: Rotom
|
|upkeep
|turn|22
|j| ggnhax
|
|t:|1668158015
|move|p2a: Rotom|Nasty Plot|p2a: Rotom
|-boost|p2a: Rotom|spa|2
|move|p1a: Melmetal|Toxic|p2a: Rotom|[miss]
|-miss|p1a: Melmetal|p2a: Rotom
|
|upkeep
|turn|23
|
|t:|1668158018
|move|p2a: Rotom|Thunderbolt|p1a: Melmetal
|-damage|p1a: Melmetal|41/100
|move|p1a: Melmetal|Toxic|p2a: Rotom
|-status|p2a: Rotom|tox
|
|-heal|p1a: Melmetal|47/100|[from] item: Leftovers
|-damage|p2a: Rotom|94/100 tox|[from] psn
|upkeep
|turn|24
|
|t:|1668158020
|move|p1a: Melmetal|Protect|p1a: Melmetal
|-singleturn|p1a: Melmetal|Protect
|move|p2a: Rotom|Thunderbolt|p1a: Melmetal
|-activate|p1a: Melmetal|move: Protect
|
|-heal|p2a: Rotom|100/100 tox|[from] item: Leftovers
|-heal|p1a: Melmetal|53/100|[from] item: Leftovers
|-damage|p2a: Rotom|88/100 tox|[from] psn
|upkeep
|turn|25
|
|t:|1668158026
|move|p1a: Melmetal|Protect|p1a: Melmetal
|-singleturn|p1a: Melmetal|Protect
|move|p2a: Rotom|Thunderbolt|p1a: Melmetal
|-activate|p1a: Melmetal|move: Protect
|
|-heal|p2a: Rotom|94/100 tox|[from] item: Leftovers
|-heal|p1a: Melmetal|59/100|[from] item: Leftovers
|-damage|p2a: Rotom|75/100 tox|[from] psn
|upkeep
|turn|26
|
|t:|1668158039
|move|p2a: Rotom|Thunderbolt|p1a: Melmetal
|-damage|p1a: Melmetal|0 fnt
|faint|p1a: Melmetal
|
|-heal|p2a: Rotom|82/100 tox|[from] item: Leftovers
|-damage|p2a: Rotom|57/100 tox|[from] psn
|upkeep
|
|t:|1668158041
|switch|p1a: Tapu Lele|Tapu Lele|100/100
|-fieldstart|move: Psychic Terrain|[from] ability: Psychic Surge|[of] p1a: Tapu Lele
|turn|27
|
|t:|1668158044
|move|p1a: Tapu Lele|Psyshock|p2a: Rotom
|-damage|p2a: Rotom|0 fnt
|faint|p2a: Rotom
|
|upkeep
|
|t:|1668158044
|switch|p2a: Heatran|Heatran, M|47/100
|turn|28
|
|t:|1668158046
|move|p1a: Tapu Lele|Psyshock|p2a: Heatran
|-resisted|p2a: Heatran
|-damage|p2a: Heatran|16/100
|move|p2a: Heatran|Magma Storm|p1a: Tapu Lele
|-damage|p1a: Tapu Lele|48/100
|-activate|p1a: Tapu Lele|move: Magma Storm|[of] p2a: Heatran
|
|-damage|p1a: Tapu Lele|35/100|[from] move: Magma Storm|[partiallytrapped]
|upkeep
|turn|29
|
|t:|1668158048
|switch|p2a: Tangrowth|Tangrowth, F|100/100
|move|p1a: Tapu Lele|Psyshock|p2a: Tangrowth
|-damage|p2a: Tangrowth|69/100
|
|-end|p1a: Tapu Lele|Magma Storm|[partiallytrapped]|[silent]
|upkeep
|turn|30
|
|t:|1668158050
|move|p1a: Tapu Lele|Psyshock|p2a: Tangrowth
|-damage|p2a: Tangrowth|39/100
|move|p2a: Tangrowth|Giga Drain|p1a: Tapu Lele
|-damage|p1a: Tapu Lele|3/100
|-heal|p2a: Tangrowth|50/100|[from] drain|[of] p1a: Tapu Lele
|
|upkeep
|turn|31
|
|t:|1668158051
|move|p1a: Tapu Lele|Psyshock|p2a: Tangrowth
|-damage|p2a: Tangrowth|20/100
|move|p2a: Tangrowth|Giga Drain|p1a: Tapu Lele
|-damage|p1a: Tapu Lele|0 fnt
|-heal|p2a: Tangrowth|21/100|[from] drain|[of] p1a: Tapu Lele
|faint|p1a: Tapu Lele
|
|win|minimax_ai
|raw|winter lanterns's rating: 1818 &rarr; <strong>1789</strong><br />(-29 for losing)
|raw|minimax_ai's rating: 1655 &rarr; <strong>1684</strong><br />(+29 for winning)
