|raw|<div class="broadcast-blue"><strong>This battle is required to be public due to a player having a name starting with 'lt91bb'.</div>
|j|☆cute pink team
|j|☆LT91BB stareal
|t:|1659358191
|gametype|singles
|player|p1|cute pink team|youngster|1734
|player|p2|LT91BB stareal|169|1822
|teamsize|p1|6
|teamsize|p2|6
|gen|8
|tier|[Gen 8] OU
|rated|
|rule|Sleep Clause Mod: Limit one foe put to sleep
|rule|Species Clause: Limit one of each Pokémon
|rule|OHKO Clause: OHKO moves are banned
|rule|Evasion Moves Clause: Evasion moves are banned
|rule|Endless Battle Clause: Forcing endless battles is banned
|rule|HP Percentage Mod: HP is shown in percentages
|rule|Dynamax Clause: You cannot dynamax
|clearpoke
|poke|p1|Zapdos|
|poke|p1|Tyranitar, F|
|poke|p1|Ditto|
|poke|p1|Corviknight, F|
|poke|p1|Volcanion|
|poke|p1|Blacephalon|
|poke|p2|Gastrodon-East, M|
|poke|p2|Blissey, F|
|poke|p2|Toxapex, M|
|poke|p2|Clefable, F|
|poke|p2|Corviknight, M|
|poke|p2|Slowking-Galar, F|
|teampreview
|inactive|Battle timer is ON: inactive players will automatically lose when time's up. (requested by LT91BB stareal)
|
|t:|1659358213
|start
|switch|p1a: Blacephalon|Blacephalon|100/100
|switch|p2a: Slowking|Slowking-Galar, F|100/100
|turn|1
|
|t:|1659358219
|switch|p2a: Blissey|Blissey, F|100/100
|move|p1a: Blacephalon|Trick|p2a: Blissey
|-activate|p1a: Blacephalon|move: Trick|[of] p2a: Blissey
|-item|p2a: Blissey|Choice Scarf|[from] move: Trick
|-item|p1a: Blacephalon|Heavy-Duty Boots|[from] move: Trick
|
|upkeep
|turn|2
|
|t:|1659358225
|switch|p1a: Corviknight|Corviknight, F|100/100
|-ability|p1a: Corviknight|Pressure
|move|p2a: Blissey|Stealth Rock|p1a: Corviknight
|-sidestart|p1: cute pink team|move: Stealth Rock
|
|upkeep
|turn|3
|
|t:|1659358228
|switch|p2a: Corviknight|Corviknight, M|100/100
|-ability|p2a: Corviknight|Pressure
|move|p1a: Corviknight|Defog|p2a: Corviknight
|-unboost|p2a: Corviknight|evasion|1
|-sideend|p1: cute pink team|Stealth Rock|[from] move: Defog|[of] p1a: Corviknight
|
|upkeep
|turn|4
|
|t:|1659358230
|switch|p2a: Toxapex|Toxapex, M|100/100
|move|p1a: Corviknight|U-turn|p2a: Toxapex
|-resisted|p2a: Toxapex
|-damage|p2a: Toxapex|96/100
|-damage|p1a: Corviknight|84/100|[from] item: Rocky Helmet|[of] p2a: Toxapex
|
|t:|1659358236
|switch|p1a: Zapdos|Zapdos|100/100|[from]move: U-turn
|-ability|p1a: Zapdos|Pressure
|
|upkeep
|turn|5
|
|t:|1659358244
|switch|p2a: Gastrodon|Gastrodon-East, M|100/100
|move|p1a: Zapdos|Hurricane|p2a: Gastrodon
|-damage|p2a: Gastrodon|33/100
|
|-heal|p2a: Gastrodon|39/100|[from] item: Leftovers
|upkeep
|turn|6
|
|t:|1659358251
|switch|p1a: Volcanion|Volcanion|100/100
|move|p2a: Gastrodon|Protect||[still]
|-fail|p2a: Gastrodon
|
|-heal|p2a: Gastrodon|46/100|[from] item: Leftovers
|upkeep
|turn|7
|
|t:|1659358259
|move|p1a: Volcanion|Overheat|p2a: Gastrodon
|-resisted|p2a: Gastrodon
|-crit|p2a: Gastrodon
|-damage|p2a: Gastrodon|0 fnt
|-unboost|p1a: Volcanion|spa|2
|faint|p2a: Gastrodon
|
|upkeep
|-message|LT91BB stareal forfeited.
|
|win|cute pink team
|raw|cute pink team's rating: 1734 &rarr; <strong>1759</strong><br />(+25 for winning)
|raw|LT91BB stareal's rating: 1822 &rarr; <strong>1797</strong><br />(-25 for losing)
|l|☆LT91BB stareal
