|j|☆gaenisalbino
|j|☆Steez Ibanez
|t:|1637135514
|gametype|singles
|player|p1|gaenisalbino|chili|1786
|player|p2|Steez Ibanez|lance|1821
|teamsize|p1|6
|teamsize|p2|6
|gen|8
|tier|[Gen 8] OU
|rated|
|rule|Sleep Clause Mod: Limit one foe put to sleep
|rule|Species Clause: Limit one of each Pokémon
|rule|OHKO Clause: OHKO moves are banned
|rule|Evasion Moves Clause: Evasion moves are banned
|rule|Endless Battle Clause: Forcing endless battles is banned
|rule|HP Percentage Mod: HP is shown in percentages
|rule|Dynamax Clause: You cannot dynamax
|clearpoke
|poke|p1|Garchomp, M|
|poke|p1|Weavile, M|
|poke|p1|Scizor, M|
|poke|p1|Tapu Fini|
|poke|p1|Hawlucha, M|
|poke|p1|Volcarona, M|
|poke|p2|Hatterene, F|
|poke|p2|Landorus-Therian, M|
|poke|p2|Blacephalon|
|poke|p2|Swampert, M|
|poke|p2|Dragonite, M|
|poke|p2|Ferrothorn, M|
|teampreview
|inactive|Battle timer is ON: inactive players will automatically lose when time's up. (requested by Steez Ibanez)
|j| BallsJawser9000
|inactive|gaenisalbino has 120 seconds left.
|
|t:|1637135580
|start
|switch|p1a: Tapu Fini|Tapu Fini|100/100
|switch|p2a: Simba|Landorus-Therian, M|100/100
|-ability|p2a: Simba|Intimidate|boost
|-unboost|p1a: Tapu Fini|atk|1
|-fieldstart|move: Misty Terrain|[from] ability: Misty Surge|[of] p1a: Tapu Fini
|turn|1
|j| cleverDonald
|
|t:|1637135604
|move|p2a: Simba|U-turn|p1a: Tapu Fini
|-resisted|p1a: Tapu Fini
|-damage|p1a: Tapu Fini|88/100
|
|t:|1637135612
|switch|p2a: Abomination|Ferrothorn, M|100/100|[from]move: U-turn
|move|p1a: Tapu Fini|Scald|p2a: Abomination
|-resisted|p2a: Abomination
|-damage|p2a: Abomination|90/100
|
|upkeep
|turn|2
|inactive|gaenisalbino has 120 seconds left.
|inactive|gaenisalbino has 90 seconds left.
|
|t:|1637135667
|switch|p1a: Garchomp|Garchomp, M|100/100
|move|p2a: Abomination|Leech Seed|p1a: Garchomp
|-start|p1a: Garchomp|move: Leech Seed
|
|-damage|p1a: Garchomp|88/100|[from] Leech Seed|[of] p2a: Abomination
|-heal|p2a: Abomination|100/100|[silent]
|upkeep
|turn|3
|l| BallsJawser9000
|inactive|gaenisalbino has 90 seconds left.
|
|t:|1637135696
|switch|p1a: Volcarona|Volcarona, M|100/100
|switch|p2a: Lady Death|Hatterene, F|100/100
|
|upkeep
|turn|4
|inactive|gaenisalbino has 60 seconds left.
|
|t:|1637135735
|move|p1a: Volcarona|Fire Blast|p2a: Lady Death
|-damage|p2a: Lady Death|32/100
|move|p2a: Lady Death|Calm Mind|p2a: Lady Death
|-boost|p2a: Lady Death|spa|1
|-boost|p2a: Lady Death|spd|1
|
|-heal|p2a: Lady Death|38/100|[from] item: Leftovers
|upkeep
|turn|5
|inactive|Steez Ibanez has 120 seconds left.
|
|t:|1637135777
|move|p1a: Volcarona|Fire Blast|p2a: Lady Death|[miss]
|-miss|p1a: Volcarona|p2a: Lady Death
|move|p2a: Lady Death|Psyshock|p1a: Volcarona
|-damage|p1a: Volcarona|17/100
|
|-heal|p2a: Lady Death|44/100|[from] item: Leftovers
|-fieldend|Misty Terrain
|upkeep
|turn|6
|inactive|gaenisalbino has 60 seconds left.
|inactive|gaenisalbino has 30 seconds left.
|
|t:|1637135824
|switch|p2a: Glaedr|Dragonite, M|100/100
|move|p1a: Volcarona|Fire Blast|p2a: Glaedr
|-resisted|p2a: Glaedr
|-damage|p2a: Glaedr|85/100
|-status|p2a: Glaedr|brn
|
|-damage|p2a: Glaedr|79/100 brn|[from] brn
|upkeep
|turn|7
|inactive|gaenisalbino has 30 seconds left.
|inactive|gaenisalbino has 20 seconds left.
|
|t:|1637135843
|switch|p1a: Tapu Fini|Tapu Fini|88/100
|-fieldstart|move: Misty Terrain|[from] ability: Misty Surge|[of] p1a: Tapu Fini
|switch|p2a: Simba|Landorus-Therian, M|100/100
|-ability|p2a: Simba|Intimidate|boost
|-unboost|p1a: Tapu Fini|atk|1
|
|upkeep
|turn|8
|inactive|gaenisalbino has 30 seconds left this turn.
|
|t:|1637135858
|move|p2a: Simba|U-turn|p1a: Tapu Fini
|-resisted|p1a: Tapu Fini
|-crit|p1a: Tapu Fini
|-damage|p1a: Tapu Fini|70/100
|inactive|gaenisalbino has 30 seconds left this turn.
|
|t:|1637135860
|switch|p2a: Glaedr|Dragonite, M|79/100 brn|[from]move: U-turn
|move|p1a: Tapu Fini|Scald|p2a: Glaedr
|-resisted|p2a: Glaedr
|-damage|p2a: Glaedr|64/100 brn
|
|-damage|p2a: Glaedr|58/100 brn|[from] brn
|upkeep
|turn|9
|inactive|gaenisalbino has 30 seconds left.
|inactive|gaenisalbino has 20 seconds left.
|inactive|gaenisalbino has 15 seconds left.
|inactive|gaenisalbino has 10 seconds left.
|j| sakotasjld
|inactive|gaenisalbino has 5 seconds left.
|
|t:|1637135898
|switch|p1a: Volcarona|Volcarona, M|17/100
|move|p2a: Glaedr|Roost|p2a: Glaedr
|-heal|p2a: Glaedr|100/100 brn
|-singleturn|p2a: Glaedr|move: Roost
|
|-damage|p2a: Glaedr|94/100 brn|[from] brn
|upkeep
|turn|10
|inactive|gaenisalbino has 15 seconds left this turn.
|inactive|gaenisalbino has 10 seconds left.
|
|t:|1637135907
|switch|p1a: Tapu Fini|Tapu Fini|70/100
|move|p2a: Glaedr|Dragon Dance|p2a: Glaedr
|-boost|p2a: Glaedr|atk|1
|-boost|p2a: Glaedr|spe|1
|
|-damage|p2a: Glaedr|88/100 brn|[from] brn
|upkeep
|turn|11
|inactive|gaenisalbino has 20 seconds left this turn.
|
|t:|1637135917
|switch|p2a: Swamp Thing|Swampert, M|100/100
|move|p1a: Tapu Fini|Trick|p2a: Swamp Thing
|-activate|p1a: Tapu Fini|move: Trick|[of] p2a: Swamp Thing
|-item|p2a: Swamp Thing|Choice Scarf|[from] move: Trick
|-item|p1a: Tapu Fini|Leftovers|[from] move: Trick
|
|-heal|p1a: Tapu Fini|76/100|[from] item: Leftovers
|-fieldend|Misty Terrain
|upkeep
|turn|12
|inactive|gaenisalbino has 30 seconds left this turn.
|
|t:|1637135923
|move|p1a: Tapu Fini|Moonblast|p2a: Swamp Thing
|-damage|p2a: Swamp Thing|77/100
|move|p2a: Swamp Thing|Toxic|p1a: Tapu Fini
|-status|p1a: Tapu Fini|tox
|
|-heal|p1a: Tapu Fini|82/100 tox|[from] item: Leftovers
|-damage|p1a: Tapu Fini|76/100 tox|[from] psn
|upkeep
|turn|13
|inactive|gaenisalbino has 30 seconds left.
|
|t:|1637135931
|switch|p1a: Volcarona|Volcarona, M|17/100
|switch|p2a: Abomination|Ferrothorn, M|100/100
|
|upkeep
|turn|14
|inactive|gaenisalbino has 30 seconds left.
|
|t:|1637135944
|switch|p2a: Swamp Thing|Swampert, M|77/100
|move|p1a: Volcarona|Fire Blast|p2a: Swamp Thing
|-resisted|p2a: Swamp Thing
|-damage|p2a: Swamp Thing|57/100
|
|upkeep
|turn|15
|
|t:|1637135949
|move|p1a: Volcarona|Giga Drain|p2a: Swamp Thing
|-supereffective|p2a: Swamp Thing
|-damage|p2a: Swamp Thing|0 fnt
|-heal|p1a: Volcarona|54/100|[from] drain|[of] p2a: Swamp Thing
|faint|p2a: Swamp Thing
|
|upkeep
|
|t:|1637135952
|switch|p2a: It|Blacephalon|100/100
|turn|16
|j| thats my mojo
|
|t:|1637135975
|move|p2a: It|Shadow Ball|p1a: Volcarona
|-crit|p1a: Volcarona
|-damage|p1a: Volcarona|0 fnt
|faint|p1a: Volcarona
|-ability|p2a: It|Beast Boost|boost
|-boost|p2a: It|spa|1
|
|upkeep
|
|t:|1637135982
|switch|p1a: Weavile|Weavile, M|100/100
|-ability|p1a: Weavile|Pressure
|turn|17
|
|t:|1637135991
|switch|p2a: Abomination|Ferrothorn, M|100/100
|move|p1a: Weavile|Knock Off|p2a: Abomination
|-damage|p2a: Abomination|64/100
|-damage|p1a: Weavile|88/100|[from] ability: Iron Barbs|[of] p2a: Abomination
|-damage|p1a: Weavile|72/100|[from] item: Rocky Helmet|[of] p2a: Abomination
|-enditem|p2a: Abomination|Rocky Helmet|[from] move: Knock Off|[of] p1a: Weavile
|
|upkeep
|turn|18
|
|t:|1637136000
|switch|p1a: Garchomp|Garchomp, M|88/100
|move|p2a: Abomination|Leech Seed|p1a: Garchomp
|-start|p1a: Garchomp|move: Leech Seed
|
|-damage|p1a: Garchomp|76/100|[from] Leech Seed|[of] p2a: Abomination
|-heal|p2a: Abomination|76/100|[silent]
|upkeep
|turn|19
|
|t:|1637136007
|switch|p2a: Lady Death|Hatterene, F|44/100
|move|p1a: Garchomp|Swords Dance|p1a: Garchomp
|-boost|p1a: Garchomp|atk|2
|
|-heal|p2a: Lady Death|50/100|[from] item: Leftovers
|-damage|p1a: Garchomp|64/100|[from] Leech Seed|[of] p2a: Lady Death
|-heal|p2a: Lady Death|64/100|[silent]
|upkeep
|turn|20
|inactive|gaenisalbino has 60 seconds left.
|
|t:|1637136012
|switch|p2a: Simba|Landorus-Therian, M|100/100
|-ability|p2a: Simba|Intimidate|boost
|-unboost|p1a: Garchomp|atk|1
|move|p1a: Garchomp|Scale Shot|p2a: Simba
|-damage|p2a: Simba|72/100
|-damage|p2a: Simba|44/100
|-crit|p2a: Simba
|-damage|p2a: Simba|0 fnt
|faint|p2a: Simba
|-hitcount|p2: Simba|3
|-unboost|p1a: Garchomp|def|1
|-boost|p1a: Garchomp|spe|1
|-damage|p1a: Garchomp|54/100|[from] item: Life Orb
|
|upkeep
|
|t:|1637136026
|switch|p2a: Glaedr|Dragonite, M|88/100 brn
|turn|21
|
|t:|1637136031
|switch|p2a: Lady Death|Hatterene, F|64/100
|move|p1a: Garchomp|Scale Shot|p2a: Lady Death
|-immune|p2a: Lady Death
|
|-heal|p2a: Lady Death|70/100|[from] item: Leftovers
|-damage|p1a: Garchomp|41/100|[from] Leech Seed|[of] p2a: Lady Death
|-heal|p2a: Lady Death|84/100|[silent]
|upkeep
|turn|22
|
|t:|1637136039
|move|p1a: Garchomp|Earthquake|p2a: Lady Death
|-damage|p2a: Lady Death|0 fnt
|faint|p2a: Lady Death
|-damage|p1a: Garchomp|32/100|[from] item: Life Orb
|
|upkeep
|
|t:|1637136042
|switch|p2a: Glaedr|Dragonite, M|88/100 brn
|turn|23
|
|t:|1637136049
|switch|p2a: Abomination|Ferrothorn, M|76/100
|move|p1a: Garchomp|Scale Shot|p2a: Abomination
|-resisted|p2a: Abomination
|-damage|p2a: Abomination|68/100
|-resisted|p2a: Abomination
|-damage|p2a: Abomination|59/100
|-hitcount|p2a: Abomination|2
|-unboost|p1a: Garchomp|def|1
|-boost|p1a: Garchomp|spe|1
|-damage|p1a: Garchomp|22/100|[from] item: Life Orb
|
|-damage|p1a: Garchomp|9/100|[from] Leech Seed|[of] p2a: Abomination
|-heal|p2a: Abomination|72/100|[silent]
|upkeep
|turn|24
|j| Esteh Ole
|
|t:|1637136063
|move|p1a: Garchomp|Fire Fang|p2a: Abomination
|-supereffective|p2a: Abomination
|-damage|p2a: Abomination|0 fnt
|-damage|p1a: Garchomp|0 fnt|[from] ability: Iron Barbs|[of] p2a: Abomination
|faint|p2a: Abomination
|faint|p1a: Garchomp
|
|upkeep
|-message|Steez Ibanez forfeited.
|
|win|gaenisalbino
|raw|gaenisalbino's rating: 1786 &rarr; <strong>1805</strong><br />(+19 for winning)
|raw|Steez Ibanez's rating: 1776 &rarr; <strong>1757</strong><br />(-19 for losing)
|l|☆Steez Ibanez
|l| sakotasjld
|c|☆gaenisalbino|gg
