|j|☆minimax_ai
|j|☆Alu9204
|t:|1661258644
|gametype|singles
|player|p1|minimax_ai|lusamine-nihilego|1400
|player|p2|Alu9204|burglar|1364
|teamsize|p1|6
|teamsize|p2|6
|gen|8
|tier|[Gen 8] OU
|rated|
|rule|Sleep Clause Mod: Limit one foe put to sleep
|rule|Species Clause: Limit one of each Pokémon
|rule|OHKO Clause: OHKO moves are banned
|rule|Evasion Items Clause: Evasion items are banned
|rule|Evasion Moves Clause: Evasion moves are banned
|rule|Endless Battle Clause: Forcing endless battles is banned
|rule|HP Percentage Mod: HP is shown in percentages
|rule|Dynamax Clause: You cannot dynamax
|clearpoke
|poke|p1|Rotom-Wash|
|poke|p1|Weavile, M|
|poke|p1|Landorus-Therian, M|
|poke|p1|Heatran, M|
|poke|p1|Tangrowth, M|
|poke|p1|Melmetal|
|poke|p2|Kartana|
|poke|p2|Magnezone|
|poke|p2|Landorus-Therian, M|
|poke|p2|Tapu Lele|
|poke|p2|Dragapult, M|
|poke|p2|Weavile, F|
|teampreview
|c|☆minimax_ai|hf
|inactive|Battle timer is ON: inactive players will automatically lose when time's up. (requested by minimax_ai)
|
|t:|1661258663
|start
|switch|p1a: landorustherian|Landorus-Therian, M|100/100
|switch|p2a: Landorus|Landorus-Therian, M|100/100
|-ability|p1a: landorustherian|Intimidate|boost
|-unboost|p2a: Landorus|atk|1
|-ability|p2a: Landorus|Intimidate|boost
|-unboost|p1a: landorustherian|atk|1
|turn|1
|
|t:|1661258668
|move|p1a: landorustherian|Toxic|p2a: Landorus|[miss]
|-miss|p1a: landorustherian|p2a: Landorus
|move|p2a: Landorus|Toxic|p1a: landorustherian
|-status|p1a: landorustherian|tox
|
|-damage|p1a: landorustherian|94/100 tox|[from] psn
|upkeep
|turn|2
|
|t:|1661258673
|switch|p1a: Heatran|Heatran, M|100/100
|-item|p1a: Heatran|Air Balloon
|move|p2a: Landorus|Stealth Rock|p1a: Heatran
|-sidestart|p1: minimax_ai|move: Stealth Rock
|
|upkeep
|turn|3
|
|t:|1661258676
|move|p1a: Heatran|Eruption|p2a: Landorus
|-damage|p2a: Landorus|37/100
|move|p2a: Landorus|U-turn|p1a: Heatran
|-resisted|p1a: Heatran
|-damage|p1a: Heatran|97/100
|-enditem|p1a: Heatran|Air Balloon
|
|t:|1661258693
|switch|p2a: Tapu Lele|Tapu Lele|100/100|[from]move: U-turn
|-fieldstart|move: Psychic Terrain|[from] ability: Psychic Surge|[of] p2a: Tapu Lele
|
|upkeep
|turn|4
|
|t:|1661258699
|switch|p1a: Melmetal|Melmetal|100/100
|-damage|p1a: Melmetal|94/100|[from] Stealth Rock
|move|p2a: Tapu Lele|Focus Blast|p1a: Melmetal
|-supereffective|p1a: Melmetal
|-damage|p1a: Melmetal|49/100
|
|upkeep
|turn|5
|
|t:|1661258711
|switch|p2a: Landorus|Landorus-Therian, M|37/100
|-ability|p2a: Landorus|Intimidate|boost
|-unboost|p1a: Melmetal|atk|1
|move|p1a: Melmetal|Ice Punch|p2a: Landorus
|-supereffective|p2a: Landorus
|-damage|p2a: Landorus|0 fnt
|faint|p2a: Landorus
|
|upkeep
|
|t:|1661258720
|switch|p2a: Dragapult|Dragapult, M|100/100
|turn|6
|
|t:|1661258724
|move|p2a: Dragapult|Fire Blast|p1a: Melmetal
|-supereffective|p1a: Melmetal
|-damage|p1a: Melmetal|0 fnt
|faint|p1a: Melmetal
|
|upkeep
|
|t:|1661258725
|switch|p1a: landorustherian|Landorus-Therian, M|94/100 tox
|-damage|p1a: landorustherian|82/100 tox|[from] Stealth Rock
|-ability|p1a: landorustherian|Intimidate|boost
|-unboost|p2a: Dragapult|atk|1
|turn|7
|
|t:|1661258737
|move|p2a: Dragapult|Fire Blast|p1a: landorustherian
|-damage|p1a: landorustherian|44/100 tox
|move|p1a: landorustherian|Earthquake|p2a: Dragapult
|-damage|p2a: Dragapult|37/100
|
|-heal|p1a: landorustherian|50/100 tox|[from] item: Leftovers
|-damage|p1a: landorustherian|44/100 tox|[from] psn
|-fieldend|move: Psychic Terrain
|upkeep
|turn|8
|
|t:|1661258749
|move|p2a: Dragapult|Fire Blast|p1a: landorustherian
|-damage|p1a: landorustherian|7/100 tox
|move|p1a: landorustherian|Defog|p2a: Dragapult
|-unboost|p2a: Dragapult|evasion|1
|-sideend|p1: minimax_ai|Stealth Rock|[from] move: Defog|[of] p1a: landorustherian
|
|-heal|p1a: landorustherian|13/100 tox|[from] item: Leftovers
|-damage|p1a: landorustherian|1/100 tox|[from] psn
|upkeep
|turn|9
|
|t:|1661258762
|switch|p1a: Heatran|Heatran, M|97/100
|move|p2a: Dragapult|Fire Blast|p1a: Heatran
|-start|p1a: Heatran|ability: Flash Fire
|
|upkeep
|turn|10
|
|t:|1661258773
|switch|p2a: Magnezone|Magnezone|100/100
|move|p1a: Heatran|Magma Storm|p2a: Magnezone|[miss]
|-miss|p1a: Heatran|p2a: Magnezone
|
|upkeep
|turn|11
|
|t:|1661258783
|move|p1a: Heatran|Eruption|p2a: Magnezone
|-supereffective|p2a: Magnezone
|-crit|p2a: Magnezone
|-damage|p2a: Magnezone|0 fnt
|faint|p2a: Magnezone
|
|upkeep
|
|t:|1661258789
|switch|p2a: Tapu Lele|Tapu Lele|100/100
|-fieldstart|move: Psychic Terrain|[from] ability: Psychic Surge|[of] p2a: Tapu Lele
|turn|12
|
|t:|1661258793
|move|p2a: Tapu Lele|Focus Blast|p1a: Heatran
|-supereffective|p1a: Heatran
|-damage|p1a: Heatran|1/100
|move|p1a: Heatran|Magma Storm|p2a: Tapu Lele
|-damage|p2a: Tapu Lele|19/100
|-activate|p2a: Tapu Lele|move: Magma Storm|[of] p1a: Heatran
|-enditem|p2a: Tapu Lele|Eject Button
|
|t:|1661258806
|switch|p2a: Dragapult|Dragapult, M|37/100
|
|upkeep
|turn|13
|
|t:|1661258812
|-end|p1a: Heatran|ability: Flash Fire|[silent]
|switch|p1a: landorustherian|Landorus-Therian, M|1/100 tox
|-ability|p1a: landorustherian|Intimidate|boost
|-unboost|p2a: Dragapult|atk|1
|move|p2a: Dragapult|U-turn|p1a: landorustherian
|-resisted|p1a: landorustherian
|-damage|p1a: landorustherian|0 fnt
|faint|p1a: landorustherian
|
|t:|1661258833
|switch|p2a: Kartana|Kartana|100/100|[from]move: U-turn
|
|upkeep
|
|t:|1661258833
|switch|p1a: Tangrowth|Tangrowth, M|100/100
|turn|14
|
|t:|1661258839
|move|p2a: Kartana|Knock Off|p1a: Tangrowth
|-damage|p1a: Tangrowth|76/100
|-damage|p2a: Kartana|84/100|[from] item: Rocky Helmet|[of] p1a: Tangrowth
|-enditem|p1a: Tangrowth|Rocky Helmet|[from] move: Knock Off|[of] p2a: Kartana
|move|p1a: Tangrowth|Knock Off|p2a: Kartana
|-damage|p2a: Kartana|61/100
|-enditem|p2a: Kartana|Choice Scarf|[from] move: Knock Off|[of] p1a: Tangrowth
|
|upkeep
|turn|15
|
|t:|1661258850
|move|p2a: Kartana|Smart Strike|p1a: Tangrowth
|-damage|p1a: Tangrowth|51/100
|move|p1a: Tangrowth|Knock Off|p2a: Kartana
|-damage|p2a: Kartana|46/100
|
|upkeep
|turn|16
|
|t:|1661258856
|move|p2a: Kartana|Smart Strike|p1a: Tangrowth
|-damage|p1a: Tangrowth|27/100
|move|p1a: Tangrowth|Knock Off|p2a: Kartana
|-damage|p2a: Kartana|31/100
|
|-fieldend|move: Psychic Terrain
|upkeep
|turn|17
|
|t:|1661258869
|move|p2a: Kartana|Sacred Sword|p1a: Tangrowth
|-damage|p1a: Tangrowth|7/100
|move|p1a: Tangrowth|Focus Blast|p2a: Kartana|[miss]
|-miss|p1a: Tangrowth|p2a: Kartana
|
|upkeep
|turn|18
|
|t:|1661258875
|switch|p1a: Heatran|Heatran, M|1/100
|move|p2a: Kartana|Sacred Sword|p1a: Heatran
|-supereffective|p1a: Heatran
|-damage|p1a: Heatran|0 fnt
|faint|p1a: Heatran
|-ability|p2a: Kartana|Beast Boost|boost
|-boost|p2a: Kartana|atk|1
|
|upkeep
|
|t:|1661258875
|switch|p1a: Weavile|Weavile, M|100/100
|-ability|p1a: Weavile|Pressure
|turn|19
|
|t:|1661258880
|move|p1a: Weavile|Knock Off|p2a: Kartana
|-damage|p2a: Kartana|0 fnt
|faint|p2a: Kartana
|
|upkeep
|
|t:|1661258887
|switch|p2a: Weavile|Weavile, F|100/100
|-ability|p2a: Weavile|Pressure
|turn|20
|
|t:|1661258896
|switch|p1a: rotomwash|Rotom-Wash|100/100
|move|p2a: Weavile|Swords Dance|p2a: Weavile
|-boost|p2a: Weavile|atk|2
|
|upkeep
|turn|21
|
|t:|1661258902
|switch|p1a: Tangrowth|Tangrowth, M|41/100
|move|p2a: Weavile|Knock Off|p1a: Tangrowth
|-damage|p1a: Tangrowth|7/100
|
|upkeep
|turn|22
|
|t:|1661258908
|move|p2a: Weavile|Knock Off|p1a: Tangrowth
|-damage|p1a: Tangrowth|0 fnt
|faint|p1a: Tangrowth
|
|upkeep
|
|t:|1661258908
|switch|p1a: Weavile|Weavile, M|100/100
|-ability|p1a: Weavile|Pressure
|turn|23
|
|t:|1661258917
|move|p1a: Weavile|Low Kick|p2a: Weavile
|-supereffective|p2a: Weavile
|-damage|p2a: Weavile|0 fnt
|faint|p2a: Weavile
|
|upkeep
|
|t:|1661258926
|switch|p2a: Dragapult|Dragapult, M|37/100
|turn|24
|
|t:|1661258931
|switch|p1a: rotomwash|Rotom-Wash|100/100
|move|p2a: Dragapult|Shadow Ball|p1a: rotomwash
|-damage|p1a: rotomwash|50/100
|
|-heal|p1a: rotomwash|56/100|[from] item: Leftovers
|upkeep
|turn|25
|
|t:|1661258935
|switch|p1a: Weavile|Weavile, M|100/100
|-ability|p1a: Weavile|Pressure
|move|p2a: Dragapult|Shadow Ball|p1a: Weavile
|-resisted|p1a: Weavile
|-damage|p1a: Weavile|67/100
|-unboost|p1a: Weavile|spd|1
|
|upkeep
|turn|26
|
|t:|1661258942
|move|p2a: Dragapult|Shadow Ball|p1a: Weavile
|-resisted|p1a: Weavile
|-damage|p1a: Weavile|15/100
|move|p1a: Weavile|Triple Axel|p2a: Dragapult
|-supereffective|p2a: Dragapult
|-damage|p2a: Dragapult|0 fnt
|faint|p2a: Dragapult
|-hitcount|p2: Dragapult|1
|
|upkeep
|
|t:|1661258947
|switch|p2a: Tapu Lele|Tapu Lele|19/100
|-fieldstart|move: Psychic Terrain|[from] ability: Psychic Surge|[of] p2a: Tapu Lele
|turn|27
|
|t:|1661258953
|move|p1a: Weavile|Triple Axel|p2a: Tapu Lele
|-damage|p2a: Tapu Lele|0 fnt
|faint|p2a: Tapu Lele
|-hitcount|p2: Tapu Lele|1
|
|win|minimax_ai
|raw|minimax_ai's rating: 1400 &rarr; <strong>1418</strong><br />(+18 for winning)
|raw|Alu9204's rating: 1364 &rarr; <strong>1346</strong><br />(-18 for losing)
|c|☆minimax_ai|gg
