|j|☆Colonel Rivai
|j|☆PB3733732
|t:|1656238977
|gametype|singles
|player|p1|Colonel Rivai|2|1793
|player|p2|PB3733732|scientist|1844
|teamsize|p1|6
|teamsize|p2|6
|gen|8
|tier|[Gen 8] OU
|rated|
|rule|Sleep Clause Mod: Limit one foe put to sleep
|rule|Species Clause: Limit one of each Pokémon
|rule|OHKO Clause: OHKO moves are banned
|rule|Evasion Moves Clause: Evasion moves are banned
|rule|Endless Battle Clause: Forcing endless battles is banned
|rule|HP Percentage Mod: HP is shown in percentages
|rule|Dynamax Clause: You cannot dynamax
|clearpoke
|poke|p1|Hydreigon, F|
|poke|p1|Kartana|
|poke|p1|Blacephalon|
|poke|p1|Landorus-Therian, M|
|poke|p1|Melmetal|
|poke|p1|Toxapex, M|
|poke|p2|Bronzong|
|poke|p2|Marowak-Alola, M|
|poke|p2|Crawdaunt, F|
|poke|p2|Porygon2|
|poke|p2|Cresselia, F|
|poke|p2|Melmetal|
|teampreview
|inactive|Battle timer is ON: inactive players will automatically lose when time's up. (requested by PB3733732)
|
|t:|1656238986
|start
|switch|p1a: Hydreigon|Hydreigon, F|100/100
|switch|p2a: Bronzong|Bronzong|100/100
|turn|1
|
|t:|1656238990
|move|p1a: Hydreigon|Beat Up|p2a: Bronzong
|-supereffective|p2a: Bronzong
|-damage|p2a: Bronzong|82/100
|-supereffective|p2a: Bronzong
|-damage|p2a: Bronzong|54/100
|-supereffective|p2a: Bronzong
|-damage|p2a: Bronzong|32/100
|-supereffective|p2a: Bronzong
|-damage|p2a: Bronzong|5/100
|-supereffective|p2a: Bronzong
|-damage|p2a: Bronzong|0 fnt
|faint|p2a: Bronzong
|-hitcount|p2: Bronzong|5
|
|upkeep
|
|t:|1656238994
|switch|p2a: Melmetal|Melmetal|100/100
|turn|2
|j| stall king 777
|
|t:|1656238999
|switch|p1a: Toxapex|Toxapex, M|100/100
|move|p2a: Melmetal|Double Iron Bash|p1a: Toxapex
|-resisted|p1a: Toxapex
|-damage|p1a: Toxapex|82/100
|-damage|p2a: Melmetal|84/100|[from] item: Rocky Helmet|[of] p1a: Toxapex
|-resisted|p1a: Toxapex
|-damage|p1a: Toxapex|64/100
|-damage|p2a: Melmetal|67/100|[from] item: Rocky Helmet|[of] p1a: Toxapex
|-hitcount|p1a: Toxapex|2
|-damage|p2a: Melmetal|57/100|[from] item: Life Orb
|
|upkeep
|turn|3
|
|t:|1656239003
|switch|p1a: Landorus|Landorus-Therian, M|100/100
|-ability|p1a: Landorus|Intimidate|boost
|-unboost|p2a: Melmetal|atk|1
|move|p2a: Melmetal|Earthquake|p1a: Landorus
|-immune|p1a: Landorus
|
|upkeep
|turn|4
|
|t:|1656239011
|switch|p2a: Porygon2|Porygon2|100/100
|-ability|p2a: Porygon2|Download|boost
|-boost|p2a: Porygon2|atk|1
|move|p1a: Landorus|U-turn|p2a: Porygon2
|-damage|p2a: Porygon2|89/100
|
|t:|1656239017
|switch|p1a: Toxapex|Toxapex, M|98/100|[from]move: U-turn
|
|upkeep
|turn|5
|
|t:|1656239021
|move|p2a: Porygon2|Tri Attack|p1a: Toxapex
|-damage|p1a: Toxapex|74/100
|move|p1a: Toxapex|Knock Off|p2a: Porygon2
|-damage|p2a: Porygon2|82/100
|-enditem|p2a: Porygon2|Eviolite|[from] move: Knock Off|[of] p1a: Toxapex
|
|upkeep
|turn|6
|j| An¤nym¤u5
|
|t:|1656239026
|move|p2a: Porygon2|Tri Attack|p1a: Toxapex
|-damage|p1a: Toxapex|51/100
|move|p1a: Toxapex|Toxic|p2a: Porygon2
|-status|p2a: Porygon2|tox
|
|-damage|p2a: Porygon2|76/100 tox|[from] psn
|upkeep
|turn|7
|
|t:|1656239030
|switch|p1a: Blacephalon|Blacephalon|100/100
|move|p2a: Porygon2|Trick Room|p2a: Porygon2
|-fieldstart|move: Trick Room|[of] p2a: Porygon2
|
|-damage|p2a: Porygon2|63/100 tox|[from] psn
|upkeep
|turn|8
|
|t:|1656239034
|switch|p1a: Toxapex|Toxapex, M|85/100
|move|p2a: Porygon2|Teleport|p2a: Porygon2
|
|t:|1656239038
|switch|p2a: Crawdaunt|Crawdaunt, F|100/100|[from]move: Teleport
|
|upkeep
|turn|9
|
|t:|1656239043
|move|p2a: Crawdaunt|Swords Dance|p2a: Crawdaunt
|-boost|p2a: Crawdaunt|atk|2
|move|p1a: Toxapex|Toxic|p2a: Crawdaunt
|-status|p2a: Crawdaunt|tox
|
|-damage|p2a: Crawdaunt|94/100 tox|[from] psn
|upkeep
|turn|10
|
|t:|1656239052
|switch|p1a: Landorus|Landorus-Therian, M|100/100
|-ability|p1a: Landorus|Intimidate|boost
|-unboost|p2a: Crawdaunt|atk|1
|move|p2a: Crawdaunt|Knock Off|p1a: Landorus
|-damage|p1a: Landorus|0 fnt
|-enditem|p1a: Landorus|Leftovers|[from] move: Knock Off|[of] p2a: Crawdaunt
|faint|p1a: Landorus
|-damage|p2a: Crawdaunt|84/100 tox|[from] item: Life Orb
|
|-damage|p2a: Crawdaunt|72/100 tox|[from] psn
|upkeep
|
|t:|1656239054
|switch|p1a: Toxapex|Toxapex, M|100/100
|turn|11
|
|t:|1656239057
|move|p2a: Crawdaunt|Knock Off|p1a: Toxapex
|-damage|p1a: Toxapex|22/100
|-damage|p2a: Crawdaunt|56/100 tox|[from] item: Rocky Helmet|[of] p1a: Toxapex
|-enditem|p1a: Toxapex|Rocky Helmet|[from] move: Knock Off|[of] p2a: Crawdaunt
|-damage|p2a: Crawdaunt|46/100 tox|[from] item: Life Orb
|move|p1a: Toxapex|Haze|p1a: Toxapex
|-clearallboost
|
|-damage|p2a: Crawdaunt|27/100 tox|[from] psn
|-fieldend|move: Trick Room
|upkeep
|turn|12
|
|t:|1656239087
|switch|p2a: Melmetal|Melmetal|57/100
|move|p1a: Toxapex|Recover|p1a: Toxapex
|-heal|p1a: Toxapex|72/100
|
|upkeep
|turn|13
|
|t:|1656239095
|switch|p1a: Kartana|Kartana|100/100
|move|p2a: Melmetal|Thunder Punch|p1a: Kartana
|-resisted|p1a: Kartana
|-damage|p1a: Kartana|76/100
|-damage|p2a: Melmetal|47/100|[from] item: Life Orb
|
|upkeep
|turn|14
|
|t:|1656239103
|move|p1a: Kartana|Knock Off|p2a: Melmetal
|-damage|p2a: Melmetal|12/100
|-enditem|p2a: Melmetal|Life Orb|[from] move: Knock Off|[of] p1a: Kartana
|move|p2a: Melmetal|Superpower|p1a: Kartana
|-supereffective|p1a: Kartana
|-damage|p1a: Kartana|0 fnt
|-unboost|p2a: Melmetal|atk|1
|-unboost|p2a: Melmetal|def|1
|faint|p1a: Kartana
|
|upkeep
|
|t:|1656239111
|switch|p1a: Blacephalon|Blacephalon|100/100
|turn|15
|
|t:|1656239120
|move|p1a: Blacephalon|Flamethrower|p2a: Melmetal
|-supereffective|p2a: Melmetal
|-damage|p2a: Melmetal|0 fnt
|faint|p2a: Melmetal
|-ability|p1a: Blacephalon|Beast Boost|boost
|-boost|p1a: Blacephalon|spa|1
|
|upkeep
|
|t:|1656239122
|switch|p2a: Crawdaunt|Crawdaunt, F|27/100 tox
|turn|16
|
|t:|1656239131
|switch|p1a: Toxapex|Toxapex, M|100/100
|switch|p2a: Porygon2|Porygon2|63/100 tox
|-ability|p2a: Porygon2|Download|boost
|-boost|p2a: Porygon2|spa|1
|
|-damage|p2a: Porygon2|57/100 tox|[from] psn
|upkeep
|turn|17
|
|t:|1656239139
|move|p1a: Toxapex|Knock Off|p2a: Porygon2
|-damage|p2a: Porygon2|50/100 tox
|move|p2a: Porygon2|Trick Room|p2a: Porygon2
|-fieldstart|move: Trick Room|[of] p2a: Porygon2
|
|-damage|p2a: Porygon2|37/100 tox|[from] psn
|upkeep
|turn|18
|
|t:|1656239142
|move|p1a: Toxapex|Knock Off|p2a: Porygon2
|-damage|p2a: Porygon2|30/100 tox
|move|p2a: Porygon2|Tri Attack|p1a: Toxapex
|-damage|p1a: Toxapex|66/100
|
|-damage|p2a: Porygon2|12/100 tox|[from] psn
|upkeep
|turn|19
|
|t:|1656239148
|move|p1a: Toxapex|Recover|p1a: Toxapex
|-heal|p1a: Toxapex|100/100
|move|p2a: Porygon2|Tri Attack|p1a: Toxapex
|-damage|p1a: Toxapex|62/100
|
|-damage|p2a: Porygon2|0 fnt|[from] psn
|faint|p2a: Porygon2
|upkeep
|
|t:|1656239158
|switch|p2a: Marowak|Marowak-Alola, M|100/100
|turn|20
|
|t:|1656239162
|move|p2a: Marowak|Bonemerang|p1a: Toxapex
|-supereffective|p1a: Toxapex
|-damage|p1a: Toxapex|27/100
|-supereffective|p1a: Toxapex
|-damage|p1a: Toxapex|0 fnt
|faint|p1a: Toxapex
|-hitcount|p1: Toxapex|2
|
|upkeep
|
|t:|1656239168
|switch|p1a: Hydreigon|Hydreigon, F|100/100
|turn|21
|
|t:|1656239190
|switch|p2a: Crawdaunt|Crawdaunt, F|27/100 tox
|move|p1a: Hydreigon|U-turn|p2a: Crawdaunt
|-supereffective|p2a: Crawdaunt
|-damage|p2a: Crawdaunt|0 fnt
|faint|p2a: Crawdaunt
|
|t:|1656239194
|switch|p1a: Blacephalon|Blacephalon|100/100|[from]move: U-turn
|
|-fieldend|move: Trick Room
|upkeep
|
|t:|1656239198
|switch|p2a: Cresselia|Cresselia, F|100/100
|turn|22
|
|t:|1656239201
|move|p1a: Blacephalon|Trick|p2a: Cresselia
|-activate|p1a: Blacephalon|move: Trick|[of] p2a: Cresselia
|-item|p2a: Cresselia|Choice Scarf|[from] move: Trick
|-item|p1a: Blacephalon|Mental Herb|[from] move: Trick
|move|p2a: Cresselia|Trick Room|p2a: Cresselia
|-fieldstart|move: Trick Room|[of] p2a: Cresselia
|
|upkeep
|turn|23
|
|t:|1656239211
|switch|p2a: Marowak|Marowak-Alola, M|100/100
|move|p1a: Blacephalon|Shadow Ball|p2a: Marowak
|-supereffective|p2a: Marowak
|-damage|p2a: Marowak|0 fnt
|faint|p2a: Marowak
|-ability|p1a: Blacephalon|Beast Boost|boost
|-boost|p1a: Blacephalon|spa|1
|
|upkeep
|-message|PB3733732 forfeited.
|
|win|Colonel Rivai
|raw|Colonel Rivai's rating: 1793 &rarr; <strong>1816</strong><br />(+23 for winning)
|raw|PB3733732's rating: 1844 &rarr; <strong>1821</strong><br />(-23 for losing)
|l|☆PB3733732
|l| An¤nym¤u5
