|j|☆Sww-Suwa
|j|☆01regal
|inactive|Battle timer is ON: inactive players will automatically lose when time's up.
|t:|1657854665
|gametype|singles
|player|p1|Sww-Suwa|lisia|
|player|p2|01regal|wallace|
|teamsize|p1|6
|teamsize|p2|6
|gen|8
|tier|[Gen 8] OU
|rated|Tournament battle
|rule|Sleep Clause Mod: Limit one foe put to sleep
|rule|OHKO Clause: OHKO moves are banned
|rule|Evasion Moves Clause: Evasion moves are banned
|rule|Endless Battle Clause: Forcing endless battles is banned
|rule|HP Percentage Mod: HP is shown in percentages
|rule|Dynamax Clause: You cannot dynamax
|clearpoke
|poke|p1|Garchomp, F|
|poke|p1|Dragonite, M|
|poke|p1|Latios, M|
|poke|p1|Latias, F|
|poke|p1|Dragapult, F|
|poke|p1|Druddigon, F|
|poke|p2|Regidrago|
|poke|p2|Exeggutor-Alola, F|
|poke|p2|Dragapult, F|
|poke|p2|Dragapult, F|
|poke|p2|Dragapult, M|
|poke|p2|Dragapult, M|
|teampreview
|inactive|01regal also wants the timer to be on.
|c|☆Sww-Suwa|hf
|c|☆01regal|nice to meet u
|c|☆01regal|u2
|j| Rosaism
|j| lou dort
|
|t:|1657854685
|start
|switch|p1a: Druddigon|Druddigon, F|100/100
|switch|p2a: Dragapult|Dragapult, F|100/100
|turn|1
|
|t:|1657854690
|move|p2a: Dragapult|Dragon Darts|p1a: Druddigon
|-supereffective|p1a: Druddigon
|-enditem|p1a: Druddigon|Haban Berry|[eat]
|-enditem|p1a: Druddigon|Haban Berry|[weaken]
|-damage|p1a: Druddigon|74/100
|-anim|p2a: Dragapult|Dragon Darts|p1a: Druddigon
|-supereffective|p1a: Druddigon
|-damage|p1a: Druddigon|18/100
|move|p1a: Druddigon|Glare|p2a: Dragapult
|-status|p2a: Dragapult|par
|
|upkeep
|turn|2
|
|t:|1657854698
|move|p2a: Dragapult|Dragon Darts|p1a: Druddigon
|-supereffective|p1a: Druddigon
|-damage|p1a: Druddigon|0 fnt
|faint|p1a: Druddigon
|
|upkeep
|l| Rosaism
|
|t:|1657854701
|switch|p1a: Garchomp|Garchomp, F|100/100
|turn|3
|
|t:|1657854705
|move|p1a: Garchomp|Stealth Rock|p2a: Dragapult
|-sidestart|p2: 01regal|move: Stealth Rock
|cant|p2a: Dragapult|par
|
|upkeep
|turn|4
|
|t:|1657854709
|move|p1a: Garchomp|Scale Shot|p2a: Dragapult
|-supereffective|p2a: Dragapult
|-damage|p2a: Dragapult|66/100 par
|-supereffective|p2a: Dragapult
|-damage|p2a: Dragapult|32/100 par
|-hitcount|p2a: Dragapult|2
|-unboost|p1a: Garchomp|def|1
|-boost|p1a: Garchomp|spe|1
|move|p2a: Dragapult|Dragon Darts|p1a: Garchomp
|-supereffective|p1a: Garchomp
|-damage|p1a: Garchomp|25/100
|-anim|p2a: Dragapult|Dragon Darts|p1a: Garchomp
|-supereffective|p1a: Garchomp
|-damage|p1a: Garchomp|0 fnt
|faint|p1a: Garchomp
|
|upkeep
|
|t:|1657854715
|switch|p1a: Latios|Latios, M|100/100
|turn|5
|c|☆01regal|unluck
|
|t:|1657854724
|move|p1a: Latios|Reflect|p1a: Latios
|-sidestart|p1: Sww-Suwa|Reflect
|move|p2a: Dragapult|Dragon Darts|p1a: Latios
|-supereffective|p1a: Latios
|-damage|p1a: Latios|71/100
|-anim|p2a: Dragapult|Dragon Darts|p1a: Latios
|-supereffective|p1a: Latios
|-damage|p1a: Latios|41/100
|
|upkeep
|turn|6
|
|t:|1657854729
|move|p1a: Latios|Memento|p2a: Dragapult
|-fail|p2a: Dragapult|unboost|[from] ability: Clear Body|[of] p2a: Dragapult
|faint|p1a: Latios
|move|p2a: Dragapult|Dragon Darts|p1: Latios|[notarget]
|-fail|p2a: Dragapult
|
|upkeep
|
|t:|1657854731
|switch|p1a: Latias|Latias, F, shiny|100/100
|turn|7
|
|t:|1657854735
|move|p1a: Latias|Agility|p1a: Latias
|-boost|p1a: Latias|spe|2
|cant|p2a: Dragapult|par
|
|upkeep
|turn|8
|
|t:|1657854740
|move|p1a: Latias|Calm Mind|p1a: Latias
|-boost|p1a: Latias|spa|1
|-boost|p1a: Latias|spd|1
|move|p2a: Dragapult|Dragon Darts|p1a: Latias
|-supereffective|p1a: Latias
|-damage|p1a: Latias|73/100
|-enditem|p1a: Latias|Weakness Policy
|-boost|p1a: Latias|atk|2|[from] item: Weakness Policy
|-boost|p1a: Latias|spa|2|[from] item: Weakness Policy
|-anim|p2a: Dragapult|Dragon Darts|p1a: Latias
|-supereffective|p1a: Latias
|-damage|p1a: Latias|49/100
|
|upkeep
|turn|9
|
|t:|1657854743
|move|p1a: Latias|Stored Power|p2a: Dragapult
|-damage|p2a: Dragapult|0 fnt
|faint|p2a: Dragapult
|
|upkeep
|
|t:|1657854747
|switch|p2a: Dragapult|Dragapult, F|100/100
|-damage|p2a: Dragapult|88/100|[from] Stealth Rock
|turn|10
|
|t:|1657854749
|move|p2a: Dragapult|Sucker Punch|p1a: Latias
|-supereffective|p1a: Latias
|-damage|p1a: Latias|11/100
|move|p1a: Latias|Stored Power|p2a: Dragapult
|-damage|p2a: Dragapult|0 fnt
|faint|p2a: Dragapult
|
|upkeep
|
|t:|1657854769
|switch|p2a: Dragapult|Dragapult, M|100/100
|-damage|p2a: Dragapult|88/100|[from] Stealth Rock
|turn|11
|
|t:|1657854771
|move|p2a: Dragapult|Sucker Punch|p1a: Latias
|-supereffective|p1a: Latias
|-damage|p1a: Latias|0 fnt
|faint|p1a: Latias
|
|upkeep
|
|t:|1657854775
|switch|p1a: Dragonite|Dragonite, M|100/100
|turn|12
|
|t:|1657854779
|switch|p2a: Exeggutor|Exeggutor-Alola, F|100/100
|-damage|p2a: Exeggutor|88/100|[from] Stealth Rock
|move|p1a: Dragonite|Dragon Claw|p2a: Exeggutor
|-supereffective|p2a: Exeggutor
|-enditem|p2a: Exeggutor|Haban Berry|[eat]
|-enditem|p2a: Exeggutor|Haban Berry|[weaken]
|-damage|p2a: Exeggutor|44/100
|
|-sideend|p1: Sww-Suwa|Reflect
|-item|p2a: Exeggutor|Haban Berry|[from] ability: Harvest
|upkeep
|turn|13
|
|t:|1657854783
|move|p1a: Dragonite|Dragon Claw|p2a: Exeggutor
|-supereffective|p2a: Exeggutor
|-enditem|p2a: Exeggutor|Haban Berry|[eat]
|-enditem|p2a: Exeggutor|Haban Berry|[weaken]
|-damage|p2a: Exeggutor|2/100
|move|p2a: Exeggutor|Trick Room|p2a: Exeggutor
|-fieldstart|move: Trick Room|[of] p2a: Exeggutor
|
|-item|p2a: Exeggutor|Haban Berry|[from] ability: Harvest
|upkeep
|turn|14
|
|t:|1657854787
|move|p1a: Dragonite|Extreme Speed|p2a: Exeggutor
|-damage|p2a: Exeggutor|0 fnt
|faint|p2a: Exeggutor
|
|upkeep
|
|t:|1657854790
|switch|p2a: Regidrago|Regidrago|100/100
|-damage|p2a: Regidrago|88/100|[from] Stealth Rock
|turn|15
|
|t:|1657854794
|move|p2a: Regidrago|Dragon Energy|p1a: Dragonite
|-supereffective|p1a: Dragonite
|-damage|p1a: Dragonite|0 fnt
|faint|p1a: Dragonite
|
|upkeep
|c|☆Sww-Suwa|wtf
|
|t:|1657854799
|switch|p1a: Dragapult|Dragapult, F|100/100
|turn|16
|
|t:|1657854802
|move|p2a: Regidrago|Dragon Energy|p1a: Dragapult
|-supereffective|p1a: Dragapult
|-damage|p1a: Dragapult|0 fnt
|faint|p1a: Dragapult
|
|win|01regal
|n|☆Sww-Suwa|swwsuwa
|n|☆01regal|01regal
|n| lou dort|loudort
|c|☆01regal|ggs
|c|☆Sww-Suwa|gg
|c|☆01regal|lmaoo
|l|☆Sww-Suwa
|l| lou dort
