|j|☆TheonReekGreyjoy
|j|☆Chokst du
|t:|1653738932
|gametype|singles
|player|p1|TheonReekGreyjoy|170|1986
|player|p2|Chokst du|265|1863
|teamsize|p1|6
|teamsize|p2|6
|gen|8
|tier|[Gen 8] OU
|rated|
|rule|Sleep Clause Mod: Limit one foe put to sleep
|rule|Species Clause: Limit one of each Pokémon
|rule|OHKO Clause: OHKO moves are banned
|rule|Evasion Moves Clause: Evasion moves are banned
|rule|Endless Battle Clause: Forcing endless battles is banned
|rule|HP Percentage Mod: HP is shown in percentages
|rule|Dynamax Clause: You cannot dynamax
|clearpoke
|poke|p1|Arctozolt|
|poke|p1|Tornadus-Therian, M|
|poke|p1|Heatran, F|
|poke|p1|Landorus-Therian, M|
|poke|p1|Hatterene, F|
|poke|p1|Vanilluxe, M|
|poke|p2|Rillaboom, M|
|poke|p2|Kartana|
|poke|p2|Weavile, M|
|poke|p2|Garchomp, M|
|poke|p2|Corviknight, F|
|poke|p2|Slowking-Galar, M|
|teampreview
|j| Lithetunix
|l| Lithetunix
|
|t:|1653738961
|start
|switch|p1a: Heatran|Heatran, F|100/100
|switch|p2a: Weavile|Weavile, M|100/100
|-ability|p2a: Weavile|Pressure
|turn|1
|
|t:|1653738964
|switch|p2a: Garchomp|Garchomp, M|100/100
|move|p1a: Heatran|Stealth Rock|p2a: Garchomp
|-sidestart|p2: Chokst du|move: Stealth Rock
|
|upkeep
|turn|2
|
|t:|1653738970
|switch|p2a: Corviknight|Corviknight, F|100/100
|-damage|p2a: Corviknight|88/100|[from] Stealth Rock
|-ability|p2a: Corviknight|Pressure
|switch|p1a: Landorus|Landorus-Therian, M|100/100
|-ability|p1a: Landorus|Intimidate|boost
|-unboost|p2a: Corviknight|atk|1
|
|upkeep
|turn|3
|
|t:|1653738975
|switch|p1a: Heatran|Heatran, F|100/100
|move|p2a: Corviknight|Defog|p1a: Heatran
|-unboost|p1a: Heatran|evasion|1
|-sideend|p2: Chokst du|Stealth Rock|[from] move: Defog|[of] p2a: Corviknight
|
|upkeep
|turn|4
|
|t:|1653738981
|move|p1a: Heatran|Stealth Rock|p2a: Corviknight
|-sidestart|p2: Chokst du|move: Stealth Rock
|move|p2a: Corviknight|Body Press|p1a: Heatran
|-supereffective|p1a: Heatran
|-damage|p1a: Heatran|62/100
|-status|p2a: Corviknight|brn|[from] ability: Flame Body|[of] p1a: Heatran
|
|-heal|p1a: Heatran|68/100|[from] item: Leftovers
|-damage|p2a: Corviknight|82/100 brn|[from] brn
|upkeep
|turn|5
|
|t:|1653738986
|switch|p2a: Garchomp|Garchomp, M|100/100
|-damage|p2a: Garchomp|94/100|[from] Stealth Rock
|move|p1a: Heatran|Lava Plume|p2a: Garchomp
|-resisted|p2a: Garchomp
|-damage|p2a: Garchomp|77/100
|-status|p2a: Garchomp|brn
|
|-heal|p2a: Garchomp|83/100 brn|[from] item: Leftovers
|-heal|p1a: Heatran|75/100|[from] item: Leftovers
|-damage|p2a: Garchomp|77/100 brn|[from] brn
|upkeep
|turn|6
|
|t:|1653738994
|switch|p2a: Corviknight|Corviknight, F|82/100 brn
|-damage|p2a: Corviknight|69/100 brn|[from] Stealth Rock
|-ability|p2a: Corviknight|Pressure
|switch|p1a: Hatterene|Hatterene, F|100/100
|
|-damage|p2a: Corviknight|63/100 brn|[from] brn
|upkeep
|turn|7
|
|t:|1653738996
|move|p2a: Corviknight|Defog|p1a: Hatterene
|move|p1a: Hatterene|Defog|p2a: Corviknight|[from]ability: Magic Bounce
|-unboost|p2a: Corviknight|evasion|1
|-sideend|p2: Chokst du|Stealth Rock|[from] move: Defog|[of] p1a: Hatterene
|move|p1a: Hatterene|Calm Mind|p1a: Hatterene
|-boost|p1a: Hatterene|spa|1
|-boost|p1a: Hatterene|spd|1
|
|-damage|p2a: Corviknight|57/100 brn|[from] brn
|upkeep
|turn|8
|
|t:|1653739000
|move|p2a: Corviknight|U-turn|p1a: Hatterene
|-damage|p1a: Hatterene|95/100
|
|t:|1653739002
|switch|p2a: Slowking|Slowking-Galar, M|100/100|[from]move: U-turn
|move|p1a: Hatterene|Future Sight|p2a: Slowking
|-start|p1a: Hatterene|move: Future Sight
|
|-heal|p1a: Hatterene|100/100|[from] item: Leftovers
|upkeep
|turn|9
|
|t:|1653739008
|switch|p1a: Heatran|Heatran, F|75/100
|move|p2a: Slowking|Future Sight|p1a: Heatran
|-start|p2a: Slowking|move: Future Sight
|
|-heal|p1a: Heatran|81/100|[from] item: Leftovers
|upkeep
|turn|10
|
|t:|1653739014
|move|p1a: Heatran|Stealth Rock|p2a: Slowking
|-sidestart|p2: Chokst du|move: Stealth Rock
|move|p2a: Slowking|Scald|p1a: Heatran
|-supereffective|p1a: Heatran
|-damage|p1a: Heatran|46/100
|
|-end|p2a: Slowking|move: Future Sight
|-damage|p2a: Slowking|76/100
|-heal|p1a: Heatran|53/100|[from] item: Leftovers
|upkeep
|turn|11
|
|t:|1653739026
|switch|p1a: Tornadus|Tornadus-Therian, M|100/100
|move|p2a: Slowking|Scald|p1a: Tornadus
|-damage|p1a: Tornadus|84/100
|
|-end|p1a: Tornadus|move: Future Sight
|-damage|p1a: Tornadus|47/100
|upkeep
|turn|12
|
|t:|1653739031
|move|p1a: Tornadus|Knock Off|p2a: Slowking
|-supereffective|p2a: Slowking
|-damage|p2a: Slowking|33/100
|-enditem|p2a: Slowking|Assault Vest|[from] move: Knock Off|[of] p1a: Tornadus
|move|p2a: Slowking|Sludge Bomb|p1a: Tornadus
|-damage|p1a: Tornadus|19/100
|-status|p1a: Tornadus|psn
|
|-damage|p1a: Tornadus|6/100 psn|[from] psn
|upkeep
|turn|13
|
|t:|1653739043
|switch|p1a: Landorus|Landorus-Therian, M|100/100
|-ability|p1a: Landorus|Intimidate|boost
|-unboost|p2a: Slowking|atk|1
|switch|p2a: Corviknight|Corviknight, F|57/100 brn
|-damage|p2a: Corviknight|44/100 brn|[from] Stealth Rock
|-ability|p2a: Corviknight|Pressure
|
|-damage|p2a: Corviknight|38/100 brn|[from] brn
|upkeep
|turn|14
|
|t:|1653739048
|switch|p1a: Heatran|Heatran, F|53/100
|move|p2a: Corviknight|Defog|p1a: Heatran
|-unboost|p1a: Heatran|evasion|1
|-sideend|p2: Chokst du|Stealth Rock|[from] move: Defog|[of] p2a: Corviknight
|
|-heal|p1a: Heatran|59/100|[from] item: Leftovers
|-damage|p2a: Corviknight|32/100 brn|[from] brn
|upkeep
|turn|15
|inactive|Battle timer is ON: inactive players will automatically lose when time's up. (requested by TheonReekGreyjoy)
|
|t:|1653739068
|move|p1a: Heatran|Stealth Rock|p2a: Corviknight
|-sidestart|p2: Chokst du|move: Stealth Rock
|move|p2a: Corviknight|Roost|p2a: Corviknight
|-heal|p2a: Corviknight|82/100 brn
|-singleturn|p2a: Corviknight|move: Roost
|
|-heal|p1a: Heatran|65/100|[from] item: Leftovers
|-damage|p2a: Corviknight|75/100 brn|[from] brn
|upkeep
|turn|16
|
|t:|1653739072
|switch|p2a: Garchomp|Garchomp, M|77/100 brn
|-damage|p2a: Garchomp|71/100 brn|[from] Stealth Rock
|move|p1a: Heatran|Lava Plume|p2a: Garchomp
|-resisted|p2a: Garchomp
|-damage|p2a: Garchomp|54/100 brn
|
|-heal|p2a: Garchomp|60/100 brn|[from] item: Leftovers
|-heal|p1a: Heatran|71/100|[from] item: Leftovers
|-damage|p2a: Garchomp|54/100 brn|[from] brn
|upkeep
|turn|17
|
|t:|1653739086
|switch|p1a: Hatterene|Hatterene, F|100/100
|move|p2a: Garchomp|Stealth Rock|p1a: Hatterene
|move|p1a: Hatterene|Stealth Rock||[from]ability: Magic Bounce|[still]
|-fail|p1a: Hatterene
|
|-heal|p2a: Garchomp|60/100 brn|[from] item: Leftovers
|-damage|p2a: Garchomp|54/100 brn|[from] brn
|upkeep
|turn|18
|
|t:|1653739094
|switch|p2a: Corviknight|Corviknight, F|75/100 brn
|-damage|p2a: Corviknight|63/100 brn|[from] Stealth Rock
|-ability|p2a: Corviknight|Pressure
|move|p1a: Hatterene|Future Sight|p2a: Corviknight
|-start|p1a: Hatterene|move: Future Sight
|
|-damage|p2a: Corviknight|57/100 brn|[from] brn
|upkeep
|turn|19
|
|t:|1653739097
|move|p2a: Corviknight|Defog|p1a: Hatterene
|move|p1a: Hatterene|Defog|p2a: Corviknight|[from]ability: Magic Bounce
|-unboost|p2a: Corviknight|evasion|1
|-sideend|p2: Chokst du|Stealth Rock|[from] move: Defog|[of] p1a: Hatterene
|move|p1a: Hatterene|Calm Mind|p1a: Hatterene
|-boost|p1a: Hatterene|spa|1
|-boost|p1a: Hatterene|spd|1
|
|-damage|p2a: Corviknight|50/100 brn|[from] brn
|upkeep
|turn|20
|
|t:|1653739099
|move|p2a: Corviknight|U-turn|p1a: Hatterene
|-damage|p1a: Hatterene|95/100
|
|t:|1653739101
|switch|p2a: Slowking|Slowking-Galar, M|66/100|[from]move: U-turn
|move|p1a: Hatterene|Calm Mind|p1a: Hatterene
|-boost|p1a: Hatterene|spa|1
|-boost|p1a: Hatterene|spd|1
|
|-end|p2a: Slowking|move: Future Sight
|-crit|p2a: Slowking
|-damage|p2a: Slowking|0 fnt
|faint|p2a: Slowking
|-heal|p1a: Hatterene|100/100|[from] item: Leftovers
|upkeep
|
|t:|1653739105
|switch|p2a: Kartana|Kartana|100/100
|turn|21
|j| hdhzz
|
|t:|1653739117
|switch|p1a: Heatran|Heatran, F|71/100
|move|p2a: Kartana|Leaf Blade|p1a: Heatran
|-resisted|p1a: Heatran
|-damage|p1a: Heatran|56/100
|-damage|p2a: Kartana|91/100|[from] item: Life Orb
|
|-heal|p1a: Heatran|62/100|[from] item: Leftovers
|upkeep
|turn|22
|
|t:|1653739135
|move|p1a: Heatran|Protect|p1a: Heatran
|-singleturn|p1a: Heatran|Protect
|move|p2a: Kartana|Knock Off|p1a: Heatran
|-activate|p1a: Heatran|move: Protect
|
|-heal|p1a: Heatran|68/100|[from] item: Leftovers
|upkeep
|turn|23
|
|t:|1653739150
|switch|p1a: Landorus|Landorus-Therian, M|100/100
|-ability|p1a: Landorus|Intimidate|boost
|-unboost|p2a: Kartana|atk|1
|move|p2a: Kartana|Sacred Sword|p1a: Landorus
|-resisted|p1a: Landorus
|-damage|p1a: Landorus|83/100
|-damage|p2a: Kartana|81/100|[from] item: Life Orb
|
|-heal|p1a: Landorus|89/100|[from] item: Leftovers
|upkeep
|turn|24
|
|t:|1653739159
|move|p2a: Kartana|Knock Off|p1a: Landorus
|-damage|p1a: Landorus|55/100
|-enditem|p1a: Landorus|Leftovers|[from] move: Knock Off|[of] p2a: Kartana
|-damage|p2a: Kartana|72/100|[from] item: Life Orb
|move|p1a: Landorus|U-turn|p2a: Kartana
|-damage|p2a: Kartana|47/100
|
|t:|1653739167
|switch|p1a: Tornadus|Tornadus-Therian, M|39/100 psn|[from]move: U-turn
|
|-damage|p1a: Tornadus|27/100 psn|[from] psn
|upkeep
|turn|25
|
|t:|1653739176
|switch|p2a: Garchomp|Garchomp, M|54/100 brn
|move|p1a: Tornadus|U-turn|p2a: Garchomp
|-damage|p2a: Garchomp|42/100 brn
|-damage|p1a: Tornadus|14/100 psn|[from] ability: Rough Skin|[of] p2a: Garchomp
|
|t:|1653739184
|switch|p1a: Landorus|Landorus-Therian, M|55/100|[from]move: U-turn
|-ability|p1a: Landorus|Intimidate|boost
|-unboost|p2a: Garchomp|atk|1
|
|-heal|p2a: Garchomp|48/100 brn|[from] item: Leftovers
|-damage|p2a: Garchomp|42/100 brn|[from] brn
|upkeep
|turn|26
|
|t:|1653739193
|switch|p2a: Rillaboom|Rillaboom, M|100/100
|-fieldstart|move: Grassy Terrain|[from] ability: Grassy Surge|[of] p2a: Rillaboom
|switch|p1a: Hatterene|Hatterene, F|100/100
|
|upkeep
|turn|27
|
|t:|1653739198
|switch|p1a: Heatran|Heatran, F|68/100
|move|p2a: Rillaboom|Grassy Glide|p1a: Heatran
|-resisted|p1a: Heatran
|-damage|p1a: Heatran|59/100
|-status|p2a: Rillaboom|brn|[from] ability: Flame Body|[of] p1a: Heatran
|
|-heal|p1a: Heatran|66/100|[from] Grassy Terrain
|-heal|p1a: Heatran|72/100|[from] item: Leftovers
|-damage|p2a: Rillaboom|94/100 brn|[from] brn
|upkeep
|turn|28
|
|t:|1653739209
|move|p2a: Rillaboom|Superpower|p1a: Heatran
|-supereffective|p1a: Heatran
|-damage|p1a: Heatran|41/100
|-unboost|p2a: Rillaboom|atk|1
|-unboost|p2a: Rillaboom|def|1
|move|p1a: Heatran|Stealth Rock|p2a: Rillaboom
|-sidestart|p2: Chokst du|move: Stealth Rock
|
|-heal|p2a: Rillaboom|100/100 brn|[from] Grassy Terrain
|-heal|p1a: Heatran|48/100|[from] Grassy Terrain
|-heal|p1a: Heatran|54/100|[from] item: Leftovers
|-damage|p2a: Rillaboom|94/100 brn|[from] brn
|upkeep
|turn|29
|
|t:|1653739215
|switch|p2a: Garchomp|Garchomp, M|42/100 brn
|-damage|p2a: Garchomp|36/100 brn|[from] Stealth Rock
|move|p1a: Heatran|Lava Plume|p2a: Garchomp
|-resisted|p2a: Garchomp
|-damage|p2a: Garchomp|20/100 brn
|
|-heal|p2a: Garchomp|27/100 brn|[from] Grassy Terrain
|-heal|p2a: Garchomp|33/100 brn|[from] item: Leftovers
|-heal|p1a: Heatran|60/100|[from] Grassy Terrain
|-heal|p1a: Heatran|66/100|[from] item: Leftovers
|-damage|p2a: Garchomp|27/100 brn|[from] brn
|upkeep
|turn|30
|j| qqmAce
|
|t:|1653739231
|switch|p1a: Hatterene|Hatterene, F|100/100
|move|p2a: Garchomp|Stealth Rock|p1a: Hatterene
|move|p1a: Hatterene|Stealth Rock||[from]ability: Magic Bounce|[still]
|-fail|p1a: Hatterene
|
|-heal|p2a: Garchomp|33/100 brn|[from] Grassy Terrain
|-heal|p2a: Garchomp|39/100 brn|[from] item: Leftovers
|-damage|p2a: Garchomp|33/100 brn|[from] brn
|-fieldend|move: Grassy Terrain
|upkeep
|turn|31
|
|t:|1653739240
|switch|p2a: Corviknight|Corviknight, F|50/100 brn
|-damage|p2a: Corviknight|38/100 brn|[from] Stealth Rock
|-ability|p2a: Corviknight|Pressure
|move|p1a: Hatterene|Mystical Fire|p2a: Corviknight
|-supereffective|p2a: Corviknight
|-damage|p2a: Corviknight|0 fnt
|faint|p2a: Corviknight
|
|upkeep
|
|t:|1653739243
|switch|p2a: Kartana|Kartana|47/100
|-damage|p2a: Kartana|41/100|[from] Stealth Rock
|turn|32
|
|t:|1653739252
|move|p2a: Kartana|Leaf Blade|p1a: Hatterene
|-damage|p1a: Hatterene|41/100
|-damage|p2a: Kartana|31/100|[from] item: Life Orb
|move|p1a: Hatterene|Mystical Fire|p2a: Kartana
|-supereffective|p2a: Kartana
|-damage|p2a: Kartana|0 fnt
|faint|p2a: Kartana
|
|-heal|p1a: Hatterene|47/100|[from] item: Leftovers
|upkeep
|
|t:|1653739254
|switch|p2a: Weavile|Weavile, M|100/100
|-damage|p2a: Weavile|76/100|[from] Stealth Rock
|-ability|p2a: Weavile|Pressure
|turn|33
|
|t:|1653739261
|move|p2a: Weavile|Knock Off|p1a: Hatterene
|-damage|p1a: Hatterene|0 fnt
|-enditem|p1a: Hatterene|Leftovers|[from] move: Knock Off|[of] p2a: Weavile
|faint|p1a: Hatterene
|
|upkeep
|
|t:|1653739271
|switch|p1a: Heatran|Heatran, F|66/100
|turn|34
|
|t:|1653739274
|move|p2a: Weavile|Knock Off|p1a: Heatran
|-damage|p1a: Heatran|5/100
|-enditem|p1a: Heatran|Leftovers|[from] move: Knock Off|[of] p2a: Weavile
|move|p1a: Heatran|Lava Plume|p2a: Weavile
|-supereffective|p2a: Weavile
|-damage|p2a: Weavile|0 fnt
|faint|p2a: Weavile
|
|upkeep
|-message|Chokst du forfeited.
|
|win|TheonReekGreyjoy
|raw|TheonReekGreyjoy's rating: 1986 &rarr; <strong>1999</strong><br />(+13 for winning)
|raw|Chokst du's rating: 1863 &rarr; <strong>1850</strong><br />(-13 for losing)
|l|☆Chokst du
|l|☆TheonReekGreyjoy
|l| hdhzz
