|raw|<div class="broadcast-blue"><strong>This battle is required to be public due to a player having a name starting with 'lt91bb'.</div>
|j|☆LT91BBM
|j|☆OUT Kazt
|t:|1659139349
|gametype|singles
|player|p1|LT91BBM|schoolkid-gen4dp|1676
|player|p2|OUT Kazt|acetrainersnowf|1643
|teamsize|p1|6
|teamsize|p2|6
|gen|8
|tier|[Gen 8] OU
|rated|
|rule|Sleep Clause Mod: Limit one foe put to sleep
|rule|Species Clause: Limit one of each Pokémon
|rule|OHKO Clause: OHKO moves are banned
|rule|Evasion Moves Clause: Evasion moves are banned
|rule|Endless Battle Clause: Forcing endless battles is banned
|rule|HP Percentage Mod: HP is shown in percentages
|rule|Dynamax Clause: You cannot dynamax
|clearpoke
|poke|p1|Zapdos|
|poke|p1|Weavile, M|
|poke|p1|Kartana|
|poke|p1|Landorus-Therian, M|
|poke|p1|Volcanion|
|poke|p1|Melmetal|
|poke|p2|Heatran, F|
|poke|p2|Heracross, F|
|poke|p2|Landorus-Therian, M|
|poke|p2|Slowbro, F|
|poke|p2|Mandibuzz, F|
|poke|p2|Gengar, M|
|teampreview
|inactive|Battle timer is ON: inactive players will automatically lose when time's up. (requested by OUT Kazt)
|
|t:|1659139383
|start
|switch|p1a: Zapdos|Zapdos|100/100
|switch|p2a: Landorus|Landorus-Therian, M|100/100
|-ability|p2a: Landorus|Intimidate|boost
|-unboost|p1a: Zapdos|atk|1
|turn|1
|
|t:|1659139397
|switch|p2a: Heatran|Heatran, F|100/100
|move|p1a: Zapdos|Hurricane|p2a: Heatran|[miss]
|-miss|p1a: Zapdos|p2a: Heatran
|
|upkeep
|turn|2
|
|t:|1659139401
|move|p1a: Zapdos|Volt Switch|p2a: Heatran
|-crit|p2a: Heatran
|-damage|p2a: Heatran|62/100
|
|t:|1659139403
|switch|p1a: Landorus|Landorus-Therian, M|100/100|[from]move: Volt Switch
|-ability|p1a: Landorus|Intimidate|boost
|-unboost|p2a: Heatran|atk|1
|move|p2a: Heatran|Stealth Rock|p1a: Landorus
|-sidestart|p1: LT91BBM|move: Stealth Rock
|
|-heal|p2a: Heatran|68/100|[from] item: Leftovers
|upkeep
|turn|3
|
|t:|1659139407
|switch|p2a: Heracross|Heracross, F|100/100
|move|p1a: Landorus|Stealth Rock|p2a: Heracross
|-sidestart|p2: OUT Kazt|move: Stealth Rock
|
|-status|p2a: Heracross|brn|[from] item: Flame Orb
|upkeep
|turn|4
|
|t:|1659139413
|move|p1a: Landorus|U-turn|p2a: Heracross
|-resisted|p2a: Heracross
|-damage|p2a: Heracross|86/100 brn
|
|t:|1659139417
|switch|p1a: Zapdos|Zapdos|100/100|[from]move: U-turn
|move|p2a: Heracross|Facade|p1a: Zapdos
|-crit|p1a: Zapdos
|-damage|p1a: Zapdos|0 fnt
|faint|p1a: Zapdos
|
|-damage|p2a: Heracross|79/100 brn|[from] brn
|upkeep
|
|t:|1659139427
|switch|p1a: Volcanion|Volcanion|100/100
|turn|5
|
|t:|1659139430
|switch|p1a: Weavile|Weavile, M|100/100
|-damage|p1a: Weavile|76/100|[from] Stealth Rock
|move|p2a: Heracross|Earthquake|p1a: Weavile
|-damage|p1a: Weavile|0 fnt
|faint|p1a: Weavile
|
|-damage|p2a: Heracross|73/100 brn|[from] brn
|upkeep
|
|t:|1659139443
|switch|p1a: Volcanion|Volcanion|100/100
|turn|6
|
|t:|1659139445
|switch|p2a: Slowbro|Slowbro, F|100/100
|-damage|p2a: Slowbro|88/100|[from] Stealth Rock
|switch|p1a: Landorus|Landorus-Therian, M|100/100
|-damage|p1a: Landorus|88/100|[from] Stealth Rock
|-ability|p1a: Landorus|Intimidate|boost
|-unboost|p2a: Slowbro|atk|1
|
|-heal|p1a: Landorus|94/100|[from] item: Leftovers
|upkeep
|turn|7
|
|t:|1659139449
|switch|p1a: Melmetal|Melmetal, shiny|100/100
|-damage|p1a: Melmetal|94/100|[from] Stealth Rock
|move|p2a: Slowbro|Future Sight|p1a: Melmetal
|-start|p2a: Slowbro|move: Future Sight
|
|upkeep
|turn|8
|
|t:|1659139452
|move|p1a: Melmetal|Thunder Punch|p2a: Slowbro
|-supereffective|p2a: Slowbro
|-damage|p2a: Slowbro|46/100
|-status|p2a: Slowbro|par
|-damage|p1a: Melmetal|78/100|[from] item: Rocky Helmet|[of] p2a: Slowbro
|cant|p2a: Slowbro|par
|
|upkeep
|turn|9
|
|t:|1659139458
|move|p1a: Melmetal|Thunder Punch|p2a: Slowbro
|-supereffective|p2a: Slowbro
|-damage|p2a: Slowbro|1/100 par
|-damage|p1a: Melmetal|61/100|[from] item: Rocky Helmet|[of] p2a: Slowbro
|cant|p2a: Slowbro|par
|
|-end|p1a: Melmetal|move: Future Sight
|-resisted|p1a: Melmetal
|-damage|p1a: Melmetal|46/100
|upkeep
|turn|10
|
|t:|1659139464
|move|p1a: Melmetal|Ice Punch|p2a: Slowbro
|-resisted|p2a: Slowbro
|-damage|p2a: Slowbro|0 fnt
|-damage|p1a: Melmetal|30/100|[from] item: Rocky Helmet|[of] p2a: Slowbro
|faint|p2a: Slowbro
|
|upkeep
|
|t:|1659139472
|switch|p2a: Gengar|Gengar, M|100/100
|-damage|p2a: Gengar|88/100|[from] Stealth Rock
|turn|11
|
|t:|1659139481
|move|p2a: Gengar|Shadow Ball|p1a: Melmetal
|-damage|p1a: Melmetal|0 fnt
|faint|p1a: Melmetal
|
|upkeep
|
|t:|1659139486
|switch|p1a: Kartana|Kartana|100/100
|-damage|p1a: Kartana|94/100|[from] Stealth Rock
|turn|12
|
|t:|1659139490
|move|p1a: Kartana|Knock Off|p2a: Gengar
|-supereffective|p2a: Gengar
|-damage|p2a: Gengar|0 fnt
|-start|p1a: Kartana|Disable|Knock Off|[from] ability: Cursed Body|[of] p2a: Gengar
|-enditem|p2a: Gengar|Choice Specs|[from] move: Knock Off|[of] p1a: Kartana
|faint|p2a: Gengar
|-ability|p1a: Kartana|Beast Boost|boost
|-boost|p1a: Kartana|atk|1
|
|upkeep
|
|t:|1659139498
|switch|p2a: Heracross|Heracross, F|73/100 brn
|-damage|p2a: Heracross|61/100 brn|[from] Stealth Rock
|turn|13
|
|t:|1659139504
|switch|p1a: Landorus|Landorus-Therian, M|94/100
|-damage|p1a: Landorus|82/100|[from] Stealth Rock
|-ability|p1a: Landorus|Intimidate|boost
|-unboost|p2a: Heracross|atk|1
|move|p2a: Heracross|Facade|p1a: Landorus
|-damage|p1a: Landorus|28/100
|
|-heal|p1a: Landorus|34/100|[from] item: Leftovers
|-damage|p2a: Heracross|55/100 brn|[from] brn
|upkeep
|turn|14
|
|t:|1659139506
|move|p2a: Heracross|Facade|p1a: Landorus
|-damage|p1a: Landorus|0 fnt
|faint|p1a: Landorus
|
|-damage|p2a: Heracross|48/100 brn|[from] brn
|upkeep
|
|t:|1659139511
|switch|p1a: Kartana|Kartana|94/100
|-damage|p1a: Kartana|88/100|[from] Stealth Rock
|turn|15
|
|t:|1659139515
|switch|p2a: Heatran|Heatran, F|68/100
|-damage|p2a: Heatran|56/100|[from] Stealth Rock
|move|p1a: Kartana|Smart Strike|p2a: Heatran
|-resisted|p2a: Heatran
|-damage|p2a: Heatran|46/100
|
|-heal|p2a: Heatran|52/100|[from] item: Leftovers
|upkeep
|turn|16
|
|t:|1659139518
|switch|p1a: Volcanion|Volcanion|100/100
|move|p2a: Heatran|Earth Power|p1a: Volcanion
|-supereffective|p1a: Volcanion
|-damage|p1a: Volcanion|41/100
|
|-heal|p2a: Heatran|58/100|[from] item: Leftovers
|upkeep
|turn|17
|
|t:|1659139540
|switch|p2a: Heracross|Heracross, F|48/100 brn
|-damage|p2a: Heracross|36/100 brn|[from] Stealth Rock
|move|p1a: Volcanion|Steam Eruption|p2a: Heracross
|-damage|p2a: Heracross|0 fnt
|faint|p2a: Heracross
|
|upkeep
|
|t:|1659139543
|switch|p2a: Landorus|Landorus-Therian, M|100/100
|-damage|p2a: Landorus|88/100|[from] Stealth Rock
|-ability|p2a: Landorus|Intimidate|boost
|-unboost|p1a: Volcanion|atk|1
|turn|18
|
|t:|1659139546
|move|p2a: Landorus|Earthquake|p1a: Volcanion
|-supereffective|p1a: Volcanion
|-damage|p1a: Volcanion|0 fnt
|faint|p1a: Volcanion
|
|upkeep
|
|t:|1659139548
|switch|p1a: Kartana|Kartana|88/100
|-damage|p1a: Kartana|82/100|[from] Stealth Rock
|turn|19
|-message|LT91BBM forfeited.
|
|win|OUT Kazt
|raw|LT91BBM's rating: 1654 &rarr; <strong>1633</strong><br />(-21 for losing)
|raw|OUT Kazt's rating: 1643 &rarr; <strong>1664</strong><br />(+21 for winning)
|l|☆LT91BBM
