|j|☆toon arctozolt
|j|☆MEOWMEOWCOW3D
|t:|1663208921
|gametype|singles
|player|p1|toon arctozolt|youngster-gen4dp|1693
|player|p2|MEOWMEOWCOW3D|crasherwake|1616
|teamsize|p1|6
|teamsize|p2|6
|gen|8
|tier|[Gen 8] OU
|rated|
|rule|Sleep Clause Mod: Limit one foe put to sleep
|rule|Species Clause: Limit one of each Pokémon
|rule|OHKO Clause: OHKO moves are banned
|rule|Evasion Items Clause: Evasion items are banned
|rule|Evasion Moves Clause: Evasion moves are banned
|rule|Endless Battle Clause: Forcing endless battles is banned
|rule|HP Percentage Mod: HP is shown in percentages
|rule|Dynamax Clause: You cannot dynamax
|clearpoke
|poke|p1|Urshifu-*, F|
|poke|p1|Barraskewda, F|
|poke|p1|Tapu Lele|
|poke|p1|Kartana|
|poke|p1|Landorus-Therian, M|
|poke|p1|Volcarona, M|
|poke|p2|Urshifu-*, F|
|poke|p2|Tyranitar, F|
|poke|p2|Excadrill, M|
|poke|p2|Zapdos|
|poke|p2|Ferrothorn, M|
|poke|p2|Tapu Lele|
|teampreview
|inactive|Battle timer is ON: inactive players will automatically lose when time's up. (requested by toon arctozolt)
|j| kyonharuhi
|j| goaty throaty
|
|t:|1663208942
|start
|switch|p1a: Tapu Lele|Tapu Lele|100/100
|switch|p2a: Zapdos|Zapdos|100/100
|-fieldstart|move: Psychic Terrain|[from] ability: Psychic Surge|[of] p1a: Tapu Lele
|turn|1
|
|t:|1663208949
|switch|p2a: Ferrothorn|Ferrothorn, M|100/100
|move|p1a: Tapu Lele|Future Sight|p2a: Ferrothorn
|-start|p1a: Tapu Lele|move: Future Sight
|
|upkeep
|turn|2
|
|t:|1663208958
|move|p1a: Tapu Lele|Focus Blast|p2a: Ferrothorn
|-supereffective|p2a: Ferrothorn
|-damage|p2a: Ferrothorn|35/100
|move|p2a: Ferrothorn|Stealth Rock|p1a: Tapu Lele
|-sidestart|p1: toon arctozolt|move: Stealth Rock
|
|-heal|p2a: Ferrothorn|41/100|[from] item: Leftovers
|upkeep
|turn|3
|
|t:|1663208974
|switch|p2a: Tapu Lele|Tapu Lele, shiny|100/100
|move|p1a: Tapu Lele|Focus Blast|p2a: Tapu Lele|[miss]
|-miss|p1a: Tapu Lele|p2a: Tapu Lele
|
|-end|p2a: Tapu Lele|move: Future Sight
|-resisted|p2a: Tapu Lele
|-damage|p2a: Tapu Lele|53/100
|upkeep
|turn|4
|
|t:|1663208982
|move|p2a: Tapu Lele|Moonblast|p1a: Tapu Lele
|-damage|p1a: Tapu Lele|52/100
|move|p1a: Tapu Lele|Moonblast|p2a: Tapu Lele
|-damage|p2a: Tapu Lele|0 fnt
|faint|p2a: Tapu Lele
|
|upkeep
|
|t:|1663208989
|switch|p2a: Urshifu|Urshifu-Rapid-Strike, F|100/100
|turn|5
|
|t:|1663209009
|move|p2a: Urshifu|Surging Strikes|p1a: Tapu Lele
|-crit|p1a: Tapu Lele
|-damage|p1a: Tapu Lele|19/100
|-crit|p1a: Tapu Lele
|-damage|p1a: Tapu Lele|0 fnt
|faint|p1a: Tapu Lele
|-hitcount|p1: Tapu Lele|2
|
|-fieldend|move: Psychic Terrain
|upkeep
|
|t:|1663209012
|switch|p1a: Kartana|Kartana|100/100
|-damage|p1a: Kartana|94/100|[from] Stealth Rock
|turn|6
|
|t:|1663209026
|switch|p2a: Zapdos|Zapdos|100/100
|move|p1a: Kartana|Knock Off|p2a: Zapdos
|-damage|p2a: Zapdos|53/100
|-status|p1a: Kartana|par|[from] ability: Static|[of] p2a: Zapdos
|-enditem|p2a: Zapdos|Heavy-Duty Boots|[from] move: Knock Off|[of] p1a: Kartana
|
|upkeep
|turn|7
|l| goaty throaty
|
|t:|1663209035
|switch|p1a: Landorus|Landorus-Therian, M|100/100
|-damage|p1a: Landorus|88/100|[from] Stealth Rock
|-ability|p1a: Landorus|Intimidate|boost
|-unboost|p2a: Zapdos|atk|1
|move|p2a: Zapdos|Roost|p2a: Zapdos
|-heal|p2a: Zapdos|100/100
|-singleturn|p2a: Zapdos|move: Roost
|
|upkeep
|turn|8
|
|t:|1663209048
|move|p2a: Zapdos|Hurricane|p1a: Landorus
|-damage|p1a: Landorus|55/100
|-start|p1a: Landorus|confusion
|-activate|p1a: Landorus|confusion
|-damage|p1a: Landorus|43/100|[from] confusion
|
|upkeep
|turn|9
|
|t:|1663209055
|move|p2a: Zapdos|Hurricane|p1a: Landorus
|-damage|p1a: Landorus|7/100
|-activate|p1a: Landorus|confusion
|-damage|p1a: Landorus|0 fnt|[from] confusion
|faint|p1a: Landorus
|
|upkeep
|c|☆toon arctozolt|whatever man
|c|☆toon arctozolt|get a job
|inactive|toon arctozolt has 120 seconds left.
|
|t:|1663209090
|switch|p1a: Volcarona|Volcarona, M|100/100
|turn|10
|
|t:|1663209094
|switch|p1a: Kartana|Kartana|94/100 par
|-damage|p1a: Kartana|88/100 par|[from] Stealth Rock
|switch|p2a: Tyranitar|Tyranitar, F|100/100
|-weather|Sandstorm|[from] ability: Sand Stream|[of] p2a: Tyranitar
|
|-weather|Sandstorm|[upkeep]
|upkeep
|turn|11
|
|t:|1663209105
|switch|p2a: Zapdos|Zapdos|100/100
|switch|p1a: Urshifu|Urshifu-Rapid-Strike, F|100/100
|-damage|p1a: Urshifu|94/100|[from] Stealth Rock
|
|-weather|Sandstorm|[upkeep]
|-damage|p1a: Urshifu|88/100|[from] Sandstorm
|-damage|p2a: Zapdos|94/100|[from] Sandstorm
|upkeep
|turn|12
|
|t:|1663209112
|move|p1a: Urshifu|Surging Strikes|p2a: Zapdos
|-crit|p2a: Zapdos
|-damage|p2a: Zapdos|70/100
|-status|p1a: Urshifu|par|[from] ability: Static|[of] p2a: Zapdos
|-crit|p2a: Zapdos
|-damage|p2a: Zapdos|44/100
|-crit|p2a: Zapdos
|-damage|p2a: Zapdos|21/100
|-hitcount|p2a: Zapdos|3
|move|p2a: Zapdos|Volt Switch|p1a: Urshifu
|-supereffective|p1a: Urshifu
|-damage|p1a: Urshifu|3/100 par
|
|t:|1663209124
|switch|p2a: Excadrill|Excadrill, M|100/100|[from]move: Volt Switch
|
|-weather|Sandstorm|[upkeep]
|-damage|p1a: Urshifu|0 fnt|[from] Sandstorm
|faint|p1a: Urshifu
|upkeep
|j| Noob 0_o
|
|t:|1663209134
|switch|p1a: Kartana|Kartana|88/100 par
|-damage|p1a: Kartana|82/100 par|[from] Stealth Rock
|turn|13
|
|t:|1663209141
|move|p2a: Excadrill|Earthquake|p1a: Kartana
|-damage|p1a: Kartana|0 fnt
|faint|p1a: Kartana
|
|-weather|Sandstorm|[upkeep]
|upkeep
|
|t:|1663209148
|switch|p1a: Barraskewda|Barraskewda, F|100/100
|-damage|p1a: Barraskewda|88/100|[from] Stealth Rock
|turn|14
|c|☆toon arctozolt|lucky ass
|
|t:|1663209151
|move|p2a: Excadrill|Earthquake|p1a: Barraskewda
|-damage|p1a: Barraskewda|0 fnt
|faint|p1a: Barraskewda
|
|-weather|none
|upkeep
|
|t:|1663209153
|switch|p1a: Volcarona|Volcarona, M|100/100
|turn|15
|c|☆toon arctozolt|get a grip on reality
|
|t:|1663209157
|switch|p2a: Tyranitar|Tyranitar, F|100/100
|-weather|Sandstorm|[from] ability: Sand Stream|[of] p2a: Tyranitar
|move|p1a: Volcarona|Flamethrower|p2a: Tyranitar
|-resisted|p2a: Tyranitar
|-damage|p2a: Tyranitar|81/100
|-status|p2a: Tyranitar|brn
|
|-weather|Sandstorm|[upkeep]
|-damage|p1a: Volcarona|95/100|[from] Sandstorm
|-damage|p2a: Tyranitar|75/100 brn|[from] brn
|upkeep
|turn|16
|c|☆toon arctozolt|its been shaken to its core
|
|t:|1663209162
|move|p1a: Volcarona|Substitute|p1a: Volcarona
|-start|p1a: Volcarona|Substitute
|-damage|p1a: Volcarona|70/100
|move|p2a: Tyranitar|Stone Edge|p1a: Volcarona
|-supereffective|p1a: Volcarona
|-end|p1a: Volcarona|Substitute
|
|-weather|Sandstorm|[upkeep]
|-damage|p1a: Volcarona|64/100|[from] Sandstorm
|-damage|p2a: Tyranitar|69/100 brn|[from] brn
|upkeep
|turn|17
|
|t:|1663209167
|move|p1a: Volcarona|Substitute|p1a: Volcarona
|-start|p1a: Volcarona|Substitute
|-damage|p1a: Volcarona|39/100
|move|p2a: Tyranitar|Stone Edge|p1a: Volcarona
|-supereffective|p1a: Volcarona
|-end|p1a: Volcarona|Substitute
|
|-weather|Sandstorm|[upkeep]
|-damage|p1a: Volcarona|33/100|[from] Sandstorm
|-damage|p2a: Tyranitar|63/100 brn|[from] brn
|upkeep
|turn|18
|
|t:|1663209172
|move|p1a: Volcarona|Substitute|p1a: Volcarona
|-start|p1a: Volcarona|Substitute
|-damage|p1a: Volcarona|8/100
|move|p2a: Tyranitar|Stone Edge|p1a: Volcarona
|-supereffective|p1a: Volcarona
|-end|p1a: Volcarona|Substitute
|
|-weather|Sandstorm|[upkeep]
|-damage|p1a: Volcarona|2/100|[from] Sandstorm
|-damage|p2a: Tyranitar|57/100 brn|[from] brn
|upkeep
|turn|19
|c|☆toon arctozolt|i hope u niss
|
|t:|1663209179
|switch|p2a: Urshifu|Urshifu-Rapid-Strike, F|100/100
|move|p1a: Volcarona|Psychic|p2a: Urshifu
|-supereffective|p2a: Urshifu
|-damage|p2a: Urshifu|2/100
|
|-weather|none
|upkeep
|turn|20
|
|t:|1663209187
|switch|p2a: Tyranitar|Tyranitar, F|57/100 brn
|-weather|Sandstorm|[from] ability: Sand Stream|[of] p2a: Tyranitar
|move|p1a: Volcarona|Psychic|p2a: Tyranitar
|-immune|p2a: Tyranitar
|
|-weather|Sandstorm|[upkeep]
|-damage|p1a: Volcarona|0 fnt|[from] Sandstorm
|faint|p1a: Volcarona
|
|win|MEOWMEOWCOW3D
|upkeep
|raw|toon arctozolt's rating: 1693 &rarr; <strong>1669</strong><br />(-24 for losing)
|raw|MEOWMEOWCOW3D's rating: 1616 &rarr; <strong>1640</strong><br />(+24 for winning)
|c|☆toon arctozolt|ur a bitch
|c|☆toon arctozolt|shoot me
|l| kyonharuhi
|c|☆toon arctozolt|Ok I guess
|c|☆MEOWMEOWCOW3D|bro what are you on about
|player|p1|toon arctozolt|youngster-gen4dp
||Ladder isn't responding, score probably updated but might not have (Request timeout).
