|j|☆mamaw31180
|j|☆ffjsldfosj
|player|p1|mamaw31180|170|1592
|player|p2|ffjsldfosj|grimsley|1662
|teamsize|p1|6
|teamsize|p2|6
|gametype|singles
|gen|8
|tier|[Gen 8] OU
|rated|
|html|<div class="broadcast-red"><strong>OU is currently suspecting Melmetal! For information on how to participate check out the <a href="https://www.smogon.com/forums/threads/3662190/">suspect thread</a>.</strong></div>
|clearpoke
|poke|p1|Clefable, F|
|poke|p1|Zeraora|
|poke|p1|Melmetal|
|poke|p1|Seismitoad, M|
|poke|p1|Corviknight, F|
|poke|p1|Kyurem|
|poke|p2|Hippowdon, F|
|poke|p2|Mew|
|poke|p2|Dracovish|
|poke|p2|Clefable, M|
|poke|p2|Corviknight, F|
|poke|p2|Vaporeon, M|
|rule|Sleep Clause Mod: Limit one foe put to sleep
|rule|Species Clause: Limit one of each Pokémon
|rule|OHKO Clause: OHKO moves are banned
|rule|Evasion Moves Clause: Evasion moves are banned
|rule|Endless Battle Clause: Forcing endless battles is banned
|rule|HP Percentage Mod: HP is shown in percentages
|rule|Dynamax Clause: You cannot dynamax
|teampreview
|inactive|Battle timer is ON: inactive players will automatically lose when time's up. (requested by mamaw31180)
|
|start
|switch|p1a: Kyurem|Kyurem|100/100
|switch|p2a: Mew|Mew|100/100
|-ability|p1a: Kyurem|Pressure
|turn|1
|
|switch|p2a: Clefable|Clefable, M|100/100
|move|p1a: Kyurem|Draco Meteor|p2a: Clefable
|-immune|p2a: Clefable
|
|upkeep
|turn|2
|
|switch|p1a: Melmetal|Melmetal|100/100
|move|p2a: Clefable|Teleport|p2a: Clefable
|
|switch|p2a: Vaporeon|Vaporeon, M|100/100|[from]move: Teleport
|
|upkeep
|turn|3
|
|switch|p1a: Clefable|Clefable, F|100/100
|move|p2a: Vaporeon|Protect||[still]
|-fail|p2a: Vaporeon
|
|upkeep
|turn|4
|
|move|p2a: Vaporeon|Wish|p2a: Vaporeon
|move|p1a: Clefable|Teleport|p1a: Clefable
|
|switch|p1a: Zeraora|Zeraora|100/100|[from]move: Teleport
|
|upkeep
|turn|5
|
|switch|p2a: Hippowdon|Hippowdon, F|100/100
|-weather|Sandstorm|[from] ability: Sand Stream|[of] p2a: Hippowdon
|move|p1a: Zeraora|Plasma Fists|p2a: Hippowdon
|-immune|p2a: Hippowdon
|
|-weather|Sandstorm|[upkeep]
|-damage|p1a: Zeraora|95/100|[from] Sandstorm
|upkeep
|turn|6
|
|switch|p1a: Corviknight|Corviknight, F|100/100
|-ability|p1a: Corviknight|Pressure
|move|p2a: Hippowdon|Stealth Rock|p1a: Corviknight
|-sidestart|p1: mamaw31180|move: Stealth Rock
|
|-weather|Sandstorm|[upkeep]
|upkeep
|turn|7
|
|switch|p2a: Mew|Mew|100/100
|move|p1a: Corviknight|Defog|p2a: Mew
|-unboost|p2a: Mew|evasion|1
|-sideend|p1: mamaw31180|Stealth Rock|[from] move: Defog|[of] p1a: Corviknight
|
|-weather|Sandstorm|[upkeep]
|-damage|p2a: Mew|94/100|[from] Sandstorm
|-heal|p2a: Mew|100/100|[from] item: Leftovers
|upkeep
|turn|8
|
|switch|p1a: Clefable|Clefable, F|100/100
|move|p2a: Mew|Fire Blast|p1a: Clefable
|-damage|p1a: Clefable|79/100
|
|-weather|Sandstorm|[upkeep]
|-damage|p2a: Mew|94/100|[from] Sandstorm
|-heal|p2a: Mew|100/100|[from] item: Leftovers
|-heal|p1a: Clefable|86/100|[from] item: Leftovers
|upkeep
|turn|9
|
|move|p2a: Mew|Nasty Plot|p2a: Mew
|-boost|p2a: Mew|spa|2
|move|p1a: Clefable|Teleport|p1a: Clefable
|
|switch|p1a: Zeraora|Zeraora|95/100|[from]move: Teleport
|
|-weather|none
|upkeep
|turn|10
|
|move|p1a: Zeraora|Knock Off|p2a: Mew
|-supereffective|p2a: Mew
|-damage|p2a: Mew|18/100
|-enditem|p2a: Mew|Leftovers|[from] move: Knock Off|[of] p1a: Zeraora
|-damage|p1a: Zeraora|85/100|[from] item: Life Orb
|move|p2a: Mew|Psychic|p1a: Zeraora
|-damage|p1a: Zeraora|0 fnt
|faint|p1a: Zeraora
|
|upkeep
|inactive|mamaw31180 has 120 seconds left.
|
|switch|p1a: Kyurem|Kyurem|100/100
|-ability|p1a: Kyurem|Pressure
|turn|11
|
|switch|p2a: Clefable|Clefable, M|100/100
|move|p1a: Kyurem|Ice Beam|p2a: Clefable
|-damage|p2a: Clefable|56/100
|
|-heal|p2a: Clefable|62/100|[from] item: Leftovers
|upkeep
|turn|12
|
|move|p1a: Kyurem|Ice Beam|p2a: Clefable
|-damage|p2a: Clefable|15/100
|move|p2a: Clefable|Wish|p2a: Clefable
|
|-heal|p2a: Clefable|21/100|[from] item: Leftovers
|upkeep
|turn|13
|
|switch|p1a: Melmetal|Melmetal|100/100
|move|p2a: Clefable|Protect||[still]
|-fail|p2a: Clefable
|
|-heal|p2a: Clefable|71/100|[from] move: Wish|[wisher] Clefable
|-heal|p2a: Clefable|77/100|[from] item: Leftovers
|upkeep
|turn|14
|
|move|p2a: Clefable|Protect|p2a: Clefable
|-singleturn|p2a: Clefable|Protect
|move|p1a: Melmetal|Double Iron Bash|p2a: Clefable
|-activate|p2a: Clefable|move: Protect
|
|-heal|p2a: Clefable|83/100|[from] item: Leftovers
|upkeep
|turn|15
|
|switch|p2a: Corviknight|Corviknight, F|100/100
|-ability|p2a: Corviknight|Pressure
|move|p1a: Melmetal|Double Iron Bash|p2a: Corviknight
|-resisted|p2a: Corviknight
|-damage|p2a: Corviknight|82/100
|-resisted|p2a: Corviknight
|-damage|p2a: Corviknight|63/100
|-hitcount|p2a: Corviknight|2
|
|-heal|p2a: Corviknight|69/100|[from] item: Leftovers
|upkeep
|turn|16
|
|switch|p1a: Corviknight|Corviknight, F|100/100
|-ability|p1a: Corviknight|Pressure
|move|p2a: Corviknight|Roost|p2a: Corviknight
|-heal|p2a: Corviknight|100/100
|-singleturn|p2a: Corviknight|move: Roost
|
|upkeep
|turn|17
|
|move|p1a: Corviknight|Iron Defense|p1a: Corviknight
|-boost|p1a: Corviknight|def|2
|move|p2a: Corviknight|U-turn|p1a: Corviknight
|-resisted|p1a: Corviknight
|-damage|p1a: Corviknight|99/100
|
|switch|p2a: Mew|Mew|18/100|[from]move: U-turn
|
|-heal|p1a: Corviknight|100/100|[from] item: Leftovers
|upkeep
|turn|18
|
|move|p2a: Mew|Soft-Boiled|p2a: Mew
|-heal|p2a: Mew|68/100
|move|p1a: Corviknight|Body Press|p2a: Mew
|-resisted|p2a: Mew
|-damage|p2a: Mew|44/100
|
|upkeep
|turn|19
|
|move|p2a: Mew|Soft-Boiled|p2a: Mew
|-heal|p2a: Mew|94/100
|move|p1a: Corviknight|Iron Defense|p1a: Corviknight
|-boost|p1a: Corviknight|def|2
|
|upkeep
|turn|20
|
|move|p2a: Mew|Nasty Plot|p2a: Mew
|-boost|p2a: Mew|spa|2
|move|p1a: Corviknight|Iron Defense|p1a: Corviknight
|-boost|p1a: Corviknight|def|2
|
|upkeep
|turn|21
|
|move|p2a: Mew|Nasty Plot|p2a: Mew
|-boost|p2a: Mew|spa|2
|move|p1a: Corviknight|Body Press|p2a: Mew
|-resisted|p2a: Mew
|-damage|p2a: Mew|42/100
|
|upkeep
|turn|22
|
|move|p2a: Mew|Fire Blast|p1a: Corviknight
|-supereffective|p1a: Corviknight
|-damage|p1a: Corviknight|0 fnt
|faint|p1a: Corviknight
|
|upkeep
|
|switch|p1a: Kyurem|Kyurem|100/100
|-ability|p1a: Kyurem|Pressure
|turn|23
|
|move|p2a: Mew|Psychic|p1a: Kyurem
|-damage|p1a: Kyurem|0 fnt
|faint|p1a: Kyurem
|
|upkeep
|
|switch|p1a: Melmetal|Melmetal|100/100
|turn|24
|
|move|p2a: Mew|Fire Blast|p1a: Melmetal
|-supereffective|p1a: Melmetal
|-damage|p1a: Melmetal|0 fnt
|faint|p1a: Melmetal
|
|upkeep
|
|switch|p1a: Seismitoad|Seismitoad, M|100/100
|turn|25
|
|move|p2a: Mew|Soft-Boiled|p2a: Mew
|-heal|p2a: Mew|92/100
|move|p1a: Seismitoad|Toxic|p2a: Mew
|-status|p2a: Mew|tox
|-activate|p2a: Mew|ability: Synchronize
|-status|p1a: Seismitoad|tox
|
|-damage|p2a: Mew|86/100 tox|[from] psn
|-damage|p1a: Seismitoad|94/100 tox|[from] psn
|upkeep
|turn|26
|
|move|p2a: Mew|Nasty Plot|p2a: Mew
|-boost|p2a: Mew|spa|2
|move|p1a: Seismitoad|Earth Power|p2a: Mew
|-damage|p2a: Mew|59/100 tox
|
|-heal|p1a: Seismitoad|100/100 tox|[from] item: Leftovers
|-damage|p2a: Mew|47/100 tox|[from] psn
|-damage|p1a: Seismitoad|88/100 tox|[from] psn
|upkeep
|turn|27
|
|move|p2a: Mew|Psychic|p1a: Seismitoad
|-damage|p1a: Seismitoad|0 fnt
|faint|p1a: Seismitoad
|
|-damage|p2a: Mew|28/100 tox|[from] psn
|upkeep
|
|switch|p1a: Clefable|Clefable, F|86/100
|turn|28
|
|move|p1a: Clefable|Protect|p1a: Clefable
|-singleturn|p1a: Clefable|Protect
|move|p2a: Mew|Psychic|p1a: Clefable
|-activate|p1a: Clefable|move: Protect
|
|-heal|p1a: Clefable|92/100|[from] item: Leftovers
|-damage|p2a: Mew|3/100 tox|[from] psn
|upkeep
|turn|29
|
|move|p2a: Mew|Psychic|p1a: Clefable
|-damage|p1a: Clefable|0 fnt
|faint|p1a: Clefable
|
|win|ffjsldfosj
|raw|mamaw31180's rating: 1592 &rarr; <strong>1576</strong><br />(-16 for losing)
|raw|ffjsldfosj's rating: 1662 &rarr; <strong>1678</strong><br />(+16 for winning)
|l|☆mamaw31180
