|j|☆minimax_ai
|j|☆Stimo96
|t:|1661418304
|gametype|singles
|player|p1|minimax_ai|lusamine-nihilego|1484
|player|p2|Stimo96|alder|1574
|teamsize|p1|6
|teamsize|p2|6
|gen|8
|tier|[Gen 8] OU
|rated|
|rule|Sleep Clause Mod: Limit one foe put to sleep
|rule|Species Clause: Limit one of each Pokémon
|rule|OHKO Clause: OHKO moves are banned
|rule|Evasion Items Clause: Evasion items are banned
|rule|Evasion Moves Clause: Evasion moves are banned
|rule|Endless Battle Clause: Forcing endless battles is banned
|rule|HP Percentage Mod: HP is shown in percentages
|rule|Dynamax Clause: You cannot dynamax
|clearpoke
|poke|p1|Rotom-Wash|
|poke|p1|Weavile, F|
|poke|p1|Landorus-Therian, M|
|poke|p1|Heatran, M|
|poke|p1|Tangrowth, F|
|poke|p1|Melmetal|
|poke|p2|Rillaboom, M|
|poke|p2|Victini|
|poke|p2|Garchomp, F|
|poke|p2|Landorus-Therian, M|
|poke|p2|Zapdos|
|poke|p2|Tapu Fini|
|teampreview
|c|☆minimax_ai|hf
|inactive|Battle timer is ON: inactive players will automatically lose when time's up. (requested by minimax_ai)
|c|☆Stimo96|hf
|
|t:|1661418319
|start
|switch|p1a: Melmetal|Melmetal|100/100
|switch|p2a: Rillaboom|Rillaboom, M, shiny|100/100
|-fieldstart|move: Grassy Terrain|[from] ability: Grassy Surge|[of] p2a: Rillaboom
|turn|1
|
|t:|1661418326
|move|p2a: Rillaboom|U-turn|p1a: Melmetal
|-resisted|p1a: Melmetal
|-damage|p1a: Melmetal|89/100
|
|t:|1661418330
|switch|p2a: Zapdos|Zapdos|100/100|[from]move: U-turn
|move|p1a: Melmetal|Double Iron Bash|p2a: Zapdos
|-resisted|p2a: Zapdos
|-damage|p2a: Zapdos|83/100
|-resisted|p2a: Zapdos
|-damage|p2a: Zapdos|68/100
|-hitcount|p2a: Zapdos|2
|
|-heal|p1a: Melmetal|95/100|[from] Grassy Terrain
|upkeep
|turn|2
|
|t:|1661418340
|move|p2a: Zapdos|Roost|p2a: Zapdos
|-heal|p2a: Zapdos|100/100
|-singleturn|p2a: Zapdos|move: Roost
|move|p1a: Melmetal|Double Iron Bash|p2a: Zapdos
|-resisted|p2a: Zapdos
|-damage|p2a: Zapdos|84/100
|-status|p1a: Melmetal|par|[from] ability: Static|[of] p2a: Zapdos
|-resisted|p2a: Zapdos
|-damage|p2a: Zapdos|69/100
|-hitcount|p2a: Zapdos|2
|
|-heal|p2a: Zapdos|75/100|[from] Grassy Terrain
|-heal|p1a: Melmetal|100/100 par|[from] Grassy Terrain
|upkeep
|turn|3
|
|t:|1661418351
|move|p2a: Zapdos|Volt Switch|p1a: Melmetal
|-damage|p1a: Melmetal|85/100 par
|
|t:|1661418355
|switch|p2a: Landorus|Landorus-Therian, M|100/100|[from]move: Volt Switch
|-ability|p2a: Landorus|Intimidate|boost
|-unboost|p1a: Melmetal|atk|1
|move|p1a: Melmetal|Ice Punch|p2a: Landorus
|-supereffective|p2a: Landorus
|-damage|p2a: Landorus|6/100
|
|-heal|p2a: Landorus|12/100|[from] item: Leftovers
|-heal|p1a: Melmetal|91/100 par|[from] Grassy Terrain
|upkeep
|turn|4
|
|t:|1661418365
|move|p2a: Landorus|Stealth Rock|p1a: Melmetal
|-sidestart|p1: minimax_ai|move: Stealth Rock
|move|p1a: Melmetal|Double Iron Bash|p2a: Landorus
|-damage|p2a: Landorus|0 fnt
|faint|p2a: Landorus
|-hitcount|p2: Landorus|1
|
|-heal|p1a: Melmetal|98/100 par|[from] Grassy Terrain
|upkeep
|
|t:|1661418372
|switch|p2a: Victini|Victini|100/100
|turn|5
|
|t:|1661418378
|switch|p1a: rotomwash|Rotom-Wash|100/100
|-damage|p1a: rotomwash|88/100|[from] Stealth Rock
|move|p2a: Victini|V-create|p1a: rotomwash
|-resisted|p1a: rotomwash
|-damage|p1a: rotomwash|48/100
|-unboost|p2a: Victini|spe|1
|-unboost|p2a: Victini|def|1
|-unboost|p2a: Victini|spd|1
|
|-heal|p1a: rotomwash|54/100|[from] item: Leftovers
|-fieldend|move: Grassy Terrain
|upkeep
|turn|6
|
|t:|1661418393
|switch|p2a: Rillaboom|Rillaboom, M, shiny|100/100
|-fieldstart|move: Grassy Terrain|[from] ability: Grassy Surge|[of] p2a: Rillaboom
|move|p1a: rotomwash|Pain Split|p2a: Rillaboom
|-sethp|p2a: Rillaboom|74/100|[from] move: Pain Split|[silent]
|-sethp|p1a: rotomwash|83/100|[from] move: Pain Split
|
|-heal|p1a: rotomwash|89/100|[from] item: Leftovers
|-heal|p2a: Rillaboom|80/100|[from] Grassy Terrain
|upkeep
|turn|7
|
|t:|1661418404
|switch|p1a: Melmetal|Melmetal|98/100 par
|-damage|p1a: Melmetal|91/100 par|[from] Stealth Rock
|move|p2a: Rillaboom|U-turn|p1a: Melmetal
|-resisted|p1a: Melmetal
|-damage|p1a: Melmetal|81/100 par
|
|t:|1661418410
|switch|p2a: Victini|Victini|100/100|[from]move: U-turn
|
|-heal|p1a: Melmetal|87/100 par|[from] Grassy Terrain
|upkeep
|turn|8
|
|t:|1661418418
|switch|p1a: rotomwash|Rotom-Wash|89/100
|-damage|p1a: rotomwash|77/100|[from] Stealth Rock
|move|p2a: Victini|Bolt Strike|p1a: rotomwash
|-damage|p1a: rotomwash|40/100
|
|-heal|p1a: rotomwash|46/100|[from] item: Leftovers
|upkeep
|turn|9
|
|t:|1661418429
|move|p2a: Victini|U-turn|p1a: rotomwash
|-damage|p1a: rotomwash|24/100
|
|t:|1661418431
|switch|p2a: Rillaboom|Rillaboom, M, shiny|80/100|[from]move: U-turn
|move|p1a: rotomwash|Pain Split|p2a: Rillaboom
|-sethp|p2a: Rillaboom|51/100|[from] move: Pain Split|[silent]
|-sethp|p1a: rotomwash|57/100|[from] move: Pain Split
|
|-heal|p1a: rotomwash|63/100|[from] item: Leftovers
|-heal|p2a: Rillaboom|57/100|[from] Grassy Terrain
|upkeep
|turn|10
|
|t:|1661418441
|switch|p1a: Tangrowth|Tangrowth, F|100/100
|-damage|p1a: Tangrowth|88/100|[from] Stealth Rock
|move|p2a: Rillaboom|U-turn|p1a: Tangrowth
|-supereffective|p1a: Tangrowth
|-damage|p1a: Tangrowth|44/100
|-damage|p2a: Rillaboom|40/100|[from] item: Rocky Helmet|[of] p1a: Tangrowth
|
|t:|1661418448
|switch|p2a: Victini|Victini|100/100|[from]move: U-turn
|
|-heal|p1a: Tangrowth|50/100|[from] Grassy Terrain
|-fieldend|move: Grassy Terrain
|upkeep
|turn|11
|
|t:|1661418456
|switch|p1a: Heatran|Heatran, M|100/100
|-damage|p1a: Heatran|88/100|[from] Stealth Rock
|-item|p1a: Heatran|Air Balloon
|move|p2a: Victini|U-turn|p1a: Heatran
|-resisted|p1a: Heatran
|-damage|p1a: Heatran|83/100
|-enditem|p1a: Heatran|Air Balloon
|
|t:|1661418465
|switch|p2a: Garchomp|Garchomp, F|100/100|[from]move: U-turn
|
|upkeep
|turn|12
|
|t:|1661418469
|switch|p1a: landorustherian|Landorus-Therian, M|100/100
|-damage|p1a: landorustherian|88/100|[from] Stealth Rock
|-ability|p1a: landorustherian|Intimidate|boost
|-unboost|p2a: Garchomp|atk|1
|move|p2a: Garchomp|Swords Dance|p2a: Garchomp
|-boost|p2a: Garchomp|atk|2
|
|-heal|p1a: landorustherian|94/100|[from] item: Leftovers
|upkeep
|turn|13
|
|t:|1661418490
|switch|p2a: Zapdos|Zapdos|75/100
|move|p1a: landorustherian|Defog|p2a: Zapdos
|-unboost|p2a: Zapdos|evasion|1
|-sideend|p1: minimax_ai|Stealth Rock|[from] move: Defog|[of] p1a: landorustherian
|
|-heal|p1a: landorustherian|99/100|[from] item: Leftovers
|upkeep
|turn|14
|
|t:|1661418498
|move|p2a: Zapdos|Hurricane|p1a: landorustherian
|-damage|p1a: landorustherian|67/100
|move|p1a: landorustherian|Toxic|p2a: Zapdos
|-status|p2a: Zapdos|tox
|
|-heal|p1a: landorustherian|73/100|[from] item: Leftovers
|-damage|p2a: Zapdos|69/100 tox|[from] psn
|upkeep
|turn|15
|
|t:|1661418506
|move|p2a: Zapdos|Hurricane|p1a: landorustherian
|-damage|p1a: landorustherian|38/100
|-start|p1a: landorustherian|confusion
|-activate|p1a: landorustherian|confusion
|move|p1a: landorustherian|Earthquake|p2a: Zapdos
|-immune|p2a: Zapdos
|
|-heal|p1a: landorustherian|44/100|[from] item: Leftovers
|-damage|p2a: Zapdos|57/100 tox|[from] psn
|upkeep
|turn|16
|
|t:|1661418516
|move|p2a: Zapdos|Roost|p2a: Zapdos
|-heal|p2a: Zapdos|100/100 tox
|-singleturn|p2a: Zapdos|move: Roost
|-end|p1a: landorustherian|confusion
|move|p1a: landorustherian|U-turn|p2a: Zapdos
|-damage|p2a: Zapdos|82/100 tox
|
|t:|1661418516
|switch|p1a: Tangrowth|Tangrowth, F|83/100|[from]move: U-turn
|
|-damage|p2a: Zapdos|64/100 tox|[from] psn
|upkeep
|turn|17
|
|t:|1661418529
|switch|p2a: Victini|Victini|100/100
|switch|p1a: landorustherian|Landorus-Therian, M|44/100
|-ability|p1a: landorustherian|Intimidate|boost
|-unboost|p2a: Victini|atk|1
|
|-heal|p1a: landorustherian|50/100|[from] item: Leftovers
|upkeep
|turn|18
|
|t:|1661418538
|switch|p1a: Tangrowth|Tangrowth, F|100/100
|move|p2a: Victini|Glaciate|p1a: Tangrowth
|-supereffective|p1a: Tangrowth
|-damage|p1a: Tangrowth|61/100
|-unboost|p1a: Tangrowth|spe|1
|
|upkeep
|turn|19
|
|t:|1661418546
|move|p2a: Victini|V-create|p1a: Tangrowth
|-supereffective|p1a: Tangrowth
|-damage|p1a: Tangrowth|3/100
|-unboost|p2a: Victini|spe|1
|-unboost|p2a: Victini|def|1
|-unboost|p2a: Victini|spd|1
|-damage|p2a: Victini|84/100|[from] item: Rocky Helmet|[of] p1a: Tangrowth
|move|p1a: Tangrowth|Knock Off|p2a: Victini
|-supereffective|p2a: Victini
|-damage|p2a: Victini|20/100
|-enditem|p2a: Victini|Heavy-Duty Boots|[from] move: Knock Off|[of] p1a: Tangrowth
|
|upkeep
|turn|20
|
|t:|1661418558
|switch|p1a: Heatran|Heatran, M|83/100
|move|p2a: Victini|U-turn|p1a: Heatran
|-resisted|p1a: Heatran
|-damage|p1a: Heatran|80/100
|
|t:|1661418565
|switch|p2a: Garchomp|Garchomp, F|100/100|[from]move: U-turn
|
|upkeep
|turn|21
|
|t:|1661418569
|switch|p1a: landorustherian|Landorus-Therian, M|50/100
|-ability|p1a: landorustherian|Intimidate|boost
|-unboost|p2a: Garchomp|atk|1
|move|p2a: Garchomp|Swords Dance|p2a: Garchomp
|-boost|p2a: Garchomp|atk|2
|
|-heal|p1a: landorustherian|56/100|[from] item: Leftovers
|upkeep
|turn|22
|
|t:|1661418577
|move|p2a: Garchomp|Swords Dance|p2a: Garchomp
|-boost|p2a: Garchomp|atk|2
|move|p1a: landorustherian|Earthquake|p2a: Garchomp
|-damage|p2a: Garchomp|51/100
|
|-heal|p2a: Garchomp|57/100|[from] item: Leftovers
|-heal|p1a: landorustherian|62/100|[from] item: Leftovers
|upkeep
|turn|23
|
|t:|1661418585
|move|p2a: Garchomp|Scale Shot|p1a: landorustherian
|-damage|p1a: landorustherian|31/100
|-damage|p1a: landorustherian|0 fnt
|faint|p1a: landorustherian
|-hitcount|p1: landorustherian|2
|-unboost|p2a: Garchomp|def|1
|-boost|p2a: Garchomp|spe|1
|
|-heal|p2a: Garchomp|63/100|[from] item: Leftovers
|upkeep
|
|t:|1661418585
|switch|p1a: Weavile|Weavile, F|100/100
|-ability|p1a: Weavile|Pressure
|turn|24
|
|t:|1661418597
|switch|p2a: Tapu Fini|Tapu Fini|100/100
|-fieldstart|move: Misty Terrain|[from] ability: Misty Surge|[of] p2a: Tapu Fini
|move|p1a: Weavile|Ice Shard|p2a: Tapu Fini
|-resisted|p2a: Tapu Fini
|-damage|p2a: Tapu Fini|88/100
|
|upkeep
|turn|25
|
|t:|1661418606
|switch|p1a: Melmetal|Melmetal|87/100 par
|move|p2a: Tapu Fini|Trick|p1a: Melmetal
|-activate|p2a: Tapu Fini|move: Trick|[of] p1a: Melmetal
|-item|p1a: Melmetal|Choice Scarf|[from] move: Trick
|-item|p2a: Tapu Fini|Assault Vest|[from] move: Trick
|
|upkeep
|turn|26
|
|t:|1661418614
|switch|p2a: Zapdos|Zapdos|64/100 tox
|cant|p1a: Melmetal|par
|
|-damage|p2a: Zapdos|58/100 tox|[from] psn
|upkeep
|turn|27
|
|t:|1661418623
|move|p2a: Zapdos|Roost|p2a: Zapdos
|-heal|p2a: Zapdos|100/100 tox
|-singleturn|p2a: Zapdos|move: Roost
|move|p1a: Melmetal|Double Iron Bash|p2a: Zapdos
|-resisted|p2a: Zapdos
|-damage|p2a: Zapdos|83/100 tox
|-resisted|p2a: Zapdos
|-damage|p2a: Zapdos|66/100 tox
|-hitcount|p2a: Zapdos|2
|
|-damage|p2a: Zapdos|54/100 tox|[from] psn
|upkeep
|turn|28
|
|t:|1661418634
|move|p2a: Zapdos|Hurricane|p1a: Melmetal
|-resisted|p1a: Melmetal
|-damage|p1a: Melmetal|67/100 par
|cant|p1a: Melmetal|par
|
|-damage|p2a: Zapdos|35/100 tox|[from] psn
|-fieldend|Misty Terrain
|upkeep
|turn|29
|
|t:|1661418646
|move|p2a: Zapdos|Hurricane|p1a: Melmetal|[miss]
|-miss|p2a: Zapdos|p1a: Melmetal
|move|p1a: Melmetal|Double Iron Bash|p2a: Zapdos
|-resisted|p2a: Zapdos
|-damage|p2a: Zapdos|19/100 tox
|-resisted|p2a: Zapdos
|-damage|p2a: Zapdos|3/100 tox
|-hitcount|p2a: Zapdos|2
|
|-damage|p2a: Zapdos|0 fnt|[from] psn
|faint|p2a: Zapdos
|upkeep
|
|t:|1661418656
|switch|p2a: Victini|Victini|20/100
|turn|30
|
|t:|1661418660
|switch|p1a: Heatran|Heatran, M|80/100
|move|p2a: Victini|V-create|p1a: Heatran
|-start|p1a: Heatran|ability: Flash Fire
|
|upkeep
|turn|31
|
|t:|1661418667
|move|p2a: Victini|U-turn|p1a: Heatran
|-resisted|p1a: Heatran
|-damage|p1a: Heatran|75/100
|
|t:|1661418670
|switch|p2a: Garchomp|Garchomp, F|63/100|[from]move: U-turn
|move|p1a: Heatran|Magma Storm|p2a: Garchomp
|-resisted|p2a: Garchomp
|-crit|p2a: Garchomp
|-damage|p2a: Garchomp|0 fnt
|faint|p2a: Garchomp
|
|upkeep
|
|t:|1661418686
|switch|p2a: Rillaboom|Rillaboom, M, shiny|40/100
|-fieldstart|move: Grassy Terrain|[from] ability: Grassy Surge|[of] p2a: Rillaboom
|turn|32
|
|t:|1661418690
|move|p1a: Heatran|Magma Storm|p2a: Rillaboom|[miss]
|-miss|p1a: Heatran|p2a: Rillaboom
|move|p2a: Rillaboom|Superpower|p1a: Heatran
|-supereffective|p1a: Heatran
|-damage|p1a: Heatran|0 fnt
|-unboost|p2a: Rillaboom|atk|1
|-unboost|p2a: Rillaboom|def|1
|faint|p1a: Heatran
|
|-heal|p2a: Rillaboom|47/100|[from] Grassy Terrain
|upkeep
|
|t:|1661418690
|switch|p1a: Melmetal|Melmetal|67/100 par
|turn|33
|
|t:|1661418705
|move|p2a: Rillaboom|Superpower|p1a: Melmetal
|-supereffective|p1a: Melmetal
|-damage|p1a: Melmetal|17/100 par
|-unboost|p2a: Rillaboom|atk|1
|-unboost|p2a: Rillaboom|def|1
|cant|p1a: Melmetal|par
|
|-heal|p2a: Rillaboom|53/100|[from] Grassy Terrain
|-heal|p1a: Melmetal|23/100 par|[from] Grassy Terrain
|upkeep
|turn|34
|
|t:|1661418715
|move|p2a: Rillaboom|Superpower|p1a: Melmetal
|-supereffective|p1a: Melmetal
|-damage|p1a: Melmetal|0 fnt
|-unboost|p2a: Rillaboom|atk|1
|-unboost|p2a: Rillaboom|def|1
|faint|p1a: Melmetal
|
|-heal|p2a: Rillaboom|59/100|[from] Grassy Terrain
|upkeep
|
|t:|1661418715
|switch|p1a: rotomwash|Rotom-Wash|63/100
|turn|35
|
|t:|1661418742
|switch|p2a: Victini|Victini|20/100
|move|p1a: rotomwash|Nasty Plot|p1a: rotomwash
|-boost|p1a: rotomwash|spa|2
|
|-heal|p2a: Victini|26/100|[from] Grassy Terrain
|-heal|p1a: rotomwash|69/100|[from] item: Leftovers
|upkeep
|turn|36
|
|t:|1661418750
|move|p2a: Victini|Bolt Strike|p1a: rotomwash
|-damage|p1a: rotomwash|32/100
|move|p1a: rotomwash|Thunderbolt|p2a: Victini
|-damage|p2a: Victini|0 fnt
|faint|p2a: Victini
|
|-heal|p1a: rotomwash|39/100|[from] item: Leftovers
|-fieldend|move: Grassy Terrain
|upkeep
|
|t:|1661418758
|switch|p2a: Rillaboom|Rillaboom, M, shiny|59/100
|-fieldstart|move: Grassy Terrain|[from] ability: Grassy Surge|[of] p2a: Rillaboom
|turn|37
|
|t:|1661418766
|switch|p1a: Tangrowth|Tangrowth, F|37/100
|move|p2a: Rillaboom|Grassy Glide|p1a: Tangrowth
|-resisted|p1a: Tangrowth
|-damage|p1a: Tangrowth|19/100
|-damage|p2a: Rillaboom|42/100|[from] item: Rocky Helmet|[of] p1a: Tangrowth
|
|-heal|p2a: Rillaboom|49/100|[from] Grassy Terrain
|-heal|p1a: Tangrowth|25/100|[from] Grassy Terrain
|upkeep
|turn|38
|
|t:|1661418781
|move|p2a: Rillaboom|Grassy Glide|p1a: Tangrowth
|-resisted|p1a: Tangrowth
|-damage|p1a: Tangrowth|6/100
|-damage|p2a: Rillaboom|32/100|[from] item: Rocky Helmet|[of] p1a: Tangrowth
|move|p1a: Tangrowth|Giga Drain|p2a: Rillaboom
|-resisted|p2a: Rillaboom
|-damage|p2a: Rillaboom|8/100
|-heal|p1a: Tangrowth|16/100|[from] drain|[of] p2a: Rillaboom
|
|-heal|p2a: Rillaboom|15/100|[from] Grassy Terrain
|-heal|p1a: Tangrowth|23/100|[from] Grassy Terrain
|upkeep
|turn|39
|
|t:|1661418792
|move|p2a: Rillaboom|Grassy Glide|p1a: Tangrowth
|-resisted|p1a: Tangrowth
|-damage|p1a: Tangrowth|2/100
|-damage|p2a: Rillaboom|0 fnt|[from] item: Rocky Helmet|[of] p1a: Tangrowth
|faint|p2a: Rillaboom
|move|p1a: Tangrowth|Giga Drain|p2: Rillaboom|[notarget]
|-fail|p1a: Tangrowth
|
|-heal|p1a: Tangrowth|8/100|[from] Grassy Terrain
|upkeep
|
|t:|1661418800
|switch|p2a: Tapu Fini|Tapu Fini|88/100
|-fieldstart|move: Misty Terrain|[from] ability: Misty Surge|[of] p2a: Tapu Fini
|turn|40
|
|t:|1661418805
|switch|p1a: rotomwash|Rotom-Wash|39/100
|move|p2a: Tapu Fini|Moonblast|p1a: rotomwash
|-damage|p1a: rotomwash|3/100
|-unboost|p1a: rotomwash|spa|1
|
|-heal|p1a: rotomwash|9/100|[from] item: Leftovers
|upkeep
|turn|41
|
|t:|1661418813
|move|p2a: Tapu Fini|Moonblast|p1a: rotomwash
|-damage|p1a: rotomwash|0 fnt
|faint|p1a: rotomwash
|
|upkeep
|
|t:|1661418813
|switch|p1a: Tangrowth|Tangrowth, F|41/100
|turn|42
|
|t:|1661418819
|switch|p1a: Weavile|Weavile, F|100/100
|-ability|p1a: Weavile|Pressure
|move|p2a: Tapu Fini|Moonblast|p1a: Weavile
|-supereffective|p1a: Weavile
|-crit|p1a: Weavile
|-damage|p1a: Weavile|0 fnt
|faint|p1a: Weavile
|
|upkeep
|
|t:|1661418819
|switch|p1a: Tangrowth|Tangrowth, F|74/100
|turn|43
|
|t:|1661418832
|move|p2a: Tapu Fini|Nature's Madness|p1a: Tangrowth
|-damage|p1a: Tangrowth|37/100
|move|p1a: Tangrowth|Giga Drain|p2a: Tapu Fini
|-supereffective|p2a: Tapu Fini
|-damage|p2a: Tapu Fini|57/100
|-heal|p1a: Tangrowth|51/100|[from] drain|[of] p2a: Tapu Fini
|
|upkeep
|turn|44
|
|t:|1661418839
|move|p2a: Tapu Fini|Moonblast|p1a: Tangrowth
|-damage|p1a: Tangrowth|3/100
|-unboost|p1a: Tangrowth|spa|1
|move|p1a: Tangrowth|Giga Drain|p2a: Tapu Fini
|-supereffective|p2a: Tapu Fini
|-damage|p2a: Tapu Fini|37/100
|-heal|p1a: Tangrowth|11/100|[from] drain|[of] p2a: Tapu Fini
|
|-fieldend|Misty Terrain
|upkeep
|turn|45
|c|☆Stimo96|gg
|
|t:|1661418849
|move|p2a: Tapu Fini|Moonblast|p1a: Tangrowth
|-damage|p1a: Tangrowth|0 fnt
|faint|p1a: Tangrowth
|
|win|Stimo96
|raw|minimax_ai's rating: 1484 &rarr; <strong>1469</strong><br />(-15 for losing)
|raw|Stimo96's rating: 1574 &rarr; <strong>1589</strong><br />(+15 for winning)
|c|☆minimax_ai|gg
