|j|☆Kobiisbetterthanu
|j|☆POLYKlNG
|t:|1613412501
|player|p1|Kobiisbetterthanu|169|
|player|p2|POLYKlNG|hilbert|
|teamsize|p1|6
|teamsize|p2|6
|gametype|singles
|gen|8
|tier|[Gen 8] OU
|clearpoke
|poke|p1|Haxorus, M|
|poke|p1|Rotom-Wash|
|poke|p1|Rillaboom, F|
|poke|p1|Dusclops, F|
|poke|p1|Blaziken, F|
|poke|p1|Togekiss, F|
|poke|p2|Porygon-Z|
|poke|p2|Cinderace, F|
|poke|p2|Tapu Fini|
|poke|p2|Dragonite, F|
|poke|p2|Cursola, M|
|poke|p2|Tapu Lele|
|rule|Sleep Clause Mod: Limit one foe put to sleep
|rule|Species Clause: Limit one of each Pokémon
|rule|OHKO Clause: OHKO moves are banned
|rule|Evasion Moves Clause: Evasion moves are banned
|rule|Endless Battle Clause: Forcing endless battles is banned
|rule|HP Percentage Mod: HP is shown in percentages
|rule|Dynamax Clause: You cannot dynamax
|teampreview
|inactive|Battle timer is ON: inactive players will automatically lose when time's up. (requested by Kobiisbetterthanu)
|
|t:|1613412525
|start
|switch|p1a: Dusclops|Dusclops, F|100/100
|switch|p2a: Tapu Fini|Tapu Fini|100/100
|-fieldstart|move: Misty Terrain|[from] ability: Misty Surge|[of] p2a: Tapu Fini
|-item|p2a: Tapu Fini|Leftovers|[from] ability: Frisk|[of] p1a: Dusclops|[identify]
|turn|1
|
|t:|1613412537
|switch|p2a: Porygon-Z|Porygon-Z|100/100
|move|p1a: Dusclops|Trick Room|p1a: Dusclops
|-fieldstart|move: Trick Room|[of] p1a: Dusclops
|
|upkeep
|turn|2
|
|t:|1613412539
|move|p1a: Dusclops|Power-Up Punch|p2a: Porygon-Z
|-supereffective|p2a: Porygon-Z
|-damage|p2a: Porygon-Z|72/100
|-boost|p1a: Dusclops|atk|1
|move|p2a: Porygon-Z|Nasty Plot|p2a: Porygon-Z
|-boost|p2a: Porygon-Z|spa|2
|
|upkeep
|turn|3
|
|t:|1613412543
|move|p1a: Dusclops|Power-Up Punch|p2a: Porygon-Z
|-supereffective|p2a: Porygon-Z
|-damage|p2a: Porygon-Z|29/100
|-boost|p1a: Dusclops|atk|1
|-enditem|p2a: Porygon-Z|Sitrus Berry|[eat]
|-heal|p2a: Porygon-Z|54/100|[from] item: Sitrus Berry
|move|p2a: Porygon-Z|Dark Pulse|p1a: Dusclops
|-supereffective|p1a: Dusclops
|-damage|p1a: Dusclops|24/100
|
|upkeep
|turn|4
|inactive|POLYKlNG has 270 seconds left.
|
|t:|1613412592
|switch|p2a: Cursola|Cursola, M|100/100
|move|p1a: Dusclops|Power-Up Punch|p2a: Cursola
|-immune|p2a: Cursola
|
|upkeep
|turn|5
|
|t:|1613412604
|switch|p2a: Porygon-Z|Porygon-Z|54/100
|move|p1a: Dusclops|Destiny Bond|p1a: Dusclops
|-singlemove|p1a: Dusclops|Destiny Bond
|
|-fieldend|Misty Terrain
|-fieldend|move: Trick Room
|upkeep
|turn|6
|
|t:|1613412617
|switch|p2a: Cinderace|Cinderace, F|100/100
|move|p1a: Dusclops|Trick Room|p1a: Dusclops
|-fieldstart|move: Trick Room|[of] p1a: Dusclops
|
|upkeep
|turn|7
|
|t:|1613412626
|move|p2a: Cinderace|Sucker Punch||[still]
|-fail|p2a: Cinderace
|move|p1a: Dusclops|Destiny Bond|p1a: Dusclops
|-singlemove|p1a: Dusclops|Destiny Bond
|
|upkeep
|turn|8
|inactive|POLYKlNG has 270 seconds left.
|
|t:|1613412655
|switch|p2a: Porygon-Z|Porygon-Z|54/100
|move|p1a: Dusclops|Power-Up Punch|p2a: Porygon-Z
|-supereffective|p2a: Porygon-Z
|-damage|p2a: Porygon-Z|0 fnt
|-boost|p1a: Dusclops|atk|1
|faint|p2a: Porygon-Z
|
|upkeep
|
|t:|1613412671
|switch|p2a: Cursola|Cursola, M|100/100
|turn|9
|
|t:|1613412674
|move|p1a: Dusclops|Poltergeist|p2a: Cursola
|-activate|p2a: Cursola|move: Poltergeist|Leftovers
|-supereffective|p2a: Cursola
|-damage|p2a: Cursola|0 fnt
|faint|p2a: Cursola
|
|upkeep
|
|t:|1613412684
|switch|p2a: Tapu Fini|Tapu Fini|100/100
|-fieldstart|move: Misty Terrain|[from] ability: Misty Surge|[of] p2a: Tapu Fini
|turn|10
|
|t:|1613412688
|switch|p2a: Cinderace|Cinderace, F|100/100
|move|p1a: Dusclops|Destiny Bond|p1a: Dusclops
|-singlemove|p1a: Dusclops|Destiny Bond
|
|-fieldend|move: Trick Room
|upkeep
|turn|11
|inactive|POLYKlNG has 270 seconds left.
|
|t:|1613412698
|switch|p2a: Tapu Fini|Tapu Fini|100/100
|move|p1a: Dusclops|Trick Room|p1a: Dusclops
|-fieldstart|move: Trick Room|[of] p1a: Dusclops
|
|upkeep
|turn|12
|
|t:|1613412701
|move|p1a: Dusclops|Poltergeist|p2a: Tapu Fini
|-activate|p2a: Tapu Fini|move: Poltergeist|Leftovers
|-damage|p2a: Tapu Fini|33/100
|move|p2a: Tapu Fini|Draining Kiss|p1a: Dusclops
|-damage|p1a: Dusclops|13/100
|-heal|p2a: Tapu Fini|40/100|[from] drain|[of] p1a: Dusclops
|
|-heal|p2a: Tapu Fini|46/100|[from] item: Leftovers
|upkeep
|turn|13
|
|t:|1613412707
|move|p1a: Dusclops|Poltergeist|p2a: Tapu Fini
|-activate|p2a: Tapu Fini|move: Poltergeist|Leftovers
|-damage|p2a: Tapu Fini|0 fnt
|faint|p2a: Tapu Fini
|
|upkeep
|
|t:|1613412723
|switch|p2a: Dragonite|Dragonite, F|100/100
|turn|14
|
|t:|1613412727
|move|p1a: Dusclops|Destiny Bond|p1a: Dusclops
|-singlemove|p1a: Dusclops|Destiny Bond
|move|p2a: Dragonite|Dragon Dance|p2a: Dragonite
|-boost|p2a: Dragonite|atk|1
|-boost|p2a: Dragonite|spe|1
|
|-fieldend|Misty Terrain
|upkeep
|turn|15
|
|t:|1613412734
|move|p1a: Dusclops|Poltergeist|p2a: Dragonite
|-activate|p2a: Dragonite|move: Poltergeist|Weakness Policy
|-damage|p2a: Dragonite|0 fnt
|faint|p2a: Dragonite
|
|-fieldend|move: Trick Room
|upkeep
|
|t:|1613412744
|switch|p2a: Cinderace|Cinderace, F|100/100
|turn|16
|
|t:|1613412750
|move|p2a: Cinderace|Pyro Ball|p1a: Dusclops
|-damage|p1a: Dusclops|0 fnt
|faint|p1a: Dusclops
|
|upkeep
|
|t:|1613412757
|switch|p1a: Blaziken|Blaziken, F|100/100
|turn|17
|
|t:|1613412761
|switch|p2a: Tapu Lele|Tapu Lele|100/100
|-fieldstart|move: Psychic Terrain|[from] ability: Psychic Surge|[of] p2a: Tapu Lele
|move|p1a: Blaziken|Protect||[still]
|-fail|p1a: Blaziken
|
|-ability|p1a: Blaziken|Speed Boost|boost
|-boost|p1a: Blaziken|spe|1
|upkeep
|turn|18
|
|t:|1613412765
|move|p1a: Blaziken|Flare Blitz|p2a: Tapu Lele
|-damage|p2a: Tapu Lele|0 fnt
|-damage|p1a: Blaziken|70/100|[from] Recoil
|-damage|p1a: Blaziken|60/100|[from] item: Life Orb
|faint|p2a: Tapu Lele
|
|-ability|p1a: Blaziken|Speed Boost|boost
|-boost|p1a: Blaziken|spe|1
|upkeep
|
|t:|1613412767
|switch|p2a: Cinderace|Cinderace, F|100/100
|turn|19
|
|t:|1613412770
|move|p1a: Blaziken|High Jump Kick|p2a: Cinderace
|-damage|p2a: Cinderace|0 fnt
|-damage|p1a: Blaziken|50/100|[from] item: Life Orb
|faint|p2a: Cinderace
|
|win|Kobiisbetterthanu
|l|☆POLYKlNG
