|j|☆noblev2
|j|☆Bassyxx
|t:|1599193301
|player|p1|noblev2|wattson|1199
|player|p2|Bassyxx|266|1146
|teamsize|p1|6
|teamsize|p2|6
|gametype|singles
|gen|8
|tier|[Gen 8] OU
|rated|
|clearpoke
|poke|p1|Rillaboom, F|
|poke|p1|Urshifu-*, F|
|poke|p1|Magnezone|
|poke|p1|Blastoise, M|
|poke|p1|Hawlucha, F|
|poke|p1|Corviknight, M|
|poke|p2|Rillaboom, M|
|poke|p2|Clawitzer, F|
|poke|p2|Grimmsnarl, M|
|poke|p2|Togekiss, M|
|poke|p2|Shuckle, M|
|poke|p2|Dragapult, M|
|rule|Sleep Clause Mod: Limit one foe put to sleep
|rule|Species Clause: Limit one of each Pokémon
|rule|OHKO Clause: OHKO moves are banned
|rule|Evasion Moves Clause: Evasion moves are banned
|rule|Endless Battle Clause: Forcing endless battles is banned
|rule|HP Percentage Mod: HP is shown in percentages
|rule|Dynamax Clause: You cannot dynamax
|teampreview
|inactive|Battle timer is ON: inactive players will automatically lose when time's up. (requested by Bassyxx)
|inactive|Bassyxx has 120 seconds left.
|
|t:|1599193374
|start
|switch|p1a: Rillaboom|Rillaboom, F|100/100
|switch|p2a: Grimmsnarl|Grimmsnarl, M|100/100
|-fieldstart|move: Grassy Terrain|[from] ability: Grassy Surge|[of] p1a: Rillaboom
|turn|1
|
|t:|1599193391
|move|p2a: Grimmsnarl|Thunder Wave|p1a: Rillaboom
|-status|p1a: Rillaboom|par
|move|p1a: Rillaboom|Swords Dance|p1a: Rillaboom
|-boost|p1a: Rillaboom|atk|2
|
|upkeep
|turn|2
|
|t:|1599193408
|switch|p2a: Shuckle|Shuckle, M|100/100
|move|p1a: Rillaboom|Drain Punch|p2a: Shuckle
|-damage|p2a: Shuckle|59/100
|-enditem|p2a: Shuckle|Red Card|[of] p1a: Rillaboom
|-damage|p1a: Rillaboom|91/100 par|[from] item: Life Orb
|drag|p1a: Urshifu|Urshifu, F, shiny|100/100
|
|-heal|p2a: Shuckle|66/100|[from] Grassy Terrain
|upkeep
|turn|3
|
|t:|1599193422
|move|p1a: Urshifu|Wicked Blow|p2a: Shuckle
|-crit|p2a: Shuckle
|-damage|p2a: Shuckle|10/100
|-damage|p1a: Urshifu|91/100|[from] item: Life Orb
|move|p2a: Shuckle|Sticky Web|p1a: Urshifu
|-sidestart|p1: noblev2|move: Sticky Web
|
|-heal|p1a: Urshifu|97/100|[from] Grassy Terrain
|-heal|p2a: Shuckle|17/100|[from] Grassy Terrain
|upkeep
|turn|4
|
|t:|1599193432
|move|p1a: Urshifu|Wicked Blow|p2a: Shuckle
|-crit|p2a: Shuckle
|-damage|p2a: Shuckle|0 fnt
|-damage|p1a: Urshifu|87/100|[from] item: Life Orb
|faint|p2a: Shuckle
|
|-heal|p1a: Urshifu|93/100|[from] Grassy Terrain
|upkeep
|
|t:|1599193435
|switch|p2a: Togekiss|Togekiss, M|100/100
|turn|5
|
|t:|1599193442
|move|p1a: Urshifu|Iron Head|p2a: Togekiss
|-supereffective|p2a: Togekiss
|-damage|p2a: Togekiss|34/100
|-damage|p1a: Urshifu|83/100|[from] item: Life Orb
|move|p2a: Togekiss|Thunder Wave|p1a: Urshifu
|-status|p1a: Urshifu|par
|
|-heal|p2a: Togekiss|40/100|[from] item: Leftovers
|-heal|p1a: Urshifu|89/100 par|[from] Grassy Terrain
|-fieldend|move: Grassy Terrain
|upkeep
|turn|6
|
|t:|1599193452
|switch|p2a: Rillaboom|Rillaboom, M|100/100
|-fieldstart|move: Grassy Terrain|[from] ability: Grassy Surge|[of] p2a: Rillaboom
|move|p1a: Urshifu|Sucker Punch||[still]
|-fail|p1a: Urshifu
|
|-heal|p1a: Urshifu|95/100 par|[from] Grassy Terrain
|upkeep
|turn|7
|
|t:|1599193461
|switch|p1a: Hawlucha|Hawlucha, F, shiny|100/100
|-enditem|p1a: Hawlucha|Grassy Seed
|-boost|p1a: Hawlucha|def|1|[from] item: Grassy Seed
|move|p2a: Rillaboom|U-turn|p1a: Hawlucha
|-resisted|p1a: Hawlucha
|-damage|p1a: Hawlucha|96/100
|
|t:|1599193473
|switch|p2a: Grimmsnarl|Grimmsnarl, M|100/100|[from]move: U-turn
|
|upkeep
|turn|8
|
|t:|1599193487
|move|p1a: Hawlucha|Swords Dance|p1a: Hawlucha
|-boost|p1a: Hawlucha|atk|2
|move|p2a: Grimmsnarl|Spirit Break|p1a: Hawlucha
|-supereffective|p1a: Hawlucha
|-damage|p1a: Hawlucha|21/100
|-unboost|p1a: Hawlucha|spa|1
|-damage|p2a: Grimmsnarl|91/100|[from] item: Life Orb
|
|-heal|p2a: Grimmsnarl|97/100|[from] Grassy Terrain
|upkeep
|turn|9
|
|t:|1599193498
|move|p2a: Grimmsnarl|Sucker Punch|p1a: Hawlucha
|-resisted|p1a: Hawlucha
|-damage|p1a: Hawlucha|5/100
|-damage|p2a: Grimmsnarl|87/100|[from] item: Life Orb
|move|p1a: Hawlucha|Acrobatics|p2a: Grimmsnarl
|-damage|p2a: Grimmsnarl|0 fnt
|faint|p2a: Grimmsnarl
|
|upkeep
|
|t:|1599193505
|switch|p2a: Rillaboom|Rillaboom, M|100/100
|turn|10
|
|t:|1599193514
|move|p2a: Rillaboom|Grassy Glide|p1a: Hawlucha
|-resisted|p1a: Hawlucha
|-damage|p1a: Hawlucha|0 fnt
|faint|p1a: Hawlucha
|
|-fieldend|move: Grassy Terrain
|upkeep
|
|t:|1599193521
|switch|p1a: Corviknight|Corviknight, M|100/100
|turn|11
|
|t:|1599193539
|move|p2a: Rillaboom|Knock Off|p1a: Corviknight
|-damage|p1a: Corviknight|73/100
|-damage|p2a: Rillaboom|84/100|[from] item: Rocky Helmet|[of] p1a: Corviknight
|-enditem|p1a: Corviknight|Rocky Helmet|[from] move: Knock Off|[of] p2a: Rillaboom
|move|p1a: Corviknight|Brave Bird|p2a: Rillaboom
|-supereffective|p2a: Rillaboom
|-damage|p2a: Rillaboom|19/100
|-damage|p1a: Corviknight|50/100|[from] Recoil
|
|-heal|p2a: Rillaboom|25/100|[from] item: Leftovers
|upkeep
|turn|12
|
|t:|1599193554
|move|p2a: Rillaboom|U-turn|p1a: Corviknight
|-resisted|p1a: Corviknight
|-damage|p1a: Corviknight|46/100
|
|t:|1599193556
|switch|p2a: Togekiss|Togekiss, M|40/100|[from]move: U-turn
|move|p1a: Corviknight|Brave Bird|p2a: Togekiss
|-damage|p2a: Togekiss|6/100
|-damage|p1a: Corviknight|35/100|[from] Recoil
|
|-heal|p2a: Togekiss|12/100|[from] item: Leftovers
|upkeep
|turn|13
|
|t:|1599193567
|switch|p1a: Magnezone|Magnezone, shiny|100/100
|-activate|p1a: Magnezone|move: Sticky Web
|-unboost|p1a: Magnezone|spe|1
|move|p2a: Togekiss|Air Slash|p1a: Magnezone
|-resisted|p1a: Magnezone
|-damage|p1a: Magnezone|89/100
|
|-heal|p2a: Togekiss|18/100|[from] item: Leftovers
|upkeep
|turn|14
|
|t:|1599193576
|move|p2a: Togekiss|Wish|p2a: Togekiss
|move|p1a: Magnezone|Flash Cannon|p2a: Togekiss
|-supereffective|p2a: Togekiss
|-damage|p2a: Togekiss|0 fnt
|faint|p2a: Togekiss
|
|upkeep
|
|t:|1599193580
|switch|p2a: Rillaboom|Rillaboom, M|25/100
|-fieldstart|move: Grassy Terrain|[from] ability: Grassy Surge|[of] p2a: Rillaboom
|turn|15
|
|t:|1599193585
|move|p2a: Rillaboom|Fake Out|p1a: Magnezone
|-resisted|p1a: Magnezone
|-damage|p1a: Magnezone|83/100
|cant|p1a: Magnezone|flinch
|
|-heal|p2a: Rillaboom|71/100|[from] move: Wish|[wisher] Togekiss
|-heal|p2a: Rillaboom|77/100|[from] item: Leftovers
|-heal|p2a: Rillaboom|83/100|[from] Grassy Terrain
|-heal|p1a: Magnezone|89/100|[from] Grassy Terrain
|upkeep
|turn|16
|
|t:|1599193598
|switch|p1a: Corviknight|Corviknight, M|35/100
|move|p2a: Rillaboom|Knock Off|p1a: Corviknight
|-damage|p1a: Corviknight|16/100
|
|-heal|p2a: Rillaboom|90/100|[from] item: Leftovers
|-heal|p2a: Rillaboom|96/100|[from] Grassy Terrain
|upkeep
|turn|17
|
|t:|1599193606
|move|p2a: Rillaboom|Grassy Glide|p1a: Corviknight
|-resisted|p1a: Corviknight
|-damage|p1a: Corviknight|7/100
|move|p1a: Corviknight|Brave Bird|p2a: Rillaboom
|-supereffective|p2a: Rillaboom
|-damage|p2a: Rillaboom|25/100
|-damage|p1a: Corviknight|0 fnt|[from] Recoil
|faint|p1a: Corviknight
|
|-heal|p2a: Rillaboom|31/100|[from] item: Leftovers
|-heal|p2a: Rillaboom|37/100|[from] Grassy Terrain
|upkeep
|
|t:|1599193627
|switch|p1a: Rillaboom|Rillaboom, F|91/100 par
|-activate|p1a: Rillaboom|move: Sticky Web
|-unboost|p1a: Rillaboom|spe|1
|turn|18
|
|t:|1599193632
|move|p2a: Rillaboom|U-turn|p1a: Rillaboom
|-supereffective|p1a: Rillaboom
|-damage|p1a: Rillaboom|50/100 par
|
|t:|1599193635
|switch|p2a: Dragapult|Dragapult, M|100/100|[from]move: U-turn
|move|p1a: Rillaboom|Acrobatics|p2a: Dragapult
|-damage|p2a: Dragapult|75/100
|-damage|p1a: Rillaboom|40/100 par|[from] item: Life Orb
|
|-heal|p2a: Dragapult|81/100|[from] Grassy Terrain
|-heal|p1a: Rillaboom|46/100 par|[from] Grassy Terrain
|upkeep
|turn|19
|
|t:|1599193648
|switch|p1a: Magnezone|Magnezone, shiny|89/100
|-activate|p1a: Magnezone|move: Sticky Web
|-unboost|p1a: Magnezone|spe|1
|move|p2a: Dragapult|Shadow Ball|p1a: Magnezone
|-damage|p1a: Magnezone|59/100
|
|-heal|p2a: Dragapult|87/100|[from] Grassy Terrain
|-heal|p1a: Magnezone|65/100|[from] Grassy Terrain
|-fieldend|move: Grassy Terrain
|upkeep
|turn|20
|
|t:|1599193659
|move|p2a: Dragapult|Shadow Ball|p1a: Magnezone
|-damage|p1a: Magnezone|33/100
|move|p1a: Magnezone|Flash Cannon|p2a: Dragapult
|-damage|p2a: Dragapult|0 fnt
|-start|p1a: Magnezone|Disable|Flash Cannon|[from] ability: Cursed Body|[of] p2a: Dragapult
|faint|p2a: Dragapult
|
|upkeep
|
|t:|1599193665
|switch|p2a: Rillaboom|Rillaboom, M|37/100
|-fieldstart|move: Grassy Terrain|[from] ability: Grassy Surge|[of] p2a: Rillaboom
|turn|21
|
|t:|1599193675
|switch|p1a: Rillaboom|Rillaboom, F|46/100 par
|-activate|p1a: Rillaboom|move: Sticky Web
|-unboost|p1a: Rillaboom|spe|1
|move|p2a: Rillaboom|U-turn|p1a: Rillaboom
|-supereffective|p1a: Rillaboom
|-damage|p1a: Rillaboom|0 fnt
|faint|p1a: Rillaboom
|
|t:|1599193679
|switch|p2a: Clawitzer|Clawitzer, F|100/100|[from]move: U-turn
|
|upkeep
|
|t:|1599193686
|switch|p1a: Blastoise|Blastoise, M|100/100
|-activate|p1a: Blastoise|move: Sticky Web
|-unboost|p1a: Blastoise|spe|1
|-enditem|p1a: Blastoise|White Herb
|-clearnegativeboost|p1a: Blastoise|[silent]
|turn|22
|
|t:|1599193697
|move|p1a: Blastoise|Shell Smash|p1a: Blastoise
|-unboost|p1a: Blastoise|def|1
|-unboost|p1a: Blastoise|spd|1
|-boost|p1a: Blastoise|atk|2
|-boost|p1a: Blastoise|spa|2
|-boost|p1a: Blastoise|spe|2
|move|p2a: Clawitzer|Terrain Pulse|p1a: Blastoise
|-supereffective|p1a: Blastoise
|-damage|p1a: Blastoise|0 fnt
|faint|p1a: Blastoise
|
|upkeep
|
|t:|1599193707
|switch|p1a: Magnezone|Magnezone, shiny|33/100
|-activate|p1a: Magnezone|move: Sticky Web
|-unboost|p1a: Magnezone|spe|1
|turn|23
|
|t:|1599193714
|move|p2a: Clawitzer|Terrain Pulse|p1a: Magnezone
|-resisted|p1a: Magnezone
|-damage|p1a: Magnezone|0 fnt
|faint|p1a: Magnezone
|
|upkeep
|-message|noblev2 forfeited.
|
|win|Bassyxx
|l|☆noblev2
|raw|noblev2's rating: 1199 &rarr; <strong>1170</strong><br />(-29 for losing)
|raw|Bassyxx's rating: 1147 &rarr; <strong>1176</strong><br />(+29 for winning)
