|html|<div class="broadcast-blue"><strong>[Gen 8] OU is currently suspecting Melmetal! For information on how to participate check out the <a href="https://www.smogon.com/forums/threads/np-ss-ou-suspect-process-round-12-monster-mash.3709234/">suspect thread</a>.</strong></div>
|j|☆Giga Crabulon
|j|☆stantlerdude63
|inactive|Battle timer is ON: inactive players will automatically lose when time's up.
|t:|1666360578
|gametype|singles
|player|p1|Giga Crabulon|ghetsis-gen5bw|
|player|p2|stantlerdude63|169|
|teamsize|p1|6
|teamsize|p2|6
|gen|8
|tier|[Gen 8] OU
|rated|Tournament battle
|rule|Sleep Clause Mod: Limit one foe put to sleep
|rule|Species Clause: Limit one of each Pokémon
|rule|OHKO Clause: OHKO moves are banned
|rule|Evasion Items Clause: Evasion items are banned
|rule|Evasion Moves Clause: Evasion moves are banned
|rule|Endless Battle Clause: Forcing endless battles is banned
|rule|HP Percentage Mod: HP is shown in percentages
|rule|Dynamax Clause: You cannot dynamax
|clearpoke
|poke|p1|Melmetal|
|poke|p1|Weavile, M|
|poke|p1|Garchomp, M|
|poke|p1|Slowbro, M|
|poke|p1|Tornadus-Therian, M|
|poke|p1|Tapu Fini|
|poke|p2|Volcarona, F|
|poke|p2|Tapu Lele|
|poke|p2|Keldeo-Resolute|
|poke|p2|Blacephalon|
|poke|p2|Mew|
|poke|p2|Diggersby, F|
|teampreview
|inactive|Giga Crabulon also wants the timer to be on.
|j|@Sww-Suwa
|j| GengarAdept
|j| Mel0nL0rd
|j| OUTD Eclipse
|j| wailing!wailord
|j| EVERYOPPSHOT
|j| skeb
|j| laughokenisis\
|j| fork you phil
|j| whiteflares
|c| EVERYOPPSHOT|W for diggersby
|j| doomdr
|j| bjhkjl
|c| EVERYOPPSHOT|W team
|j| Fafnir_24
|
|t:|1666360603
|start
|switch|p1a: Tapu Fini|Tapu Fini|100/100
|switch|p2a: Diggersby|Diggersby, F|100/100
|-fieldstart|move: Misty Terrain|[from] ability: Misty Surge|[of] p1a: Tapu Fini
|turn|1
|l| whiteflares
|
|t:|1666360609
|move|p1a: Tapu Fini|Whirlpool|p2a: Diggersby
|-supereffective|p2a: Diggersby
|-damage|p2a: Diggersby|84/100
|-activate|p2a: Diggersby|move: Whirlpool|[of] p1a: Tapu Fini
|move|p2a: Diggersby|Spikes|p1a: Tapu Fini
|-sidestart|p1: Giga Crabulon|Spikes
|
|-damage|p2a: Diggersby|72/100|[from] move: Whirlpool|[partiallytrapped]
|upkeep
|turn|2
|j| ThatBoiN
|c| laughokenisis\|thats some bloo shit
|
|t:|1666360617
|move|p1a: Tapu Fini|Taunt|p2a: Diggersby
|-start|p2a: Diggersby|move: Taunt
|move|p2a: Diggersby|U-turn|p1a: Tapu Fini
|-resisted|p1a: Tapu Fini
|-damage|p1a: Tapu Fini|97/100
|
|t:|1666360627
|switch|p2a: Tapu Lele|Tapu Lele|100/100|[from]move: U-turn
|-fieldstart|move: Psychic Terrain|[from] ability: Psychic Surge|[of] p2a: Tapu Lele
|
|-heal|p1a: Tapu Fini|100/100|[from] item: Leftovers
|upkeep
|turn|3
|j|+moondazing
|j| outd k
|inactive|Giga Crabulon has 120 seconds left.
|inactive|stantlerdude63 has 120 seconds left.
|j| zaung
|
|t:|1666360682
|switch|p2a: Diggersby|Diggersby, F|72/100
|switch|p1a: Melmetal|Melmetal|100/100
|-damage|p1a: Melmetal|88/100|[from] Spikes
|
|-heal|p1a: Melmetal|94/100|[from] item: Leftovers
|upkeep
|turn|4
|
|t:|1666360690
|switch|p1a: Tornadus|Tornadus-Therian, M|100/100
|move|p2a: Diggersby|Spikes|p1a: Tornadus
|-sidestart|p1: Giga Crabulon|Spikes
|
|upkeep
|turn|5
|
|t:|1666360695
|move|p1a: Tornadus|Knock Off|p2a: Diggersby
|-damage|p2a: Diggersby|48/100
|-enditem|p2a: Diggersby|Sitrus Berry|[from] move: Knock Off|[of] p1a: Tornadus
|move|p2a: Diggersby|Toxic|p1a: Tornadus
|-status|p1a: Tornadus|tox
|
|-damage|p1a: Tornadus|94/100 tox|[from] psn
|upkeep
|turn|6
|c| GengarAdept|get them up
|c| EVERYOPPSHOT|wtf is this shit
|
|t:|1666360704
|move|p1a: Tornadus|Defog|p2a: Diggersby
|-unboost|p2a: Diggersby|evasion|1
|-sideend|p1: Giga Crabulon|Spikes|[from] move: Defog|[of] p1a: Tornadus
|-fieldend|move: Psychic Terrain
|move|p2a: Diggersby|Spikes|p1a: Tornadus
|-sidestart|p1: Giga Crabulon|Spikes
|
|-damage|p1a: Tornadus|82/100 tox|[from] psn
|upkeep
|turn|7
|
|t:|1666360708
|move|p1a: Tornadus|U-turn|p2a: Diggersby
|-damage|p2a: Diggersby|32/100
|c| EVERYOPPSHOT|cheek pouch lol
|j| cypherstest
|j| g2 fyssure
|inactive|Giga Crabulon has 120 seconds left.
|
|t:|1666360715
|switch|p1a: Tapu Fini|Tapu Fini|100/100|[from]move: U-turn
|-damage|p1a: Tapu Fini|88/100|[from] Spikes
|-fieldstart|move: Misty Terrain|[from] ability: Misty Surge|[of] p1a: Tapu Fini
|move|p2a: Diggersby|Spikes|p1a: Tapu Fini
|-sidestart|p1: Giga Crabulon|Spikes
|
|-heal|p1a: Tapu Fini|94/100|[from] item: Leftovers
|upkeep
|turn|8
|c| zaung|whats the catch with this tourney?
|
|t:|1666360724
|move|p1a: Tapu Fini|Moonblast|p2a: Diggersby
|-damage|p2a: Diggersby|7/100
|move|p2a: Diggersby|U-turn|p1a: Tapu Fini
|-resisted|p1a: Tapu Fini
|-crit|p1a: Tapu Fini
|-damage|p1a: Tapu Fini|89/100
|c| GengarAdept|ou but ou
|c| laughokenisis\|zaung this aint a htcl tour
|c| g2 fyssure|ou diggersby
|
|t:|1666360742
|switch|p2a: Volcarona|Volcarona, F|100/100|[from]move: U-turn
|
|-heal|p1a: Tapu Fini|95/100|[from] item: Leftovers
|upkeep
|turn|9
|c| zaung|oh it isnt?\
|
|t:|1666360757
|move|p2a: Volcarona|Quiver Dance|p2a: Volcarona
|-boost|p2a: Volcarona|spa|1
|-boost|p2a: Volcarona|spd|1
|-boost|p2a: Volcarona|spe|1
|move|p1a: Tapu Fini|Taunt|p2a: Volcarona
|-start|p2a: Volcarona|move: Taunt
|
|-heal|p1a: Tapu Fini|100/100|[from] item: Leftovers
|upkeep
|turn|10
|
|t:|1666360761
|move|p2a: Volcarona|Bug Buzz|p1a: Tapu Fini
|-resisted|p1a: Tapu Fini
|-damage|p1a: Tapu Fini|80/100
|move|p1a: Tapu Fini|Whirlpool|p2a: Volcarona
|-supereffective|p2a: Volcarona
|-damage|p2a: Volcarona|85/100
|-activate|p2a: Volcarona|move: Whirlpool|[of] p1a: Tapu Fini
|
|-heal|p1a: Tapu Fini|87/100|[from] item: Leftovers
|-damage|p2a: Volcarona|73/100|[from] move: Whirlpool|[partiallytrapped]
|upkeep
|turn|11
|
|t:|1666360764
|move|p2a: Volcarona|Bug Buzz|p1a: Tapu Fini
|-resisted|p1a: Tapu Fini
|-damage|p1a: Tapu Fini|66/100
|move|p1a: Tapu Fini|Nature's Madness|p2a: Volcarona
|-damage|p2a: Volcarona|37/100
|
|-heal|p1a: Tapu Fini|73/100|[from] item: Leftovers
|-damage|p2a: Volcarona|25/100|[from] move: Whirlpool|[partiallytrapped]
|-fieldend|Misty Terrain
|upkeep
|turn|12
|
|t:|1666360768
|move|p2a: Volcarona|Bug Buzz|p1a: Tapu Fini
|-resisted|p1a: Tapu Fini
|-crit|p1a: Tapu Fini
|-damage|p1a: Tapu Fini|40/100
|move|p1a: Tapu Fini|Whirlpool|p2a: Volcarona
|-supereffective|p2a: Volcarona
|-damage|p2a: Volcarona|10/100
|
|-heal|p1a: Tapu Fini|46/100|[from] item: Leftovers
|-damage|p2a: Volcarona|0 fnt|[from] move: Whirlpool|[partiallytrapped]
|faint|p2a: Volcarona
|upkeep
|
|t:|1666360771
|switch|p2a: Blacephalon|Blacephalon|100/100
|turn|13
|
|t:|1666360777
|move|p2a: Blacephalon|Knock Off|p1a: Tapu Fini
|-resisted|p1a: Tapu Fini
|-damage|p1a: Tapu Fini|35/100
|-enditem|p1a: Tapu Fini|Leftovers|[from] move: Knock Off|[of] p2a: Blacephalon
|move|p1a: Tapu Fini|Whirlpool|p2a: Blacephalon
|-supereffective|p2a: Blacephalon
|-damage|p2a: Blacephalon|59/100
|-activate|p2a: Blacephalon|move: Whirlpool|[of] p1a: Tapu Fini
|
|-damage|p2a: Blacephalon|47/100|[from] move: Whirlpool|[partiallytrapped]
|upkeep
|turn|14
|
|t:|1666360783
|move|p2a: Blacephalon|Explosion|p1a: Tapu Fini
|-enditem|p2a: Blacephalon|Normal Gem|[from] gem
|-damage|p1a: Tapu Fini|0 fnt
|faint|p2a: Blacephalon
|faint|p1a: Tapu Fini
|
|upkeep
|c| Mel0nL0rd|Knock explosion
|c| Mel0nL0rd|blace
|
|t:|1666360795
|switch|p2a: Tapu Lele|Tapu Lele|100/100
|switch|p1a: Tornadus|Tornadus-Therian, M|100/100 tox
|-fieldstart|move: Psychic Terrain|[from] ability: Psychic Surge|[of] p2a: Tapu Lele
|turn|15
|c| Mel0nL0rd|cool
|
|t:|1666360804
|move|p1a: Tornadus|Defog|p2a: Tapu Lele
|-unboost|p2a: Tapu Lele|evasion|1
|-sideend|p1: Giga Crabulon|Spikes|[from] move: Defog|[of] p1a: Tornadus
|-fieldend|move: Psychic Terrain
|move|p2a: Tapu Lele|Calm Mind|p2a: Tapu Lele
|-boost|p2a: Tapu Lele|spa|1
|-boost|p2a: Tapu Lele|spd|1
|
|-damage|p1a: Tornadus|94/100 tox|[from] psn
|upkeep
|turn|16
|
|t:|1666360812
|move|p1a: Tornadus|Knock Off|p2a: Tapu Lele
|-damage|p2a: Tapu Lele|82/100
|-enditem|p2a: Tapu Lele|Leftovers|[from] move: Knock Off|[of] p1a: Tornadus
|move|p2a: Tapu Lele|Iron Defense|p2a: Tapu Lele
|-boost|p2a: Tapu Lele|def|2
|
|-damage|p1a: Tornadus|82/100 tox|[from] psn
|upkeep
|turn|17
|j| aquidenuevo
|
|t:|1666360816
|move|p1a: Tornadus|U-turn|p2a: Tapu Lele
|-damage|p2a: Tapu Lele|75/100
|
|t:|1666360819
|switch|p1a: Melmetal|Melmetal|94/100|[from]move: U-turn
|move|p2a: Tapu Lele|Iron Defense|p2a: Tapu Lele
|-boost|p2a: Tapu Lele|def|2
|
|-heal|p1a: Melmetal|99/100|[from] item: Leftovers
|upkeep
|turn|18
|c| laughokenisis\|oml
|c| laughokenisis\|demon lele
|c| zaung|v4 atm
|c| zaung|5v4
|c| GengarAdept|melm still to strong
|c| Fafnir_24|missed opportunity to name blace as megumon
|c| laughokenisis\|i doubt it lives 1 bash
|c| laughokenisis\|lmfao
|c| Mel0nL0rd|Wonder if Lele survives that in the slightest
|c| zaung|it wont
|inactive|stantlerdude63 has 120 seconds left.
|c| laughokenisis\|like 1 punch of bash\
|c| OUTD Eclipse|i mean maybe?
|
|t:|1666360863
|move|p2a: Tapu Lele|Calm Mind|p2a: Tapu Lele
|-boost|p2a: Tapu Lele|spa|1
|-boost|p2a: Tapu Lele|spd|1
|move|p1a: Melmetal|Double Iron Bash|p2a: Tapu Lele
|-supereffective|p2a: Tapu Lele
|-damage|p2a: Tapu Lele|47/100
|-supereffective|p2a: Tapu Lele
|-damage|p2a: Tapu Lele|20/100
|-hitcount|p2a: Tapu Lele|2
|
|-heal|p1a: Melmetal|100/100|[from] item: Leftovers
|upkeep
|turn|19
|j| Skwovetboi
|c| Mel0nL0rd|Cool
|c| OUTD Eclipse|tanked
|c| Fafnir_24|it lived
|
|t:|1666360874
|move|p2a: Tapu Lele|Stored Power|p1a: Melmetal
|-resisted|p1a: Melmetal
|-damage|p1a: Melmetal|33/100
|move|p1a: Melmetal|Thunder Wave|p2a: Tapu Lele
|-status|p2a: Tapu Lele|par
|
|-heal|p1a: Melmetal|39/100|[from] item: Leftovers
|upkeep
|turn|20
|c| laughokenisis\|LOL
|c| fork you phil|what
|c| zaung|holy shit
|c| OUTD Eclipse|wait
|c| GengarAdept|wait
|
|t:|1666360886
|move|p1a: Melmetal|Protect|p1a: Melmetal
|-singleturn|p1a: Melmetal|Protect
|move|p2a: Tapu Lele|Stored Power|p1a: Melmetal
|-activate|p1a: Melmetal|move: Protect
|
|-heal|p1a: Melmetal|46/100|[from] item: Leftovers
|upkeep
|turn|21
|c| OUTD Eclipse|was that  throw?
|j| Rosaism
|c| OUTD Eclipse|*a throw
|
|t:|1666360890
|switch|p1a: Weavile|Weavile, M|100/100
|-ability|p1a: Weavile|Pressure
|cant|p2a: Tapu Lele|par
|
|upkeep
|turn|22
|
|t:|1666360897
|move|p1a: Weavile|Knock Off|p2a: Tapu Lele
|-damage|p2a: Tapu Lele|5/100 par
|move|p2a: Tapu Lele|Draining Kiss|p1a: Weavile
|-supereffective|p1a: Weavile
|-damage|p1a: Weavile|0 fnt
|-heal|p2a: Tapu Lele|68/100 par|[from] drain|[of] p1a: Weavile
|faint|p1a: Weavile
|
|upkeep
|c| laughokenisis\|oml
|c| zaung|yes it was
|c| Mel0nL0rd|Wuh oh
|c| laughokenisis\|LMAO
|c| zaung|DUUUUDE
|c| OUTD Eclipse|dang
|c| fork you phil|omg
|c|☆Giga Crabulon|Gg
|c| OUTD Eclipse|and just like that
|
|t:|1666360912
|switch|p1a: Melmetal|Melmetal|46/100
|turn|23
|l| EVERYOPPSHOT
|c| GengarAdept|kissed 👄💋
|
|t:|1666360915
|move|p2a: Tapu Lele|Stored Power|p1a: Melmetal
|-resisted|p1a: Melmetal
|-damage|p1a: Melmetal|0 fnt
|faint|p1a: Melmetal
|
|upkeep
|c| zaung|what are you doing
|l| Skwovetboi
|
|t:|1666360926
|switch|p1a: Tornadus|Tornadus-Therian, M|100/100 tox
|turn|24
|c| zaung|he threw
|
|t:|1666360928
|move|p1a: Tornadus|Hurricane|p2a: Tapu Lele
|-damage|p2a: Tapu Lele|49/100 par
|-start|p2a: Tapu Lele|confusion
|-activate|p2a: Tapu Lele|confusion
|move|p2a: Tapu Lele|Stored Power|p1a: Tornadus
|-damage|p1a: Tornadus|0 fnt
|faint|p1a: Tornadus
|
|upkeep
|
|t:|1666360933
|switch|p1a: Garchomp|Garchomp, M|100/100
|turn|25
|
|t:|1666360935
|move|p1a: Garchomp|Stealth Rock|p2a: Tapu Lele
|-sidestart|p2: stantlerdude63|move: Stealth Rock
|-activate|p2a: Tapu Lele|confusion
|move|p2a: Tapu Lele|Draining Kiss|p1a: Garchomp
|-supereffective|p1a: Garchomp
|-damage|p1a: Garchomp|24/100
|-heal|p2a: Tapu Lele|100/100 par|[from] drain|[of] p1a: Garchomp
|-damage|p2a: Tapu Lele|88/100 par|[from] ability: Rough Skin|[of] p1a: Garchomp
|-damage|p2a: Tapu Lele|72/100 par|[from] item: Rocky Helmet|[of] p1a: Garchomp
|
|upkeep
|turn|26
|
|t:|1666360939
|move|p1a: Garchomp|Earthquake|p2a: Tapu Lele
|-damage|p2a: Tapu Lele|59/100 par
|-activate|p2a: Tapu Lele|confusion
|-damage|p2a: Tapu Lele|57/100 par|[from] confusion
|
|upkeep
|turn|27
|c| fork you phil|wake up honey new lele just dropped
|
|t:|1666360942
|move|p1a: Garchomp|Earthquake|p2a: Tapu Lele
|-damage|p2a: Tapu Lele|43/100 par
|-end|p2a: Tapu Lele|confusion
|move|p2a: Tapu Lele|Stored Power|p1a: Garchomp
|-damage|p1a: Garchomp|0 fnt
|faint|p1a: Garchomp
|
|upkeep
|
|t:|1666360945
|switch|p1a: Slowpoke Rodriguez|Slowbro, M, shiny|100/100
|turn|28
|l| aquidenuevo
|c|☆Giga Crabulon|Well played
|
|t:|1666360964
|cant|p2a: Tapu Lele|par
|move|p1a: Slowpoke Rodriguez|Slack Off||[still]
|-fail|p1a: Slowpoke Rodriguez|heal
|
|upkeep
|turn|29
|c|☆stantlerdude63|Gg
|c| Mel0nL0rd|May I have the iv's for that?
|c| Mel0nL0rd|lol
|
|t:|1666360970
|move|p2a: Tapu Lele|Draining Kiss|p1a: Slowpoke Rodriguez
|-damage|p1a: Slowpoke Rodriguez|52/100
|-heal|p2a: Tapu Lele|86/100 par|[from] drain|[of] p1a: Slowpoke Rodriguez
|move|p1a: Slowpoke Rodriguez|Future Sight|p2a: Tapu Lele
|-start|p1a: Slowpoke Rodriguez|move: Future Sight
|
|upkeep
|turn|30
|
|t:|1666360972
|move|p2a: Tapu Lele|Draining Kiss|p1a: Slowpoke Rodriguez
|-damage|p1a: Slowpoke Rodriguez|5/100
|-heal|p2a: Tapu Lele|100/100 par|[from] drain|[of] p1a: Slowpoke Rodriguez
|move|p1a: Slowpoke Rodriguez|Slack Off|p1a: Slowpoke Rodriguez
|-heal|p1a: Slowpoke Rodriguez|55/100
|
|upkeep
|turn|31
|c| zaung|you threq
|
|t:|1666360975
|move|p2a: Tapu Lele|Draining Kiss|p1a: Slowpoke Rodriguez
|-damage|p1a: Slowpoke Rodriguez|14/100
|move|p1a: Slowpoke Rodriguez|Slack Off|p1a: Slowpoke Rodriguez
|-heal|p1a: Slowpoke Rodriguez|64/100
|
|-end|p2a: Tapu Lele|move: Future Sight
|-resisted|p2a: Tapu Lele
|-damage|p2a: Tapu Lele|92/100 par
|upkeep
|turn|32
|
|t:|1666360977
|move|p2a: Tapu Lele|Calm Mind|p2a: Tapu Lele
|-boost|p2a: Tapu Lele|spa|1
|-boost|p2a: Tapu Lele|spd|1
|move|p1a: Slowpoke Rodriguez|Slack Off|p1a: Slowpoke Rodriguez
|-heal|p1a: Slowpoke Rodriguez|100/100
|
|upkeep
|turn|33
|c| zaung|threw
|
|t:|1666360979
|move|p2a: Tapu Lele|Calm Mind|p2a: Tapu Lele
|-boost|p2a: Tapu Lele|spa|1
|-boost|p2a: Tapu Lele|spd|1
|move|p1a: Slowpoke Rodriguez|Body Press|p2a: Tapu Lele
|-resisted|p2a: Tapu Lele
|-damage|p2a: Tapu Lele|89/100 par
|
|upkeep
|turn|34
|
|t:|1666360981
|cant|p2a: Tapu Lele|par
|move|p1a: Slowpoke Rodriguez|Body Press|p2a: Tapu Lele
|-resisted|p2a: Tapu Lele
|-damage|p2a: Tapu Lele|87/100 par
|
|upkeep
|turn|35
|
|t:|1666360983
|move|p2a: Tapu Lele|Stored Power|p1a: Slowpoke Rodriguez
|-resisted|p1a: Slowpoke Rodriguez
|-damage|p1a: Slowpoke Rodriguez|0 fnt
|faint|p1a: Slowpoke Rodriguez
|
|win|stantlerdude63
|n|☆Giga Crabulon|gigacrabulon
|n|☆stantlerdude63|stantlerdude63
|n| Sww-Suwa|swwsuwa
|n| GengarAdept|gengaradept
|n| Mel0nL0rd|mel0nl0rd
|n| OUTD Eclipse|outdeclipse
|n| wailing!wailord|wailingwailord
|n| skeb|skeb
|n| laughokenisis\|laughokenisis
|n| fork you phil|forkyouphil
|n| doomdr|doomdr
|n| bjhkjl|bjhkjl
|n| Fafnir_24|fafnir24
|n| ThatBoiN|thatboin
|n|+moondazing|moondazing
|n| outd k|outdk
|n| zaung|zaung
|n| cypherstest|cypherstest
|n| g2 fyssure|g2fyssure
|n| Rosaism|rosaism
|l| Sww-Suwa
|l| Rosaism
|l|☆stantlerdude63
|l| wailing!wailord
|l| zaung
|c|☆Giga Crabulon|Ik
|l| skeb
|l|☆Giga Crabulon
|l| cypherstest
