|j|☆El Stefano
|j|☆NA Weezing
|t:|1663507284
|gametype|singles
|player|p1|El Stefano|169|1785
|player|p2|NA Weezing|101|1757
|teamsize|p1|6
|teamsize|p2|6
|gen|8
|tier|[Gen 8] OU
|rated|
|rule|Sleep Clause Mod: Limit one foe put to sleep
|rule|Species Clause: Limit one of each Pokémon
|rule|OHKO Clause: OHKO moves are banned
|rule|Evasion Items Clause: Evasion items are banned
|rule|Evasion Moves Clause: Evasion moves are banned
|rule|Endless Battle Clause: Forcing endless battles is banned
|rule|HP Percentage Mod: HP is shown in percentages
|rule|Dynamax Clause: You cannot dynamax
|clearpoke
|poke|p1|Tapu Bulu|
|poke|p1|Skarmory, F|
|poke|p1|Gastrodon, F|
|poke|p1|Victini|
|poke|p1|Bisharp, F|
|poke|p1|Clefable, F|
|poke|p2|Corviknight, F|
|poke|p2|Dragonite, F|
|poke|p2|Hatterene, F|
|poke|p2|Toxapex, F|
|poke|p2|Blissey, F|
|poke|p2|Quagsire, F|
|teampreview
|
|t:|1663507296
|start
|switch|p1a: Clefable|Clefable, F|100/100
|switch|p2a: Blissey|Blissey, F|100/100
|turn|1
|
|t:|1663507308
|switch|p2a: Toxapex|Toxapex, F|100/100
|move|p1a: Clefable|Stealth Rock|p2a: Toxapex
|-sidestart|p2: NA Weezing|move: Stealth Rock
|
|upkeep
|turn|2
|
|t:|1663507313
|switch|p2a: Corviknight|Corviknight, F|100/100
|-damage|p2a: Corviknight|88/100|[from] Stealth Rock
|-ability|p2a: Corviknight|Pressure
|move|p1a: Clefable|Thunderbolt|p2a: Corviknight
|-supereffective|p2a: Corviknight
|-damage|p2a: Corviknight|31/100
|
|-heal|p2a: Corviknight|37/100|[from] item: Leftovers
|upkeep
|turn|3
|
|t:|1663507325
|move|p2a: Corviknight|Defog|p1a: Clefable
|-unboost|p1a: Clefable|evasion|1
|-sideend|p2: NA Weezing|Stealth Rock|[from] move: Defog|[of] p2a: Corviknight
|move|p1a: Clefable|Thunderbolt|p2a: Corviknight
|-supereffective|p2a: Corviknight
|-damage|p2a: Corviknight|0 fnt
|faint|p2a: Corviknight
|
|upkeep
|
|t:|1663507331
|switch|p2a: Hatterene|Hatterene, F|100/100
|turn|4
|
|t:|1663507340
|switch|p1a: Victini|Victini|100/100
|move|p2a: Hatterene|Calm Mind|p2a: Hatterene
|-boost|p2a: Hatterene|spa|1
|-boost|p2a: Hatterene|spd|1
|
|upkeep
|turn|5
|j| An¤nym¤u5
|
|t:|1663507351
|switch|p2a: Toxapex|Toxapex, F|100/100
|move|p1a: Victini|Bolt Strike|p2a: Toxapex
|-supereffective|p2a: Toxapex
|-damage|p2a: Toxapex|45/100
|-damage|p1a: Victini|84/100|[from] item: Rocky Helmet|[of] p2a: Toxapex
|
|upkeep
|turn|6
|
|t:|1663507360
|switch|p2a: Quagsire|Quagsire, F|100/100
|move|p1a: Victini|Energy Ball|p2a: Quagsire
|-supereffective|p2a: Quagsire
|-damage|p2a: Quagsire|0 fnt
|faint|p2a: Quagsire
|
|upkeep
|-message|NA Weezing forfeited.
|
|win|El Stefano
|raw|El Stefano's rating: 1785 &rarr; <strong>1803</strong><br />(+18 for winning)
|raw|NA Weezing's rating: 1757 &rarr; <strong>1739</strong><br />(-18 for losing)
|l|☆NA Weezing
