|j|☆robopoke5
|j|☆user1_ou
|player|p1|robopoke5|169|1737
|player|p2|user1_ou|eusine|1751
|teamsize|p1|6
|teamsize|p2|6
|gametype|singles
|gen|8
|tier|[Gen 8] OU
|rated|
|clearpoke
|poke|p1|Clefable, M|
|poke|p1|Ditto|
|poke|p1|Slowbro, F|
|poke|p1|Indeedee, M|
|poke|p1|Diggersby, M|
|poke|p1|Dragapult, F|
|poke|p2|Clefable, F|
|poke|p2|Magnezone|
|poke|p2|Mantine, F|
|poke|p2|Pincurchin, F|
|poke|p2|Hawlucha, F|
|poke|p2|Tangrowth, F|
|rule|Sleep Clause Mod: Limit one foe put to sleep
|rule|Species Clause: Limit one of each Pokémon
|rule|OHKO Clause: OHKO moves are banned
|rule|Evasion Moves Clause: Evasion moves are banned
|rule|Endless Battle Clause: Forcing endless battles is banned
|rule|HP Percentage Mod: HP is shown in percentages
|rule|Dynamax Clause: You cannot dynamax
|teampreview
|inactive|Battle timer is ON: inactive players will automatically lose when time's up. (requested by robopoke5)
|
|start
|switch|p1a: Indeedee|Indeedee, M|100/100
|switch|p2a: Pincurchin|Pincurchin, F|100/100
|-fieldstart|move: Psychic Terrain|[from] ability: Psychic Surge|[of] p1a: Indeedee
|-fieldstart|move: Electric Terrain|[from] ability: Electric Surge|[of] p2a: Pincurchin
|turn|1
|
|switch|p1a: Dragapult|Dragapult, F|100/100
|move|p2a: Pincurchin|Toxic Spikes|p1a: Dragapult
|-sidestart|p1: robopoke5|move: Toxic Spikes
|
|upkeep
|turn|2
|
|move|p1a: Dragapult|Shadow Ball|p2a: Pincurchin
|-damage|p2a: Pincurchin|34/100
|move|p2a: Pincurchin|Rising Voltage|p1a: Dragapult
|-resisted|p1a: Dragapult
|-damage|p1a: Dragapult|42/100
|
|upkeep
|turn|3
|
|switch|p2a: Mantine|Mantine, F|100/100
|move|p1a: Dragapult|Shadow Ball|p2a: Mantine
|-damage|p2a: Mantine|67/100
|
|upkeep
|turn|4
|
|move|p1a: Dragapult|Shadow Ball|p2a: Mantine
|-damage|p2a: Mantine|30/100
|move|p2a: Mantine|Roost|p2a: Mantine
|-heal|p2a: Mantine|80/100
|-singleturn|p2a: Mantine|move: Roost
|
|upkeep
|turn|5
|j| crystoval
|
|switch|p1a: Clefable|Clefable, M|100/100
|-status|p1a: Clefable|psn
|move|p2a: Mantine|Roost|p2a: Mantine
|-heal|p2a: Mantine|100/100
|-singleturn|p2a: Mantine|move: Roost
|
|upkeep
|turn|6
|
|switch|p2a: Magnezone|Magnezone|100/100
|move|p1a: Clefable|Teleport|p1a: Clefable
|
|switch|p1a: Dragapult|Dragapult, F|42/100|[from]move: Teleport
|-status|p1a: Dragapult|psn
|
|-damage|p1a: Dragapult|30/100 psn|[from] psn
|upkeep
|turn|7
|
|move|p1a: Dragapult|Shadow Ball|p2a: Magnezone
|-damage|p2a: Magnezone|33/100
|move|p2a: Magnezone|Volt Switch|p1a: Dragapult
|-resisted|p1a: Dragapult
|-damage|p1a: Dragapult|0 fnt
|faint|p1a: Dragapult
|
|switch|p2a: Clefable|Clefable, F|100/100|[from]move: Volt Switch
|
|upkeep
|
|switch|p1a: Indeedee|Indeedee, M|100/100
|-status|p1a: Indeedee|psn
|-fieldstart|move: Psychic Terrain|[from] ability: Psychic Surge|[of] p1a: Indeedee
|turn|8
|l| crystoval
|
|switch|p2a: Pincurchin|Pincurchin, F|34/100
|-fieldstart|move: Electric Terrain|[from] ability: Electric Surge|[of] p2a: Pincurchin
|move|p1a: Indeedee|Expanding Force|p2a: Pincurchin
|-damage|p2a: Pincurchin|0 fnt
|faint|p2a: Pincurchin
|
|-damage|p1a: Indeedee|88/100 psn|[from] psn
|upkeep
|
|switch|p2a: Clefable|Clefable, F|100/100
|turn|9
|j| tungulus
|
|switch|p1a: Clefable|Clefable, M|100/100 psn
|move|p2a: Clefable|Moonblast|p1a: Clefable
|-damage|p1a: Clefable|79/100 psn
|-unboost|p1a: Clefable|spa|1
|
|-heal|p1a: Clefable|85/100 psn|[from] item: Leftovers
|upkeep
|turn|10
|
|move|p2a: Clefable|Knock Off|p1a: Clefable
|-resisted|p1a: Clefable
|-damage|p1a: Clefable|77/100 psn
|-enditem|p1a: Clefable|Leftovers|[from] move: Knock Off|[of] p2a: Clefable
|move|p1a: Clefable|Teleport|p1a: Clefable
|
|switch|p1a: Indeedee|Indeedee, M|88/100 psn|[from]move: Teleport
|-fieldstart|move: Psychic Terrain|[from] ability: Psychic Surge|[of] p1a: Indeedee
|
|-damage|p1a: Indeedee|76/100 psn|[from] psn
|upkeep
|turn|11
|
|move|p1a: Indeedee|Expanding Force|p2a: Clefable
|-crit|p2a: Clefable
|-damage|p2a: Clefable|0 fnt
|faint|p2a: Clefable
|
|-damage|p1a: Indeedee|64/100 psn|[from] psn
|upkeep
|
|switch|p2a: Mantine|Mantine, F|100/100
|turn|12
|c|☆robopoke5|sorry
|
|move|p1a: Indeedee|Expanding Force|p2a: Mantine
|-damage|p2a: Mantine|20/100
|move|p2a: Mantine|Roost|p2a: Mantine
|-heal|p2a: Mantine|70/100
|-singleturn|p2a: Mantine|move: Roost
|
|-damage|p1a: Indeedee|51/100 psn|[from] psn
|upkeep
|turn|13
|-message|user1_ou forfeited.
|
|win|robopoke5
|l|☆user1_ou
