|raw|<div class="broadcast-blue"><strong>This battle is required to be public due to a player having a name starting with 'lt92pf'.</div>
|j|☆rheysali
|j|☆LT92PF PDC
|t:|1659871732
|gametype|singles
|player|p1|rheysali|bugcatcher-gen4dp|1898
|player|p2|LT92PF PDC|ethan|1858
|teamsize|p1|6
|teamsize|p2|6
|gen|8
|tier|[Gen 8] OU
|rated|
|rule|Sleep Clause Mod: Limit one foe put to sleep
|rule|Species Clause: Limit one of each Pokémon
|rule|OHKO Clause: OHKO moves are banned
|rule|Evasion Items Clause: Evasion items are banned
|rule|Evasion Moves Clause: Evasion moves are banned
|rule|Endless Battle Clause: Forcing endless battles is banned
|rule|HP Percentage Mod: HP is shown in percentages
|rule|Dynamax Clause: You cannot dynamax
|clearpoke
|poke|p1|Regieleki|
|poke|p1|Tornadus-Therian, M|
|poke|p1|Tyranitar, F|
|poke|p1|Excadrill, F|
|poke|p1|Garchomp, M|
|poke|p1|Ferrothorn, M|
|poke|p2|Hawlucha, M|
|poke|p2|Espeon, M|
|poke|p2|Tapu Lele|
|poke|p2|Omastar, M|
|poke|p2|Cloyster, M|
|poke|p2|Polteageist|
|teampreview
|j| isudbhfahsb
|c|☆rheysali|hf
|inactive|Battle timer is ON: inactive players will automatically lose when time's up. (requested by rheysali)
|
|t:|1659871770
|start
|switch|p1a: Tornadus|Tornadus-Therian, M|100/100
|switch|p2a: Tapu Lele|Tapu Lele|100/100
|-fieldstart|move: Psychic Terrain|[from] ability: Psychic Surge|[of] p2a: Tapu Lele
|turn|1
|inactive|LT92PF PDC has 120 seconds left.
|
|t:|1659871806
|move|p1a: Tornadus|U-turn|p2a: Tapu Lele
|-damage|p2a: Tapu Lele|84/100
|j| LT92PF Lio
|
|t:|1659871810
|switch|p1a: Garchomp|Garchomp, M|100/100|[from]move: U-turn
|move|p2a: Tapu Lele|Psychic|p1a: Garchomp
|-damage|p1a: Garchomp|46/100
|
|-heal|p1a: Garchomp|52/100|[from] item: Leftovers
|upkeep
|turn|2
|
|t:|1659871822
|move|p1a: Garchomp|Protect|p1a: Garchomp
|-singleturn|p1a: Garchomp|Protect
|move|p2a: Tapu Lele|Moonblast|p1a: Garchomp
|-activate|p1a: Garchomp|move: Protect
|
|-heal|p1a: Garchomp|58/100|[from] item: Leftovers
|upkeep
|turn|3
|j| winston4l
|
|t:|1659871833
|move|p1a: Garchomp|Stealth Rock|p2a: Tapu Lele
|-sidestart|p2: LT92PF PDC|move: Stealth Rock
|move|p2a: Tapu Lele|Nature's Madness|p1a: Garchomp
|-damage|p1a: Garchomp|29/100
|
|-heal|p1a: Garchomp|36/100|[from] item: Leftovers
|upkeep
|turn|4
|
|t:|1659871843
|move|p1a: Garchomp|Earthquake|p2a: Tapu Lele
|-damage|p2a: Tapu Lele|31/100
|move|p2a: Tapu Lele|Moonblast|p1a: Garchomp
|-supereffective|p1a: Garchomp
|-damage|p1a: Garchomp|0 fnt
|faint|p1a: Garchomp
|
|upkeep
|j| siebenblattdorf
|
|t:|1659871846
|switch|p1a: Regieleki|Regieleki|100/100
|turn|5
|j| LT92PF line
|
|t:|1659871852
|move|p1a: Regieleki|Electro Ball|p2a: Tapu Lele
|-damage|p2a: Tapu Lele|0 fnt
|faint|p2a: Tapu Lele
|
|upkeep
|
|t:|1659871854
|switch|p2a: Hawlucha|Hawlucha, M|100/100
|-damage|p2a: Hawlucha|88/100|[from] Stealth Rock
|-enditem|p2a: Hawlucha|Psychic Seed
|-boost|p2a: Hawlucha|spd|1|[from] item: Psychic Seed
|turn|6
|j| vo1kner
|j| suibiandiandian
|j| zhuaba
|j| JooshP
|inactive|rheysali has 120 seconds left.
|
|t:|1659871895
|switch|p1a: Tornadus|Tornadus-Therian, M|100/100
|move|p2a: Hawlucha|Close Combat|p1a: Tornadus
|-resisted|p1a: Tornadus
|-damage|p1a: Tornadus|73/100
|-unboost|p2a: Hawlucha|def|1
|-unboost|p2a: Hawlucha|spd|1
|
|upkeep
|turn|7
|
|t:|1659871908
|move|p2a: Hawlucha|Defog|p1a: Tornadus
|-unboost|p1a: Tornadus|evasion|1
|-sideend|p2: LT92PF PDC|Stealth Rock|[from] move: Defog|[of] p2a: Hawlucha
|-fieldend|move: Psychic Terrain
|move|p1a: Tornadus|U-turn|p2a: Hawlucha
|-resisted|p2a: Hawlucha
|-damage|p2a: Hawlucha|81/100
|
|t:|1659871915
|switch|p1a: Ferrothorn|Ferrothorn, M|100/100|[from]move: U-turn
|
|upkeep
|turn|8
|j| 1Pyramid King
|
|t:|1659871919
|move|p2a: Hawlucha|Close Combat|p1a: Ferrothorn
|-supereffective|p1a: Ferrothorn
|-enditem|p1a: Ferrothorn|Chople Berry|[eat]
|-enditem|p1a: Ferrothorn|Chople Berry|[weaken]
|-damage|p1a: Ferrothorn|70/100
|-unboost|p2a: Hawlucha|def|1
|-unboost|p2a: Hawlucha|spd|1
|-damage|p2a: Hawlucha|68/100|[from] ability: Iron Barbs|[of] p1a: Ferrothorn
|move|p1a: Ferrothorn|Gyro Ball|p2a: Hawlucha
|-damage|p2a: Hawlucha|0 fnt
|faint|p2a: Hawlucha
|
|upkeep
|
|t:|1659871926
|switch|p2a: Espeon|Espeon, M|100/100
|turn|9
|j| tapu moxo
|inactive|rheysali has 120 seconds left.
|
|t:|1659871947
|switch|p1a: Tyranitar|Tyranitar, F|100/100
|-weather|Sandstorm|[from] ability: Sand Stream|[of] p1a: Tyranitar
|move|p2a: Espeon|Yawn|p1a: Tyranitar
|-start|p1a: Tyranitar|move: Yawn|[of] p2a: Espeon
|
|-weather|Sandstorm|[upkeep]
|-damage|p2a: Espeon|94/100|[from] Sandstorm
|upkeep
|turn|10
|inactive|rheysali has 120 seconds left.
|
|t:|1659871954
|switch|p1a: Ferrothorn|Ferrothorn, M|70/100
|move|p2a: Espeon|Yawn|p1a: Ferrothorn
|-start|p1a: Ferrothorn|move: Yawn|[of] p2a: Espeon
|
|-weather|Sandstorm|[upkeep]
|-damage|p2a: Espeon|88/100|[from] Sandstorm
|upkeep
|turn|11
|
|t:|1659871961
|switch|p1a: Tornadus|Tornadus-Therian, M|100/100
|move|p2a: Espeon|Yawn|p1a: Tornadus
|-start|p1a: Tornadus|move: Yawn|[of] p2a: Espeon
|
|-weather|Sandstorm|[upkeep]
|-damage|p1a: Tornadus|94/100|[from] Sandstorm
|-damage|p2a: Espeon|82/100|[from] Sandstorm
|upkeep
|turn|12
|
|t:|1659871970
|switch|p1a: Ferrothorn|Ferrothorn, M|70/100
|move|p2a: Espeon|Yawn|p1a: Ferrothorn
|-start|p1a: Ferrothorn|move: Yawn|[of] p2a: Espeon
|
|-weather|Sandstorm|[upkeep]
|-damage|p2a: Espeon|76/100|[from] Sandstorm
|upkeep
|turn|13
|
|t:|1659871973
|switch|p1a: Tornadus|Tornadus-Therian, M|100/100
|move|p2a: Espeon|Zap Cannon|p1a: Tornadus
|-supereffective|p1a: Tornadus
|-damage|p1a: Tornadus|16/100
|-status|p1a: Tornadus|par
|
|-weather|none
|upkeep
|turn|14
|
|t:|1659871985
|move|p2a: Espeon|Dazzling Gleam|p1a: Tornadus
|-damage|p1a: Tornadus|0 fnt
|faint|p1a: Tornadus
|
|upkeep
|
|t:|1659871986
|switch|p1a: Regieleki|Regieleki|100/100
|turn|15
|
|t:|1659871990
|move|p1a: Regieleki|Electro Ball|p2a: Espeon
|-damage|p2a: Espeon|29/100
|-enditem|p2a: Espeon|Eject Button
|
|t:|1659871997
|switch|p2a: Omastar|Omastar, M|100/100
|
|upkeep
|turn|16
|j| LT92PF Sunny
|j| Rubyblood
|
|t:|1659872010
|move|p1a: Regieleki|Volt Switch|p2a: Omastar
|-supereffective|p2a: Omastar
|-crit|p2a: Omastar
|-enditem|p2a: Omastar|Focus Sash
|-damage|p2a: Omastar|1/100
|
|t:|1659872013
|switch|p1a: Tyranitar|Tyranitar, F|100/100|[from]move: Volt Switch
|-weather|Sandstorm|[from] ability: Sand Stream|[of] p1a: Tyranitar
|move|p2a: Omastar|Earth Power|p1a: Tyranitar
|-supereffective|p1a: Tyranitar
|-damage|p1a: Tyranitar|58/100
|-unboost|p1a: Tyranitar|spd|1
|
|-weather|Sandstorm|[upkeep]
|upkeep
|turn|17
|j| dragonitenb
|
|t:|1659872025
|switch|p1a: Ferrothorn|Ferrothorn, M|70/100
|move|p2a: Omastar|Earth Power|p1a: Ferrothorn
|-crit|p1a: Ferrothorn
|-damage|p1a: Ferrothorn|30/100
|
|-weather|Sandstorm|[upkeep]
|upkeep
|turn|18
|
|t:|1659872030
|switch|p2a: Espeon|Espeon, M|29/100
|move|p1a: Ferrothorn|Gyro Ball|p2a: Espeon
|-damage|p2a: Espeon|0 fnt
|faint|p2a: Espeon
|
|-weather|Sandstorm|[upkeep]
|upkeep
|
|t:|1659872036
|switch|p2a: Cloyster|Cloyster, M|100/100
|turn|19
|
|t:|1659872049
|move|p2a: Cloyster|Shell Smash|p2a: Cloyster
|-unboost|p2a: Cloyster|def|1
|-unboost|p2a: Cloyster|spd|1
|-boost|p2a: Cloyster|atk|2
|-boost|p2a: Cloyster|spa|2
|-boost|p2a: Cloyster|spe|2
|move|p1a: Ferrothorn|Gyro Ball|p2a: Cloyster
|-damage|p2a: Cloyster|37/100
|
|-weather|Sandstorm|[upkeep]
|-damage|p2a: Cloyster|31/100|[from] Sandstorm
|upkeep
|turn|20
|
|t:|1659872056
|move|p2a: Cloyster|Icicle Spear|p1a: Ferrothorn
|-damage|p1a: Ferrothorn|17/100
|-damage|p1a: Ferrothorn|3/100
|-damage|p1a: Ferrothorn|0 fnt
|faint|p1a: Ferrothorn
|-hitcount|p1: Ferrothorn|3
|
|-weather|none
|upkeep
|
|t:|1659872057
|switch|p1a: Regieleki|Regieleki|100/100
|turn|21
|
|t:|1659872060
|move|p1a: Regieleki|Electro Ball|p2a: Cloyster
|-supereffective|p2a: Cloyster
|-damage|p2a: Cloyster|0 fnt
|faint|p2a: Cloyster
|
|upkeep
|
|t:|1659872062
|switch|p2a: Polteageist|Polteageist|100/100
|turn|22
|j| lt91BB stock972
|
|t:|1659872071
|move|p1a: Regieleki|Volt Switch|p2a: Polteageist
|-damage|p2a: Polteageist|46/100
|
|t:|1659872074
|switch|p1a: Tyranitar|Tyranitar, F|58/100|[from]move: Volt Switch
|-weather|Sandstorm|[from] ability: Sand Stream|[of] p1a: Tyranitar
|move|p2a: Polteageist|Shell Smash|p2a: Polteageist
|-unboost|p2a: Polteageist|def|1
|-unboost|p2a: Polteageist|spd|1
|-boost|p2a: Polteageist|atk|2
|-boost|p2a: Polteageist|spa|2
|-boost|p2a: Polteageist|spe|2
|
|-weather|Sandstorm|[upkeep]
|-damage|p2a: Polteageist|40/100|[from] Sandstorm
|upkeep
|turn|23
|
|t:|1659872078
|move|p2a: Polteageist|Giga Drain|p1a: Tyranitar
|-supereffective|p1a: Tyranitar
|-damage|p1a: Tyranitar|0 fnt
|-heal|p2a: Polteageist|78/100|[from] drain|[of] p1a: Tyranitar
|faint|p1a: Tyranitar
|
|-weather|Sandstorm|[upkeep]
|-damage|p2a: Polteageist|71/100|[from] Sandstorm
|upkeep
|l| 1Pyramid King
|
|t:|1659872080
|switch|p1a: Excadrill|Excadrill, F|100/100
|turn|24
|
|t:|1659872086
|move|p1a: Excadrill|Earthquake|p2a: Polteageist
|-damage|p2a: Polteageist|0 fnt
|faint|p2a: Polteageist
|
|-weather|Sandstorm|[upkeep]
|upkeep
|c|☆rheysali|gg
|c|☆LT92PF PDC|gg
|
|t:|1659872092
|switch|p2a: Omastar|Omastar, M|1/100
|turn|25
|l| suibiandiandian
|j| LT92PF Isza
|
|t:|1659872095
|move|p1a: Excadrill|Earthquake|p2a: Omastar
|-supereffective|p2a: Omastar
|-damage|p2a: Omastar|0 fnt
|faint|p2a: Omastar
|
|win|rheysali
|raw|rheysali's rating: 1898 &rarr; <strong>1914</strong><br />(+16 for winning)
|raw|LT92PF PDC's rating: 1830 &rarr; <strong>1814</strong><br />(-16 for losing)
|l|☆rheysali
|l| winston4l
