|html|<div class="broadcast-blue"><strong>[Gen 8] OU is currently suspecting Urshifu-S! For information on how to participate check out the <a href="https://www.smogon.com/forums/threads/np-ss-ou-suspect-process-round-8-aint-no-rest-for-the-wicked.3675310/">suspect thread</a>.</strong></div>
|j|☆Digvijay 2.0
|j|☆Kazt_5
|inactive|Battle timer is ON: inactive players will automatically lose when time's up.
|t:|1609746543
|player|p1|Digvijay 2.0|ruinmaniac|
|player|p2|Kazt_5|dawn|
|teamsize|p1|6
|teamsize|p2|6
|gametype|singles
|gen|8
|tier|[Gen 8] OU
|rated|Tournament battle
|clearpoke
|poke|p1|Swampert, F|
|poke|p1|Volcarona, F|
|poke|p1|Magearna|
|poke|p1|Dragonite, M|
|poke|p1|Rillaboom, M|
|poke|p1|Hawlucha, F|
|poke|p2|Urshifu-*, M|
|poke|p2|Heatran, M|
|poke|p2|Rillaboom, M|
|poke|p2|Nidoking, M|
|poke|p2|Zapdos|
|poke|p2|Kartana|
|rule|Sleep Clause Mod: Limit one foe put to sleep
|rule|Species Clause: Limit one of each Pokémon
|rule|OHKO Clause: OHKO moves are banned
|rule|Evasion Moves Clause: Evasion moves are banned
|rule|Endless Battle Clause: Forcing endless battles is banned
|rule|HP Percentage Mod: HP is shown in percentages
|rule|Dynamax Clause: You cannot dynamax
|teampreview
|j|%NixHex
|
|t:|1609746570
|start
|switch|p1a: Swampert|Swampert, F|100/100
|switch|p2a: Urshifu|Urshifu-Rapid-Strike, M|100/100
|turn|1
|j| RedBluePlays
|
|t:|1609746576
|move|p2a: Urshifu|Close Combat|p1a: Swampert
|-damage|p1a: Swampert|11/100
|-unboost|p2a: Urshifu|def|1
|-unboost|p2a: Urshifu|spd|1
|move|p1a: Swampert|Stealth Rock|p2a: Urshifu
|-sidestart|p2: Kazt_5|move: Stealth Rock
|
|-heal|p1a: Swampert|17/100|[from] item: Leftovers
|upkeep
|turn|2
|j| OST test ee
|
|t:|1609746601
|move|p2a: Urshifu|Close Combat|p1a: Swampert
|-damage|p1a: Swampert|0 fnt
|-unboost|p2a: Urshifu|def|1
|-unboost|p2a: Urshifu|spd|1
|faint|p1a: Swampert
|
|upkeep
|
|t:|1609746604
|switch|p1a: Dragonite|Dragonite, M|100/100
|turn|3
|j| Ladder clip
|j| F A Mpire
|
|t:|1609746618
|switch|p2a: Zapdos|Zapdos|100/100
|move|p1a: Dragonite|Dragon Dance|p1a: Dragonite
|-boost|p1a: Dragonite|atk|1
|-boost|p1a: Dragonite|spe|1
|
|upkeep
|turn|4
|
|t:|1609746624
|move|p1a: Dragonite|Dragon Dance|p1a: Dragonite
|-boost|p1a: Dragonite|atk|1
|-boost|p1a: Dragonite|spe|1
|move|p2a: Zapdos|Discharge|p1a: Dragonite
|-damage|p1a: Dragonite|83/100
|
|upkeep
|turn|5
|
|t:|1609746631
|move|p1a: Dragonite|Dragon Dance|p1a: Dragonite
|-boost|p1a: Dragonite|atk|1
|-boost|p1a: Dragonite|spe|1
|move|p2a: Zapdos|Discharge|p1a: Dragonite
|-damage|p1a: Dragonite|47/100
|
|upkeep
|turn|6
|
|t:|1609746635
|move|p1a: Dragonite|Roost|p1a: Dragonite
|-heal|p1a: Dragonite|97/100
|-singleturn|p1a: Dragonite|move: Roost
|move|p2a: Zapdos|Discharge|p1a: Dragonite
|-resisted|p1a: Dragonite
|-damage|p1a: Dragonite|80/100
|-status|p1a: Dragonite|par
|
|upkeep
|turn|7
|
|t:|1609746638
|cant|p1a: Dragonite|par
|move|p2a: Zapdos|Defog|p1a: Dragonite
|-unboost|p1a: Dragonite|evasion|1
|-sideend|p2: Kazt_5|Stealth Rock|[from] move: Defog|[of] p2a: Zapdos
|
|upkeep
|turn|8
|
|t:|1609746642
|move|p1a: Dragonite|Roost|p1a: Dragonite
|-heal|p1a: Dragonite|100/100 par
|-singleturn|p1a: Dragonite|move: Roost
|move|p2a: Zapdos|Hurricane|p1a: Dragonite|[miss]
|-miss|p2a: Zapdos|p1a: Dragonite
|
|upkeep
|turn|9
|
|t:|1609746646
|move|p1a: Dragonite|Dragon Dance|p1a: Dragonite
|-boost|p1a: Dragonite|atk|1
|-boost|p1a: Dragonite|spe|1
|move|p2a: Zapdos|Hurricane|p1a: Dragonite
|-damage|p1a: Dragonite|77/100 par
|
|upkeep
|turn|10
|
|t:|1609746664
|switch|p2a: Rillaboom|Rillaboom, M|100/100
|-fieldstart|move: Grassy Terrain|[from] ability: Grassy Surge|[of] p2a: Rillaboom
|-enditem|p2a: Rillaboom|Grassy Seed
|-boost|p2a: Rillaboom|def|1|[from] item: Grassy Seed
|move|p1a: Dragonite|Roost|p1a: Dragonite
|-heal|p1a: Dragonite|100/100 par
|-singleturn|p1a: Dragonite|move: Roost
|
|upkeep
|turn|11
|
|t:|1609746672
|switch|p2a: Zapdos|Zapdos|100/100
|move|p1a: Dragonite|Dual Wingbeat|p2a: Zapdos|[miss]
|-miss|p1a: Dragonite|p2a: Zapdos
|
|upkeep
|turn|12
|l| RedBluePlays
|
|t:|1609746680
|switch|p2a: Nidoking|Nidoking, M|100/100
|cant|p1a: Dragonite|par
|
|upkeep
|turn|13
|
|t:|1609746685
|move|p1a: Dragonite|Earthquake|p2a: Nidoking
|-supereffective|p2a: Nidoking
|-damage|p2a: Nidoking|0 fnt
|faint|p2a: Nidoking
|
|upkeep
|j| WTFAlice7
|c|☆Kazt_5|yeah i have like, nothing for that
|c|☆Kazt_5|and specifically that
|inactive|Kazt_5 has 120 seconds left.
|c| OST test ee|~~zapdos~~
|c|☆Kazt_5|needed it to get paralyze earlier
|c|☆Kazt_5|you saw what zapdos did
|c|☆Digvijay 2.0|I think Dnite is a bit Underrated
|
|t:|1609746733
|switch|p2a: Zapdos|Zapdos|100/100
|turn|14
|
|t:|1609746737
|move|p1a: Dragonite|Dual Wingbeat|p2a: Zapdos
|-resisted|p2a: Zapdos
|-damage|p2a: Zapdos|77/100
|-resisted|p2a: Zapdos
|-damage|p2a: Zapdos|52/100
|-hitcount|p2a: Zapdos|2
|move|p2a: Zapdos|Hurricane|p1a: Dragonite
|-damage|p1a: Dragonite|78/100 par
|
|-fieldend|move: Grassy Terrain
|upkeep
|turn|15
|c|%NixHex|nite's really good
|
|t:|1609746747
|move|p1a: Dragonite|Dual Wingbeat|p2a: Zapdos
|-resisted|p2a: Zapdos
|-damage|p2a: Zapdos|25/100
|-resisted|p2a: Zapdos
|-damage|p2a: Zapdos|0 fnt
|-hitcount|p2a: Zapdos|2
|faint|p2a: Zapdos
|
|upkeep
|
|t:|1609746755
|switch|p2a: Kartana|Kartana|100/100
|turn|16
|c| OST test ee|yeah nite is nice
|c| Ladder clip|Yk what...
|
|t:|1609746761
|move|p2a: Kartana|Smart Strike|p1a: Dragonite
|-damage|p1a: Dragonite|26/100 par
|move|p1a: Dragonite|Earthquake|p2a: Kartana
|-damage|p2a: Kartana|0 fnt
|faint|p2a: Kartana
|
|upkeep
|c|%NixHex|when i see it in team preview i get that sense of foreboding, the same one i get when i see nidoking
|
|t:|1609746771
|switch|p2a: Urshifu|Urshifu-Rapid-Strike, M|100/100
|turn|17
|j| WJFL
|
|t:|1609746790
|move|p1a: Dragonite|Earthquake|p2a: Urshifu
|-damage|p2a: Urshifu|0 fnt
|faint|p2a: Urshifu
|
|upkeep
|c|☆Kazt_5|gg
|inactive|Kazt_5 has 120 seconds left.
|c| Ladder clip|I know the nidoking feeling
|l| Ladder clip
|-message|Kazt_5 forfeited.
|
|win|Digvijay 2.0
|n|☆Digvijay 2.0|digvijay20
|n|☆Kazt_5|kazt5
|n|+NixHex|nixhex
|n| OST test ee|osttestee
|n| F A Mpire|fampire
|n| WTFAlice7|wtfalice7
|n| WJFL|wjfl
