|raw|<div class="broadcast-blue"><strong>This battle is required to be public due to a player having a name starting with 'lt92pf'.</div>
|j|‽Lt92pf nagi
|j|‽BLOODCLAT
|t:|1659810827
|gametype|singles
|player|p1|Lt92pf nagi|169|1883
|player|p2|BLOODCLAT|hoopster|1975
|teamsize|p1|6
|teamsize|p2|6
|gen|8
|tier|[Gen 8] OU
|rated|
|rule|Sleep Clause Mod: Limit one foe put to sleep
|rule|Species Clause: Limit one of each Pokémon
|rule|OHKO Clause: OHKO moves are banned
|rule|Evasion Items Clause: Evasion items are banned
|rule|Evasion Moves Clause: Evasion moves are banned
|rule|Endless Battle Clause: Forcing endless battles is banned
|rule|HP Percentage Mod: HP is shown in percentages
|rule|Dynamax Clause: You cannot dynamax
|clearpoke
|poke|p1|Melmetal|
|poke|p1|Rotom-Wash|
|poke|p1|Landorus-Therian, M|
|poke|p1|Kartana|
|poke|p1|Tapu Lele|
|poke|p1|Dragonite, F|
|poke|p2|Slowking, M|
|poke|p2|Dragonite, F|
|poke|p2|Clefable, M|
|poke|p2|Corviknight, M|
|poke|p2|Gastrodon-East, M|
|poke|p2|Toxapex, M|
|teampreview
|j| BLAIN3D
|l| BLAIN3D
|j| LT92PF LAZARILLO
|j|+Baleblaze ◢ ◤
|j| mejais teamstealer
|j| chainsawhand
|
|t:|1659810874
|start
|switch|p1a: Landorus|Landorus-Therian, M|100/100
|switch|p2a: Toxapex|Toxapex, M|100/100
|-ability|p1a: Landorus|Intimidate|boost
|-unboost|p2a: Toxapex|atk|1
|turn|1
|
|t:|1659810878
|move|p1a: Landorus|Earthquake|p2a: Toxapex
|-supereffective|p2a: Toxapex
|-damage|p2a: Toxapex|21/100
|move|p2a: Toxapex|Knock Off|p1a: Landorus
|-damage|p1a: Landorus|90/100
|-enditem|p1a: Landorus|Eject Button|[from] move: Knock Off|[of] p2a: Toxapex
|
|upkeep
|turn|2
|j| LT92PF ironwater
|j| Ekzykes
|
|t:|1659810885
|move|p1a: Landorus|Stealth Rock|p2a: Toxapex
|-sidestart|p2: BLOODCLAT|move: Stealth Rock
|move|p2a: Toxapex|Recover|p2a: Toxapex
|-heal|p2a: Toxapex|71/100
|
|upkeep
|turn|3
|j| S T I L M Y N E
|
|t:|1659810892
|move|p1a: Landorus|Knock Off|p2a: Toxapex
|-damage|p2a: Toxapex|43/100
|-enditem|p2a: Toxapex|Shed Shell|[from] move: Knock Off|[of] p1a: Landorus
|move|p2a: Toxapex|Knock Off|p1a: Landorus
|-damage|p1a: Landorus|82/100
|
|upkeep
|turn|4
|j| Parenting & Ladder
|
|t:|1659810897
|switch|p2a: Corviknight|Corviknight, M|100/100
|-damage|p2a: Corviknight|88/100|[from] Stealth Rock
|-ability|p2a: Corviknight|Pressure
|move|p1a: Landorus|Knock Off|p2a: Corviknight
|-damage|p2a: Corviknight|67/100
|-enditem|p2a: Corviknight|Leftovers|[from] move: Knock Off|[of] p1a: Landorus
|
|upkeep
|turn|5
|j| yop on the flux
|
|t:|1659810902
|switch|p1a: Rotom|Rotom-Wash|100/100
|move|p2a: Corviknight|Defog|p1a: Rotom
|-unboost|p1a: Rotom|evasion|1
|-sideend|p2: BLOODCLAT|Stealth Rock|[from] move: Defog|[of] p2a: Corviknight
|
|upkeep
|turn|6
|
|t:|1659810906
|switch|p1a: Landorus|Landorus-Therian, M|82/100
|-ability|p1a: Landorus|Intimidate|boost
|-unboost|p2a: Corviknight|atk|1
|switch|p2a: Gastrodon|Gastrodon-East, M|100/100
|
|upkeep
|turn|7
|
|t:|1659810909
|move|p1a: Landorus|Earthquake|p2a: Gastrodon
|-damage|p2a: Gastrodon|37/100
|move|p2a: Gastrodon|Toxic|p1a: Landorus|[miss]
|-miss|p2a: Gastrodon|p1a: Landorus
|
|-heal|p2a: Gastrodon|43/100|[from] item: Leftovers
|upkeep
|turn|8
|
|t:|1659810912
|switch|p2a: Corviknight|Corviknight, M|67/100
|-ability|p2a: Corviknight|Pressure
|move|p1a: Landorus|Earthquake|p2a: Corviknight
|-immune|p2a: Corviknight
|
|upkeep
|turn|9
|
|t:|1659810914
|move|p1a: Landorus|Stealth Rock|p2a: Corviknight
|-sidestart|p2: BLOODCLAT|move: Stealth Rock
|move|p2a: Corviknight|Roost|p2a: Corviknight
|-heal|p2a: Corviknight|100/100
|-singleturn|p2a: Corviknight|move: Roost
|
|upkeep
|turn|10
|
|t:|1659810920
|move|p1a: Landorus|Explosion|p2a: Corviknight
|-resisted|p2a: Corviknight
|-damage|p2a: Corviknight|71/100
|faint|p1a: Landorus
|move|p2a: Corviknight|Defog|p1: Landorus|[notarget]
|-fail|p2a: Corviknight
|
|upkeep
|
|t:|1659810925
|switch|p1a: Tapu Lele|Tapu Lele|100/100
|-fieldstart|move: Psychic Terrain|[from] ability: Psychic Surge|[of] p1a: Tapu Lele
|turn|11
|
|t:|1659810928
|switch|p1a: Kartana|Kartana|100/100
|switch|p2a: Slowking|Slowking, M|100/100
|-damage|p2a: Slowking|88/100|[from] Stealth Rock
|
|upkeep
|turn|12
|
|t:|1659810931
|move|p1a: Kartana|Swords Dance|p1a: Kartana
|-boost|p1a: Kartana|atk|2
|move|p2a: Slowking|Flamethrower|p1a: Kartana
|-supereffective|p1a: Kartana
|-damage|p1a: Kartana|0 fnt
|faint|p1a: Kartana
|
|upkeep
|
|t:|1659810936
|switch|p1a: Melmetal|Melmetal|100/100
|turn|13
|l| chainsawhand
|l| LT92PF LAZARILLO
|
|t:|1659810953
|switch|p2a: Toxapex|Toxapex, M|77/100
|-damage|p2a: Toxapex|65/100|[from] Stealth Rock
|move|p1a: Melmetal|Thunder Punch|p2a: Toxapex
|-supereffective|p2a: Toxapex
|-damage|p2a: Toxapex|4/100
|-status|p2a: Toxapex|par
|
|upkeep
|turn|14
|j| chainsawhand
|j| Atomise
|
|t:|1659811007
|move|p1a: Melmetal|Double Iron Bash|p2a: Toxapex
|-resisted|p2a: Toxapex
|-damage|p2a: Toxapex|0 fnt
|faint|p2a: Toxapex
|-hitcount|p2: Toxapex|1
|
|upkeep
|
|t:|1659811011
|switch|p2a: Corviknight|Corviknight, M|71/100
|-damage|p2a: Corviknight|59/100|[from] Stealth Rock
|-ability|p2a: Corviknight|Pressure
|turn|15
|j| lt92pf ruby
|j| Squaredby
|
|t:|1659811019
|move|p2a: Corviknight|Iron Defense|p2a: Corviknight
|-boost|p2a: Corviknight|def|2
|move|p1a: Melmetal|Thunder Punch|p2a: Corviknight
|-supereffective|p2a: Corviknight
|-damage|p2a: Corviknight|39/100
|
|-fieldend|move: Psychic Terrain
|upkeep
|turn|16
|inactive|Battle timer is ON: inactive players will automatically lose when time's up. (requested by BLOODCLAT)
|
|t:|1659811023
|switch|p1a: Rotom|Rotom-Wash|100/100
|move|p2a: Corviknight|Roost|p2a: Corviknight
|-heal|p2a: Corviknight|89/100
|-singleturn|p2a: Corviknight|move: Roost
|
|upkeep
|turn|17
|
|t:|1659811027
|switch|p2a: Gastrodon|Gastrodon-East, M|43/100
|-damage|p2a: Gastrodon|37/100|[from] Stealth Rock
|move|p1a: Rotom|Will-O-Wisp|p2a: Gastrodon
|-status|p2a: Gastrodon|brn
|
|-heal|p2a: Gastrodon|43/100 brn|[from] item: Leftovers
|-damage|p2a: Gastrodon|37/100 brn|[from] brn
|upkeep
|turn|18
|
|t:|1659811030
|switch|p1a: Melmetal|Melmetal|100/100
|move|p2a: Gastrodon|Recover|p2a: Gastrodon
|-heal|p2a: Gastrodon|87/100 brn
|
|-heal|p2a: Gastrodon|93/100 brn|[from] item: Leftovers
|-damage|p2a: Gastrodon|87/100 brn|[from] brn
|upkeep
|turn|19
|
|t:|1659811035
|switch|p2a: Corviknight|Corviknight, M|89/100
|-damage|p2a: Corviknight|76/100|[from] Stealth Rock
|-ability|p2a: Corviknight|Pressure
|move|p1a: Melmetal|Thunder Punch|p2a: Corviknight
|-supereffective|p2a: Corviknight
|-damage|p2a: Corviknight|30/100
|
|upkeep
|turn|20
|
|t:|1659811041
|move|p2a: Corviknight|Roost|p2a: Corviknight
|-heal|p2a: Corviknight|80/100
|-singleturn|p2a: Corviknight|move: Roost
|move|p1a: Melmetal|Superpower|p2a: Corviknight
|-supereffective|p2a: Corviknight
|-damage|p2a: Corviknight|24/100
|-unboost|p1a: Melmetal|atk|1
|-unboost|p1a: Melmetal|def|1
|
|upkeep
|turn|21
|
|t:|1659811047
|switch|p1a: Rotom|Rotom-Wash|100/100
|move|p2a: Corviknight|Roost|p2a: Corviknight
|-heal|p2a: Corviknight|74/100
|-singleturn|p2a: Corviknight|move: Roost
|
|upkeep
|turn|22
|
|t:|1659811052
|switch|p1a: Melmetal|Melmetal|100/100
|switch|p2a: Gastrodon|Gastrodon-East, M|87/100 brn
|-damage|p2a: Gastrodon|81/100 brn|[from] Stealth Rock
|
|-heal|p2a: Gastrodon|87/100 brn|[from] item: Leftovers
|-damage|p2a: Gastrodon|81/100 brn|[from] brn
|upkeep
|turn|23
|
|t:|1659811060
|switch|p2a: Corviknight|Corviknight, M|74/100
|-damage|p2a: Corviknight|62/100|[from] Stealth Rock
|-ability|p2a: Corviknight|Pressure
|move|p1a: Melmetal|Double Iron Bash|p2a: Corviknight
|-resisted|p2a: Corviknight
|-damage|p2a: Corviknight|47/100
|-resisted|p2a: Corviknight
|-damage|p2a: Corviknight|35/100
|-hitcount|p2a: Corviknight|2
|
|upkeep
|turn|24
|
|t:|1659811062
|move|p2a: Corviknight|Roost|p2a: Corviknight
|-heal|p2a: Corviknight|85/100
|-singleturn|p2a: Corviknight|move: Roost
|move|p1a: Melmetal|Thunder Punch|p2a: Corviknight
|-damage|p2a: Corviknight|64/100
|
|upkeep
|turn|25
|
|t:|1659811067
|move|p2a: Corviknight|Defog|p1a: Melmetal
|-unboost|p1a: Melmetal|evasion|1
|-sideend|p2: BLOODCLAT|Stealth Rock|[from] move: Defog|[of] p2a: Corviknight
|move|p1a: Melmetal|Thunder Punch|p2a: Corviknight
|-supereffective|p2a: Corviknight
|-damage|p2a: Corviknight|18/100
|
|upkeep
|turn|26
|
|t:|1659811072
|switch|p2a: Slowking|Slowking, M|100/100
|move|p1a: Melmetal|Superpower|p2a: Slowking
|-resisted|p2a: Slowking
|-damage|p2a: Slowking|73/100
|-unboost|p1a: Melmetal|atk|1
|-unboost|p1a: Melmetal|def|1
|
|upkeep
|turn|27
|
|t:|1659811078
|move|p1a: Melmetal|Double Iron Bash|p2a: Slowking
|-resisted|p2a: Slowking
|-damage|p2a: Slowking|56/100
|-resisted|p2a: Slowking
|-crit|p2a: Slowking
|-damage|p2a: Slowking|19/100
|-hitcount|p2a: Slowking|2
|cant|p2a: Slowking|flinch
|
|upkeep
|turn|28
|
|t:|1659811083
|switch|p2a: Dragonite|Dragonite, F|100/100
|move|p1a: Melmetal|Thunder Punch|p2a: Dragonite
|-damage|p2a: Dragonite|89/100
|
|upkeep
|turn|29
|
|t:|1659811086
|move|p2a: Dragonite|Flamethrower|p1a: Melmetal
|-supereffective|p1a: Melmetal
|-damage|p1a: Melmetal|77/100
|move|p1a: Melmetal|Ice Punch|p2a: Dragonite
|-supereffective|p2a: Dragonite
|-damage|p2a: Dragonite|0 fnt
|faint|p2a: Dragonite
|
|upkeep
|
|t:|1659811089
|switch|p2a: Corviknight|Corviknight, M|18/100
|-ability|p2a: Corviknight|Pressure
|turn|30
|l| Squaredby
|
|t:|1659811093
|switch|p1a: Tapu Lele|Tapu Lele|100/100
|-fieldstart|move: Psychic Terrain|[from] ability: Psychic Surge|[of] p1a: Tapu Lele
|move|p2a: Corviknight|Roost|p2a: Corviknight
|-heal|p2a: Corviknight|68/100
|-singleturn|p2a: Corviknight|move: Roost
|
|upkeep
|turn|31
|
|t:|1659811111
|switch|p2a: Slowking|Slowking, M|52/100
|move|p1a: Tapu Lele|Psychic|p2a: Slowking
|-resisted|p2a: Slowking
|-damage|p2a: Slowking|35/100
|
|upkeep
|turn|32
|
|t:|1659811116
|move|p1a: Tapu Lele|Psychic|p2a: Slowking
|-resisted|p2a: Slowking
|-damage|p2a: Slowking|18/100
|move|p2a: Slowking|Scald|p1a: Tapu Lele
|-damage|p1a: Tapu Lele|61/100
|-status|p1a: Tapu Lele|brn
|
|-damage|p1a: Tapu Lele|55/100 brn|[from] brn
|upkeep
|turn|33
|
|t:|1659811123
|move|p1a: Tapu Lele|Psychic|p2a: Slowking
|-resisted|p2a: Slowking
|-damage|p2a: Slowking|0 fnt
|faint|p2a: Slowking
|
|-damage|p1a: Tapu Lele|49/100 brn|[from] brn
|upkeep
|
|t:|1659811127
|switch|p2a: Corviknight|Corviknight, M|68/100
|-ability|p2a: Corviknight|Pressure
|turn|34
|
|t:|1659811136
|switch|p1a: Rotom|Rotom-Wash|100/100
|move|p2a: Corviknight|Roost|p2a: Corviknight
|-heal|p2a: Corviknight|100/100
|-singleturn|p2a: Corviknight|move: Roost
|
|-fieldend|move: Psychic Terrain
|upkeep
|turn|35
|
|t:|1659811147
|switch|p2a: Gastrodon|Gastrodon-East, M|81/100 brn
|move|p1a: Rotom|Will-O-Wisp|p2a: Gastrodon
|-fail|p2a: Gastrodon|brn
|
|-heal|p2a: Gastrodon|87/100 brn|[from] item: Leftovers
|-damage|p2a: Gastrodon|81/100 brn|[from] brn
|upkeep
|turn|36
|
|t:|1659811152
|switch|p1a: Melmetal|Melmetal|77/100
|move|p2a: Gastrodon|Scald|p1a: Melmetal
|-damage|p1a: Melmetal|62/100
|
|-heal|p2a: Gastrodon|87/100 brn|[from] item: Leftovers
|-damage|p2a: Gastrodon|81/100 brn|[from] brn
|upkeep
|turn|37
|
|t:|1659811157
|switch|p2a: Corviknight|Corviknight, M|100/100
|-ability|p2a: Corviknight|Pressure
|move|p1a: Melmetal|Double Iron Bash|p2a: Corviknight
|-resisted|p2a: Corviknight
|-damage|p2a: Corviknight|88/100
|-resisted|p2a: Corviknight
|-damage|p2a: Corviknight|75/100
|-hitcount|p2a: Corviknight|2
|
|upkeep
|turn|38
|
|t:|1659811161
|move|p2a: Corviknight|Iron Defense|p2a: Corviknight
|-boost|p2a: Corviknight|def|2
|move|p1a: Melmetal|Thunder Punch|p2a: Corviknight
|-supereffective|p2a: Corviknight
|-damage|p2a: Corviknight|54/100
|
|upkeep
|turn|39
|
|t:|1659811164
|switch|p1a: Rotom|Rotom-Wash|100/100
|move|p2a: Corviknight|Body Press|p1a: Rotom
|-damage|p1a: Rotom|60/100
|
|-heal|p1a: Rotom|66/100|[from] item: Leftovers
|upkeep
|turn|40
|j| a1012@!
|
|t:|1659811169
|switch|p1a: Melmetal|Melmetal|62/100
|move|p2a: Corviknight|Roost|p2a: Corviknight
|-heal|p2a: Corviknight|100/100
|-singleturn|p2a: Corviknight|move: Roost
|
|upkeep
|turn|41
|
|t:|1659811172
|switch|p1a: Rotom|Rotom-Wash|66/100
|move|p2a: Corviknight|Body Press|p1a: Rotom
|-damage|p1a: Rotom|20/100
|
|-heal|p1a: Rotom|26/100|[from] item: Leftovers
|upkeep
|turn|42
|
|t:|1659811177
|switch|p1a: Melmetal|Melmetal|62/100
|move|p2a: Corviknight|Body Press|p1a: Melmetal
|-supereffective|p1a: Melmetal
|-damage|p1a: Melmetal|0 fnt
|faint|p1a: Melmetal
|
|upkeep
|
|t:|1659811179
|switch|p1a: Rotom|Rotom-Wash|26/100
|turn|43
|l| chainsawhand
|
|t:|1659811192
|switch|p2a: Gastrodon|Gastrodon-East, M|81/100 brn
|move|p1a: Rotom|Will-O-Wisp|p2a: Gastrodon
|-fail|p2a: Gastrodon|brn
|
|-heal|p1a: Rotom|32/100|[from] item: Leftovers
|-heal|p2a: Gastrodon|87/100 brn|[from] item: Leftovers
|-damage|p2a: Gastrodon|81/100 brn|[from] brn
|upkeep
|turn|44
|j| chainsawhand
|
|t:|1659811197
|move|p1a: Rotom|Pain Split|p2a: Gastrodon
|-sethp|p2a: Gastrodon|52/100 brn|[from] move: Pain Split|[silent]
|-sethp|p1a: Rotom|73/100|[from] move: Pain Split
|move|p2a: Gastrodon|Toxic|p1a: Rotom
|-status|p1a: Rotom|tox
|
|-heal|p1a: Rotom|79/100 tox|[from] item: Leftovers
|-heal|p2a: Gastrodon|58/100 brn|[from] item: Leftovers
|-damage|p1a: Rotom|73/100 tox|[from] psn
|-damage|p2a: Gastrodon|52/100 brn|[from] brn
|upkeep
|turn|45
|
|t:|1659811201
|switch|p1a: Tapu Lele|Tapu Lele|49/100 brn
|-fieldstart|move: Psychic Terrain|[from] ability: Psychic Surge|[of] p1a: Tapu Lele
|move|p2a: Gastrodon|Recover|p2a: Gastrodon
|-heal|p2a: Gastrodon|100/100 brn
|
|-damage|p1a: Tapu Lele|42/100 brn|[from] brn
|-damage|p2a: Gastrodon|94/100 brn|[from] brn
|upkeep
|turn|46
|
|t:|1659811206
|move|p1a: Tapu Lele|Psychic|p2a: Gastrodon
|-damage|p2a: Gastrodon|52/100 brn
|move|p2a: Gastrodon|Scald|p1a: Tapu Lele
|-damage|p1a: Tapu Lele|13/100 brn
|
|-heal|p2a: Gastrodon|58/100 brn|[from] item: Leftovers
|-damage|p1a: Tapu Lele|7/100 brn|[from] brn
|-damage|p2a: Gastrodon|52/100 brn|[from] brn
|upkeep
|turn|47
|
|t:|1659811210
|move|p1a: Tapu Lele|Psychic|p2a: Gastrodon
|-damage|p2a: Gastrodon|9/100 brn
|move|p2a: Gastrodon|Recover|p2a: Gastrodon
|-heal|p2a: Gastrodon|59/100 brn
|
|-heal|p2a: Gastrodon|65/100 brn|[from] item: Leftovers
|-damage|p1a: Tapu Lele|1/100 brn|[from] brn
|-damage|p2a: Gastrodon|59/100 brn|[from] brn
|upkeep
|turn|48
|
|t:|1659811212
|move|p1a: Tapu Lele|Psychic|p2a: Gastrodon
|-damage|p2a: Gastrodon|16/100 brn
|move|p2a: Gastrodon|Recover|p2a: Gastrodon
|-heal|p2a: Gastrodon|66/100 brn
|
|-heal|p2a: Gastrodon|72/100 brn|[from] item: Leftovers
|-damage|p1a: Tapu Lele|0 fnt|[from] brn
|faint|p1a: Tapu Lele
|-damage|p2a: Gastrodon|66/100 brn|[from] brn
|upkeep
|
|t:|1659811217
|switch|p1a: Dragonite|Dragonite, F|100/100
|turn|49
|
|t:|1659811234
|move|p1a: Dragonite|Dual Wingbeat|p2a: Gastrodon
|-damage|p2a: Gastrodon|43/100 brn
|-damage|p2a: Gastrodon|20/100 brn
|-hitcount|p2a: Gastrodon|2
|move|p2a: Gastrodon|Clear Smog|p1a: Dragonite
|-damage|p1a: Dragonite|95/100
|-clearboost|p1a: Dragonite
|
|-heal|p2a: Gastrodon|27/100 brn|[from] item: Leftovers
|-damage|p2a: Gastrodon|20/100 brn|[from] brn
|-fieldend|move: Psychic Terrain
|upkeep
|turn|50
|l| Ekzykes
|
|t:|1659811240
|move|p1a: Dragonite|Earthquake|p2a: Gastrodon
|-damage|p2a: Gastrodon|0 fnt
|faint|p2a: Gastrodon
|
|upkeep
|j| Ekzykes
|
|t:|1659811242
|switch|p2a: Clefable|Clefable, M|100/100
|turn|51
|
|t:|1659811246
|move|p1a: Dragonite|Dragon Dance|p1a: Dragonite
|-boost|p1a: Dragonite|atk|1
|-boost|p1a: Dragonite|spe|1
|move|p2a: Clefable|Calm Mind|p2a: Clefable
|-boost|p2a: Clefable|spa|1
|-boost|p2a: Clefable|spd|1
|
|upkeep
|turn|52
|
|t:|1659811248
|move|p1a: Dragonite|Dual Wingbeat|p2a: Clefable
|-damage|p2a: Clefable|83/100
|-crit|p2a: Clefable
|-damage|p2a: Clefable|57/100
|-hitcount|p2a: Clefable|2
|move|p2a: Clefable|Moonblast|p1a: Dragonite
|-supereffective|p1a: Dragonite
|-damage|p1a: Dragonite|0 fnt
|faint|p1a: Dragonite
|
|-heal|p2a: Clefable|63/100|[from] item: Leftovers
|upkeep
|-message|Lt92pf nagi forfeited.
|
|win|BLOODCLAT
|raw|Lt92pf nagi's rating: 1883 &rarr; <strong>1868</strong><br />(-15 for losing)
|raw|BLOODCLAT's rating: 1975 &rarr; <strong>1990</strong><br />(+15 for winning)
|l| lt92pf ruby
|l|‽BLOODCLAT
|l|‽Lt92pf nagi
|l| a1012
|l|+Baleblaze ◢ ◤
|j| lt92pf cuzzie
|l| LT92PF ironwater
|j| LT92PFShow404
|l| chainsawhand
||Ladder isn't responding, score probably updated but might not have (Request timeout).
|l| Parenting & Ladder
|j| blce
|l| blce
