|html|<div class="broadcast-blue"><strong>[Gen 8] OU is currently suspecting Melmetal! For information on how to participate check out the <a href="https://www.smogon.com/forums/threads/np-ss-ou-suspect-process-round-12-monster-mash.3709234/">suspect thread</a>.</strong></div>
|j|☆minimax_ai
|j|☆playeraccount
|t:|1666707250
|gametype|singles
|player|p1|minimax_ai|lusamine-nihilego|1409
|player|p2|playeraccount|2|1421
|teamsize|p1|6
|teamsize|p2|6
|gen|8
|tier|[Gen 8] OU
|rated|
|rule|Sleep Clause Mod: Limit one foe put to sleep
|rule|Species Clause: Limit one of each Pokémon
|rule|OHKO Clause: OHKO moves are banned
|rule|Evasion Items Clause: Evasion items are banned
|rule|Evasion Moves Clause: Evasion moves are banned
|rule|Endless Battle Clause: Forcing endless battles is banned
|rule|HP Percentage Mod: HP is shown in percentages
|rule|Dynamax Clause: You cannot dynamax
|clearpoke
|poke|p1|Rotom-Wash|
|poke|p1|Weavile, F|
|poke|p1|Landorus-Therian, M|
|poke|p1|Heatran, M|
|poke|p1|Tangrowth, M|
|poke|p1|Melmetal|
|poke|p2|Diancie|
|poke|p2|Slowbro, M|
|poke|p2|Zapdos|
|poke|p2|Kartana|
|poke|p2|Nidoqueen, F|
|poke|p2|Tapu Fini|
|teampreview
|c|☆minimax_ai|hf
|inactive|Battle timer is ON: inactive players will automatically lose when time's up. (requested by minimax_ai)
|
|t:|1666707281
|start
|switch|p1a: Melmetal|Melmetal|100/100
|switch|p2a: Kartana|Kartana, shiny|100/100
|turn|1
|
|t:|1666707286
|switch|p2a: Slowbro|Slowbro, M, shiny|100/100
|move|p1a: Melmetal|Double Iron Bash|p2a: Slowbro
|-resisted|p2a: Slowbro
|-damage|p2a: Slowbro|89/100
|-damage|p1a: Melmetal|84/100|[from] item: Rocky Helmet|[of] p2a: Slowbro
|-resisted|p2a: Slowbro
|-damage|p2a: Slowbro|78/100
|-damage|p1a: Melmetal|67/100|[from] item: Rocky Helmet|[of] p2a: Slowbro
|-hitcount|p2a: Slowbro|2
|
|upkeep
|turn|2
|
|t:|1666707288
|move|p1a: Melmetal|Thunder Punch|p2a: Slowbro
|-supereffective|p2a: Slowbro
|-crit|p2a: Slowbro
|-damage|p2a: Slowbro|14/100
|-damage|p1a: Melmetal|51/100|[from] item: Rocky Helmet|[of] p2a: Slowbro
|move|p2a: Slowbro|Teleport|p2a: Slowbro
|
|t:|1666707294
|switch|p2a: Zapdos|Zapdos|100/100|[from]move: Teleport
|
|upkeep
|turn|3
|
|t:|1666707297
|move|p2a: Zapdos|Heat Wave|p1a: Melmetal
|-supereffective|p1a: Melmetal
|-damage|p1a: Melmetal|23/100
|move|p1a: Melmetal|Ice Punch|p2a: Zapdos
|-supereffective|p2a: Zapdos
|-damage|p2a: Zapdos|47/100
|
|upkeep
|turn|4
|
|t:|1666707300
|switch|p1a: Heatran|Heatran, M|100/100
|-item|p1a: Heatran|Air Balloon
|move|p2a: Zapdos|Heat Wave|p1a: Heatran
|-start|p1a: Heatran|ability: Flash Fire
|
|upkeep
|turn|5
|
|t:|1666707303
|move|p1a: Heatran|Magma Storm|p2a: Zapdos
|-damage|p2a: Zapdos|0 fnt
|faint|p2a: Zapdos
|
|upkeep
|
|t:|1666707308
|switch|p2a: Diancie|Diancie, shiny|100/100
|turn|6
|
|t:|1666707310
|-end|p1a: Heatran|ability: Flash Fire|[silent]
|switch|p1a: rotomwash|Rotom-Wash|100/100
|move|p2a: Diancie|Diamond Storm|p1a: rotomwash
|-damage|p1a: rotomwash|64/100
|-boost|p2a: Diancie|def|2
|
|-heal|p1a: rotomwash|70/100|[from] item: Leftovers
|upkeep
|turn|7
|
|t:|1666707318
|move|p1a: rotomwash|Nasty Plot|p1a: rotomwash
|-boost|p1a: rotomwash|spa|2
|move|p2a: Diancie|Diamond Storm|p1a: rotomwash
|-damage|p1a: rotomwash|33/100
|
|-heal|p1a: rotomwash|39/100|[from] item: Leftovers
|upkeep
|turn|8
|
|t:|1666707321
|move|p1a: rotomwash|Hydro Pump|p2a: Diancie
|-supereffective|p2a: Diancie
|-damage|p2a: Diancie|1/100
|move|p2a: Diancie|Body Press|p1a: rotomwash
|-damage|p1a: rotomwash|0 fnt
|faint|p1a: rotomwash
|
|-heal|p2a: Diancie|7/100|[from] item: Leftovers
|upkeep
|
|t:|1666707321
|switch|p1a: landorustherian|Landorus-Therian, M|100/100
|-ability|p1a: landorustherian|Intimidate|boost
|-fail|p2a: Diancie|unboost|[from] ability: Clear Body|[of] p2a: Diancie
|turn|9
|
|t:|1666707336
|switch|p2a: Tapu Fini|Tapu Fini, shiny|100/100
|-fieldstart|move: Misty Terrain|[from] ability: Misty Surge|[of] p2a: Tapu Fini
|move|p1a: landorustherian|Earthquake|p2a: Tapu Fini
|-damage|p2a: Tapu Fini|50/100
|
|upkeep
|turn|10
|
|t:|1666707338
|move|p2a: Tapu Fini|Ice Beam|p1a: landorustherian
|-supereffective|p1a: landorustherian
|-damage|p1a: landorustherian|27/100
|move|p1a: landorustherian|Earthquake|p2a: Tapu Fini
|-damage|p2a: Tapu Fini|4/100
|
|-heal|p1a: landorustherian|33/100|[from] item: Leftovers
|upkeep
|turn|11
|
|t:|1666707341
|switch|p1a: Heatran|Heatran, M|100/100
|-item|p1a: Heatran|Air Balloon
|move|p2a: Tapu Fini|Ice Beam|p1a: Heatran
|-resisted|p1a: Heatran
|-damage|p1a: Heatran|95/100
|-enditem|p1a: Heatran|Air Balloon
|
|upkeep
|turn|12
|
|t:|1666707345
|switch|p2a: Diancie|Diancie, shiny|7/100
|move|p1a: Heatran|Earth Power|p2a: Diancie
|-supereffective|p2a: Diancie
|-crit|p2a: Diancie
|-damage|p2a: Diancie|0 fnt
|faint|p2a: Diancie
|
|upkeep
|
|t:|1666707348
|switch|p2a: Nidoqueen|Nidoqueen, F, shiny|100/100
|turn|13
|
|t:|1666707350
|move|p1a: Heatran|Eruption|p2a: Nidoqueen
|-damage|p2a: Nidoqueen|14/100
|move|p2a: Nidoqueen|Earth Power|p1a: Heatran
|-supereffective|p1a: Heatran
|-damage|p1a: Heatran|0 fnt
|faint|p1a: Heatran
|
|-fieldend|Misty Terrain
|upkeep
|
|t:|1666707350
|switch|p1a: Weavile|Weavile, F|100/100
|-ability|p1a: Weavile|Pressure
|turn|14
|
|t:|1666707357
|switch|p2a: Slowbro|Slowbro, M, shiny|48/100
|move|p1a: Weavile|Knock Off|p2a: Slowbro
|-supereffective|p2a: Slowbro
|-damage|p2a: Slowbro|0 fnt
|-damage|p1a: Weavile|84/100|[from] item: Rocky Helmet|[of] p2a: Slowbro
|-enditem|p2a: Slowbro|Rocky Helmet|[from] move: Knock Off|[of] p1a: Weavile
|faint|p2a: Slowbro
|
|upkeep
|
|t:|1666707359
|switch|p2a: Kartana|Kartana, shiny|100/100
|turn|15
|
|t:|1666707363
|switch|p1a: Tangrowth|Tangrowth, M|100/100
|move|p2a: Kartana|Sacred Sword|p1a: Tangrowth
|-damage|p1a: Tangrowth|70/100
|-damage|p2a: Kartana|84/100|[from] item: Rocky Helmet|[of] p1a: Tangrowth
|
|upkeep
|turn|16
|
|t:|1666707367
|move|p2a: Kartana|Sacred Sword|p1a: Tangrowth
|-crit|p1a: Tangrowth
|-damage|p1a: Tangrowth|20/100
|-damage|p2a: Kartana|67/100|[from] item: Rocky Helmet|[of] p1a: Tangrowth
|move|p1a: Tangrowth|Giga Drain|p2a: Kartana
|-resisted|p2a: Kartana
|-damage|p2a: Kartana|47/100
|-heal|p1a: Tangrowth|26/100|[from] drain|[of] p2a: Kartana
|
|upkeep
|turn|17
|
|t:|1666707373
|switch|p1a: landorustherian|Landorus-Therian, M|33/100
|-ability|p1a: landorustherian|Intimidate|boost
|-unboost|p2a: Kartana|atk|1
|move|p2a: Kartana|Sacred Sword|p1a: landorustherian
|-resisted|p1a: landorustherian
|-damage|p1a: landorustherian|15/100
|
|-heal|p1a: landorustherian|21/100|[from] item: Leftovers
|upkeep
|turn|18
|
|t:|1666707378
|switch|p2a: Tapu Fini|Tapu Fini, shiny|4/100
|-fieldstart|move: Misty Terrain|[from] ability: Misty Surge|[of] p2a: Tapu Fini
|move|p1a: landorustherian|Earthquake|p2a: Tapu Fini
|-damage|p2a: Tapu Fini|0 fnt
|faint|p2a: Tapu Fini
|
|-heal|p1a: landorustherian|27/100|[from] item: Leftovers
|upkeep
|
|t:|1666707380
|switch|p2a: Nidoqueen|Nidoqueen, F, shiny|14/100
|turn|19
|
|t:|1666707384
|move|p2a: Nidoqueen|Ice Beam|p1a: landorustherian
|-supereffective|p1a: landorustherian
|-damage|p1a: landorustherian|0 fnt
|faint|p1a: landorustherian
|
|upkeep
|
|t:|1666707384
|switch|p1a: Weavile|Weavile, F|84/100
|-ability|p1a: Weavile|Pressure
|turn|20
|
|t:|1666707387
|move|p1a: Weavile|Triple Axel|p2a: Nidoqueen
|-supereffective|p2a: Nidoqueen
|-damage|p2a: Nidoqueen|0 fnt
|faint|p2a: Nidoqueen
|-hitcount|p2: Nidoqueen|1
|
|upkeep
|
|t:|1666707390
|switch|p2a: Kartana|Kartana, shiny|47/100
|turn|21
|
|t:|1666707392
|move|p1a: Weavile|Triple Axel|p2a: Kartana
|-damage|p2a: Kartana|30/100
|-damage|p2a: Kartana|0 fnt
|faint|p2a: Kartana
|-hitcount|p2: Kartana|2
|
|win|minimax_ai
|raw|minimax_ai's rating: 1409 &rarr; <strong>1430</strong><br />(+21 for winning)
|raw|playeraccount's rating: 1421 &rarr; <strong>1400</strong><br />(-21 for losing)
|c|☆minimax_ai|gg
