|j|☆arnavgupta
|j|☆bramitoboy
|t:|1661089830
|gametype|singles
|player|p1|arnavgupta|drayden|1682
|player|p2|bramitoboy|1|1942
|teamsize|p1|6
|teamsize|p2|6
|gen|8
|tier|[Gen 8] OU
|rated|
|rule|Sleep Clause Mod: Limit one foe put to sleep
|rule|Species Clause: Limit one of each Pokémon
|rule|OHKO Clause: OHKO moves are banned
|rule|Evasion Items Clause: Evasion items are banned
|rule|Evasion Moves Clause: Evasion moves are banned
|rule|Endless Battle Clause: Forcing endless battles is banned
|rule|HP Percentage Mod: HP is shown in percentages
|rule|Dynamax Clause: You cannot dynamax
|clearpoke
|poke|p1|Rillaboom, M|
|poke|p1|Blaziken, M|
|poke|p1|Zapdos|
|poke|p1|Heatran, F|
|poke|p1|Clefable, M|
|poke|p1|Gastrodon, M|
|poke|p2|Zarude-Dada|
|poke|p2|Keldeo-Resolute|
|poke|p2|Tapu Lele|
|poke|p2|Tapu Koko|
|poke|p2|Heatran, M|
|poke|p2|Landorus-Therian, M|
|teampreview
|inactive|Battle timer is ON: inactive players will automatically lose when time's up. (requested by arnavgupta)
|c|☆arnavgupta|1900 elo
|c|☆bramitoboy|yes xd
|c|☆arnavgupta|this should be painful
|c|☆arnavgupta|glhf
|c|☆bramitoboy|Don't understimate yourself, good luck
|inactive|bramitoboy has 120 seconds left.
|
|t:|1661089880
|start
|switch|p1a: Rillaboom|Rillaboom, M, shiny|100/100
|switch|p2a: Tapu Lele|Tapu Lele|100/100
|-fieldstart|move: Psychic Terrain|[from] ability: Psychic Surge|[of] p2a: Tapu Lele
|-fieldstart|move: Grassy Terrain|[from] ability: Grassy Surge|[of] p1a: Rillaboom
|turn|1
|
|t:|1661089893
|switch|p2a: Landorus|Landorus-Therian, M|100/100
|-ability|p2a: Landorus|Intimidate|boost
|-unboost|p1a: Rillaboom|atk|1
|move|p1a: Rillaboom|Knock Off|p2a: Landorus
|-damage|p2a: Landorus|75/100
|-damage|p1a: Rillaboom|84/100|[from] item: Rocky Helmet|[of] p2a: Landorus
|-enditem|p2a: Landorus|Rocky Helmet|[from] move: Knock Off|[of] p1a: Rillaboom
|
|-heal|p1a: Rillaboom|90/100|[from] Grassy Terrain
|upkeep
|turn|2
|j| 0SiegeWarfare
|
|t:|1661089900
|switch|p1a: Gastrodon|Gastrodon, M, shiny|100/100
|move|p2a: Landorus|Knock Off|p1a: Gastrodon
|-damage|p1a: Gastrodon|70/100
|-enditem|p1a: Gastrodon|Leftovers|[from] move: Knock Off|[of] p2a: Landorus
|
|-heal|p1a: Gastrodon|76/100|[from] Grassy Terrain
|upkeep
|turn|3
|
|t:|1661089910
|switch|p2a: Tapu Lele|Tapu Lele|100/100
|-fieldstart|move: Psychic Terrain|[from] ability: Psychic Surge|[of] p2a: Tapu Lele
|move|p1a: Gastrodon|Toxic|p2a: Tapu Lele
|-status|p2a: Tapu Lele|tox
|
|-damage|p2a: Tapu Lele|94/100 tox|[from] psn
|upkeep
|turn|4
|
|t:|1661089914
|switch|p1a: Heatran|Heatran, F, shiny|100/100
|move|p2a: Tapu Lele|Focus Blast|p1a: Heatran|[miss]
|-miss|p2a: Tapu Lele|p1a: Heatran
|
|-damage|p2a: Tapu Lele|82/100 tox|[from] psn
|upkeep
|turn|5
|
|t:|1661089921
|switch|p2a: Heatran|Heatran, M|100/100
|-item|p2a: Heatran|Air Balloon
|switch|p1a: Clefable|Clefable, M, shiny|100/100
|
|upkeep
|turn|6
|
|t:|1661089927
|move|p2a: Heatran|Magma Storm|p1a: Clefable
|-damage|p1a: Clefable|56/100
|-activate|p1a: Clefable|move: Magma Storm|[of] p2a: Heatran
|move|p1a: Clefable|Moonblast|p2a: Heatran
|-resisted|p2a: Heatran
|-damage|p2a: Heatran|94/100
|-enditem|p2a: Heatran|Air Balloon
|
|-heal|p1a: Clefable|62/100|[from] item: Leftovers
|upkeep
|turn|7
|
|t:|1661089933
|move|p2a: Heatran|Taunt|p1a: Clefable
|-start|p1a: Clefable|move: Taunt
|cant|p1a: Clefable|move: Taunt|Soft-Boiled
|
|-heal|p1a: Clefable|68/100|[from] item: Leftovers
|-fieldend|move: Psychic Terrain
|upkeep
|turn|8
|
|t:|1661089936
|move|p2a: Heatran|Stealth Rock|p1a: Clefable
|-sidestart|p1: arnavgupta|move: Stealth Rock
|move|p1a: Clefable|Moonblast|p2a: Heatran
|-resisted|p2a: Heatran
|-damage|p2a: Heatran|88/100
|-unboost|p2a: Heatran|spa|1
|
|-heal|p1a: Clefable|74/100|[from] item: Leftovers
|upkeep
|turn|9
|
|t:|1661089939
|move|p2a: Heatran|Magma Storm|p1a: Clefable
|-damage|p1a: Clefable|48/100
|move|p1a: Clefable|Moonblast|p2a: Heatran
|-resisted|p2a: Heatran
|-damage|p2a: Heatran|81/100
|
|-heal|p1a: Clefable|54/100|[from] item: Leftovers
|-end|p1a: Clefable|move: Taunt
|upkeep
|turn|10
|
|t:|1661089945
|move|p2a: Heatran|Taunt|p1a: Clefable
|-start|p1a: Clefable|move: Taunt
|move|p1a: Clefable|Moonblast|p2a: Heatran
|-resisted|p2a: Heatran
|-crit|p2a: Heatran
|-damage|p2a: Heatran|71/100
|
|-heal|p1a: Clefable|60/100|[from] item: Leftovers
|upkeep
|turn|11
|
|t:|1661089948
|move|p2a: Heatran|Earth Power|p1a: Clefable
|-damage|p1a: Clefable|44/100
|move|p1a: Clefable|Moonblast|p2a: Heatran
|-resisted|p2a: Heatran
|-damage|p2a: Heatran|64/100
|
|-heal|p1a: Clefable|50/100|[from] item: Leftovers
|-end|p1a: Clefable|Magma Storm|[partiallytrapped]
|upkeep
|turn|12
|
|t:|1661089957
|switch|p2a: Zarude|Zarude-Dada|100/100
|switch|p1a: Gastrodon|Gastrodon, M, shiny|76/100
|-damage|p1a: Gastrodon|70/100|[from] Stealth Rock
|
|upkeep
|turn|13
|
|t:|1661089966
|switch|p1a: Zapdos|Zapdos, shiny|100/100
|move|p2a: Zarude|Darkest Lariat|p1a: Zapdos
|-damage|p1a: Zapdos|60/100
|-status|p2a: Zarude|par|[from] ability: Static|[of] p1a: Zapdos
|-damage|p2a: Zarude|91/100 par|[from] item: Life Orb
|
|upkeep
|turn|14
|
|t:|1661089975
|switch|p2a: Tapu Koko|Tapu Koko|100/100
|-fieldstart|move: Electric Terrain|[from] ability: Electric Surge|[of] p2a: Tapu Koko
|move|p1a: Zapdos|Roost|p1a: Zapdos
|-heal|p1a: Zapdos|100/100
|-singleturn|p1a: Zapdos|move: Roost
|
|upkeep
|turn|15
|
|t:|1661089979
|move|p2a: Tapu Koko|Toxic|p1a: Zapdos
|-status|p1a: Zapdos|tox
|move|p1a: Zapdos|Defog|p2a: Tapu Koko
|-unboost|p2a: Tapu Koko|evasion|1
|-sideend|p1: arnavgupta|Stealth Rock|[from] move: Defog|[of] p1a: Zapdos
|-fieldend|move: Electric Terrain
|
|-damage|p1a: Zapdos|94/100 tox|[from] psn
|upkeep
|turn|16
|
|t:|1661089985
|switch|p2a: Landorus|Landorus-Therian, M|75/100
|-ability|p2a: Landorus|Intimidate|boost
|-unboost|p1a: Zapdos|atk|1
|move|p1a: Zapdos|Volt Switch|p2a: Landorus
|-immune|p2a: Landorus
|
|-damage|p1a: Zapdos|82/100 tox|[from] psn
|upkeep
|turn|17
|
|t:|1661089991
|switch|p1a: Gastrodon|Gastrodon, M, shiny|70/100
|move|p2a: Landorus|Knock Off|p1a: Gastrodon
|-damage|p1a: Gastrodon|47/100
|
|upkeep
|turn|18
|
|t:|1661089996
|move|p2a: Landorus|Earthquake|p1a: Gastrodon
|-damage|p1a: Gastrodon|0 fnt
|faint|p1a: Gastrodon
|
|upkeep
|
|t:|1661089999
|switch|p1a: Rillaboom|Rillaboom, M, shiny|90/100
|-fieldstart|move: Grassy Terrain|[from] ability: Grassy Surge|[of] p1a: Rillaboom
|turn|19
|
|t:|1661090004
|switch|p2a: Heatran|Heatran, M|64/100
|move|p1a: Rillaboom|Wood Hammer|p2a: Heatran
|-resisted|p2a: Heatran
|-damage|p2a: Heatran|35/100
|-damage|p1a: Rillaboom|79/100|[from] Recoil
|
|-heal|p1a: Rillaboom|86/100|[from] Grassy Terrain
|-heal|p2a: Heatran|42/100|[from] Grassy Terrain
|upkeep
|turn|20
|
|t:|1661090013
|switch|p1a: Heatran|Heatran, F, shiny|100/100
|move|p2a: Heatran|Earth Power|p1a: Heatran
|-supereffective|p1a: Heatran
|-damage|p1a: Heatran|18/100
|
|-heal|p2a: Heatran|48/100|[from] Grassy Terrain
|-heal|p1a: Heatran|24/100|[from] Grassy Terrain
|-heal|p1a: Heatran|30/100|[from] item: Leftovers
|upkeep
|turn|21
|
|t:|1661090018
|move|p2a: Heatran|Stealth Rock|p1a: Heatran
|-sidestart|p1: arnavgupta|move: Stealth Rock
|move|p1a: Heatran|Stealth Rock|p2a: Heatran
|-sidestart|p2: bramitoboy|move: Stealth Rock
|
|-heal|p2a: Heatran|54/100|[from] Grassy Terrain
|-heal|p1a: Heatran|36/100|[from] Grassy Terrain
|-heal|p1a: Heatran|42/100|[from] item: Leftovers
|upkeep
|turn|22
|
|t:|1661090026
|move|p2a: Heatran|Earth Power|p1a: Heatran
|-supereffective|p1a: Heatran
|-damage|p1a: Heatran|0 fnt
|faint|p1a: Heatran
|
|-heal|p2a: Heatran|60/100|[from] Grassy Terrain
|upkeep
|
|t:|1661090034
|switch|p1a: Blaziken|Blaziken, M, shiny|100/100
|-damage|p1a: Blaziken|88/100|[from] Stealth Rock
|turn|23
|
|t:|1661090042
|move|p1a: Blaziken|Protect|p1a: Blaziken
|-singleturn|p1a: Blaziken|Protect
|move|p2a: Heatran|Earth Power|p1a: Blaziken
|-activate|p1a: Blaziken|move: Protect
|
|-heal|p1a: Blaziken|94/100|[from] Grassy Terrain
|-heal|p1a: Blaziken|99/100|[from] item: Leftovers
|-heal|p2a: Heatran|67/100|[from] Grassy Terrain
|-fieldend|move: Grassy Terrain
|-ability|p1a: Blaziken|Speed Boost|boost
|-boost|p1a: Blaziken|spe|1
|upkeep
|turn|24
|
|t:|1661090049
|move|p1a: Blaziken|Close Combat|p2a: Heatran
|-supereffective|p2a: Heatran
|-damage|p2a: Heatran|0 fnt
|-unboost|p1a: Blaziken|def|1
|-unboost|p1a: Blaziken|spd|1
|faint|p2a: Heatran
|
|-heal|p1a: Blaziken|100/100|[from] item: Leftovers
|-ability|p1a: Blaziken|Speed Boost|boost
|-boost|p1a: Blaziken|spe|1
|upkeep
|
|t:|1661090054
|switch|p2a: Landorus|Landorus-Therian, M|75/100
|-damage|p2a: Landorus|63/100|[from] Stealth Rock
|-ability|p2a: Landorus|Intimidate|boost
|-unboost|p1a: Blaziken|atk|1
|turn|25
|
|t:|1661090062
|move|p1a: Blaziken|Protect|p1a: Blaziken
|-singleturn|p1a: Blaziken|Protect
|move|p2a: Landorus|Knock Off|p1a: Blaziken
|-activate|p1a: Blaziken|move: Protect
|
|-ability|p1a: Blaziken|Speed Boost|boost
|-boost|p1a: Blaziken|spe|1
|upkeep
|turn|26
|
|t:|1661090070
|switch|p1a: Zapdos|Zapdos, shiny|82/100 tox
|move|p2a: Landorus|Earthquake|p1a: Zapdos
|-immune|p1a: Zapdos
|
|-damage|p1a: Zapdos|76/100 tox|[from] psn
|upkeep
|turn|27
|
|t:|1661090075
|switch|p2a: Keldeo|Keldeo-Resolute|100/100
|-damage|p2a: Keldeo|94/100|[from] Stealth Rock
|move|p1a: Zapdos|Hurricane|p2a: Keldeo
|-supereffective|p2a: Keldeo
|-damage|p2a: Keldeo|0 fnt
|faint|p2a: Keldeo
|
|-damage|p1a: Zapdos|64/100 tox|[from] psn
|upkeep
|
|t:|1661090085
|switch|p2a: Tapu Koko|Tapu Koko|100/100
|-damage|p2a: Tapu Koko|88/100|[from] Stealth Rock
|-fieldstart|move: Electric Terrain|[from] ability: Electric Surge|[of] p2a: Tapu Koko
|turn|28
|
|t:|1661090088
|move|p2a: Tapu Koko|Thunderbolt|p1a: Zapdos
|-damage|p1a: Zapdos|12/100 tox
|move|p1a: Zapdos|Volt Switch|p2a: Tapu Koko
|-resisted|p2a: Tapu Koko
|-damage|p2a: Tapu Koko|65/100
|
|t:|1661090092
|switch|p1a: Blaziken|Blaziken, M, shiny|100/100|[from]move: Volt Switch
|-damage|p1a: Blaziken|88/100|[from] Stealth Rock
|
|-heal|p1a: Blaziken|94/100|[from] item: Leftovers
|upkeep
|turn|29
|
|t:|1661090099
|switch|p2a: Landorus|Landorus-Therian, M|63/100
|-damage|p2a: Landorus|51/100|[from] Stealth Rock
|-ability|p2a: Landorus|Intimidate|boost
|-unboost|p1a: Blaziken|atk|1
|move|p1a: Blaziken|Protect||[still]
|-fail|p1a: Blaziken
|
|-heal|p1a: Blaziken|99/100|[from] item: Leftovers
|-ability|p1a: Blaziken|Speed Boost|boost
|-boost|p1a: Blaziken|spe|1
|upkeep
|turn|30
|l| 0SiegeWarfare
|
|t:|1661090110
|switch|p1a: Rillaboom|Rillaboom, M, shiny|86/100
|-damage|p1a: Rillaboom|73/100|[from] Stealth Rock
|-fieldstart|move: Grassy Terrain|[from] ability: Grassy Surge|[of] p1a: Rillaboom
|move|p2a: Landorus|Earthquake|p1a: Rillaboom
|-resisted|p1a: Rillaboom
|-damage|p1a: Rillaboom|60/100
|
|-heal|p1a: Rillaboom|66/100|[from] Grassy Terrain
|upkeep
|turn|31
|
|t:|1661090120
|switch|p2a: Zarude|Zarude-Dada|91/100 par
|-damage|p2a: Zarude|78/100 par|[from] Stealth Rock
|move|p1a: Rillaboom|Wood Hammer|p2a: Zarude
|-resisted|p2a: Zarude
|-damage|p2a: Zarude|18/100 par
|-damage|p1a: Rillaboom|46/100|[from] Recoil
|
|-heal|p1a: Rillaboom|52/100|[from] Grassy Terrain
|-heal|p2a: Zarude|24/100 par|[from] Grassy Terrain
|upkeep
|turn|32
|
|t:|1661090124
|move|p1a: Rillaboom|Wood Hammer|p2a: Zarude
|-resisted|p2a: Zarude
|-damage|p2a: Zarude|0 fnt
|faint|p2a: Zarude
|-damage|p1a: Rillaboom|44/100|[from] Recoil
|
|-heal|p1a: Rillaboom|50/100|[from] Grassy Terrain
|upkeep
|
|t:|1661090131
|switch|p2a: Tapu Lele|Tapu Lele|82/100 tox
|-damage|p2a: Tapu Lele|70/100 tox|[from] Stealth Rock
|-fieldstart|move: Psychic Terrain|[from] ability: Psychic Surge|[of] p2a: Tapu Lele
|turn|33
|
|t:|1661090143
|switch|p1a: Zapdos|Zapdos, shiny|12/100 tox
|move|p2a: Tapu Lele|Psyshock|p1a: Zapdos
|-damage|p1a: Zapdos|0 fnt
|faint|p1a: Zapdos
|
|-damage|p2a: Tapu Lele|64/100 tox|[from] psn
|upkeep
|
|t:|1661090146
|switch|p1a: Rillaboom|Rillaboom, M, shiny|50/100
|-damage|p1a: Rillaboom|37/100|[from] Stealth Rock
|-fieldstart|move: Grassy Terrain|[from] ability: Grassy Surge|[of] p1a: Rillaboom
|turn|34
|
|t:|1661090165
|switch|p2a: Landorus|Landorus-Therian, M|51/100
|-damage|p2a: Landorus|38/100|[from] Stealth Rock
|-ability|p2a: Landorus|Intimidate|boost
|-unboost|p1a: Rillaboom|atk|1
|move|p1a: Rillaboom|Grassy Glide|p2a: Landorus
|-damage|p2a: Landorus|0 fnt
|faint|p2a: Landorus
|
|-heal|p1a: Rillaboom|44/100|[from] Grassy Terrain
|upkeep
|inactive|bramitoboy has 120 seconds left.
|c|☆bramitoboy|I didn't choke but I lost anyway, ahaha
|c|☆bramitoboy|pretty unfair
|c|☆bramitoboy|you had a very good match up
|c|☆arnavgupta|yeah
|inactive|bramitoboy has 90 seconds left.
|c|☆arnavgupta|im assuming that is specs ?
|
|t:|1661090222
|switch|p2a: Tapu Lele|Tapu Lele|64/100 tox
|-damage|p2a: Tapu Lele|52/100 tox|[from] Stealth Rock
|-fieldstart|move: Psychic Terrain|[from] ability: Psychic Surge|[of] p2a: Tapu Lele
|turn|35
|
|t:|1661090228
|switch|p2a: Tapu Koko|Tapu Koko|65/100
|-damage|p2a: Tapu Koko|53/100|[from] Stealth Rock
|-fieldstart|move: Electric Terrain|[from] ability: Electric Surge|[of] p2a: Tapu Koko
|switch|p1a: Clefable|Clefable, M, shiny|50/100
|
|-heal|p1a: Clefable|56/100|[from] item: Leftovers
|upkeep
|turn|36
|
|t:|1661090233
|move|p2a: Tapu Koko|Thunderbolt|p1a: Clefable
|-damage|p1a: Clefable|14/100
|move|p1a: Clefable|Soft-Boiled|p1a: Clefable
|-heal|p1a: Clefable|64/100
|
|-heal|p1a: Clefable|70/100|[from] item: Leftovers
|upkeep
|turn|37
|-message|bramitoboy forfeited.
|
|win|arnavgupta
|raw|arnavgupta's rating: 1682 &rarr; <strong>1715</strong><br />(+33 for winning)
|raw|bramitoboy's rating: 1942 &rarr; <strong>1909</strong><br />(-33 for losing)
|l|☆bramitoboy
|c|☆arnavgupta|ggs
||Ladder isn't responding, score probably updated but might not have (Request timeout).
