|j|☆minimax_ai
|j|☆shiawasenostory
|t:|1663546457
|gametype|singles
|player|p1|minimax_ai|lusamine-nihilego|1605
|player|p2|shiawasenostory|265|1758
|teamsize|p1|6
|teamsize|p2|6
|gen|8
|tier|[Gen 8] OU
|rated|
|rule|Sleep Clause Mod: Limit one foe put to sleep
|rule|Species Clause: Limit one of each Pokémon
|rule|OHKO Clause: OHKO moves are banned
|rule|Evasion Items Clause: Evasion items are banned
|rule|Evasion Moves Clause: Evasion moves are banned
|rule|Endless Battle Clause: Forcing endless battles is banned
|rule|HP Percentage Mod: HP is shown in percentages
|rule|Dynamax Clause: You cannot dynamax
|clearpoke
|poke|p1|Rotom-Wash|
|poke|p1|Weavile, F|
|poke|p1|Landorus-Therian, M|
|poke|p1|Heatran, M|
|poke|p1|Tangrowth, F|
|poke|p1|Melmetal|
|poke|p2|Rillaboom, F|
|poke|p2|Tornadus-Therian, M|
|poke|p2|Blaziken, M|
|poke|p2|Melmetal|
|poke|p2|Garchomp, F|
|poke|p2|Slowbro, F|
|teampreview
|c|☆minimax_ai|hf
|inactive|Battle timer is ON: inactive players will automatically lose when time's up. (requested by minimax_ai)
|j| Jongruenwald
|c|☆shiawasenostory|we meet again hm
|
|t:|1663546483
|start
|switch|p1a: landorustherian|Landorus-Therian, M|100/100
|switch|p2a: Tornadus|Tornadus-Therian, M|100/100
|-ability|p1a: landorustherian|Intimidate|boost
|-unboost|p2a: Tornadus|atk|1
|turn|1
|
|t:|1663546486
|move|p2a: Tornadus|Knock Off|p1a: landorustherian
|-damage|p1a: landorustherian|87/100
|-enditem|p1a: landorustherian|Leftovers|[from] move: Knock Off|[of] p2a: Tornadus
|move|p1a: landorustherian|Earthquake|p2a: Tornadus
|-immune|p2a: Tornadus
|
|upkeep
|turn|2
|
|t:|1663546489
|move|p2a: Tornadus|U-turn|p1a: landorustherian
|-resisted|p1a: landorustherian
|-damage|p1a: landorustherian|82/100
|
|t:|1663546491
|switch|p2a: Rillaboom|Rillaboom, F|100/100|[from]move: U-turn
|-fieldstart|move: Grassy Terrain|[from] ability: Grassy Surge|[of] p2a: Rillaboom
|move|p1a: landorustherian|Earthquake|p2a: Rillaboom
|-resisted|p2a: Rillaboom
|-damage|p2a: Rillaboom|89/100
|
|-heal|p2a: Rillaboom|96/100|[from] Grassy Terrain
|-heal|p2a: Rillaboom|100/100|[from] item: Leftovers
|upkeep
|turn|3
|
|t:|1663546497
|switch|p1a: Tangrowth|Tangrowth, F|100/100
|switch|p2a: Garchomp|Garchomp, F|100/100
|
|upkeep
|turn|4
|
|t:|1663546499
|move|p2a: Garchomp|Toxic|p1a: Tangrowth
|-status|p1a: Tangrowth|tox
|move|p1a: Tangrowth|Sleep Powder|p2a: Garchomp|[miss]
|-miss|p1a: Tangrowth|p2a: Garchomp
|
|-damage|p1a: Tangrowth|94/100 tox|[from] psn
|upkeep
|turn|5
|
|t:|1663546505
|switch|p2a: Slowbro|Slowbro, F|100/100
|move|p1a: Tangrowth|Giga Drain|p2a: Slowbro
|-supereffective|p2a: Slowbro
|-damage|p2a: Slowbro|21/100
|-heal|p1a: Tangrowth|100/100 tox|[from] drain|[of] p2a: Slowbro
|
|-heal|p2a: Slowbro|27/100|[from] Grassy Terrain
|-damage|p1a: Tangrowth|88/100 tox|[from] psn
|upkeep
|turn|6
|
|t:|1663546510
|switch|p2a: Tornadus|Tornadus-Therian, M|100/100
|move|p1a: Tangrowth|Sleep Powder|p2a: Tornadus
|-status|p2a: Tornadus|slp|[from] move: Sleep Powder
|
|-heal|p1a: Tangrowth|94/100 tox|[from] Grassy Terrain
|-damage|p1a: Tangrowth|76/100 tox|[from] psn
|-fieldend|move: Grassy Terrain
|upkeep
|turn|7
|
|t:|1663546517
|switch|p2a: Garchomp|Garchomp, F|100/100
|switch|p1a: landorustherian|Landorus-Therian, M|82/100
|-ability|p1a: landorustherian|Intimidate|boost
|-unboost|p2a: Garchomp|atk|1
|
|upkeep
|turn|8
|
|t:|1663546521
|move|p2a: Garchomp|Toxic|p1a: landorustherian
|-status|p1a: landorustherian|tox
|move|p1a: landorustherian|Earthquake|p2a: Garchomp
|-damage|p2a: Garchomp|61/100
|
|-heal|p2a: Garchomp|67/100|[from] item: Leftovers
|-damage|p1a: landorustherian|76/100 tox|[from] psn
|upkeep
|turn|9
|
|t:|1663546524
|switch|p2a: Rillaboom|Rillaboom, F|100/100
|-fieldstart|move: Grassy Terrain|[from] ability: Grassy Surge|[of] p2a: Rillaboom
|move|p1a: landorustherian|Earthquake|p2a: Rillaboom
|-resisted|p2a: Rillaboom
|-damage|p2a: Rillaboom|89/100
|
|-heal|p2a: Rillaboom|95/100|[from] Grassy Terrain
|-heal|p2a: Rillaboom|100/100|[from] item: Leftovers
|-damage|p1a: landorustherian|64/100 tox|[from] psn
|upkeep
|turn|10
|
|t:|1663546529
|switch|p1a: Tangrowth|Tangrowth, F|100/100 tox
|switch|p2a: Slowbro|Slowbro, F|60/100
|
|-heal|p2a: Slowbro|66/100|[from] Grassy Terrain
|-damage|p1a: Tangrowth|94/100 tox|[from] psn
|upkeep
|turn|11
|
|t:|1663546532
|switch|p2a: Tornadus|Tornadus-Therian, M|100/100 slp
|move|p1a: Tangrowth|Giga Drain|p2a: Tornadus
|-resisted|p2a: Tornadus
|-damage|p2a: Tornadus|84/100 slp
|-heal|p1a: Tangrowth|100/100 tox|[from] drain|[of] p2a: Tornadus
|
|-damage|p1a: Tangrowth|88/100 tox|[from] psn
|upkeep
|turn|12
|
|t:|1663546538
|switch|p2a: Melmetal|Melmetal|100/100
|move|p1a: Tangrowth|Giga Drain|p2a: Melmetal
|-resisted|p2a: Melmetal
|-damage|p2a: Melmetal|84/100
|-heal|p1a: Tangrowth|97/100 tox|[from] drain|[of] p2a: Melmetal
|
|-heal|p1a: Tangrowth|100/100 tox|[from] Grassy Terrain
|-heal|p2a: Melmetal|90/100|[from] Grassy Terrain
|-heal|p2a: Melmetal|96/100|[from] item: Leftovers
|-damage|p1a: Tangrowth|82/100 tox|[from] psn
|upkeep
|turn|13
|
|t:|1663546542
|switch|p1a: rotomwash|Rotom-Wash|100/100
|move|p2a: Melmetal|Protect||[still]
|-fail|p2a: Melmetal
|
|-heal|p2a: Melmetal|100/100|[from] Grassy Terrain
|-fieldend|move: Grassy Terrain
|upkeep
|turn|14
|
|t:|1663546547
|switch|p2a: Garchomp|Garchomp, F|67/100
|move|p1a: rotomwash|Hydro Pump|p2a: Garchomp
|-damage|p2a: Garchomp|38/100
|
|-heal|p2a: Garchomp|44/100|[from] item: Leftovers
|upkeep
|turn|15
|
|t:|1663546551
|move|p1a: rotomwash|Hydro Pump|p2a: Garchomp
|-damage|p2a: Garchomp|15/100
|move|p2a: Garchomp|Toxic|p1a: rotomwash
|-status|p1a: rotomwash|tox
|
|-heal|p2a: Garchomp|21/100|[from] item: Leftovers
|-damage|p1a: rotomwash|94/100 tox|[from] psn
|upkeep
|turn|16
|
|t:|1663546556
|move|p2a: Garchomp|Protect|p2a: Garchomp
|-singleturn|p2a: Garchomp|Protect
|move|p1a: rotomwash|Hydro Pump|p2a: Garchomp
|-activate|p2a: Garchomp|move: Protect
|
|-heal|p1a: rotomwash|100/100 tox|[from] item: Leftovers
|-heal|p2a: Garchomp|28/100|[from] item: Leftovers
|-damage|p1a: rotomwash|88/100 tox|[from] psn
|upkeep
|turn|17
|
|t:|1663546562
|switch|p2a: Rillaboom|Rillaboom, F|100/100
|-fieldstart|move: Grassy Terrain|[from] ability: Grassy Surge|[of] p2a: Rillaboom
|move|p1a: rotomwash|Hydro Pump|p2a: Rillaboom
|-resisted|p2a: Rillaboom
|-damage|p2a: Rillaboom|75/100
|
|-heal|p1a: rotomwash|94/100 tox|[from] item: Leftovers
|-heal|p2a: Rillaboom|81/100|[from] Grassy Terrain
|-heal|p2a: Rillaboom|88/100|[from] item: Leftovers
|-damage|p1a: rotomwash|75/100 tox|[from] psn
|upkeep
|turn|18
|
|t:|1663546567
|switch|p1a: Tangrowth|Tangrowth, F|100/100 tox
|move|p2a: Rillaboom|Drain Punch|p1a: Tangrowth
|-damage|p1a: Tangrowth|86/100 tox
|-heal|p2a: Rillaboom|95/100|[from] drain|[of] p1a: Tangrowth
|-damage|p2a: Rillaboom|79/100|[from] item: Rocky Helmet|[of] p1a: Tangrowth
|
|-heal|p2a: Rillaboom|85/100|[from] Grassy Terrain
|-heal|p2a: Rillaboom|91/100|[from] item: Leftovers
|-heal|p1a: Tangrowth|92/100 tox|[from] Grassy Terrain
|-damage|p1a: Tangrowth|86/100 tox|[from] psn
|upkeep
|turn|19
|j| darkcloud1986
|
|t:|1663546570
|switch|p2a: Tornadus|Tornadus-Therian, M|100/100 slp
|move|p1a: Tangrowth|Giga Drain|p2a: Tornadus
|-resisted|p2a: Tornadus
|-damage|p2a: Tornadus|84/100 slp
|-heal|p1a: Tangrowth|93/100 tox|[from] drain|[of] p2a: Tornadus
|
|-heal|p1a: Tangrowth|99/100 tox|[from] Grassy Terrain
|-damage|p1a: Tangrowth|87/100 tox|[from] psn
|upkeep
|turn|20
|j| Kazuya8
|
|t:|1663546575
|switch|p2a: Melmetal|Melmetal|100/100
|move|p1a: Tangrowth|Giga Drain|p2a: Melmetal
|-resisted|p2a: Melmetal
|-damage|p2a: Melmetal|86/100
|-heal|p1a: Tangrowth|94/100 tox|[from] drain|[of] p2a: Melmetal
|
|-heal|p1a: Tangrowth|100/100 tox|[from] Grassy Terrain
|-heal|p2a: Melmetal|92/100|[from] Grassy Terrain
|-heal|p2a: Melmetal|99/100|[from] item: Leftovers
|-damage|p1a: Tangrowth|82/100 tox|[from] psn
|upkeep
|turn|21
|
|t:|1663546581
|move|p2a: Melmetal|Protect|p2a: Melmetal
|-singleturn|p2a: Melmetal|Protect
|move|p1a: Tangrowth|Giga Drain|p2a: Melmetal
|-activate|p2a: Melmetal|move: Protect
|
|-heal|p1a: Tangrowth|88/100 tox|[from] Grassy Terrain
|-heal|p2a: Melmetal|100/100|[from] Grassy Terrain
|-damage|p1a: Tangrowth|63/100 tox|[from] psn
|-fieldend|move: Grassy Terrain
|upkeep
|turn|22
|
|t:|1663546584
|switch|p1a: Melmetal|Melmetal|100/100
|switch|p2a: Tornadus|Tornadus-Therian, M|100/100 slp
|
|upkeep
|turn|23
|
|t:|1663546588
|switch|p2a: Slowbro|Slowbro, F|99/100
|move|p1a: Melmetal|Thunder Punch|p2a: Slowbro
|-supereffective|p2a: Slowbro
|-damage|p2a: Slowbro|58/100
|-damage|p1a: Melmetal|84/100|[from] item: Rocky Helmet|[of] p2a: Slowbro
|
|upkeep
|turn|24
|
|t:|1663546593
|move|p1a: Melmetal|Thunder Punch|p2a: Slowbro
|-supereffective|p2a: Slowbro
|-damage|p2a: Slowbro|20/100
|-damage|p1a: Melmetal|67/100|[from] item: Rocky Helmet|[of] p2a: Slowbro
|move|p2a: Slowbro|Scald|p1a: Melmetal
|-damage|p1a: Melmetal|53/100
|-status|p1a: Melmetal|brn
|
|-damage|p1a: Melmetal|47/100 brn|[from] brn
|upkeep
|turn|25
|
|t:|1663546596
|switch|p2a: Tornadus|Tornadus-Therian, M|100/100 slp
|move|p1a: Melmetal|Thunder Punch|p2a: Tornadus
|-supereffective|p2a: Tornadus
|-damage|p2a: Tornadus|67/100 slp
|
|-damage|p1a: Melmetal|41/100 brn|[from] brn
|upkeep
|turn|26
|
|t:|1663546600
|switch|p2a: Slowbro|Slowbro, F|54/100
|move|p1a: Melmetal|Earthquake|p2a: Slowbro
|-damage|p2a: Slowbro|42/100
|
|-damage|p1a: Melmetal|35/100 brn|[from] brn
|upkeep
|turn|27
|
|t:|1663546604
|switch|p2a: Rillaboom|Rillaboom, F|91/100
|-fieldstart|move: Grassy Terrain|[from] ability: Grassy Surge|[of] p2a: Rillaboom
|move|p1a: Melmetal|Thunder Punch|p2a: Rillaboom
|-resisted|p2a: Rillaboom
|-damage|p2a: Rillaboom|83/100
|
|-heal|p2a: Rillaboom|89/100|[from] Grassy Terrain
|-heal|p2a: Rillaboom|95/100|[from] item: Leftovers
|-heal|p1a: Melmetal|41/100 brn|[from] Grassy Terrain
|-damage|p1a: Melmetal|35/100 brn|[from] brn
|upkeep
|turn|28
|
|t:|1663546608
|switch|p2a: Slowbro|Slowbro, F|75/100
|move|p1a: Melmetal|Thunder Punch|p2a: Slowbro
|-supereffective|p2a: Slowbro
|-damage|p2a: Slowbro|54/100
|-damage|p1a: Melmetal|18/100 brn|[from] item: Rocky Helmet|[of] p2a: Slowbro
|
|-heal|p1a: Melmetal|24/100 brn|[from] Grassy Terrain
|-heal|p2a: Slowbro|60/100|[from] Grassy Terrain
|-damage|p1a: Melmetal|18/100 brn|[from] brn
|upkeep
|turn|29
|
|t:|1663546610
|move|p1a: Melmetal|Double Iron Bash|p2a: Slowbro
|-resisted|p2a: Slowbro
|-damage|p2a: Slowbro|55/100
|-damage|p1a: Melmetal|1/100 brn|[from] item: Rocky Helmet|[of] p2a: Slowbro
|-resisted|p2a: Slowbro
|-damage|p2a: Slowbro|49/100
|-damage|p1a: Melmetal|0 fnt|[from] item: Rocky Helmet|[of] p2a: Slowbro
|faint|p1a: Melmetal
|-hitcount|p2a: Slowbro|2
|move|p2a: Slowbro|Teleport|p2a: Slowbro
|
|t:|1663546615
|switch|p2a: Blaziken|Blaziken, M|100/100|[from]move: Teleport
|
|upkeep
|
|t:|1663546615
|switch|p1a: landorustherian|Landorus-Therian, M|64/100 tox
|-ability|p1a: landorustherian|Intimidate|boost
|-unboost|p2a: Blaziken|atk|1
|turn|30
|
|t:|1663546618
|move|p2a: Blaziken|Protect|p2a: Blaziken
|-singleturn|p2a: Blaziken|Protect
|move|p1a: landorustherian|Earthquake|p2a: Blaziken
|-activate|p2a: Blaziken|move: Protect
|
|-damage|p1a: landorustherian|58/100 tox|[from] psn
|-ability|p2a: Blaziken|Speed Boost|boost
|-boost|p2a: Blaziken|spe|1
|upkeep
|turn|31
|
|t:|1663546623
|switch|p2a: Tornadus|Tornadus-Therian, M|99/100 slp
|switch|p1a: Tangrowth|Tangrowth, F|97/100 tox
|
|-heal|p1a: Tangrowth|100/100 tox|[from] Grassy Terrain
|-damage|p1a: Tangrowth|94/100 tox|[from] psn
|-fieldend|move: Grassy Terrain
|upkeep
|turn|32
|
|t:|1663546628
|switch|p2a: Melmetal|Melmetal|100/100
|move|p1a: Tangrowth|Giga Drain|p2a: Melmetal
|-resisted|p2a: Melmetal
|-damage|p2a: Melmetal|88/100
|-heal|p1a: Tangrowth|100/100 tox|[from] drain|[of] p2a: Melmetal
|
|-heal|p2a: Melmetal|95/100|[from] item: Leftovers
|-damage|p1a: Tangrowth|88/100 tox|[from] psn
|upkeep
|turn|33
|
|t:|1663546633
|switch|p2a: Tornadus|Tornadus-Therian, M|100/100 slp
|move|p1a: Tangrowth|Giga Drain|p2a: Tornadus
|-resisted|p2a: Tornadus
|-damage|p2a: Tornadus|86/100 slp
|-heal|p1a: Tangrowth|95/100 tox|[from] drain|[of] p2a: Tornadus
|
|-damage|p1a: Tangrowth|76/100 tox|[from] psn
|upkeep
|turn|34
|
|t:|1663546636
|switch|p2a: Melmetal|Melmetal|95/100
|move|p1a: Tangrowth|Giga Drain|p2a: Melmetal
|-resisted|p2a: Melmetal
|-damage|p2a: Melmetal|83/100
|-heal|p1a: Tangrowth|82/100 tox|[from] drain|[of] p2a: Melmetal
|
|-heal|p2a: Melmetal|89/100|[from] item: Leftovers
|-damage|p1a: Tangrowth|57/100 tox|[from] psn
|upkeep
|turn|35
|
|t:|1663546640
|switch|p1a: rotomwash|Rotom-Wash|75/100 tox
|switch|p2a: Tornadus|Tornadus-Therian, M|100/100 slp
|
|-heal|p1a: rotomwash|82/100 tox|[from] item: Leftovers
|-damage|p1a: rotomwash|75/100 tox|[from] psn
|upkeep
|turn|36
|
|t:|1663546644
|switch|p2a: Rillaboom|Rillaboom, F|95/100
|-fieldstart|move: Grassy Terrain|[from] ability: Grassy Surge|[of] p2a: Rillaboom
|move|p1a: rotomwash|Hydro Pump|p2a: Rillaboom
|-resisted|p2a: Rillaboom
|-damage|p2a: Rillaboom|72/100
|
|-heal|p1a: rotomwash|82/100 tox|[from] item: Leftovers
|-heal|p2a: Rillaboom|78/100|[from] Grassy Terrain
|-heal|p2a: Rillaboom|84/100|[from] item: Leftovers
|-damage|p1a: rotomwash|69/100 tox|[from] psn
|upkeep
|turn|37
|
|t:|1663546648
|switch|p1a: Tangrowth|Tangrowth, F|91/100 tox
|move|p2a: Rillaboom|Grassy Glide|p1a: Tangrowth
|-resisted|p1a: Tangrowth
|-damage|p1a: Tangrowth|77/100 tox
|-damage|p2a: Rillaboom|68/100|[from] item: Rocky Helmet|[of] p1a: Tangrowth
|
|-heal|p2a: Rillaboom|74/100|[from] Grassy Terrain
|-heal|p2a: Rillaboom|80/100|[from] item: Leftovers
|-heal|p1a: Tangrowth|83/100 tox|[from] Grassy Terrain
|-damage|p1a: Tangrowth|77/100 tox|[from] psn
|upkeep
|turn|38
|
|t:|1663546653
|switch|p2a: Tornadus|Tornadus-Therian, M|100/100 slp
|move|p1a: Tangrowth|Giga Drain|p2a: Tornadus
|-resisted|p2a: Tornadus
|-damage|p2a: Tornadus|81/100 slp
|-heal|p1a: Tangrowth|86/100 tox|[from] drain|[of] p2a: Tornadus
|
|-heal|p1a: Tangrowth|92/100 tox|[from] Grassy Terrain
|-damage|p1a: Tangrowth|80/100 tox|[from] psn
|upkeep
|turn|39
|
|t:|1663546658
|switch|p2a: Melmetal|Melmetal|89/100
|move|p1a: Tangrowth|Giga Drain|p2a: Melmetal
|-resisted|p2a: Melmetal
|-damage|p2a: Melmetal|74/100
|-heal|p1a: Tangrowth|88/100 tox|[from] drain|[of] p2a: Melmetal
|
|-heal|p1a: Tangrowth|94/100 tox|[from] Grassy Terrain
|-heal|p2a: Melmetal|80/100|[from] Grassy Terrain
|-heal|p2a: Melmetal|87/100|[from] item: Leftovers
|-damage|p1a: Tangrowth|75/100 tox|[from] psn
|upkeep
|turn|40
|
|t:|1663546661
|move|p1a: Tangrowth|Giga Drain|p2a: Melmetal
|-resisted|p2a: Melmetal
|-damage|p2a: Melmetal|71/100
|-heal|p1a: Tangrowth|83/100 tox|[from] drain|[of] p2a: Melmetal
|move|p2a: Melmetal|Double Iron Bash|p1a: Tangrowth
|-damage|p1a: Tangrowth|62/100 tox
|-damage|p2a: Melmetal|55/100|[from] item: Rocky Helmet|[of] p1a: Tangrowth
|-damage|p1a: Tangrowth|41/100 tox
|-damage|p2a: Melmetal|38/100|[from] item: Rocky Helmet|[of] p1a: Tangrowth
|-hitcount|p1a: Tangrowth|2
|
|-heal|p1a: Tangrowth|47/100 tox|[from] Grassy Terrain
|-heal|p2a: Melmetal|44/100|[from] Grassy Terrain
|-heal|p2a: Melmetal|50/100|[from] item: Leftovers
|-damage|p1a: Tangrowth|22/100 tox|[from] psn
|-fieldend|move: Grassy Terrain
|upkeep
|turn|41
|
|t:|1663546667
|switch|p1a: rotomwash|Rotom-Wash|69/100 tox
|move|p2a: Melmetal|Protect||[still]
|-fail|p2a: Melmetal
|
|-heal|p1a: rotomwash|75/100 tox|[from] item: Leftovers
|-heal|p2a: Melmetal|57/100|[from] item: Leftovers
|-damage|p1a: rotomwash|69/100 tox|[from] psn
|upkeep
|turn|42
|
|t:|1663546670
|move|p2a: Melmetal|Protect|p2a: Melmetal
|-singleturn|p2a: Melmetal|Protect
|move|p1a: rotomwash|Hydro Pump|p2a: Melmetal
|-activate|p2a: Melmetal|move: Protect
|
|-heal|p1a: rotomwash|75/100 tox|[from] item: Leftovers
|-heal|p2a: Melmetal|63/100|[from] item: Leftovers
|-damage|p1a: rotomwash|63/100 tox|[from] psn
|upkeep
|turn|43
|
|t:|1663546672
|switch|p1a: Tangrowth|Tangrowth, F|55/100 tox
|switch|p2a: Rillaboom|Rillaboom, F|80/100
|-fieldstart|move: Grassy Terrain|[from] ability: Grassy Surge|[of] p2a: Rillaboom
|
|-heal|p2a: Rillaboom|86/100|[from] Grassy Terrain
|-heal|p2a: Rillaboom|93/100|[from] item: Leftovers
|-heal|p1a: Tangrowth|61/100 tox|[from] Grassy Terrain
|-damage|p1a: Tangrowth|55/100 tox|[from] psn
|upkeep
|turn|44
|
|t:|1663546680
|switch|p2a: Tornadus|Tornadus-Therian, M|100/100 slp
|move|p1a: Tangrowth|Giga Drain|p2a: Tornadus
|-resisted|p2a: Tornadus
|-damage|p2a: Tornadus|84/100 slp
|-heal|p1a: Tangrowth|63/100 tox|[from] drain|[of] p2a: Tornadus
|
|-heal|p1a: Tangrowth|69/100 tox|[from] Grassy Terrain
|-damage|p1a: Tangrowth|57/100 tox|[from] psn
|upkeep
|turn|45
|
|t:|1663546682
|switch|p2a: Melmetal|Melmetal|63/100
|move|p1a: Tangrowth|Giga Drain|p2a: Melmetal
|-resisted|p2a: Melmetal
|-damage|p2a: Melmetal|47/100
|-heal|p1a: Tangrowth|65/100 tox|[from] drain|[of] p2a: Melmetal
|
|-heal|p1a: Tangrowth|71/100 tox|[from] Grassy Terrain
|-heal|p2a: Melmetal|53/100|[from] Grassy Terrain
|-heal|p2a: Melmetal|59/100|[from] item: Leftovers
|-damage|p1a: Tangrowth|53/100 tox|[from] psn
|upkeep
|turn|46
|
|t:|1663546685
|switch|p1a: rotomwash|Rotom-Wash|63/100 tox
|switch|p2a: Tornadus|Tornadus-Therian, M|100/100 slp
|
|-heal|p1a: rotomwash|69/100 tox|[from] item: Leftovers
|-damage|p1a: rotomwash|63/100 tox|[from] psn
|upkeep
|turn|47
|
|t:|1663546689
|switch|p2a: Rillaboom|Rillaboom, F|93/100
|move|p1a: rotomwash|Hydro Pump|p2a: Rillaboom|[miss]
|-miss|p1a: rotomwash|p2a: Rillaboom
|
|-heal|p1a: rotomwash|69/100 tox|[from] item: Leftovers
|-heal|p2a: Rillaboom|99/100|[from] Grassy Terrain
|-heal|p2a: Rillaboom|100/100|[from] item: Leftovers
|-damage|p1a: rotomwash|57/100 tox|[from] psn
|-fieldend|move: Grassy Terrain
|upkeep
|turn|48
|
|t:|1663546694
|switch|p1a: Tangrowth|Tangrowth, F|86/100 tox
|switch|p2a: Slowbro|Slowbro, F|82/100
|
|-damage|p1a: Tangrowth|80/100 tox|[from] psn
|upkeep
|turn|49
|
|t:|1663546697
|switch|p2a: Tornadus|Tornadus-Therian, M|100/100 slp
|move|p1a: Tangrowth|Giga Drain|p2a: Tornadus
|-resisted|p2a: Tornadus
|-damage|p2a: Tornadus|86/100 slp
|-heal|p1a: Tangrowth|86/100 tox|[from] drain|[of] p2a: Tornadus
|
|-damage|p1a: Tangrowth|74/100 tox|[from] psn
|upkeep
|turn|50
|
|t:|1663546700
|switch|p2a: Melmetal|Melmetal|59/100
|move|p1a: Tangrowth|Giga Drain|p2a: Melmetal
|-resisted|p2a: Melmetal
|-damage|p2a: Melmetal|47/100
|-heal|p1a: Tangrowth|80/100 tox|[from] drain|[of] p2a: Melmetal
|
|-heal|p2a: Melmetal|54/100|[from] item: Leftovers
|-damage|p1a: Tangrowth|62/100 tox|[from] psn
|upkeep
|turn|51
|
|t:|1663546702
|switch|p1a: rotomwash|Rotom-Wash|57/100 tox
|move|p2a: Melmetal|Protect||[still]
|-fail|p2a: Melmetal
|
|-heal|p1a: rotomwash|63/100 tox|[from] item: Leftovers
|-heal|p2a: Melmetal|60/100|[from] item: Leftovers
|-damage|p1a: rotomwash|57/100 tox|[from] psn
|upkeep
|turn|52
|
|t:|1663546705
|move|p2a: Melmetal|Protect|p2a: Melmetal
|-singleturn|p2a: Melmetal|Protect
|move|p1a: rotomwash|Hydro Pump|p2a: Melmetal
|-activate|p2a: Melmetal|move: Protect
|
|-heal|p1a: rotomwash|63/100 tox|[from] item: Leftovers
|-heal|p2a: Melmetal|66/100|[from] item: Leftovers
|-damage|p1a: rotomwash|50/100 tox|[from] psn
|upkeep
|turn|53
|
|t:|1663546709
|switch|p2a: Garchomp|Garchomp, F|28/100
|move|p1a: rotomwash|Thunderbolt|p2a: Garchomp
|-immune|p2a: Garchomp
|
|-heal|p1a: rotomwash|57/100 tox|[from] item: Leftovers
|-heal|p2a: Garchomp|34/100|[from] item: Leftovers
|-damage|p1a: rotomwash|38/100 tox|[from] psn
|upkeep
|turn|54
|
|t:|1663546714
|switch|p1a: Tangrowth|Tangrowth, F|95/100 tox
|move|p2a: Garchomp|Stealth Rock|p1a: Tangrowth
|-sidestart|p1: minimax_ai|move: Stealth Rock
|
|-heal|p2a: Garchomp|40/100|[from] item: Leftovers
|-damage|p1a: Tangrowth|89/100 tox|[from] psn
|upkeep
|turn|55
|
|t:|1663546719
|switch|p2a: Tornadus|Tornadus-Therian, M|100/100 slp
|switch|p1a: landorustherian|Landorus-Therian, M|58/100 tox
|-damage|p1a: landorustherian|45/100 tox|[from] Stealth Rock
|-ability|p1a: landorustherian|Intimidate|boost
|-unboost|p2a: Tornadus|atk|1
|
|-damage|p1a: landorustherian|39/100 tox|[from] psn
|upkeep
|turn|56
|
|t:|1663546722
|switch|p2a: Rillaboom|Rillaboom, F|100/100
|-fieldstart|move: Grassy Terrain|[from] ability: Grassy Surge|[of] p2a: Rillaboom
|move|p1a: landorustherian|Earthquake|p2a: Rillaboom
|-resisted|p2a: Rillaboom
|-damage|p2a: Rillaboom|90/100
|
|-heal|p2a: Rillaboom|96/100|[from] Grassy Terrain
|-heal|p2a: Rillaboom|100/100|[from] item: Leftovers
|-damage|p1a: landorustherian|27/100 tox|[from] psn
|upkeep
|turn|57
|
|t:|1663546724
|move|p2a: Rillaboom|Grassy Glide|p1a: landorustherian
|-damage|p1a: landorustherian|0 fnt
|faint|p1a: landorustherian
|
|upkeep
|
|t:|1663546724
|switch|p1a: Heatran|Heatran, M|100/100
|-damage|p1a: Heatran|88/100|[from] Stealth Rock
|-item|p1a: Heatran|Air Balloon
|turn|58
|
|t:|1663546730
|move|p2a: Rillaboom|Grassy Glide|p1a: Heatran
|-resisted|p1a: Heatran
|-damage|p1a: Heatran|76/100
|-enditem|p1a: Heatran|Air Balloon
|move|p1a: Heatran|Eruption|p2a: Rillaboom
|-supereffective|p2a: Rillaboom
|-damage|p2a: Rillaboom|0 fnt
|faint|p2a: Rillaboom
|
|-heal|p1a: Heatran|82/100|[from] Grassy Terrain
|upkeep
|
|t:|1663546732
|switch|p2a: Slowbro|Slowbro, F|100/100
|turn|59
|
|t:|1663546734
|move|p1a: Heatran|Earth Power|p2a: Slowbro
|-damage|p2a: Slowbro|69/100
|move|p2a: Slowbro|Scald|p1a: Heatran
|-supereffective|p1a: Heatran
|-damage|p1a: Heatran|25/100
|
|-heal|p1a: Heatran|31/100|[from] Grassy Terrain
|-heal|p2a: Slowbro|75/100|[from] Grassy Terrain
|upkeep
|turn|60
|
|t:|1663546736
|move|p1a: Heatran|Earth Power|p2a: Slowbro
|-damage|p2a: Slowbro|43/100
|move|p2a: Slowbro|Scald|p1a: Heatran
|-supereffective|p1a: Heatran
|-damage|p1a: Heatran|0 fnt
|faint|p1a: Heatran
|
|-heal|p2a: Slowbro|49/100|[from] Grassy Terrain
|-fieldend|move: Grassy Terrain
|upkeep
|
|t:|1663546736
|switch|p1a: Weavile|Weavile, F|100/100
|-damage|p1a: Weavile|76/100|[from] Stealth Rock
|-ability|p1a: Weavile|Pressure
|turn|61
|
|t:|1663546739
|move|p1a: Weavile|Knock Off|p2a: Slowbro
|-supereffective|p2a: Slowbro
|-damage|p2a: Slowbro|0 fnt
|-damage|p1a: Weavile|59/100|[from] item: Rocky Helmet|[of] p2a: Slowbro
|-enditem|p2a: Slowbro|Rocky Helmet|[from] move: Knock Off|[of] p1a: Weavile
|faint|p2a: Slowbro
|
|upkeep
|
|t:|1663546741
|switch|p2a: Blaziken|Blaziken, M|100/100
|turn|62
|
|t:|1663546745
|move|p1a: Weavile|Knock Off|p2a: Blaziken
|-resisted|p2a: Blaziken
|-damage|p2a: Blaziken|53/100
|-enditem|p2a: Blaziken|Leftovers|[from] move: Knock Off|[of] p1a: Weavile
|move|p2a: Blaziken|Close Combat|p1a: Weavile
|-supereffective|p1a: Weavile
|-damage|p1a: Weavile|0 fnt
|-unboost|p2a: Blaziken|def|1
|-unboost|p2a: Blaziken|spd|1
|faint|p1a: Weavile
|
|-ability|p2a: Blaziken|Speed Boost|boost
|-boost|p2a: Blaziken|spe|1
|upkeep
|
|t:|1663546745
|switch|p1a: Tangrowth|Tangrowth, F|100/100 tox
|-damage|p1a: Tangrowth|88/100 tox|[from] Stealth Rock
|turn|63
|
|t:|1663546748
|move|p2a: Blaziken|Flare Blitz|p1a: Tangrowth
|-supereffective|p1a: Tangrowth
|-damage|p1a: Tangrowth|21/100 tox
|-damage|p2a: Blaziken|37/100|[from] item: Rocky Helmet|[of] p1a: Tangrowth
|-damage|p2a: Blaziken|10/100|[from] Recoil
|move|p1a: Tangrowth|Focus Blast|p2a: Blaziken
|-damage|p2a: Blaziken|0 fnt
|faint|p2a: Blaziken
|
|-damage|p1a: Tangrowth|15/100 tox|[from] psn
|upkeep
|
|t:|1663546754
|switch|p2a: Tornadus|Tornadus-Therian, M|100/100 slp
|turn|64
|
|t:|1663546755
|switch|p1a: rotomwash|Rotom-Wash|38/100 tox
|-damage|p1a: rotomwash|25/100 tox|[from] Stealth Rock
|cant|p2a: Tornadus|slp
|
|-heal|p1a: rotomwash|32/100 tox|[from] item: Leftovers
|-damage|p1a: rotomwash|25/100 tox|[from] psn
|upkeep
|turn|65
|
|t:|1663546760
|switch|p2a: Garchomp|Garchomp, F|40/100
|move|p1a: rotomwash|Pain Split|p2a: Garchomp
|-sethp|p2a: Garchomp|29/100|[from] move: Pain Split|[silent]
|-sethp|p1a: rotomwash|40/100 tox|[from] move: Pain Split
|
|-heal|p1a: rotomwash|46/100 tox|[from] item: Leftovers
|-heal|p2a: Garchomp|36/100|[from] item: Leftovers
|-damage|p1a: rotomwash|34/100 tox|[from] psn
|upkeep
|turn|66
|
|t:|1663546763
|switch|p2a: Tornadus|Tornadus-Therian, M|100/100 slp
|move|p1a: rotomwash|Nasty Plot|p1a: rotomwash
|-boost|p1a: rotomwash|spa|2
|
|-heal|p1a: rotomwash|40/100 tox|[from] item: Leftovers
|-damage|p1a: rotomwash|21/100 tox|[from] psn
|upkeep
|turn|67
|
|t:|1663546767
|switch|p2a: Garchomp|Garchomp, F|36/100
|move|p1a: rotomwash|Pain Split|p2a: Garchomp
|-sethp|p2a: Garchomp|25/100|[from] move: Pain Split|[silent]
|-sethp|p1a: rotomwash|35/100 tox|[from] move: Pain Split
|
|-heal|p1a: rotomwash|41/100 tox|[from] item: Leftovers
|-heal|p2a: Garchomp|32/100|[from] item: Leftovers
|-damage|p1a: rotomwash|16/100 tox|[from] psn
|upkeep
|turn|68
|
|t:|1663546771
|switch|p1a: Tangrowth|Tangrowth, F|48/100 tox
|-damage|p1a: Tangrowth|36/100 tox|[from] Stealth Rock
|move|p2a: Garchomp|Protect||[still]
|-fail|p2a: Garchomp
|
|-heal|p2a: Garchomp|38/100|[from] item: Leftovers
|-damage|p1a: Tangrowth|30/100 tox|[from] psn
|upkeep
|turn|69
|
|t:|1663546774
|switch|p2a: Tornadus|Tornadus-Therian, M|100/100 slp
|move|p1a: Tangrowth|Focus Blast|p2a: Tornadus
|-resisted|p2a: Tornadus
|-damage|p2a: Tornadus|85/100 slp
|
|-damage|p1a: Tangrowth|17/100 tox|[from] psn
|upkeep
|turn|70
|
|t:|1663546775
|switch|p1a: rotomwash|Rotom-Wash|16/100 tox
|-damage|p1a: rotomwash|3/100 tox|[from] Stealth Rock
|cant|p2a: Tornadus|slp
|
|-heal|p1a: rotomwash|10/100 tox|[from] item: Leftovers
|-damage|p1a: rotomwash|3/100 tox|[from] psn
|upkeep
|turn|71
|
|t:|1663546777
|switch|p2a: Garchomp|Garchomp, F|38/100
|move|p1a: rotomwash|Pain Split|p2a: Garchomp
|-sethp|p2a: Garchomp|20/100|[from] move: Pain Split|[silent]
|-sethp|p1a: rotomwash|27/100 tox|[from] move: Pain Split
|
|-heal|p1a: rotomwash|34/100 tox|[from] item: Leftovers
|-heal|p2a: Garchomp|26/100|[from] item: Leftovers
|-damage|p1a: rotomwash|21/100 tox|[from] psn
|upkeep
|turn|72
|
|t:|1663546780
|switch|p2a: Tornadus|Tornadus-Therian, M|100/100 slp
|move|p1a: rotomwash|Pain Split|p2a: Tornadus
|-sethp|p2a: Tornadus|59/100 slp|[from] move: Pain Split|[silent]
|-sethp|p1a: rotomwash|70/100 tox|[from] move: Pain Split
|
|-heal|p1a: rotomwash|76/100 tox|[from] item: Leftovers
|-damage|p1a: rotomwash|58/100 tox|[from] psn
|upkeep
|turn|73
|
|t:|1663546783
|switch|p2a: Garchomp|Garchomp, F|26/100
|switch|p1a: Tangrowth|Tangrowth, F|50/100 tox
|-damage|p1a: Tangrowth|38/100 tox|[from] Stealth Rock
|
|-heal|p2a: Garchomp|33/100|[from] item: Leftovers
|-damage|p1a: Tangrowth|32/100 tox|[from] psn
|upkeep
|turn|74
|
|t:|1663546786
|switch|p1a: rotomwash|Rotom-Wash|58/100 tox
|-damage|p1a: rotomwash|45/100 tox|[from] Stealth Rock
|move|p2a: Garchomp|Protect||[still]
|-fail|p2a: Garchomp
|
|-heal|p1a: rotomwash|51/100 tox|[from] item: Leftovers
|-heal|p2a: Garchomp|39/100|[from] item: Leftovers
|-damage|p1a: rotomwash|45/100 tox|[from] psn
|upkeep
|turn|75
|
|t:|1663546789
|move|p2a: Garchomp|Protect|p2a: Garchomp
|-singleturn|p2a: Garchomp|Protect
|move|p1a: rotomwash|Nasty Plot|p1a: rotomwash
|-boost|p1a: rotomwash|spa|2
|
|-heal|p1a: rotomwash|51/100 tox|[from] item: Leftovers
|-heal|p2a: Garchomp|45/100|[from] item: Leftovers
|-damage|p1a: rotomwash|39/100 tox|[from] psn
|upkeep
|turn|76
|
|t:|1663546793
|move|p1a: rotomwash|Pain Split|p2a: Garchomp
|-sethp|p2a: Garchomp|37/100|[from] move: Pain Split|[silent]
|-sethp|p1a: rotomwash|50/100 tox|[from] move: Pain Split
|move|p2a: Garchomp|Stealth Rock||[still]
|-fail|p2a: Garchomp
|
|-heal|p1a: rotomwash|56/100 tox|[from] item: Leftovers
|-heal|p2a: Garchomp|43/100|[from] item: Leftovers
|-damage|p1a: rotomwash|38/100 tox|[from] psn
|upkeep
|turn|77
|
|t:|1663546796
|move|p1a: rotomwash|Pain Split|p2a: Garchomp
|-sethp|p2a: Garchomp|35/100|[from] move: Pain Split|[silent]
|-sethp|p1a: rotomwash|48/100 tox|[from] move: Pain Split
|move|p2a: Garchomp|Stealth Rock||[still]
|-fail|p2a: Garchomp
|
|-heal|p1a: rotomwash|54/100 tox|[from] item: Leftovers
|-heal|p2a: Garchomp|42/100|[from] item: Leftovers
|-damage|p1a: rotomwash|29/100 tox|[from] psn
|upkeep
|turn|78
|
|t:|1663546798
|move|p1a: rotomwash|Pain Split|p2a: Garchomp
|-sethp|p2a: Garchomp|31/100|[from] move: Pain Split|[silent]
|-sethp|p1a: rotomwash|43/100 tox|[from] move: Pain Split
|move|p2a: Garchomp|Earthquake|p1a: rotomwash
|-immune|p1a: rotomwash|[from] ability: Levitate
|
|-heal|p1a: rotomwash|49/100 tox|[from] item: Leftovers
|-heal|p2a: Garchomp|38/100|[from] item: Leftovers
|-damage|p1a: rotomwash|18/100 tox|[from] psn
|upkeep
|turn|79
|
|t:|1663546801
|switch|p1a: Tangrowth|Tangrowth, F|65/100 tox
|-damage|p1a: Tangrowth|53/100 tox|[from] Stealth Rock
|move|p2a: Garchomp|Stealth Rock||[still]
|-fail|p2a: Garchomp
|
|-heal|p2a: Garchomp|44/100|[from] item: Leftovers
|-damage|p1a: Tangrowth|47/100 tox|[from] psn
|upkeep
|turn|80
|
|t:|1663546803
|move|p2a: Garchomp|Protect|p2a: Garchomp
|-singleturn|p2a: Garchomp|Protect
|move|p1a: Tangrowth|Focus Blast|p2a: Garchomp
|-activate|p2a: Garchomp|move: Protect
|
|-heal|p2a: Garchomp|50/100|[from] item: Leftovers
|-damage|p1a: Tangrowth|34/100 tox|[from] psn
|upkeep
|turn|81
|
|t:|1663546807
|switch|p2a: Tornadus|Tornadus-Therian, M|92/100 slp
|move|p1a: Tangrowth|Focus Blast|p2a: Tornadus|[miss]
|-miss|p1a: Tangrowth|p2a: Tornadus
|
|-damage|p1a: Tangrowth|16/100 tox|[from] psn
|upkeep
|turn|82
|
|t:|1663546809
|switch|p1a: rotomwash|Rotom-Wash|18/100 tox
|-damage|p1a: rotomwash|5/100 tox|[from] Stealth Rock
|cant|p2a: Tornadus|slp
|
|-heal|p1a: rotomwash|12/100 tox|[from] item: Leftovers
|-damage|p1a: rotomwash|5/100 tox|[from] psn
|upkeep
|turn|83
|
|t:|1663546813
|-curestatus|p2a: Tornadus|slp|[msg]
|move|p2a: Tornadus|U-turn|p1a: rotomwash
|-damage|p1a: rotomwash|0 fnt
|faint|p1a: rotomwash
|
|t:|1663546816
|switch|p2a: Melmetal|Melmetal|66/100|[from]move: U-turn
|
|-heal|p2a: Melmetal|72/100|[from] item: Leftovers
|upkeep
|
|t:|1663546816
|switch|p1a: Tangrowth|Tangrowth, F|49/100 tox
|-damage|p1a: Tangrowth|36/100 tox|[from] Stealth Rock
|turn|84
|
|t:|1663546819
|move|p2a: Melmetal|Protect|p2a: Melmetal
|-singleturn|p2a: Melmetal|Protect
|move|p1a: Tangrowth|Sleep Powder|p2a: Melmetal
|-activate|p2a: Melmetal|move: Protect
|
|-heal|p2a: Melmetal|79/100|[from] item: Leftovers
|-damage|p1a: Tangrowth|30/100 tox|[from] psn
|upkeep
|turn|85
|
|t:|1663546821
|move|p2a: Melmetal|Protect|p2a: Melmetal
|-singleturn|p2a: Melmetal|Protect
|move|p1a: Tangrowth|Sleep Powder|p2a: Melmetal
|-activate|p2a: Melmetal|move: Protect
|
|-heal|p2a: Melmetal|85/100|[from] item: Leftovers
|-damage|p1a: Tangrowth|18/100 tox|[from] psn
|upkeep
|turn|86
|
|t:|1663546823
|switch|p2a: Tornadus|Tornadus-Therian, M|100/100
|move|p1a: Tangrowth|Knock Off|p2a: Tornadus
|-crit|p2a: Tornadus
|-damage|p2a: Tornadus|66/100
|-enditem|p2a: Tornadus|Heavy-Duty Boots|[from] move: Knock Off|[of] p1a: Tangrowth
|
|-damage|p1a: Tangrowth|0 fnt|[from] psn
|faint|p1a: Tangrowth
|
|win|shiawasenostory
|upkeep
|raw|minimax_ai's rating: 1605 &rarr; <strong>1593</strong><br />(-12 for losing)
|raw|shiawasenostory's rating: 1758 &rarr; <strong>1770</strong><br />(+12 for winning)
|c|☆minimax_ai|gg
