|j|☆Commando 55
|j|☆MrMCN
|t:|1600066000
|player|p1|Commando 55|iris-gen5bw2|1788
|player|p2|MrMCN|184|1665
|teamsize|p1|6
|teamsize|p2|6
|gametype|singles
|gen|8
|tier|[Gen 8] OU
|rated|
|clearpoke
|poke|p1|Raboot, M|
|poke|p1|Azumarill, M|
|poke|p1|Mandibuzz, F|
|poke|p1|Clefable, F|
|poke|p1|Hydreigon, M|
|poke|p1|Zeraora|
|poke|p2|Urshifu-*, F|
|poke|p2|Torkoal, M|
|poke|p2|Venusaur, M|
|poke|p2|Hatterene, F|
|poke|p2|Darmanitan, M|
|poke|p2|Blissey, F|
|rule|Sleep Clause Mod: Limit one foe put to sleep
|rule|Species Clause: Limit one of each Pokémon
|rule|OHKO Clause: OHKO moves are banned
|rule|Evasion Moves Clause: Evasion moves are banned
|rule|Endless Battle Clause: Forcing endless battles is banned
|rule|HP Percentage Mod: HP is shown in percentages
|rule|Dynamax Clause: You cannot dynamax
|teampreview
|c|☆MrMCN|heat
|c|☆Commando 55|Thx
|inactive|Battle timer is ON: inactive players will automatically lose when time's up. (requested by MrMCN)
|
|t:|1600066035
|start
|switch|p1a: Raboot|Raboot, M, shiny|100/100
|switch|p2a: Torkoal|Torkoal, M|100/100
|-weather|SunnyDay|[from] ability: Drought|[of] p2a: Torkoal
|turn|1
|j| Limited_Toolkit
|
|t:|1600066059
|move|p1a: Raboot|Gunk Shot|p2a: Torkoal
|-start|p1a: Raboot|typechange|Poison|[from] ability: Libero
|-damage|p2a: Torkoal|59/100
|move|p2a: Torkoal|Stealth Rock|p1a: Raboot
|-sidestart|p1: Commando 55|move: Stealth Rock
|
|-weather|SunnyDay|[upkeep]
|upkeep
|turn|2
|
|t:|1600066079
|switch|p2a: Darmanitan|Darmanitan, M|100/100
|move|p1a: Raboot|Gunk Shot|p2a: Darmanitan
|-damage|p2a: Darmanitan|0 fnt
|faint|p2a: Darmanitan
|
|-weather|SunnyDay|[upkeep]
|upkeep
|inactive|MrMCN has 120 seconds left.
|
|t:|1600066106
|switch|p2a: Venusaur|Venusaur, M|100/100
|turn|3
|
|t:|1600066110
|move|p2a: Venusaur|Sludge Bomb|p1a: Raboot
|-resisted|p1a: Raboot
|-damage|p1a: Raboot|46/100
|-damage|p2a: Venusaur|91/100|[from] item: Life Orb
|move|p1a: Raboot|Gunk Shot|p2a: Venusaur
|-damage|p2a: Venusaur|0 fnt
|faint|p2a: Venusaur
|
|-weather|SunnyDay|[upkeep]
|upkeep
|c|☆MrMCN|fuck i miss clicked :(
|j| DmitriVerdant
|c|☆MrMCN|rip
|c|☆Commando 55|Happens
|
|t:|1600066131
|switch|p2a: Urshifu|Urshifu, F|100/100
|turn|4
|
|t:|1600066134
|switch|p1a: Clefable|Clefable, F|100/100
|move|p2a: Urshifu|Wicked Blow|p1a: Clefable
|-resisted|p1a: Clefable
|-crit|p1a: Clefable
|-damage|p1a: Clefable|64/100
|
|-weather|SunnyDay|[upkeep]
|-heal|p1a: Clefable|70/100|[from] item: Leftovers
|upkeep
|turn|5
|
|t:|1600066138
|switch|p2a: Hatterene|Hatterene, F|100/100
|move|p1a: Clefable|Moonblast|p2a: Hatterene
|-damage|p2a: Hatterene|68/100
|
|-weather|SunnyDay|[upkeep]
|-heal|p1a: Clefable|76/100|[from] item: Leftovers
|-heal|p2a: Hatterene|74/100|[from] item: Leftovers
|upkeep
|turn|6
|
|t:|1600066144
|move|p1a: Clefable|Wish|p1a: Clefable
|move|p2a: Hatterene|Calm Mind|p2a: Hatterene
|-boost|p2a: Hatterene|spa|1
|-boost|p2a: Hatterene|spd|1
|
|-weather|SunnyDay|[upkeep]
|-heal|p1a: Clefable|82/100|[from] item: Leftovers
|-heal|p2a: Hatterene|80/100|[from] item: Leftovers
|upkeep
|turn|7
|inactive|MrMCN has 120 seconds left.
|
|t:|1600066165
|move|p2a: Hatterene|Psyshock|p1a: Clefable
|-damage|p1a: Clefable|44/100
|move|p1a: Clefable|Teleport|p1a: Clefable
|
|t:|1600066169
|switch|p1a: Raboot|Raboot, M, shiny|46/100|[from]move: Teleport
|-damage|p1a: Raboot|22/100|[from] Stealth Rock
|
|-weather|SunnyDay|[upkeep]
|-heal|p1a: Raboot|94/100|[from] move: Wish|[wisher] Clefable
|-heal|p2a: Hatterene|86/100|[from] item: Leftovers
|upkeep
|turn|8
|
|t:|1600066176
|move|p1a: Raboot|Gunk Shot|p2a: Hatterene
|-start|p1a: Raboot|typechange|Poison|[from] ability: Libero
|-supereffective|p2a: Hatterene
|-damage|p2a: Hatterene|0 fnt
|faint|p2a: Hatterene
|
|-weather|none
|upkeep
|
|t:|1600066180
|switch|p2a: Urshifu|Urshifu, F|100/100
|turn|9
|
|t:|1600066186
|switch|p1a: Clefable|Clefable, F|44/100
|move|p2a: Urshifu|Wicked Blow|p1a: Clefable
|-resisted|p1a: Clefable
|-crit|p1a: Clefable
|-damage|p1a: Clefable|9/100
|
|-heal|p1a: Clefable|15/100|[from] item: Leftovers
|upkeep
|turn|10
|
|t:|1600066190
|move|p2a: Urshifu|Wicked Blow|p1a: Clefable
|-resisted|p1a: Clefable
|-crit|p1a: Clefable
|-damage|p1a: Clefable|0 fnt
|faint|p1a: Clefable
|
|upkeep
|
|t:|1600066202
|switch|p1a: Mandibuzz|Mandibuzz, F|100/100
|turn|11
|
|t:|1600066206
|switch|p2a: Torkoal|Torkoal, M|59/100
|-weather|SunnyDay|[from] ability: Drought|[of] p2a: Torkoal
|move|p1a: Mandibuzz|Defog|p2a: Torkoal
|-unboost|p2a: Torkoal|evasion|1
|-sideend|p1: Commando 55|Stealth Rock|[from] move: Defog|[of] p1a: Mandibuzz
|
|-weather|SunnyDay|[upkeep]
|upkeep
|turn|12
|
|t:|1600066214
|move|p1a: Mandibuzz|Foul Play|p2a: Torkoal
|-damage|p2a: Torkoal|47/100
|move|p2a: Torkoal|Stealth Rock|p1a: Mandibuzz
|-sidestart|p1: Commando 55|move: Stealth Rock
|
|-weather|SunnyDay|[upkeep]
|upkeep
|turn|13
|
|t:|1600066219
|switch|p2a: Blissey|Blissey, F|100/100
|move|p1a: Mandibuzz|Defog|p2a: Blissey
|-unboost|p2a: Blissey|evasion|1
|-sideend|p1: Commando 55|Stealth Rock|[from] move: Defog|[of] p1a: Mandibuzz
|
|-weather|SunnyDay|[upkeep]
|upkeep
|turn|14
|
|t:|1600066221
|move|p1a: Mandibuzz|U-turn|p2a: Blissey
|-damage|p2a: Blissey|91/100
|
|t:|1600066231
|switch|p1a: Raboot|Raboot, M, shiny|94/100|[from]move: U-turn
|move|p2a: Blissey|Toxic|p1a: Raboot
|-status|p1a: Raboot|tox
|
|-weather|SunnyDay|[upkeep]
|-damage|p1a: Raboot|88/100 tox|[from] psn
|upkeep
|turn|15
|
|t:|1600066236
|switch|p2a: Torkoal|Torkoal, M|47/100
|move|p1a: Raboot|High Jump Kick|p2a: Torkoal
|-start|p1a: Raboot|typechange|Fighting|[from] ability: Libero
|-damage|p2a: Torkoal|0 fnt
|faint|p2a: Torkoal
|
|-weather|SunnyDay|[upkeep]
|-damage|p1a: Raboot|77/100 tox|[from] psn
|upkeep
|
|t:|1600066242
|switch|p2a: Urshifu|Urshifu, F|100/100
|turn|16
|
|t:|1600066246
|move|p2a: Urshifu|Close Combat|p1a: Raboot
|-damage|p1a: Raboot|0 fnt
|-unboost|p2a: Urshifu|def|1
|-unboost|p2a: Urshifu|spd|1
|faint|p1a: Raboot
|
|-weather|SunnyDay|[upkeep]
|upkeep
|
|t:|1600066248
|switch|p1a: Zeraora|Zeraora, shiny|100/100
|turn|17
|
|t:|1600066256
|switch|p2a: Blissey|Blissey, F|91/100
|move|p1a: Zeraora|Close Combat|p2a: Blissey
|-supereffective|p2a: Blissey
|-damage|p2a: Blissey|16/100
|-unboost|p1a: Zeraora|def|1
|-unboost|p1a: Zeraora|spd|1
|
|-weather|SunnyDay|[upkeep]
|upkeep
|turn|18
|
|t:|1600066261
|move|p1a: Zeraora|Plasma Fists|p2a: Blissey
|-damage|p2a: Blissey|0 fnt
|-fieldactivate|move: Ion Deluge
|faint|p2a: Blissey
|
|-weather|none
|upkeep
|
|t:|1600066263
|switch|p2a: Urshifu|Urshifu, F|100/100
|turn|19
|
|t:|1600066267
|move|p1a: Zeraora|Volt Switch|p2a: Urshifu
|-damage|p2a: Urshifu|62/100
|
|t:|1600066272
|switch|p1a: Mandibuzz|Mandibuzz, F|100/100|[from]move: Volt Switch
|move|p2a: Urshifu|Close Combat|p1a: Mandibuzz
|-damage|p1a: Mandibuzz|48/100
|-unboost|p2a: Urshifu|def|1
|-unboost|p2a: Urshifu|spd|1
|
|upkeep
|turn|20
|
|t:|1600066277
|move|p2a: Urshifu|Close Combat|p1a: Mandibuzz
|-damage|p1a: Mandibuzz|0 fnt
|-unboost|p2a: Urshifu|def|1
|-unboost|p2a: Urshifu|spd|1
|faint|p1a: Mandibuzz
|
|upkeep
|
|t:|1600066278
|switch|p1a: Zeraora|Zeraora, shiny|100/100
|turn|21
|c|☆MrMCN|gg
|
|t:|1600066282
|move|p1a: Zeraora|Close Combat|p2a: Urshifu
|-supereffective|p2a: Urshifu
|-damage|p2a: Urshifu|0 fnt
|-unboost|p1a: Zeraora|def|1
|-unboost|p1a: Zeraora|spd|1
|faint|p2a: Urshifu
|
|win|Commando 55
|l|☆MrMCN
|raw|Commando 55's rating: 1788 &rarr; <strong>1801</strong><br />(+13 for winning)
|raw|MrMCN's rating: 1665 &rarr; <strong>1652</strong><br />(-13 for losing)
|c|☆Commando 55|Gg
|l| Limited_Toolkit
