|j|☆chokst du
|j|☆Forwards
|t:|1663242756
|gametype|singles
|player|p1|chokst du|1|1850
|player|p2|Forwards|rollerskater|1833
|teamsize|p1|6
|teamsize|p2|6
|gen|8
|tier|[Gen 8] OU
|rated|
|rule|Sleep Clause Mod: Limit one foe put to sleep
|rule|Species Clause: Limit one of each Pokémon
|rule|OHKO Clause: OHKO moves are banned
|rule|Evasion Items Clause: Evasion items are banned
|rule|Evasion Moves Clause: Evasion moves are banned
|rule|Endless Battle Clause: Forcing endless battles is banned
|rule|HP Percentage Mod: HP is shown in percentages
|rule|Dynamax Clause: You cannot dynamax
|clearpoke
|poke|p1|Torkoal, F|
|poke|p1|Kartana|
|poke|p1|Heatran, M|
|poke|p1|Dragapult, F|
|poke|p1|Kommo-o, M|
|poke|p1|Landorus-Therian, M|
|poke|p2|Tapu Koko|
|poke|p2|Moltres-Galar|
|poke|p2|Registeel|
|poke|p2|Hawlucha, M|
|poke|p2|Mew|
|poke|p2|Lycanroc-Dusk, F|
|teampreview
|
|t:|1663242786
|start
|switch|p1a: Torkoal|Torkoal, F|100/100
|switch|p2a: Lycanroc|Lycanroc-Dusk, F|100/100
|-weather|SunnyDay|[from] ability: Drought|[of] p1a: Torkoal
|turn|1
|inactive|Battle timer is ON: inactive players will automatically lose when time's up. (requested by Forwards)
|
|t:|1663242792
|move|p2a: Lycanroc|Accelerock|p1a: Torkoal
|-supereffective|p1a: Torkoal
|-damage|p1a: Torkoal|73/100
|move|p1a: Torkoal|Toxic|p2a: Lycanroc|[miss]
|-miss|p1a: Torkoal|p2a: Lycanroc
|
|-weather|SunnyDay|[upkeep]
|upkeep
|turn|2
|
|t:|1663242797
|move|p2a: Lycanroc|Stealth Rock|p1a: Torkoal
|-sidestart|p1: chokst du|move: Stealth Rock
|move|p1a: Torkoal|Toxic|p2a: Lycanroc
|-status|p2a: Lycanroc|tox
|
|-weather|SunnyDay|[upkeep]
|-damage|p2a: Lycanroc|94/100 tox|[from] psn
|upkeep
|turn|3
|
|t:|1663242800
|move|p2a: Lycanroc|Accelerock|p1a: Torkoal
|-supereffective|p1a: Torkoal
|-damage|p1a: Torkoal|46/100
|move|p1a: Torkoal|Rapid Spin|p2a: Lycanroc
|-resisted|p2a: Lycanroc
|-damage|p2a: Lycanroc|83/100 tox
|-boost|p1a: Torkoal|spe|1
|-sideend|p1: chokst du|Stealth Rock|[from] move: Rapid Spin|[of] p1a: Torkoal
|
|-weather|SunnyDay|[upkeep]
|-damage|p2a: Lycanroc|71/100 tox|[from] psn
|upkeep
|turn|4
|
|t:|1663242805
|switch|p1a: Landorus|Landorus-Therian, M|100/100
|-ability|p1a: Landorus|Intimidate|boost
|-unboost|p2a: Lycanroc|atk|1
|move|p2a: Lycanroc|Stealth Rock|p1a: Landorus
|-sidestart|p1: chokst du|move: Stealth Rock
|
|-weather|SunnyDay|[upkeep]
|-damage|p2a: Lycanroc|52/100 tox|[from] psn
|upkeep
|turn|5
|
|t:|1663242808
|move|p2a: Lycanroc|Taunt|p1a: Landorus
|-start|p1a: Landorus|move: Taunt
|cant|p1a: Landorus|move: Taunt|Defog
|
|-weather|SunnyDay|[upkeep]
|-damage|p2a: Lycanroc|28/100 tox|[from] psn
|upkeep
|turn|6
|
|t:|1663242813
|move|p2a: Lycanroc|Endeavor|p1a: Landorus
|-damage|p1a: Landorus|19/100
|move|p1a: Landorus|U-turn|p2a: Lycanroc
|-damage|p2a: Lycanroc|0 fnt
|faint|p2a: Lycanroc
|j| kyonharuhi
|
|t:|1663242818
|switch|p1a: Heatran|Heatran, M|100/100|[from]move: U-turn
|-damage|p1a: Heatran|88/100|[from] Stealth Rock
|
|-weather|SunnyDay|[upkeep]
|upkeep
|
|t:|1663242823
|switch|p2a: Hawlucha|Hawlucha, M|100/100
|turn|7
|
|t:|1663242826
|move|p1a: Heatran|Eruption|p2a: Hawlucha
|-damage|p2a: Hawlucha|0 fnt
|faint|p2a: Hawlucha
|
|-weather|SunnyDay|[upkeep]
|upkeep
|
|t:|1663242828
|switch|p2a: Tapu Koko|Tapu Koko|100/100
|-fieldstart|move: Electric Terrain|[from] ability: Electric Surge|[of] p2a: Tapu Koko
|turn|8
|
|t:|1663242833
|move|p2a: Tapu Koko|Light Screen|p2a: Tapu Koko
|-sidestart|p2: Forwards|move: Light Screen
|move|p1a: Heatran|Eruption|p2a: Tapu Koko
|-crit|p2a: Tapu Koko
|-damage|p2a: Tapu Koko|0 fnt
|faint|p2a: Tapu Koko
|
|-weather|none
|upkeep
|
|t:|1663242838
|switch|p2a: Mew|Mew|100/100
|turn|9
|
|t:|1663242845
|switch|p1a: Kartana|Kartana|100/100
|-damage|p1a: Kartana|94/100|[from] Stealth Rock
|move|p2a: Mew|Cosmic Power|p2a: Mew
|-boost|p2a: Mew|def|1
|-boost|p2a: Mew|spd|1
|
|upkeep
|turn|10
|
|t:|1663242848
|move|p1a: Kartana|Swords Dance|p1a: Kartana
|-boost|p1a: Kartana|atk|2
|move|p2a: Mew|Soft-Boiled||[still]
|-fail|p2a: Mew|heal
|
|upkeep
|turn|11
|
|t:|1663242851
|move|p1a: Kartana|Knock Off|p2a: Mew
|-supereffective|p2a: Mew
|-damage|p2a: Mew|6/100
|-enditem|p2a: Mew|Weakness Policy
|-boost|p2a: Mew|atk|2|[from] item: Weakness Policy
|-boost|p2a: Mew|spa|2|[from] item: Weakness Policy
|move|p2a: Mew|Cosmic Power|p2a: Mew
|-boost|p2a: Mew|def|1
|-boost|p2a: Mew|spd|1
|
|upkeep
|turn|12
|
|t:|1663242856
|move|p1a: Kartana|Knock Off|p2a: Mew
|-supereffective|p2a: Mew
|-damage|p2a: Mew|0 fnt
|faint|p2a: Mew
|-ability|p1a: Kartana|Beast Boost|boost
|-boost|p1a: Kartana|atk|1
|
|-fieldend|move: Electric Terrain
|upkeep
|
|t:|1663242858
|switch|p2a: Moltres|Moltres-Galar|100/100
|turn|13
|
|t:|1663242860
|move|p1a: Kartana|Sacred Sword|p2a: Moltres
|-damage|p2a: Moltres|0 fnt
|faint|p2a: Moltres
|-ability|p1a: Kartana|Beast Boost|boost
|-boost|p1a: Kartana|atk|1
|
|upkeep
|-message|Forwards forfeited.
|
|win|chokst du
|raw|chokst du's rating: 1850 &rarr; <strong>1867</strong><br />(+17 for winning)
|raw|Forwards's rating: 1806 &rarr; <strong>1789</strong><br />(-17 for losing)
|l|☆Forwards
||Ladder isn't responding, score probably updated but might not have (Request timeout).
|l| kyonharuhi
|player|p1|chokst du|1
