|j|☆Djpablix
|j|☆SuperTheoryBros
|t:|1649096411
|gametype|singles
|player|p1|Djpablix|veteran|1587
|player|p2|SuperTheoryBros|265|1607
|teamsize|p1|6
|teamsize|p2|6
|gen|8
|tier|[Gen 8] OU
|rated|
|rule|Sleep Clause Mod: Limit one foe put to sleep
|rule|Species Clause: Limit one of each Pokémon
|rule|OHKO Clause: OHKO moves are banned
|rule|Evasion Moves Clause: Evasion moves are banned
|rule|Endless Battle Clause: Forcing endless battles is banned
|rule|HP Percentage Mod: HP is shown in percentages
|rule|Dynamax Clause: You cannot dynamax
|clearpoke
|poke|p1|Gengar, F|
|poke|p1|Dragonite, M|
|poke|p1|Blaziken, M|
|poke|p1|Landorus-Therian, M|
|poke|p1|Kartana|
|poke|p1|Latias, F|
|poke|p2|Ninetales-Alola, F|
|poke|p2|Arctozolt|
|poke|p2|Landorus-Therian, M|
|poke|p2|Magnezone|
|poke|p2|Toxapex, F|
|poke|p2|Mandibuzz, F|
|teampreview
|
|t:|1649096423
|start
|switch|p1a: Gengar|Gengar, F|100/100
|switch|p2a: Ninetales|Ninetales-Alola, F|100/100
|-weather|Hail|[from] ability: Snow Warning|[of] p2a: Ninetales
|turn|1
|inactive|Battle timer is ON: inactive players will automatically lose when time's up. (requested by Djpablix)
|
|t:|1649096439
|switch|p2a: Toxapex|Toxapex, F|100/100
|move|p1a: Gengar|Trick|p2a: Toxapex
|-activate|p1a: Gengar|move: Trick|[of] p2a: Toxapex
|-item|p2a: Toxapex|Choice Specs|[from] move: Trick
|-item|p1a: Gengar|Eject Button|[from] move: Trick
|
|-weather|Hail|[upkeep]
|-damage|p1a: Gengar|94/100|[from] Hail
|-damage|p2a: Toxapex|95/100|[from] Hail
|upkeep
|turn|2
|
|t:|1649096464
|move|p1a: Gengar|Shadow Ball|p2a: Toxapex
|-damage|p2a: Toxapex|70/100
|move|p2a: Toxapex|Knock Off|p1a: Gengar
|-supereffective|p1a: Gengar
|-damage|p1a: Gengar|34/100
|-enditem|p1a: Gengar|Eject Button|[from] move: Knock Off|[of] p2a: Toxapex
|
|-weather|Hail|[upkeep]
|-damage|p1a: Gengar|28/100|[from] Hail
|-damage|p2a: Toxapex|64/100|[from] Hail
|upkeep
|turn|3
|
|t:|1649096476
|move|p1a: Gengar|Destiny Bond|p1a: Gengar
|-singlemove|p1a: Gengar|Destiny Bond
|move|p2a: Toxapex|Knock Off|p1a: Gengar
|-supereffective|p1a: Gengar
|-damage|p1a: Gengar|0 fnt
|faint|p1a: Gengar
|-activate|p1a: Gengar|move: Destiny Bond
|faint|p2a: Toxapex
|
|-weather|Hail|[upkeep]
|upkeep
|
|t:|1649096492
|switch|p1a: Landorus|Landorus-Therian, M|100/100
|switch|p2a: Arctozolt|Arctozolt|100/100
|-ability|p1a: Landorus|Intimidate|boost
|-unboost|p2a: Arctozolt|atk|1
|turn|4
|
|t:|1649096504
|switch|p2a: Landorus|Landorus-Therian, M|100/100
|-ability|p2a: Landorus|Intimidate|boost
|-unboost|p1a: Landorus|atk|1
|move|p1a: Landorus|Rock Polish|p1a: Landorus
|-boost|p1a: Landorus|spe|2
|
|-weather|Hail|[upkeep]
|-damage|p1a: Landorus|95/100|[from] Hail
|-damage|p2a: Landorus|94/100|[from] Hail
|-heal|p1a: Landorus|100/100|[from] item: Leftovers
|-heal|p2a: Landorus|100/100|[from] item: Leftovers
|upkeep
|turn|5
|
|t:|1649096517
|move|p1a: Landorus|Smack Down|p2a: Landorus
|-damage|p2a: Landorus|92/100
|-start|p2a: Landorus|Smack Down
|move|p2a: Landorus|Weather Ball|p1a: Landorus
|-supereffective|p1a: Landorus
|-damage|p1a: Landorus|6/100
|
|-weather|Hail|[upkeep]
|-damage|p1a: Landorus|0 fnt|[from] Hail
|-damage|p2a: Landorus|86/100|[from] Hail
|faint|p1a: Landorus
|-heal|p2a: Landorus|92/100|[from] item: Leftovers
|upkeep
|
|t:|1649096539
|switch|p1a: Dragonite|Dragonite, M|100/100
|turn|6
|
|t:|1649096562
|switch|p2a: Ninetales|Ninetales-Alola, F|100/100
|move|p1a: Dragonite|Dragon Dance|p1a: Dragonite
|-boost|p1a: Dragonite|atk|1
|-boost|p1a: Dragonite|spe|1
|
|-weather|Hail|[upkeep]
|-damage|p1a: Dragonite|94/100|[from] Hail
|upkeep
|turn|7
|
|t:|1649096574
|move|p1a: Dragonite|Iron Head|p2a: Ninetales
|-supereffective|p2a: Ninetales
|-damage|p2a: Ninetales|0 fnt
|faint|p2a: Ninetales
|
|-weather|Hail|[upkeep]
|-damage|p1a: Dragonite|88/100|[from] Hail
|upkeep
|inactive|SuperTheoryBros has 120 seconds left.
|
|t:|1649096596
|switch|p2a: Landorus|Landorus-Therian, M|92/100
|-ability|p2a: Landorus|Intimidate|boost
|-unboost|p1a: Dragonite|atk|1
|turn|8
|inactive|SuperTheoryBros has 120 seconds left.
|
|t:|1649096612
|move|p1a: Dragonite|Ice Punch|p2a: Landorus
|-supereffective|p2a: Landorus
|-crit|p2a: Landorus
|-damage|p2a: Landorus|0 fnt
|faint|p2a: Landorus
|
|-weather|none
|upkeep
|inactive|SuperTheoryBros has 120 seconds left.
|
|t:|1649096636
|switch|p2a: Mandibuzz|Mandibuzz, F|100/100
|turn|9
|
|t:|1649096653
|move|p1a: Dragonite|Ice Punch|p2a: Mandibuzz
|-supereffective|p2a: Mandibuzz
|-damage|p2a: Mandibuzz|68/100
|-status|p2a: Mandibuzz|frz
|cant|p2a: Mandibuzz|frz
|
|upkeep
|turn|10
|inactive|SuperTheoryBros has 90 seconds left.
|
|t:|1649096689
|move|p1a: Dragonite|Ice Punch|p2a: Mandibuzz
|-supereffective|p2a: Mandibuzz
|-damage|p2a: Mandibuzz|32/100 frz
|cant|p2a: Mandibuzz|frz
|
|upkeep
|turn|11
|
|t:|1649096700
|move|p1a: Dragonite|Ice Punch|p2a: Mandibuzz
|-supereffective|p2a: Mandibuzz
|-damage|p2a: Mandibuzz|0 fnt
|faint|p2a: Mandibuzz
|
|upkeep
|-message|SuperTheoryBros forfeited.
|
|win|Djpablix
|raw|Djpablix's rating: 1587 &rarr; <strong>1608</strong><br />(+21 for winning)
|raw|SuperTheoryBros's rating: 1607 &rarr; <strong>1586</strong><br />(-21 for losing)
|l|☆Djpablix
