|raw|<div class="broadcast-blue"><strong>This battle is required to be public due to a player having a name prefixed by 'LT71LX'.</div>
|j|☆Lenape
|j|☆LT71LX croo
|t:|1596748332
|player|p1|Lenape|169|1874
|player|p2|LT71LX croo|bugsy|1894
|teamsize|p1|6
|teamsize|p2|6
|gametype|singles
|gen|8
|tier|[Gen 8] OU
|rated|
|clearpoke
|poke|p1|Talonflame, M|
|poke|p1|Corviknight, M|
|poke|p1|Sylveon, M|
|poke|p1|Rhyperior, M|
|poke|p1|Toxapex, F|
|poke|p1|Umbreon, M|
|poke|p2|Shuckle, M|
|poke|p2|Crawdaunt, F|
|poke|p2|Hawlucha, F|
|poke|p2|Volcarona, F|
|poke|p2|Dracozolt|
|poke|p2|Azumarill, F|
|rule|Sleep Clause Mod: Limit one foe put to sleep
|rule|Species Clause: Limit one of each Pokémon
|rule|OHKO Clause: OHKO moves are banned
|rule|Evasion Moves Clause: Evasion moves are banned
|rule|Endless Battle Clause: Forcing endless battles is banned
|rule|HP Percentage Mod: HP is shown in percentages
|rule|Dynamax Clause: You cannot dynamax
|teampreview
|inactive|Battle timer is ON: inactive players will automatically lose when time's up. (requested by Lenape)
|j| cleann
|j| LUCK>SKILL
|j|+Sacri'
|
|t:|1596748342
|start
|switch|p1a: Talonflame|Talonflame, M|100/100
|switch|p2a: Shuckle|Shuckle, M|100/100
|turn|1
|
|t:|1596748344
|move|p1a: Talonflame|Taunt|p2a: Shuckle
|-start|p2a: Shuckle|move: Taunt
|cant|p2a: Shuckle|move: Taunt|Sticky Web
|
|upkeep
|turn|2
|j| Rtyuuu
|j| LT71LX Storm
|j| LT71LX STOX
|
|t:|1596748351
|switch|p2a: Dracozolt|Dracozolt|100/100
|move|p1a: Talonflame|Toxic|p2a: Dracozolt
|-status|p2a: Dracozolt|tox
|
|-damage|p2a: Dracozolt|94/100 tox|[from] psn
|upkeep
|turn|3
|l| Rtyuuu
|
|t:|1596748356
|switch|p1a: Rhyperior|Rhyperior, M|100/100
|move|p2a: Dracozolt|Earthquake|p1a: Rhyperior
|-supereffective|p1a: Rhyperior
|-damage|p1a: Rhyperior|54/100
|
|-heal|p2a: Dracozolt|100/100 tox|[from] item: Leftovers
|-heal|p1a: Rhyperior|60/100|[from] item: Leftovers
|-damage|p2a: Dracozolt|88/100 tox|[from] psn
|upkeep
|turn|4
|j| WildWave ☾★
|j| lt71lx slainey
|j| xShibaTatsuya 司波達也
|j| LT71LX life
|
|t:|1596748369
|switch|p1a: Talonflame|Talonflame, M|100/100
|move|p2a: Dracozolt|Earthquake|p1a: Talonflame
|-immune|p1a: Talonflame
|
|-heal|p2a: Dracozolt|94/100 tox|[from] item: Leftovers
|-damage|p2a: Dracozolt|76/100 tox|[from] psn
|upkeep
|turn|5
|
|t:|1596748371
|switch|p1a: Rhyperior|Rhyperior, M|60/100
|move|p2a: Dracozolt|Earthquake|p1a: Rhyperior|[miss]
|-miss|p2a: Dracozolt|p1a: Rhyperior
|
|-heal|p2a: Dracozolt|82/100 tox|[from] item: Leftovers
|-heal|p1a: Rhyperior|66/100|[from] item: Leftovers
|-damage|p2a: Dracozolt|57/100 tox|[from] psn
|upkeep
|turn|6
|
|t:|1596748384
|move|p2a: Dracozolt|Earthquake|p1a: Rhyperior
|-supereffective|p1a: Rhyperior
|-damage|p1a: Rhyperior|21/100
|move|p1a: Rhyperior|Heavy Slam|p2a: Dracozolt
|-resisted|p2a: Dracozolt
|-damage|p2a: Dracozolt|49/100 tox
|
|-heal|p2a: Dracozolt|55/100 tox|[from] item: Leftovers
|-heal|p1a: Rhyperior|27/100|[from] item: Leftovers
|-damage|p2a: Dracozolt|24/100 tox|[from] psn
|upkeep
|turn|7
|j| ethze
|
|t:|1596748391
|move|p2a: Dracozolt|Draco Meteor|p1a: Rhyperior
|-damage|p1a: Rhyperior|0 fnt
|-unboost|p2a: Dracozolt|spa|2
|faint|p1a: Rhyperior
|
|-heal|p2a: Dracozolt|31/100 tox|[from] item: Leftovers
|-damage|p2a: Dracozolt|0 fnt|[from] psn
|faint|p2a: Dracozolt
|upkeep
|l| ethze
|
|t:|1596748406
|switch|p2a: Azumarill|Azumarill, F, shiny|100/100
|switch|p1a: Toxapex|Toxapex, F|100/100
|turn|8
|
|t:|1596748409
|move|p2a: Azumarill|Whirlpool|p1a: Toxapex
|-resisted|p1a: Toxapex
|-damage|p1a: Toxapex|98/100
|-activate|p1a: Toxapex|move: Whirlpool|[of] p2a: Azumarill
|move|p1a: Toxapex|Toxic|p2a: Azumarill
|-status|p2a: Azumarill|tox
|
|-heal|p1a: Toxapex|100/100|[from] item: Black Sludge
|-damage|p2a: Azumarill|94/100 tox|[from] psn
|-damage|p1a: Toxapex|88/100|[from] move: Whirlpool|[partiallytrapped]
|upkeep
|turn|9
|
|t:|1596748412
|move|p2a: Azumarill|Perish Song|p2a: Azumarill
|-start|p1a: Toxapex|perish3|[silent]
|-start|p2a: Azumarill|perish3|[silent]
|-fieldactivate|move: Perish Song
|move|p1a: Toxapex|Scald|p2a: Azumarill
|-resisted|p2a: Azumarill
|-damage|p2a: Azumarill|89/100 tox
|
|-heal|p2a: Azumarill|95/100 tox|[from] item: Leftovers
|-heal|p1a: Toxapex|94/100|[from] item: Black Sludge
|-damage|p2a: Azumarill|83/100 tox|[from] psn
|-damage|p1a: Toxapex|82/100|[from] move: Whirlpool|[partiallytrapped]
|-start|p2a: Azumarill|perish3
|-start|p1a: Toxapex|perish3
|upkeep
|turn|10
|
|t:|1596748418
|move|p2a: Azumarill|Rest|p2a: Azumarill
|-status|p2a: Azumarill|slp|[from] move: Rest
|-heal|p2a: Azumarill|100/100 slp|[silent]
|move|p1a: Toxapex|Scald|p2a: Azumarill
|-resisted|p2a: Azumarill
|-damage|p2a: Azumarill|95/100 slp
|
|-heal|p2a: Azumarill|100/100 slp|[from] item: Leftovers
|-heal|p1a: Toxapex|88/100|[from] item: Black Sludge
|-damage|p1a: Toxapex|75/100|[from] move: Whirlpool|[partiallytrapped]
|-start|p2a: Azumarill|perish2
|-start|p1a: Toxapex|perish2
|upkeep
|turn|11
|
|t:|1596748421
|cant|p2a: Azumarill|slp
|move|p1a: Toxapex|Scald|p2a: Azumarill
|-resisted|p2a: Azumarill
|-damage|p2a: Azumarill|95/100 slp
|
|-heal|p2a: Azumarill|100/100 slp|[from] item: Leftovers
|-heal|p1a: Toxapex|82/100|[from] item: Black Sludge
|-damage|p1a: Toxapex|69/100|[from] move: Whirlpool|[partiallytrapped]
|-start|p2a: Azumarill|perish1
|-start|p1a: Toxapex|perish1
|upkeep
|turn|12
|
|t:|1596748425
|switch|p2a: Shuckle|Shuckle, M|100/100
|move|p1a: Toxapex|Toxic|p2a: Shuckle
|-status|p2a: Shuckle|tox
|
|-heal|p1a: Toxapex|75/100|[from] item: Black Sludge
|-damage|p2a: Shuckle|94/100 tox|[from] psn
|-end|p1a: Toxapex|Whirlpool|[partiallytrapped]|[silent]
|-start|p1a: Toxapex|perish0
|upkeep
|faint|p1a: Toxapex
|
|t:|1596748427
|switch|p1a: Talonflame|Talonflame, M|100/100
|turn|13
|
|t:|1596748430
|move|p1a: Talonflame|Toxic|p2a: Shuckle
|-fail|p2a: Shuckle|tox
|move|p2a: Shuckle|Final Gambit|p1a: Talonflame
|-damage|p1a: Talonflame|37/100
|faint|p2a: Shuckle
|
|upkeep
|
|t:|1596748436
|switch|p2a: Crawdaunt|Crawdaunt, F|100/100
|turn|14
|
|t:|1596748440
|move|p1a: Talonflame|Taunt|p2a: Crawdaunt
|-start|p2a: Crawdaunt|move: Taunt
|move|p2a: Crawdaunt|Crabhammer|p1a: Talonflame
|-supereffective|p1a: Talonflame
|-damage|p1a: Talonflame|0 fnt
|-damage|p2a: Crawdaunt|91/100|[from] item: Life Orb
|faint|p1a: Talonflame
|
|upkeep
|
|t:|1596748445
|switch|p1a: Umbreon|Umbreon, M|100/100
|turn|15
|
|t:|1596748449
|switch|p2a: Azumarill|Azumarill, F, shiny|100/100 slp
|move|p1a: Umbreon|Foul Play|p2a: Azumarill
|-resisted|p2a: Azumarill
|-damage|p2a: Azumarill|92/100 slp
|
|-heal|p2a: Azumarill|98/100 slp|[from] item: Leftovers
|upkeep
|turn|16
|
|t:|1596748454
|switch|p1a: Sylveon|Sylveon, M|100/100
|cant|p2a: Azumarill|slp
|
|-heal|p2a: Azumarill|100/100 slp|[from] item: Leftovers
|upkeep
|turn|17
|l| cleann
|
|t:|1596748457
|move|p1a: Sylveon|Calm Mind|p1a: Sylveon
|-boost|p1a: Sylveon|spa|1
|-boost|p1a: Sylveon|spd|1
|-curestatus|p2a: Azumarill|slp|[msg]
|move|p2a: Azumarill|Whirlpool|p1a: Sylveon
|-damage|p1a: Sylveon|98/100
|-activate|p1a: Sylveon|move: Whirlpool|[of] p2a: Azumarill
|
|-heal|p1a: Sylveon|100/100|[from] item: Leftovers
|-damage|p1a: Sylveon|88/100|[from] move: Whirlpool|[partiallytrapped]
|upkeep
|turn|18
|
|t:|1596748463
|move|p1a: Sylveon|Hyper Voice|p2a: Azumarill
|-damage|p2a: Azumarill|57/100
|move|p2a: Azumarill|Perish Song|p2a: Azumarill
|-start|p1a: Sylveon|perish3|[silent]
|-start|p2a: Azumarill|perish3|[silent]
|-fieldactivate|move: Perish Song
|
|-heal|p1a: Sylveon|94/100|[from] item: Leftovers
|-heal|p2a: Azumarill|63/100|[from] item: Leftovers
|-damage|p1a: Sylveon|82/100|[from] move: Whirlpool|[partiallytrapped]
|-start|p1a: Sylveon|perish3
|-start|p2a: Azumarill|perish3
|upkeep
|turn|19
|j| telemarked
|
|t:|1596748469
|switch|p2a: Volcarona|Volcarona, F|100/100
|move|p1a: Sylveon|Calm Mind|p1a: Sylveon
|-boost|p1a: Sylveon|spa|1
|-boost|p1a: Sylveon|spd|1
|
|-heal|p1a: Sylveon|88/100|[from] item: Leftovers
|-end|p1a: Sylveon|Whirlpool|[partiallytrapped]|[silent]
|-start|p1a: Sylveon|perish2
|upkeep
|turn|20
|
|t:|1596748475
|switch|p1a: Umbreon|Umbreon, M|100/100
|move|p2a: Volcarona|Quiver Dance|p2a: Volcarona
|-boost|p2a: Volcarona|spa|1
|-boost|p2a: Volcarona|spd|1
|-boost|p2a: Volcarona|spe|1
|
|upkeep
|turn|21
|
|t:|1596748477
|switch|p1a: Sylveon|Sylveon, M|88/100
|move|p2a: Volcarona|Safeguard|p2a: Volcarona
|-sidestart|p2: LT71LX croo|Safeguard
|
|-heal|p1a: Sylveon|94/100|[from] item: Leftovers
|upkeep
|turn|22
|
|t:|1596748498
|move|p2a: Volcarona|Quiver Dance|p2a: Volcarona
|-boost|p2a: Volcarona|spa|1
|-boost|p2a: Volcarona|spd|1
|-boost|p2a: Volcarona|spe|1
|move|p1a: Sylveon|Calm Mind|p1a: Sylveon
|-boost|p1a: Sylveon|spa|1
|-boost|p1a: Sylveon|spd|1
|
|-heal|p1a: Sylveon|99/100|[from] item: Leftovers
|upkeep
|turn|23
|
|t:|1596748500
|move|p2a: Volcarona|Quiver Dance|p2a: Volcarona
|-boost|p2a: Volcarona|spa|1
|-boost|p2a: Volcarona|spd|1
|-boost|p2a: Volcarona|spe|1
|move|p1a: Sylveon|Calm Mind|p1a: Sylveon
|-boost|p1a: Sylveon|spa|1
|-boost|p1a: Sylveon|spd|1
|
|-heal|p1a: Sylveon|100/100|[from] item: Leftovers
|upkeep
|turn|24
|
|t:|1596748501
|move|p2a: Volcarona|Quiver Dance|p2a: Volcarona
|-boost|p2a: Volcarona|spa|1
|-boost|p2a: Volcarona|spd|1
|-boost|p2a: Volcarona|spe|1
|move|p1a: Sylveon|Calm Mind|p1a: Sylveon
|-boost|p1a: Sylveon|spa|1
|-boost|p1a: Sylveon|spd|1
|
|upkeep
|turn|25
|
|t:|1596748503
|move|p2a: Volcarona|Quiver Dance|p2a: Volcarona
|-boost|p2a: Volcarona|spa|1
|-boost|p2a: Volcarona|spd|1
|-boost|p2a: Volcarona|spe|1
|move|p1a: Sylveon|Calm Mind|p1a: Sylveon
|-boost|p1a: Sylveon|spa|1
|-boost|p1a: Sylveon|spd|1
|
|-sideend|p2: LT71LX croo|Safeguard
|upkeep
|turn|26
|
|t:|1596748504
|move|p2a: Volcarona|Quiver Dance|p2a: Volcarona
|-boost|p2a: Volcarona|spa|1
|-boost|p2a: Volcarona|spd|1
|-boost|p2a: Volcarona|spe|1
|move|p1a: Sylveon|Calm Mind|p1a: Sylveon
|-boost|p1a: Sylveon|spa|1
|-boost|p1a: Sylveon|spd|1
|
|upkeep
|turn|27
|
|t:|1596748507
|move|p2a: Volcarona|Flamethrower|p1a: Sylveon
|-damage|p1a: Sylveon|76/100
|move|p1a: Sylveon|Calm Mind|p1a: Sylveon
|-boost|p1a: Sylveon|spa|1
|-boost|p1a: Sylveon|spd|1
|
|-heal|p1a: Sylveon|82/100|[from] item: Leftovers
|upkeep
|turn|28
|
|t:|1596748516
|move|p2a: Volcarona|Flamethrower|p1a: Sylveon
|-damage|p1a: Sylveon|60/100
|move|p1a: Sylveon|Hyper Voice|p2a: Volcarona
|-resisted|p2a: Volcarona
|-damage|p2a: Volcarona|84/100
|
|-heal|p1a: Sylveon|66/100|[from] item: Leftovers
|upkeep
|turn|29
|
|t:|1596748519
|move|p2a: Volcarona|Flamethrower|p1a: Sylveon
|-damage|p1a: Sylveon|47/100
|move|p1a: Sylveon|Wish|p1a: Sylveon
|
|-heal|p1a: Sylveon|53/100|[from] item: Leftovers
|upkeep
|turn|30
|
|t:|1596748522
|move|p2a: Volcarona|Flamethrower|p1a: Sylveon
|-damage|p1a: Sylveon|32/100
|-status|p1a: Sylveon|brn
|move|p1a: Sylveon|Hyper Voice|p2a: Volcarona
|-resisted|p2a: Volcarona
|-damage|p2a: Volcarona|65/100
|
|-heal|p1a: Sylveon|82/100 brn|[from] move: Wish|[wisher] Sylveon
|-heal|p1a: Sylveon|88/100 brn|[from] item: Leftovers
|-damage|p1a: Sylveon|82/100 brn|[from] brn
|upkeep
|turn|31
|j| raging seas
|
|t:|1596748528
|move|p2a: Volcarona|Roost|p2a: Volcarona
|-heal|p2a: Volcarona|100/100
|-singleturn|p2a: Volcarona|move: Roost
|move|p1a: Sylveon|Hyper Voice|p2a: Volcarona
|-resisted|p2a: Volcarona
|-damage|p2a: Volcarona|84/100
|
|-heal|p1a: Sylveon|88/100 brn|[from] item: Leftovers
|-damage|p1a: Sylveon|82/100 brn|[from] brn
|upkeep
|turn|32
|
|t:|1596748531
|move|p2a: Volcarona|Flamethrower|p1a: Sylveon
|-damage|p1a: Sylveon|62/100 brn
|move|p1a: Sylveon|Calm Mind|p1a: Sylveon
|-boost|p1a: Sylveon|spa|0
|-boost|p1a: Sylveon|spd|0
|
|-heal|p1a: Sylveon|68/100 brn|[from] item: Leftovers
|-damage|p1a: Sylveon|62/100 brn|[from] brn
|upkeep
|turn|33
|
|t:|1596748534
|move|p2a: Volcarona|Flamethrower|p1a: Sylveon
|-damage|p1a: Sylveon|40/100 brn
|move|p1a: Sylveon|Wish|p1a: Sylveon
|
|-heal|p1a: Sylveon|46/100 brn|[from] item: Leftovers
|-damage|p1a: Sylveon|40/100 brn|[from] brn
|upkeep
|turn|34
|
|t:|1596748536
|move|p1a: Sylveon|Protect|p1a: Sylveon
|-singleturn|p1a: Sylveon|Protect
|move|p2a: Volcarona|Flamethrower|p1a: Sylveon
|-activate|p1a: Sylveon|move: Protect
|
|-heal|p1a: Sylveon|90/100 brn|[from] move: Wish|[wisher] Sylveon
|-heal|p1a: Sylveon|96/100 brn|[from] item: Leftovers
|-damage|p1a: Sylveon|90/100 brn|[from] brn
|upkeep
|turn|35
|
|t:|1596748538
|move|p2a: Volcarona|Flamethrower|p1a: Sylveon
|-damage|p1a: Sylveon|69/100 brn
|move|p1a: Sylveon|Calm Mind|p1a: Sylveon
|-boost|p1a: Sylveon|spa|0
|-boost|p1a: Sylveon|spd|0
|
|-heal|p1a: Sylveon|75/100 brn|[from] item: Leftovers
|-damage|p1a: Sylveon|69/100 brn|[from] brn
|upkeep
|turn|36
|
|t:|1596748540
|move|p1a: Sylveon|Protect|p1a: Sylveon
|-singleturn|p1a: Sylveon|Protect
|move|p2a: Volcarona|Flamethrower|p1a: Sylveon
|-activate|p1a: Sylveon|move: Protect
|
|-heal|p1a: Sylveon|75/100 brn|[from] item: Leftovers
|-damage|p1a: Sylveon|69/100 brn|[from] brn
|upkeep
|turn|37
|
|t:|1596748544
|move|p2a: Volcarona|Flamethrower|p1a: Sylveon
|-damage|p1a: Sylveon|47/100 brn
|move|p1a: Sylveon|Wish|p1a: Sylveon
|
|-heal|p1a: Sylveon|53/100 brn|[from] item: Leftovers
|-damage|p1a: Sylveon|47/100 brn|[from] brn
|upkeep
|turn|38
|
|t:|1596748547
|move|p1a: Sylveon|Protect|p1a: Sylveon
|-singleturn|p1a: Sylveon|Protect
|move|p2a: Volcarona|Quiver Dance|p2a: Volcarona
|-boost|p2a: Volcarona|spa|0
|-boost|p2a: Volcarona|spd|0
|-boost|p2a: Volcarona|spe|0
|
|-heal|p1a: Sylveon|97/100 brn|[from] move: Wish|[wisher] Sylveon
|-heal|p1a: Sylveon|100/100 brn|[from] item: Leftovers
|-damage|p1a: Sylveon|94/100 brn|[from] brn
|upkeep
|turn|39
|
|t:|1596748549
|move|p2a: Volcarona|Flamethrower|p1a: Sylveon
|-damage|p1a: Sylveon|74/100 brn
|move|p1a: Sylveon|Calm Mind|p1a: Sylveon
|-boost|p1a: Sylveon|spa|0
|-boost|p1a: Sylveon|spd|0
|
|-heal|p1a: Sylveon|80/100 brn|[from] item: Leftovers
|-damage|p1a: Sylveon|74/100 brn|[from] brn
|upkeep
|turn|40
|
|t:|1596748552
|move|p2a: Volcarona|Safeguard|p2a: Volcarona
|-sidestart|p2: LT71LX croo|Safeguard
|move|p1a: Sylveon|Calm Mind|p1a: Sylveon
|-boost|p1a: Sylveon|spa|0
|-boost|p1a: Sylveon|spd|0
|
|-heal|p1a: Sylveon|80/100 brn|[from] item: Leftovers
|-damage|p1a: Sylveon|74/100 brn|[from] brn
|upkeep
|turn|41
|
|t:|1596748554
|move|p1a: Sylveon|Protect|p1a: Sylveon
|-singleturn|p1a: Sylveon|Protect
|move|p2a: Volcarona|Quiver Dance|p2a: Volcarona
|-boost|p2a: Volcarona|spa|0
|-boost|p2a: Volcarona|spd|0
|-boost|p2a: Volcarona|spe|0
|
|-heal|p1a: Sylveon|80/100 brn|[from] item: Leftovers
|-damage|p1a: Sylveon|74/100 brn|[from] brn
|upkeep
|turn|42
|
|t:|1596748557
|move|p2a: Volcarona|Flamethrower|p1a: Sylveon
|-damage|p1a: Sylveon|54/100 brn
|move|p1a: Sylveon|Wish|p1a: Sylveon
|
|-heal|p1a: Sylveon|60/100 brn|[from] item: Leftovers
|-damage|p1a: Sylveon|54/100 brn|[from] brn
|upkeep
|turn|43
|
|t:|1596748560
|move|p2a: Volcarona|Flamethrower|p1a: Sylveon
|-damage|p1a: Sylveon|33/100 brn
|move|p1a: Sylveon|Calm Mind|p1a: Sylveon
|-boost|p1a: Sylveon|spa|0
|-boost|p1a: Sylveon|spd|0
|
|-heal|p1a: Sylveon|83/100 brn|[from] move: Wish|[wisher] Sylveon
|-heal|p1a: Sylveon|89/100 brn|[from] item: Leftovers
|-damage|p1a: Sylveon|83/100 brn|[from] brn
|upkeep
|turn|44
|
|t:|1596748564
|move|p2a: Volcarona|Quiver Dance|p2a: Volcarona
|-boost|p2a: Volcarona|spa|0
|-boost|p2a: Volcarona|spd|0
|-boost|p2a: Volcarona|spe|0
|move|p1a: Sylveon|Calm Mind|p1a: Sylveon
|-boost|p1a: Sylveon|spa|0
|-boost|p1a: Sylveon|spd|0
|
|-heal|p1a: Sylveon|89/100 brn|[from] item: Leftovers
|-damage|p1a: Sylveon|83/100 brn|[from] brn
|-sideend|p2: LT71LX croo|Safeguard
|upkeep
|turn|45
|
|t:|1596748567
|move|p2a: Volcarona|Safeguard|p2a: Volcarona
|-sidestart|p2: LT71LX croo|Safeguard
|move|p1a: Sylveon|Calm Mind|p1a: Sylveon
|-boost|p1a: Sylveon|spa|0
|-boost|p1a: Sylveon|spd|0
|
|-heal|p1a: Sylveon|89/100 brn|[from] item: Leftovers
|-damage|p1a: Sylveon|83/100 brn|[from] brn
|upkeep
|turn|46
|
|t:|1596748570
|move|p2a: Volcarona|Quiver Dance|p2a: Volcarona
|-boost|p2a: Volcarona|spa|0
|-boost|p2a: Volcarona|spd|0
|-boost|p2a: Volcarona|spe|0
|move|p1a: Sylveon|Calm Mind|p1a: Sylveon
|-boost|p1a: Sylveon|spa|0
|-boost|p1a: Sylveon|spd|0
|
|-heal|p1a: Sylveon|89/100 brn|[from] item: Leftovers
|-damage|p1a: Sylveon|83/100 brn|[from] brn
|upkeep
|turn|47
|
|t:|1596748572
|move|p2a: Volcarona|Flamethrower|p1a: Sylveon
|-damage|p1a: Sylveon|63/100 brn
|move|p1a: Sylveon|Calm Mind|p1a: Sylveon
|-boost|p1a: Sylveon|spa|0
|-boost|p1a: Sylveon|spd|0
|
|-heal|p1a: Sylveon|69/100 brn|[from] item: Leftovers
|-damage|p1a: Sylveon|63/100 brn|[from] brn
|upkeep
|turn|48
|
|t:|1596748584
|move|p2a: Volcarona|Quiver Dance|p2a: Volcarona
|-boost|p2a: Volcarona|spa|0
|-boost|p2a: Volcarona|spd|0
|-boost|p2a: Volcarona|spe|0
|move|p1a: Sylveon|Wish|p1a: Sylveon
|
|-heal|p1a: Sylveon|69/100 brn|[from] item: Leftovers
|-damage|p1a: Sylveon|63/100 brn|[from] brn
|upkeep
|turn|49
|
|t:|1596748587
|move|p2a: Volcarona|Safeguard||[still]
|-fail|p2a: Volcarona
|move|p1a: Sylveon|Hyper Voice|p2a: Volcarona
|-resisted|p2a: Volcarona
|-damage|p2a: Volcarona|68/100
|
|-heal|p1a: Sylveon|100/100 brn|[from] move: Wish|[wisher] Sylveon
|-damage|p1a: Sylveon|94/100 brn|[from] brn
|-sideend|p2: LT71LX croo|Safeguard
|upkeep
|turn|50
|
|t:|1596748591
|move|p2a: Volcarona|Roost|p2a: Volcarona
|-heal|p2a: Volcarona|100/100
|-singleturn|p2a: Volcarona|move: Roost
|move|p1a: Sylveon|Hyper Voice|p2a: Volcarona
|-resisted|p2a: Volcarona
|-damage|p2a: Volcarona|84/100
|
|-heal|p1a: Sylveon|100/100 brn|[from] item: Leftovers
|-damage|p1a: Sylveon|94/100 brn|[from] brn
|upkeep
|turn|51
|
|t:|1596748593
|move|p2a: Volcarona|Safeguard|p2a: Volcarona
|-sidestart|p2: LT71LX croo|Safeguard
|move|p1a: Sylveon|Hyper Voice|p2a: Volcarona
|-resisted|p2a: Volcarona
|-damage|p2a: Volcarona|68/100
|
|-heal|p1a: Sylveon|100/100 brn|[from] item: Leftovers
|-damage|p1a: Sylveon|94/100 brn|[from] brn
|upkeep
|turn|52
|
|t:|1596748596
|move|p2a: Volcarona|Flamethrower|p1a: Sylveon
|-damage|p1a: Sylveon|72/100 brn
|move|p1a: Sylveon|Hyper Voice|p2a: Volcarona
|-resisted|p2a: Volcarona
|-damage|p2a: Volcarona|49/100
|
|-heal|p1a: Sylveon|78/100 brn|[from] item: Leftovers
|-damage|p1a: Sylveon|72/100 brn|[from] brn
|upkeep
|turn|53
|
|t:|1596748599
|move|p2a: Volcarona|Roost|p2a: Volcarona
|-heal|p2a: Volcarona|99/100
|-singleturn|p2a: Volcarona|move: Roost
|move|p1a: Sylveon|Hyper Voice|p2a: Volcarona
|-resisted|p2a: Volcarona
|-damage|p2a: Volcarona|82/100
|
|-heal|p1a: Sylveon|78/100 brn|[from] item: Leftovers
|-damage|p1a: Sylveon|72/100 brn|[from] brn
|upkeep
|turn|54
|
|t:|1596748601
|move|p2a: Volcarona|Flamethrower|p1a: Sylveon
|-damage|p1a: Sylveon|50/100 brn
|move|p1a: Sylveon|Hyper Voice|p2a: Volcarona
|-resisted|p2a: Volcarona
|-damage|p2a: Volcarona|65/100
|
|-heal|p1a: Sylveon|57/100 brn|[from] item: Leftovers
|-damage|p1a: Sylveon|50/100 brn|[from] brn
|upkeep
|turn|55
|
|t:|1596748603
|move|p2a: Volcarona|Flamethrower|p1a: Sylveon
|-damage|p1a: Sylveon|31/100 brn
|move|p1a: Sylveon|Wish|p1a: Sylveon
|
|-heal|p1a: Sylveon|37/100 brn|[from] item: Leftovers
|-damage|p1a: Sylveon|31/100 brn|[from] brn
|-sideend|p2: LT71LX croo|Safeguard
|upkeep
|turn|56
|
|t:|1596748608
|move|p2a: Volcarona|Roost|p2a: Volcarona
|-heal|p2a: Volcarona|100/100
|-singleturn|p2a: Volcarona|move: Roost
|move|p1a: Sylveon|Hyper Voice|p2a: Volcarona
|-resisted|p2a: Volcarona
|-crit|p2a: Volcarona
|-damage|p2a: Volcarona|2/100
|
|-heal|p1a: Sylveon|81/100 brn|[from] move: Wish|[wisher] Sylveon
|-heal|p1a: Sylveon|87/100 brn|[from] item: Leftovers
|-damage|p1a: Sylveon|81/100 brn|[from] brn
|upkeep
|turn|57
|
|t:|1596748612
|move|p2a: Volcarona|Roost|p2a: Volcarona
|-heal|p2a: Volcarona|53/100
|-singleturn|p2a: Volcarona|move: Roost
|move|p1a: Sylveon|Hyper Voice|p2a: Volcarona
|-resisted|p2a: Volcarona
|-damage|p2a: Volcarona|36/100
|
|-heal|p1a: Sylveon|87/100 brn|[from] item: Leftovers
|-damage|p1a: Sylveon|81/100 brn|[from] brn
|upkeep
|turn|58
|
|t:|1596748614
|move|p2a: Volcarona|Roost|p2a: Volcarona
|-heal|p2a: Volcarona|86/100
|-singleturn|p2a: Volcarona|move: Roost
|move|p1a: Sylveon|Hyper Voice|p2a: Volcarona
|-resisted|p2a: Volcarona
|-damage|p2a: Volcarona|68/100
|
|-heal|p1a: Sylveon|87/100 brn|[from] item: Leftovers
|-damage|p1a: Sylveon|81/100 brn|[from] brn
|upkeep
|turn|59
|
|t:|1596748616
|move|p2a: Volcarona|Flamethrower|p1a: Sylveon
|-damage|p1a: Sylveon|60/100 brn
|move|p1a: Sylveon|Hyper Voice|p2a: Volcarona
|-resisted|p2a: Volcarona
|-damage|p2a: Volcarona|50/100
|
|-heal|p1a: Sylveon|66/100 brn|[from] item: Leftovers
|-damage|p1a: Sylveon|60/100 brn|[from] brn
|upkeep
|turn|60
|
|t:|1596748618
|move|p2a: Volcarona|Roost|p2a: Volcarona
|-heal|p2a: Volcarona|100/100
|-singleturn|p2a: Volcarona|move: Roost
|move|p1a: Sylveon|Hyper Voice|p2a: Volcarona
|-resisted|p2a: Volcarona
|-damage|p2a: Volcarona|81/100
|
|-heal|p1a: Sylveon|66/100 brn|[from] item: Leftovers
|-damage|p1a: Sylveon|60/100 brn|[from] brn
|upkeep
|turn|61
|
|t:|1596748622
|move|p2a: Volcarona|Flamethrower|p1a: Sylveon
|-damage|p1a: Sylveon|41/100 brn
|move|p1a: Sylveon|Hyper Voice|p2a: Volcarona
|-resisted|p2a: Volcarona
|-crit|p2a: Volcarona
|-damage|p2a: Volcarona|0 fnt
|faint|p2a: Volcarona
|
|-heal|p1a: Sylveon|47/100 brn|[from] item: Leftovers
|-damage|p1a: Sylveon|41/100 brn|[from] brn
|upkeep
|
|t:|1596748642
|switch|p2a: Crawdaunt|Crawdaunt, F|91/100
|turn|62
|
|t:|1596748644
|switch|p1a: Umbreon|Umbreon, M|100/100
|move|p2a: Crawdaunt|Swords Dance|p2a: Crawdaunt
|-boost|p2a: Crawdaunt|atk|2
|
|upkeep
|turn|63
|
|t:|1596748646
|move|p2a: Crawdaunt|Crabhammer|p1a: Umbreon
|-damage|p1a: Umbreon|0 fnt
|-damage|p2a: Crawdaunt|81/100|[from] item: Life Orb
|faint|p1a: Umbreon
|
|upkeep
|
|t:|1596748649
|switch|p1a: Corviknight|Corviknight, M|100/100
|-ability|p1a: Corviknight|Pressure
|turn|64
|
|t:|1596748650
|move|p2a: Crawdaunt|Knock Off|p1a: Corviknight
|-damage|p1a: Corviknight|0 fnt
|-enditem|p1a: Corviknight|Leftovers|[from] move: Knock Off|[of] p2a: Crawdaunt
|-damage|p2a: Crawdaunt|71/100|[from] item: Life Orb
|faint|p1a: Corviknight
|
|upkeep
|-message|Lenape forfeited.
|
|win|LT71LX croo
|l|☆Lenape
|l|+Sacri'
|l| lt71lx slainey
|l| LUCK>SKILL
|l| xShibaTatsuya 司波達也
|l| raging seas
||Ladder (probably) updated, but score could not be retrieved (Request timeout).
|l|☆LT71LX croo
|l| LT71LX STOX
|l| WildWave ☾★
|l| telemarked
|j| LT71LX Vessev
