|j|☆ash_won_kalos
|j|☆Allelaja
|t:|1641855091
|gametype|singles
|player|p1|ash_won_kalos|fantina|1479
|player|p2|Allelaja|richboy-gen4|1459
|teamsize|p1|6
|teamsize|p2|6
|gen|8
|tier|[Gen 8] OU
|rated|
|rule|Sleep Clause Mod: Limit one foe put to sleep
|rule|Species Clause: Limit one of each Pokémon
|rule|OHKO Clause: OHKO moves are banned
|rule|Evasion Moves Clause: Evasion moves are banned
|rule|Endless Battle Clause: Forcing endless battles is banned
|rule|HP Percentage Mod: HP is shown in percentages
|rule|Dynamax Clause: You cannot dynamax
|clearpoke
|poke|p1|Jirachi|
|poke|p1|Tapu Koko|
|poke|p1|Milotic, F|
|poke|p1|Clefable, F|
|poke|p1|Tapu Fini|
|poke|p1|Melmetal|
|poke|p2|Tyranitar, M|
|poke|p2|Hippowdon, M|
|poke|p2|Excadrill, M|
|poke|p2|Dracozolt|
|poke|p2|Zapdos|
|poke|p2|Clefable, F|
|teampreview
|inactive|Battle timer is ON: inactive players will automatically lose when time's up. (requested by Allelaja)
|
|t:|1641855102
|start
|switch|p1a: Tapu Koko|Tapu Koko|100/100
|switch|p2a: Djibril Cissé|Dracozolt|100/100
|-fieldstart|move: Electric Terrain|[from] ability: Electric Surge|[of] p1a: Tapu Koko
|turn|1
|
|t:|1641855108
|switch|p2a: Yaya Sanogo|Excadrill, M|100/100
|move|p1a: Tapu Koko|Reflect|p1a: Tapu Koko
|-sidestart|p1: ash_won_kalos|Reflect
|
|upkeep
|turn|2
|
|t:|1641855113
|move|p1a: Tapu Koko|U-turn|p2a: Yaya Sanogo
|-resisted|p2a: Yaya Sanogo
|-damage|p2a: Yaya Sanogo|87/100
|
|t:|1641855115
|switch|p1a: Milotic|Milotic, F|100/100|[from]move: U-turn
|move|p2a: Yaya Sanogo|Swords Dance|p2a: Yaya Sanogo
|-boost|p2a: Yaya Sanogo|atk|2
|
|upkeep
|turn|3
|
|t:|1641855119
|switch|p2a: Fabien Cool|Clefable, F|100/100
|move|p1a: Milotic|Scald|p2a: Fabien Cool
|-damage|p2a: Fabien Cool|75/100
|
|-heal|p2a: Fabien Cool|81/100|[from] item: Leftovers
|upkeep
|turn|4
|
|t:|1641855124
|switch|p1a: Clefable|Clefable, F|100/100
|move|p2a: Fabien Cool|Teleport|p2a: Fabien Cool
|
|t:|1641855129
|switch|p2a: Eric Cantona|Hippowdon, M|100/100|[from]move: Teleport
|-weather|Sandstorm|[from] ability: Sand Stream|[of] p2a: Eric Cantona
|
|-weather|Sandstorm|[upkeep]
|upkeep
|turn|5
|
|t:|1641855131
|move|p1a: Clefable|Trick|p2a: Eric Cantona
|-activate|p1a: Clefable|move: Trick|[of] p2a: Eric Cantona
|-item|p2a: Eric Cantona|Choice Scarf|[from] move: Trick
|-item|p1a: Clefable|Smooth Rock|[from] move: Trick
|move|p2a: Eric Cantona|Stealth Rock|p1a: Clefable
|-sidestart|p1: ash_won_kalos|move: Stealth Rock
|
|-weather|Sandstorm|[upkeep]
|-fieldend|move: Electric Terrain
|upkeep
|turn|6
|
|t:|1641855148
|switch|p1a: Milotic|Milotic, F|100/100
|-damage|p1a: Milotic|88/100|[from] Stealth Rock
|move|p2a: Eric Cantona|Stealth Rock||[still]
|-fail|p2a: Eric Cantona
|
|-weather|Sandstorm|[upkeep]
|-damage|p1a: Milotic|82/100|[from] Sandstorm
|-heal|p1a: Milotic|88/100|[from] item: Leftovers
|upkeep
|turn|7
|
|t:|1641855156
|switch|p2a: Djibril Cissé|Dracozolt|100/100
|move|p1a: Milotic|Toxic|p2a: Djibril Cissé
|-status|p2a: Djibril Cissé|tox
|
|-weather|Sandstorm|[upkeep]
|-damage|p1a: Milotic|82/100|[from] Sandstorm
|-heal|p1a: Milotic|88/100|[from] item: Leftovers
|-damage|p2a: Djibril Cissé|94/100 tox|[from] psn
|upkeep
|turn|8
|
|t:|1641855164
|switch|p2a: Fabien Cool|Clefable, F|81/100
|switch|p1a: Melmetal|Melmetal|100/100
|-damage|p1a: Melmetal|94/100|[from] Stealth Rock
|
|-weather|Sandstorm|[upkeep]
|-heal|p2a: Fabien Cool|87/100|[from] item: Leftovers
|-sideend|p1: ash_won_kalos|Reflect
|upkeep
|turn|9
|
|t:|1641855169
|switch|p2a: Philippe Mexès|Zapdos|100/100
|move|p1a: Melmetal|Double Iron Bash|p2a: Philippe Mexès
|-resisted|p2a: Philippe Mexès
|-damage|p2a: Philippe Mexès|83/100
|-status|p1a: Melmetal|par|[from] ability: Static|[of] p2a: Philippe Mexès
|-resisted|p2a: Philippe Mexès
|-damage|p2a: Philippe Mexès|66/100
|-hitcount|p2a: Philippe Mexès|2
|
|-weather|Sandstorm|[upkeep]
|-damage|p2a: Philippe Mexès|60/100|[from] Sandstorm
|upkeep
|turn|10
|
|t:|1641855174
|move|p2a: Philippe Mexès|Roost|p2a: Philippe Mexès
|-heal|p2a: Philippe Mexès|100/100
|-singleturn|p2a: Philippe Mexès|move: Roost
|cant|p1a: Melmetal|par
|
|-weather|Sandstorm|[upkeep]
|-damage|p2a: Philippe Mexès|94/100|[from] Sandstorm
|upkeep
|turn|11
|
|t:|1641855177
|move|p2a: Philippe Mexès|Volt Switch|p1a: Melmetal
|-damage|p1a: Melmetal|67/100 par
|
|t:|1641855183
|switch|p2a: Yaya Sanogo|Excadrill, M|87/100|[from]move: Volt Switch
|move|p1a: Melmetal|Ice Punch|p2a: Yaya Sanogo
|-damage|p2a: Yaya Sanogo|30/100
|
|-weather|none
|upkeep
|turn|12
|
|t:|1641855189
|move|p2a: Yaya Sanogo|Swords Dance|p2a: Yaya Sanogo
|-boost|p2a: Yaya Sanogo|atk|2
|move|p1a: Melmetal|Earthquake|p2a: Yaya Sanogo
|-supereffective|p2a: Yaya Sanogo
|-damage|p2a: Yaya Sanogo|0 fnt
|faint|p2a: Yaya Sanogo
|
|upkeep
|
|t:|1641855195
|switch|p2a: Eric Cantona|Hippowdon, M|100/100
|-weather|Sandstorm|[from] ability: Sand Stream|[of] p2a: Eric Cantona
|turn|13
|
|t:|1641855202
|switch|p1a: Tapu Fini|Tapu Fini|100/100
|-damage|p1a: Tapu Fini|88/100|[from] Stealth Rock
|-fieldstart|move: Misty Terrain|[from] ability: Misty Surge|[of] p1a: Tapu Fini
|move|p2a: Eric Cantona|Earthquake|p1a: Tapu Fini
|-damage|p1a: Tapu Fini|60/100
|
|-weather|Sandstorm|[upkeep]
|-damage|p1a: Tapu Fini|54/100|[from] Sandstorm
|-heal|p1a: Tapu Fini|60/100|[from] item: Leftovers
|upkeep
|turn|14
|
|t:|1641855207
|move|p1a: Tapu Fini|Calm Mind|p1a: Tapu Fini
|-boost|p1a: Tapu Fini|spa|1
|-boost|p1a: Tapu Fini|spd|1
|move|p2a: Eric Cantona|Earthquake|p1a: Tapu Fini
|-damage|p1a: Tapu Fini|29/100
|
|-weather|Sandstorm|[upkeep]
|-damage|p1a: Tapu Fini|23/100|[from] Sandstorm
|-heal|p1a: Tapu Fini|29/100|[from] item: Leftovers
|upkeep
|turn|15
|
|t:|1641855211
|move|p1a: Tapu Fini|Surf|p2a: Eric Cantona
|-supereffective|p2a: Eric Cantona
|-damage|p2a: Eric Cantona|6/100
|move|p2a: Eric Cantona|Earthquake|p1a: Tapu Fini
|-damage|p1a: Tapu Fini|0 fnt
|faint|p1a: Tapu Fini
|
|-weather|Sandstorm|[upkeep]
|upkeep
|
|t:|1641855216
|switch|p1a: Milotic|Milotic, F|88/100
|-damage|p1a: Milotic|76/100|[from] Stealth Rock
|turn|16
|
|t:|1641855219
|switch|p2a: Fabien Cool|Clefable, F|87/100
|move|p1a: Milotic|Scald|p2a: Fabien Cool
|-damage|p2a: Fabien Cool|62/100
|
|-weather|Sandstorm|[upkeep]
|-damage|p1a: Milotic|70/100|[from] Sandstorm
|-heal|p1a: Milotic|76/100|[from] item: Leftovers
|-heal|p2a: Fabien Cool|68/100|[from] item: Leftovers
|upkeep
|turn|17
|
|t:|1641855223
|move|p1a: Milotic|Toxic|p2a: Fabien Cool
|-activate|p2a: Fabien Cool|move: Misty Terrain
|move|p2a: Fabien Cool|Teleport|p2a: Fabien Cool
|
|t:|1641855225
|switch|p2a: Djibril Cissé|Dracozolt|94/100 tox|[from]move: Teleport
|
|-weather|none
|-heal|p1a: Milotic|82/100|[from] item: Leftovers
|-damage|p2a: Djibril Cissé|88/100 tox|[from] psn
|-fieldend|Misty Terrain
|upkeep
|turn|18
|
|t:|1641855230
|switch|p1a: Melmetal|Melmetal|67/100 par
|-damage|p1a: Melmetal|60/100 par|[from] Stealth Rock
|move|p2a: Djibril Cissé|Bolt Beak|p1a: Melmetal
|-damage|p1a: Melmetal|8/100 par
|-damage|p2a: Djibril Cissé|78/100 tox|[from] item: Life Orb
|
|-damage|p2a: Djibril Cissé|66/100 tox|[from] psn
|upkeep
|turn|19
|
|t:|1641855233
|move|p2a: Djibril Cissé|Earthquake|p1a: Melmetal
|-supereffective|p1a: Melmetal
|-damage|p1a: Melmetal|0 fnt
|faint|p1a: Melmetal
|-damage|p2a: Djibril Cissé|56/100 tox|[from] item: Life Orb
|
|-damage|p2a: Djibril Cissé|37/100 tox|[from] psn
|upkeep
|
|t:|1641855236
|switch|p1a: Tapu Koko|Tapu Koko|100/100
|-damage|p1a: Tapu Koko|88/100|[from] Stealth Rock
|-fieldstart|move: Electric Terrain|[from] ability: Electric Surge|[of] p1a: Tapu Koko
|turn|20
|
|t:|1641855238
|switch|p2a: Eric Cantona|Hippowdon, M|6/100
|-weather|Sandstorm|[from] ability: Sand Stream|[of] p2a: Eric Cantona
|move|p1a: Tapu Koko|Reflect|p1a: Tapu Koko
|-sidestart|p1: ash_won_kalos|Reflect
|
|-weather|Sandstorm|[upkeep]
|-damage|p1a: Tapu Koko|82/100|[from] Sandstorm
|upkeep
|turn|21
|
|t:|1641855247
|move|p1a: Tapu Koko|U-turn|p2a: Eric Cantona
|-damage|p2a: Eric Cantona|0 fnt
|faint|p2a: Eric Cantona
|
|t:|1641855249
|switch|p1a: Milotic|Milotic, F|82/100|[from]move: U-turn
|-damage|p1a: Milotic|69/100|[from] Stealth Rock
|
|-weather|Sandstorm|[upkeep]
|-damage|p1a: Milotic|63/100|[from] Sandstorm
|-heal|p1a: Milotic|69/100|[from] item: Leftovers
|upkeep
|
|t:|1641855251
|switch|p2a: Fabien Cool|Clefable, F|68/100
|turn|22
|
|t:|1641855254
|move|p1a: Milotic|Recover|p1a: Milotic
|-heal|p1a: Milotic|100/100
|move|p2a: Fabien Cool|Wish|p2a: Fabien Cool
|
|-weather|Sandstorm|[upkeep]
|-damage|p1a: Milotic|94/100|[from] Sandstorm
|-heal|p1a: Milotic|100/100|[from] item: Leftovers
|-heal|p2a: Fabien Cool|74/100|[from] item: Leftovers
|upkeep
|turn|23
|
|t:|1641855258
|move|p1a: Milotic|Ice Beam|p2a: Fabien Cool
|-damage|p2a: Fabien Cool|54/100
|move|p2a: Fabien Cool|Teleport|p2a: Fabien Cool
|
|t:|1641855260
|switch|p2a: Djibril Cissé|Dracozolt|37/100 tox|[from]move: Teleport
|
|-weather|Sandstorm|[upkeep]
|-damage|p1a: Milotic|94/100|[from] Sandstorm
|-heal|p2a: Djibril Cissé|98/100 tox|[from] move: Wish|[wisher] Fabien Cool
|-heal|p1a: Milotic|100/100|[from] item: Leftovers
|-damage|p2a: Djibril Cissé|92/100 tox|[from] psn
|upkeep
|turn|24
|
|t:|1641855264
|move|p2a: Djibril Cissé|Bolt Beak|p1a: Milotic
|-supereffective|p1a: Milotic
|-damage|p1a: Milotic|3/100
|-damage|p2a: Djibril Cissé|82/100 tox|[from] item: Life Orb
|move|p1a: Milotic|Ice Beam|p2a: Djibril Cissé
|-supereffective|p2a: Djibril Cissé
|-damage|p2a: Djibril Cissé|13/100 tox
|
|-weather|none
|-heal|p1a: Milotic|9/100|[from] item: Leftovers
|-damage|p2a: Djibril Cissé|0 fnt|[from] psn
|faint|p2a: Djibril Cissé
|-fieldend|move: Electric Terrain
|upkeep
|c|☆ash_won_kalos|lol
|
|t:|1641855277
|switch|p2a: Philippe Mexès|Zapdos|94/100
|turn|25
|
|t:|1641855283
|move|p2a: Philippe Mexès|Volt Switch|p1a: Milotic
|-supereffective|p1a: Milotic
|-damage|p1a: Milotic|0 fnt
|faint|p1a: Milotic
|
|t:|1641855286
|switch|p2a: Fabien Cool|Clefable, F|54/100|[from]move: Volt Switch
|
|-heal|p2a: Fabien Cool|60/100|[from] item: Leftovers
|upkeep
|
|t:|1641855289
|switch|p1a: Jirachi|Jirachi|100/100
|-damage|p1a: Jirachi|94/100|[from] Stealth Rock
|turn|26
|
|t:|1641855291
|switch|p2a: Philippe Mexès|Zapdos|94/100
|move|p1a: Jirachi|Cosmic Power|p1a: Jirachi
|-boost|p1a: Jirachi|def|1
|-boost|p1a: Jirachi|spd|1
|
|upkeep
|turn|27
|
|t:|1641855297
|move|p1a: Jirachi|Cosmic Power|p1a: Jirachi
|-boost|p1a: Jirachi|def|1
|-boost|p1a: Jirachi|spd|1
|move|p2a: Philippe Mexès|Volt Switch|p1a: Jirachi
|-damage|p1a: Jirachi|82/100
|
|t:|1641855299
|switch|p2a: Guy Roux|Tyranitar, M|100/100|[from]move: Volt Switch
|-weather|Sandstorm|[from] ability: Sand Stream|[of] p2a: Guy Roux
|
|-weather|Sandstorm|[upkeep]
|-sideend|p1: ash_won_kalos|Reflect
|upkeep
|turn|28
|
|t:|1641855301
|move|p1a: Jirachi|Wish|p1a: Jirachi
|move|p2a: Guy Roux|Earthquake|p1a: Jirachi
|-supereffective|p1a: Jirachi
|-damage|p1a: Jirachi|58/100
|-enditem|p1a: Jirachi|Weakness Policy
|-boost|p1a: Jirachi|atk|2|[from] item: Weakness Policy
|-boost|p1a: Jirachi|spa|2|[from] item: Weakness Policy
|
|-weather|Sandstorm|[upkeep]
|upkeep
|turn|29
|
|t:|1641855304
|move|p1a: Jirachi|Aura Sphere|p2a: Guy Roux
|-supereffective|p2a: Guy Roux
|-damage|p2a: Guy Roux|60/100
|move|p2a: Guy Roux|Earthquake|p1a: Jirachi
|-supereffective|p1a: Jirachi
|-damage|p1a: Jirachi|34/100
|
|-weather|Sandstorm|[upkeep]
|-heal|p1a: Jirachi|84/100|[from] move: Wish|[wisher] Jirachi
|upkeep
|turn|30
|
|t:|1641855308
|move|p1a: Jirachi|Cosmic Power|p1a: Jirachi
|-boost|p1a: Jirachi|def|1
|-boost|p1a: Jirachi|spd|1
|move|p2a: Guy Roux|Earthquake|p1a: Jirachi
|-supereffective|p1a: Jirachi
|-damage|p1a: Jirachi|64/100
|
|-weather|Sandstorm|[upkeep]
|upkeep
|turn|31
|
|t:|1641855310
|move|p1a: Jirachi|Wish|p1a: Jirachi
|move|p2a: Guy Roux|Earthquake|p1a: Jirachi
|-supereffective|p1a: Jirachi
|-damage|p1a: Jirachi|44/100
|
|-weather|none
|upkeep
|turn|32
|
|t:|1641855313
|move|p1a: Jirachi|Aura Sphere|p2a: Guy Roux
|-supereffective|p2a: Guy Roux
|-damage|p2a: Guy Roux|4/100
|move|p2a: Guy Roux|Earthquake|p1a: Jirachi
|-supereffective|p1a: Jirachi
|-damage|p1a: Jirachi|24/100
|
|-heal|p1a: Jirachi|74/100|[from] move: Wish|[wisher] Jirachi
|upkeep
|turn|33
|
|t:|1641855317
|move|p1a: Jirachi|Aura Sphere|p2a: Guy Roux
|-supereffective|p2a: Guy Roux
|-damage|p2a: Guy Roux|0 fnt
|faint|p2a: Guy Roux
|
|upkeep
|-message|Allelaja forfeited.
|
|win|ash_won_kalos
|raw|ash_won_kalos's rating: 1479 &rarr; <strong>1498</strong><br />(+19 for winning)
|raw|Allelaja's rating: 1459 &rarr; <strong>1440</strong><br />(-19 for losing)
|l|☆Allelaja
||Ladder isn't responding, score probably updated but might not have (Request timeout).
