|j|☆Le-Perpetrator
|j|☆Bloody Busybody
|t:|1643123691
|gametype|singles
|player|p1|Le-Perpetrator|170|1528
|player|p2|Bloody Busybody|bugcatcher|1587
|teamsize|p1|6
|teamsize|p2|6
|gen|8
|tier|[Gen 8] OU
|rated|
|rule|Sleep Clause Mod: Limit one foe put to sleep
|rule|Species Clause: Limit one of each Pokémon
|rule|OHKO Clause: OHKO moves are banned
|rule|Evasion Moves Clause: Evasion moves are banned
|rule|Endless Battle Clause: Forcing endless battles is banned
|rule|HP Percentage Mod: HP is shown in percentages
|rule|Dynamax Clause: You cannot dynamax
|clearpoke
|poke|p1|Hatterene, F|
|poke|p1|Toxapex, M|
|poke|p1|Melmetal|
|poke|p1|Victini|
|poke|p1|Landorus-Therian, M|
|poke|p1|Dragapult, M|
|poke|p2|Volcanion|
|poke|p2|Corviknight, M|
|poke|p2|Mamoswine, M|
|poke|p2|Blissey, F|
|poke|p2|Rillaboom, M|
|poke|p2|Hydreigon, M|
|teampreview
|inactive|Battle timer is ON: inactive players will automatically lose when time's up. (requested by Bloody Busybody)
|
|t:|1643123701
|start
|switch|p1a: NastyInsertion|Toxapex, M|100/100
|switch|p2a: Volcanion|Volcanion|100/100
|turn|1
|
|t:|1643123712
|move|p2a: Volcanion|Earth Power|p1a: NastyInsertion
|-supereffective|p1a: NastyInsertion
|-damage|p1a: NastyInsertion|26/100
|-unboost|p1a: NastyInsertion|spd|1
|move|p1a: NastyInsertion|Toxic Spikes|p2a: Volcanion
|-sidestart|p2: Bloody Busybody|move: Toxic Spikes
|
|-heal|p1a: NastyInsertion|32/100|[from] item: Black Sludge
|upkeep
|turn|2
|
|t:|1643123720
|switch|p1a: BinLaden|Landorus-Therian, M|100/100
|-ability|p1a: BinLaden|Intimidate|boost
|-unboost|p2a: Volcanion|atk|1
|move|p2a: Volcanion|Earth Power|p1a: BinLaden
|-immune|p1a: BinLaden
|
|upkeep
|turn|3
|
|t:|1643123727
|switch|p2a: Corviknight|Corviknight, M|100/100
|-ability|p2a: Corviknight|Pressure
|move|p1a: BinLaden|U-turn|p2a: Corviknight
|-resisted|p2a: Corviknight
|-damage|p2a: Corviknight|96/100
|-damage|p1a: BinLaden|84/100|[from] item: Rocky Helmet|[of] p2a: Corviknight
|
|t:|1643123734
|switch|p1a: Victini|Victini|100/100|[from]move: U-turn
|
|upkeep
|turn|4
|
|t:|1643123741
|switch|p2a: Hydreigon|Hydreigon, M|100/100
|move|p1a: Victini|V-create|p2a: Hydreigon
|-resisted|p2a: Hydreigon
|-damage|p2a: Hydreigon|35/100
|-unboost|p1a: Victini|spe|1
|-unboost|p1a: Victini|def|1
|-unboost|p1a: Victini|spd|1
|
|upkeep
|turn|5
|
|t:|1643123750
|switch|p1a: BinLaden|Landorus-Therian, M|84/100
|-ability|p1a: BinLaden|Intimidate|boost
|-unboost|p2a: Hydreigon|atk|1
|move|p2a: Hydreigon|Roost|p2a: Hydreigon
|-heal|p2a: Hydreigon|85/100
|-singleturn|p2a: Hydreigon|move: Roost
|
|upkeep
|turn|6
|
|t:|1643123756
|move|p1a: BinLaden|U-turn|p2a: Hydreigon
|-supereffective|p2a: Hydreigon
|-damage|p2a: Hydreigon|23/100
|
|t:|1643123760
|switch|p1a: ThePunisher|Melmetal|100/100|[from]move: U-turn
|move|p2a: Hydreigon|Draco Meteor|p1a: ThePunisher
|-resisted|p1a: ThePunisher
|-damage|p1a: ThePunisher|63/100
|-unboost|p2a: Hydreigon|spa|2
|-damage|p2a: Hydreigon|13/100|[from] item: Life Orb
|
|upkeep
|turn|7
|
|t:|1643123772
|switch|p2a: Corviknight|Corviknight, M|96/100
|-ability|p2a: Corviknight|Pressure
|move|p1a: ThePunisher|Thunder Punch|p2a: Corviknight
|-supereffective|p2a: Corviknight
|-damage|p2a: Corviknight|34/100
|-status|p2a: Corviknight|par
|-damage|p1a: ThePunisher|46/100|[from] item: Rocky Helmet|[of] p2a: Corviknight
|
|upkeep
|turn|8
|
|t:|1643123781
|move|p1a: ThePunisher|Thunder Punch|p2a: Corviknight
|-supereffective|p2a: Corviknight
|-damage|p2a: Corviknight|0 fnt
|-damage|p1a: ThePunisher|30/100|[from] item: Rocky Helmet|[of] p2a: Corviknight
|faint|p2a: Corviknight
|
|upkeep
|
|t:|1643123788
|switch|p2a: Hydreigon|Hydreigon, M|13/100
|turn|9
|
|t:|1643123794
|move|p2a: Hydreigon|Roost|p2a: Hydreigon
|-heal|p2a: Hydreigon|63/100
|-singleturn|p2a: Hydreigon|move: Roost
|move|p1a: ThePunisher|Thunder Punch|p2a: Hydreigon
|-resisted|p2a: Hydreigon
|-damage|p2a: Hydreigon|32/100
|
|upkeep
|turn|10
|
|t:|1643123800
|switch|p1a: Condom|Hatterene, F|100/100
|move|p2a: Hydreigon|Dark Pulse|p1a: Condom
|-damage|p1a: Condom|49/100
|-damage|p2a: Hydreigon|23/100|[from] item: Life Orb
|
|upkeep
|turn|11
|
|t:|1643123807
|move|p2a: Hydreigon|Dark Pulse|p1a: Condom
|-damage|p1a: Condom|0 fnt
|faint|p1a: Condom
|-damage|p2a: Hydreigon|13/100|[from] item: Life Orb
|
|upkeep
|
|t:|1643123813
|switch|p1a: BinLaden|Landorus-Therian, M|84/100
|-ability|p1a: BinLaden|Intimidate|boost
|-unboost|p2a: Hydreigon|atk|1
|turn|12
|
|t:|1643123824
|switch|p2a: Mamoswine|Mamoswine, M|100/100
|-status|p2a: Mamoswine|psn
|move|p1a: BinLaden|U-turn|p2a: Mamoswine
|-damage|p2a: Mamoswine|66/100 psn
|
|t:|1643123830
|switch|p1a: Victini|Victini|100/100|[from]move: U-turn
|
|-damage|p2a: Mamoswine|54/100 psn|[from] psn
|upkeep
|turn|13
|
|t:|1643123835
|move|p1a: Victini|V-create|p2a: Mamoswine
|-supereffective|p2a: Mamoswine
|-damage|p2a: Mamoswine|0 fnt
|-unboost|p1a: Victini|spe|1
|-unboost|p1a: Victini|def|1
|-unboost|p1a: Victini|spd|1
|faint|p2a: Mamoswine
|
|upkeep
|
|t:|1643123837
|switch|p2a: Hydreigon|Hydreigon, M|13/100
|turn|14
|
|t:|1643123846
|switch|p1a: BinLaden|Landorus-Therian, M|84/100
|-ability|p1a: BinLaden|Intimidate|boost
|-unboost|p2a: Hydreigon|atk|1
|move|p2a: Hydreigon|Dark Pulse|p1a: BinLaden
|-damage|p1a: BinLaden|18/100
|-damage|p2a: Hydreigon|3/100|[from] item: Life Orb
|
|upkeep
|turn|15
|
|t:|1643123854
|move|p1a: BinLaden|U-turn|p2a: Hydreigon
|-supereffective|p2a: Hydreigon
|-damage|p2a: Hydreigon|0 fnt
|faint|p2a: Hydreigon
|
|t:|1643123860
|switch|p1a: Victini|Victini|100/100|[from]move: U-turn
|
|upkeep
|
|t:|1643123862
|switch|p2a: Blissey|Blissey, F|100/100
|turn|16
|
|t:|1643123866
|move|p1a: Victini|V-create|p2a: Blissey
|-damage|p2a: Blissey|0 fnt
|-unboost|p1a: Victini|spe|1
|-unboost|p1a: Victini|def|1
|-unboost|p1a: Victini|spd|1
|faint|p2a: Blissey
|
|upkeep
|
|t:|1643123868
|switch|p2a: Volcanion|Volcanion|100/100
|-status|p2a: Volcanion|psn
|turn|17
|
|t:|1643123876
|switch|p1a: NastyInsertion|Toxapex, M|66/100
|move|p2a: Volcanion|Steam Eruption|p1a: NastyInsertion
|-resisted|p1a: NastyInsertion
|-damage|p1a: NastyInsertion|33/100
|
|-heal|p1a: NastyInsertion|39/100|[from] item: Black Sludge
|-damage|p2a: Volcanion|88/100 psn|[from] psn
|upkeep
|turn|18
|
|t:|1643123884
|move|p2a: Volcanion|Steam Eruption|p1a: NastyInsertion|[miss]
|-miss|p2a: Volcanion|p1a: NastyInsertion
|move|p1a: NastyInsertion|Recover|p1a: NastyInsertion
|-heal|p1a: NastyInsertion|89/100
|
|-heal|p1a: NastyInsertion|96/100|[from] item: Black Sludge
|-damage|p2a: Volcanion|76/100 psn|[from] psn
|upkeep
|turn|19
|-message|Bloody Busybody forfeited.
|
|win|Le-Perpetrator
|raw|Le-Perpetrator's rating: 1528 &rarr; <strong>1551</strong><br />(+23 for winning)
|raw|Bloody Busybody's rating: 1587 &rarr; <strong>1564</strong><br />(-23 for losing)
|l|☆Bloody Busybody
||Ladder isn't responding, score probably updated but might not have (Request timeout).
