|raw|<div class="broadcast-blue"><strong>This battle is required to be public due to a player having a name starting with 'lt93oq'.</div>
|j|‽kinetic chain
|j|☆LT93OQ Lio
|t:|1660560536
|gametype|singles
|player|p1|kinetic chain|silver-gen2|1745
|player|p2|LT93OQ Lio|2|1790
|teamsize|p1|6
|teamsize|p2|6
|gen|8
|tier|[Gen 8] OU
|rated|
|rule|Sleep Clause Mod: Limit one foe put to sleep
|rule|Species Clause: Limit one of each Pokémon
|rule|OHKO Clause: OHKO moves are banned
|rule|Evasion Items Clause: Evasion items are banned
|rule|Evasion Moves Clause: Evasion moves are banned
|rule|Endless Battle Clause: Forcing endless battles is banned
|rule|HP Percentage Mod: HP is shown in percentages
|rule|Dynamax Clause: You cannot dynamax
|clearpoke
|poke|p1|Dragapult, F|
|poke|p1|Toxapex, M|
|poke|p1|Weavile, M|
|poke|p1|Heatran, M|
|poke|p1|Landorus-Therian, M|
|poke|p1|Zapdos|
|poke|p2|Clefable, F|
|poke|p2|Tapu Koko|
|poke|p2|Victini|
|poke|p2|Skarmory, M|
|poke|p2|Toxapex, F|
|poke|p2|Gastrodon, F|
|teampreview
|inactive|Battle timer is ON: inactive players will automatically lose when time's up. (requested by kinetic chain)
|
|t:|1660560557
|start
|switch|p1a: Toxapex|Toxapex, M|100/100
|switch|p2a: Toxapex|Toxapex, F|100/100
|turn|1
|j| Cono de la Correze
|
|t:|1660560572
|switch|p2a: Clefable|Clefable, F|100/100
|move|p1a: Toxapex|Knock Off|p2a: Clefable
|-resisted|p2a: Clefable
|-damage|p2a: Clefable|94/100
|-enditem|p2a: Clefable|Leftovers|[from] move: Knock Off|[of] p1a: Toxapex
|
|upkeep
|turn|2
|j| Volcaronium
|j| Evilo42
|
|t:|1660560582
|switch|p1a: Landorus|Landorus-Therian, M|100/100
|-ability|p1a: Landorus|Intimidate|boost
|-unboost|p2a: Clefable|atk|1
|move|p2a: Clefable|Thunder Wave|p1a: Landorus
|-immune|p1a: Landorus
|
|upkeep
|turn|3
|j| Ultimate ou
|
|t:|1660560584
|move|p1a: Landorus|Stealth Rock|p2a: Clefable
|-sidestart|p2: LT93OQ Lio|move: Stealth Rock
|move|p2a: Clefable|Stealth Rock|p1a: Landorus
|-sidestart|p1: kinetic chain|move: Stealth Rock
|
|upkeep
|turn|4
|
|t:|1660560588
|move|p1a: Landorus|Earthquake|p2a: Clefable
|-damage|p2a: Clefable|55/100
|move|p2a: Clefable|Soft-Boiled|p2a: Clefable
|-heal|p2a: Clefable|100/100
|
|upkeep
|turn|5
|j| chokst du
|
|t:|1660560595
|move|p1a: Landorus|Earthquake|p2a: Clefable
|-damage|p2a: Clefable|56/100
|move|p2a: Clefable|Moonblast|p1a: Landorus
|-damage|p1a: Landorus|77/100
|
|-heal|p1a: Landorus|83/100|[from] item: Leftovers
|upkeep
|turn|6
|
|t:|1660560600
|move|p1a: Landorus|U-turn|p2a: Clefable
|-resisted|p2a: Clefable
|-damage|p2a: Clefable|47/100
|
|t:|1660560601
|switch|p1a: Heatran|Heatran, M|100/100|[from]move: U-turn
|-damage|p1a: Heatran|88/100|[from] Stealth Rock
|move|p2a: Clefable|Soft-Boiled|p2a: Clefable
|-heal|p2a: Clefable|97/100
|
|-heal|p1a: Heatran|94/100|[from] item: Leftovers
|upkeep
|turn|7
|
|t:|1660560606
|switch|p2a: Toxapex|Toxapex, F|100/100
|-damage|p2a: Toxapex|88/100|[from] Stealth Rock
|move|p1a: Heatran|Magma Storm|p2a: Toxapex
|-resisted|p2a: Toxapex
|-damage|p2a: Toxapex|74/100
|-activate|p2a: Toxapex|move: Magma Storm|[of] p1a: Heatran
|
|-heal|p1a: Heatran|100/100|[from] item: Leftovers
|-damage|p2a: Toxapex|62/100|[from] move: Magma Storm|[partiallytrapped]
|upkeep
|turn|8
|j| ILoveThe1975
|j| Shocwave
|j| filon
|
|t:|1660560616
|switch|p1a: Toxapex|Toxapex, M|100/100
|-damage|p1a: Toxapex|88/100|[from] Stealth Rock
|move|p2a: Toxapex|Knock Off|p1a: Toxapex
|-damage|p1a: Toxapex|79/100
|-damage|p2a: Toxapex|45/100|[from] item: Rocky Helmet|[of] p1a: Toxapex
|-enditem|p1a: Toxapex|Rocky Helmet|[from] move: Knock Off|[of] p2a: Toxapex
|
|-end|p2a: Toxapex|Magma Storm|[partiallytrapped]|[silent]
|upkeep
|turn|9
|
|t:|1660560622
|switch|p2a: Clefable|Clefable, F|97/100
|move|p1a: Toxapex|Knock Off|p2a: Clefable
|-resisted|p2a: Clefable
|-damage|p2a: Clefable|92/100
|
|upkeep
|turn|10
|j| Randomuser04
|
|t:|1660560626
|switch|p1a: Landorus|Landorus-Therian, M|83/100
|-damage|p1a: Landorus|70/100|[from] Stealth Rock
|-ability|p1a: Landorus|Intimidate|boost
|-unboost|p2a: Clefable|atk|1
|move|p2a: Clefable|Moonblast|p1a: Landorus
|-damage|p1a: Landorus|46/100
|-unboost|p1a: Landorus|spa|1
|
|-heal|p1a: Landorus|52/100|[from] item: Leftovers
|upkeep
|turn|11
|j| LT93OQ ffffff
|j| injecting heroin
|
|t:|1660560636
|switch|p2a: Skarmory|Skarmory, M|100/100
|-damage|p2a: Skarmory|88/100|[from] Stealth Rock
|move|p1a: Landorus|Earthquake|p2a: Skarmory
|-immune|p2a: Skarmory
|
|-heal|p1a: Landorus|58/100|[from] item: Leftovers
|upkeep
|turn|12
|l| Volcaronium
|
|t:|1660560642
|switch|p1a: Zapdos|Zapdos|100/100
|move|p2a: Skarmory|Spikes|p1a: Zapdos
|-sidestart|p1: kinetic chain|Spikes
|
|upkeep
|turn|13
|
|t:|1660560646
|switch|p2a: Gastrodon|Gastrodon, F|100/100
|move|p1a: Zapdos|Hurricane|p2a: Gastrodon
|-damage|p2a: Gastrodon|65/100
|
|upkeep
|turn|14
|j| kevnsanity
|
|t:|1660560652
|move|p1a: Zapdos|Hurricane|p2a: Gastrodon
|-damage|p2a: Gastrodon|29/100
|move|p2a: Gastrodon|Recover|p2a: Gastrodon
|-heal|p2a: Gastrodon|79/100
|
|upkeep
|turn|15
|
|t:|1660560663
|switch|p1a: Weavile|Weavile, M|100/100
|move|p2a: Gastrodon|Recover|p2a: Gastrodon
|-heal|p2a: Gastrodon|100/100
|
|upkeep
|turn|16
|j| Wiener thing
|j| Ctannn
|l| Wiener thing
|
|t:|1660560674
|switch|p2a: Skarmory|Skarmory, M|88/100
|-damage|p2a: Skarmory|76/100|[from] Stealth Rock
|move|p1a: Weavile|Knock Off|p2a: Skarmory
|-damage|p2a: Skarmory|45/100
|-damage|p1a: Weavile|84/100|[from] item: Rocky Helmet|[of] p2a: Skarmory
|-enditem|p2a: Skarmory|Rocky Helmet|[from] move: Knock Off|[of] p1a: Weavile
|
|upkeep
|turn|17
|
|t:|1660560683
|switch|p1a: Zapdos|Zapdos|100/100
|move|p2a: Skarmory|Roost|p2a: Skarmory
|-heal|p2a: Skarmory|95/100
|-singleturn|p2a: Skarmory|move: Roost
|
|upkeep
|turn|18
|
|t:|1660560688
|switch|p2a: Gastrodon|Gastrodon, F|100/100
|move|p1a: Zapdos|Hurricane|p2a: Gastrodon
|-damage|p2a: Gastrodon|62/100
|
|upkeep
|turn|19
|
|t:|1660560693
|move|p1a: Zapdos|Hurricane|p2a: Gastrodon|[miss]
|-miss|p1a: Zapdos|p2a: Gastrodon
|move|p2a: Gastrodon|Recover|p2a: Gastrodon
|-heal|p2a: Gastrodon|100/100
|
|upkeep
|turn|20
|
|t:|1660560699
|switch|p1a: Toxapex|Toxapex, M|100/100
|-damage|p1a: Toxapex|88/100|[from] Stealth Rock
|-damage|p1a: Toxapex|76/100|[from] Spikes
|move|p2a: Gastrodon|Scald|p1a: Toxapex
|-resisted|p1a: Toxapex
|-damage|p1a: Toxapex|66/100
|
|upkeep
|turn|21
|
|t:|1660560705
|switch|p2a: Clefable|Clefable, F|92/100
|move|p1a: Toxapex|Knock Off|p2a: Clefable
|-resisted|p2a: Clefable
|-damage|p2a: Clefable|87/100
|
|upkeep
|turn|22
|
|t:|1660560709
|move|p2a: Clefable|Thunder Wave|p1a: Toxapex
|-status|p1a: Toxapex|par
|move|p1a: Toxapex|Recover|p1a: Toxapex
|-heal|p1a: Toxapex|100/100 par
|
|upkeep
|turn|23
|j| tansincos
|
|t:|1660560714
|move|p2a: Clefable|Moonblast|p1a: Toxapex
|-resisted|p1a: Toxapex
|-damage|p1a: Toxapex|88/100 par
|move|p1a: Toxapex|Knock Off|p2a: Clefable
|-resisted|p2a: Clefable
|-damage|p2a: Clefable|82/100
|
|upkeep
|turn|24
|
|t:|1660560717
|move|p2a: Clefable|Moonblast|p1a: Toxapex
|-resisted|p1a: Toxapex
|-damage|p1a: Toxapex|75/100 par
|cant|p1a: Toxapex|par
|
|upkeep
|turn|25
|
|t:|1660560719
|move|p2a: Clefable|Moonblast|p1a: Toxapex
|-resisted|p1a: Toxapex
|-damage|p1a: Toxapex|62/100 par
|-unboost|p1a: Toxapex|spa|1
|move|p1a: Toxapex|Knock Off|p2a: Clefable
|-resisted|p2a: Clefable
|-damage|p2a: Clefable|78/100
|
|upkeep
|turn|26
|l| tansincos
|
|t:|1660560723
|move|p2a: Clefable|Soft-Boiled|p2a: Clefable
|-heal|p2a: Clefable|100/100
|move|p1a: Toxapex|Knock Off|p2a: Clefable
|-resisted|p2a: Clefable
|-damage|p2a: Clefable|96/100
|
|upkeep
|turn|27
|
|t:|1660560725
|move|p2a: Clefable|Moonblast|p1a: Toxapex
|-resisted|p1a: Toxapex
|-damage|p1a: Toxapex|49/100 par
|-unboost|p1a: Toxapex|spa|1
|move|p1a: Toxapex|Recover|p1a: Toxapex
|-heal|p1a: Toxapex|99/100 par
|
|upkeep
|turn|28
|
|t:|1660560728
|move|p2a: Clefable|Moonblast|p1a: Toxapex
|-resisted|p1a: Toxapex
|-damage|p1a: Toxapex|86/100 par
|move|p1a: Toxapex|Knock Off|p2a: Clefable
|-resisted|p2a: Clefable
|-damage|p2a: Clefable|91/100
|
|upkeep
|turn|29
|
|t:|1660560732
|move|p2a: Clefable|Moonblast|p1a: Toxapex
|-resisted|p1a: Toxapex
|-damage|p1a: Toxapex|74/100 par
|move|p1a: Toxapex|Knock Off|p2a: Clefable
|-resisted|p2a: Clefable
|-damage|p2a: Clefable|87/100
|
|upkeep
|turn|30
|
|t:|1660560738
|switch|p2a: Gastrodon|Gastrodon, F|100/100
|move|p1a: Toxapex|Knock Off|p2a: Gastrodon
|-damage|p2a: Gastrodon|84/100
|-activate|p2a: Gastrodon|ability: Sticky Hold
|
|upkeep
|turn|31
|
|t:|1660560746
|switch|p2a: Clefable|Clefable, F|87/100
|move|p1a: Toxapex|Toxic|p2a: Clefable
|-status|p2a: Clefable|tox
|
|upkeep
|turn|32
|j| Volcaronium
|
|t:|1660560752
|move|p2a: Clefable|Moonblast|p1a: Toxapex
|-resisted|p1a: Toxapex
|-damage|p1a: Toxapex|61/100 par
|-unboost|p1a: Toxapex|spa|1
|move|p1a: Toxapex|Knock Off|p2a: Clefable
|-resisted|p2a: Clefable
|-damage|p2a: Clefable|82/100 tox
|
|upkeep
|turn|33
|
|t:|1660560758
|move|p2a: Clefable|Moonblast|p1a: Toxapex
|-resisted|p1a: Toxapex
|-damage|p1a: Toxapex|47/100 par
|move|p1a: Toxapex|Recover|p1a: Toxapex
|-heal|p1a: Toxapex|98/100 par
|
|upkeep
|turn|34
|
|t:|1660560770
|move|p2a: Clefable|Thunder Wave|p1a: Toxapex
|-fail|p1a: Toxapex|par
|cant|p1a: Toxapex|par
|
|upkeep
|turn|35
|
|t:|1660560774
|move|p2a: Clefable|Thunder Wave|p1a: Toxapex
|-fail|p1a: Toxapex|par
|move|p1a: Toxapex|Knock Off|p2a: Clefable
|-resisted|p2a: Clefable
|-damage|p2a: Clefable|77/100 tox
|
|upkeep
|turn|36
|l| Volcaronium
|
|t:|1660560777
|move|p2a: Clefable|Soft-Boiled|p2a: Clefable
|-heal|p2a: Clefable|100/100 tox
|move|p1a: Toxapex|Knock Off|p2a: Clefable
|-resisted|p2a: Clefable
|-damage|p2a: Clefable|96/100 tox
|
|upkeep
|turn|37
|j| ShowMix
|
|t:|1660560786
|move|p2a: Clefable|Stealth Rock||[still]
|-fail|p2a: Clefable
|move|p1a: Toxapex|Scald|p2a: Clefable
|-damage|p2a: Clefable|90/100 tox
|
|upkeep
|turn|38
|
|t:|1660560789
|move|p2a: Clefable|Stealth Rock||[still]
|-fail|p2a: Clefable
|move|p1a: Toxapex|Scald|p2a: Clefable
|-damage|p2a: Clefable|86/100 tox
|
|upkeep
|turn|39
|
|t:|1660560793
|move|p2a: Clefable|Stealth Rock||[still]
|-fail|p2a: Clefable
|move|p1a: Toxapex|Knock Off|p2a: Clefable
|-resisted|p2a: Clefable
|-crit|p2a: Clefable
|-damage|p2a: Clefable|78/100 tox
|
|upkeep
|turn|40
|
|t:|1660560797
|move|p2a: Clefable|Moonblast|p1a: Toxapex
|-resisted|p1a: Toxapex
|-damage|p1a: Toxapex|85/100 par
|-unboost|p1a: Toxapex|spa|1
|move|p1a: Toxapex|Knock Off|p2a: Clefable
|-resisted|p2a: Clefable
|-damage|p2a: Clefable|74/100 tox
|
|upkeep
|turn|41
|
|t:|1660560800
|switch|p1a: Zapdos|Zapdos|100/100
|move|p2a: Clefable|Moonblast|p1a: Zapdos
|-damage|p1a: Zapdos|66/100
|
|upkeep
|turn|42
|
|t:|1660560807
|switch|p2a: Tapu Koko|Tapu Koko|100/100
|-fieldstart|move: Electric Terrain|[from] ability: Electric Surge|[of] p2a: Tapu Koko
|move|p1a: Zapdos|Hurricane|p2a: Tapu Koko
|-resisted|p2a: Tapu Koko
|-damage|p2a: Tapu Koko|60/100
|
|upkeep
|turn|43
|
|t:|1660560817
|switch|p1a: Landorus|Landorus-Therian, M|58/100
|-damage|p1a: Landorus|46/100|[from] Stealth Rock
|-ability|p1a: Landorus|Intimidate|boost
|-unboost|p2a: Tapu Koko|atk|1
|move|p2a: Tapu Koko|Calm Mind|p2a: Tapu Koko
|-boost|p2a: Tapu Koko|spa|1
|-boost|p2a: Tapu Koko|spd|1
|
|-heal|p1a: Landorus|52/100|[from] item: Leftovers
|upkeep
|turn|44
|
|t:|1660560826
|switch|p2a: Skarmory|Skarmory, M|95/100
|-damage|p2a: Skarmory|83/100|[from] Stealth Rock
|move|p1a: Landorus|Earthquake|p2a: Skarmory
|-immune|p2a: Skarmory
|
|-heal|p1a: Landorus|58/100|[from] item: Leftovers
|upkeep
|turn|45
|
|t:|1660560832
|switch|p1a: Zapdos|Zapdos|66/100
|move|p2a: Skarmory|Spikes|p1a: Zapdos
|-sidestart|p1: kinetic chain|Spikes
|
|upkeep
|turn|46
|
|t:|1660560838
|switch|p2a: Tapu Koko|Tapu Koko|60/100
|move|p1a: Zapdos|Hurricane|p2a: Tapu Koko
|-resisted|p2a: Tapu Koko
|-damage|p2a: Tapu Koko|17/100
|-start|p2a: Tapu Koko|confusion
|
|-fieldend|move: Electric Terrain
|upkeep
|turn|47
|
|t:|1660560846
|-activate|p2a: Tapu Koko|confusion
|move|p2a: Tapu Koko|Roost|p2a: Tapu Koko
|-heal|p2a: Tapu Koko|67/100
|-singleturn|p2a: Tapu Koko|move: Roost
|move|p1a: Zapdos|Heat Wave|p2a: Tapu Koko
|-damage|p2a: Tapu Koko|16/100
|
|upkeep
|turn|48
|
|t:|1660560857
|-activate|p2a: Tapu Koko|confusion
|move|p2a: Tapu Koko|Roost|p2a: Tapu Koko
|-heal|p2a: Tapu Koko|66/100
|-singleturn|p2a: Tapu Koko|move: Roost
|move|p1a: Zapdos|Heat Wave|p2a: Tapu Koko
|-damage|p2a: Tapu Koko|18/100
|
|upkeep
|turn|49
|
|t:|1660560863
|switch|p2a: Gastrodon|Gastrodon, F|84/100
|move|p1a: Zapdos|Heat Wave|p2a: Gastrodon
|-resisted|p2a: Gastrodon
|-damage|p2a: Gastrodon|73/100
|
|upkeep
|turn|50
|
|t:|1660560871
|switch|p1a: Toxapex|Toxapex, M|100/100 par
|-damage|p1a: Toxapex|88/100 par|[from] Stealth Rock
|-damage|p1a: Toxapex|72/100 par|[from] Spikes
|move|p2a: Gastrodon|Scald|p1a: Toxapex
|-resisted|p1a: Toxapex
|-damage|p1a: Toxapex|62/100 par
|
|upkeep
|turn|51
|
|t:|1660560879
|switch|p1a: Zapdos|Zapdos|66/100
|move|p2a: Gastrodon|Earthquake|p1a: Zapdos
|-immune|p1a: Zapdos
|
|upkeep
|turn|52
|
|t:|1660560883
|switch|p1a: Toxapex|Toxapex, M|96/100 par
|-damage|p1a: Toxapex|83/100 par|[from] Stealth Rock
|-damage|p1a: Toxapex|67/100 par|[from] Spikes
|move|p2a: Gastrodon|Scald|p1a: Toxapex
|-resisted|p1a: Toxapex
|-crit|p1a: Toxapex
|-damage|p1a: Toxapex|52/100 par
|
|upkeep
|turn|53
|
|t:|1660560892
|move|p2a: Gastrodon|Earthquake|p1a: Toxapex
|-supereffective|p1a: Toxapex
|-damage|p1a: Toxapex|14/100 par
|move|p1a: Toxapex|Toxic|p2a: Gastrodon
|-status|p2a: Gastrodon|tox
|
|-damage|p2a: Gastrodon|67/100 tox|[from] psn
|upkeep
|turn|54
|
|t:|1660560901
|switch|p2a: Tapu Koko|Tapu Koko|18/100
|-fieldstart|move: Electric Terrain|[from] ability: Electric Surge|[of] p2a: Tapu Koko
|switch|p1a: Landorus|Landorus-Therian, M|58/100
|-damage|p1a: Landorus|45/100|[from] Stealth Rock
|-ability|p1a: Landorus|Intimidate|boost
|-unboost|p2a: Tapu Koko|atk|1
|
|-heal|p1a: Landorus|51/100|[from] item: Leftovers
|upkeep
|turn|55
|
|t:|1660560906
|switch|p2a: Skarmory|Skarmory, M|83/100
|-damage|p2a: Skarmory|71/100|[from] Stealth Rock
|move|p1a: Landorus|U-turn|p2a: Skarmory
|-resisted|p2a: Skarmory
|-damage|p2a: Skarmory|68/100
|
|t:|1660560909
|switch|p1a: Zapdos|Zapdos|66/100|[from]move: U-turn
|
|upkeep
|turn|56
|
|t:|1660560914
|move|p1a: Zapdos|Defog|p2a: Skarmory
|-unboost|p2a: Skarmory|evasion|1
|-sideend|p2: LT93OQ Lio|Stealth Rock|[from] move: Defog|[of] p1a: Zapdos
|-sideend|p1: kinetic chain|Spikes|[from] move: Defog|[of] p1a: Zapdos
|-sideend|p1: kinetic chain|Stealth Rock|[from] move: Defog|[of] p1a: Zapdos
|-fieldend|move: Electric Terrain
|move|p2a: Skarmory|Toxic|p1a: Zapdos
|-status|p1a: Zapdos|tox
|
|-damage|p1a: Zapdos|59/100 tox|[from] psn
|upkeep
|turn|57
|j|+Dragonillis
|
|t:|1660560926
|switch|p2a: Toxapex|Toxapex, F|78/100
|move|p1a: Zapdos|Hurricane|p2a: Toxapex|[miss]
|-miss|p1a: Zapdos|p2a: Toxapex
|
|-damage|p1a: Zapdos|47/100 tox|[from] psn
|upkeep
|turn|58
|j| Volcaronium
|
|t:|1660560932
|switch|p1a: Landorus|Landorus-Therian, M|51/100
|-ability|p1a: Landorus|Intimidate|boost
|-unboost|p2a: Toxapex|atk|1
|move|p2a: Toxapex|Light Screen|p2a: Toxapex
|-sidestart|p2: LT93OQ Lio|move: Light Screen
|
|-heal|p1a: Landorus|57/100|[from] item: Leftovers
|upkeep
|turn|59
|
|t:|1660560939
|move|p1a: Landorus|U-turn|p2a: Toxapex
|-resisted|p2a: Toxapex
|-damage|p2a: Toxapex|71/100
|l| Volcaronium
|
|t:|1660560942
|switch|p1a: Toxapex|Toxapex, M|47/100 par|[from]move: U-turn
|move|p2a: Toxapex|Knock Off|p1a: Toxapex
|-damage|p1a: Toxapex|43/100 par
|
|upkeep
|turn|60
|
|t:|1660560949
|switch|p2a: Tapu Koko|Tapu Koko|18/100
|-fieldstart|move: Electric Terrain|[from] ability: Electric Surge|[of] p2a: Tapu Koko
|switch|p1a: Landorus|Landorus-Therian, M|57/100
|-ability|p1a: Landorus|Intimidate|boost
|-unboost|p2a: Tapu Koko|atk|1
|
|-heal|p1a: Landorus|63/100|[from] item: Leftovers
|upkeep
|turn|61
|
|t:|1660560953
|switch|p2a: Skarmory|Skarmory, M|68/100
|move|p1a: Landorus|Stealth Rock|p2a: Skarmory
|-sidestart|p2: LT93OQ Lio|move: Stealth Rock
|
|-heal|p1a: Landorus|69/100|[from] item: Leftovers
|upkeep
|turn|62
|
|t:|1660560956
|move|p1a: Landorus|U-turn|p2a: Skarmory
|-resisted|p2a: Skarmory
|-damage|p2a: Skarmory|65/100
|
|t:|1660560958
|switch|p1a: Dragapult|Dragapult, F|100/100|[from]move: U-turn
|move|p2a: Skarmory|Spikes|p1a: Dragapult
|-sidestart|p1: kinetic chain|Spikes
|
|-sideend|p2: LT93OQ Lio|move: Light Screen
|upkeep
|turn|63
|
|t:|1660560962
|switch|p2a: Toxapex|Toxapex, F|100/100
|-damage|p2a: Toxapex|88/100|[from] Stealth Rock
|move|p1a: Dragapult|Shadow Ball|p2a: Toxapex
|-damage|p2a: Toxapex|49/100
|
|upkeep
|turn|64
|
|t:|1660560966
|move|p1a: Dragapult|Shadow Ball|p2a: Toxapex
|-damage|p2a: Toxapex|14/100
|move|p2a: Toxapex|Recover|p2a: Toxapex
|-heal|p2a: Toxapex|64/100
|
|-fieldend|move: Electric Terrain
|upkeep
|turn|65
|
|t:|1660560973
|move|p1a: Dragapult|Shadow Ball|p2a: Toxapex
|-damage|p2a: Toxapex|25/100
|-unboost|p2a: Toxapex|spd|1
|move|p2a: Toxapex|Knock Off|p1a: Dragapult
|-supereffective|p1a: Dragapult
|-damage|p1a: Dragapult|55/100
|-enditem|p1a: Dragapult|Choice Specs|[from] move: Knock Off|[of] p2a: Toxapex
|
|upkeep
|turn|66
|l| LT93OQ ffffff
|
|t:|1660560980
|switch|p2a: Clefable|Clefable, F|74/100 tox
|move|p1a: Dragapult|Shadow Ball|p2a: Clefable
|-damage|p2a: Clefable|48/100 tox
|
|upkeep
|turn|67
|
|t:|1660560982
|move|p1a: Dragapult|Shadow Ball|p2a: Clefable
|-damage|p2a: Clefable|21/100 tox
|move|p2a: Clefable|Soft-Boiled|p2a: Clefable
|-heal|p2a: Clefable|71/100 tox
|
|upkeep
|turn|68
|
|t:|1660560985
|switch|p1a: Heatran|Heatran, M|100/100
|-damage|p1a: Heatran|88/100|[from] Spikes
|move|p2a: Clefable|Stealth Rock|p1a: Heatran
|-sidestart|p1: kinetic chain|move: Stealth Rock
|
|-heal|p1a: Heatran|94/100|[from] item: Leftovers
|upkeep
|turn|69
|
|t:|1660560991
|switch|p2a: Gastrodon|Gastrodon, F|67/100 tox
|move|p1a: Heatran|Magma Storm|p2a: Gastrodon
|-resisted|p2a: Gastrodon
|-damage|p2a: Gastrodon|52/100 tox
|-activate|p2a: Gastrodon|move: Magma Storm|[of] p1a: Heatran
|
|-heal|p1a: Heatran|100/100|[from] item: Leftovers
|-damage|p2a: Gastrodon|46/100 tox|[from] psn
|-damage|p2a: Gastrodon|33/100 tox|[from] move: Magma Storm|[partiallytrapped]
|upkeep
|turn|70
|
|t:|1660561004
|switch|p1a: Zapdos|Zapdos|47/100 tox
|move|p2a: Gastrodon|Earthquake|p1a: Zapdos
|-immune|p1a: Zapdos
|
|-damage|p1a: Zapdos|41/100 tox|[from] psn
|-damage|p2a: Gastrodon|21/100 tox|[from] psn
|-end|p2a: Gastrodon|Magma Storm|[partiallytrapped]|[silent]
|upkeep
|turn|71
|
|t:|1660561019
|switch|p2a: Toxapex|Toxapex, F|59/100
|-damage|p2a: Toxapex|46/100|[from] Stealth Rock
|move|p1a: Zapdos|Hurricane|p2a: Toxapex
|-damage|p2a: Toxapex|10/100
|
|-damage|p1a: Zapdos|28/100 tox|[from] psn
|upkeep
|turn|72
|
|t:|1660561034
|switch|p2a: Clefable|Clefable, F|71/100 tox
|move|p1a: Zapdos|Defog|p2a: Clefable
|-unboost|p2a: Clefable|evasion|1
|-sideend|p2: LT93OQ Lio|Stealth Rock|[from] move: Defog|[of] p1a: Zapdos
|-sideend|p1: kinetic chain|Spikes|[from] move: Defog|[of] p1a: Zapdos
|-sideend|p1: kinetic chain|Stealth Rock|[from] move: Defog|[of] p1a: Zapdos
|
|-damage|p1a: Zapdos|10/100 tox|[from] psn
|upkeep
|turn|73
|j| LT93OQ Vegeto
|
|t:|1660561037
|move|p1a: Zapdos|Volt Switch|p2a: Clefable
|-damage|p2a: Clefable|41/100 tox
|l| LT93OQ Vegeto
|
|t:|1660561042
|switch|p1a: Weavile|Weavile, M|84/100|[from]move: Volt Switch
|move|p2a: Clefable|Stealth Rock|p1a: Weavile
|-sidestart|p1: kinetic chain|move: Stealth Rock
|
|upkeep
|turn|74
|j| rheysali
|
|t:|1660561063
|switch|p2a: Skarmory|Skarmory, M|65/100
|move|p1a: Weavile|Triple Axel|p2a: Skarmory
|-damage|p2a: Skarmory|59/100
|-damage|p2a: Skarmory|48/100
|-damage|p2a: Skarmory|30/100
|-hitcount|p2a: Skarmory|3
|
|upkeep
|turn|75
|l| Shocwave
|
|t:|1660561075
|move|p1a: Weavile|Triple Axel|p2a: Skarmory
|-damage|p2a: Skarmory|25/100
|-crit|p2a: Skarmory
|-damage|p2a: Skarmory|7/100
|-hitcount|p2a: Skarmory|2
|move|p2a: Skarmory|Roost|p2a: Skarmory
|-heal|p2a: Skarmory|57/100
|-singleturn|p2a: Skarmory|move: Roost
|
|upkeep
|turn|76
|
|t:|1660561086
|switch|p1a: Heatran|Heatran, M|100/100
|-damage|p1a: Heatran|88/100|[from] Stealth Rock
|move|p2a: Skarmory|Roost|p2a: Skarmory
|-heal|p2a: Skarmory|100/100
|-singleturn|p2a: Skarmory|move: Roost
|
|-heal|p1a: Heatran|94/100|[from] item: Leftovers
|upkeep
|turn|77
|
|t:|1660561095
|switch|p2a: Toxapex|Toxapex, F|44/100
|move|p1a: Heatran|Earth Power|p2a: Toxapex
|-supereffective|p2a: Toxapex
|-damage|p2a: Toxapex|6/100
|
|-heal|p1a: Heatran|100/100|[from] item: Leftovers
|upkeep
|turn|78
|
|t:|1660561118
|switch|p2a: Clefable|Clefable, F|41/100 tox
|move|p1a: Heatran|Earth Power|p2a: Clefable
|-damage|p2a: Clefable|18/100 tox
|
|upkeep
|turn|79
|
|t:|1660561124
|move|p1a: Heatran|Earth Power|p2a: Clefable
|-damage|p2a: Clefable|0 fnt
|faint|p2a: Clefable
|
|upkeep
|j| nvmvnfjgh
|
|t:|1660561132
|switch|p2a: Toxapex|Toxapex, F|39/100
|turn|80
|
|t:|1660561140
|move|p1a: Heatran|Earth Power|p2a: Toxapex
|-supereffective|p2a: Toxapex
|-damage|p2a: Toxapex|1/100
|move|p2a: Toxapex|Recover|p2a: Toxapex
|-heal|p2a: Toxapex|51/100
|
|upkeep
|turn|81
|
|t:|1660561154
|switch|p1a: Landorus|Landorus-Therian, M|69/100
|-damage|p1a: Landorus|57/100|[from] Stealth Rock
|-ability|p1a: Landorus|Intimidate|boost
|-unboost|p2a: Toxapex|atk|1
|move|p2a: Toxapex|Recover|p2a: Toxapex
|-heal|p2a: Toxapex|100/100
|
|-heal|p1a: Landorus|63/100|[from] item: Leftovers
|upkeep
|turn|82
|
|t:|1660561157
|move|p1a: Landorus|Stealth Rock|p2a: Toxapex
|-sidestart|p2: LT93OQ Lio|move: Stealth Rock
|move|p2a: Toxapex|Knock Off|p1a: Landorus
|-damage|p1a: Landorus|54/100
|-enditem|p1a: Landorus|Leftovers|[from] move: Knock Off|[of] p2a: Toxapex
|
|upkeep
|turn|83
|
|t:|1660561162
|switch|p2a: Skarmory|Skarmory, M|100/100
|-damage|p2a: Skarmory|88/100|[from] Stealth Rock
|move|p1a: Landorus|Earthquake|p2a: Skarmory
|-immune|p2a: Skarmory
|
|upkeep
|turn|84
|
|t:|1660561166
|switch|p1a: Heatran|Heatran, M|100/100
|-damage|p1a: Heatran|88/100|[from] Stealth Rock
|move|p2a: Skarmory|Spikes|p1a: Heatran
|-sidestart|p1: kinetic chain|Spikes
|
|-heal|p1a: Heatran|94/100|[from] item: Leftovers
|upkeep
|turn|85
|
|t:|1660561171
|switch|p2a: Toxapex|Toxapex, F|100/100
|-damage|p2a: Toxapex|88/100|[from] Stealth Rock
|move|p1a: Heatran|Earth Power|p2a: Toxapex
|-supereffective|p2a: Toxapex
|-damage|p2a: Toxapex|50/100
|
|-heal|p1a: Heatran|100/100|[from] item: Leftovers
|upkeep
|turn|86
|
|t:|1660561174
|move|p1a: Heatran|Taunt|p2a: Toxapex
|-start|p2a: Toxapex|move: Taunt
|cant|p2a: Toxapex|move: Taunt|Recover
|
|upkeep
|turn|87
|
|t:|1660561177
|move|p1a: Heatran|Earth Power|p2a: Toxapex
|-supereffective|p2a: Toxapex
|-damage|p2a: Toxapex|10/100
|move|p2a: Toxapex|Knock Off|p1a: Heatran
|-damage|p1a: Heatran|88/100
|-enditem|p1a: Heatran|Leftovers|[from] move: Knock Off|[of] p2a: Toxapex
|
|upkeep
|turn|88
|
|t:|1660561192
|switch|p2a: Gastrodon|Gastrodon, F|21/100 tox
|move|p1a: Heatran|Magma Storm|p2a: Gastrodon
|-resisted|p2a: Gastrodon
|-damage|p2a: Gastrodon|6/100 tox
|-activate|p2a: Gastrodon|move: Magma Storm|[of] p1a: Heatran
|
|-damage|p2a: Gastrodon|0 fnt|[from] psn
|faint|p2a: Gastrodon
|upkeep
|
|t:|1660561196
|switch|p2a: Victini|Victini|100/100
|turn|89
|
|t:|1660561219
|move|p2a: Victini|Encore|p1a: Heatran
|-start|p1a: Heatran|Encore
|move|p1a: Heatran|Magma Storm|p2a: Victini|[miss]
|-miss|p1a: Heatran|p2a: Victini
|
|upkeep
|turn|90
|
|t:|1660561228
|switch|p1a: Landorus|Landorus-Therian, M|54/100
|-damage|p1a: Landorus|41/100|[from] Stealth Rock
|-ability|p1a: Landorus|Intimidate|boost
|-unboost|p2a: Victini|atk|1
|move|p2a: Victini|Bolt Strike|p1a: Landorus
|-immune|p1a: Landorus
|
|upkeep
|turn|91
|
|t:|1660561239
|switch|p1a: Heatran|Heatran, M|88/100
|-damage|p1a: Heatran|75/100|[from] Stealth Rock
|-damage|p1a: Heatran|63/100|[from] Spikes
|move|p2a: Victini|U-turn|p1a: Heatran
|-resisted|p1a: Heatran
|-damage|p1a: Heatran|60/100
|
|t:|1660561250
|switch|p2a: Toxapex|Toxapex, F|44/100|[from]move: U-turn
|-damage|p2a: Toxapex|31/100|[from] Stealth Rock
|
|upkeep
|turn|92
|
|t:|1660561258
|switch|p2a: Skarmory|Skarmory, M|88/100
|-damage|p2a: Skarmory|76/100|[from] Stealth Rock
|move|p1a: Heatran|Earth Power|p2a: Skarmory
|-immune|p2a: Skarmory
|
|upkeep
|turn|93
|
|t:|1660561262
|switch|p2a: Victini|Victini|100/100
|move|p1a: Heatran|Magma Storm|p2a: Victini
|-resisted|p2a: Victini
|-damage|p2a: Victini|81/100
|-activate|p2a: Victini|move: Magma Storm|[of] p1a: Heatran
|
|-damage|p2a: Victini|69/100|[from] move: Magma Storm|[partiallytrapped]
|upkeep
|turn|94
|
|t:|1660561267
|move|p2a: Victini|Bolt Strike|p1a: Heatran
|-damage|p1a: Heatran|30/100
|move|p1a: Heatran|Earth Power|p2a: Victini
|-supereffective|p2a: Victini
|-damage|p2a: Victini|13/100
|
|-damage|p2a: Victini|1/100|[from] move: Magma Storm|[partiallytrapped]
|upkeep
|turn|95
|l| Ultimate ou
|
|t:|1660561276
|switch|p1a: Landorus|Landorus-Therian, M|41/100
|-damage|p1a: Landorus|29/100|[from] Stealth Rock
|-ability|p1a: Landorus|Intimidate|boost
|-unboost|p2a: Victini|atk|1
|move|p2a: Victini|Bolt Strike|p1a: Landorus
|-immune|p1a: Landorus
|
|-end|p2a: Victini|Magma Storm|[partiallytrapped]|[silent]
|upkeep
|turn|96
|
|t:|1660561282
|move|p2a: Victini|V-create|p1a: Landorus
|-damage|p1a: Landorus|0 fnt
|-unboost|p2a: Victini|spe|1
|-unboost|p2a: Victini|def|1
|-unboost|p2a: Victini|spd|1
|faint|p1a: Landorus
|
|upkeep
|
|t:|1660561286
|switch|p1a: Zapdos|Zapdos|10/100 tox
|turn|97
|
|t:|1660561298
|move|p1a: Zapdos|Volt Switch|p2a: Victini
|-damage|p2a: Victini|0 fnt
|faint|p2a: Victini
|
|t:|1660561311
|switch|p1a: Dragapult|Dragapult, F|55/100|[from]move: Volt Switch
|-damage|p1a: Dragapult|43/100|[from] Stealth Rock
|-damage|p1a: Dragapult|30/100|[from] Spikes
|
|upkeep
|
|t:|1660561315
|switch|p2a: Toxapex|Toxapex, F|64/100
|-damage|p2a: Toxapex|52/100|[from] Stealth Rock
|turn|98
|j| LT92PF Raizen
|
|t:|1660561325
|move|p1a: Dragapult|Shadow Ball|p2a: Toxapex
|-damage|p2a: Toxapex|27/100
|move|p2a: Toxapex|Recover|p2a: Toxapex
|-heal|p2a: Toxapex|77/100
|
|upkeep
|turn|99
|
|t:|1660561331
|move|p1a: Dragapult|Shadow Ball|p2a: Toxapex
|-damage|p2a: Toxapex|51/100
|move|p2a: Toxapex|Knock Off|p1a: Dragapult
|-supereffective|p1a: Dragapult
|-damage|p1a: Dragapult|1/100
|
|upkeep
|turn|100
|
|t:|1660561337
|switch|p1a: Zapdos|Zapdos|10/100 tox
|move|p2a: Toxapex|Recover|p2a: Toxapex
|-heal|p2a: Toxapex|100/100
|
|-damage|p1a: Zapdos|3/100 tox|[from] psn
|upkeep
|turn|101
|
|t:|1660561347
|move|p1a: Zapdos|Defog|p2a: Toxapex
|-unboost|p2a: Toxapex|evasion|1
|-sideend|p2: LT93OQ Lio|Stealth Rock|[from] move: Defog|[of] p1a: Zapdos
|-sideend|p1: kinetic chain|Spikes|[from] move: Defog|[of] p1a: Zapdos
|-sideend|p1: kinetic chain|Stealth Rock|[from] move: Defog|[of] p1a: Zapdos
|move|p2a: Toxapex|Knock Off|p1a: Zapdos
|-damage|p1a: Zapdos|0 fnt
|-enditem|p1a: Zapdos|Heavy-Duty Boots|[from] move: Knock Off|[of] p2a: Toxapex
|faint|p1a: Zapdos
|
|upkeep
|
|t:|1660561354
|switch|p1a: Heatran|Heatran, M|30/100
|turn|102
|
|t:|1660561367
|move|p1a: Heatran|Earth Power|p2a: Toxapex
|-supereffective|p2a: Toxapex
|-damage|p2a: Toxapex|67/100
|move|p2a: Toxapex|Knock Off|p1a: Heatran
|-damage|p1a: Heatran|21/100
|
|upkeep
|turn|103
|
|t:|1660561376
|switch|p2a: Skarmory|Skarmory, M|76/100
|move|p1a: Heatran|Magma Storm|p2a: Skarmory
|-supereffective|p2a: Skarmory
|-damage|p2a: Skarmory|0 fnt
|faint|p2a: Skarmory
|
|upkeep
|
|t:|1660561378
|switch|p2a: Tapu Koko|Tapu Koko|18/100
|-fieldstart|move: Electric Terrain|[from] ability: Electric Surge|[of] p2a: Tapu Koko
|turn|104
|
|t:|1660561393
|switch|p1a: Dragapult|Dragapult, F|1/100
|move|p2a: Tapu Koko|Roost|p2a: Tapu Koko
|-heal|p2a: Tapu Koko|68/100
|-singleturn|p2a: Tapu Koko|move: Roost
|
|upkeep
|turn|105
|
|t:|1660561398
|move|p1a: Dragapult|Shadow Ball|p2a: Tapu Koko
|-damage|p2a: Tapu Koko|16/100
|move|p2a: Tapu Koko|Roost|p2a: Tapu Koko
|-heal|p2a: Tapu Koko|66/100
|-singleturn|p2a: Tapu Koko|move: Roost
|
|upkeep
|turn|106
|inactive|LT93OQ Lio has 120 seconds left.
|
|t:|1660561419
|switch|p2a: Toxapex|Toxapex, F|99/100
|move|p1a: Dragapult|Shadow Ball|p2a: Toxapex
|-damage|p2a: Toxapex|77/100
|
|upkeep
|turn|107
|inactive|LT93OQ Lio has 120 seconds left.
|
|t:|1660561431
|move|p1a: Dragapult|U-turn|p2a: Toxapex
|-resisted|p2a: Toxapex
|-damage|p2a: Toxapex|71/100
|
|t:|1660561433
|switch|p1a: Toxapex|Toxapex, M|76/100 par|[from]move: U-turn
|move|p2a: Toxapex|Knock Off|p1a: Toxapex
|-damage|p1a: Toxapex|70/100 par
|
|upkeep
|turn|108
|
|t:|1660561440
|move|p2a: Toxapex|Knock Off|p1a: Toxapex
|-damage|p1a: Toxapex|64/100 par
|cant|p1a: Toxapex|par
|
|-fieldend|move: Electric Terrain
|upkeep
|turn|109
|
|t:|1660561444
|move|p2a: Toxapex|Knock Off|p1a: Toxapex
|-damage|p1a: Toxapex|58/100 par
|move|p1a: Toxapex|Toxic|p2a: Toxapex
|-immune|p2a: Toxapex
|
|upkeep
|turn|110
|
|t:|1660561446
|move|p2a: Toxapex|Knock Off|p1a: Toxapex
|-damage|p1a: Toxapex|52/100 par
|move|p1a: Toxapex|Recover|p1a: Toxapex
|-heal|p1a: Toxapex|100/100 par
|
|upkeep
|turn|111
|
|t:|1660561450
|move|p2a: Toxapex|Knock Off|p1a: Toxapex
|-damage|p1a: Toxapex|94/100 par
|cant|p1a: Toxapex|par
|
|upkeep
|turn|112
|
|t:|1660561452
|move|p2a: Toxapex|Knock Off|p1a: Toxapex
|-damage|p1a: Toxapex|87/100 par
|move|p1a: Toxapex|Scald|p2a: Toxapex
|-resisted|p2a: Toxapex
|-crit|p2a: Toxapex
|-damage|p2a: Toxapex|63/100
|
|upkeep
|turn|113
|l| ILoveThe1975
|
|t:|1660561456
|switch|p2a: Tapu Koko|Tapu Koko|66/100
|-fieldstart|move: Electric Terrain|[from] ability: Electric Surge|[of] p2a: Tapu Koko
|cant|p1a: Toxapex|par
|
|upkeep
|turn|114
|l| kevnsanity
|
|t:|1660561475
|move|p2a: Tapu Koko|Calm Mind|p2a: Tapu Koko
|-boost|p2a: Tapu Koko|spa|1
|-boost|p2a: Tapu Koko|spd|1
|move|p1a: Toxapex|Toxic|p2a: Tapu Koko
|-status|p2a: Tapu Koko|tox
|
|-damage|p2a: Tapu Koko|60/100 tox|[from] psn
|upkeep
|turn|115
|l| Cono de la Correze
|inactive|kinetic chain has 120 seconds left.
|inactive|kinetic chain has 90 seconds left.
|
|t:|1660561545
|move|p2a: Tapu Koko|Roost|p2a: Tapu Koko
|-heal|p2a: Tapu Koko|100/100 tox
|-singleturn|p2a: Tapu Koko|move: Roost
|move|p1a: Toxapex|Scald|p2a: Tapu Koko
|-damage|p2a: Tapu Koko|86/100 tox
|
|-damage|p2a: Tapu Koko|73/100 tox|[from] psn
|upkeep
|turn|116
|inactive|kinetic chain has 60 seconds left.
|
|t:|1660561597
|move|p2a: Tapu Koko|Thunderbolt|p1a: Toxapex
|-supereffective|p1a: Toxapex
|-damage|p1a: Toxapex|0 fnt
|faint|p1a: Toxapex
|
|-damage|p2a: Tapu Koko|55/100 tox|[from] psn
|upkeep
|
|t:|1660561600
|switch|p1a: Dragapult|Dragapult, F|1/100
|turn|117
|
|t:|1660561620
|switch|p2a: Toxapex|Toxapex, F|96/100
|move|p1a: Dragapult|Shadow Ball|p2a: Toxapex
|-damage|p2a: Toxapex|72/100
|
|-fieldend|move: Electric Terrain
|upkeep
|turn|118
|
|t:|1660561637
|move|p1a: Dragapult|U-turn|p2a: Toxapex
|-resisted|p2a: Toxapex
|-damage|p2a: Toxapex|66/100
|
|t:|1660561639
|switch|p1a: Weavile|Weavile, M|84/100|[from]move: U-turn
|move|p2a: Toxapex|Light Screen|p2a: Toxapex
|-sidestart|p2: LT93OQ Lio|move: Light Screen
|
|upkeep
|turn|119
|-message|LT93OQ Lio forfeited.
|
|win|kinetic chain
|raw|kinetic chain's rating: 1745 &rarr; <strong>1768</strong><br />(+23 for winning)
|raw|LT93OQ Lio's rating: 1790 &rarr; <strong>1767</strong><br />(-23 for losing)
|l|☆LT93OQ Lio
|l| nvmvnfjgh
|l| Evilo42
|l|‽kinetic chain
|l| Ctannn
|l| ShowMix
||Ladder isn't responding, score probably updated but might not have (Request timeout).
|l| Randomuser04
|l| LT92PF Raizen
|l| rheysali
|l| filon
|l| chokst du
|n| injecting heroin|injectingheroin
|l| injecting heroin
