|j|☆antarctozolt
|j|☆GKIves
|inactive|Battle timer is ON: inactive players will automatically lose when time's up.
|t:|1663985076
|gametype|singles
|player|p1|antarctozolt|skier|
|player|p2|GKIves|archer|
|teamsize|p1|6
|teamsize|p2|6
|gen|8
|tier|[Gen 8] OU
|rated|Tournament battle
|rule|Sleep Clause Mod: Limit one foe put to sleep
|rule|Species Clause: Limit one of each Pokémon
|rule|OHKO Clause: OHKO moves are banned
|rule|Evasion Items Clause: Evasion items are banned
|rule|Evasion Moves Clause: Evasion moves are banned
|rule|Endless Battle Clause: Forcing endless battles is banned
|rule|HP Percentage Mod: HP is shown in percentages
|rule|Dynamax Clause: You cannot dynamax
|clearpoke
|poke|p1|Crawdaunt, M|
|poke|p1|Galvantula, M|
|poke|p1|Pelipper, M|
|poke|p1|Landorus-Therian, M|
|poke|p1|Kartana|
|poke|p1|Barraskewda, F|
|poke|p2|Gengar, M|
|poke|p2|Mimikyu, M|
|poke|p2|Aegislash, M|
|poke|p2|Dragapult, F|
|poke|p2|Blacephalon|
|poke|p2|Corsola-Galar, F|
|teampreview
|inactive|GKIves also wants the timer to be on.
|inactive|antarctozolt also wants the timer to be on.
|
|t:|1663985099
|start
|switch|p1a: SEXY MUSTACHE|Landorus-Therian, M, shiny|100/100
|switch|p2a: Corsola|Corsola-Galar, F, shiny|100/100
|-ability|p1a: SEXY MUSTACHE|Intimidate|boost
|-unboost|p2a: Corsola|atk|1
|turn|1
|
|t:|1663985105
|switch|p1a: SILKY & SEXY|Galvantula, M, shiny|100/100
|move|p2a: Corsola|Will-O-Wisp|p1a: SILKY & SEXY
|-status|p1a: SILKY & SEXY|brn
|
|-damage|p1a: SILKY & SEXY|94/100 brn|[from] brn
|upkeep
|turn|2
|
|t:|1663985108
|move|p1a: SILKY & SEXY|Toxic|p2a: Corsola
|-status|p2a: Corsola|tox
|move|p2a: Corsola|Stealth Rock|p1a: SILKY & SEXY
|-sidestart|p1: antarctozolt|move: Stealth Rock
|
|-damage|p2a: Corsola|94/100 tox|[from] psn
|-damage|p1a: SILKY & SEXY|88/100 brn|[from] brn
|upkeep
|turn|3
|
|t:|1663985111
|move|p1a: SILKY & SEXY|Sticky Web|p2a: Corsola
|-sidestart|p2: GKIves|move: Sticky Web
|move|p2a: Corsola|Night Shade|p1a: SILKY & SEXY
|-damage|p1a: SILKY & SEXY|53/100 brn
|
|-damage|p2a: Corsola|82/100 tox|[from] psn
|-damage|p1a: SILKY & SEXY|47/100 brn|[from] brn
|upkeep
|turn|4
|
|t:|1663985117
|move|p1a: SILKY & SEXY|Thunder|p2a: Corsola
|-damage|p2a: Corsola|51/100 tox
|-start|p1a: SILKY & SEXY|Disable|Thunder|[from] ability: Cursed Body|[of] p2a: Corsola
|move|p2a: Corsola|Night Shade|p1a: SILKY & SEXY
|-damage|p1a: SILKY & SEXY|11/100 brn
|
|-damage|p2a: Corsola|33/100 tox|[from] psn
|-damage|p1a: SILKY & SEXY|5/100 brn|[from] brn
|upkeep
|turn|5
|
|t:|1663985122
|move|p1a: SILKY & SEXY|Rain Dance|p1a: SILKY & SEXY
|-weather|RainDance
|move|p2a: Corsola|Strength Sap|p1a: SILKY & SEXY
|-unboost|p1a: SILKY & SEXY|atk|1
|-heal|p2a: Corsola|77/100 tox
|
|-weather|RainDance|[upkeep]
|-damage|p2a: Corsola|52/100 tox|[from] psn
|-damage|p1a: SILKY & SEXY|0 fnt|[from] brn
|faint|p1a: SILKY & SEXY
|upkeep
|
|t:|1663985145
|switch|p1a: SHE HAS CRABS!|Crawdaunt, M, shiny|100/100
|-damage|p1a: SHE HAS CRABS!|88/100|[from] Stealth Rock
|turn|6
|
|t:|1663985148
|move|p1a: SHE HAS CRABS!|Knock Off|p2a: Corsola
|-supereffective|p2a: Corsola
|-damage|p2a: Corsola|0 fnt
|-enditem|p2a: Corsola|Eviolite|[from] move: Knock Off|[of] p1a: SHE HAS CRABS!
|faint|p2a: Corsola
|-damage|p1a: SHE HAS CRABS!|78/100|[from] item: Life Orb
|
|-weather|RainDance|[upkeep]
|upkeep
|
|t:|1663985153
|switch|p2a: Aegislash|Aegislash, M, shiny|100/100
|-activate|p2a: Aegislash|move: Sticky Web
|-unboost|p2a: Aegislash|spe|1
|turn|7
|
|t:|1663985158
|move|p2a: Aegislash|King's Shield|p2a: Aegislash
|-singleturn|p2a: Aegislash|Protect
|move|p1a: SHE HAS CRABS!|Dragon Dance|p1a: SHE HAS CRABS!
|-boost|p1a: SHE HAS CRABS!|atk|1
|-boost|p1a: SHE HAS CRABS!|spe|1
|
|-weather|RainDance|[upkeep]
|upkeep
|turn|8
|
|t:|1663985162
|move|p1a: SHE HAS CRABS!|Knock Off|p2a: Aegislash
|-supereffective|p2a: Aegislash
|-damage|p2a: Aegislash|0 fnt
|-enditem|p2a: Aegislash|Weakness Policy|[from] move: Knock Off|[of] p1a: SHE HAS CRABS!
|faint|p2a: Aegislash
|-damage|p1a: SHE HAS CRABS!|69/100|[from] item: Life Orb
|
|-weather|RainDance|[upkeep]
|upkeep
|
|t:|1663985167
|switch|p2a: Mimikyu|Mimikyu, M, shiny|100/100
|-activate|p2a: Mimikyu|move: Sticky Web
|-unboost|p2a: Mimikyu|spe|1
|turn|9
|
|t:|1663985171
|move|p1a: SHE HAS CRABS!|Knock Off|p2a: Mimikyu
|-activate|p2a: Mimikyu|ability: Disguise
|-damage|p2a: Mimikyu|100/100
|-enditem|p2a: Mimikyu|Life Orb|[from] move: Knock Off|[of] p1a: SHE HAS CRABS!
|detailschange|p2a: Mimikyu|Mimikyu-Busted, M, shiny
|-damage|p2a: Mimikyu|88/100|[from] pokemon: Mimikyu-Busted
|-damage|p1a: SHE HAS CRABS!|59/100|[from] item: Life Orb
|move|p2a: Mimikyu|Drain Punch|p1a: SHE HAS CRABS!
|-supereffective|p1a: SHE HAS CRABS!
|-damage|p1a: SHE HAS CRABS!|0 fnt
|-heal|p2a: Mimikyu|100/100|[from] drain|[of] p1a: SHE HAS CRABS!
|faint|p1a: SHE HAS CRABS!
|
|-weather|none
|upkeep
|j| disturbed2180
|
|t:|1663985178
|switch|p1a: SEXY MUSTACHE|Landorus-Therian, M, shiny|100/100
|-damage|p1a: SEXY MUSTACHE|88/100|[from] Stealth Rock
|-ability|p1a: SEXY MUSTACHE|Intimidate|boost
|-unboost|p2a: Mimikyu|atk|1
|turn|10
|
|t:|1663985181
|move|p1a: SEXY MUSTACHE|Stealth Rock|p2a: Mimikyu
|-sidestart|p2: GKIves|move: Stealth Rock
|move|p2a: Mimikyu|Swords Dance|p2a: Mimikyu
|-boost|p2a: Mimikyu|atk|2
|
|upkeep
|turn|11
|
|t:|1663985184
|move|p1a: SEXY MUSTACHE|Earthquake|p2a: Mimikyu
|-damage|p2a: Mimikyu|7/100
|move|p2a: Mimikyu|Shadow Claw|p1a: SEXY MUSTACHE
|-crit|p1a: SEXY MUSTACHE
|-damage|p1a: SEXY MUSTACHE|14/100
|
|upkeep
|turn|12
|
|t:|1663985187
|move|p2a: Mimikyu|Shadow Sneak|p1a: SEXY MUSTACHE
|-damage|p1a: SEXY MUSTACHE|0 fnt
|faint|p1a: SEXY MUSTACHE
|
|upkeep
|
|t:|1663985195
|switch|p1a: ILIKETOCUTMYSELF|Kartana, shiny|100/100
|-damage|p1a: ILIKETOCUTMYSELF|94/100|[from] Stealth Rock
|turn|13
|
|t:|1663985199
|move|p2a: Mimikyu|Shadow Sneak|p1a: ILIKETOCUTMYSELF
|-damage|p1a: ILIKETOCUTMYSELF|68/100
|move|p1a: ILIKETOCUTMYSELF|Knock Off|p2a: Mimikyu
|-damage|p2a: Mimikyu|0 fnt
|faint|p2a: Mimikyu
|-ability|p1a: ILIKETOCUTMYSELF|Beast Boost|boost
|-boost|p1a: ILIKETOCUTMYSELF|atk|1
|
|upkeep
|
|t:|1663985212
|switch|p2a: Blacephalon|Blacephalon, shiny|100/100
|-activate|p2a: Blacephalon|move: Sticky Web
|-unboost|p2a: Blacephalon|spe|1
|-damage|p2a: Blacephalon|76/100|[from] Stealth Rock
|turn|14
|
|t:|1663985221
|move|p1a: ILIKETOCUTMYSELF|Knock Off|p2a: Blacephalon
|-supereffective|p2a: Blacephalon
|-crit|p2a: Blacephalon
|-damage|p2a: Blacephalon|0 fnt
|-enditem|p2a: Blacephalon|Choice Scarf|[from] move: Knock Off|[of] p1a: ILIKETOCUTMYSELF
|faint|p2a: Blacephalon
|-ability|p1a: ILIKETOCUTMYSELF|Beast Boost|boost
|-boost|p1a: ILIKETOCUTMYSELF|atk|1
|
|upkeep
|
|t:|1663985224
|switch|p2a: Dragapult|Dragapult, F|100/100
|-activate|p2a: Dragapult|move: Sticky Web
|-unboost|p2a: Dragapult|spe|1
|-damage|p2a: Dragapult|88/100|[from] Stealth Rock
|turn|15
|
|t:|1663985227
|move|p2a: Dragapult|Sucker Punch|p1a: ILIKETOCUTMYSELF
|-damage|p1a: ILIKETOCUTMYSELF|44/100
|move|p1a: ILIKETOCUTMYSELF|Knock Off|p2a: Dragapult
|-supereffective|p2a: Dragapult
|-damage|p2a: Dragapult|0 fnt
|-enditem|p2a: Dragapult|Lum Berry|[from] move: Knock Off|[of] p1a: ILIKETOCUTMYSELF
|faint|p2a: Dragapult
|-ability|p1a: ILIKETOCUTMYSELF|Beast Boost|boost
|-boost|p1a: ILIKETOCUTMYSELF|atk|1
|
|upkeep
|
|t:|1663985230
|switch|p2a: Gengar|Gengar, M|100/100
|-activate|p2a: Gengar|move: Sticky Web
|-unboost|p2a: Gengar|spe|1
|-damage|p2a: Gengar|88/100|[from] Stealth Rock
|turn|16
|
|t:|1663985231
|move|p1a: ILIKETOCUTMYSELF|Knock Off|p2a: Gengar
|-supereffective|p2a: Gengar
|-damage|p2a: Gengar|0 fnt
|-enditem|p2a: Gengar|Life Orb|[from] move: Knock Off|[of] p1a: ILIKETOCUTMYSELF
|faint|p2a: Gengar
|
|win|antarctozolt
|n|☆antarctozolt|antarctozolt
|n|☆GKIves|gkives
|n| disturbed2180|disturbed2180
|l|☆GKIves
