|j|☆superstar64
|j|☆JooshP
|t:|1657995533
|gametype|singles
|player|p1|superstar64|scientist-gen4dp|1631
|player|p2|JooshP|red|1648
|teamsize|p1|6
|teamsize|p2|6
|gen|8
|tier|[Gen 8] OU
|rated|
|rule|Sleep Clause Mod: Limit one foe put to sleep
|rule|Species Clause: Limit one of each Pokémon
|rule|OHKO Clause: OHKO moves are banned
|rule|Evasion Moves Clause: Evasion moves are banned
|rule|Endless Battle Clause: Forcing endless battles is banned
|rule|HP Percentage Mod: HP is shown in percentages
|rule|Dynamax Clause: You cannot dynamax
|clearpoke
|poke|p1|Keldeo-Resolute|
|poke|p1|Dragapult, F|
|poke|p1|Blaziken, M|
|poke|p1|Landorus-Therian, M|
|poke|p1|Clefable, M|
|poke|p1|Scizor, F|
|poke|p2|Zapdos|
|poke|p2|Garchomp, F|
|poke|p2|Ferrothorn, M|
|poke|p2|Slowking, F|
|poke|p2|Gengar, F|
|poke|p2|Crawdaunt, M|
|teampreview
|inactive|Battle timer is ON: inactive players will automatically lose when time's up. (requested by superstar64)
|
|t:|1657995546
|start
|switch|p1a: Dragapult|Dragapult, F|100/100
|switch|p2a: Slowking|Slowking, F|100/100
|turn|1
|
|t:|1657995550
|move|p1a: Dragapult|Shadow Ball|p2a: Slowking
|-supereffective|p2a: Slowking
|-damage|p2a: Slowking|60/100
|move|p2a: Slowking|Teleport|p2a: Slowking
|j| PathTracker
|
|t:|1657995554
|switch|p2a: Crawdaunt|Crawdaunt, M|100/100|[from]move: Teleport
|
|upkeep
|turn|2
|
|t:|1657995557
|move|p1a: Dragapult|Will-O-Wisp|p2a: Crawdaunt|[miss]
|-miss|p1a: Dragapult|p2a: Crawdaunt
|move|p2a: Crawdaunt|Knock Off|p1a: Dragapult
|-supereffective|p1a: Dragapult
|-damage|p1a: Dragapult|0 fnt
|-enditem|p1a: Dragapult|Weakness Policy|[from] move: Knock Off|[of] p2a: Crawdaunt
|faint|p1a: Dragapult
|-damage|p2a: Crawdaunt|91/100|[from] item: Life Orb
|
|upkeep
|
|t:|1657995564
|switch|p1a: Keldeo|Keldeo-Resolute|100/100
|turn|3
|
|t:|1657995567
|switch|p2a: Slowking|Slowking, F|94/100
|move|p1a: Keldeo|Scald|p2a: Slowking
|-resisted|p2a: Slowking
|-damage|p2a: Slowking|75/100
|
|upkeep
|turn|4
|c| PathTracker|We re in for ann awesome fight, between joosh and superstar, two fan favorites !
|c|☆superstar64|why does this game hate me
|
|t:|1657995574
|move|p1a: Keldeo|Scald|p2a: Slowking
|-resisted|p2a: Slowking
|-damage|p2a: Slowking|57/100
|move|p2a: Slowking|Future Sight|p1a: Keldeo
|-start|p2a: Slowking|move: Future Sight
|
|upkeep
|turn|5
|
|t:|1657995579
|switch|p1a: Clefable|Clefable, M|100/100
|move|p2a: Slowking|Teleport|p2a: Slowking
|
|t:|1657995583
|switch|p2a: Gengar|Gengar, F|100/100|[from]move: Teleport
|
|upkeep
|turn|6
|j| Arreat
|
|t:|1657995589
|move|p2a: Gengar|Shadow Ball|p1a: Clefable
|-damage|p1a: Clefable|73/100
|-unboost|p1a: Clefable|spd|1
|move|p1a: Clefable|Moonblast|p2a: Gengar
|-resisted|p2a: Gengar
|-damage|p2a: Gengar|76/100
|-start|p1a: Clefable|Disable|Moonblast|[from] ability: Cursed Body|[of] p2a: Gengar
|
|-end|p1a: Clefable|move: Future Sight
|-crit|p1a: Clefable
|-damage|p1a: Clefable|12/100
|-heal|p1a: Clefable|18/100|[from] item: Leftovers
|upkeep
|turn|7
|c| PathTracker|joosh imediatley ONE HIT KOES ! what a beginning !
|c|☆JooshP|sorry fella
|c| PathTracker|(you re too fast)
|
|t:|1657995603
|move|p1a: Clefable|Protect|p1a: Clefable
|-singleturn|p1a: Clefable|Protect
|move|p2a: Gengar|Shadow Ball|p1a: Clefable
|-activate|p1a: Clefable|move: Protect
|
|-heal|p1a: Clefable|24/100|[from] item: Leftovers
|upkeep
|turn|8
|
|t:|1657995608
|move|p2a: Gengar|Shadow Ball|p1a: Clefable
|-damage|p1a: Clefable|0 fnt
|faint|p1a: Clefable
|
|upkeep
|
|t:|1657995614
|switch|p1a: Blaziken|Blaziken, M|100/100
|-item|p1a: Blaziken|Air Balloon
|turn|9
|c|☆JooshP|are you the pokemon stadium annoucer?
|j| EmperadorMichi
|
|t:|1657995620
|move|p2a: Gengar|Shadow Ball|p1a: Blaziken
|-damage|p1a: Blaziken|41/100
|-enditem|p1a: Blaziken|Air Balloon
|move|p1a: Blaziken|Flare Blitz|p2a: Gengar
|-damage|p2a: Gengar|0 fnt
|faint|p2a: Gengar
|-damage|p1a: Blaziken|19/100|[from] Recoil
|
|-ability|p1a: Blaziken|Speed Boost|boost
|-boost|p1a: Blaziken|spe|1
|upkeep
|c| PathTracker|ye
|
|t:|1657995629
|switch|p2a: Crawdaunt|Crawdaunt, M|91/100
|turn|10
|j| bluebeta4ever
|
|t:|1657995632
|switch|p1a: Keldeo|Keldeo-Resolute|100/100
|move|p2a: Crawdaunt|Aqua Jet|p1a: Keldeo
|-resisted|p1a: Keldeo
|-crit|p1a: Keldeo
|-damage|p1a: Keldeo|68/100
|-damage|p2a: Crawdaunt|81/100|[from] item: Life Orb
|
|upkeep
|turn|11
|
|t:|1657995635
|switch|p2a: Slowking|Slowking, F|90/100
|move|p1a: Keldeo|Scald|p2a: Slowking
|-resisted|p2a: Slowking
|-damage|p2a: Slowking|72/100
|-status|p2a: Slowking|brn
|
|-damage|p2a: Slowking|66/100 brn|[from] brn
|upkeep
|turn|12
|c| Arreat|lllllets get ready to rumbleeeeeeeeeeeeee
|
|t:|1657995640
|switch|p1a: Blaziken|Blaziken, M|19/100
|move|p2a: Slowking|Teleport|p2a: Slowking
|
|t:|1657995643
|switch|p2a: Crawdaunt|Crawdaunt, M|81/100|[from]move: Teleport
|
|upkeep
|turn|13
|
|t:|1657995646
|move|p2a: Crawdaunt|Aqua Jet|p1a: Blaziken
|-supereffective|p1a: Blaziken
|-damage|p1a: Blaziken|0 fnt
|faint|p1a: Blaziken
|-damage|p2a: Crawdaunt|71/100|[from] item: Life Orb
|
|upkeep
|c| bluebeta4ever|yssss
|c| PathTracker|BLAZIKEN HITS A HARD UPPERCUT RIGHT INgenegar's face !
|
|t:|1657995650
|switch|p1a: Landorus|Landorus-Therian, M|100/100
|-ability|p1a: Landorus|Intimidate|boost
|-unboost|p2a: Crawdaunt|atk|1
|turn|14
|c| bluebeta4ever|ooooo
|
|t:|1657995655
|move|p2a: Crawdaunt|Aqua Jet|p1a: Landorus
|-supereffective|p1a: Landorus
|-damage|p1a: Landorus|66/100
|-damage|p2a: Crawdaunt|55/100|[from] item: Rocky Helmet|[of] p1a: Landorus
|-damage|p2a: Crawdaunt|45/100|[from] item: Life Orb
|move|p1a: Landorus|Stealth Rock|p2a: Crawdaunt
|-sidestart|p2: JooshP|move: Stealth Rock
|
|upkeep
|turn|15
|
|t:|1657995664
|move|p2a: Crawdaunt|Aqua Jet|p1a: Landorus
|-supereffective|p1a: Landorus
|-damage|p1a: Landorus|34/100
|-damage|p2a: Crawdaunt|29/100|[from] item: Rocky Helmet|[of] p1a: Landorus
|-damage|p2a: Crawdaunt|19/100|[from] item: Life Orb
|move|p1a: Landorus|U-turn|p2a: Crawdaunt
|-supereffective|p2a: Crawdaunt
|-damage|p2a: Crawdaunt|0 fnt
|faint|p2a: Crawdaunt
|
|t:|1657995668
|switch|p1a: Keldeo|Keldeo-Resolute|68/100|[from]move: U-turn
|
|upkeep
|
|t:|1657995673
|switch|p2a: Slowking|Slowking, F|99/100 brn
|turn|16
|
|t:|1657995676
|move|p1a: Keldeo|Secret Sword|p2a: Slowking
|-resisted|p2a: Slowking
|-damage|p2a: Slowking|67/100 brn
|move|p2a: Slowking|Future Sight|p1a: Keldeo
|-start|p2a: Slowking|move: Future Sight
|
|-damage|p2a: Slowking|61/100 brn|[from] brn
|upkeep
|turn|17
|c| PathTracker|joosh answers by sending crawdaunt in , but joosh himself had a trap card , and sends keldeo in !
|
|t:|1657995680
|move|p1a: Keldeo|Secret Sword|p2a: Slowking
|-resisted|p2a: Slowking
|-damage|p2a: Slowking|30/100 brn
|move|p2a: Slowking|Teleport|p2a: Slowking
|
|t:|1657995686
|switch|p2a: Zapdos|Zapdos|100/100|[from]move: Teleport
|
|upkeep
|turn|18
|j| jien laqwa hehe
|
|t:|1657995688
|move|p1a: Keldeo|Secret Sword|p2a: Zapdos
|-resisted|p2a: Zapdos
|-damage|p2a: Zapdos|76/100
|move|p2a: Zapdos|Discharge|p1a: Keldeo
|-supereffective|p1a: Keldeo
|-damage|p1a: Keldeo|0 fnt
|faint|p1a: Keldeo
|
|-hint|Future Sight did not hit because the target is fainted.
|upkeep
|c| PathTracker|bruh, i am three turns late
|
|t:|1657995692
|switch|p1a: Landorus|Landorus-Therian, M|34/100
|-ability|p1a: Landorus|Intimidate|boost
|-unboost|p2a: Zapdos|atk|1
|turn|19
|
|t:|1657995695
|switch|p2a: Slowking|Slowking, F|63/100 brn
|move|p1a: Landorus|Psychic|p2a: Slowking
|-resisted|p2a: Slowking
|-damage|p2a: Slowking|57/100 brn
|
|-damage|p2a: Slowking|51/100 brn|[from] brn
|upkeep
|turn|20
|
|t:|1657995699
|move|p1a: Landorus|U-turn|p2a: Slowking
|-supereffective|p2a: Slowking
|-damage|p2a: Slowking|3/100 brn
|j| Wiso
|
|t:|1657995700
|switch|p1a: Scizor|Scizor, F|100/100|[from]move: U-turn
|move|p2a: Slowking|Teleport|p2a: Slowking
|c|☆JooshP|whats psychic for
|
|t:|1657995713
|switch|p2a: Zapdos|Zapdos|76/100|[from]move: Teleport
|
|upkeep
|turn|21
|c|☆superstar64|lucha
|
|t:|1657995719
|move|p2a: Zapdos|Heat Wave|p1a: Scizor
|-supereffective|p1a: Scizor
|-damage|p1a: Scizor|0 fnt
|faint|p1a: Scizor
|
|upkeep
|c|☆JooshP|oh sick
|-message|superstar64 forfeited.
|
|win|JooshP
|raw|superstar64's rating: 1631 &rarr; <strong>1612</strong><br />(-19 for losing)
|raw|JooshP's rating: 1648 &rarr; <strong>1667</strong><br />(+19 for winning)
