|raw|<div class="broadcast-blue"><strong>This battle is required to be public due to a player having a name starting with 'lt92pf'.</div>
|j|☆OUT Kazt
|j|☆LT92PF Pais
|t:|1660249289
|gametype|singles
|player|p1|OUT Kazt|acetrainersnowf|1711
|player|p2|LT92PF Pais|#wcop2022italy|1783
|teamsize|p1|6
|teamsize|p2|6
|gen|8
|tier|[Gen 8] OU
|rated|
|rule|Sleep Clause Mod: Limit one foe put to sleep
|rule|Species Clause: Limit one of each Pokémon
|rule|OHKO Clause: OHKO moves are banned
|rule|Evasion Items Clause: Evasion items are banned
|rule|Evasion Moves Clause: Evasion moves are banned
|rule|Endless Battle Clause: Forcing endless battles is banned
|rule|HP Percentage Mod: HP is shown in percentages
|rule|Dynamax Clause: You cannot dynamax
|clearpoke
|poke|p1|Heatran, F|
|poke|p1|Heracross, M|
|poke|p1|Landorus-Therian, M|
|poke|p1|Slowbro, M|
|poke|p1|Mandibuzz, F|
|poke|p1|Gengar, F|
|poke|p2|Landorus-Therian, M|
|poke|p2|Dragapult, M|
|poke|p2|Volcanion|
|poke|p2|Melmetal|
|poke|p2|Crawdaunt, M|
|poke|p2|Pelipper, M|
|teampreview
|j| irgendwasmitmeeem
|inactive|Battle timer is ON: inactive players will automatically lose when time's up. (requested by OUT Kazt)
|
|t:|1660249309
|start
|switch|p1a: Gengar|Gengar, F|100/100
|switch|p2a: Pelipper|Pelipper, M, shiny|100/100
|-weather|RainDance|[from] ability: Drizzle|[of] p2a: Pelipper
|turn|1
|
|t:|1660249311
|switch|p2a: Melmetal|Melmetal|100/100
|move|p1a: Gengar|Trick|p2a: Melmetal
|-activate|p1a: Gengar|move: Trick|[of] p2a: Melmetal
|-item|p2a: Melmetal|Choice Specs|[from] move: Trick
|-item|p1a: Gengar|Assault Vest|[from] move: Trick
|
|-weather|RainDance|[upkeep]
|upkeep
|turn|2
|
|t:|1660249318
|switch|p1a: Slowbro|Slowbro, M|100/100
|switch|p2a: Landorus|Landorus-Therian, M|100/100
|-ability|p2a: Landorus|Intimidate|boost
|-unboost|p1a: Slowbro|atk|1
|
|-weather|RainDance|[upkeep]
|upkeep
|turn|3
|
|t:|1660249321
|move|p2a: Landorus|Toxic|p1a: Slowbro
|-status|p1a: Slowbro|tox
|move|p1a: Slowbro|Future Sight|p2a: Landorus
|-start|p1a: Slowbro|move: Future Sight
|
|-weather|RainDance|[upkeep]
|-damage|p1a: Slowbro|94/100 tox|[from] psn
|upkeep
|turn|4
|
|t:|1660249325
|move|p2a: Landorus|Stealth Rock|p1a: Slowbro
|-sidestart|p1: OUT Kazt|move: Stealth Rock
|move|p1a: Slowbro|Teleport|p1a: Slowbro
|
|t:|1660249328
|switch|p1a: Heracross|Heracross, M|100/100|[from]move: Teleport
|-damage|p1a: Heracross|88/100|[from] Stealth Rock
|
|-weather|RainDance|[upkeep]
|-status|p1a: Heracross|brn|[from] item: Flame Orb
|upkeep
|turn|5
|
|t:|1660249332
|move|p1a: Heracross|Facade|p2a: Landorus
|-damage|p2a: Landorus|27/100
|move|p2a: Landorus|U-turn|p1a: Heracross
|-resisted|p1a: Heracross
|-damage|p1a: Heracross|71/100 brn
|
|t:|1660249334
|switch|p2a: The Roya|Crawdaunt, M|100/100|[from]move: U-turn
|
|-weather|none
|-end|p2a: The Roya|move: Future Sight
|-immune|p2a: The Roya
|-damage|p1a: Heracross|65/100 brn|[from] brn
|upkeep
|turn|6
|
|t:|1660249340
|switch|p2a: Dragapult|Dragapult, M, shiny|100/100
|move|p1a: Heracross|Facade|p2a: Dragapult
|-immune|p2a: Dragapult
|
|-damage|p1a: Heracross|59/100 brn|[from] brn
|upkeep
|turn|7
|
|t:|1660249350
|switch|p2a: Pelipper|Pelipper, M, shiny|100/100
|-weather|RainDance|[from] ability: Drizzle|[of] p2a: Pelipper
|move|p1a: Heracross|Facade|p2a: Pelipper
|-damage|p2a: Pelipper|1/100
|
|-weather|RainDance|[upkeep]
|-damage|p1a: Heracross|53/100 brn|[from] brn
|upkeep
|turn|8
|
|t:|1660249358
|switch|p2a: Landorus|Landorus-Therian, M|27/100
|-ability|p2a: Landorus|Intimidate|boost
|-unboost|p1a: Heracross|atk|1
|move|p1a: Heracross|Facade|p2a: Landorus
|-damage|p2a: Landorus|0 fnt
|faint|p2a: Landorus
|
|-weather|RainDance|[upkeep]
|-damage|p1a: Heracross|46/100 brn|[from] brn
|upkeep
|
|t:|1660249363
|switch|p2a: Dragapult|Dragapult, M, shiny|100/100
|turn|9
|
|t:|1660249367
|switch|p1a: Mandibuzz|Mandibuzz, F|100/100
|move|p2a: Dragapult|Thunder|p1a: Mandibuzz
|-supereffective|p1a: Mandibuzz
|-damage|p1a: Mandibuzz|6/100
|
|-weather|RainDance|[upkeep]
|upkeep
|turn|10
|
|t:|1660249375
|switch|p2a: Volcanion|Volcanion|100/100
|move|p1a: Mandibuzz|Defog|p2a: Volcanion
|-unboost|p2a: Volcanion|evasion|1
|-sideend|p1: OUT Kazt|Stealth Rock|[from] move: Defog|[of] p1a: Mandibuzz
|
|-weather|RainDance|[upkeep]
|upkeep
|turn|11
|
|t:|1660249381
|move|p1a: Mandibuzz|U-turn|p2a: Volcanion
|-resisted|p2a: Volcanion
|-damage|p2a: Volcanion|96/100
|j| ACII
|
|t:|1660249403
|switch|p1a: Slowbro|Slowbro, M|100/100 tox|[from]move: U-turn
|move|p2a: Volcanion|Steam Eruption|p1a: Slowbro
|-resisted|p1a: Slowbro
|-damage|p1a: Slowbro|55/100 tox
|
|-weather|none
|-damage|p1a: Slowbro|48/100 tox|[from] psn
|upkeep
|turn|12
|
|t:|1660249419
|switch|p1a: Mandibuzz|Mandibuzz, F|6/100
|move|p2a: Volcanion|Earth Power|p1a: Mandibuzz
|-immune|p1a: Mandibuzz
|
|upkeep
|turn|13
|
|t:|1660249424
|move|p1a: Mandibuzz|Roost|p1a: Mandibuzz
|-heal|p1a: Mandibuzz|57/100
|-singleturn|p1a: Mandibuzz|move: Roost
|move|p2a: Volcanion|Steam Eruption|p1a: Mandibuzz
|-damage|p1a: Mandibuzz|2/100
|-status|p1a: Mandibuzz|brn
|
|-damage|p1a: Mandibuzz|0 fnt|[from] brn
|faint|p1a: Mandibuzz
|upkeep
|
|t:|1660249428
|switch|p1a: Heracross|Heracross, M|46/100 brn
|turn|14
|inactive|LT92PF Pais has 120 seconds left.
|
|t:|1660249481
|move|p1a: Heracross|Earthquake|p2a: Volcanion
|-supereffective|p2a: Volcanion
|-damage|p2a: Volcanion|8/100
|move|p2a: Volcanion|Flamethrower|p1a: Heracross
|-supereffective|p1a: Heracross
|-damage|p1a: Heracross|0 fnt
|faint|p1a: Heracross
|
|upkeep
|
|t:|1660249485
|switch|p1a: Landorus|Landorus-Therian, M|100/100
|-ability|p1a: Landorus|Intimidate|boost
|-unboost|p2a: Volcanion|atk|1
|turn|15
|
|t:|1660249509
|move|p1a: Landorus|Knock Off|p2a: Volcanion
|-damage|p2a: Volcanion|0 fnt
|-enditem|p2a: Volcanion|Heavy-Duty Boots|[from] move: Knock Off|[of] p1a: Landorus
|faint|p2a: Volcanion
|
|upkeep
|inactive|LT92PF Pais has 90 seconds left.
|
|t:|1660249523
|switch|p2a: The Roya|Crawdaunt, M|100/100
|turn|16
|
|t:|1660249525
|move|p2a: The Roya|Aqua Jet|p1a: Landorus
|-supereffective|p1a: Landorus
|-damage|p1a: Landorus|0 fnt
|faint|p1a: Landorus
|
|upkeep
|
|t:|1660249528
|switch|p1a: Gengar|Gengar, F|100/100
|turn|17
|inactive|LT92PF Pais has 90 seconds left.
|
|t:|1660249578
|switch|p2a: Pelipper|Pelipper, M, shiny|1/100
|-weather|RainDance|[from] ability: Drizzle|[of] p2a: Pelipper
|move|p1a: Gengar|Shadow Ball|p2a: Pelipper
|-damage|p2a: Pelipper|0 fnt
|faint|p2a: Pelipper
|
|-weather|RainDance|[upkeep]
|upkeep
|
|t:|1660249579
|switch|p2a: Dragapult|Dragapult, M, shiny|100/100
|turn|18
|
|t:|1660249583
|switch|p1a: Slowbro|Slowbro, M|82/100 tox
|move|p2a: Dragapult|Shadow Ball|p1a: Slowbro
|-supereffective|p1a: Slowbro
|-crit|p1a: Slowbro
|-damage|p1a: Slowbro|0 fnt
|faint|p1a: Slowbro
|
|-weather|RainDance|[upkeep]
|upkeep
|
|t:|1660249586
|switch|p1a: Heatran|Heatran, F|100/100
|turn|19
|
|t:|1660249594
|switch|p2a: Melmetal|Melmetal|100/100
|move|p1a: Heatran|Earth Power|p2a: Melmetal
|-supereffective|p2a: Melmetal
|-damage|p2a: Melmetal|56/100
|
|-weather|RainDance|[upkeep]
|upkeep
|turn|20
|
|t:|1660249599
|move|p1a: Heatran|Earth Power|p2a: Melmetal
|-supereffective|p2a: Melmetal
|-damage|p2a: Melmetal|10/100
|move|p2a: Melmetal|Earthquake|p1a: Heatran
|-supereffective|p1a: Heatran
|-damage|p1a: Heatran|0 fnt
|faint|p1a: Heatran
|
|-weather|RainDance|[upkeep]
|upkeep
|-message|OUT Kazt forfeited.
|
|win|LT92PF Pais
|raw|OUT Kazt's rating: 1711 &rarr; <strong>1695</strong><br />(-16 for losing)
|raw|LT92PF Pais's rating: 1783 &rarr; <strong>1799</strong><br />(+16 for winning)
|l|☆OUT Kazt
|l|☆LT92PF Pais
|l| ACII
||Ladder isn't responding, score probably updated but might not have (Request timeout).
