|j|☆HOF69
|j|☆Airbase
|t:|1651487413
|gametype|singles
|player|p1|HOF69|red|1709
|player|p2|Airbase|lucas|1683
|teamsize|p1|6
|teamsize|p2|6
|gen|8
|tier|[Gen 8] OU
|rated|
|rule|Sleep Clause Mod: Limit one foe put to sleep
|rule|Species Clause: Limit one of each Pokémon
|rule|OHKO Clause: OHKO moves are banned
|rule|Evasion Moves Clause: Evasion moves are banned
|rule|Endless Battle Clause: Forcing endless battles is banned
|rule|HP Percentage Mod: HP is shown in percentages
|rule|Dynamax Clause: You cannot dynamax
|clearpoke
|poke|p1|Gengar, M|
|poke|p1|Blacephalon|
|poke|p1|Kartana|
|poke|p1|Tapu Lele|
|poke|p1|Krookodile, M|
|poke|p1|Landorus-Therian, M|
|poke|p2|Landorus-Therian, M|
|poke|p2|Heatran, M|
|poke|p2|Slowbro, M|
|poke|p2|Melmetal|
|poke|p2|Tornadus-Therian, M|
|poke|p2|Zeraora|
|teampreview
|
|t:|1651487426
|start
|switch|p1a: Krookodile|Krookodile, M|100/100
|switch|p2a: Heatran|Heatran, M|100/100
|-ability|p1a: Krookodile|Intimidate|boost
|-unboost|p2a: Heatran|atk|1
|-item|p2a: Heatran|Air Balloon
|turn|1
|
|t:|1651487433
|move|p1a: Krookodile|Knock Off|p2a: Heatran
|-damage|p2a: Heatran|49/100
|-enditem|p2a: Heatran|Air Balloon
|move|p2a: Heatran|Magma Storm|p1a: Krookodile
|-damage|p1a: Krookodile|32/100
|-activate|p1a: Krookodile|move: Magma Storm|[of] p2a: Heatran
|
|-damage|p1a: Krookodile|20/100|[from] move: Magma Storm|[partiallytrapped]
|upkeep
|turn|2
|
|t:|1651487439
|move|p1a: Krookodile|Stealth Rock|p2a: Heatran
|-sidestart|p2: Airbase|move: Stealth Rock
|move|p2a: Heatran|Stealth Rock|p1a: Krookodile
|-sidestart|p1: HOF69|move: Stealth Rock
|
|-damage|p1a: Krookodile|7/100|[from] move: Magma Storm|[partiallytrapped]
|upkeep
|turn|3
|
|t:|1651487447
|switch|p2a: Slowbro|Slowbro, M|100/100
|-damage|p2a: Slowbro|88/100|[from] Stealth Rock
|move|p1a: Krookodile|Earthquake|p2a: Slowbro
|-damage|p2a: Slowbro|59/100
|
|-end|p1a: Krookodile|Magma Storm|[partiallytrapped]|[silent]
|upkeep
|turn|4
|
|t:|1651487453
|move|p1a: Krookodile|Knock Off|p2a: Slowbro
|-supereffective|p2a: Slowbro
|-enditem|p2a: Slowbro|Colbur Berry|[eat]
|-enditem|p2a: Slowbro|Colbur Berry|[weaken]
|-damage|p2a: Slowbro|31/100
|move|p2a: Slowbro|Body Press|p1a: Krookodile
|-supereffective|p1a: Krookodile
|-damage|p1a: Krookodile|0 fnt
|faint|p1a: Krookodile
|
|upkeep
|
|t:|1651487462
|switch|p1a: Gengar|Gengar, M, shiny|100/100
|-damage|p1a: Gengar|88/100|[from] Stealth Rock
|turn|5
|
|t:|1651487473
|switch|p2a: Tornadus|Tornadus-Therian, M|100/100
|-damage|p2a: Tornadus|76/100|[from] Stealth Rock
|move|p1a: Gengar|Shadow Ball|p2a: Tornadus
|-damage|p2a: Tornadus|49/100
|
|upkeep
|turn|6
|
|t:|1651487482
|move|p2a: Tornadus|Knock Off|p1a: Gengar
|-supereffective|p1a: Gengar
|-damage|p1a: Gengar|11/100
|-enditem|p1a: Gengar|Focus Sash|[from] move: Knock Off|[of] p2a: Tornadus
|move|p1a: Gengar|Sludge Wave|p2a: Tornadus
|-damage|p2a: Tornadus|16/100
|-status|p2a: Tornadus|psn
|
|-damage|p2a: Tornadus|4/100 psn|[from] psn
|upkeep
|turn|7
|j| Rattlechains
|
|t:|1651487493
|move|p2a: Tornadus|Knock Off|p1a: Gengar
|-supereffective|p1a: Gengar
|-crit|p1a: Gengar
|-damage|p1a: Gengar|0 fnt
|faint|p1a: Gengar
|
|-damage|p2a: Tornadus|0 fnt|[from] psn
|faint|p2a: Tornadus
|upkeep
|
|t:|1651487511
|switch|p2a: Melmetal|Melmetal|100/100
|switch|p1a: Tapu Lele|Tapu Lele|100/100
|-damage|p1a: Tapu Lele|88/100|[from] Stealth Rock
|-fieldstart|move: Psychic Terrain|[from] ability: Psychic Surge|[of] p1a: Tapu Lele
|-damage|p2a: Melmetal|94/100|[from] Stealth Rock
|turn|8
|
|t:|1651487515
|move|p1a: Tapu Lele|Focus Blast|p2a: Melmetal|[miss]
|-miss|p1a: Tapu Lele|p2a: Melmetal
|move|p2a: Melmetal|Double Iron Bash|p1a: Tapu Lele
|-supereffective|p1a: Tapu Lele
|-damage|p1a: Tapu Lele|0 fnt
|faint|p1a: Tapu Lele
|-hitcount|p1: Tapu Lele|1
|
|-heal|p2a: Melmetal|100/100|[from] item: Leftovers
|upkeep
|
|t:|1651487522
|switch|p1a: Landorus|Landorus-Therian, M|100/100
|-damage|p1a: Landorus|88/100|[from] Stealth Rock
|-ability|p1a: Landorus|Intimidate|boost
|-unboost|p2a: Melmetal|atk|1
|turn|9
|
|t:|1651487540
|move|p1a: Landorus|Knock Off|p2a: Melmetal
|-damage|p2a: Melmetal|79/100
|-enditem|p2a: Melmetal|Leftovers|[from] move: Knock Off|[of] p1a: Landorus
|move|p2a: Melmetal|Double Iron Bash|p1a: Landorus
|-damage|p1a: Landorus|64/100
|-damage|p1a: Landorus|39/100
|-hitcount|p1a: Landorus|2
|
|upkeep
|turn|10
|
|t:|1651487559
|switch|p2a: Landorus|Landorus-Therian, M|100/100
|-damage|p2a: Landorus|88/100|[from] Stealth Rock
|-ability|p2a: Landorus|Intimidate|boost
|-unboost|p1a: Landorus|atk|1
|move|p1a: Landorus|Earthquake|p2a: Landorus
|-immune|p2a: Landorus
|
|-heal|p2a: Landorus|94/100|[from] item: Leftovers
|upkeep
|turn|11
|
|t:|1651487564
|move|p2a: Landorus|Toxic|p1a: Landorus|[miss]
|-miss|p2a: Landorus|p1a: Landorus
|move|p1a: Landorus|Knock Off|p2a: Landorus
|-damage|p2a: Landorus|71/100
|-enditem|p2a: Landorus|Leftovers|[from] move: Knock Off|[of] p1a: Landorus
|
|upkeep
|turn|12
|
|t:|1651487570
|move|p2a: Landorus|U-turn|p1a: Landorus
|-resisted|p1a: Landorus
|-damage|p1a: Landorus|29/100
|
|t:|1651487573
|switch|p2a: Slowbro|Slowbro, M|64/100|[from]move: U-turn
|-damage|p2a: Slowbro|52/100|[from] Stealth Rock
|move|p1a: Landorus|Knock Off|p2a: Slowbro
|-supereffective|p2a: Slowbro
|-damage|p2a: Slowbro|32/100
|
|-fieldend|move: Psychic Terrain
|upkeep
|turn|13
|
|t:|1651487584
|move|p1a: Landorus|Earthquake|p2a: Slowbro
|-damage|p2a: Slowbro|12/100
|move|p2a: Slowbro|Teleport|p2a: Slowbro
|
|t:|1651487592
|switch|p2a: Landorus|Landorus-Therian, M|71/100|[from]move: Teleport
|-damage|p2a: Landorus|58/100|[from] Stealth Rock
|-ability|p2a: Landorus|Intimidate|boost
|-unboost|p1a: Landorus|atk|1
|
|upkeep
|turn|14
|l| Rattlechains
|
|t:|1651487598
|move|p2a: Landorus|Toxic|p1a: Landorus
|-status|p1a: Landorus|tox
|move|p1a: Landorus|Knock Off|p2a: Landorus
|-damage|p2a: Landorus|48/100
|
|-damage|p1a: Landorus|22/100 tox|[from] psn
|upkeep
|turn|15
|
|t:|1651487604
|move|p2a: Landorus|Earthquake|p1a: Landorus
|-immune|p1a: Landorus
|move|p1a: Landorus|Knock Off|p2a: Landorus
|-damage|p2a: Landorus|36/100
|
|-damage|p1a: Landorus|10/100 tox|[from] psn
|upkeep
|turn|16
|
|t:|1651487611
|move|p2a: Landorus|U-turn|p1a: Landorus
|-resisted|p1a: Landorus
|-damage|p1a: Landorus|0 fnt
|faint|p1a: Landorus
|
|t:|1651487627
|switch|p2a: Zeraora|Zeraora|100/100|[from]move: U-turn
|
|upkeep
|
|t:|1651487630
|switch|p1a: Kartana|Kartana|100/100
|-damage|p1a: Kartana|94/100|[from] Stealth Rock
|turn|17
|
|t:|1651487658
|move|p2a: Zeraora|Knock Off|p1a: Kartana
|-damage|p1a: Kartana|60/100
|-enditem|p1a: Kartana|Protective Pads|[from] move: Knock Off|[of] p2a: Zeraora
|move|p1a: Kartana|Sacred Sword|p2a: Zeraora
|-damage|p2a: Zeraora|49/100
|
|upkeep
|turn|18
|
|t:|1651487667
|move|p2a: Zeraora|Close Combat|p1a: Kartana
|-supereffective|p1a: Kartana
|-damage|p1a: Kartana|0 fnt
|-unboost|p2a: Zeraora|def|1
|-unboost|p2a: Zeraora|spd|1
|faint|p1a: Kartana
|
|upkeep
|
|t:|1651487669
|switch|p1a: Blacephalon|Blacephalon|100/100
|-damage|p1a: Blacephalon|76/100|[from] Stealth Rock
|turn|19
|
|t:|1651487680
|move|p1a: Blacephalon|Shadow Ball|p2a: Zeraora
|-damage|p2a: Zeraora|0 fnt
|faint|p2a: Zeraora
|-ability|p1a: Blacephalon|Beast Boost|boost
|-boost|p1a: Blacephalon|spa|1
|
|upkeep
|
|t:|1651487683
|switch|p2a: Melmetal|Melmetal|79/100
|-damage|p2a: Melmetal|72/100|[from] Stealth Rock
|turn|20
|
|t:|1651487688
|move|p1a: Blacephalon|Shadow Ball|p2a: Melmetal
|-damage|p2a: Melmetal|14/100
|move|p2a: Melmetal|Earthquake|p1a: Blacephalon
|-supereffective|p1a: Blacephalon
|-damage|p1a: Blacephalon|0 fnt
|faint|p1a: Blacephalon
|
|win|Airbase
|raw|HOF69's rating: 1709 &rarr; <strong>1688</strong><br />(-21 for losing)
|raw|Airbase's rating: 1683 &rarr; <strong>1704</strong><br />(+21 for winning)
|l|☆HOF69
