|html|<div class="broadcast-blue"><strong>[Gen 8] OU is currently suspecting Urshifu-S! For information on how to participate check out the <a href="https://www.smogon.com/forums/threads/np-ss-ou-suspect-process-round-8-aint-no-rest-for-the-wicked.3675310/">suspect thread</a>.</strong></div>
|j|☆tacticalbaby
|j|☆roboPOKE
|t:|1610008329
|player|p1|tacticalbaby|ghetsis-gen5bw|1966
|player|p2|roboPOKE|265|1764
|teamsize|p1|6
|teamsize|p2|6
|gametype|singles
|gen|8
|tier|[Gen 8] OU
|rated|
|clearpoke
|poke|p1|Dragapult, F|
|poke|p1|Landorus-Therian, M|
|poke|p1|Regieleki|
|poke|p1|Zapdos-Galar|
|poke|p1|Kartana|
|poke|p1|Tyranitar, M|
|poke|p2|Sandaconda, F|
|poke|p2|Excadrill, F|
|poke|p2|Ninetales-Alola, F|
|poke|p2|Magearna|
|poke|p2|Zygarde-10%|
|poke|p2|Buzzwole|
|rule|Sleep Clause Mod: Limit one foe put to sleep
|rule|Species Clause: Limit one of each Pokémon
|rule|OHKO Clause: OHKO moves are banned
|rule|Evasion Moves Clause: Evasion moves are banned
|rule|Endless Battle Clause: Forcing endless battles is banned
|rule|HP Percentage Mod: HP is shown in percentages
|rule|Dynamax Clause: You cannot dynamax
|teampreview
|j| Himlo
|c|☆roboPOKE|hilmo
|inactive|Battle timer is ON: inactive players will automatically lose when time's up. (requested by roboPOKE)
|inactive|tacticalbaby has 120 seconds left.
|
|t:|1610008386
|start
|switch|p1a: Regieleki|Regieleki|100/100
|switch|p2a: Sandaconda|Sandaconda, F|100/100
|turn|1
|
|t:|1610008392
|move|p1a: Regieleki|Extreme Speed|p2a: Sandaconda
|-damage|p2a: Sandaconda|78/100
|-weather|Sandstorm|[from] ability: Sand Spit|[of] p2a: Sandaconda
|-damage|p1a: Regieleki|91/100|[from] item: Life Orb
|move|p2a: Sandaconda|Stealth Rock|p1a: Regieleki
|-sidestart|p1: tacticalbaby|move: Stealth Rock
|
|-weather|Sandstorm|[upkeep]
|-damage|p1a: Regieleki|85/100|[from] Sandstorm
|upkeep
|turn|2
|
|t:|1610008400
|move|p1a: Regieleki|Rapid Spin|p2a: Sandaconda
|-damage|p2a: Sandaconda|62/100
|-boost|p1a: Regieleki|spe|1
|-sideend|p1: tacticalbaby|Stealth Rock|[from] move: Rapid Spin|[of] p1a: Regieleki
|-damage|p1a: Regieleki|75/100|[from] item: Life Orb
|move|p2a: Sandaconda|Earthquake|p1a: Regieleki
|-supereffective|p1a: Regieleki
|-damage|p1a: Regieleki|0 fnt
|faint|p1a: Regieleki
|
|-weather|Sandstorm|[upkeep]
|upkeep
|
|t:|1610008407
|switch|p1a: Kartana|Kartana|100/100
|turn|3
|
|t:|1610008412
|switch|p2a: Buzzwole|Buzzwole|100/100
|move|p1a: Kartana|Swords Dance|p1a: Kartana
|-boost|p1a: Kartana|atk|2
|
|-weather|Sandstorm|[upkeep]
|-damage|p2a: Buzzwole|94/100|[from] Sandstorm
|-heal|p2a: Buzzwole|100/100|[from] item: Leftovers
|upkeep
|turn|4
|
|t:|1610008414
|switch|p1a: Dragapult|Dragapult, F|100/100
|move|p2a: Buzzwole|Drain Punch|p1a: Dragapult
|-immune|p1a: Dragapult
|
|-weather|Sandstorm|[upkeep]
|-damage|p1a: Dragapult|95/100|[from] Sandstorm
|-damage|p2a: Buzzwole|94/100|[from] Sandstorm
|-heal|p2a: Buzzwole|100/100|[from] item: Leftovers
|upkeep
|turn|5
|
|t:|1610008419
|switch|p2a: Magearna|Magearna|100/100
|move|p1a: Dragapult|Fire Blast|p2a: Magearna
|-supereffective|p2a: Magearna
|-damage|p2a: Magearna|49/100
|
|-weather|Sandstorm|[upkeep]
|-damage|p1a: Dragapult|89/100|[from] Sandstorm
|upkeep
|turn|6
|
|t:|1610008428
|move|p1a: Dragapult|Fire Blast|p2a: Magearna
|-supereffective|p2a: Magearna
|-damage|p2a: Magearna|0 fnt
|faint|p2a: Magearna
|
|-weather|Sandstorm|[upkeep]
|-damage|p1a: Dragapult|83/100|[from] Sandstorm
|upkeep
|
|t:|1610008432
|switch|p2a: Excadrill|Excadrill, F|100/100
|turn|7
|
|t:|1610008434
|move|p2a: Excadrill|Iron Head|p1a: Dragapult
|-damage|p1a: Dragapult|2/100
|-damage|p2a: Excadrill|91/100|[from] item: Life Orb
|cant|p1a: Dragapult|flinch
|
|-weather|Sandstorm|[upkeep]
|-damage|p1a: Dragapult|0 fnt|[from] Sandstorm
|faint|p1a: Dragapult
|upkeep
|
|t:|1610008440
|switch|p1a: Landorus|Landorus-Therian, M|100/100
|-ability|p1a: Landorus|Intimidate|boost
|-unboost|p2a: Excadrill|atk|1
|turn|8
|
|t:|1610008451
|switch|p2a: Ninetales|Ninetales-Alola, F|100/100
|-weather|Hail|[from] ability: Snow Warning|[of] p2a: Ninetales
|move|p1a: Landorus|Stealth Rock|p2a: Ninetales
|-sidestart|p2: roboPOKE|move: Stealth Rock
|
|-weather|Hail|[upkeep]
|-damage|p1a: Landorus|95/100|[from] Hail
|upkeep
|turn|9
|
|t:|1610008457
|switch|p2a: Buzzwole|Buzzwole|100/100
|-damage|p2a: Buzzwole|88/100|[from] Stealth Rock
|switch|p1a: Tyranitar|Tyranitar, M|100/100
|-weather|Sandstorm|[from] ability: Sand Stream|[of] p1a: Tyranitar
|
|-weather|Sandstorm|[upkeep]
|-damage|p2a: Buzzwole|82/100|[from] Sandstorm
|-heal|p2a: Buzzwole|88/100|[from] item: Leftovers
|upkeep
|turn|10
|
|t:|1610008469
|move|p2a: Buzzwole|Bulk Up|p2a: Buzzwole
|-boost|p2a: Buzzwole|atk|1
|-boost|p2a: Buzzwole|def|1
|move|p1a: Tyranitar|Stone Edge|p2a: Buzzwole|[miss]
|-miss|p1a: Tyranitar|p2a: Buzzwole
|
|-weather|Sandstorm|[upkeep]
|-damage|p2a: Buzzwole|82/100|[from] Sandstorm
|-heal|p2a: Buzzwole|88/100|[from] item: Leftovers
|upkeep
|turn|11
|
|t:|1610008477
|switch|p1a: Zapdos|Zapdos-Galar|100/100
|move|p2a: Buzzwole|Thunder Punch|p1a: Zapdos
|-supereffective|p1a: Zapdos
|-damage|p1a: Zapdos|5/100
|
|-weather|Sandstorm|[upkeep]
|-damage|p1a: Zapdos|0 fnt|[from] Sandstorm
|-damage|p2a: Buzzwole|82/100|[from] Sandstorm
|faint|p1a: Zapdos
|-heal|p2a: Buzzwole|88/100|[from] item: Leftovers
|upkeep
|l| Himlo
|
|t:|1610008490
|switch|p1a: Landorus|Landorus-Therian, M|95/100
|-ability|p1a: Landorus|Intimidate|boost
|-unboost|p2a: Buzzwole|atk|1
|turn|12
|
|t:|1610008493
|move|p1a: Landorus|Knock Off|p2a: Buzzwole
|-resisted|p2a: Buzzwole
|-damage|p2a: Buzzwole|79/100
|-enditem|p2a: Buzzwole|Leftovers|[from] move: Knock Off|[of] p1a: Landorus
|move|p2a: Buzzwole|Bulk Up|p2a: Buzzwole
|-boost|p2a: Buzzwole|atk|1
|-boost|p2a: Buzzwole|def|1
|
|-weather|Sandstorm|[upkeep]
|-damage|p2a: Buzzwole|73/100|[from] Sandstorm
|upkeep
|turn|13
|
|t:|1610008498
|move|p1a: Landorus|Explosion|p2a: Buzzwole
|-damage|p2a: Buzzwole|42/100
|faint|p1a: Landorus
|move|p2a: Buzzwole|Bulk Up|p2a: Buzzwole
|-boost|p2a: Buzzwole|atk|1
|-boost|p2a: Buzzwole|def|1
|
|-weather|none
|upkeep
|
|t:|1610008502
|switch|p1a: Kartana|Kartana|100/100
|turn|14
|-message|tacticalbaby forfeited.
|
|win|roboPOKE
|l|☆tacticalbaby
|raw|tacticalbaby's rating: 1966 &rarr; <strong>1935</strong><br />(-31 for losing)
|raw|roboPOKE's rating: 1764 &rarr; <strong>1795</strong><br />(+31 for winning)
