|j|☆Hgfhhfghfff
|j|☆minimax_ai
|t:|1665196638
|gametype|singles
|player|p1|Hgfhhfghfff|102|1565
|player|p2|minimax_ai|lusamine-nihilego|1603
|teamsize|p1|6
|teamsize|p2|6
|gen|8
|tier|[Gen 8] OU
|rated|
|rule|Sleep Clause Mod: Limit one foe put to sleep
|rule|Species Clause: Limit one of each Pokémon
|rule|OHKO Clause: OHKO moves are banned
|rule|Evasion Items Clause: Evasion items are banned
|rule|Evasion Moves Clause: Evasion moves are banned
|rule|Endless Battle Clause: Forcing endless battles is banned
|rule|HP Percentage Mod: HP is shown in percentages
|rule|Dynamax Clause: You cannot dynamax
|clearpoke
|poke|p1|Marowak-Alola, M|
|poke|p1|Rillaboom, M|
|poke|p1|Jirachi|
|poke|p1|Zeraora|
|poke|p1|Keldeo-Resolute|
|poke|p1|Mandibuzz, F|
|poke|p2|Rotom-Wash|
|poke|p2|Weavile, F|
|poke|p2|Landorus-Therian, M|
|poke|p2|Heatran, M|
|poke|p2|Tangrowth, M|
|poke|p2|Melmetal|
|teampreview
|c|☆minimax_ai|hf
|inactive|Battle timer is ON: inactive players will automatically lose when time's up. (requested by minimax_ai)
|
|t:|1665196647
|start
|switch|p1a: Keldeo|Keldeo-Resolute|100/100
|switch|p2a: Tangrowth|Tangrowth, M|100/100
|turn|1
|
|t:|1665196655
|switch|p2a: Melmetal|Melmetal|100/100
|move|p1a: Keldeo|Substitute|p1a: Keldeo
|-start|p1a: Keldeo|Substitute
|-damage|p1a: Keldeo|76/100
|
|-heal|p1a: Keldeo|82/100|[from] item: Leftovers
|upkeep
|turn|2
|
|t:|1665196660
|move|p1a: Keldeo|Secret Sword|p2a: Melmetal
|-supereffective|p2a: Melmetal
|-damage|p2a: Melmetal|46/100
|move|p2a: Melmetal|Thunder Punch|p1a: Keldeo
|-supereffective|p1a: Keldeo
|-end|p1a: Keldeo|Substitute
|
|-heal|p1a: Keldeo|88/100|[from] item: Leftovers
|upkeep
|turn|3
|
|t:|1665196667
|move|p1a: Keldeo|Secret Sword|p2a: Melmetal
|-supereffective|p2a: Melmetal
|-damage|p2a: Melmetal|0 fnt
|faint|p2a: Melmetal
|
|-heal|p1a: Keldeo|94/100|[from] item: Leftovers
|upkeep
|
|t:|1665196667
|switch|p2a: Tangrowth|Tangrowth, M|100/100
|turn|4
|
|t:|1665196671
|move|p1a: Keldeo|Substitute|p1a: Keldeo
|-start|p1a: Keldeo|Substitute
|-damage|p1a: Keldeo|70/100
|move|p2a: Tangrowth|Giga Drain|p1a: Keldeo
|-supereffective|p1a: Keldeo
|-end|p1a: Keldeo|Substitute
|
|-heal|p1a: Keldeo|76/100|[from] item: Leftovers
|upkeep
|turn|5
|
|t:|1665196677
|switch|p1a: Marowak|Marowak-Alola, M|100/100
|move|p2a: Tangrowth|Giga Drain|p1a: Marowak
|-resisted|p1a: Marowak
|-damage|p1a: Marowak|83/100
|
|upkeep
|turn|6
|
|t:|1665196684
|switch|p2a: landorustherian|Landorus-Therian, M|100/100
|-ability|p2a: landorustherian|Intimidate|boost
|-unboost|p1a: Marowak|atk|1
|move|p1a: Marowak|Poltergeist|p2a: landorustherian|[miss]
|-miss|p1a: Marowak|p2a: landorustherian
|
|upkeep
|turn|7
|
|t:|1665196691
|switch|p1a: Mandibuzz|Mandibuzz, F|100/100
|move|p2a: landorustherian|Earthquake|p1a: Mandibuzz
|-immune|p1a: Mandibuzz
|
|upkeep
|turn|8
|
|t:|1665196697
|move|p2a: landorustherian|Toxic|p1a: Mandibuzz
|-status|p1a: Mandibuzz|tox
|move|p1a: Mandibuzz|Taunt|p2a: landorustherian
|-start|p2a: landorustherian|move: Taunt
|
|-damage|p1a: Mandibuzz|94/100 tox|[from] psn
|upkeep
|turn|9
|
|t:|1665196701
|move|p2a: landorustherian|Earthquake|p1a: Mandibuzz
|-immune|p1a: Mandibuzz
|move|p1a: Mandibuzz|Foul Play|p2a: landorustherian
|-damage|p2a: landorustherian|56/100
|
|-heal|p2a: landorustherian|62/100|[from] item: Leftovers
|-damage|p1a: Mandibuzz|82/100 tox|[from] psn
|upkeep
|turn|10
|
|t:|1665196708
|move|p2a: landorustherian|Earthquake|p1a: Mandibuzz
|-immune|p1a: Mandibuzz
|move|p1a: Mandibuzz|Foul Play|p2a: landorustherian
|-damage|p2a: landorustherian|16/100
|
|-heal|p2a: landorustherian|22/100|[from] item: Leftovers
|-damage|p1a: Mandibuzz|64/100 tox|[from] psn
|upkeep
|turn|11
|
|t:|1665196712
|switch|p2a: Tangrowth|Tangrowth, M|100/100
|move|p1a: Mandibuzz|Foul Play|p2a: Tangrowth
|-damage|p2a: Tangrowth|83/100
|-damage|p1a: Mandibuzz|47/100 tox|[from] item: Rocky Helmet|[of] p2a: Tangrowth
|
|-damage|p1a: Mandibuzz|22/100 tox|[from] psn
|upkeep
|turn|12
|
|t:|1665196720
|switch|p1a: Jirachi|Jirachi|100/100
|move|p2a: Tangrowth|Giga Drain|p1a: Jirachi
|-resisted|p1a: Jirachi
|-damage|p1a: Jirachi|92/100
|-heal|p2a: Tangrowth|87/100|[from] drain|[of] p1a: Jirachi
|
|-heal|p1a: Jirachi|98/100|[from] item: Leftovers
|upkeep
|turn|13
|
|t:|1665196726
|move|p2a: Tangrowth|Knock Off|p1a: Jirachi
|-supereffective|p1a: Jirachi
|-damage|p1a: Jirachi|58/100
|-enditem|p1a: Jirachi|Leftovers|[from] move: Knock Off|[of] p2a: Tangrowth
|move|p1a: Jirachi|Trick Room|p1a: Jirachi
|-fieldstart|move: Trick Room|[of] p1a: Jirachi
|
|upkeep
|turn|14
|
|t:|1665196729
|move|p2a: Tangrowth|Sleep Powder|p1a: Jirachi
|-status|p1a: Jirachi|slp|[from] move: Sleep Powder
|cant|p1a: Jirachi|slp
|
|upkeep
|turn|15
|
|t:|1665196736
|switch|p1a: Mandibuzz|Mandibuzz, F|22/100 tox
|move|p2a: Tangrowth|Knock Off|p1a: Mandibuzz
|-resisted|p1a: Mandibuzz
|-damage|p1a: Mandibuzz|16/100 tox
|-damage|p2a: Tangrowth|71/100|[from] item: Rocky Helmet|[of] p1a: Mandibuzz
|-enditem|p1a: Mandibuzz|Rocky Helmet|[from] move: Knock Off|[of] p2a: Tangrowth
|
|-damage|p1a: Mandibuzz|10/100 tox|[from] psn
|upkeep
|turn|16
|
|t:|1665196742
|switch|p2a: rotomwash|Rotom-Wash|100/100
|move|p1a: Mandibuzz|Foul Play|p2a: rotomwash
|-damage|p2a: rotomwash|77/100
|
|-heal|p2a: rotomwash|84/100|[from] item: Leftovers
|-damage|p1a: Mandibuzz|0 fnt|[from] psn
|faint|p1a: Mandibuzz
|upkeep
|
|t:|1665196748
|switch|p1a: Marowak|Marowak-Alola, M|83/100
|turn|17
|
|t:|1665196750
|switch|p2a: landorustherian|Landorus-Therian, M|22/100
|-ability|p2a: landorustherian|Intimidate|boost
|-unboost|p1a: Marowak|atk|1
|move|p1a: Marowak|Poltergeist|p2a: landorustherian
|-activate|p2a: landorustherian|move: Poltergeist|Leftovers
|-damage|p2a: landorustherian|0 fnt
|faint|p2a: landorustherian
|
|-fieldend|move: Trick Room
|upkeep
|
|t:|1665196750
|switch|p2a: Weavile|Weavile, F|100/100
|-ability|p2a: Weavile|Pressure
|turn|18
|
|t:|1665196760
|switch|p1a: Jirachi|Jirachi|58/100 slp
|move|p2a: Weavile|Knock Off|p1a: Jirachi
|-supereffective|p1a: Jirachi
|-damage|p1a: Jirachi|0 fnt
|faint|p1a: Jirachi
|
|upkeep
|
|t:|1665196768
|switch|p1a: Keldeo|Keldeo-Resolute|76/100
|turn|19
|
|t:|1665196774
|switch|p2a: Tangrowth|Tangrowth, M|100/100
|move|p1a: Keldeo|Scald|p2a: Tangrowth
|-resisted|p2a: Tangrowth
|-damage|p2a: Tangrowth|69/100
|
|-heal|p1a: Keldeo|82/100|[from] item: Leftovers
|upkeep
|turn|20
|
|t:|1665196782
|switch|p1a: Marowak|Marowak-Alola, M|83/100
|move|p2a: Tangrowth|Giga Drain|p1a: Marowak
|-resisted|p1a: Marowak
|-damage|p1a: Marowak|66/100
|-heal|p2a: Tangrowth|76/100|[from] drain|[of] p1a: Marowak
|
|upkeep
|turn|21
|
|t:|1665196788
|move|p2a: Tangrowth|Knock Off|p1a: Marowak
|-supereffective|p1a: Marowak
|-damage|p1a: Marowak|22/100
|-enditem|p1a: Marowak|Thick Club|[from] move: Knock Off|[of] p2a: Tangrowth
|move|p1a: Marowak|Stealth Rock|p2a: Tangrowth
|-sidestart|p2: minimax_ai|move: Stealth Rock
|
|upkeep
|turn|22
|
|t:|1665196794
|move|p2a: Tangrowth|Giga Drain|p1a: Marowak
|-resisted|p1a: Marowak
|-damage|p1a: Marowak|5/100
|-heal|p2a: Tangrowth|84/100|[from] drain|[of] p1a: Marowak
|move|p1a: Marowak|Flare Blitz|p2a: Tangrowth
|-supereffective|p2a: Tangrowth
|-damage|p2a: Tangrowth|36/100
|-damage|p1a: Marowak|0 fnt|[from] item: Rocky Helmet|[of] p2a: Tangrowth
|faint|p1a: Marowak
|
|upkeep
|
|t:|1665196813
|switch|p1a: Zeraora|Zeraora|100/100
|turn|23
|
|t:|1665196815
|move|p1a: Zeraora|Knock Off|p2a: Tangrowth
|-damage|p2a: Tangrowth|21/100
|-damage|p1a: Zeraora|84/100|[from] item: Rocky Helmet|[of] p2a: Tangrowth
|-enditem|p2a: Tangrowth|Rocky Helmet|[from] move: Knock Off|[of] p1a: Zeraora
|move|p2a: Tangrowth|Knock Off|p1a: Zeraora
|-damage|p1a: Zeraora|54/100
|-enditem|p1a: Zeraora|Magnet|[from] move: Knock Off|[of] p2a: Tangrowth
|
|upkeep
|turn|24
|
|t:|1665196823
|move|p1a: Zeraora|Close Combat|p2a: Tangrowth
|-damage|p2a: Tangrowth|1/100
|-unboost|p1a: Zeraora|def|1
|-unboost|p1a: Zeraora|spd|1
|move|p2a: Tangrowth|Knock Off|p1a: Zeraora
|-damage|p1a: Zeraora|25/100
|
|upkeep
|turn|25
|
|t:|1665196828
|switch|p2a: rotomwash|Rotom-Wash|84/100
|-damage|p2a: rotomwash|71/100|[from] Stealth Rock
|move|p1a: Zeraora|Knock Off|p2a: rotomwash
|-damage|p2a: rotomwash|38/100
|-enditem|p2a: rotomwash|Leftovers|[from] move: Knock Off|[of] p1a: Zeraora
|
|upkeep
|turn|26
|
|t:|1665196835
|move|p1a: Zeraora|Plasma Fists|p2a: rotomwash
|-damage|p2a: rotomwash|0 fnt
|-fieldactivate|move: Ion Deluge
|-hint|Normal-type moves become Electric-type after using Plasma Fists.
|faint|p2a: rotomwash
|
|upkeep
|
|t:|1665196835
|switch|p2a: Tangrowth|Tangrowth, M|35/100
|-damage|p2a: Tangrowth|22/100|[from] Stealth Rock
|turn|27
|
|t:|1665196844
|move|p1a: Zeraora|Volt Switch|p2a: Tangrowth
|-resisted|p2a: Tangrowth
|-damage|p2a: Tangrowth|7/100
|
|t:|1665196847
|switch|p1a: Rillaboom|Rillaboom, M|100/100|[from]move: Volt Switch
|-fieldstart|move: Grassy Terrain|[from] ability: Grassy Surge|[of] p1a: Rillaboom
|move|p2a: Tangrowth|Giga Drain|p1a: Rillaboom
|-resisted|p1a: Rillaboom
|-damage|p1a: Rillaboom|77/100
|-heal|p2a: Tangrowth|17/100|[from] drain|[of] p1a: Rillaboom
|
|-heal|p1a: Rillaboom|83/100|[from] Grassy Terrain
|-heal|p2a: Tangrowth|23/100|[from] Grassy Terrain
|upkeep
|turn|28
|
|t:|1665196854
|move|p1a: Rillaboom|U-turn|p2a: Tangrowth
|-supereffective|p2a: Tangrowth
|-damage|p2a: Tangrowth|0 fnt
|faint|p2a: Tangrowth
|
|t:|1665196861
|switch|p1a: Keldeo|Keldeo-Resolute|82/100|[from]move: U-turn
|
|-heal|p1a: Keldeo|88/100|[from] Grassy Terrain
|-heal|p1a: Keldeo|94/100|[from] item: Leftovers
|upkeep
|
|t:|1665196861
|switch|p2a: Weavile|Weavile, F|100/100
|-damage|p2a: Weavile|76/100|[from] Stealth Rock
|-ability|p2a: Weavile|Pressure
|turn|29
|
|t:|1665196864
|move|p2a: Weavile|Triple Axel|p1a: Keldeo
|-resisted|p1a: Keldeo
|-damage|p1a: Keldeo|86/100
|-resisted|p1a: Keldeo
|-damage|p1a: Keldeo|68/100
|-resisted|p1a: Keldeo
|-crit|p1a: Keldeo
|-damage|p1a: Keldeo|27/100
|-hitcount|p1a: Keldeo|3
|move|p1a: Keldeo|Secret Sword|p2a: Weavile
|-supereffective|p2a: Weavile
|-damage|p2a: Weavile|0 fnt
|faint|p2a: Weavile
|
|-heal|p1a: Keldeo|33/100|[from] Grassy Terrain
|-heal|p1a: Keldeo|39/100|[from] item: Leftovers
|upkeep
|
|t:|1665196864
|switch|p2a: Heatran|Heatran, M|100/100
|-damage|p2a: Heatran|88/100|[from] Stealth Rock
|-item|p2a: Heatran|Air Balloon
|turn|30
|
|t:|1665196876
|move|p1a: Keldeo|Secret Sword|p2a: Heatran
|-supereffective|p2a: Heatran
|-damage|p2a: Heatran|0 fnt
|-enditem|p2a: Heatran|Air Balloon
|faint|p2a: Heatran
|
|win|Hgfhhfghfff
|raw|Hgfhhfghfff's rating: 1565 &rarr; <strong>1587</strong><br />(+22 for winning)
|raw|minimax_ai's rating: 1603 &rarr; <strong>1581</strong><br />(-22 for losing)
|c|☆minimax_ai|gg
