|raw|<div class="broadcast-blue"><strong>This battle is required to be public due to a player having a name starting with 'lt84jm'.</div>
|j|☆Bleudeon
|j|☆LT84JM CONMAN
|t:|1627452442
|gametype|singles
|player|p1|Bleudeon|beauty-gen5bw2|1823
|player|p2|LT84JM CONMAN|buck|1825
|teamsize|p1|6
|teamsize|p2|6
|gen|8
|tier|[Gen 8] OU
|rated|
|rule|Sleep Clause Mod: Limit one foe put to sleep
|rule|Species Clause: Limit one of each Pokémon
|rule|OHKO Clause: OHKO moves are banned
|rule|Evasion Moves Clause: Evasion moves are banned
|rule|Endless Battle Clause: Forcing endless battles is banned
|rule|HP Percentage Mod: HP is shown in percentages
|rule|Dynamax Clause: You cannot dynamax
|clearpoke
|poke|p1|Landorus-Therian, M|
|poke|p1|Dragapult, M|
|poke|p1|Tapu Lele|
|poke|p1|Tapu Koko|
|poke|p1|Porygon-Z|
|poke|p1|Volcarona, M|
|poke|p2|Melmetal|
|poke|p2|Cresselia, F|
|poke|p2|Crawdaunt, M|
|poke|p2|Hatterene, F|
|poke|p2|Porygon2|
|poke|p2|Marowak-Alola, F|
|teampreview
|
|t:|1627452455
|start
|switch|p1a: Porygon-Z|Porygon-Z|100/100
|switch|p2a: Hatterene|Hatterene, F|100/100
|turn|1
|inactive|Battle timer is ON: inactive players will automatically lose when time's up. (requested by LT84JM CONMAN)
|
|t:|1627452463
|move|p1a: Porygon-Z|Tri Attack|p2a: Hatterene
|-damage|p2a: Hatterene|34/100
|-status|p2a: Hatterene|frz
|cant|p2a: Hatterene|frz
|
|upkeep
|turn|2
|j| Ycufuc
|
|t:|1627452473
|switch|p2a: Melmetal|Melmetal|100/100
|move|p1a: Porygon-Z|Tri Attack|p2a: Melmetal
|-resisted|p2a: Melmetal
|-damage|p2a: Melmetal|65/100
|
|upkeep
|turn|3
|
|t:|1627452482
|switch|p1a: Landorus|Landorus-Therian, M|100/100
|-ability|p1a: Landorus|Intimidate|boost
|-unboost|p2a: Melmetal|atk|1
|move|p2a: Melmetal|Double Iron Bash|p1a: Landorus
|-crit|p1a: Landorus
|-damage|p1a: Landorus|27/100
|-crit|p1a: Landorus
|-damage|p1a: Landorus|0 fnt
|faint|p1a: Landorus
|-hitcount|p1: Landorus|2
|
|upkeep
|
|t:|1627452493
|switch|p1a: Volcarona|Volcarona, M|100/100
|turn|4
|
|t:|1627452513
|switch|p2a: Marowak|Marowak-Alola, F|100/100
|move|p1a: Volcarona|Fire Blast|p2a: Marowak
|-resisted|p2a: Marowak
|-damage|p2a: Marowak|61/100
|
|upkeep
|turn|5
|j| Noob 0_o
|
|t:|1627452526
|switch|p1a: Tapu Koko|Tapu Koko|100/100
|-fieldstart|move: Electric Terrain|[from] ability: Electric Surge|[of] p1a: Tapu Koko
|move|p2a: Marowak|Flare Blitz|p1a: Tapu Koko
|-damage|p1a: Tapu Koko|0 fnt
|faint|p1a: Tapu Koko
|
|upkeep
|
|t:|1627452536
|switch|p1a: Tapu Lele|Tapu Lele|100/100
|-fieldstart|move: Psychic Terrain|[from] ability: Psychic Surge|[of] p1a: Tapu Lele
|turn|6
|
|t:|1627452542
|switch|p2a: Hatterene|Hatterene, F|34/100 frz
|move|p1a: Tapu Lele|Psyshock|p2a: Hatterene
|-resisted|p2a: Hatterene
|-damage|p2a: Hatterene|7/100 frz
|
|upkeep
|turn|7
|
|t:|1627452548
|move|p1a: Tapu Lele|Psyshock|p2a: Hatterene
|-resisted|p2a: Hatterene
|-damage|p2a: Hatterene|0 fnt
|faint|p2a: Hatterene
|
|upkeep
|j| gomikyu
|j| Totem skarm
|
|t:|1627452570
|switch|p2a: Porygon2|Porygon2|100/100
|-ability|p2a: Porygon2|Download|boost
|-boost|p2a: Porygon2|atk|1
|turn|8
|j| Two Inch Terry
|j|+akiamara
|
|t:|1627452575
|move|p1a: Tapu Lele|Psyshock|p2a: Porygon2
|-damage|p2a: Porygon2|47/100
|move|p2a: Porygon2|Trick Room|p2a: Porygon2
|-fieldstart|move: Trick Room|[of] p2a: Porygon2
|
|upkeep
|turn|9
|
|t:|1627452586
|switch|p2a: Crawdaunt|Crawdaunt, M, shiny|100/100
|move|p1a: Tapu Lele|Moonblast|p2a: Crawdaunt
|-supereffective|p2a: Crawdaunt
|-damage|p2a: Crawdaunt|0 fnt
|faint|p2a: Crawdaunt
|
|upkeep
|c|☆LT84JM CONMAN|ahh
|l| gomikyu
|
|t:|1627452600
|switch|p2a: Marowak|Marowak-Alola, F|61/100
|turn|10
|
|t:|1627452606
|switch|p1a: Dragapult|Dragapult, M|100/100
|move|p2a: Marowak|Flare Blitz|p1a: Dragapult
|-resisted|p1a: Dragapult
|-damage|p1a: Dragapult|30/100
|
|-fieldend|move: Psychic Terrain
|upkeep
|turn|11
|
|t:|1627452617
|move|p2a: Marowak|Flare Blitz|p1a: Dragapult
|-resisted|p1a: Dragapult
|-damage|p1a: Dragapult|0 fnt
|faint|p1a: Dragapult
|
|upkeep
|
|t:|1627452626
|switch|p1a: Volcarona|Volcarona, M|100/100
|turn|12
|
|t:|1627452633
|move|p2a: Marowak|Flare Blitz|p1a: Volcarona
|-damage|p1a: Volcarona|0 fnt
|faint|p1a: Volcarona
|
|-fieldend|move: Trick Room
|upkeep
|
|t:|1627452640
|switch|p1a: Porygon-Z|Porygon-Z|100/100
|turn|13
|
|t:|1627452650
|switch|p2a: Porygon2|Porygon2|47/100
|-ability|p2a: Porygon2|Download|boost
|-boost|p2a: Porygon2|atk|1
|move|p1a: Porygon-Z|Tri Attack|p2a: Porygon2
|-damage|p2a: Porygon2|5/100
|
|upkeep
|turn|14
|
|t:|1627452660
|move|p1a: Porygon-Z|Tri Attack|p2a: Porygon2
|-damage|p2a: Porygon2|0 fnt
|faint|p2a: Porygon2
|
|upkeep
|j| LT84JM Analytic
|
|t:|1627452664
|switch|p2a: Cresselia|Cresselia, F|100/100
|turn|15
|
|t:|1627452668
|move|p1a: Porygon-Z|Tri Attack|p2a: Cresselia
|-damage|p2a: Cresselia|48/100
|-status|p2a: Cresselia|par
|cant|p2a: Cresselia|par
|
|upkeep
|turn|16
|j| DrippleReptide
|
|t:|1627452681
|switch|p2a: Marowak|Marowak-Alola, F|61/100
|move|p1a: Porygon-Z|Tri Attack|p2a: Marowak
|-immune|p2a: Marowak
|
|upkeep
|turn|17
|
|t:|1627452689
|move|p1a: Porygon-Z|Shadow Ball|p2a: Marowak
|-supereffective|p2a: Marowak
|-crit|p2a: Marowak
|-damage|p2a: Marowak|0 fnt
|faint|p2a: Marowak
|
|upkeep
|
|t:|1627452697
|switch|p2a: Cresselia|Cresselia, F|48/100 par
|turn|18
|
|t:|1627452702
|move|p1a: Porygon-Z|Shadow Ball|p2a: Cresselia
|-supereffective|p2a: Cresselia
|-damage|p2a: Cresselia|0 fnt
|faint|p2a: Cresselia
|
|upkeep
|
|t:|1627452711
|switch|p2a: Melmetal|Melmetal|65/100
|turn|19
|c|☆Bleudeon|Gg
|c|☆LT84JM CONMAN|wack
|
|t:|1627452720
|move|p1a: Porygon-Z|Shadow Ball|p2a: Melmetal
|-damage|p2a: Melmetal|23/100
|move|p2a: Melmetal|Double Iron Bash|p1a: Porygon-Z
|-damage|p1a: Porygon-Z|6/100
|-damage|p1a: Porygon-Z|0 fnt
|faint|p1a: Porygon-Z
|-hitcount|p1: Porygon-Z|2
|
|upkeep
|j| LT84JM Veritas
|
|t:|1627452729
|switch|p1a: Tapu Lele|Tapu Lele|100/100
|-fieldstart|move: Psychic Terrain|[from] ability: Psychic Surge|[of] p1a: Tapu Lele
|turn|20
|
|t:|1627452735
|move|p1a: Tapu Lele|Focus Blast|p2a: Melmetal
|-supereffective|p2a: Melmetal
|-damage|p2a: Melmetal|0 fnt
|faint|p2a: Melmetal
|
|win|Bleudeon
|raw|Bleudeon's rating: 1835 &rarr; <strong>1854</strong><br />(+19 for winning)
|raw|LT84JM CONMAN's rating: 1825 &rarr; <strong>1806</strong><br />(-19 for losing)
|l|+akiamara
|j| gomikyu
|l| DrippleReptide
|l|☆LT84JM CONMAN
|l| gomikyu
|l| Two Inch Terry
