|html|<div class="broadcast-blue"><strong>[Gen 8] OU is currently suspecting Urshifu-S! For information on how to participate check out the <a href="https://www.smogon.com/forums/threads/np-ss-ou-suspect-process-round-8-aint-no-rest-for-the-wicked.3675310/">suspect thread</a>.</strong></div>
|j|☆Mimilucha
|j|☆Contorted Lies
|t:|1609783629
|player|p1|Mimilucha|volkner|1829
|player|p2|Contorted Lies|1|1753
|teamsize|p1|6
|teamsize|p2|6
|gametype|singles
|gen|8
|tier|[Gen 8] OU
|rated|
|clearpoke
|poke|p1|Azumarill, F|
|poke|p1|Landorus-Therian, M|
|poke|p1|Tapu Koko|
|poke|p1|Hawlucha, M|
|poke|p1|Dragonite, M|
|poke|p1|Magearna|
|poke|p2|Pelipper, F|
|poke|p2|Urshifu-*, F|
|poke|p2|Omastar, M|
|poke|p2|Ferrothorn, M|
|poke|p2|Dragapult, F|
|poke|p2|Krookodile, M|
|rule|Sleep Clause Mod: Limit one foe put to sleep
|rule|Species Clause: Limit one of each Pokémon
|rule|OHKO Clause: OHKO moves are banned
|rule|Evasion Moves Clause: Evasion moves are banned
|rule|Endless Battle Clause: Forcing endless battles is banned
|rule|HP Percentage Mod: HP is shown in percentages
|rule|Dynamax Clause: You cannot dynamax
|teampreview
|inactive|Battle timer is ON: inactive players will automatically lose when time's up. (requested by Mimilucha)
|
|t:|1609783635
|start
|switch|p1a: Landorus|Landorus-Therian, M|100/100
|switch|p2a: Pelipper|Pelipper, F|100/100
|-ability|p1a: Landorus|Intimidate|boost
|-unboost|p2a: Pelipper|atk|1
|-weather|RainDance|[from] ability: Drizzle|[of] p2a: Pelipper
|turn|1
|j| miso muffins
|
|t:|1609783640
|move|p1a: Landorus|Stealth Rock|p2a: Pelipper
|-sidestart|p2: Contorted Lies|move: Stealth Rock
|move|p2a: Pelipper|U-turn|p1a: Landorus
|-resisted|p1a: Landorus
|-damage|p1a: Landorus|97/100
|
|t:|1609783645
|switch|p2a: Urshifu|Urshifu-Rapid-Strike, F|100/100|[from]move: U-turn
|-damage|p2a: Urshifu|94/100|[from] Stealth Rock
|
|-weather|RainDance|[upkeep]
|upkeep
|turn|2
|j| Windows 98 SE
|
|t:|1609783657
|switch|p1a: Dragonite|Dragonite, M|100/100
|move|p2a: Urshifu|Surging Strikes|p1a: Dragonite
|-resisted|p1a: Dragonite
|-crit|p1a: Dragonite
|-damage|p1a: Dragonite|89/100
|-resisted|p1a: Dragonite
|-crit|p1a: Dragonite
|-damage|p1a: Dragonite|64/100
|-resisted|p1a: Dragonite
|-crit|p1a: Dragonite
|-damage|p1a: Dragonite|40/100
|-hitcount|p1a: Dragonite|3
|
|-weather|RainDance|[upkeep]
|upkeep
|turn|3
|
|t:|1609783665
|move|p2a: Urshifu|Surging Strikes|p1a: Dragonite
|-resisted|p1a: Dragonite
|-crit|p1a: Dragonite
|-damage|p1a: Dragonite|15/100
|-resisted|p1a: Dragonite
|-crit|p1a: Dragonite
|-damage|p1a: Dragonite|0 fnt
|-hitcount|p1a: Dragonite|2
|faint|p1a: Dragonite
|
|-weather|RainDance|[upkeep]
|upkeep
|j| LineThemUp
|j| Etienne Sanglier
|
|t:|1609783684
|switch|p1a: Tapu Koko|Tapu Koko|100/100
|-fieldstart|move: Electric Terrain|[from] ability: Electric Surge|[of] p1a: Tapu Koko
|turn|4
|
|t:|1609783704
|switch|p2a: Krookodile|Krookodile, M|100/100
|-damage|p2a: Krookodile|94/100|[from] Stealth Rock
|move|p1a: Tapu Koko|Light Screen|p1a: Tapu Koko
|-sidestart|p1: Mimilucha|move: Light Screen
|
|-weather|RainDance|[upkeep]
|upkeep
|turn|5
|j| bigbadbbear
|inactive|Mimilucha has 120 seconds left.
|j| Devon
|
|t:|1609783736
|switch|p2a: Ferrothorn|Ferrothorn, M|100/100
|-damage|p2a: Ferrothorn|95/100|[from] Stealth Rock
|move|p1a: Tapu Koko|Reflect|p1a: Tapu Koko
|-sidestart|p1: Mimilucha|Reflect
|
|-weather|none
|upkeep
|turn|6
|
|t:|1609783741
|move|p1a: Tapu Koko|U-turn|p2a: Ferrothorn
|-damage|p2a: Ferrothorn|83/100
|-damage|p1a: Tapu Koko|88/100|[from] ability: Iron Barbs|[of] p2a: Ferrothorn
|
|t:|1609783743
|switch|p1a: Landorus|Landorus-Therian, M|97/100|[from]move: U-turn
|-ability|p1a: Landorus|Intimidate|boost
|-unboost|p2a: Ferrothorn|atk|1
|move|p2a: Ferrothorn|Thunder Wave|p1a: Landorus
|-immune|p1a: Landorus
|
|upkeep
|turn|7
|
|t:|1609783747
|move|p1a: Landorus|Explosion|p2a: Ferrothorn
|-resisted|p2a: Ferrothorn
|-damage|p2a: Ferrothorn|54/100
|faint|p1a: Landorus
|move|p2a: Ferrothorn|Stealth Rock|p1: Landorus
|-sidestart|p1: Mimilucha|move: Stealth Rock
|
|upkeep
|
|t:|1609783750
|switch|p1a: Hawlucha|Hawlucha, M|100/100
|-damage|p1a: Hawlucha|88/100|[from] Stealth Rock
|-enditem|p1a: Hawlucha|Electric Seed
|-boost|p1a: Hawlucha|def|1|[from] item: Electric Seed
|turn|8
|
|t:|1609783752
|move|p1a: Hawlucha|Swords Dance|p1a: Hawlucha
|-boost|p1a: Hawlucha|atk|2
|move|p2a: Ferrothorn|Thunder Wave|p1a: Hawlucha
|-status|p1a: Hawlucha|par
|
|-fieldend|move: Electric Terrain
|upkeep
|turn|9
|
|t:|1609783770
|move|p1a: Hawlucha|Close Combat|p2a: Ferrothorn
|-supereffective|p2a: Ferrothorn
|-enditem|p2a: Ferrothorn|Chople Berry|[eat]
|-enditem|p2a: Ferrothorn|Chople Berry|[weaken]
|-damage|p2a: Ferrothorn|0 fnt
|-unboost|p1a: Hawlucha|def|1
|-unboost|p1a: Hawlucha|spd|1
|-damage|p1a: Hawlucha|76/100 par|[from] ability: Iron Barbs|[of] p2a: Ferrothorn
|faint|p2a: Ferrothorn
|
|upkeep
|j| angrrry
|
|t:|1609783779
|switch|p2a: Pelipper|Pelipper, F|100/100
|-damage|p2a: Pelipper|76/100|[from] Stealth Rock
|-weather|RainDance|[from] ability: Drizzle|[of] p2a: Pelipper
|turn|10
|
|t:|1609783808
|move|p1a: Hawlucha|Stone Edge|p2a: Pelipper
|-supereffective|p2a: Pelipper
|-crit|p2a: Pelipper
|-damage|p2a: Pelipper|0 fnt
|faint|p2a: Pelipper
|
|-weather|RainDance|[upkeep]
|upkeep
|
|t:|1609783825
|switch|p2a: Dragapult|Dragapult, F|100/100
|-damage|p2a: Dragapult|88/100|[from] Stealth Rock
|turn|11
|
|t:|1609783833
|move|p2a: Dragapult|Dragon Darts|p1a: Hawlucha
|-damage|p1a: Hawlucha|25/100 par
|-anim|p2a: Dragapult|Dragon Darts|p1a: Hawlucha
|-damage|p1a: Hawlucha|0 fnt
|-damage|p2a: Dragapult|78/100|[from] item: Life Orb
|faint|p1a: Hawlucha
|
|-weather|RainDance|[upkeep]
|-sideend|p1: Mimilucha|move: Light Screen
|upkeep
|
|t:|1609783842
|switch|p1a: Magearna|Magearna|100/100
|-damage|p1a: Magearna|95/100|[from] Stealth Rock
|turn|12
|
|t:|1609783848
|move|p2a: Dragapult|Dragon Dance|p2a: Dragapult
|-boost|p2a: Dragapult|atk|1
|-boost|p2a: Dragapult|spe|1
|move|p1a: Magearna|Shift Gear|p1a: Magearna
|-boost|p1a: Magearna|spe|2
|-boost|p1a: Magearna|atk|1
|
|-weather|RainDance|[upkeep]
|-sideend|p1: Mimilucha|Reflect
|upkeep
|turn|13
|
|t:|1609783852
|move|p2a: Dragapult|Substitute|p2a: Dragapult
|-start|p2a: Dragapult|Substitute
|-damage|p2a: Dragapult|53/100
|move|p1a: Magearna|Shift Gear|p1a: Magearna
|-boost|p1a: Magearna|spe|2
|-boost|p1a: Magearna|atk|1
|
|-weather|RainDance|[upkeep]
|upkeep
|turn|14
|j| outw lool
|
|t:|1609783856
|move|p1a: Magearna|Draining Kiss|p2a: Dragapult
|-supereffective|p2a: Dragapult
|-end|p2a: Dragapult|Substitute
|-heal|p1a: Magearna|100/100|[from] drain|[of] p2a: Dragapult
|move|p2a: Dragapult|Dragon Dance|p2a: Dragapult
|-boost|p2a: Dragapult|atk|1
|-boost|p2a: Dragapult|spe|1
|
|-weather|none
|upkeep
|turn|15
|
|t:|1609783861
|move|p2a: Dragapult|Phantom Force||[still]
|-prepare|p2a: Dragapult|Phantom Force
|move|p1a: Magearna|Draining Kiss|p2a: Dragapult|[miss]
|-miss|p1a: Magearna|p2a: Dragapult
|
|upkeep
|turn|16
|
|t:|1609783865
|move|p2a: Dragapult|Phantom Force|p1a: Magearna|[from]lockedmove
|-damage|p1a: Magearna|0 fnt
|-damage|p2a: Dragapult|44/100|[from] item: Life Orb
|faint|p1a: Magearna
|
|upkeep
|-message|Mimilucha forfeited.
|
|win|Contorted Lies
|l|☆Mimilucha
|l|☆Contorted Lies
|l| Etienne Sanglier
||Ladder (probably) updated, but score could not be retrieved (Request timeout).
|l| outw lool
|l| Devon
