|j|☆Kwaga
|j|☆Eclipse77
|t:|1664747698
|gametype|singles
|player|p1|Kwaga|zinnia|1671
|player|p2|Eclipse77|kahili|1613
|teamsize|p1|6
|teamsize|p2|6
|gen|8
|tier|[Gen 8] OU
|rated|
|rule|Sleep Clause Mod: Limit one foe put to sleep
|rule|Species Clause: Limit one of each Pokémon
|rule|OHKO Clause: OHKO moves are banned
|rule|Evasion Items Clause: Evasion items are banned
|rule|Evasion Moves Clause: Evasion moves are banned
|rule|Endless Battle Clause: Forcing endless battles is banned
|rule|HP Percentage Mod: HP is shown in percentages
|rule|Dynamax Clause: You cannot dynamax
|clearpoke
|poke|p1|Rillaboom, M|
|poke|p1|Kartana|
|poke|p1|Heatran, F|
|poke|p1|Tornadus-Therian, M|
|poke|p1|Gastrodon-East, F|
|poke|p1|Clefable, F|
|poke|p2|Urshifu-*, F|
|poke|p2|Tyranitar, M|
|poke|p2|Excadrill, M|
|poke|p2|Zapdos|
|poke|p2|Ferrothorn, M|
|poke|p2|Tapu Lele|
|teampreview
|inactive|Battle timer is ON: inactive players will automatically lose when time's up. (requested by Kwaga)
|
|t:|1664747716
|start
|switch|p1a: Tornadus|Tornadus-Therian, M|100/100
|switch|p2a: Excadrill|Excadrill, M|100/100
|turn|1
|
|t:|1664747730
|move|p1a: Tornadus|Knock Off|p2a: Excadrill
|-damage|p2a: Excadrill|73/100
|-enditem|p2a: Excadrill|Choice Band|[from] move: Knock Off|[of] p1a: Tornadus
|move|p2a: Excadrill|Iron Head|p1a: Tornadus
|-damage|p1a: Tornadus|55/100
|
|upkeep
|turn|2
|
|t:|1664747739
|move|p1a: Tornadus|U-turn|p2a: Excadrill
|-resisted|p2a: Excadrill
|-damage|p2a: Excadrill|63/100
|
|t:|1664747740
|switch|p1a: Gastrodon|Gastrodon-East, F|100/100|[from]move: U-turn
|move|p2a: Excadrill|Earthquake|p1a: Gastrodon
|-damage|p1a: Gastrodon|35/100
|
|-heal|p1a: Gastrodon|41/100|[from] item: Leftovers
|upkeep
|turn|3
|
|t:|1664747748
|switch|p1a: Rillaboom|Rillaboom, M|100/100
|-fieldstart|move: Grassy Terrain|[from] ability: Grassy Surge|[of] p1a: Rillaboom
|move|p2a: Excadrill|Rock Slide|p1a: Rillaboom
|-damage|p1a: Rillaboom|72/100
|
|-heal|p2a: Excadrill|69/100|[from] Grassy Terrain
|-heal|p1a: Rillaboom|78/100|[from] Grassy Terrain
|-heal|p1a: Rillaboom|84/100|[from] item: Leftovers
|upkeep
|turn|4
|
|t:|1664747753
|switch|p2a: Zapdos|Zapdos|100/100
|switch|p1a: Gastrodon|Gastrodon-East, F|41/100
|
|-heal|p1a: Gastrodon|48/100|[from] Grassy Terrain
|-heal|p1a: Gastrodon|54/100|[from] item: Leftovers
|upkeep
|turn|5
|
|t:|1664747758
|move|p2a: Zapdos|Hurricane|p1a: Gastrodon
|-crit|p1a: Gastrodon
|-damage|p1a: Gastrodon|12/100
|move|p1a: Gastrodon|Recover|p1a: Gastrodon
|-heal|p1a: Gastrodon|62/100
|
|-heal|p1a: Gastrodon|68/100|[from] Grassy Terrain
|-heal|p1a: Gastrodon|74/100|[from] item: Leftovers
|upkeep
|turn|6
|
|t:|1664747768
|switch|p2a: Ferrothorn|Ferrothorn, M|100/100
|move|p1a: Gastrodon|Scald|p2a: Ferrothorn
|-resisted|p2a: Ferrothorn
|-damage|p2a: Ferrothorn|92/100
|-status|p2a: Ferrothorn|brn
|
|-heal|p1a: Gastrodon|80/100|[from] Grassy Terrain
|-heal|p1a: Gastrodon|86/100|[from] item: Leftovers
|-heal|p2a: Ferrothorn|98/100 brn|[from] Grassy Terrain
|-heal|p2a: Ferrothorn|100/100 brn|[from] item: Leftovers
|-damage|p2a: Ferrothorn|95/100 brn|[from] brn
|upkeep
|turn|7
|
|t:|1664747778
|switch|p1a: Tornadus|Tornadus-Therian, M|88/100
|move|p2a: Ferrothorn|Knock Off|p1a: Tornadus
|-damage|p1a: Tornadus|76/100
|-enditem|p1a: Tornadus|Heavy-Duty Boots|[from] move: Knock Off|[of] p2a: Ferrothorn
|
|-heal|p2a: Ferrothorn|100/100 brn|[from] Grassy Terrain
|-damage|p2a: Ferrothorn|95/100 brn|[from] brn
|-fieldend|move: Grassy Terrain
|upkeep
|turn|8
|
|t:|1664747791
|move|p1a: Tornadus|Knock Off|p2a: Ferrothorn
|-damage|p2a: Ferrothorn|81/100 brn
|-damage|p1a: Tornadus|64/100|[from] ability: Iron Barbs|[of] p2a: Ferrothorn
|-enditem|p2a: Ferrothorn|Leftovers|[from] move: Knock Off|[of] p1a: Tornadus
|move|p2a: Ferrothorn|Stealth Rock|p1a: Tornadus
|-sidestart|p1: Kwaga|move: Stealth Rock
|
|-damage|p2a: Ferrothorn|75/100 brn|[from] brn
|upkeep
|turn|9
|
|t:|1664747804
|switch|p2a: Urshifu|Urshifu-Rapid-Strike, F|100/100
|move|p1a: Tornadus|Defog|p2a: Urshifu
|-unboost|p2a: Urshifu|evasion|1
|-sideend|p1: Kwaga|Stealth Rock|[from] move: Defog|[of] p1a: Tornadus
|
|upkeep
|turn|10
|
|t:|1664747814
|switch|p2a: Zapdos|Zapdos|100/100
|move|p1a: Tornadus|Hurricane|p2a: Zapdos
|-resisted|p2a: Zapdos
|-damage|p2a: Zapdos|82/100
|
|upkeep
|turn|11
|
|t:|1664747824
|switch|p1a: Gastrodon|Gastrodon-East, F|86/100
|switch|p2a: Tyranitar|Tyranitar, M|100/100
|-weather|Sandstorm|[from] ability: Sand Stream|[of] p2a: Tyranitar
|
|-weather|Sandstorm|[upkeep]
|-heal|p1a: Gastrodon|92/100|[from] item: Leftovers
|upkeep
|turn|12
|
|t:|1664747827
|move|p1a: Gastrodon|Protect|p1a: Gastrodon
|-singleturn|p1a: Gastrodon|Protect
|move|p2a: Tyranitar|Crunch|p1a: Gastrodon
|-activate|p1a: Gastrodon|move: Protect
|
|-weather|Sandstorm|[upkeep]
|-heal|p1a: Gastrodon|99/100|[from] item: Leftovers
|upkeep
|turn|13
|
|t:|1664747830
|switch|p1a: Clefable|Clefable, F|100/100
|move|p2a: Tyranitar|Crunch|p1a: Clefable
|-resisted|p1a: Clefable
|-damage|p1a: Clefable|72/100
|
|-weather|Sandstorm|[upkeep]
|upkeep
|turn|14
|
|t:|1664747833
|switch|p2a: Excadrill|Excadrill, M|69/100
|move|p1a: Clefable|Soft-Boiled|p1a: Clefable
|-heal|p1a: Clefable|100/100
|
|-weather|Sandstorm|[upkeep]
|upkeep
|turn|15
|
|t:|1664747843
|switch|p1a: Gastrodon|Gastrodon-East, F|99/100
|move|p2a: Excadrill|Iron Head|p1a: Gastrodon
|-resisted|p1a: Gastrodon
|-damage|p1a: Gastrodon|72/100
|
|-weather|none
|-heal|p1a: Gastrodon|79/100|[from] item: Leftovers
|upkeep
|turn|16
|
|t:|1664747851
|switch|p2a: Ferrothorn|Ferrothorn, M|75/100 brn
|move|p1a: Gastrodon|Scald|p2a: Ferrothorn
|-resisted|p2a: Ferrothorn
|-damage|p2a: Ferrothorn|67/100 brn
|
|-heal|p1a: Gastrodon|85/100|[from] item: Leftovers
|-damage|p2a: Ferrothorn|61/100 brn|[from] brn
|upkeep
|turn|17
|
|t:|1664747854
|switch|p1a: Clefable|Clefable, F|100/100
|move|p2a: Ferrothorn|Leech Seed|p1a: Clefable
|-start|p1a: Clefable|move: Leech Seed
|
|-damage|p2a: Ferrothorn|55/100 brn|[from] brn
|upkeep
|turn|18
|
|t:|1664747860
|switch|p2a: Excadrill|Excadrill, M|69/100
|move|p1a: Clefable|Moonblast|p2a: Excadrill
|-resisted|p2a: Excadrill
|-damage|p2a: Excadrill|50/100
|
|upkeep
|turn|19
|
|t:|1664747869
|switch|p1a: Tornadus|Tornadus-Therian, M|97/100
|move|p2a: Excadrill|Iron Head|p1a: Tornadus
|-damage|p1a: Tornadus|50/100
|
|upkeep
|turn|20
|
|t:|1664747873
|switch|p2a: Tyranitar|Tyranitar, M|100/100
|-weather|Sandstorm|[from] ability: Sand Stream|[of] p2a: Tyranitar
|move|p1a: Tornadus|U-turn|p2a: Tyranitar
|-supereffective|p2a: Tyranitar
|-damage|p2a: Tyranitar|75/100
|
|t:|1664747877
|switch|p1a: Gastrodon|Gastrodon-East, F|85/100|[from]move: U-turn
|
|-weather|Sandstorm|[upkeep]
|-heal|p1a: Gastrodon|91/100|[from] item: Leftovers
|upkeep
|turn|21
|
|t:|1664747882
|move|p1a: Gastrodon|Protect|p1a: Gastrodon
|-singleturn|p1a: Gastrodon|Protect
|move|p2a: Tyranitar|Crunch|p1a: Gastrodon
|-activate|p1a: Gastrodon|move: Protect
|
|-weather|Sandstorm|[upkeep]
|-heal|p1a: Gastrodon|97/100|[from] item: Leftovers
|upkeep
|turn|22
|
|t:|1664747888
|switch|p1a: Clefable|Clefable, F|100/100
|move|p2a: Tyranitar|Crunch|p1a: Clefable
|-resisted|p1a: Clefable
|-crit|p1a: Clefable
|-damage|p1a: Clefable|62/100
|
|-weather|Sandstorm|[upkeep]
|upkeep
|turn|23
|
|t:|1664747893
|switch|p2a: Zapdos|Zapdos|82/100
|move|p1a: Clefable|Soft-Boiled|p1a: Clefable
|-heal|p1a: Clefable|100/100
|
|-weather|Sandstorm|[upkeep]
|-damage|p2a: Zapdos|76/100|[from] Sandstorm
|upkeep
|turn|24
|
|t:|1664747900
|switch|p1a: Gastrodon|Gastrodon-East, F|97/100
|move|p2a: Zapdos|Volt Switch|p1a: Gastrodon
|-immune|p1a: Gastrodon
|
|-weather|none
|-heal|p1a: Gastrodon|100/100|[from] item: Leftovers
|upkeep
|turn|25
|
|t:|1664747910
|switch|p2a: Ferrothorn|Ferrothorn, M|55/100 brn
|move|p1a: Gastrodon|Toxic||[still]
|-fail|p1a: Gastrodon
|
|-damage|p2a: Ferrothorn|49/100 brn|[from] brn
|upkeep
|turn|26
|
|t:|1664747922
|switch|p1a: Heatran|Heatran, F|100/100
|switch|p2a: Excadrill|Excadrill, M|50/100
|
|upkeep
|turn|27
|
|t:|1664747933
|switch|p1a: Rillaboom|Rillaboom, M|84/100
|-fieldstart|move: Grassy Terrain|[from] ability: Grassy Surge|[of] p1a: Rillaboom
|move|p2a: Excadrill|Iron Head|p1a: Rillaboom
|-damage|p1a: Rillaboom|43/100
|
|-heal|p2a: Excadrill|56/100|[from] Grassy Terrain
|-heal|p1a: Rillaboom|49/100|[from] Grassy Terrain
|-heal|p1a: Rillaboom|55/100|[from] item: Leftovers
|upkeep
|turn|28
|
|t:|1664747941
|switch|p2a: Zapdos|Zapdos|76/100
|switch|p1a: Gastrodon|Gastrodon-East, F|100/100
|
|upkeep
|turn|29
|
|t:|1664747949
|switch|p2a: Ferrothorn|Ferrothorn, M|49/100 brn
|switch|p1a: Heatran|Heatran, F|100/100
|
|-heal|p2a: Ferrothorn|55/100 brn|[from] Grassy Terrain
|-damage|p2a: Ferrothorn|49/100 brn|[from] brn
|upkeep
|turn|30
|
|t:|1664747958
|switch|p2a: Urshifu|Urshifu-Rapid-Strike, F|100/100
|move|p1a: Heatran|Stealth Rock|p2a: Urshifu
|-sidestart|p2: Eclipse77|move: Stealth Rock
|
|upkeep
|turn|31
|
|t:|1664747972
|switch|p1a: Tornadus|Tornadus-Therian, M|83/100
|move|p2a: Urshifu|Surging Strikes|p1a: Tornadus
|-crit|p1a: Tornadus
|-damage|p1a: Tornadus|62/100
|-crit|p1a: Tornadus
|-damage|p1a: Tornadus|40/100
|-crit|p1a: Tornadus
|-damage|p1a: Tornadus|20/100
|-hitcount|p1a: Tornadus|3
|
|-fieldend|move: Grassy Terrain
|upkeep
|turn|32
|
|t:|1664747978
|move|p1a: Tornadus|U-turn|p2a: Urshifu
|-resisted|p2a: Urshifu
|-damage|p2a: Urshifu|93/100
|
|t:|1664747980
|switch|p1a: Clefable|Clefable, F|100/100|[from]move: U-turn
|move|p2a: Urshifu|Surging Strikes|p1a: Clefable
|-crit|p1a: Clefable
|-damage|p1a: Clefable|85/100
|-crit|p1a: Clefable
|-damage|p1a: Clefable|70/100
|-crit|p1a: Clefable
|-damage|p1a: Clefable|54/100
|-hitcount|p1a: Clefable|3
|
|upkeep
|turn|33
|
|t:|1664747995
|move|p2a: Urshifu|Taunt|p1a: Clefable
|-start|p1a: Clefable|move: Taunt
|move|p1a: Clefable|Moonblast|p2a: Urshifu
|-supereffective|p2a: Urshifu
|-damage|p2a: Urshifu|0 fnt
|faint|p2a: Urshifu
|
|upkeep
|
|t:|1664748001
|switch|p2a: Excadrill|Excadrill, M|56/100
|-damage|p2a: Excadrill|53/100|[from] Stealth Rock
|turn|34
|
|t:|1664748006
|switch|p1a: Rillaboom|Rillaboom, M|55/100
|-fieldstart|move: Grassy Terrain|[from] ability: Grassy Surge|[of] p1a: Rillaboom
|move|p2a: Excadrill|Rapid Spin|p1a: Rillaboom
|-damage|p1a: Rillaboom|35/100
|-boost|p2a: Excadrill|spe|1
|-sideend|p2: Eclipse77|Stealth Rock|[from] move: Rapid Spin|[of] p2a: Excadrill
|
|-heal|p2a: Excadrill|59/100|[from] Grassy Terrain
|-heal|p1a: Rillaboom|42/100|[from] Grassy Terrain
|-heal|p1a: Rillaboom|48/100|[from] item: Leftovers
|upkeep
|turn|35
|
|t:|1664748014
|switch|p1a: Gastrodon|Gastrodon-East, F|100/100
|move|p2a: Excadrill|Earthquake|p1a: Gastrodon
|-damage|p1a: Gastrodon|68/100
|
|-heal|p2a: Excadrill|65/100|[from] Grassy Terrain
|-heal|p1a: Gastrodon|74/100|[from] Grassy Terrain
|-heal|p1a: Gastrodon|80/100|[from] item: Leftovers
|upkeep
|turn|36
|
|t:|1664748018
|switch|p2a: Zapdos|Zapdos|76/100
|move|p1a: Gastrodon|Scald|p2a: Zapdos
|-damage|p2a: Zapdos|52/100
|
|-heal|p1a: Gastrodon|86/100|[from] Grassy Terrain
|-heal|p1a: Gastrodon|92/100|[from] item: Leftovers
|upkeep
|turn|37
|
|t:|1664748021
|move|p2a: Zapdos|Roost|p2a: Zapdos
|-heal|p2a: Zapdos|100/100
|-singleturn|p2a: Zapdos|move: Roost
|move|p1a: Gastrodon|Toxic|p2a: Zapdos
|-status|p2a: Zapdos|tox
|
|-heal|p1a: Gastrodon|98/100|[from] Grassy Terrain
|-heal|p1a: Gastrodon|100/100|[from] item: Leftovers
|-damage|p2a: Zapdos|94/100 tox|[from] psn
|upkeep
|turn|38
|-message|Eclipse77 forfeited.
|
|win|Kwaga
|raw|Kwaga's rating: 1671 &rarr; <strong>1688</strong><br />(+17 for winning)
|raw|Eclipse77's rating: 1613 &rarr; <strong>1596</strong><br />(-17 for losing)
|l|☆Eclipse77
