|j|☆Deepfriedmagikarp
|j|☆Darkortex
|t:|1657951051
|gametype|singles
|player|p1|Deepfriedmagikarp|1|1821
|player|p2|Darkortex|hilbert|1759
|teamsize|p1|6
|teamsize|p2|6
|gen|8
|tier|[Gen 8] OU
|rated|
|rule|Sleep Clause Mod: Limit one foe put to sleep
|rule|Species Clause: Limit one of each Pokémon
|rule|OHKO Clause: OHKO moves are banned
|rule|Evasion Moves Clause: Evasion moves are banned
|rule|Endless Battle Clause: Forcing endless battles is banned
|rule|HP Percentage Mod: HP is shown in percentages
|rule|Dynamax Clause: You cannot dynamax
|clearpoke
|poke|p1|Tapu Koko|
|poke|p1|Victini|
|poke|p1|Ferrothorn, M|
|poke|p1|Landorus-Therian, M|
|poke|p1|Slowbro, M|
|poke|p1|Bisharp, M|
|poke|p2|Ninetales-Alola, F|
|poke|p2|Arctozolt|
|poke|p2|Landorus-Therian, M|
|poke|p2|Ferrothorn, F|
|poke|p2|Urshifu-*, M|
|poke|p2|Tapu Lele|
|teampreview
|inactive|Battle timer is ON: inactive players will automatically lose when time's up. (requested by Deepfriedmagikarp)
|inactive|Darkortex also wants the timer to be on.
|inactive|Darkortex has 120 seconds left.
|
|t:|1657951083
|start
|switch|p1a: Victini|Victini|100/100
|switch|p2a: Urshifu|Urshifu-Rapid-Strike, M|100/100
|turn|1
|
|t:|1657951092
|move|p1a: Victini|Bolt Strike|p2a: Urshifu
|-supereffective|p2a: Urshifu
|-damage|p2a: Urshifu|22/100
|move|p2a: Urshifu|U-turn|p1a: Victini
|-damage|p1a: Victini|66/100
|j| CB Bhris Breezy
|
|t:|1657951097
|switch|p2a: Ninetales|Ninetales-Alola, F|100/100|[from]move: U-turn
|-weather|Hail|[from] ability: Snow Warning|[of] p2a: Ninetales
|
|-weather|Hail|[upkeep]
|-damage|p1a: Victini|59/100|[from] Hail
|upkeep
|turn|2
|
|t:|1657951099
|move|p2a: Ninetales|Encore|p1a: Victini
|-start|p1a: Victini|Encore
|move|p1a: Victini|Bolt Strike|p2a: Ninetales
|-damage|p2a: Ninetales|44/100
|
|-weather|Hail|[upkeep]
|-damage|p1a: Victini|53/100|[from] Hail
|upkeep
|turn|3
|
|t:|1657951106
|switch|p2a: Landorus|Landorus-Therian, M|100/100
|-ability|p2a: Landorus|Intimidate|boost
|-unboost|p1a: Victini|atk|1
|move|p1a: Victini|Bolt Strike|p2a: Landorus
|-immune|p2a: Landorus
|
|-weather|Hail|[upkeep]
|-damage|p1a: Victini|47/100|[from] Hail
|-damage|p2a: Landorus|94/100|[from] Hail
|-heal|p2a: Landorus|100/100|[from] item: Leftovers
|upkeep
|turn|4
|
|t:|1657951110
|switch|p1a: Ferrothorn|Ferrothorn, M|100/100
|move|p2a: Landorus|Stealth Rock|p1a: Ferrothorn
|-sidestart|p1: Deepfriedmagikarp|move: Stealth Rock
|
|-weather|Hail|[upkeep]
|-damage|p2a: Landorus|94/100|[from] Hail
|-damage|p1a: Ferrothorn|95/100|[from] Hail
|-heal|p2a: Landorus|100/100|[from] item: Leftovers
|upkeep
|turn|5
|
|t:|1657951113
|move|p2a: Landorus|Knock Off|p1a: Ferrothorn
|-damage|p1a: Ferrothorn|75/100
|-damage|p2a: Landorus|88/100|[from] ability: Iron Barbs|[of] p1a: Ferrothorn
|-damage|p2a: Landorus|72/100|[from] item: Rocky Helmet|[of] p1a: Ferrothorn
|-enditem|p1a: Ferrothorn|Rocky Helmet|[from] move: Knock Off|[of] p2a: Landorus
|move|p1a: Ferrothorn|Leech Seed|p2a: Landorus
|-start|p2a: Landorus|move: Leech Seed
|
|-weather|Hail|[upkeep]
|-damage|p2a: Landorus|66/100|[from] Hail
|-damage|p1a: Ferrothorn|69/100|[from] Hail
|-heal|p2a: Landorus|72/100|[from] item: Leftovers
|-damage|p2a: Landorus|59/100|[from] Leech Seed|[of] p1a: Ferrothorn
|-heal|p1a: Ferrothorn|83/100|[silent]
|upkeep
|turn|6
|
|t:|1657951116
|switch|p2a: Ferrothorn|Ferrothorn, F|100/100
|move|p1a: Ferrothorn|Leech Seed|p2a: Ferrothorn
|-immune|p2a: Ferrothorn
|
|-weather|Hail|[upkeep]
|-damage|p2a: Ferrothorn|94/100|[from] Hail
|-damage|p1a: Ferrothorn|77/100|[from] Hail
|-heal|p2a: Ferrothorn|100/100|[from] item: Leftovers
|upkeep
|turn|7
|
|t:|1657951120
|move|p2a: Ferrothorn|Spikes|p1a: Ferrothorn
|-sidestart|p1: Deepfriedmagikarp|Spikes
|move|p1a: Ferrothorn|Spikes|p2a: Ferrothorn
|-sidestart|p2: Darkortex|Spikes
|
|-weather|Hail|[upkeep]
|-damage|p2a: Ferrothorn|94/100|[from] Hail
|-damage|p1a: Ferrothorn|71/100|[from] Hail
|-heal|p2a: Ferrothorn|100/100|[from] item: Leftovers
|upkeep
|turn|8
|
|t:|1657951123
|switch|p1a: Slowbro|Slowbro, M|100/100
|move|p2a: Ferrothorn|Body Press|p1a: Slowbro
|-resisted|p1a: Slowbro
|-damage|p1a: Slowbro|89/100
|
|-weather|none
|upkeep
|turn|9
|
|t:|1657951126
|move|p2a: Ferrothorn|Knock Off|p1a: Slowbro
|-supereffective|p1a: Slowbro
|-damage|p1a: Slowbro|53/100
|-enditem|p1a: Slowbro|Heavy-Duty Boots|[from] move: Knock Off|[of] p2a: Ferrothorn
|move|p1a: Slowbro|Scald|p2a: Ferrothorn
|-resisted|p2a: Ferrothorn
|-damage|p2a: Ferrothorn|89/100
|
|-heal|p2a: Ferrothorn|95/100|[from] item: Leftovers
|upkeep
|turn|10
|
|t:|1657951128
|move|p2a: Ferrothorn|Leech Seed|p1a: Slowbro
|-start|p1a: Slowbro|move: Leech Seed
|move|p1a: Slowbro|Scald|p2a: Ferrothorn
|-resisted|p2a: Ferrothorn
|-crit|p2a: Ferrothorn
|-damage|p2a: Ferrothorn|77/100
|
|-heal|p2a: Ferrothorn|83/100|[from] item: Leftovers
|-damage|p1a: Slowbro|41/100|[from] Leech Seed|[of] p2a: Ferrothorn
|-heal|p2a: Ferrothorn|97/100|[silent]
|upkeep
|turn|11
|
|t:|1657951132
|move|p2a: Ferrothorn|Spikes|p1a: Slowbro
|-sidestart|p1: Deepfriedmagikarp|Spikes
|move|p1a: Slowbro|Slack Off|p1a: Slowbro
|-heal|p1a: Slowbro|91/100
|
|-heal|p2a: Ferrothorn|100/100|[from] item: Leftovers
|-damage|p1a: Slowbro|79/100|[from] Leech Seed|[of] p2a: Ferrothorn
|upkeep
|turn|12
|
|t:|1657951141
|switch|p2a: Arctozolt|Arctozolt|100/100
|move|p1a: Slowbro|Scald|p2a: Arctozolt
|-damage|p2a: Arctozolt|61/100
|-status|p2a: Arctozolt|brn
|
|-damage|p1a: Slowbro|66/100|[from] Leech Seed|[of] p2a: Arctozolt
|-heal|p2a: Arctozolt|76/100 brn|[silent]
|-damage|p2a: Arctozolt|70/100 brn|[from] brn
|upkeep
|turn|13
|
|t:|1657951146
|move|p2a: Arctozolt|Bolt Beak|p1a: Slowbro
|-supereffective|p1a: Slowbro
|-damage|p1a: Slowbro|3/100
|move|p1a: Slowbro|Teleport|p1a: Slowbro
|
|t:|1657951158
|switch|p1a: Tapu Koko|Tapu Koko|100/100|[from]move: Teleport
|-fieldstart|move: Electric Terrain|[from] ability: Electric Surge|[of] p1a: Tapu Koko
|
|-damage|p2a: Arctozolt|64/100 brn|[from] brn
|upkeep
|turn|14
|
|t:|1657951165
|switch|p2a: Ferrothorn|Ferrothorn, F|100/100
|-damage|p2a: Ferrothorn|88/100|[from] Spikes
|move|p1a: Tapu Koko|Dazzling Gleam|p2a: Ferrothorn
|-resisted|p2a: Ferrothorn
|-damage|p2a: Ferrothorn|75/100
|
|-heal|p2a: Ferrothorn|81/100|[from] item: Leftovers
|upkeep
|turn|15
|j| pokeaimfan96
|
|t:|1657951169
|switch|p1a: Slowbro|Slowbro, M|37/100
|-damage|p1a: Slowbro|24/100|[from] Stealth Rock
|-damage|p1a: Slowbro|8/100|[from] Spikes
|move|p2a: Ferrothorn|Leech Seed|p1a: Slowbro
|-start|p1a: Slowbro|move: Leech Seed
|
|-heal|p2a: Ferrothorn|87/100|[from] item: Leftovers
|-damage|p1a: Slowbro|0 fnt|[from] Leech Seed|[of] p2a: Ferrothorn
|-heal|p2a: Ferrothorn|95/100|[silent]
|faint|p1a: Slowbro
|upkeep
|
|t:|1657951174
|switch|p1a: Victini|Victini|47/100
|turn|16
|
|t:|1657951184
|switch|p2a: Ninetales|Ninetales-Alola, F|44/100
|-damage|p2a: Ninetales|32/100|[from] Spikes
|-weather|Hail|[from] ability: Snow Warning|[of] p2a: Ninetales
|move|p1a: Victini|V-create|p2a: Ninetales
|-supereffective|p2a: Ninetales
|-damage|p2a: Ninetales|0 fnt
|-unboost|p1a: Victini|spe|1
|-unboost|p1a: Victini|def|1
|-unboost|p1a: Victini|spd|1
|faint|p2a: Ninetales
|
|-weather|Hail|[upkeep]
|-damage|p1a: Victini|41/100|[from] Hail
|upkeep
|
|t:|1657951188
|switch|p2a: Arctozolt|Arctozolt|64/100 brn
|turn|17
|
|t:|1657951193
|switch|p1a: Ferrothorn|Ferrothorn, M|71/100
|-damage|p1a: Ferrothorn|65/100|[from] Stealth Rock
|-damage|p1a: Ferrothorn|48/100|[from] Spikes
|move|p2a: Arctozolt|Blizzard|p1a: Ferrothorn
|-damage|p1a: Ferrothorn|19/100
|
|-weather|Hail|[upkeep]
|-damage|p1a: Ferrothorn|13/100|[from] Hail
|-damage|p2a: Arctozolt|58/100 brn|[from] brn
|-fieldend|move: Electric Terrain
|upkeep
|turn|18
|
|t:|1657951203
|move|p2a: Arctozolt|Blizzard|p1a: Ferrothorn
|-damage|p1a: Ferrothorn|0 fnt
|faint|p1a: Ferrothorn
|
|-weather|Hail|[upkeep]
|-damage|p2a: Arctozolt|51/100 brn|[from] brn
|upkeep
|
|t:|1657951208
|switch|p1a: Bisharp|Bisharp, M|100/100
|-damage|p1a: Bisharp|95/100|[from] Stealth Rock
|-damage|p1a: Bisharp|78/100|[from] Spikes
|turn|19
|
|t:|1657951210
|move|p1a: Bisharp|Sucker Punch||[still]
|-fail|p1a: Bisharp
|move|p2a: Arctozolt|Substitute|p2a: Arctozolt
|-start|p2a: Arctozolt|Substitute
|-damage|p2a: Arctozolt|26/100 brn
|
|-weather|Hail|[upkeep]
|-damage|p1a: Bisharp|72/100|[from] Hail
|-damage|p2a: Arctozolt|20/100 brn|[from] brn
|upkeep
|turn|20
|
|t:|1657951220
|switch|p1a: Victini|Victini|41/100
|move|p2a: Arctozolt|Low Kick|p1a: Victini
|-resisted|p1a: Victini
|-damage|p1a: Victini|40/100
|
|-weather|Hail|[upkeep]
|-damage|p1a: Victini|33/100|[from] Hail
|-damage|p2a: Arctozolt|14/100 brn|[from] brn
|upkeep
|turn|21
|
|t:|1657951225
|move|p2a: Arctozolt|Bolt Beak|p1a: Victini
|-damage|p1a: Victini|0 fnt
|faint|p1a: Victini
|
|-weather|Hail|[upkeep]
|-damage|p2a: Arctozolt|8/100 brn|[from] brn
|upkeep
|
|t:|1657951233
|switch|p1a: Landorus|Landorus-Therian, M|100/100
|-damage|p1a: Landorus|88/100|[from] Stealth Rock
|-ability|p1a: Landorus|Intimidate|boost
|-immune|p2a: Arctozolt
|turn|22
|
|t:|1657951236
|switch|p1a: Bisharp|Bisharp, M|72/100
|-damage|p1a: Bisharp|66/100|[from] Stealth Rock
|-damage|p1a: Bisharp|50/100|[from] Spikes
|move|p2a: Arctozolt|Blizzard|p1a: Bisharp
|-resisted|p1a: Bisharp
|-damage|p1a: Bisharp|18/100
|
|-weather|Hail|[upkeep]
|-damage|p1a: Bisharp|12/100|[from] Hail
|-damage|p2a: Arctozolt|1/100 brn|[from] brn
|upkeep
|turn|23
|
|t:|1657951240
|move|p2a: Arctozolt|Blizzard|p1a: Bisharp
|-resisted|p1a: Bisharp
|-damage|p1a: Bisharp|0 fnt
|faint|p1a: Bisharp
|
|-weather|none
|-damage|p2a: Arctozolt|0 fnt|[from] brn
|faint|p2a: Arctozolt
|upkeep
|
|t:|1657951251
|switch|p1a: Landorus|Landorus-Therian, M|88/100
|switch|p2a: Ferrothorn|Ferrothorn, F|95/100
|-damage|p1a: Landorus|76/100|[from] Stealth Rock
|-ability|p1a: Landorus|Intimidate|boost
|-unboost|p2a: Ferrothorn|atk|1
|-damage|p2a: Ferrothorn|83/100|[from] Spikes
|turn|24
|
|t:|1657951258
|switch|p2a: Tapu Lele|Tapu Lele|100/100
|-damage|p2a: Tapu Lele|88/100|[from] Spikes
|-fieldstart|move: Psychic Terrain|[from] ability: Psychic Surge|[of] p2a: Tapu Lele
|move|p1a: Landorus|Earthquake|p2a: Tapu Lele
|-damage|p2a: Tapu Lele|16/100
|
|-heal|p1a: Landorus|82/100|[from] item: Leftovers
|upkeep
|turn|25
|
|t:|1657951264
|move|p2a: Tapu Lele|Psyshock|p1a: Landorus
|-damage|p1a: Landorus|35/100
|move|p1a: Landorus|Earthquake|p2a: Tapu Lele
|-damage|p2a: Tapu Lele|0 fnt
|faint|p2a: Tapu Lele
|
|-heal|p1a: Landorus|41/100|[from] item: Leftovers
|upkeep
|
|t:|1657951269
|switch|p2a: Urshifu|Urshifu-Rapid-Strike, M|22/100
|-damage|p2a: Urshifu|10/100|[from] Spikes
|turn|26
|
|t:|1657951279
|move|p2a: Urshifu|Aqua Jet|p1a: Landorus
|-hint|Psychic Terrain doesn't affect Pokémon immune to Ground.
|-supereffective|p1a: Landorus
|-damage|p1a: Landorus|0 fnt
|faint|p1a: Landorus
|
|upkeep
|
|t:|1657951281
|switch|p1a: Tapu Koko|Tapu Koko|100/100
|-fieldstart|move: Electric Terrain|[from] ability: Electric Surge|[of] p1a: Tapu Koko
|turn|27
|
|t:|1657951286
|move|p2a: Urshifu|Aqua Jet|p1a: Tapu Koko
|-damage|p1a: Tapu Koko|58/100
|move|p1a: Tapu Koko|Dazzling Gleam|p2a: Urshifu
|-supereffective|p2a: Urshifu
|-damage|p2a: Urshifu|0 fnt
|faint|p2a: Urshifu
|
|upkeep
|
|t:|1657951289
|switch|p2a: Ferrothorn|Ferrothorn, F|83/100
|-damage|p2a: Ferrothorn|70/100|[from] Spikes
|turn|28
|
|t:|1657951293
|move|p1a: Tapu Koko|Thunderbolt|p2a: Ferrothorn
|-resisted|p2a: Ferrothorn
|-damage|p2a: Ferrothorn|49/100
|move|p2a: Ferrothorn|Leech Seed|p1a: Tapu Koko
|-start|p1a: Tapu Koko|move: Leech Seed
|
|-heal|p2a: Ferrothorn|56/100|[from] item: Leftovers
|-damage|p1a: Tapu Koko|45/100|[from] Leech Seed|[of] p2a: Ferrothorn
|-heal|p2a: Ferrothorn|66/100|[silent]
|upkeep
|turn|29
|
|t:|1657951295
|switch|p2a: Landorus|Landorus-Therian, M|59/100
|-ability|p2a: Landorus|Intimidate|boost
|-unboost|p1a: Tapu Koko|atk|1
|move|p1a: Tapu Koko|Thunderbolt|p2a: Landorus
|-immune|p2a: Landorus
|
|-heal|p2a: Landorus|65/100|[from] item: Leftovers
|-damage|p1a: Tapu Koko|33/100|[from] Leech Seed|[of] p2a: Landorus
|-heal|p2a: Landorus|75/100|[silent]
|upkeep
|turn|30
|-message|Deepfriedmagikarp forfeited.
|
|win|Darkortex
|raw|Deepfriedmagikarp's rating: 1821 &rarr; <strong>1797</strong><br />(-24 for losing)
|raw|Darkortex's rating: 1759 &rarr; <strong>1783</strong><br />(+24 for winning)
|l|☆Deepfriedmagikarp
|l|☆Darkortex
