|j|☆toon arctozolt
|j|☆machugen
|t:|1664422770
|gametype|singles
|player|p1|toon arctozolt|harlequin|1702
|player|p2|machugen|elesa|1686
|teamsize|p1|6
|teamsize|p2|6
|gen|8
|tier|[Gen 8] OU
|rated|
|rule|Sleep Clause Mod: Limit one foe put to sleep
|rule|Species Clause: Limit one of each Pokémon
|rule|OHKO Clause: OHKO moves are banned
|rule|Evasion Items Clause: Evasion items are banned
|rule|Evasion Moves Clause: Evasion moves are banned
|rule|Endless Battle Clause: Forcing endless battles is banned
|rule|HP Percentage Mod: HP is shown in percentages
|rule|Dynamax Clause: You cannot dynamax
|clearpoke
|poke|p1|Garchomp, M|
|poke|p1|Dragapult, M|
|poke|p1|Moltres-Galar|
|poke|p1|Pelipper, F|
|poke|p1|Melmetal|
|poke|p1|Urshifu-*, F|
|poke|p2|Nihilego|
|poke|p2|Kartana|
|poke|p2|Slowbro, M|
|poke|p2|Tornadus-Therian, M|
|poke|p2|Landorus-Therian, M|
|poke|p2|Magnezone|
|teampreview
|inactive|Battle timer is ON: inactive players will automatically lose when time's up. (requested by toon arctozolt)
|
|t:|1664422779
|start
|switch|p1a: Garchomp|Garchomp, M|100/100
|switch|p2a: Tornadus|Tornadus-Therian, M|100/100
|turn|1
|
|t:|1664422782
|move|p2a: Tornadus|Knock Off|p1a: Garchomp
|-damage|p1a: Garchomp|87/100
|-damage|p2a: Tornadus|88/100|[from] ability: Rough Skin|[of] p1a: Garchomp
|-damage|p2a: Tornadus|71/100|[from] item: Rocky Helmet|[of] p1a: Garchomp
|-enditem|p1a: Garchomp|Rocky Helmet|[from] move: Knock Off|[of] p2a: Tornadus
|move|p1a: Garchomp|Toxic|p2a: Tornadus
|-status|p2a: Tornadus|tox
|
|-damage|p2a: Tornadus|65/100 tox|[from] psn
|upkeep
|turn|2
|j| Kyurem
|
|t:|1664422790
|move|p1a: Garchomp|Protect|p1a: Garchomp
|-singleturn|p1a: Garchomp|Protect
|move|p2a: Tornadus|U-turn|p1a: Garchomp
|-activate|p1a: Garchomp|move: Protect
|
|-damage|p2a: Tornadus|53/100 tox|[from] psn
|upkeep
|turn|3
|
|t:|1664422793
|move|p2a: Tornadus|U-turn|p1a: Garchomp
|-damage|p1a: Garchomp|77/100
|-damage|p2a: Tornadus|41/100 tox|[from] ability: Rough Skin|[of] p1a: Garchomp
|
|t:|1664422794
|switch|p2a: Slowbro|Slowbro, M|100/100|[from]move: U-turn
|move|p1a: Garchomp|Stealth Rock|p2a: Slowbro
|-sidestart|p2: machugen|move: Stealth Rock
|
|upkeep
|turn|4
|
|t:|1664422796
|move|p1a: Garchomp|Toxic|p2a: Slowbro
|-status|p2a: Slowbro|tox
|move|p2a: Slowbro|Ice Beam|p1a: Garchomp
|-supereffective|p1a: Garchomp
|-damage|p1a: Garchomp|0 fnt
|faint|p1a: Garchomp
|
|-damage|p2a: Slowbro|94/100 tox|[from] psn
|upkeep
|
|t:|1664422806
|switch|p1a: Dragapult|Dragapult, M|100/100
|turn|5
|
|t:|1664422809
|move|p1a: Dragapult|Shadow Ball|p2a: Slowbro
|-supereffective|p2a: Slowbro
|-damage|p2a: Slowbro|0 fnt
|faint|p2a: Slowbro
|
|upkeep
|
|t:|1664422813
|switch|p2a: Landorus|Landorus-Therian, M|100/100
|-damage|p2a: Landorus|88/100|[from] Stealth Rock
|-ability|p2a: Landorus|Intimidate|boost
|-unboost|p1a: Dragapult|atk|1
|turn|6
|
|t:|1664422815
|move|p1a: Dragapult|Shadow Ball|p2a: Landorus
|-damage|p2a: Landorus|49/100
|move|p2a: Landorus|Defog|p1a: Dragapult
|-unboost|p1a: Dragapult|evasion|1
|-sideend|p2: machugen|Stealth Rock|[from] move: Defog|[of] p2a: Landorus
|
|-heal|p2a: Landorus|55/100|[from] item: Leftovers
|upkeep
|turn|7
|
|t:|1664422819
|move|p1a: Dragapult|Shadow Ball|p2a: Landorus
|-damage|p2a: Landorus|12/100
|move|p2a: Landorus|Earthquake|p1a: Dragapult
|-damage|p1a: Dragapult|34/100
|
|-heal|p2a: Landorus|18/100|[from] item: Leftovers
|upkeep
|turn|8
|
|t:|1664422823
|switch|p2a: Tornadus|Tornadus-Therian, M|74/100 tox
|move|p1a: Dragapult|Shadow Ball|p2a: Tornadus
|-damage|p2a: Tornadus|36/100 tox
|
|-damage|p2a: Tornadus|30/100 tox|[from] psn
|upkeep
|turn|9
|
|t:|1664422829
|switch|p2a: Landorus|Landorus-Therian, M|18/100
|-ability|p2a: Landorus|Intimidate|boost
|-unboost|p1a: Dragapult|atk|1
|move|p1a: Dragapult|Shadow Ball|p2a: Landorus
|-damage|p2a: Landorus|0 fnt
|faint|p2a: Landorus
|
|upkeep
|
|t:|1664422833
|switch|p2a: Tornadus|Tornadus-Therian, M|63/100 tox
|turn|10
|
|t:|1664422839
|switch|p1a: Moltres|Moltres-Galar|100/100
|move|p2a: Tornadus|Knock Off|p1a: Moltres
|-resisted|p1a: Moltres
|-damage|p1a: Moltres|89/100
|-enditem|p1a: Moltres|Heavy-Duty Boots|[from] move: Knock Off|[of] p2a: Tornadus
|
|-damage|p2a: Tornadus|57/100 tox|[from] psn
|upkeep
|turn|11
|
|t:|1664422845
|move|p2a: Tornadus|U-turn|p1a: Moltres
|-damage|p1a: Moltres|72/100
|
|t:|1664422846
|switch|p2a: Nihilego|Nihilego|100/100|[from]move: U-turn
|move|p1a: Moltres|Fiery Wrath|p2a: Nihilego
|-damage|p2a: Nihilego|71/100
|
|upkeep
|turn|12
|
|t:|1664422861
|switch|p1a: Melmetal|Melmetal|100/100
|move|p2a: Nihilego|Stealth Rock|p1a: Melmetal
|-sidestart|p1: toon arctozolt|move: Stealth Rock
|
|upkeep
|turn|13
|
|t:|1664422866
|switch|p2a: Tornadus|Tornadus-Therian, M|90/100 tox
|move|p1a: Melmetal|Earthquake|p2a: Tornadus
|-immune|p2a: Tornadus
|
|-damage|p2a: Tornadus|84/100 tox|[from] psn
|upkeep
|turn|14
|
|t:|1664422890
|move|p2a: Tornadus|Heat Wave|p1a: Melmetal
|-supereffective|p1a: Melmetal
|-damage|p1a: Melmetal|75/100
|move|p1a: Melmetal|Double Iron Bash|p2a: Tornadus
|-damage|p2a: Tornadus|41/100 tox
|-damage|p2a: Tornadus|0 fnt
|faint|p2a: Tornadus
|-hitcount|p2: Tornadus|2
|
|upkeep
|
|t:|1664422892
|switch|p2a: Magnezone|Magnezone|100/100
|turn|15
|
|t:|1664422894
|move|p2a: Magnezone|Magnet Rise|p2a: Magnezone
|-start|p2a: Magnezone|Magnet Rise
|move|p1a: Melmetal|Earthquake|p2a: Magnezone
|-immune|p2a: Magnezone
|
|upkeep
|turn|16
|
|t:|1664422896
|move|p2a: Magnezone|Iron Defense|p2a: Magnezone
|-boost|p2a: Magnezone|def|2
|move|p1a: Melmetal|Ice Punch|p2a: Magnezone
|-resisted|p2a: Magnezone
|-damage|p2a: Magnezone|95/100
|
|-heal|p2a: Magnezone|100/100|[from] item: Leftovers
|upkeep
|turn|17
|
|t:|1664422899
|move|p2a: Magnezone|Iron Defense|p2a: Magnezone
|-boost|p2a: Magnezone|def|2
|move|p1a: Melmetal|Ice Punch|p2a: Magnezone
|-resisted|p2a: Magnezone
|-damage|p2a: Magnezone|97/100
|
|-heal|p2a: Magnezone|100/100|[from] item: Leftovers
|upkeep
|turn|18
|
|t:|1664422901
|move|p2a: Magnezone|Iron Defense|p2a: Magnezone
|-boost|p2a: Magnezone|def|2
|move|p1a: Melmetal|Ice Punch|p2a: Magnezone
|-resisted|p2a: Magnezone
|-damage|p2a: Magnezone|98/100
|-status|p2a: Magnezone|frz
|
|-heal|p2a: Magnezone|100/100 frz|[from] item: Leftovers
|upkeep
|turn|19
|
|t:|1664422903
|cant|p2a: Magnezone|frz
|move|p1a: Melmetal|Earthquake|p2a: Magnezone
|-immune|p2a: Magnezone
|
|-end|p2a: Magnezone|Magnet Rise
|upkeep
|turn|20
|
|t:|1664422905
|-curestatus|p2a: Magnezone|frz|[msg]
|move|p2a: Magnezone|Magnet Rise|p2a: Magnezone
|-start|p2a: Magnezone|Magnet Rise
|move|p1a: Melmetal|Earthquake|p2a: Magnezone
|-immune|p2a: Magnezone
|
|upkeep
|turn|21
|
|t:|1664422906
|move|p2a: Magnezone|Body Press|p1a: Melmetal
|-supereffective|p1a: Melmetal
|-damage|p1a: Melmetal|0 fnt
|faint|p1a: Melmetal
|
|upkeep
|inactive|toon arctozolt has 120 seconds left.
|
|t:|1664422947
|switch|p1a: Pelipper|Pelipper, F|100/100
|-damage|p1a: Pelipper|76/100|[from] Stealth Rock
|-weather|RainDance|[from] ability: Drizzle|[of] p1a: Pelipper
|turn|22
|
|t:|1664422954
|move|p1a: Pelipper|Weather Ball|p2a: Magnezone
|-damage|p2a: Magnezone|0 fnt
|faint|p2a: Magnezone
|
|-weather|RainDance|[upkeep]
|upkeep
|
|t:|1664422974
|switch|p2a: Nihilego|Nihilego|71/100
|turn|23
|
|t:|1664422984
|switch|p1a: Urshifu|Urshifu-Rapid-Strike, F|100/100
|-damage|p1a: Urshifu|94/100|[from] Stealth Rock
|move|p2a: Nihilego|Grass Knot|p1a: Urshifu
|-supereffective|p1a: Urshifu
|-damage|p1a: Urshifu|0 fnt
|faint|p1a: Urshifu
|-ability|p2a: Nihilego|Beast Boost|boost
|-boost|p2a: Nihilego|spa|1
|
|-weather|RainDance|[upkeep]
|upkeep
|inactive|toon arctozolt has 120 seconds left.
|-message|toon arctozolt forfeited.
|
|win|machugen
|raw|toon arctozolt's rating: 1702 &rarr; <strong>1681</strong><br />(-21 for losing)
|raw|machugen's rating: 1686 &rarr; <strong>1707</strong><br />(+21 for winning)
|l| Kyurem
||Ladder isn't responding, score probably updated but might not have (Request timeout).
