|j|☆maxinyuuu
|j|☆ahahab
|t:|1664875692
|gametype|singles
|player|p1|maxinyuuu|lusamine-nihilego|
|player|p2|ahahab|102|
|teamsize|p1|6
|teamsize|p2|6
|gen|8
|tier|[Gen 8] OU
|rule|Sleep Clause Mod: Limit one foe put to sleep
|rule|Species Clause: Limit one of each Pokémon
|rule|OHKO Clause: OHKO moves are banned
|rule|Evasion Items Clause: Evasion items are banned
|rule|Evasion Moves Clause: Evasion moves are banned
|rule|Endless Battle Clause: Forcing endless battles is banned
|rule|HP Percentage Mod: HP is shown in percentages
|rule|Dynamax Clause: You cannot dynamax
|clearpoke
|poke|p1|Clefable, M|
|poke|p1|Cresselia, F|
|poke|p1|Cobalion|
|poke|p1|Mantine, F|
|poke|p1|Garchomp, M|
|poke|p1|Ferrothorn, F|
|poke|p2|Zapdos|
|poke|p2|Landorus-Therian, M|
|poke|p2|Ferrothorn, M|
|poke|p2|Pelipper, F|
|poke|p2|Barraskewda, M|
|poke|p2|Regieleki|
|teampreview
|c|☆ahahab|。。
|inactive|Battle timer is ON: inactive players will automatically lose when time's up. (requested by ahahab)
|
|t:|1664875705
|start
|switch|p1a: Cobalion|Cobalion|100/100
|switch|p2a: Zapdos|Zapdos, shiny|100/100
|turn|1
|
|t:|1664875710
|move|p1a: Cobalion|Stealth Rock|p2a: Zapdos
|-sidestart|p2: ahahab|move: Stealth Rock
|move|p2a: Zapdos|Heat Wave|p1a: Cobalion
|-supereffective|p1a: Cobalion
|-damage|p1a: Cobalion|28/100
|
|-heal|p1a: Cobalion|34/100|[from] item: Leftovers
|upkeep
|turn|2
|
|t:|1664875717
|switch|p1a: Garchomp|Garchomp, M|100/100
|move|p2a: Zapdos|Defog|p1a: Garchomp
|-unboost|p1a: Garchomp|evasion|1
|-sideend|p2: ahahab|Stealth Rock|[from] move: Defog|[of] p2a: Zapdos
|
|upkeep
|turn|3
|
|t:|1664875726
|switch|p2a: Pelipper|Pelipper, F, shiny|100/100
|-weather|RainDance|[from] ability: Drizzle|[of] p2a: Pelipper
|move|p1a: Garchomp|Toxic|p2a: Pelipper
|-status|p2a: Pelipper|tox
|
|-weather|RainDance|[upkeep]
|-damage|p2a: Pelipper|94/100 tox|[from] psn
|upkeep
|turn|4
|
|t:|1664875730
|move|p1a: Garchomp|Stealth Rock|p2a: Pelipper
|-sidestart|p2: ahahab|move: Stealth Rock
|move|p2a: Pelipper|Tailwind|p2a: Pelipper
|-sidestart|p2: ahahab|move: Tailwind
|
|-weather|RainDance|[upkeep]
|-damage|p2a: Pelipper|82/100 tox|[from] psn
|upkeep
|turn|5
|
|t:|1664875738
|move|p2a: Pelipper|Weather Ball|p1a: Garchomp
|-damage|p1a: Garchomp|38/100
|move|p1a: Garchomp|Earthquake|p2a: Pelipper
|-immune|p2a: Pelipper
|
|-weather|RainDance|[upkeep]
|-damage|p2a: Pelipper|64/100 tox|[from] psn
|upkeep
|turn|6
|c|☆ahahab|这个读的
|
|t:|1664875754
|switch|p2a: Barraskewda|Barraskewda, M, shiny|100/100
|-damage|p2a: Barraskewda|88/100|[from] Stealth Rock
|move|p1a: Garchomp|Protect||[still]
|-fail|p1a: Garchomp
|
|-weather|RainDance|[upkeep]
|upkeep
|turn|7
|
|t:|1664875761
|switch|p1a: Mantine|Mantine, F|100/100
|move|p2a: Barraskewda|Flip Turn|p1a: Mantine
|-immune|p1a: Mantine|[from] ability: Water Absorb
|
|-weather|RainDance|[upkeep]
|-sideend|p2: ahahab|move: Tailwind
|upkeep
|turn|8
|c|☆ahahab|哈哈哈
|
|t:|1664875769
|switch|p2a: Zapdos|Zapdos, shiny|100/100
|-damage|p2a: Zapdos|76/100|[from] Stealth Rock
|move|p1a: Mantine|Scald|p2a: Zapdos
|-damage|p2a: Zapdos|43/100
|
|-weather|RainDance|[upkeep]
|upkeep
|turn|9
|
|t:|1664875784
|switch|p1a: Garchomp|Garchomp, M|38/100
|move|p2a: Zapdos|Roost|p2a: Zapdos
|-heal|p2a: Zapdos|93/100
|-singleturn|p2a: Zapdos|move: Roost
|
|-weather|RainDance|[upkeep]
|upkeep
|turn|10
|
|t:|1664875787
|move|p1a: Garchomp|Toxic|p2a: Zapdos
|-status|p2a: Zapdos|tox
|move|p2a: Zapdos|Defog|p1a: Garchomp
|-unboost|p1a: Garchomp|evasion|1
|-sideend|p2: ahahab|Stealth Rock|[from] move: Defog|[of] p2a: Zapdos
|
|-weather|none
|-damage|p2a: Zapdos|87/100 tox|[from] psn
|upkeep
|turn|11
|
|t:|1664875793
|move|p1a: Garchomp|Protect|p1a: Garchomp
|-singleturn|p1a: Garchomp|Protect
|move|p2a: Zapdos|Heat Wave|p1a: Garchomp
|-activate|p1a: Garchomp|move: Protect
|
|-damage|p2a: Zapdos|75/100 tox|[from] psn
|upkeep
|turn|12
|
|t:|1664875798
|switch|p1a: Mantine|Mantine, F|100/100
|switch|p2a: Pelipper|Pelipper, F, shiny|64/100 tox
|-weather|RainDance|[from] ability: Drizzle|[of] p2a: Pelipper
|
|-weather|RainDance|[upkeep]
|-damage|p2a: Pelipper|58/100 tox|[from] psn
|upkeep
|turn|13
|
|t:|1664875803
|move|p2a: Pelipper|Roost|p2a: Pelipper
|-heal|p2a: Pelipper|100/100 tox
|-singleturn|p2a: Pelipper|move: Roost
|move|p1a: Mantine|Scald|p2a: Pelipper
|-resisted|p2a: Pelipper
|-damage|p2a: Pelipper|70/100 tox
|
|-weather|RainDance|[upkeep]
|-damage|p2a: Pelipper|58/100 tox|[from] psn
|upkeep
|turn|14
|
|t:|1664875807
|move|p2a: Pelipper|U-turn|p1a: Mantine
|-resisted|p1a: Mantine
|-damage|p1a: Mantine|96/100
|
|t:|1664875811
|switch|p2a: Ferrothorn|Ferrothorn, M, shiny|100/100|[from]move: U-turn
|move|p1a: Mantine|Roost|p1a: Mantine
|-heal|p1a: Mantine|100/100
|-singleturn|p1a: Mantine|move: Roost
|
|-weather|RainDance|[upkeep]
|upkeep
|turn|15
|
|t:|1664875821
|switch|p1a: Ferrothorn|Ferrothorn, F|100/100
|move|p2a: Ferrothorn|Leech Seed|p1a: Ferrothorn
|-immune|p1a: Ferrothorn
|
|-weather|RainDance|[upkeep]
|upkeep
|turn|16
|
|t:|1664875829
|move|p2a: Ferrothorn|Knock Off|p1a: Ferrothorn
|-damage|p1a: Ferrothorn|84/100
|-damage|p2a: Ferrothorn|88/100|[from] ability: Iron Barbs|[of] p1a: Ferrothorn
|-enditem|p1a: Ferrothorn|Leftovers|[from] move: Knock Off|[of] p2a: Ferrothorn
|move|p1a: Ferrothorn|Spikes|p2a: Ferrothorn
|-sidestart|p2: ahahab|Spikes
|
|-weather|RainDance|[upkeep]
|-heal|p2a: Ferrothorn|94/100|[from] item: Leftovers
|upkeep
|turn|17
|
|t:|1664875836
|switch|p2a: Barraskewda|Barraskewda, M, shiny|88/100
|-damage|p2a: Barraskewda|75/100|[from] Spikes
|move|p1a: Ferrothorn|Spikes|p2a: Barraskewda
|-sidestart|p2: ahahab|Spikes
|
|-weather|RainDance|[upkeep]
|upkeep
|turn|18
|
|t:|1664875840
|switch|p1a: Mantine|Mantine, F|100/100
|move|p2a: Barraskewda|Close Combat|p1a: Mantine
|-resisted|p1a: Mantine
|-damage|p1a: Mantine|64/100
|-unboost|p2a: Barraskewda|def|1
|-unboost|p2a: Barraskewda|spd|1
|
|-weather|RainDance|[upkeep]
|upkeep
|turn|19
|
|t:|1664875846
|switch|p2a: Regieleki|Regieleki, shiny|100/100
|move|p1a: Mantine|Roost|p1a: Mantine
|-heal|p1a: Mantine|100/100
|-singleturn|p1a: Mantine|move: Roost
|
|-weather|none
|upkeep
|turn|20
|
|t:|1664875850
|switch|p1a: Garchomp|Garchomp, M|38/100
|move|p2a: Regieleki|Rapid Spin|p1a: Garchomp
|-damage|p1a: Garchomp|30/100
|-boost|p2a: Regieleki|spe|1
|-damage|p2a: Regieleki|88/100|[from] ability: Rough Skin|[of] p1a: Garchomp
|-damage|p2a: Regieleki|72/100|[from] item: Rocky Helmet|[of] p1a: Garchomp
|-sideend|p2: ahahab|Spikes|[from] move: Rapid Spin|[of] p2a: Regieleki
|
|upkeep
|turn|21
|
|t:|1664875857
|switch|p2a: Ferrothorn|Ferrothorn, M, shiny|94/100
|move|p1a: Garchomp|Stealth Rock|p2a: Ferrothorn
|-sidestart|p2: ahahab|move: Stealth Rock
|
|-heal|p2a: Ferrothorn|100/100|[from] item: Leftovers
|upkeep
|turn|22
|
|t:|1664875867
|switch|p1a: Ferrothorn|Ferrothorn, F|84/100
|move|p2a: Ferrothorn|Leech Seed|p1a: Ferrothorn
|-immune|p1a: Ferrothorn
|
|upkeep
|turn|23
|
|t:|1664875871
|move|p2a: Ferrothorn|Spikes|p1a: Ferrothorn
|-sidestart|p1: maxinyuuu|Spikes
|move|p1a: Ferrothorn|Gyro Ball|p2a: Ferrothorn
|-resisted|p2a: Ferrothorn
|-damage|p2a: Ferrothorn|94/100
|-damage|p1a: Ferrothorn|72/100|[from] ability: Iron Barbs|[of] p2a: Ferrothorn
|
|-heal|p2a: Ferrothorn|100/100|[from] item: Leftovers
|upkeep
|turn|24
|
|t:|1664875873
|move|p2a: Ferrothorn|Spikes|p1a: Ferrothorn
|-sidestart|p1: maxinyuuu|Spikes
|move|p1a: Ferrothorn|Spikes|p2a: Ferrothorn
|-sidestart|p2: ahahab|Spikes
|
|upkeep
|turn|25
|
|t:|1664875877
|move|p2a: Ferrothorn|Spikes|p1a: Ferrothorn
|-sidestart|p1: maxinyuuu|Spikes
|move|p1a: Ferrothorn|Spikes|p2a: Ferrothorn
|-sidestart|p2: ahahab|Spikes
|
|upkeep
|turn|26
|
|t:|1664875881
|switch|p2a: Regieleki|Regieleki, shiny|72/100
|move|p1a: Ferrothorn|Gyro Ball|p2a: Regieleki
|-resisted|p2a: Regieleki
|-damage|p2a: Regieleki|27/100
|
|upkeep
|turn|27
|
|t:|1664875889
|move|p2a: Regieleki|Rapid Spin|p1a: Ferrothorn
|-resisted|p1a: Ferrothorn
|-damage|p1a: Ferrothorn|67/100
|-boost|p2a: Regieleki|spe|1
|-damage|p2a: Regieleki|15/100|[from] ability: Iron Barbs|[of] p1a: Ferrothorn
|-sideend|p2: ahahab|Spikes|[from] move: Rapid Spin|[of] p2a: Regieleki
|-sideend|p2: ahahab|Stealth Rock|[from] move: Rapid Spin|[of] p2a: Regieleki
|move|p1a: Ferrothorn|Knock Off|p2a: Regieleki
|-damage|p2a: Regieleki|0 fnt
|-enditem|p2a: Regieleki|Heavy-Duty Boots|[from] move: Knock Off|[of] p1a: Ferrothorn
|faint|p2a: Regieleki
|
|upkeep
|
|t:|1664875902
|switch|p2a: Barraskewda|Barraskewda, M, shiny|75/100
|turn|28
|
|t:|1664875906
|switch|p2a: Zapdos|Zapdos, shiny|75/100 tox
|switch|p1a: Cresselia|Cresselia, F|100/100
|
|-damage|p2a: Zapdos|69/100 tox|[from] psn
|upkeep
|turn|29
|
|t:|1664875911
|move|p2a: Zapdos|Volt Switch|p1a: Cresselia
|-damage|p1a: Cresselia|82/100
|
|t:|1664875914
|switch|p2a: Pelipper|Pelipper, F, shiny|58/100 tox|[from]move: Volt Switch
|-weather|RainDance|[from] ability: Drizzle|[of] p2a: Pelipper
|move|p1a: Cresselia|Moonblast|p2a: Pelipper
|-damage|p2a: Pelipper|30/100 tox
|-unboost|p2a: Pelipper|spa|1
|
|-weather|RainDance|[upkeep]
|-damage|p2a: Pelipper|24/100 tox|[from] psn
|upkeep
|turn|30
|
|t:|1664875923
|switch|p1a: Mantine|Mantine, F|100/100
|move|p2a: Pelipper|Roost|p2a: Pelipper
|-heal|p2a: Pelipper|74/100 tox
|-singleturn|p2a: Pelipper|move: Roost
|
|-weather|RainDance|[upkeep]
|-damage|p2a: Pelipper|62/100 tox|[from] psn
|upkeep
|turn|31
|
|t:|1664875928
|switch|p2a: Zapdos|Zapdos, shiny|69/100 tox
|move|p1a: Mantine|Defog|p2a: Zapdos
|-unboost|p2a: Zapdos|evasion|1
|-sideend|p1: maxinyuuu|Spikes|[from] move: Defog|[of] p1a: Mantine
|
|-weather|RainDance|[upkeep]
|-damage|p2a: Zapdos|63/100 tox|[from] psn
|upkeep
|turn|32
|
|t:|1664875937
|switch|p1a: Ferrothorn|Ferrothorn, F|67/100
|move|p2a: Zapdos|Roost|p2a: Zapdos
|-heal|p2a: Zapdos|100/100 tox
|-singleturn|p2a: Zapdos|move: Roost
|
|-weather|RainDance|[upkeep]
|-damage|p2a: Zapdos|88/100 tox|[from] psn
|upkeep
|turn|33
|
|t:|1664875941
|move|p2a: Zapdos|Heat Wave|p1a: Ferrothorn
|-supereffective|p1a: Ferrothorn
|-damage|p1a: Ferrothorn|33/100
|move|p1a: Ferrothorn|Leech Seed|p2a: Zapdos
|-start|p2a: Zapdos|move: Leech Seed
|
|-weather|RainDance|[upkeep]
|-damage|p2a: Zapdos|76/100 tox|[from] Leech Seed|[of] p1a: Ferrothorn
|-heal|p1a: Ferrothorn|47/100|[silent]
|-damage|p2a: Zapdos|58/100 tox|[from] psn
|upkeep
|turn|34
|
|t:|1664875962
|move|p2a: Zapdos|Volt Switch|p1a: Ferrothorn
|-resisted|p1a: Ferrothorn
|-damage|p1a: Ferrothorn|37/100
|
|t:|1664875965
|switch|p2a: Ferrothorn|Ferrothorn, M, shiny|100/100|[from]move: Volt Switch
|move|p1a: Ferrothorn|Knock Off|p2a: Ferrothorn
|-damage|p2a: Ferrothorn|85/100
|-damage|p1a: Ferrothorn|25/100|[from] ability: Iron Barbs|[of] p2a: Ferrothorn
|-enditem|p2a: Ferrothorn|Leftovers|[from] move: Knock Off|[of] p1a: Ferrothorn
|
|-weather|RainDance|[upkeep]
|upkeep
|turn|35
|
|t:|1664875970
|switch|p1a: Cobalion|Cobalion|34/100
|move|p2a: Ferrothorn|Spikes|p1a: Cobalion
|-sidestart|p1: maxinyuuu|Spikes
|
|-weather|RainDance|[upkeep]
|-heal|p1a: Cobalion|41/100|[from] item: Leftovers
|upkeep
|turn|36
|
|t:|1664875975
|move|p1a: Cobalion|Taunt|p2a: Ferrothorn
|-start|p2a: Ferrothorn|move: Taunt
|cant|p2a: Ferrothorn|move: Taunt|Leech Seed
|
|-weather|none
|-heal|p1a: Cobalion|47/100|[from] item: Leftovers
|upkeep
|turn|37
|
|t:|1664875979
|move|p1a: Cobalion|Stealth Rock|p2a: Ferrothorn
|-sidestart|p2: ahahab|move: Stealth Rock
|move|p2a: Ferrothorn|Knock Off|p1a: Cobalion
|-resisted|p1a: Cobalion
|-damage|p1a: Cobalion|40/100
|-ability|p1a: Cobalion|Justified|boost
|-boost|p1a: Cobalion|atk|1
|-enditem|p1a: Cobalion|Leftovers|[from] move: Knock Off|[of] p2a: Ferrothorn
|
|upkeep
|turn|38
|
|t:|1664875987
|switch|p2a: Zapdos|Zapdos, shiny|58/100 tox
|-damage|p2a: Zapdos|33/100 tox|[from] Stealth Rock
|move|p1a: Cobalion|Thunder Wave||[still]
|-fail|p1a: Cobalion
|
|-damage|p2a: Zapdos|27/100 tox|[from] psn
|upkeep
|turn|39
|
|t:|1664875991
|move|p1a: Cobalion|Close Combat|p2a: Zapdos
|-resisted|p2a: Zapdos
|-damage|p2a: Zapdos|9/100 tox
|-unboost|p1a: Cobalion|def|1
|-unboost|p1a: Cobalion|spd|1
|-damage|p1a: Cobalion|23/100|[from] item: Rocky Helmet|[of] p2a: Zapdos
|move|p2a: Zapdos|Roost|p2a: Zapdos
|-heal|p2a: Zapdos|59/100 tox
|-singleturn|p2a: Zapdos|move: Roost
|
|-damage|p2a: Zapdos|47/100 tox|[from] psn
|upkeep
|turn|40
|
|t:|1664876004
|move|p1a: Cobalion|Taunt|p2a: Zapdos
|-start|p2a: Zapdos|move: Taunt
|cant|p2a: Zapdos|move: Taunt|Roost
|
|-damage|p2a: Zapdos|29/100 tox|[from] psn
|upkeep
|turn|41
|
|t:|1664876021
|switch|p1a: Garchomp|Garchomp, M|30/100
|-damage|p1a: Garchomp|18/100|[from] Spikes
|move|p2a: Zapdos|Heat Wave|p1a: Garchomp
|-resisted|p1a: Garchomp
|-damage|p1a: Garchomp|5/100
|
|-damage|p2a: Zapdos|5/100 tox|[from] psn
|upkeep
|turn|42
|
|t:|1664876028
|switch|p1a: Clefable|Clefable, M|100/100
|move|p2a: Zapdos|Heat Wave|p1a: Clefable
|-damage|p1a: Clefable|77/100
|
|-damage|p2a: Zapdos|0 fnt|[from] psn
|faint|p2a: Zapdos
|upkeep
|
|t:|1664876032
|switch|p2a: Landorus|Landorus-Therian, M, shiny|100/100
|-damage|p2a: Landorus|88/100|[from] Stealth Rock
|-ability|p2a: Landorus|Intimidate|boost
|-unboost|p1a: Clefable|atk|1
|turn|43
|
|t:|1664876035
|move|p2a: Landorus|Stealth Rock|p1a: Clefable
|-sidestart|p1: maxinyuuu|move: Stealth Rock
|move|p1a: Clefable|Wish|p1a: Clefable
|
|-heal|p2a: Landorus|94/100|[from] item: Leftovers
|upkeep
|turn|44
|
|t:|1664876041
|switch|p1a: Ferrothorn|Ferrothorn, F|25/100
|-damage|p1a: Ferrothorn|13/100|[from] Spikes
|-damage|p1a: Ferrothorn|7/100|[from] Stealth Rock
|move|p2a: Landorus|Substitute|p2a: Landorus
|-start|p2a: Landorus|Substitute
|-damage|p2a: Landorus|69/100
|
|-heal|p1a: Ferrothorn|63/100|[from] move: Wish|[wisher] Clefable
|-heal|p2a: Landorus|75/100|[from] item: Leftovers
|upkeep
|turn|45
|
|t:|1664876049
|move|p2a: Landorus|Earthquake|p1a: Ferrothorn
|-damage|p1a: Ferrothorn|23/100
|move|p1a: Ferrothorn|Knock Off|p2a: Landorus
|-activate|p2a: Landorus|move: Substitute|[damage]
|
|-heal|p2a: Landorus|81/100|[from] item: Leftovers
|upkeep
|turn|46
|
|t:|1664876057
|switch|p1a: Cresselia|Cresselia, F|82/100
|-damage|p1a: Cresselia|69/100|[from] Stealth Rock
|move|p2a: Landorus|Smack Down|p1a: Cresselia
|-damage|p1a: Cresselia|61/100
|-start|p1a: Cresselia|Smack Down
|
|-heal|p2a: Landorus|87/100|[from] item: Leftovers
|upkeep
|turn|47
|
|t:|1664876069
|move|p2a: Landorus|Smack Down|p1a: Cresselia
|-damage|p1a: Cresselia|53/100
|move|p1a: Cresselia|Moonblast|p2a: Landorus
|-end|p2a: Landorus|Substitute
|
|-heal|p2a: Landorus|93/100|[from] item: Leftovers
|upkeep
|turn|48
|
|t:|1664876074
|move|p2a: Landorus|Substitute|p2a: Landorus
|-start|p2a: Landorus|Substitute
|-damage|p2a: Landorus|68/100
|move|p1a: Cresselia|Moonblast|p2a: Landorus
|-activate|p2a: Landorus|move: Substitute|[damage]
|
|-heal|p2a: Landorus|74/100|[from] item: Leftovers
|upkeep
|turn|49
|
|t:|1664876081
|move|p2a: Landorus|Earthquake|p1a: Cresselia
|-damage|p1a: Cresselia|27/100
|move|p1a: Cresselia|Moonblast|p2a: Landorus
|-crit|p2a: Landorus
|-end|p2a: Landorus|Substitute
|
|-heal|p2a: Landorus|80/100|[from] item: Leftovers
|upkeep
|turn|50
|
|t:|1664876086
|move|p2a: Landorus|Substitute|p2a: Landorus
|-start|p2a: Landorus|Substitute
|-damage|p2a: Landorus|56/100
|move|p1a: Cresselia|Moonlight|p1a: Cresselia
|-heal|p1a: Cresselia|77/100
|
|-heal|p2a: Landorus|62/100|[from] item: Leftovers
|upkeep
|turn|51
|c|☆ahahab|又ct
|
|t:|1664876098
|move|p2a: Landorus|Earthquake|p1a: Cresselia
|-damage|p1a: Cresselia|53/100
|move|p1a: Cresselia|Moonblast|p2a: Landorus
|-activate|p2a: Landorus|move: Substitute|[damage]
|
|-heal|p2a: Landorus|68/100|[from] item: Leftovers
|upkeep
|turn|52
|
|t:|1664876118
|move|p2a: Landorus|Earthquake|p1a: Cresselia
|-damage|p1a: Cresselia|27/100
|move|p1a: Cresselia|Moonblast|p2a: Landorus
|-crit|p2a: Landorus
|-end|p2a: Landorus|Substitute
|
|-heal|p2a: Landorus|74/100|[from] item: Leftovers
|upkeep
|turn|53
|
|t:|1664876123
|move|p2a: Landorus|Earthquake|p1a: Cresselia
|-damage|p1a: Cresselia|2/100
|move|p1a: Cresselia|Moonlight|p1a: Cresselia
|-heal|p1a: Cresselia|52/100
|
|-heal|p2a: Landorus|80/100|[from] item: Leftovers
|upkeep
|turn|54
|
|t:|1664876126
|move|p2a: Landorus|Substitute|p2a: Landorus
|-start|p2a: Landorus|Substitute
|-damage|p2a: Landorus|55/100
|move|p1a: Cresselia|Moonblast|p2a: Landorus
|-activate|p2a: Landorus|move: Substitute|[damage]
|
|-heal|p2a: Landorus|61/100|[from] item: Leftovers
|upkeep
|turn|55
|
|t:|1664876132
|move|p2a: Landorus|Earthquake|p1a: Cresselia
|-damage|p1a: Cresselia|27/100
|move|p1a: Cresselia|Moonblast|p2a: Landorus
|-end|p2a: Landorus|Substitute
|
|-heal|p2a: Landorus|67/100|[from] item: Leftovers
|upkeep
|turn|56
|
|t:|1664876135
|move|p2a: Landorus|Earthquake|p1a: Cresselia
|-damage|p1a: Cresselia|3/100
|move|p1a: Cresselia|Toxic|p2a: Landorus
|-status|p2a: Landorus|tox
|
|-heal|p2a: Landorus|73/100 tox|[from] item: Leftovers
|-damage|p2a: Landorus|67/100 tox|[from] psn
|upkeep
|turn|57
|
|t:|1664876140
|switch|p1a: Mantine|Mantine, F|100/100
|move|p2a: Landorus|Smack Down|p1a: Mantine
|-supereffective|p1a: Mantine
|-damage|p1a: Mantine|58/100
|-start|p1a: Mantine|Smack Down
|
|-heal|p2a: Landorus|73/100 tox|[from] item: Leftovers
|-damage|p2a: Landorus|61/100 tox|[from] psn
|upkeep
|turn|58
|
|t:|1664876154
|switch|p2a: Ferrothorn|Ferrothorn, M, shiny|85/100
|-damage|p2a: Ferrothorn|79/100|[from] Stealth Rock
|switch|p1a: Garchomp|Garchomp, M|5/100
|-damage|p1a: Garchomp|0 fnt|[from] Spikes
|faint|p1a: Garchomp
|
|upkeep
|
|t:|1664876160
|switch|p1a: Clefable|Clefable, M|77/100
|turn|59
|
|t:|1664876166
|move|p1a: Clefable|Wish|p1a: Clefable
|move|p2a: Ferrothorn|Iron Head|p1a: Clefable
|-supereffective|p1a: Clefable
|-crit|p1a: Clefable
|-damage|p1a: Clefable|20/100
|
|upkeep
|turn|60
|c|☆maxinyuuu|你
|
|t:|1664876176
|move|p2a: Ferrothorn|Knock Off|p1a: Clefable
|-resisted|p1a: Clefable
|-damage|p1a: Clefable|12/100
|-enditem|p1a: Clefable|Heavy-Duty Boots|[from] move: Knock Off|[of] p2a: Ferrothorn
|move|p1a: Clefable|Teleport|p1a: Clefable
|
|t:|1664876179
|switch|p1a: Cobalion|Cobalion|23/100|[from]move: Teleport
|-damage|p1a: Cobalion|11/100|[from] Spikes
|-damage|p1a: Cobalion|8/100|[from] Stealth Rock
|
|-heal|p1a: Cobalion|66/100|[from] move: Wish|[wisher] Clefable
|upkeep
|turn|61
|c|☆ahahab|咋了
|
|t:|1664876198
|move|p1a: Cobalion|Taunt|p2a: Ferrothorn
|-start|p2a: Ferrothorn|move: Taunt
|cant|p2a: Ferrothorn|move: Taunt|Leech Seed
|
|upkeep
|turn|62
|
|t:|1664876207
|switch|p1a: Mantine|Mantine, F|58/100
|switch|p2a: Pelipper|Pelipper, F, shiny|62/100 tox
|-damage|p2a: Pelipper|37/100 tox|[from] Stealth Rock
|-weather|RainDance|[from] ability: Drizzle|[of] p2a: Pelipper
|
|-weather|RainDance|[upkeep]
|-damage|p2a: Pelipper|31/100 tox|[from] psn
|upkeep
|turn|63
|
|t:|1664876213
|move|p2a: Pelipper|Roost|p2a: Pelipper
|-heal|p2a: Pelipper|81/100 tox
|-singleturn|p2a: Pelipper|move: Roost
|move|p1a: Mantine|Defog|p2a: Pelipper
|-unboost|p2a: Pelipper|evasion|1
|-sideend|p2: ahahab|Stealth Rock|[from] move: Defog|[of] p1a: Mantine
|-sideend|p1: maxinyuuu|Spikes|[from] move: Defog|[of] p1a: Mantine
|-sideend|p1: maxinyuuu|Stealth Rock|[from] move: Defog|[of] p1a: Mantine
|
|-weather|RainDance|[upkeep]
|-damage|p2a: Pelipper|68/100 tox|[from] psn
|upkeep
|turn|64
|
|t:|1664876222
|switch|p2a: Ferrothorn|Ferrothorn, M, shiny|79/100
|move|p1a: Mantine|Roost|p1a: Mantine
|-heal|p1a: Mantine|100/100
|-singleturn|p1a: Mantine|move: Roost
|
|-weather|RainDance|[upkeep]
|upkeep
|turn|65
|
|t:|1664876227
|switch|p1a: Cobalion|Cobalion|66/100
|move|p2a: Ferrothorn|Iron Head|p1a: Cobalion
|-resisted|p1a: Cobalion
|-damage|p1a: Cobalion|58/100
|
|-weather|RainDance|[upkeep]
|upkeep
|turn|66
|
|t:|1664876230
|switch|p2a: Barraskewda|Barraskewda, M, shiny|75/100
|move|p1a: Cobalion|Thunder Wave|p2a: Barraskewda
|-status|p2a: Barraskewda|par
|
|-weather|RainDance|[upkeep]
|upkeep
|turn|67
|
|t:|1664876234
|switch|p1a: Mantine|Mantine, F|100/100
|cant|p2a: Barraskewda|par
|
|-weather|RainDance|[upkeep]
|upkeep
|turn|68
|c|☆ahahab|哎呀真ex
|
|t:|1664876245
|move|p2a: Barraskewda|Crunch|p1a: Mantine
|-damage|p1a: Mantine|49/100
|move|p1a: Mantine|Scald|p2a: Barraskewda
|-resisted|p2a: Barraskewda
|-damage|p2a: Barraskewda|40/100 par
|
|-weather|RainDance|[upkeep]
|upkeep
|turn|69
|
|t:|1664876251
|switch|p1a: Cobalion|Cobalion|58/100
|cant|p2a: Barraskewda|par
|
|-weather|none
|upkeep
|turn|70
|c|☆maxinyuuu|啊这
|
|t:|1664876269
|switch|p2a: Landorus|Landorus-Therian, M, shiny|61/100 tox
|-ability|p2a: Landorus|Intimidate|boost
|-unboost|p1a: Cobalion|atk|1
|move|p1a: Cobalion|Stealth Rock|p2a: Landorus
|-sidestart|p2: ahahab|move: Stealth Rock
|
|-heal|p2a: Landorus|67/100 tox|[from] item: Leftovers
|-damage|p2a: Landorus|61/100 tox|[from] psn
|upkeep
|turn|71
|c|☆ahahab|谢谢你的麻痹
|
|t:|1664876275
|move|p1a: Cobalion|Taunt|p2a: Landorus
|-start|p2a: Landorus|move: Taunt
|cant|p2a: Landorus|move: Taunt|Stealth Rock
|
|-heal|p2a: Landorus|67/100 tox|[from] item: Leftovers
|-damage|p2a: Landorus|55/100 tox|[from] psn
|upkeep
|turn|72
|
|t:|1664876288
|switch|p1a: Ferrothorn|Ferrothorn, F|23/100
|move|p2a: Landorus|Earthquake|p1a: Ferrothorn
|-damage|p1a: Ferrothorn|0 fnt
|faint|p1a: Ferrothorn
|
|-heal|p2a: Landorus|61/100 tox|[from] item: Leftovers
|-damage|p2a: Landorus|43/100 tox|[from] psn
|upkeep
|
|t:|1664876292
|switch|p1a: Mantine|Mantine, F|49/100
|turn|73
|
|t:|1664876306
|move|p2a: Landorus|Smack Down|p1a: Mantine
|-supereffective|p1a: Mantine
|-damage|p1a: Mantine|8/100
|-start|p1a: Mantine|Smack Down
|move|p1a: Mantine|Roost|p1a: Mantine
|-heal|p1a: Mantine|58/100
|-singleturn|p1a: Mantine|move: Roost
|
|-heal|p2a: Landorus|49/100 tox|[from] item: Leftovers
|-damage|p2a: Landorus|25/100 tox|[from] psn
|-end|p2a: Landorus|move: Taunt
|upkeep
|turn|74
|
|t:|1664876320
|switch|p1a: Cresselia|Cresselia, F|3/100
|move|p2a: Landorus|Smack Down|p1a: Cresselia
|-damage|p1a: Cresselia|0 fnt
|faint|p1a: Cresselia
|
|-heal|p2a: Landorus|31/100 tox|[from] item: Leftovers
|-damage|p2a: Landorus|1/100 tox|[from] psn
|upkeep
|
|t:|1664876324
|switch|p1a: Cobalion|Cobalion|58/100
|turn|75
|c|☆ahahab|哈哈
|c|☆ahahab|这个丝血
|
|t:|1664876332
|move|p1a: Cobalion|Close Combat|p2a: Landorus
|-resisted|p2a: Landorus
|-damage|p2a: Landorus|0 fnt
|-unboost|p1a: Cobalion|def|1
|-unboost|p1a: Cobalion|spd|1
|faint|p2a: Landorus
|
|upkeep
|
|t:|1664876335
|switch|p2a: Pelipper|Pelipper, F, shiny|68/100 tox
|-damage|p2a: Pelipper|44/100 tox|[from] Stealth Rock
|-weather|RainDance|[from] ability: Drizzle|[of] p2a: Pelipper
|turn|76
|
|t:|1664876343
|switch|p1a: Mantine|Mantine, F|58/100
|move|p2a: Pelipper|Roost|p2a: Pelipper
|-heal|p2a: Pelipper|94/100 tox
|-singleturn|p2a: Pelipper|move: Roost
|
|-weather|RainDance|[upkeep]
|-damage|p2a: Pelipper|88/100 tox|[from] psn
|upkeep
|turn|77
|
|t:|1664876346
|move|p2a: Pelipper|Weather Ball|p1a: Mantine
|-heal|p1a: Mantine|83/100|[from] ability: Water Absorb|[of] p2a: Pelipper
|move|p1a: Mantine|Roost|p1a: Mantine
|-heal|p1a: Mantine|100/100
|-singleturn|p1a: Mantine|move: Roost
|
|-weather|RainDance|[upkeep]
|-damage|p2a: Pelipper|75/100 tox|[from] psn
|upkeep
|turn|78
|c|☆ahahab|。
|c|☆maxinyuuu|？
|c|☆ahahab|忘了。。
|
|t:|1664876354
|move|p2a: Pelipper|U-turn|p1a: Mantine
|-resisted|p1a: Mantine
|-damage|p1a: Mantine|95/100
|
|t:|1664876357
|switch|p2a: Ferrothorn|Ferrothorn, M, shiny|79/100|[from]move: U-turn
|-damage|p2a: Ferrothorn|73/100|[from] Stealth Rock
|move|p1a: Mantine|Scald|p2a: Ferrothorn
|-resisted|p2a: Ferrothorn
|-damage|p2a: Ferrothorn|62/100
|
|-weather|RainDance|[upkeep]
|upkeep
|turn|79
|
|t:|1664876366
|move|p1a: Mantine|Scald|p2a: Ferrothorn
|-resisted|p2a: Ferrothorn
|-damage|p2a: Ferrothorn|50/100
|-status|p2a: Ferrothorn|brn
|move|p2a: Ferrothorn|Leech Seed|p1a: Mantine
|-start|p1a: Mantine|move: Leech Seed
|
|-weather|RainDance|[upkeep]
|-damage|p1a: Mantine|83/100|[from] Leech Seed|[of] p2a: Ferrothorn
|-heal|p2a: Ferrothorn|64/100 brn|[silent]
|-damage|p2a: Ferrothorn|57/100 brn|[from] brn
|upkeep
|turn|80
|c|☆ahahab|。
|inactive|ahahab has 270 seconds left.
|
|t:|1664876397
|switch|p1a: Cobalion|Cobalion|58/100
|move|p2a: Ferrothorn|Knock Off|p1a: Cobalion
|-resisted|p1a: Cobalion
|-crit|p1a: Cobalion
|-damage|p1a: Cobalion|55/100
|-ability|p1a: Cobalion|Justified|boost
|-boost|p1a: Cobalion|atk|1
|
|-weather|RainDance|[upkeep]
|-damage|p2a: Ferrothorn|51/100 brn|[from] brn
|upkeep
|turn|81
|
|t:|1664876402
|move|p1a: Cobalion|Close Combat|p2a: Ferrothorn
|-supereffective|p2a: Ferrothorn
|-damage|p2a: Ferrothorn|0 fnt
|-unboost|p1a: Cobalion|def|1
|-unboost|p1a: Cobalion|spd|1
|-damage|p1a: Cobalion|42/100|[from] ability: Iron Barbs|[of] p2a: Ferrothorn
|faint|p2a: Ferrothorn
|
|-weather|RainDance|[upkeep]
|upkeep
|c|☆ahahab|脸都不要了
|
|t:|1664876408
|switch|p2a: Barraskewda|Barraskewda, M, shiny|40/100 par
|-damage|p2a: Barraskewda|27/100 par|[from] Stealth Rock
|turn|82
|
|t:|1664876416
|switch|p1a: Clefable|Clefable, M|12/100
|move|p2a: Barraskewda|Crunch|p1a: Clefable
|-resisted|p1a: Clefable
|-crit|p1a: Clefable
|-damage|p1a: Clefable|0 fnt
|faint|p1a: Clefable
|
|-weather|RainDance|[upkeep]
|upkeep
|
|t:|1664876421
|switch|p1a: Cobalion|Cobalion|42/100
|turn|83
|c|☆ahahab|这个飞鱼最恶心
|
|t:|1664876430
|move|p2a: Barraskewda|Crunch|p1a: Cobalion
|-resisted|p1a: Cobalion
|-damage|p1a: Cobalion|30/100
|-ability|p1a: Cobalion|Justified|boost
|-boost|p1a: Cobalion|atk|1
|move|p1a: Cobalion|Close Combat|p2a: Barraskewda
|-damage|p2a: Barraskewda|0 fnt
|-unboost|p1a: Cobalion|def|1
|-unboost|p1a: Cobalion|spd|1
|faint|p2a: Barraskewda
|
|-weather|none
|upkeep
|
|t:|1664876433
|switch|p2a: Pelipper|Pelipper, F, shiny|75/100 tox
|-damage|p2a: Pelipper|50/100 tox|[from] Stealth Rock
|-weather|RainDance|[from] ability: Drizzle|[of] p2a: Pelipper
|turn|84
|
|t:|1664876438
|move|p1a: Cobalion|Taunt|p2a: Pelipper
|-start|p2a: Pelipper|move: Taunt
|cant|p2a: Pelipper|move: Taunt|Roost
|
|-weather|RainDance|[upkeep]
|-damage|p2a: Pelipper|44/100 tox|[from] psn
|upkeep
|turn|85
|
|t:|1664876443
|move|p1a: Cobalion|Close Combat|p2a: Pelipper
|-resisted|p2a: Pelipper
|-damage|p2a: Pelipper|9/100 tox
|-unboost|p1a: Cobalion|def|1
|-unboost|p1a: Cobalion|spd|1
|move|p2a: Pelipper|Weather Ball|p1a: Cobalion
|-damage|p1a: Cobalion|0 fnt
|faint|p1a: Cobalion
|
|-weather|RainDance|[upkeep]
|-damage|p2a: Pelipper|0 fnt|[from] psn
|faint|p2a: Pelipper
|
|win|maxinyuuu
|upkeep
|c|☆ahahab|。
|c|☆maxinyuuu|舒服
