|j|☆minimax_ai
|j|☆Meroz
|t:|1663142134
|gametype|singles
|player|p1|minimax_ai|lusamine-nihilego|1603
|player|p2|Meroz|palmer|1716
|teamsize|p1|6
|teamsize|p2|6
|gen|8
|tier|[Gen 8] OU
|rated|
|rule|Sleep Clause Mod: Limit one foe put to sleep
|rule|Species Clause: Limit one of each Pokémon
|rule|OHKO Clause: OHKO moves are banned
|rule|Evasion Items Clause: Evasion items are banned
|rule|Evasion Moves Clause: Evasion moves are banned
|rule|Endless Battle Clause: Forcing endless battles is banned
|rule|HP Percentage Mod: HP is shown in percentages
|rule|Dynamax Clause: You cannot dynamax
|clearpoke
|poke|p1|Rotom-Wash|
|poke|p1|Weavile, M|
|poke|p1|Landorus-Therian, M|
|poke|p1|Heatran, M|
|poke|p1|Tangrowth, F|
|poke|p1|Melmetal|
|poke|p2|Kartana|
|poke|p2|Tapu Lele|
|poke|p2|Tornadus-Therian, M|
|poke|p2|Hippowdon, F|
|poke|p2|Umbreon, F|
|poke|p2|Toxapex, F|
|teampreview
|c|☆minimax_ai|hf
|inactive|Battle timer is ON: inactive players will automatically lose when time's up. (requested by minimax_ai)
|c|☆Meroz|hf
|
|t:|1663142158
|start
|switch|p1a: Heatran|Heatran, M|100/100
|switch|p2a: Tapu Lele|Tapu Lele|100/100
|-fieldstart|move: Psychic Terrain|[from] ability: Psychic Surge|[of] p2a: Tapu Lele
|-item|p1a: Heatran|Air Balloon
|turn|1
|
|t:|1663142162
|switch|p1a: Melmetal|Melmetal|100/100
|move|p2a: Tapu Lele|Focus Blast|p1a: Melmetal|[miss]
|-miss|p2a: Tapu Lele|p1a: Melmetal
|
|upkeep
|turn|2
|
|t:|1663142171
|switch|p2a: Toxapex|Toxapex, F|100/100
|move|p1a: Melmetal|Earthquake|p2a: Toxapex
|-supereffective|p2a: Toxapex
|-crit|p2a: Toxapex
|-damage|p2a: Toxapex|37/100
|
|upkeep
|turn|3
|
|t:|1663142181
|switch|p2a: Hippowdon|Hippowdon, F|100/100
|-weather|Sandstorm|[from] ability: Sand Stream|[of] p2a: Hippowdon
|move|p1a: Melmetal|Earthquake|p2a: Hippowdon
|-damage|p2a: Hippowdon|75/100
|
|-weather|Sandstorm|[upkeep]
|-heal|p2a: Hippowdon|82/100|[from] item: Leftovers
|upkeep
|turn|4
|
|t:|1663142188
|switch|p1a: Heatran|Heatran, M|100/100
|-item|p1a: Heatran|Air Balloon
|move|p2a: Hippowdon|Stealth Rock|p1a: Heatran
|-sidestart|p1: minimax_ai|move: Stealth Rock
|
|-weather|Sandstorm|[upkeep]
|-heal|p2a: Hippowdon|88/100|[from] item: Leftovers
|upkeep
|turn|5
|
|t:|1663142196
|switch|p2a: Toxapex|Toxapex, F|70/100
|move|p1a: Heatran|Eruption|p2a: Toxapex
|-resisted|p2a: Toxapex
|-damage|p2a: Toxapex|36/100
|
|-weather|Sandstorm|[upkeep]
|-damage|p2a: Toxapex|30/100|[from] Sandstorm
|-fieldend|move: Psychic Terrain
|upkeep
|turn|6
|
|t:|1663142208
|switch|p2a: Tornadus|Tornadus-Therian, M, shiny|100/100
|move|p1a: Heatran|Eruption|p2a: Tornadus
|-damage|p2a: Tornadus|25/100
|
|-weather|Sandstorm|[upkeep]
|-damage|p2a: Tornadus|19/100|[from] Sandstorm
|upkeep
|turn|7
|
|t:|1663142214
|move|p2a: Tornadus|U-turn|p1a: Heatran
|-resisted|p1a: Heatran
|-damage|p1a: Heatran|97/100
|-enditem|p1a: Heatran|Air Balloon
|
|t:|1663142221
|switch|p2a: Toxapex|Toxapex, F|64/100|[from]move: U-turn
|move|p1a: Heatran|Eruption|p2a: Toxapex
|-resisted|p2a: Toxapex
|-damage|p2a: Toxapex|32/100
|
|-weather|none
|upkeep
|turn|8
|
|t:|1663142230
|switch|p2a: Tornadus|Tornadus-Therian, M, shiny|52/100
|move|p1a: Heatran|Eruption|p2a: Tornadus
|-damage|p2a: Tornadus|0 fnt
|faint|p2a: Tornadus
|
|upkeep
|
|t:|1663142237
|switch|p2a: Kartana|Kartana|100/100
|turn|9
|
|t:|1663142241
|switch|p1a: Tangrowth|Tangrowth, F|100/100
|-damage|p1a: Tangrowth|88/100|[from] Stealth Rock
|move|p2a: Kartana|Sacred Sword|p1a: Tangrowth
|-damage|p1a: Tangrowth|58/100
|-damage|p2a: Kartana|84/100|[from] item: Rocky Helmet|[of] p1a: Tangrowth
|
|upkeep
|turn|10
|
|t:|1663142245
|switch|p2a: Toxapex|Toxapex, F|65/100
|switch|p1a: landorustherian|Landorus-Therian, M|100/100
|-damage|p1a: landorustherian|88/100|[from] Stealth Rock
|-ability|p1a: landorustherian|Intimidate|boost
|-unboost|p2a: Toxapex|atk|1
|
|-heal|p1a: landorustherian|94/100|[from] item: Leftovers
|upkeep
|turn|11
|
|t:|1663142250
|switch|p2a: Tapu Lele|Tapu Lele|100/100
|-fieldstart|move: Psychic Terrain|[from] ability: Psychic Surge|[of] p2a: Tapu Lele
|move|p1a: landorustherian|Earthquake|p2a: Tapu Lele
|-damage|p2a: Tapu Lele|31/100
|
|-heal|p1a: landorustherian|99/100|[from] item: Leftovers
|upkeep
|turn|12
|
|t:|1663142261
|move|p2a: Tapu Lele|Moonblast|p1a: landorustherian
|-damage|p1a: landorustherian|44/100
|move|p1a: landorustherian|Earthquake|p2a: Tapu Lele
|-damage|p2a: Tapu Lele|0 fnt
|faint|p2a: Tapu Lele
|
|-heal|p1a: landorustherian|50/100|[from] item: Leftovers
|upkeep
|
|t:|1663142267
|switch|p2a: Kartana|Kartana|84/100
|turn|13
|
|t:|1663142272
|switch|p1a: Tangrowth|Tangrowth, F|91/100
|-damage|p1a: Tangrowth|79/100|[from] Stealth Rock
|move|p2a: Kartana|Knock Off|p1a: Tangrowth
|-damage|p1a: Tangrowth|47/100
|-damage|p2a: Kartana|67/100|[from] item: Rocky Helmet|[of] p1a: Tangrowth
|-enditem|p1a: Tangrowth|Rocky Helmet|[from] move: Knock Off|[of] p2a: Kartana
|
|upkeep
|turn|14
|
|t:|1663142279
|switch|p2a: Toxapex|Toxapex, F|99/100
|move|p1a: Tangrowth|Giga Drain|p2a: Toxapex
|-damage|p2a: Toxapex|77/100
|-heal|p1a: Tangrowth|55/100|[from] drain|[of] p2a: Toxapex
|
|upkeep
|turn|15
|
|t:|1663142284
|move|p1a: Tangrowth|Sleep Powder|p2a: Toxapex
|-status|p2a: Toxapex|slp|[from] move: Sleep Powder
|cant|p2a: Toxapex|slp
|
|-fieldend|move: Psychic Terrain
|upkeep
|turn|16
|
|t:|1663142288
|move|p1a: Tangrowth|Giga Drain|p2a: Toxapex
|-damage|p2a: Toxapex|51/100 slp
|-heal|p1a: Tangrowth|65/100|[from] drain|[of] p2a: Toxapex
|cant|p2a: Toxapex|slp
|
|upkeep
|turn|17
|
|t:|1663142292
|move|p1a: Tangrowth|Giga Drain|p2a: Toxapex
|-damage|p2a: Toxapex|29/100 slp
|-heal|p1a: Tangrowth|73/100|[from] drain|[of] p2a: Toxapex
|cant|p2a: Toxapex|slp
|
|upkeep
|turn|18
|
|t:|1663142297
|switch|p1a: Melmetal|Melmetal|100/100
|-damage|p1a: Melmetal|94/100|[from] Stealth Rock
|-curestatus|p2a: Toxapex|slp|[msg]
|move|p2a: Toxapex|Recover|p2a: Toxapex
|-heal|p2a: Toxapex|79/100
|
|upkeep
|turn|19
|
|t:|1663142303
|move|p1a: Melmetal|Earthquake|p2a: Toxapex
|-supereffective|p2a: Toxapex
|-damage|p2a: Toxapex|32/100
|move|p2a: Toxapex|Recover|p2a: Toxapex
|-heal|p2a: Toxapex|82/100
|
|upkeep
|turn|20
|
|t:|1663142309
|move|p1a: Melmetal|Earthquake|p2a: Toxapex
|-supereffective|p2a: Toxapex
|-damage|p2a: Toxapex|34/100
|move|p2a: Toxapex|Scald|p1a: Melmetal
|-damage|p1a: Melmetal|87/100
|
|upkeep
|turn|21
|
|t:|1663142312
|switch|p2a: Hippowdon|Hippowdon, F|88/100
|-weather|Sandstorm|[from] ability: Sand Stream|[of] p2a: Hippowdon
|move|p1a: Melmetal|Earthquake|p2a: Hippowdon
|-damage|p2a: Hippowdon|60/100
|
|-weather|Sandstorm|[upkeep]
|-heal|p2a: Hippowdon|66/100|[from] item: Leftovers
|upkeep
|turn|22
|
|t:|1663142315
|switch|p1a: landorustherian|Landorus-Therian, M|50/100
|-damage|p1a: landorustherian|37/100|[from] Stealth Rock
|-ability|p1a: landorustherian|Intimidate|boost
|-unboost|p2a: Hippowdon|atk|1
|move|p2a: Hippowdon|Slack Off|p2a: Hippowdon
|-heal|p2a: Hippowdon|100/100
|
|-weather|Sandstorm|[upkeep]
|-heal|p1a: landorustherian|43/100|[from] item: Leftovers
|upkeep
|turn|23
|
|t:|1663142319
|move|p1a: landorustherian|Defog|p2a: Hippowdon
|-unboost|p2a: Hippowdon|evasion|1
|-sideend|p1: minimax_ai|Stealth Rock|[from] move: Defog|[of] p1a: landorustherian
|move|p2a: Hippowdon|Toxic|p1a: landorustherian
|-status|p1a: landorustherian|tox
|
|-weather|Sandstorm|[upkeep]
|-heal|p1a: landorustherian|49/100 tox|[from] item: Leftovers
|-damage|p1a: landorustherian|43/100 tox|[from] psn
|upkeep
|turn|24
|
|t:|1663142321
|move|p1a: landorustherian|U-turn|p2a: Hippowdon
|-damage|p2a: Hippowdon|86/100
|
|t:|1663142322
|switch|p1a: Melmetal|Melmetal|87/100|[from]move: U-turn
|move|p2a: Hippowdon|Stealth Rock|p1a: Melmetal
|-sidestart|p1: minimax_ai|move: Stealth Rock
|
|-weather|Sandstorm|[upkeep]
|-heal|p2a: Hippowdon|92/100|[from] item: Leftovers
|upkeep
|turn|25
|
|t:|1663142330
|switch|p2a: Toxapex|Toxapex, F|68/100
|move|p1a: Melmetal|Ice Punch|p2a: Toxapex
|-resisted|p2a: Toxapex
|-damage|p2a: Toxapex|58/100
|
|-weather|none
|upkeep
|turn|26
|
|t:|1663142334
|move|p1a: Melmetal|Earthquake|p2a: Toxapex
|-supereffective|p2a: Toxapex
|-damage|p2a: Toxapex|14/100
|move|p2a: Toxapex|Scald|p1a: Melmetal
|-damage|p1a: Melmetal|79/100
|
|upkeep
|turn|27
|
|t:|1663142341
|switch|p2a: Hippowdon|Hippowdon, F|92/100
|-weather|Sandstorm|[from] ability: Sand Stream|[of] p2a: Hippowdon
|move|p1a: Melmetal|Double Iron Bash|p2a: Hippowdon
|-damage|p2a: Hippowdon|65/100
|-damage|p2a: Hippowdon|36/100
|-hitcount|p2a: Hippowdon|2
|
|-weather|Sandstorm|[upkeep]
|-heal|p2a: Hippowdon|42/100|[from] item: Leftovers
|upkeep
|turn|28
|
|t:|1663142346
|move|p2a: Hippowdon|Slack Off|p2a: Hippowdon
|-heal|p2a: Hippowdon|92/100
|move|p1a: Melmetal|Double Iron Bash|p2a: Hippowdon
|-damage|p2a: Hippowdon|64/100
|-damage|p2a: Hippowdon|35/100
|-hitcount|p2a: Hippowdon|2
|
|-weather|Sandstorm|[upkeep]
|-heal|p2a: Hippowdon|41/100|[from] item: Leftovers
|upkeep
|turn|29
|
|t:|1663142351
|move|p2a: Hippowdon|Slack Off|p2a: Hippowdon
|-heal|p2a: Hippowdon|91/100
|move|p1a: Melmetal|Double Iron Bash|p2a: Hippowdon
|-damage|p2a: Hippowdon|63/100
|-damage|p2a: Hippowdon|37/100
|-hitcount|p2a: Hippowdon|2
|
|-weather|Sandstorm|[upkeep]
|-heal|p2a: Hippowdon|43/100|[from] item: Leftovers
|upkeep
|turn|30
|
|t:|1663142356
|move|p2a: Hippowdon|Slack Off|p2a: Hippowdon
|-heal|p2a: Hippowdon|93/100
|move|p1a: Melmetal|Double Iron Bash|p2a: Hippowdon
|-damage|p2a: Hippowdon|66/100
|-damage|p2a: Hippowdon|35/100
|-hitcount|p2a: Hippowdon|2
|
|-weather|Sandstorm|[upkeep]
|-heal|p2a: Hippowdon|42/100|[from] item: Leftovers
|upkeep
|turn|31
|
|t:|1663142359
|move|p2a: Hippowdon|Slack Off|p2a: Hippowdon
|-heal|p2a: Hippowdon|92/100
|move|p1a: Melmetal|Double Iron Bash|p2a: Hippowdon
|-damage|p2a: Hippowdon|62/100
|-damage|p2a: Hippowdon|36/100
|-hitcount|p2a: Hippowdon|2
|
|-weather|none
|-heal|p2a: Hippowdon|42/100|[from] item: Leftovers
|upkeep
|turn|32
|
|t:|1663142364
|move|p2a: Hippowdon|Slack Off|p2a: Hippowdon
|-heal|p2a: Hippowdon|92/100
|move|p1a: Melmetal|Double Iron Bash|p2a: Hippowdon
|-damage|p2a: Hippowdon|62/100
|-damage|p2a: Hippowdon|34/100
|-hitcount|p2a: Hippowdon|2
|
|-heal|p2a: Hippowdon|40/100|[from] item: Leftovers
|upkeep
|turn|33
|
|t:|1663142368
|move|p2a: Hippowdon|Slack Off|p2a: Hippowdon
|-heal|p2a: Hippowdon|90/100
|move|p1a: Melmetal|Double Iron Bash|p2a: Hippowdon
|-crit|p2a: Hippowdon
|-damage|p2a: Hippowdon|51/100
|-damage|p2a: Hippowdon|21/100
|-hitcount|p2a: Hippowdon|2
|
|-heal|p2a: Hippowdon|28/100|[from] item: Leftovers
|upkeep
|turn|34
|
|t:|1663142373
|move|p2a: Hippowdon|Slack Off|p2a: Hippowdon
|-heal|p2a: Hippowdon|78/100
|move|p1a: Melmetal|Double Iron Bash|p2a: Hippowdon
|-damage|p2a: Hippowdon|50/100
|-damage|p2a: Hippowdon|22/100
|-hitcount|p2a: Hippowdon|2
|
|-heal|p2a: Hippowdon|28/100|[from] item: Leftovers
|upkeep
|turn|35
|
|t:|1663142378
|move|p2a: Hippowdon|Slack Off|p2a: Hippowdon
|-heal|p2a: Hippowdon|78/100
|move|p1a: Melmetal|Ice Punch|p2a: Hippowdon
|-supereffective|p2a: Hippowdon
|-damage|p2a: Hippowdon|29/100
|
|-heal|p2a: Hippowdon|35/100|[from] item: Leftovers
|upkeep
|turn|36
|
|t:|1663142383
|move|p2a: Hippowdon|Slack Off|p2a: Hippowdon
|-heal|p2a: Hippowdon|85/100
|move|p1a: Melmetal|Ice Punch|p2a: Hippowdon
|-supereffective|p2a: Hippowdon
|-damage|p2a: Hippowdon|42/100
|
|-heal|p2a: Hippowdon|48/100|[from] item: Leftovers
|upkeep
|turn|37
|
|t:|1663142386
|switch|p1a: rotomwash|Rotom-Wash|100/100
|-damage|p1a: rotomwash|88/100|[from] Stealth Rock
|move|p2a: Hippowdon|Slack Off|p2a: Hippowdon
|-heal|p2a: Hippowdon|98/100
|
|-heal|p1a: rotomwash|94/100|[from] item: Leftovers
|-heal|p2a: Hippowdon|100/100|[from] item: Leftovers
|upkeep
|turn|38
|
|t:|1663142390
|move|p1a: rotomwash|Hydro Pump|p2a: Hippowdon
|-supereffective|p2a: Hippowdon
|-damage|p2a: Hippowdon|40/100
|move|p2a: Hippowdon|Toxic|p1a: rotomwash
|-status|p1a: rotomwash|tox
|
|-heal|p1a: rotomwash|100/100 tox|[from] item: Leftovers
|-heal|p2a: Hippowdon|47/100|[from] item: Leftovers
|-damage|p1a: rotomwash|94/100 tox|[from] psn
|upkeep
|turn|39
|
|t:|1663142395
|switch|p2a: Umbreon|Umbreon, F|100/100
|move|p1a: rotomwash|Hydro Pump|p2a: Umbreon
|-damage|p2a: Umbreon|73/100
|
|-heal|p1a: rotomwash|100/100 tox|[from] item: Leftovers
|-heal|p2a: Umbreon|79/100|[from] item: Leftovers
|-damage|p1a: rotomwash|88/100 tox|[from] psn
|upkeep
|turn|40
|
|t:|1663142398
|switch|p1a: Melmetal|Melmetal|79/100
|-damage|p1a: Melmetal|73/100|[from] Stealth Rock
|move|p2a: Umbreon|Wish|p2a: Umbreon
|
|-heal|p2a: Umbreon|85/100|[from] item: Leftovers
|upkeep
|turn|41
|
|t:|1663142407
|move|p2a: Umbreon|Foul Play|p1a: Melmetal
|-damage|p1a: Melmetal|44/100
|move|p1a: Melmetal|Thunder Punch|p2a: Umbreon
|-damage|p2a: Umbreon|65/100
|
|-heal|p2a: Umbreon|100/100|[from] move: Wish|[wisher] Umbreon
|upkeep
|turn|42
|
|t:|1663142411
|switch|p1a: Tangrowth|Tangrowth, F|100/100
|-damage|p1a: Tangrowth|88/100|[from] Stealth Rock
|move|p2a: Umbreon|Wish|p2a: Umbreon
|
|upkeep
|turn|43
|
|t:|1663142417
|switch|p2a: Toxapex|Toxapex, F|47/100
|move|p1a: Tangrowth|Giga Drain|p2a: Toxapex
|-damage|p2a: Toxapex|23/100
|-heal|p1a: Tangrowth|97/100|[from] drain|[of] p2a: Toxapex
|
|-heal|p2a: Toxapex|88/100|[from] move: Wish|[wisher] Umbreon
|upkeep
|turn|44
|
|t:|1663142421
|move|p1a: Tangrowth|Sleep Powder|p2a: Toxapex
|-status|p2a: Toxapex|slp|[from] move: Sleep Powder
|cant|p2a: Toxapex|slp
|
|upkeep
|turn|45
|
|t:|1663142423
|move|p1a: Tangrowth|Giga Drain|p2a: Toxapex
|-damage|p2a: Toxapex|63/100 slp
|-heal|p1a: Tangrowth|100/100|[from] drain|[of] p2a: Toxapex
|cant|p2a: Toxapex|slp
|
|upkeep
|turn|46
|
|t:|1663142426
|move|p1a: Tangrowth|Giga Drain|p2a: Toxapex
|-damage|p2a: Toxapex|40/100 slp
|-curestatus|p2a: Toxapex|slp|[msg]
|move|p2a: Toxapex|Recover|p2a: Toxapex
|-heal|p2a: Toxapex|90/100
|
|upkeep
|turn|47
|
|t:|1663142431
|move|p1a: Tangrowth|Sleep Powder|p2a: Toxapex
|-status|p2a: Toxapex|slp|[from] move: Sleep Powder
|cant|p2a: Toxapex|slp
|
|upkeep
|turn|48
|
|t:|1663142434
|move|p1a: Tangrowth|Giga Drain|p2a: Toxapex
|-damage|p2a: Toxapex|64/100 slp
|cant|p2a: Toxapex|slp
|
|upkeep
|turn|49
|
|t:|1663142438
|move|p1a: Tangrowth|Giga Drain|p2a: Toxapex
|-damage|p2a: Toxapex|40/100 slp
|-curestatus|p2a: Toxapex|slp|[msg]
|move|p2a: Toxapex|Recover|p2a: Toxapex
|-heal|p2a: Toxapex|90/100
|
|upkeep
|turn|50
|
|t:|1663142440
|move|p1a: Tangrowth|Sleep Powder|p2a: Toxapex|[miss]
|-miss|p1a: Tangrowth|p2a: Toxapex
|move|p2a: Toxapex|Scald|p1a: Tangrowth
|-resisted|p1a: Tangrowth
|-damage|p1a: Tangrowth|90/100
|-status|p1a: Tangrowth|brn
|
|-damage|p1a: Tangrowth|83/100 brn|[from] brn
|upkeep
|turn|51
|
|t:|1663142448
|move|p1a: Tangrowth|Sleep Powder|p2a: Toxapex
|-status|p2a: Toxapex|slp|[from] move: Sleep Powder
|cant|p2a: Toxapex|slp
|
|-damage|p1a: Tangrowth|77/100 brn|[from] brn
|upkeep
|turn|52
|
|t:|1663142451
|move|p1a: Tangrowth|Giga Drain|p2a: Toxapex
|-damage|p2a: Toxapex|68/100 slp
|-heal|p1a: Tangrowth|86/100 brn|[from] drain|[of] p2a: Toxapex
|cant|p2a: Toxapex|slp
|
|-damage|p1a: Tangrowth|79/100 brn|[from] brn
|upkeep
|turn|53
|
|t:|1663142454
|move|p1a: Tangrowth|Giga Drain|p2a: Toxapex
|-damage|p2a: Toxapex|44/100 slp
|-heal|p1a: Tangrowth|89/100 brn|[from] drain|[of] p2a: Toxapex
|cant|p2a: Toxapex|slp
|
|-damage|p1a: Tangrowth|82/100 brn|[from] brn
|upkeep
|turn|54
|
|t:|1663142457
|move|p1a: Tangrowth|Giga Drain|p2a: Toxapex
|-damage|p2a: Toxapex|21/100 slp
|-heal|p1a: Tangrowth|91/100 brn|[from] drain|[of] p2a: Toxapex
|-curestatus|p2a: Toxapex|slp|[msg]
|move|p2a: Toxapex|Recover|p2a: Toxapex
|-heal|p2a: Toxapex|71/100
|
|-damage|p1a: Tangrowth|85/100 brn|[from] brn
|upkeep
|turn|55
|
|t:|1663142460
|move|p1a: Tangrowth|Sleep Powder|p2a: Toxapex
|-status|p2a: Toxapex|slp|[from] move: Sleep Powder
|cant|p2a: Toxapex|slp
|
|-damage|p1a: Tangrowth|79/100 brn|[from] brn
|upkeep
|turn|56
|
|t:|1663142465
|move|p1a: Tangrowth|Giga Drain|p2a: Toxapex
|-damage|p2a: Toxapex|48/100 slp
|-heal|p1a: Tangrowth|87/100 brn|[from] drain|[of] p2a: Toxapex
|-curestatus|p2a: Toxapex|slp|[msg]
|move|p2a: Toxapex|Recover|p2a: Toxapex
|-heal|p2a: Toxapex|99/100
|
|-damage|p1a: Tangrowth|81/100 brn|[from] brn
|upkeep
|turn|57
|
|t:|1663142472
|move|p1a: Tangrowth|Sleep Powder|p2a: Toxapex
|-status|p2a: Toxapex|slp|[from] move: Sleep Powder
|cant|p2a: Toxapex|slp
|
|-damage|p1a: Tangrowth|75/100 brn|[from] brn
|upkeep
|turn|58
|
|t:|1663142474
|move|p1a: Tangrowth|Giga Drain|p2a: Toxapex
|-damage|p2a: Toxapex|75/100 slp
|-heal|p1a: Tangrowth|84/100 brn|[from] drain|[of] p2a: Toxapex
|cant|p2a: Toxapex|slp
|
|-damage|p1a: Tangrowth|78/100 brn|[from] brn
|upkeep
|turn|59
|
|t:|1663142477
|move|p1a: Tangrowth|Giga Drain|p2a: Toxapex
|-damage|p2a: Toxapex|49/100 slp
|-heal|p1a: Tangrowth|87/100 brn|[from] drain|[of] p2a: Toxapex
|cant|p2a: Toxapex|slp
|
|-damage|p1a: Tangrowth|81/100 brn|[from] brn
|upkeep
|turn|60
|
|t:|1663142479
|move|p1a: Tangrowth|Giga Drain|p2a: Toxapex
|-damage|p2a: Toxapex|27/100 slp
|-heal|p1a: Tangrowth|90/100 brn|[from] drain|[of] p2a: Toxapex
|-curestatus|p2a: Toxapex|slp|[msg]
|move|p2a: Toxapex|Recover|p2a: Toxapex
|-heal|p2a: Toxapex|77/100
|
|-damage|p1a: Tangrowth|83/100 brn|[from] brn
|upkeep
|turn|61
|
|t:|1663142484
|move|p1a: Tangrowth|Sleep Powder|p2a: Toxapex
|-status|p2a: Toxapex|slp|[from] move: Sleep Powder
|cant|p2a: Toxapex|slp
|
|-damage|p1a: Tangrowth|77/100 brn|[from] brn
|upkeep
|turn|62
|
|t:|1663142486
|move|p1a: Tangrowth|Giga Drain|p2a: Toxapex
|-crit|p2a: Toxapex
|-damage|p2a: Toxapex|38/100 slp
|-heal|p1a: Tangrowth|92/100 brn|[from] drain|[of] p2a: Toxapex
|cant|p2a: Toxapex|slp
|
|-damage|p1a: Tangrowth|86/100 brn|[from] brn
|upkeep
|turn|63
|
|t:|1663142489
|move|p1a: Tangrowth|Knock Off|p2a: Toxapex
|-damage|p2a: Toxapex|31/100 slp
|-enditem|p2a: Toxapex|Shed Shell|[from] move: Knock Off|[of] p1a: Tangrowth
|-curestatus|p2a: Toxapex|slp|[msg]
|move|p2a: Toxapex|Recover|p2a: Toxapex
|-heal|p2a: Toxapex|81/100
|
|-damage|p1a: Tangrowth|79/100 brn|[from] brn
|upkeep
|turn|64
|
|t:|1663142493
|switch|p2a: Hippowdon|Hippowdon, F|47/100
|-weather|Sandstorm|[from] ability: Sand Stream|[of] p2a: Hippowdon
|move|p1a: Tangrowth|Sleep Powder|p2a: Hippowdon
|-status|p2a: Hippowdon|slp|[from] move: Sleep Powder
|
|-weather|Sandstorm|[upkeep]
|-damage|p1a: Tangrowth|73/100 brn|[from] Sandstorm
|-heal|p2a: Hippowdon|53/100 slp|[from] item: Leftovers
|-damage|p1a: Tangrowth|67/100 brn|[from] brn
|upkeep
|turn|65
|
|t:|1663142501
|switch|p2a: Toxapex|Toxapex, F|100/100
|switch|p1a: landorustherian|Landorus-Therian, M|43/100 tox
|-damage|p1a: landorustherian|31/100 tox|[from] Stealth Rock
|-ability|p1a: landorustherian|Intimidate|boost
|-unboost|p2a: Toxapex|atk|1
|
|-weather|Sandstorm|[upkeep]
|-damage|p2a: Toxapex|95/100|[from] Sandstorm
|-heal|p1a: landorustherian|37/100 tox|[from] item: Leftovers
|-damage|p1a: landorustherian|31/100 tox|[from] psn
|upkeep
|turn|66
|
|t:|1663142504
|move|p1a: landorustherian|Defog|p2a: Toxapex
|-unboost|p2a: Toxapex|evasion|1
|-sideend|p1: minimax_ai|Stealth Rock|[from] move: Defog|[of] p1a: landorustherian
|move|p2a: Toxapex|Scald|p1a: landorustherian
|-supereffective|p1a: landorustherian
|-damage|p1a: landorustherian|7/100 tox
|
|-weather|Sandstorm|[upkeep]
|-damage|p2a: Toxapex|89/100|[from] Sandstorm
|-heal|p1a: landorustherian|13/100 tox|[from] item: Leftovers
|-damage|p1a: landorustherian|1/100 tox|[from] psn
|upkeep
|turn|67
|
|t:|1663142510
|move|p1a: landorustherian|U-turn|p2a: Toxapex
|-resisted|p2a: Toxapex
|-damage|p2a: Toxapex|82/100
|
|t:|1663142511
|switch|p1a: Melmetal|Melmetal|44/100|[from]move: U-turn
|move|p2a: Toxapex|Recover|p2a: Toxapex
|-heal|p2a: Toxapex|100/100
|
|-weather|Sandstorm|[upkeep]
|-damage|p2a: Toxapex|95/100|[from] Sandstorm
|upkeep
|turn|68
|
|t:|1663142520
|move|p1a: Melmetal|Earthquake|p2a: Toxapex
|-supereffective|p2a: Toxapex
|-damage|p2a: Toxapex|51/100
|move|p2a: Toxapex|Scald|p1a: Melmetal
|-damage|p1a: Melmetal|36/100
|
|-weather|none
|upkeep
|turn|69
|
|t:|1663142530
|switch|p2a: Umbreon|Umbreon, F|100/100
|move|p1a: Melmetal|Earthquake|p2a: Umbreon
|-damage|p2a: Umbreon|77/100
|
|-heal|p2a: Umbreon|83/100|[from] item: Leftovers
|upkeep
|turn|70
|
|t:|1663142533
|switch|p1a: Heatran|Heatran, M|97/100
|move|p2a: Umbreon|Wish|p2a: Umbreon
|
|-heal|p2a: Umbreon|89/100|[from] item: Leftovers
|upkeep
|turn|71
|
|t:|1663142542
|move|p1a: Heatran|Magma Storm|p2a: Umbreon|[miss]
|-miss|p1a: Heatran|p2a: Umbreon
|move|p2a: Umbreon|Foul Play|p1a: Heatran
|-damage|p1a: Heatran|71/100
|
|-heal|p2a: Umbreon|100/100|[from] move: Wish|[wisher] Umbreon
|upkeep
|turn|72
|
|t:|1663142548
|move|p1a: Heatran|Magma Storm|p2a: Umbreon|[miss]
|-miss|p1a: Heatran|p2a: Umbreon
|move|p2a: Umbreon|Wish|p2a: Umbreon
|
|upkeep
|turn|73
|
|t:|1663142551
|move|p1a: Heatran|Magma Storm|p2a: Umbreon|[miss]
|-miss|p1a: Heatran|p2a: Umbreon
|move|p2a: Umbreon|Foul Play|p1a: Heatran
|-damage|p1a: Heatran|42/100
|
|upkeep
|turn|74
|
|t:|1663142554
|move|p1a: Heatran|Magma Storm|p2a: Umbreon|[miss]
|-miss|p1a: Heatran|p2a: Umbreon
|move|p2a: Umbreon|Foul Play|p1a: Heatran
|-damage|p1a: Heatran|16/100
|
|upkeep
|turn|75
|
|t:|1663142557
|switch|p1a: rotomwash|Rotom-Wash|88/100 tox
|move|p2a: Umbreon|Wish|p2a: Umbreon
|
|-heal|p1a: rotomwash|94/100 tox|[from] item: Leftovers
|-damage|p1a: rotomwash|88/100 tox|[from] psn
|upkeep
|turn|76
|
|t:|1663142561
|switch|p1a: Melmetal|Melmetal|36/100
|switch|p2a: Toxapex|Toxapex, F|84/100
|
|-heal|p2a: Toxapex|100/100|[from] move: Wish|[wisher] Umbreon
|upkeep
|turn|77
|
|t:|1663142565
|move|p1a: Melmetal|Earthquake|p2a: Toxapex
|-supereffective|p2a: Toxapex
|-damage|p2a: Toxapex|58/100
|move|p2a: Toxapex|Scald|p1a: Melmetal
|-damage|p1a: Melmetal|28/100
|
|upkeep
|turn|78
|
|t:|1663142575
|switch|p2a: Umbreon|Umbreon, F|100/100
|move|p1a: Melmetal|Earthquake|p2a: Umbreon
|-damage|p2a: Umbreon|79/100
|
|-heal|p2a: Umbreon|86/100|[from] item: Leftovers
|upkeep
|turn|79
|
|t:|1663142577
|switch|p1a: rotomwash|Rotom-Wash|88/100 tox
|move|p2a: Umbreon|Wish|p2a: Umbreon
|
|-heal|p1a: rotomwash|94/100 tox|[from] item: Leftovers
|-heal|p2a: Umbreon|92/100|[from] item: Leftovers
|-damage|p1a: rotomwash|88/100 tox|[from] psn
|upkeep
|turn|80
|
|t:|1663142585
|switch|p2a: Toxapex|Toxapex, F|92/100
|move|p1a: rotomwash|Hydro Pump|p2a: Toxapex
|-resisted|p2a: Toxapex
|-damage|p2a: Toxapex|74/100
|
|-heal|p2a: Toxapex|100/100|[from] move: Wish|[wisher] Umbreon
|-heal|p1a: rotomwash|94/100 tox|[from] item: Leftovers
|-damage|p1a: rotomwash|82/100 tox|[from] psn
|upkeep
|turn|81
|
|t:|1663142593
|move|p1a: rotomwash|Nasty Plot|p1a: rotomwash
|-boost|p1a: rotomwash|spa|2
|move|p2a: Toxapex|Scald|p1a: rotomwash
|-resisted|p1a: rotomwash
|-damage|p1a: rotomwash|74/100 tox
|
|-heal|p1a: rotomwash|80/100 tox|[from] item: Leftovers
|-damage|p1a: rotomwash|61/100 tox|[from] psn
|upkeep
|turn|82
|
|t:|1663142596
|move|p1a: rotomwash|Thunderbolt|p2a: Toxapex
|-supereffective|p2a: Toxapex
|-damage|p2a: Toxapex|0 fnt
|faint|p2a: Toxapex
|
|-heal|p1a: rotomwash|68/100 tox|[from] item: Leftovers
|-damage|p1a: rotomwash|43/100 tox|[from] psn
|upkeep
|
|t:|1663142600
|switch|p2a: Kartana|Kartana|67/100
|turn|83
|
|t:|1663142607
|switch|p1a: Tangrowth|Tangrowth, F|99/100 brn
|move|p2a: Kartana|Sacred Sword|p1a: Tangrowth
|-damage|p1a: Tangrowth|70/100 brn
|
|-damage|p1a: Tangrowth|63/100 brn|[from] brn
|upkeep
|turn|84
|
|t:|1663142614
|switch|p2a: Hippowdon|Hippowdon, F|53/100 slp
|-weather|Sandstorm|[from] ability: Sand Stream|[of] p2a: Hippowdon
|move|p1a: Tangrowth|Focus Blast|p2a: Hippowdon
|-damage|p2a: Hippowdon|30/100 slp
|
|-weather|Sandstorm|[upkeep]
|-damage|p1a: Tangrowth|57/100 brn|[from] Sandstorm
|-heal|p2a: Hippowdon|36/100 slp|[from] item: Leftovers
|-damage|p1a: Tangrowth|51/100 brn|[from] brn
|upkeep
|turn|85
|
|t:|1663142618
|switch|p1a: Weavile|Weavile, M|100/100
|-ability|p1a: Weavile|Pressure
|cant|p2a: Hippowdon|slp
|
|-weather|Sandstorm|[upkeep]
|-damage|p1a: Weavile|94/100|[from] Sandstorm
|-heal|p2a: Hippowdon|42/100 slp|[from] item: Leftovers
|upkeep
|turn|86
|
|t:|1663142623
|switch|p2a: Umbreon|Umbreon, F|92/100
|move|p1a: Weavile|Triple Axel|p2a: Umbreon
|-damage|p2a: Umbreon|83/100
|-damage|p2a: Umbreon|66/100
|-hitcount|p2a: Umbreon|2
|
|-weather|Sandstorm|[upkeep]
|-damage|p1a: Weavile|88/100|[from] Sandstorm
|-damage|p2a: Umbreon|60/100|[from] Sandstorm
|-heal|p2a: Umbreon|66/100|[from] item: Leftovers
|upkeep
|turn|87
|
|t:|1663142627
|move|p1a: Weavile|Triple Axel|p2a: Umbreon
|-damage|p2a: Umbreon|57/100
|-damage|p2a: Umbreon|39/100
|-hitcount|p2a: Umbreon|2
|move|p2a: Umbreon|Wish|p2a: Umbreon
|
|-weather|Sandstorm|[upkeep]
|-damage|p1a: Weavile|82/100|[from] Sandstorm
|-damage|p2a: Umbreon|33/100|[from] Sandstorm
|-heal|p2a: Umbreon|39/100|[from] item: Leftovers
|upkeep
|turn|88
|
|t:|1663142632
|move|p1a: Weavile|Triple Axel|p2a: Umbreon
|-damage|p2a: Umbreon|30/100
|-damage|p2a: Umbreon|14/100
|-damage|p2a: Umbreon|0 fnt
|faint|p2a: Umbreon
|-hitcount|p2: Umbreon|3
|
|-weather|none
|upkeep
|-message|Meroz forfeited.
|
|win|minimax_ai
|raw|minimax_ai's rating: 1603 &rarr; <strong>1629</strong><br />(+26 for winning)
|raw|Meroz's rating: 1716 &rarr; <strong>1690</strong><br />(-26 for losing)
|c|☆minimax_ai|gg
|l|☆Meroz
