|j|☆Archerdagoat
|j|☆mcp3
|t:|1629403854
|gametype|singles
|player|p1|Archerdagoat|hoopster|1794
|player|p2|mcp3|roxanne-gen3|1833
|teamsize|p1|6
|teamsize|p2|6
|gen|8
|tier|[Gen 8] OU
|rated|
|rule|Sleep Clause Mod: Limit one foe put to sleep
|rule|Species Clause: Limit one of each Pokémon
|rule|OHKO Clause: OHKO moves are banned
|rule|Evasion Moves Clause: Evasion moves are banned
|rule|Endless Battle Clause: Forcing endless battles is banned
|rule|HP Percentage Mod: HP is shown in percentages
|rule|Dynamax Clause: You cannot dynamax
|clearpoke
|poke|p1|Dracozolt|
|poke|p1|Urshifu-*, M|
|poke|p1|Hippowdon, M|
|poke|p1|Clefable, F|
|poke|p1|Melmetal|
|poke|p1|Zapdos|
|poke|p2|Volcanion|
|poke|p2|Tapu Koko|
|poke|p2|Tornadus-Therian, M|
|poke|p2|Ferrothorn, F|
|poke|p2|Landorus-Therian, M|
|poke|p2|Corviknight, F|
|teampreview
|c|☆mcp3|hf
|j| Two Inch Terry
|l| Two Inch Terry
|
|t:|1629403882
|start
|switch|p1a: Gza|Dracozolt|100/100
|switch|p2a: Landorus|Landorus-Therian, M|100/100
|-ability|p2a: Landorus|Intimidate|boost
|-unboost|p1a: Gza|atk|1
|turn|1
|
|t:|1629403889
|switch|p1a: Rza|Hippowdon, M|100/100
|-weather|Sandstorm|[from] ability: Sand Stream|[of] p1a: Rza
|move|p2a: Landorus|Earthquake|p1a: Rza
|-damage|p1a: Rza|74/100
|
|-weather|Sandstorm|[upkeep]
|upkeep
|turn|2
|
|t:|1629403895
|move|p2a: Landorus|U-turn|p1a: Rza
|-damage|p1a: Rza|61/100
|
|t:|1629403896
|switch|p2a: Ferrothorn|Ferrothorn, F|100/100|[from]move: U-turn
|move|p1a: Rza|Toxic|p2a: Ferrothorn
|-immune|p2a: Ferrothorn
|
|-weather|Sandstorm|[upkeep]
|upkeep
|turn|3
|
|t:|1629403901
|switch|p1a: Method Man|Melmetal|100/100
|move|p2a: Ferrothorn|Spikes|p1a: Method Man
|-sidestart|p1: Archerdagoat|Spikes
|
|-weather|Sandstorm|[upkeep]
|upkeep
|turn|4
|
|t:|1629403910
|switch|p2a: Corviknight|Corviknight, F|100/100
|-ability|p2a: Corviknight|Pressure
|move|p1a: Method Man|Superpower|p2a: Corviknight
|-damage|p2a: Corviknight|50/100
|-unboost|p1a: Method Man|atk|1
|-unboost|p1a: Method Man|def|1
|
|-weather|Sandstorm|[upkeep]
|-heal|p2a: Corviknight|57/100|[from] item: Leftovers
|upkeep
|turn|5
|
|t:|1629403917
|switch|p1a: Ghostface Killah|Zapdos|100/100
|move|p2a: Corviknight|U-turn|p1a: Ghostface Killah
|-resisted|p1a: Ghostface Killah
|-damage|p1a: Ghostface Killah|96/100
|
|t:|1629403923
|switch|p2a: Tapu Koko|Tapu Koko|100/100|[from]move: U-turn
|-fieldstart|move: Electric Terrain|[from] ability: Electric Surge|[of] p2a: Tapu Koko
|
|-weather|Sandstorm|[upkeep]
|-damage|p2a: Tapu Koko|94/100|[from] Sandstorm
|-damage|p1a: Ghostface Killah|89/100|[from] Sandstorm
|-heal|p1a: Ghostface Killah|96/100|[from] item: Leftovers
|upkeep
|turn|6
|
|t:|1629403932
|move|p2a: Tapu Koko|Calm Mind|p2a: Tapu Koko
|-boost|p2a: Tapu Koko|spa|1
|-boost|p2a: Tapu Koko|spd|1
|move|p1a: Ghostface Killah|Heat Wave|p2a: Tapu Koko
|-damage|p2a: Tapu Koko|69/100
|
|-weather|Sandstorm|[upkeep]
|-damage|p2a: Tapu Koko|63/100|[from] Sandstorm
|-damage|p1a: Ghostface Killah|89/100|[from] Sandstorm
|-heal|p1a: Ghostface Killah|96/100|[from] item: Leftovers
|upkeep
|turn|7
|
|t:|1629403936
|switch|p1a: Inspectah Deck|Clefable, F|100/100
|-damage|p1a: Inspectah Deck|88/100|[from] Spikes
|move|p2a: Tapu Koko|Dazzling Gleam|p1a: Inspectah Deck
|-damage|p1a: Inspectah Deck|58/100
|
|-weather|Sandstorm|[upkeep]
|-damage|p2a: Tapu Koko|57/100|[from] Sandstorm
|-damage|p1a: Inspectah Deck|52/100|[from] Sandstorm
|-heal|p1a: Inspectah Deck|58/100|[from] item: Leftovers
|upkeep
|turn|8
|
|t:|1629403945
|move|p1a: Inspectah Deck|Protect|p1a: Inspectah Deck
|-singleturn|p1a: Inspectah Deck|Protect
|move|p2a: Tapu Koko|Roost|p2a: Tapu Koko
|-heal|p2a: Tapu Koko|100/100
|-singleturn|p2a: Tapu Koko|move: Roost
|
|-weather|none
|-heal|p1a: Inspectah Deck|64/100|[from] item: Leftovers
|upkeep
|turn|9
|
|t:|1629403950
|move|p2a: Tapu Koko|Thunderbolt|p1a: Inspectah Deck
|-damage|p1a: Inspectah Deck|16/100
|move|p1a: Inspectah Deck|Wish|p1a: Inspectah Deck
|
|-heal|p1a: Inspectah Deck|22/100|[from] item: Leftovers
|-fieldend|move: Electric Terrain
|upkeep
|turn|10
|
|t:|1629403957
|switch|p2a: Landorus|Landorus-Therian, M|100/100
|-ability|p2a: Landorus|Intimidate|boost
|-unboost|p1a: Inspectah Deck|atk|1
|move|p1a: Inspectah Deck|Protect||[still]
|-fail|p1a: Inspectah Deck
|
|-heal|p1a: Inspectah Deck|72/100|[from] move: Wish|[wisher] Inspectah Deck
|-heal|p1a: Inspectah Deck|78/100|[from] item: Leftovers
|upkeep
|turn|11
|
|t:|1629403961
|switch|p1a: Raekwon|Urshifu-Rapid-Strike, M|100/100
|-damage|p1a: Raekwon|88/100|[from] Spikes
|move|p2a: Landorus|Knock Off|p1a: Raekwon
|-resisted|p1a: Raekwon
|-damage|p1a: Raekwon|72/100
|-enditem|p1a: Raekwon|Choice Band|[from] move: Knock Off|[of] p2a: Landorus
|
|upkeep
|turn|12
|
|t:|1629403969
|switch|p2a: PROGRESS|Tornadus-Therian, M|100/100
|move|p1a: Raekwon|Close Combat|p2a: PROGRESS
|-resisted|p2a: PROGRESS
|-damage|p2a: PROGRESS|66/100
|-unboost|p1a: Raekwon|def|1
|-unboost|p1a: Raekwon|spd|1
|
|upkeep
|turn|13
|
|t:|1629403975
|move|p2a: PROGRESS|Knock Off|p1a: Raekwon
|-resisted|p1a: Raekwon
|-damage|p1a: Raekwon|60/100
|move|p1a: Raekwon|Ice Punch|p2a: PROGRESS
|-supereffective|p2a: PROGRESS
|-damage|p2a: PROGRESS|9/100
|
|upkeep
|turn|14
|j| blessed days
|j| Typhlosion4
|
|t:|1629403985
|switch|p2a: Tapu Koko|Tapu Koko|100/100
|-fieldstart|move: Electric Terrain|[from] ability: Electric Surge|[of] p2a: Tapu Koko
|switch|p1a: Rza|Hippowdon, M|61/100
|-damage|p1a: Rza|49/100|[from] Spikes
|-weather|Sandstorm|[from] ability: Sand Stream|[of] p1a: Rza
|
|-weather|Sandstorm|[upkeep]
|-damage|p2a: Tapu Koko|94/100|[from] Sandstorm
|upkeep
|turn|15
|
|t:|1629403992
|switch|p2a: Ferrothorn|Ferrothorn, F|100/100
|switch|p1a: Method Man|Melmetal|100/100
|-damage|p1a: Method Man|88/100|[from] Spikes
|
|-weather|Sandstorm|[upkeep]
|upkeep
|turn|16
|
|t:|1629403998
|switch|p2a: Landorus|Landorus-Therian, M|100/100
|-ability|p2a: Landorus|Intimidate|boost
|-unboost|p1a: Method Man|atk|1
|move|p1a: Method Man|Double Iron Bash|p2a: Landorus
|-damage|p2a: Landorus|55/100
|-damage|p2a: Landorus|14/100
|-hitcount|p2a: Landorus|2
|
|-weather|Sandstorm|[upkeep]
|-heal|p2a: Landorus|20/100|[from] item: Leftovers
|upkeep
|turn|17
|
|t:|1629404006
|move|p2a: Landorus|Stealth Rock|p1a: Method Man
|-sidestart|p1: Archerdagoat|move: Stealth Rock
|move|p1a: Method Man|Double Iron Bash|p2a: Landorus
|-damage|p2a: Landorus|0 fnt
|faint|p2a: Landorus
|-hitcount|p2: Landorus|1
|
|-weather|Sandstorm|[upkeep]
|upkeep
|
|t:|1629404009
|switch|p2a: Volcanion|Volcanion|100/100
|turn|18
|
|t:|1629404016
|move|p2a: Volcanion|Substitute|p2a: Volcanion
|-start|p2a: Volcanion|Substitute
|-damage|p2a: Volcanion|76/100
|move|p1a: Method Man|Double Iron Bash|p2a: Volcanion
|-resisted|p2a: Volcanion
|-activate|p2a: Volcanion|move: Substitute|[damage]
|-resisted|p2a: Volcanion
|-activate|p2a: Volcanion|move: Substitute|[damage]
|-hitcount|p2a: Volcanion|2
|
|-weather|Sandstorm|[upkeep]
|-damage|p2a: Volcanion|70/100|[from] Sandstorm
|-fieldend|move: Electric Terrain
|upkeep
|turn|19
|
|t:|1629404025
|move|p2a: Volcanion|Fire Spin|p1a: Method Man
|-supereffective|p1a: Method Man
|-damage|p1a: Method Man|50/100
|-activate|p1a: Method Man|move: Fire Spin|[of] p2a: Volcanion
|move|p1a: Method Man|Double Iron Bash|p2a: Volcanion
|-resisted|p2a: Volcanion
|-end|p2a: Volcanion|Substitute
|-resisted|p2a: Volcanion
|-damage|p2a: Volcanion|59/100
|-hitcount|p2a: Volcanion|2
|
|-weather|Sandstorm|[upkeep]
|-damage|p2a: Volcanion|53/100|[from] Sandstorm
|-damage|p1a: Method Man|38/100|[from] move: Fire Spin|[partiallytrapped]
|upkeep
|turn|20
|j| TakeItEZFren
|
|t:|1629404035
|move|p2a: Volcanion|Substitute|p2a: Volcanion
|-start|p2a: Volcanion|Substitute
|-damage|p2a: Volcanion|28/100
|move|p1a: Method Man|Double Iron Bash|p2a: Volcanion
|-resisted|p2a: Volcanion
|-activate|p2a: Volcanion|move: Substitute|[damage]
|-resisted|p2a: Volcanion
|-activate|p2a: Volcanion|move: Substitute|[damage]
|-hitcount|p2a: Volcanion|2
|
|-weather|Sandstorm|[upkeep]
|-damage|p2a: Volcanion|22/100|[from] Sandstorm
|-damage|p1a: Method Man|25/100|[from] move: Fire Spin|[partiallytrapped]
|upkeep
|turn|21
|
|t:|1629404039
|move|p2a: Volcanion|Earthquake|p1a: Method Man
|-supereffective|p1a: Method Man
|-damage|p1a: Method Man|0 fnt
|faint|p1a: Method Man
|
|-weather|none
|upkeep
|
|t:|1629404043
|switch|p1a: Ghostface Killah|Zapdos|96/100
|-damage|p1a: Ghostface Killah|71/100|[from] Stealth Rock
|turn|22
|
|t:|1629404046
|move|p2a: Volcanion|Steam Eruption|p1a: Ghostface Killah
|-damage|p1a: Ghostface Killah|20/100
|move|p1a: Ghostface Killah|Defog|p2a: Volcanion
|-sideend|p1: Archerdagoat|Spikes|[from] move: Defog|[of] p1a: Ghostface Killah
|-sideend|p1: Archerdagoat|Stealth Rock|[from] move: Defog|[of] p1a: Ghostface Killah
|
|-heal|p1a: Ghostface Killah|26/100|[from] item: Leftovers
|upkeep
|turn|23
|
|t:|1629404054
|move|p2a: Volcanion|Steam Eruption|p1a: Ghostface Killah
|-damage|p1a: Ghostface Killah|0 fnt
|faint|p1a: Ghostface Killah
|
|upkeep
|j| Two Inch Terry
|
|t:|1629404058
|switch|p1a: Raekwon|Urshifu-Rapid-Strike, M|60/100
|turn|24
|l| Two Inch Terry
|
|t:|1629404064
|move|p1a: Raekwon|Close Combat|p2a: Volcanion
|-end|p2a: Volcanion|Substitute
|-unboost|p1a: Raekwon|def|1
|-unboost|p1a: Raekwon|spd|1
|move|p2a: Volcanion|Steam Eruption|p1a: Raekwon
|-resisted|p1a: Raekwon
|-damage|p1a: Raekwon|0 fnt
|faint|p1a: Raekwon
|
|upkeep
|c| Typhlosion4|Goat set
|
|t:|1629404067
|switch|p1a: Rza|Hippowdon, M|49/100
|-weather|Sandstorm|[from] ability: Sand Stream|[of] p1a: Rza
|turn|25
|j| Two Inch Terry
|c|☆mcp3|thanks man
|l| Two Inch Terry
|
|t:|1629404077
|switch|p1a: Inspectah Deck|Clefable, F|78/100
|move|p2a: Volcanion|Steam Eruption|p1a: Inspectah Deck
|-crit|p1a: Inspectah Deck
|-damage|p1a: Inspectah Deck|4/100
|
|-weather|Sandstorm|[upkeep]
|-damage|p2a: Volcanion|16/100|[from] Sandstorm
|-damage|p1a: Inspectah Deck|0 fnt|[from] Sandstorm
|faint|p1a: Inspectah Deck
|upkeep
|
|t:|1629404083
|switch|p1a: Gza|Dracozolt|100/100
|turn|26
|inactive|Battle timer is ON: inactive players will automatically lose when time's up. (requested by Archerdagoat)
|
|t:|1629404098
|switch|p2a: Ferrothorn|Ferrothorn, F|100/100
|move|p1a: Gza|Earthquake|p2a: Ferrothorn
|-damage|p2a: Ferrothorn|66/100
|-damage|p1a: Gza|91/100|[from] item: Life Orb
|
|-weather|Sandstorm|[upkeep]
|-heal|p2a: Ferrothorn|73/100|[from] item: Leftovers
|upkeep
|turn|27
|
|t:|1629404103
|switch|p2a: Corviknight|Corviknight, F|57/100
|-ability|p2a: Corviknight|Pressure
|move|p1a: Gza|Fire Fang|p2a: Corviknight
|-supereffective|p2a: Corviknight
|-damage|p2a: Corviknight|25/100
|-damage|p1a: Gza|81/100|[from] item: Life Orb
|
|-weather|Sandstorm|[upkeep]
|-heal|p2a: Corviknight|31/100|[from] item: Leftovers
|upkeep
|turn|28
|
|t:|1629404115
|switch|p2a: Volcanion|Volcanion|16/100
|move|p1a: Gza|Bolt Beak|p2a: Volcanion
|-supereffective|p2a: Volcanion
|-damage|p2a: Volcanion|0 fnt
|faint|p2a: Volcanion
|-damage|p1a: Gza|71/100|[from] item: Life Orb
|
|-weather|Sandstorm|[upkeep]
|upkeep
|c|☆Archerdagoat|Let’s see how long you can guess right friend
|inactive|mcp3 has 120 seconds left.
|j| Two Inch Terry
|l| Two Inch Terry
|inactive|mcp3 has 90 seconds left.
|j| malibou
|l| malibou
|inactive|mcp3 has 60 seconds left.
|
|t:|1629404214
|switch|p2a: Tapu Koko|Tapu Koko|94/100
|-fieldstart|move: Electric Terrain|[from] ability: Electric Surge|[of] p2a: Tapu Koko
|turn|29
|
|t:|1629404225
|switch|p2a: Ferrothorn|Ferrothorn, F|73/100
|move|p1a: Gza|Earthquake|p2a: Ferrothorn
|-damage|p2a: Ferrothorn|43/100
|-damage|p1a: Gza|61/100|[from] item: Life Orb
|
|-weather|Sandstorm|[upkeep]
|-heal|p2a: Ferrothorn|49/100|[from] item: Leftovers
|upkeep
|turn|30
|
|t:|1629404235
|switch|p2a: PROGRESS|Tornadus-Therian, M|42/100
|move|p1a: Gza|Fire Fang|p2a: PROGRESS
|-damage|p2a: PROGRESS|15/100
|-damage|p1a: Gza|51/100|[from] item: Life Orb
|
|-weather|Sandstorm|[upkeep]
|-damage|p2a: PROGRESS|9/100|[from] Sandstorm
|upkeep
|turn|31
|
|t:|1629404253
|move|p1a: Gza|Fire Fang|p2a: PROGRESS
|-damage|p2a: PROGRESS|0 fnt
|faint|p2a: PROGRESS
|-damage|p1a: Gza|41/100|[from] item: Life Orb
|
|-weather|Sandstorm|[upkeep]
|upkeep
|inactive|mcp3 has 30 seconds left.
|
|t:|1629404276
|switch|p2a: Corviknight|Corviknight, F|31/100
|-ability|p2a: Corviknight|Pressure
|turn|32
|j| Two Inch Terry
|l| Two Inch Terry
|
|t:|1629404284
|move|p1a: Gza|Bolt Beak|p2a: Corviknight
|-supereffective|p2a: Corviknight
|-damage|p2a: Corviknight|0 fnt
|faint|p2a: Corviknight
|-damage|p1a: Gza|31/100|[from] item: Life Orb
|
|-weather|none
|upkeep
|
|t:|1629404285
|switch|p2a: Tapu Koko|Tapu Koko|94/100
|turn|33
|
|t:|1629404287
|switch|p2a: Ferrothorn|Ferrothorn, F|49/100
|switch|p1a: Rza|Hippowdon, M|49/100
|-weather|Sandstorm|[from] ability: Sand Stream|[of] p1a: Rza
|
|-weather|Sandstorm|[upkeep]
|-heal|p2a: Ferrothorn|55/100|[from] item: Leftovers
|-fieldend|move: Electric Terrain
|upkeep
|turn|34
|
|t:|1629404295
|move|p1a: Rza|Earthquake|p2a: Ferrothorn
|-damage|p2a: Ferrothorn|29/100
|move|p2a: Ferrothorn|Leech Seed|p1a: Rza
|-start|p1a: Rza|move: Leech Seed
|
|-weather|Sandstorm|[upkeep]
|-heal|p2a: Ferrothorn|35/100|[from] item: Leftovers
|-damage|p1a: Rza|37/100|[from] Leech Seed|[of] p2a: Ferrothorn
|-heal|p2a: Ferrothorn|50/100|[silent]
|upkeep
|turn|35
|
|t:|1629404303
|move|p1a: Rza|Earthquake|p2a: Ferrothorn
|-damage|p2a: Ferrothorn|20/100
|move|p2a: Ferrothorn|Leech Seed||[still]
|-fail|p2a: Ferrothorn
|
|-weather|Sandstorm|[upkeep]
|-heal|p2a: Ferrothorn|27/100|[from] item: Leftovers
|-damage|p1a: Rza|24/100|[from] Leech Seed|[of] p2a: Ferrothorn
|-heal|p2a: Ferrothorn|41/100|[silent]
|upkeep
|turn|36
|
|t:|1629404306
|move|p1a: Rza|Earthquake|p2a: Ferrothorn
|-damage|p2a: Ferrothorn|15/100
|move|p2a: Ferrothorn|Spikes|p1a: Rza
|-sidestart|p1: Archerdagoat|Spikes
|
|-weather|Sandstorm|[upkeep]
|-heal|p2a: Ferrothorn|21/100|[from] item: Leftovers
|-damage|p1a: Rza|12/100|[from] Leech Seed|[of] p2a: Ferrothorn
|-heal|p2a: Ferrothorn|36/100|[silent]
|upkeep
|turn|37
|j| Two Inch Terry
|l| Two Inch Terry
|
|t:|1629404320
|switch|p1a: Gza|Dracozolt|31/100
|-damage|p1a: Gza|18/100|[from] Spikes
|move|p2a: Ferrothorn|Spikes|p1a: Gza
|-sidestart|p1: Archerdagoat|Spikes
|
|-weather|Sandstorm|[upkeep]
|-heal|p2a: Ferrothorn|42/100|[from] item: Leftovers
|upkeep
|turn|38
|c|☆Archerdagoat|I lost
|c|☆Archerdagoat|gg
|
|t:|1629404330
|switch|p2a: Tapu Koko|Tapu Koko|94/100
|-fieldstart|move: Electric Terrain|[from] ability: Electric Surge|[of] p2a: Tapu Koko
|move|p1a: Gza|Fire Fang|p2a: Tapu Koko
|-damage|p2a: Tapu Koko|59/100
|-damage|p1a: Gza|8/100|[from] item: Life Orb
|
|-weather|Sandstorm|[upkeep]
|-damage|p2a: Tapu Koko|52/100|[from] Sandstorm
|upkeep
|turn|39
|inactive|mcp3 has 90 seconds left.
|c|☆mcp3|gg!
|c| Typhlosion4|Goat
|
|t:|1629404342
|move|p1a: Gza|Earthquake|p2a: Tapu Koko
|-supereffective|p2a: Tapu Koko
|-damage|p2a: Tapu Koko|0 fnt
|faint|p2a: Tapu Koko
|-damage|p1a: Gza|0 fnt|[from] item: Life Orb
|faint|p1a: Gza
|
|-weather|Sandstorm|[upkeep]
|upkeep
|
|t:|1629404344
|switch|p2a: Ferrothorn|Ferrothorn, F|42/100
|switch|p1a: Rza|Hippowdon, M|12/100
|-damage|p1a: Rza|0 fnt|[from] Spikes
|faint|p1a: Rza
|
|win|mcp3
|raw|Archerdagoat's rating: 1794 &rarr; <strong>1776</strong><br />(-18 for losing)
|raw|mcp3's rating: 1833 &rarr; <strong>1851</strong><br />(+18 for winning)
|c|☆Archerdagoat|Yeah
|c|☆Archerdagoat|very wo
|c|☆Archerdagoat|wp
|c|☆mcp3|thank you:)
|l|☆Archerdagoat
|l| Typhlosion4
||Ladder isn't responding, score probably updated but might not have (Request timeout).
|j| gomikyu
|l| gomikyu
