|html|<div class="broadcast-blue"><strong>[Gen 8] OU is currently suspecting Melmetal! For information on how to participate check out the <a href="https://www.smogon.com/forums/threads/np-ss-ou-suspect-process-round-12-monster-mash.3709234/">suspect thread</a>.</strong></div>
|j|☆Queen Wegs
|j|☆IIIodyne
|inactive|Battle timer is ON: inactive players will automatically lose when time's up.
|t:|1665823661
|gametype|singles
|player|p1|Queen Wegs|serena-masters|
|player|p2|IIIodyne|169|
|teamsize|p1|6
|teamsize|p2|6
|gen|8
|tier|[Gen 8] OU
|rated|Tournament battle
|rule|Sleep Clause Mod: Limit one foe put to sleep
|rule|Species Clause: Limit one of each Pokémon
|rule|OHKO Clause: OHKO moves are banned
|rule|Evasion Items Clause: Evasion items are banned
|rule|Evasion Moves Clause: Evasion moves are banned
|rule|Endless Battle Clause: Forcing endless battles is banned
|rule|HP Percentage Mod: HP is shown in percentages
|rule|Dynamax Clause: You cannot dynamax
|clearpoke
|poke|p1|Tapu Lele|
|poke|p1|Urshifu-*, M|
|poke|p1|Hawlucha, M|
|poke|p1|Bisharp, M|
|poke|p1|Landorus-Therian, M|
|poke|p1|Volcarona, F|
|poke|p2|Snorlax, M|
|poke|p2|Suicune|
|poke|p2|Melmetal|
|poke|p2|Victini|
|poke|p2|Landorus-Therian, M|
|poke|p2|Zapdos|
|teampreview
|c|☆IIIodyne|hf
|
|t:|1665823690
|start
|switch|p1a: Wang Jingwei|Landorus-Therian, M|100/100
|switch|p2a: Suicune|Suicune|100/100
|-ability|p1a: Wang Jingwei|Intimidate|boost
|-unboost|p2a: Suicune|atk|1
|-ability|p2a: Suicune|Pressure
|turn|1
|
|t:|1665823717
|move|p1a: Wang Jingwei|Toxic|p2a: Suicune
|-status|p2a: Suicune|tox
|move|p2a: Suicune|Ice Beam|p1a: Wang Jingwei
|-supereffective|p1a: Wang Jingwei
|-damage|p1a: Wang Jingwei|24/100
|
|-heal|p1a: Wang Jingwei|30/100|[from] item: Leftovers
|-damage|p2a: Suicune|94/100 tox|[from] psn
|upkeep
|turn|2
|
|t:|1665823727
|switch|p1a: Jesus' Brother|Urshifu-Rapid-Strike, M|100/100
|move|p2a: Suicune|Scald|p1a: Jesus' Brother
|-resisted|p1a: Jesus' Brother
|-damage|p1a: Jesus' Brother|81/100
|-status|p1a: Jesus' Brother|brn
|
|-heal|p2a: Suicune|100/100 tox|[from] item: Leftovers
|-damage|p2a: Suicune|88/100 tox|[from] psn
|-damage|p1a: Jesus' Brother|74/100 brn|[from] brn
|upkeep
|turn|3
|
|t:|1665823737
|switch|p2a: Zapdos|Zapdos|100/100
|move|p1a: Jesus' Brother|Close Combat|p2a: Zapdos
|-resisted|p2a: Zapdos
|-damage|p2a: Zapdos|75/100
|-unboost|p1a: Jesus' Brother|def|1
|-unboost|p1a: Jesus' Brother|spd|1
|
|-damage|p1a: Jesus' Brother|68/100 brn|[from] brn
|upkeep
|turn|4
|j| Blaring Flare
|
|t:|1665823756
|switch|p1a: Wang Jingwei|Landorus-Therian, M|30/100
|-ability|p1a: Wang Jingwei|Intimidate|boost
|-unboost|p2a: Zapdos|atk|1
|move|p2a: Zapdos|Volt Switch|p1a: Wang Jingwei
|-immune|p1a: Wang Jingwei
|
|-heal|p1a: Wang Jingwei|36/100|[from] item: Leftovers
|upkeep
|turn|5
|
|t:|1665823765
|move|p2a: Zapdos|Hurricane|p1a: Wang Jingwei
|-damage|p1a: Wang Jingwei|0 fnt
|faint|p1a: Wang Jingwei
|
|upkeep
|
|t:|1665823771
|switch|p1a: Gutter Oil|Tapu Lele|100/100
|-fieldstart|move: Psychic Terrain|[from] ability: Psychic Surge|[of] p1a: Gutter Oil
|turn|6
|
|t:|1665823779
|switch|p2a: Melmetal|Melmetal|100/100
|move|p1a: Gutter Oil|Future Sight|p2a: Melmetal
|-start|p1a: Gutter Oil|move: Future Sight
|
|upkeep
|turn|7
|j| Mon cappuccino
|
|t:|1665823793
|switch|p1a: Genshin Impact|Volcarona, F|100/100
|switch|p2a: Zapdos|Zapdos|75/100
|
|upkeep
|turn|8
|l| Mon cappuccino
|
|t:|1665823812
|move|p1a: Genshin Impact|Quiver Dance|p1a: Genshin Impact
|-boost|p1a: Genshin Impact|spa|1
|-boost|p1a: Genshin Impact|spd|1
|-boost|p1a: Genshin Impact|spe|1
|move|p2a: Zapdos|Volt Switch|p1a: Genshin Impact
|-damage|p1a: Genshin Impact|73/100
|
|t:|1665823817
|switch|p2a: Landorus|Landorus-Therian, M|100/100|[from]move: Volt Switch
|-ability|p2a: Landorus|Intimidate|boost
|-unboost|p1a: Genshin Impact|atk|1
|
|-end|p2a: Landorus|move: Future Sight
|-damage|p2a: Landorus|0 fnt
|faint|p2a: Landorus
|upkeep
|
|t:|1665823820
|switch|p2a: Victini|Victini|100/100
|turn|9
|
|t:|1665823841
|move|p1a: Genshin Impact|Bug Buzz|p2a: Victini
|-crit|p2a: Victini
|-damage|p2a: Victini|0 fnt
|faint|p2a: Victini
|
|upkeep
|j| OUTD blood
|c|☆IIIodyne|nice crit
|
|t:|1665823853
|switch|p2a: Snorlax|Snorlax, M|100/100
|turn|10
|
|t:|1665823858
|switch|p1a: Chiang Kai-Shek|Bisharp, M|100/100
|move|p2a: Snorlax|Body Slam|p1a: Chiang Kai-Shek
|-resisted|p1a: Chiang Kai-Shek
|-damage|p1a: Chiang Kai-Shek|81/100
|
|-fieldend|move: Psychic Terrain
|upkeep
|turn|11
|
|t:|1665823873
|move|p1a: Chiang Kai-Shek|Knock Off|p2a: Snorlax
|-damage|p2a: Snorlax|35/100
|-enditem|p2a: Snorlax|Leftovers|[from] move: Knock Off|[of] p1a: Chiang Kai-Shek
|-damage|p1a: Chiang Kai-Shek|71/100|[from] item: Life Orb
|move|p2a: Snorlax|Heat Crash|p1a: Chiang Kai-Shek
|-supereffective|p1a: Chiang Kai-Shek
|-damage|p1a: Chiang Kai-Shek|0 fnt
|faint|p1a: Chiang Kai-Shek
|
|upkeep
|c| OUTD blood|yo that crit kinda nasty
|l| Blaring Flare
|c|☆IIIodyne|yeah it was :(
|
|t:|1665823894
|switch|p1a: Gutter Oil|Tapu Lele|100/100
|-fieldstart|move: Psychic Terrain|[from] ability: Psychic Surge|[of] p1a: Gutter Oil
|turn|12
|
|t:|1665823902
|move|p1a: Gutter Oil|Future Sight|p2a: Snorlax
|-start|p1a: Gutter Oil|move: Future Sight
|move|p2a: Snorlax|Body Slam|p1a: Gutter Oil
|-damage|p1a: Gutter Oil|54/100
|
|upkeep
|turn|13
|
|t:|1665823919
|switch|p1a: Jesus' Brother|Urshifu-Rapid-Strike, M|68/100 brn
|switch|p2a: Melmetal|Melmetal|100/100
|
|-damage|p1a: Jesus' Brother|62/100 brn|[from] brn
|upkeep
|turn|14
|
|t:|1665823929
|move|p1a: Jesus' Brother|Close Combat|p2a: Melmetal
|-supereffective|p2a: Melmetal
|-damage|p2a: Melmetal|43/100
|-unboost|p1a: Jesus' Brother|def|1
|-unboost|p1a: Jesus' Brother|spd|1
|move|p2a: Melmetal|Thunder Punch|p1a: Jesus' Brother
|-supereffective|p1a: Jesus' Brother
|-damage|p1a: Jesus' Brother|0 fnt
|faint|p1a: Jesus' Brother
|
|-end|p2a: Melmetal|move: Future Sight
|-resisted|p2a: Melmetal
|-damage|p2a: Melmetal|12/100
|upkeep
|c|☆IIIodyne|dang the cc hit hard too
|
|t:|1665823958
|switch|p1a: Lying Flat|Hawlucha, M|100/100
|-enditem|p1a: Lying Flat|Psychic Seed
|-boost|p1a: Lying Flat|spd|1|[from] item: Psychic Seed
|turn|15
|inactive|Queen Wegs has 120 seconds left.
|
|t:|1665823976
|move|p1a: Lying Flat|Close Combat|p2a: Melmetal
|-supereffective|p2a: Melmetal
|-damage|p2a: Melmetal|0 fnt
|-unboost|p1a: Lying Flat|def|1
|-unboost|p1a: Lying Flat|spd|1
|faint|p2a: Melmetal
|
|upkeep
|
|t:|1665823982
|switch|p2a: Zapdos|Zapdos|75/100
|turn|16
|
|t:|1665823985
|move|p1a: Lying Flat|Stone Edge|p2a: Zapdos
|-supereffective|p2a: Zapdos
|-damage|p2a: Zapdos|8/100
|move|p2a: Zapdos|Volt Switch|p1a: Lying Flat
|-supereffective|p1a: Lying Flat
|-damage|p1a: Lying Flat|0 fnt
|faint|p1a: Lying Flat
|
|t:|1665823991
|switch|p2a: Snorlax|Snorlax, M|35/100|[from]move: Volt Switch
|
|-fieldend|move: Psychic Terrain
|upkeep
|
|t:|1665824004
|switch|p1a: Gutter Oil|Tapu Lele|54/100
|-fieldstart|move: Psychic Terrain|[from] ability: Psychic Surge|[of] p1a: Gutter Oil
|turn|17
|
|t:|1665824011
|move|p1a: Gutter Oil|Psyshock|p2a: Snorlax
|-damage|p2a: Snorlax|0 fnt
|faint|p2a: Snorlax
|
|upkeep
|
|t:|1665824016
|switch|p2a: Suicune|Suicune|88/100 tox
|-ability|p2a: Suicune|Pressure
|turn|18
|
|t:|1665824020
|move|p1a: Gutter Oil|Psyshock|p2a: Suicune
|-damage|p2a: Suicune|56/100 tox
|move|p2a: Suicune|Calm Mind|p2a: Suicune
|-boost|p2a: Suicune|spa|1
|-boost|p2a: Suicune|spd|1
|
|-heal|p2a: Suicune|63/100 tox|[from] item: Leftovers
|-damage|p2a: Suicune|56/100 tox|[from] psn
|upkeep
|turn|19
|
|t:|1665824032
|switch|p1a: Genshin Impact|Volcarona, F|73/100
|move|p2a: Suicune|Rest|p2a: Suicune
|-status|p2a: Suicune|slp|[from] move: Rest
|-heal|p2a: Suicune|100/100 slp|[silent]
|
|upkeep
|turn|20
|
|t:|1665824037
|move|p1a: Genshin Impact|Quiver Dance|p1a: Genshin Impact
|-boost|p1a: Genshin Impact|spa|1
|-boost|p1a: Genshin Impact|spd|1
|-boost|p1a: Genshin Impact|spe|1
|cant|p2a: Suicune|slp
|
|upkeep
|turn|21
|
|t:|1665824042
|move|p1a: Genshin Impact|Quiver Dance|p1a: Genshin Impact
|-boost|p1a: Genshin Impact|spa|1
|-boost|p1a: Genshin Impact|spd|1
|-boost|p1a: Genshin Impact|spe|1
|cant|p2a: Suicune|slp
|
|-fieldend|move: Psychic Terrain
|upkeep
|turn|22
|
|t:|1665824056
|move|p1a: Genshin Impact|Bug Buzz|p2a: Suicune
|-damage|p2a: Suicune|52/100 slp
|-curestatus|p2a: Suicune|slp|[msg]
|move|p2a: Suicune|Calm Mind|p2a: Suicune
|-boost|p2a: Suicune|spa|1
|-boost|p2a: Suicune|spd|1
|
|-heal|p2a: Suicune|58/100|[from] item: Leftovers
|upkeep
|turn|23
|
|t:|1665824062
|move|p1a: Genshin Impact|Bug Buzz|p2a: Suicune
|-damage|p2a: Suicune|23/100
|move|p2a: Suicune|Scald|p1a: Genshin Impact
|-supereffective|p1a: Genshin Impact
|-damage|p1a: Genshin Impact|17/100
|
|-heal|p2a: Suicune|30/100|[from] item: Leftovers
|upkeep
|turn|24
|c| OUTD blood|only if u were giga
|c|☆IIIodyne|gg
|c|☆Queen Wegs|gg
|
|t:|1665824080
|move|p1a: Genshin Impact|Bug Buzz|p2a: Suicune
|-damage|p2a: Suicune|0 fnt
|faint|p2a: Suicune
|
|upkeep
|
|t:|1665824082
|switch|p2a: Zapdos|Zapdos|8/100
|turn|25
|
|t:|1665824086
|move|p1a: Genshin Impact|Flamethrower|p2a: Zapdos
|-damage|p2a: Zapdos|0 fnt
|faint|p2a: Zapdos
|
|win|Queen Wegs
|n|☆Queen Wegs|queenwegs
|n|☆IIIodyne|iiiodyne
|n| OUTD blood|outdblood
|l| OUTD blood
|c|☆IIIodyne|god that crit tho
