|j|☆Expert Cain
|j|☆Drm3
|t:|1639854174
|gametype|singles
|player|p1|Expert Cain|veteran-gen4|1655
|player|p2|Drm3|dragontamer|1870
|teamsize|p1|6
|teamsize|p2|6
|gen|8
|tier|[Gen 8] OU
|rated|
|rule|Sleep Clause Mod: Limit one foe put to sleep
|rule|Species Clause: Limit one of each Pokémon
|rule|OHKO Clause: OHKO moves are banned
|rule|Evasion Moves Clause: Evasion moves are banned
|rule|Endless Battle Clause: Forcing endless battles is banned
|rule|HP Percentage Mod: HP is shown in percentages
|rule|Dynamax Clause: You cannot dynamax
|clearpoke
|poke|p1|Tapu Koko|
|poke|p1|Tangrowth, F|
|poke|p1|Regieleki|
|poke|p1|Chansey, F|
|poke|p1|Urshifu-*, F|
|poke|p1|Manectric, F|
|poke|p2|Weavile, F|
|poke|p2|Lycanroc-Dusk, F|
|poke|p2|Dragonite, M|
|poke|p2|Nihilego|
|poke|p2|Excadrill, F|
|poke|p2|Slowbro, M|
|teampreview
|j| Misabi
|
|t:|1639854232
|start
|switch|p1a: Urshifu|Urshifu-Rapid-Strike, F|100/100
|switch|p2a: Nihilego|Nihilego|100/100
|turn|1
|j| BLM sympathizer
|
|t:|1639854238
|switch|p2a: Slowbro|Slowbro, M|100/100
|move|p1a: Urshifu|U-turn|p2a: Slowbro
|-supereffective|p2a: Slowbro
|-crit|p2a: Slowbro
|-damage|p2a: Slowbro|33/100
|-damage|p1a: Urshifu|84/100|[from] item: Rocky Helmet|[of] p2a: Slowbro
|c| BLM sympathizer|hurry i need to use the computer
|
|t:|1639854248
|switch|p1a: Manectric|Manectric, F|100/100|[from]move: U-turn
|
|upkeep
|turn|2
|
|t:|1639854253
|switch|p2a: Nihilego|Nihilego|100/100
|move|p1a: Manectric|Volt Switch|p2a: Nihilego
|-damage|p2a: Nihilego|79/100
|
|t:|1639854257
|switch|p1a: Urshifu|Urshifu-Rapid-Strike, F|84/100|[from]move: Volt Switch
|
|upkeep
|turn|3
|
|t:|1639854262
|switch|p2a: Slowbro|Slowbro, M|67/100
|move|p1a: Urshifu|Close Combat|p2a: Slowbro
|-resisted|p2a: Slowbro
|-damage|p2a: Slowbro|37/100
|-unboost|p1a: Urshifu|def|1
|-unboost|p1a: Urshifu|spd|1
|-damage|p1a: Urshifu|68/100|[from] item: Rocky Helmet|[of] p2a: Slowbro
|
|upkeep
|turn|4
|
|t:|1639854265
|move|p1a: Urshifu|Close Combat|p2a: Slowbro
|-resisted|p2a: Slowbro
|-damage|p2a: Slowbro|7/100
|-unboost|p1a: Urshifu|def|1
|-unboost|p1a: Urshifu|spd|1
|-damage|p1a: Urshifu|51/100|[from] item: Rocky Helmet|[of] p2a: Slowbro
|move|p2a: Slowbro|Slack Off|p2a: Slowbro
|-heal|p2a: Slowbro|57/100
|
|upkeep
|turn|5
|
|t:|1639854268
|switch|p1a: Manectric|Manectric, F|100/100
|move|p2a: Slowbro|Slack Off|p2a: Slowbro
|-heal|p2a: Slowbro|100/100
|
|upkeep
|turn|6
|
|t:|1639854271
|switch|p2a: Excadrill|Excadrill, F|100/100
|-ability|p2a: Excadrill|Mold Breaker
|move|p1a: Manectric|Volt Switch|p2a: Excadrill
|-immune|p2a: Excadrill
|
|upkeep
|turn|7
|
|t:|1639854274
|switch|p2a: Nihilego|Nihilego|79/100
|move|p1a: Manectric|Switcheroo|p2a: Nihilego
|-activate|p1a: Manectric|move: Trick|[of] p2a: Nihilego
|-item|p2a: Nihilego|Ring Target|[from] move: Switcheroo
|-item|p1a: Manectric|Focus Sash|[from] move: Switcheroo
|
|upkeep
|turn|8
|
|t:|1639854290
|move|p1a: Manectric|Volt Switch|p2a: Nihilego
|-damage|p2a: Nihilego|58/100
|
|t:|1639854292
|switch|p1a: Chansey|Chansey, F|100/100|[from]move: Volt Switch
|move|p2a: Nihilego|Toxic Spikes|p1a: Chansey
|-sidestart|p1: Expert Cain|move: Toxic Spikes
|
|upkeep
|turn|9
|
|t:|1639854300
|move|p2a: Nihilego|Knock Off|p1a: Chansey
|-damage|p1a: Chansey|92/100
|-enditem|p1a: Chansey|Eviolite|[from] move: Knock Off|[of] p2a: Nihilego
|move|p1a: Chansey|Teleport|p1a: Chansey
|
|t:|1639854305
|switch|p1a: Urshifu|Urshifu-Rapid-Strike, F|51/100|[from]move: Teleport
|-status|p1a: Urshifu|psn
|
|-damage|p1a: Urshifu|39/100 psn|[from] psn
|upkeep
|turn|10
|
|t:|1639854310
|switch|p2a: Slowbro|Slowbro, M|100/100
|move|p1a: Urshifu|U-turn|p2a: Slowbro
|-supereffective|p2a: Slowbro
|-damage|p2a: Slowbro|55/100
|-damage|p1a: Urshifu|22/100 psn|[from] item: Rocky Helmet|[of] p2a: Slowbro
|c| BLM sympathizer|gg
|
|t:|1639854317
|switch|p1a: Regieleki|Regieleki|100/100|[from]move: U-turn
|-status|p1a: Regieleki|psn
|
|-damage|p1a: Regieleki|88/100 psn|[from] psn
|upkeep
|turn|11
|c|☆Drm3|gg
|
|t:|1639854323
|switch|p2a: Excadrill|Excadrill, F|100/100
|-ability|p2a: Excadrill|Mold Breaker
|move|p1a: Regieleki|Rapid Spin|p2a: Excadrill
|-resisted|p2a: Excadrill
|-damage|p2a: Excadrill|93/100
|-boost|p1a: Regieleki|spe|1
|-sideend|p1: Expert Cain|Toxic Spikes|[from] move: Rapid Spin|[of] p1a: Regieleki
|
|-heal|p2a: Excadrill|99/100|[from] item: Leftovers
|-damage|p1a: Regieleki|76/100 psn|[from] psn
|upkeep
|turn|12
|j| Roiman980
|
|t:|1639854335
|switch|p1a: Tangrowth|Tangrowth, F|100/100
|move|p2a: Excadrill|Iron Head|p1a: Tangrowth
|-damage|p1a: Tangrowth|77/100
|-damage|p2a: Excadrill|83/100|[from] item: Rocky Helmet|[of] p1a: Tangrowth
|
|-heal|p2a: Excadrill|89/100|[from] item: Leftovers
|upkeep
|turn|13
|
|t:|1639854352
|switch|p2a: Dragonite|Dragonite, M|100/100
|switch|p1a: Urshifu|Urshifu-Rapid-Strike, F|22/100 psn
|
|-damage|p1a: Urshifu|10/100 psn|[from] psn
|upkeep
|turn|14
|
|t:|1639854359
|switch|p1a: Chansey|Chansey, F|92/100
|switch|p2a: Slowbro|Slowbro, M|88/100
|
|upkeep
|turn|15
|
|t:|1639854364
|move|p1a: Chansey|Teleport|p1a: Chansey
|j| MAGAO2020
|
|t:|1639854367
|switch|p1a: Tapu Koko|Tapu Koko|100/100|[from]move: Teleport
|-fieldstart|move: Electric Terrain|[from] ability: Electric Surge|[of] p1a: Tapu Koko
|move|p2a: Slowbro|Teleport|p2a: Slowbro
|
|t:|1639854370
|switch|p2a: Excadrill|Excadrill, F|89/100|[from]move: Teleport
|-ability|p2a: Excadrill|Mold Breaker
|
|-heal|p2a: Excadrill|95/100|[from] item: Leftovers
|upkeep
|turn|16
|
|t:|1639854373
|move|p1a: Tapu Koko|U-turn|p2a: Excadrill
|-resisted|p2a: Excadrill
|-damage|p2a: Excadrill|84/100
|
|t:|1639854376
|switch|p1a: Tangrowth|Tangrowth, F|100/100|[from]move: U-turn
|move|p2a: Excadrill|Earthquake|p1a: Tangrowth
|-resisted|p1a: Tangrowth
|-damage|p1a: Tangrowth|87/100
|
|-heal|p2a: Excadrill|90/100|[from] item: Leftovers
|upkeep
|turn|17
|
|t:|1639854380
|switch|p2a: Dragonite|Dragonite, M|100/100
|move|p1a: Tangrowth|Knock Off|p2a: Dragonite
|-damage|p2a: Dragonite|94/100
|-enditem|p2a: Dragonite|Heavy-Duty Boots|[from] move: Knock Off|[of] p1a: Tangrowth
|
|upkeep
|turn|18
|
|t:|1639854384
|switch|p2a: Nihilego|Nihilego|58/100
|move|p1a: Tangrowth|Toxic|p2a: Nihilego
|-immune|p2a: Nihilego
|
|upkeep
|turn|19
|-message|Expert Cain forfeited.
|
|win|Drm3
|raw|Expert Cain's rating: 1655 &rarr; <strong>1646</strong><br />(-9 for losing)
|raw|Drm3's rating: 1870 &rarr; <strong>1879</strong><br />(+9 for winning)
|l|☆Expert Cain
|j| Swagataka
|l|☆Drm3
|l| MAGAO2020
