|raw|<div class="broadcast-blue"><strong>This battle is required to be public due to a player having a name starting with 'lt81yl'.</div>
|j|☆LT81YL crying
|j|‽not mb
|t:|1625194533
|gametype|singles
|player|p1|LT81YL crying|ethan|1857
|player|p2|not mb|266|1902
|teamsize|p1|6
|teamsize|p2|6
|gen|8
|tier|[Gen 8] OU
|rated|
|rule|Sleep Clause Mod: Limit one foe put to sleep
|rule|Species Clause: Limit one of each Pokémon
|rule|OHKO Clause: OHKO moves are banned
|rule|Evasion Moves Clause: Evasion moves are banned
|rule|Endless Battle Clause: Forcing endless battles is banned
|rule|HP Percentage Mod: HP is shown in percentages
|rule|Dynamax Clause: You cannot dynamax
|clearpoke
|poke|p1|Landorus-Therian, M|
|poke|p1|Clefable, M|
|poke|p1|Melmetal|
|poke|p1|Dragapult, M|
|poke|p1|Kommo-o, M|
|poke|p1|Volcarona, F|
|poke|p2|Tapu Lele|
|poke|p2|Landorus-Therian, M|
|poke|p2|Zapdos|
|poke|p2|Volcanion|
|poke|p2|Dragapult, F|
|poke|p2|Melmetal|
|teampreview
|inactive|Battle timer is ON: inactive players will automatically lose when time's up. (requested by LT81YL crying)
|j| LT81YL Lits
|j| Maddie The Fed
|j| Dragonyte
|j| LT81YL Tace
|j| Gorgc
|j| Ron 5
|j| King Yugon
|
|t:|1625194564
|start
|switch|p1a: Dragapult|Dragapult, M|100/100
|switch|p2a: Volcanion|Volcanion|100/100
|turn|1
|j| lt81yl vab
|
|t:|1625194573
|switch|p2a: Melmetal|Melmetal|100/100
|move|p1a: Dragapult|Dragon Darts|p2a: Melmetal
|-resisted|p2a: Melmetal
|-damage|p2a: Melmetal|91/100
|-anim|p1a: Dragapult|Dragon Darts|p2a: Melmetal
|-resisted|p2a: Melmetal
|-damage|p2a: Melmetal|81/100
|-damage|p1a: Dragapult|91/100|[from] item: Life Orb
|
|-heal|p2a: Melmetal|87/100|[from] item: Leftovers
|upkeep
|turn|2
|l| Ron 5
|j| lt81yl gray
|j| Dread Arceus
|j| Dr. Woatli
|j| pliang888
|
|t:|1625194590
|switch|p1a: Volcarona|Volcarona, F|100/100
|move|p2a: Melmetal|Double Iron Bash|p1a: Volcarona
|-resisted|p1a: Volcarona
|-damage|p1a: Volcarona|78/100
|-resisted|p1a: Volcarona
|-damage|p1a: Volcarona|56/100
|-hitcount|p1a: Volcarona|2
|
|-heal|p2a: Melmetal|93/100|[from] item: Leftovers
|upkeep
|turn|3
|c| Dr. Woatli|"Bro check my snap story I'm drunk asf"
|j| vipersniper96
|
|t:|1625194600
|switch|p2a: Volcanion|Volcanion|100/100
|move|p1a: Volcarona|Roost|p1a: Volcarona
|-heal|p1a: Volcarona|100/100
|-singleturn|p1a: Volcarona|move: Roost
|
|upkeep
|turn|4
|
|t:|1625194609
|switch|p1a: Dragapult|Dragapult, M|91/100
|move|p2a: Volcanion|Steam Eruption|p1a: Dragapult
|-resisted|p1a: Dragapult
|-damage|p1a: Dragapult|53/100
|
|upkeep
|turn|5
|j| Udusjshs
|
|t:|1625194623
|switch|p1a: Volcarona|Volcarona, F|100/100
|move|p2a: Volcanion|Steam Eruption|p1a: Volcarona
|-supereffective|p1a: Volcarona
|-damage|p1a: Volcarona|0 fnt
|faint|p1a: Volcarona
|
|upkeep
|
|t:|1625194627
|switch|p1a: Clefable|Clefable, M|100/100
|turn|6
|
|t:|1625194632
|move|p2a: Volcanion|Sludge Bomb|p1a: Clefable
|-supereffective|p1a: Clefable
|-damage|p1a: Clefable|40/100
|-status|p1a: Clefable|psn
|move|p1a: Clefable|Stealth Rock|p2a: Volcanion
|-sidestart|p2: not mb|move: Stealth Rock
|
|upkeep
|turn|7
|j| skyexperimenter
|
|t:|1625194639
|move|p2a: Volcanion|Steam Eruption|p1a: Clefable
|-damage|p1a: Clefable|0 fnt
|faint|p1a: Clefable
|
|upkeep
|c| Dragonyte|very nice
|
|t:|1625194652
|switch|p1a: Landorus|Landorus-Therian, M|100/100
|-ability|p1a: Landorus|Intimidate|boost
|-unboost|p2a: Volcanion|atk|1
|turn|8
|
|t:|1625194678
|switch|p2a: Landorus|Landorus-Therian, M|100/100
|-damage|p2a: Landorus|88/100|[from] Stealth Rock
|-ability|p2a: Landorus|Intimidate|boost
|-unboost|p1a: Landorus|atk|1
|move|p1a: Landorus|Toxic|p2a: Landorus
|-status|p2a: Landorus|tox
|
|-heal|p2a: Landorus|94/100 tox|[from] item: Leftovers
|-damage|p2a: Landorus|88/100 tox|[from] psn
|upkeep
|turn|9
|
|t:|1625194685
|move|p2a: Landorus|Stealth Rock|p1a: Landorus
|-sidestart|p1: LT81YL crying|move: Stealth Rock
|move|p1a: Landorus|U-turn|p2a: Landorus
|-resisted|p2a: Landorus
|-damage|p2a: Landorus|80/100 tox
|
|t:|1625194688
|switch|p1a: Dragapult|Dragapult, M|53/100|[from]move: U-turn
|-damage|p1a: Dragapult|40/100|[from] Stealth Rock
|
|-heal|p2a: Landorus|86/100 tox|[from] item: Leftovers
|-damage|p2a: Landorus|74/100 tox|[from] psn
|upkeep
|turn|10
|c| Dread Arceus|xD
|
|t:|1625194703
|switch|p1a: Landorus|Landorus-Therian, M|100/100
|-damage|p1a: Landorus|88/100|[from] Stealth Rock
|-ability|p1a: Landorus|Intimidate|boost
|-unboost|p2a: Landorus|atk|1
|move|p2a: Landorus|Knock Off|p1a: Landorus
|-damage|p1a: Landorus|70/100
|-enditem|p1a: Landorus|Leftovers|[from] move: Knock Off|[of] p2a: Landorus
|
|-heal|p2a: Landorus|80/100 tox|[from] item: Leftovers
|-damage|p2a: Landorus|62/100 tox|[from] psn
|upkeep
|turn|11
|
|t:|1625194710
|move|p2a: Landorus|U-turn|p1a: Landorus
|-resisted|p1a: Landorus
|-damage|p1a: Landorus|62/100
|
|t:|1625194712
|switch|p2a: Melmetal|Melmetal|93/100|[from]move: U-turn
|-damage|p2a: Melmetal|87/100|[from] Stealth Rock
|move|p1a: Landorus|Earthquake|p2a: Melmetal
|-supereffective|p2a: Melmetal
|-damage|p2a: Melmetal|24/100
|
|-heal|p2a: Melmetal|30/100|[from] item: Leftovers
|upkeep
|turn|12
|
|t:|1625194716
|move|p2a: Melmetal|Protect|p2a: Melmetal
|-singleturn|p2a: Melmetal|Protect
|move|p1a: Landorus|Earthquake|p2a: Melmetal
|-activate|p2a: Melmetal|move: Protect
|
|-heal|p2a: Melmetal|36/100|[from] item: Leftovers
|upkeep
|turn|13
|
|t:|1625194720
|move|p1a: Landorus|Earthquake|p2a: Melmetal
|-supereffective|p2a: Melmetal
|-damage|p2a: Melmetal|0 fnt
|faint|p2a: Melmetal
|
|upkeep
|
|t:|1625194725
|switch|p2a: Dragapult|Dragapult, F|100/100
|-damage|p2a: Dragapult|88/100|[from] Stealth Rock
|turn|14
|
|t:|1625194730
|switch|p1a: Melmetal|Melmetal|100/100
|-damage|p1a: Melmetal|94/100|[from] Stealth Rock
|move|p2a: Dragapult|Dragon Darts|p1a: Melmetal
|-resisted|p1a: Melmetal
|-damage|p1a: Melmetal|85/100
|-anim|p2a: Dragapult|Dragon Darts|p1a: Melmetal
|-resisted|p1a: Melmetal
|-damage|p1a: Melmetal|75/100
|
|upkeep
|turn|15
|
|t:|1625194738
|switch|p2a: Zapdos|Zapdos|100/100
|switch|p1a: Landorus|Landorus-Therian, M|62/100
|-damage|p1a: Landorus|50/100|[from] Stealth Rock
|-ability|p1a: Landorus|Intimidate|boost
|-unboost|p2a: Zapdos|atk|1
|
|upkeep
|turn|16
|
|t:|1625194742
|move|p2a: Zapdos|Hurricane|p1a: Landorus
|-damage|p1a: Landorus|15/100
|move|p1a: Landorus|Toxic|p2a: Zapdos
|-status|p2a: Zapdos|tox
|
|-damage|p2a: Zapdos|94/100 tox|[from] psn
|upkeep
|turn|17
|l| lt81yl gray
|
|t:|1625194762
|move|p2a: Zapdos|Hurricane|p1a: Landorus
|-damage|p1a: Landorus|0 fnt
|faint|p1a: Landorus
|
|-damage|p2a: Zapdos|82/100 tox|[from] psn
|upkeep
|
|t:|1625194776
|switch|p1a: Kommo-o|Kommo-o, M|100/100
|-damage|p1a: Kommo-o|94/100|[from] Stealth Rock
|turn|18
|
|t:|1625194782
|move|p1a: Kommo-o|Clangorous Soul|p1a: Kommo-o
|-boost|p1a: Kommo-o|atk|1
|-boost|p1a: Kommo-o|def|1
|-boost|p1a: Kommo-o|spa|1
|-boost|p1a: Kommo-o|spd|1
|-boost|p1a: Kommo-o|spe|1
|-damage|p1a: Kommo-o|61/100
|-enditem|p1a: Kommo-o|Throat Spray
|-boost|p1a: Kommo-o|spa|1|[from] item: Throat Spray
|move|p2a: Zapdos|Volt Switch|p1a: Kommo-o
|-resisted|p1a: Kommo-o
|-damage|p1a: Kommo-o|50/100
|
|t:|1625194800
|switch|p2a: Landorus|Landorus-Therian, M|62/100 tox|[from]move: Volt Switch
|-damage|p2a: Landorus|50/100 tox|[from] Stealth Rock
|-ability|p2a: Landorus|Intimidate|boost
|-unboost|p1a: Kommo-o|atk|1
|
|-heal|p2a: Landorus|56/100 tox|[from] item: Leftovers
|-damage|p2a: Landorus|50/100 tox|[from] psn
|upkeep
|turn|19
|c| Dr. Woatli|noooooo
|
|t:|1625194807
|switch|p2a: Tapu Lele|Tapu Lele|100/100
|-damage|p2a: Tapu Lele|88/100|[from] Stealth Rock
|-fieldstart|move: Psychic Terrain|[from] ability: Psychic Surge|[of] p2a: Tapu Lele
|move|p1a: Kommo-o|Clanging Scales|p2a: Tapu Lele
|-immune|p2a: Tapu Lele
|
|upkeep
|turn|20
|
|t:|1625194810
|switch|p2a: Landorus|Landorus-Therian, M|50/100 tox
|-damage|p2a: Landorus|38/100 tox|[from] Stealth Rock
|-ability|p2a: Landorus|Intimidate|boost
|-unboost|p1a: Kommo-o|atk|1
|move|p1a: Kommo-o|Flash Cannon|p2a: Landorus
|-damage|p2a: Landorus|0 fnt
|faint|p2a: Landorus
|
|upkeep
|
|t:|1625194819
|switch|p2a: Zapdos|Zapdos|82/100 tox
|turn|21
|
|t:|1625194823
|move|p1a: Kommo-o|Clanging Scales|p2a: Zapdos
|-damage|p2a: Zapdos|0 fnt
|faint|p2a: Zapdos
|-unboost|p1a: Kommo-o|def|1
|
|upkeep
|c| Dr. Woatli|gg
|j| Ophion
|inactive|not mb has 120 seconds left.
|
|t:|1625194858
|switch|p2a: Tapu Lele|Tapu Lele|88/100
|-damage|p2a: Tapu Lele|76/100|[from] Stealth Rock
|turn|22
|l| skyexperimenter
|
|t:|1625194872
|move|p1a: Kommo-o|Flash Cannon|p2a: Tapu Lele
|-supereffective|p2a: Tapu Lele
|-damage|p2a: Tapu Lele|0 fnt
|faint|p2a: Tapu Lele
|
|upkeep
|
|t:|1625194876
|switch|p2a: Volcanion|Volcanion|100/100
|turn|23
|
|t:|1625194881
|move|p1a: Kommo-o|Clanging Scales|p2a: Volcanion
|-damage|p2a: Volcanion|0 fnt
|faint|p2a: Volcanion
|-unboost|p1a: Kommo-o|def|1
|
|-fieldend|move: Psychic Terrain
|upkeep
|-message|not mb forfeited.
|
|win|LT81YL crying
|raw|LT81YL crying's rating: 1857 &rarr; <strong>1880</strong><br />(+23 for winning)
|raw|not mb's rating: 1902 &rarr; <strong>1879</strong><br />(-23 for losing)
|l|‽not mb
|l| LT81YL Tace
|l| Dread Arceus
|l| Dragonyte
|l| lt81yl vab
|l|☆LT81YL crying
|l| King Yugon
|l| pliang888
|l| Maddie The Fed
|l| Ophion
|l| vipersniper96
