|j|☆PurebredCorgi
|j|☆2(H2O)-Alt
|t:|1653538217
|gametype|singles
|player|p1|PurebredCorgi|bugcatcher-gen4dp|1687
|player|p2|2(H2O)-Alt|viola|1668
|teamsize|p1|6
|teamsize|p2|6
|gen|8
|tier|[Gen 8] OU
|rated|
|rule|Sleep Clause Mod: Limit one foe put to sleep
|rule|Species Clause: Limit one of each Pokémon
|rule|OHKO Clause: OHKO moves are banned
|rule|Evasion Moves Clause: Evasion moves are banned
|rule|Endless Battle Clause: Forcing endless battles is banned
|rule|HP Percentage Mod: HP is shown in percentages
|rule|Dynamax Clause: You cannot dynamax
|clearpoke
|poke|p1|Crawdaunt, M|
|poke|p1|Espeon, M|
|poke|p1|Whimsicott, M|
|poke|p1|Gengar, M|
|poke|p1|Blaziken, M|
|poke|p1|Dragonite, M|
|poke|p2|Pelipper, M|
|poke|p2|Ludicolo, M|
|poke|p2|Barraskewda, M|
|poke|p2|Ferrothorn, M|
|poke|p2|Garchomp, M|
|poke|p2|Zapdos|
|teampreview
|inactive|Battle timer is ON: inactive players will automatically lose when time's up. (requested by PurebredCorgi)
|
|t:|1653538227
|start
|switch|p1a: Espeon|Espeon, M|100/100
|switch|p2a: Garchomp|Garchomp, M|100/100
|turn|1
|j| BabyPigsAreLaughin
|
|t:|1653538232
|move|p1a: Espeon|Reflect|p1a: Espeon
|-sidestart|p1: PurebredCorgi|Reflect
|move|p2a: Garchomp|Earthquake|p1a: Espeon
|-damage|p1a: Espeon|65/100
|
|upkeep
|turn|2
|
|t:|1653538239
|move|p1a: Espeon|Light Screen|p1a: Espeon
|-sidestart|p1: PurebredCorgi|move: Light Screen
|move|p2a: Garchomp|Earthquake|p1a: Espeon
|-damage|p1a: Espeon|34/100
|
|upkeep
|turn|3
|
|t:|1653538243
|move|p1a: Espeon|Future Sight|p2a: Garchomp
|-start|p1a: Espeon|move: Future Sight
|move|p2a: Garchomp|Fire Blast|p1a: Espeon
|-damage|p1a: Espeon|23/100
|
|upkeep
|turn|4
|
|t:|1653538267
|move|p1a: Espeon|Zap Cannon|p2a: Garchomp
|-immune|p2a: Garchomp
|move|p2a: Garchomp|Fire Blast|p1a: Espeon
|-damage|p1a: Espeon|12/100
|
|upkeep
|turn|5
|
|t:|1653538281
|switch|p2a: Ferrothorn|Ferrothorn, M|100/100
|move|p1a: Espeon|Zap Cannon|p2a: Ferrothorn
|-resisted|p2a: Ferrothorn
|-damage|p2a: Ferrothorn|85/100
|-status|p2a: Ferrothorn|par
|
|-end|p2a: Ferrothorn|move: Future Sight
|-resisted|p2a: Ferrothorn
|-damage|p2a: Ferrothorn|64/100 par
|-heal|p2a: Ferrothorn|71/100 par|[from] item: Leftovers
|upkeep
|turn|6
|
|t:|1653538291
|switch|p2a: Garchomp|Garchomp, M|100/100
|move|p1a: Espeon|Future Sight|p2a: Garchomp
|-start|p1a: Espeon|move: Future Sight
|
|upkeep
|turn|7
|
|t:|1653538296
|switch|p1a: Whimsicott|Whimsicott, M, shiny|100/100
|switch|p2a: Ferrothorn|Ferrothorn, M|71/100 par
|
|-heal|p2a: Ferrothorn|77/100 par|[from] item: Leftovers
|upkeep
|turn|8
|
|t:|1653538304
|switch|p1a: Espeon|Espeon, M|12/100
|move|p2a: Ferrothorn|Knock Off|p1a: Espeon
|-supereffective|p1a: Espeon
|-damage|p1a: Espeon|0 fnt
|-enditem|p1a: Espeon|Light Clay|[from] move: Knock Off|[of] p2a: Ferrothorn
|faint|p1a: Espeon
|
|-end|p2a: Ferrothorn|move: Future Sight
|-resisted|p2a: Ferrothorn
|-damage|p2a: Ferrothorn|55/100 par
|-heal|p2a: Ferrothorn|62/100 par|[from] item: Leftovers
|-sideend|p1: PurebredCorgi|Reflect
|upkeep
|
|t:|1653538317
|switch|p1a: Blaziken|Blaziken, M, shiny|100/100
|turn|9
|
|t:|1653538323
|switch|p2a: Pelipper|Pelipper, M|100/100
|-weather|RainDance|[from] ability: Drizzle|[of] p2a: Pelipper
|move|p1a: Blaziken|Swords Dance|p1a: Blaziken
|-boost|p1a: Blaziken|atk|2
|
|-weather|RainDance|[upkeep]
|-sideend|p1: PurebredCorgi|move: Light Screen
|-ability|p1a: Blaziken|Speed Boost|boost
|-boost|p1a: Blaziken|spe|1
|upkeep
|turn|10
|
|t:|1653538332
|switch|p2a: Garchomp|Garchomp, M|100/100
|move|p1a: Blaziken|Knock Off|p2a: Garchomp
|-damage|p2a: Garchomp|21/100
|-damage|p1a: Blaziken|88/100|[from] ability: Rough Skin|[of] p2a: Garchomp
|-enditem|p2a: Garchomp|Leftovers|[from] move: Knock Off|[of] p1a: Blaziken
|-damage|p1a: Blaziken|78/100|[from] item: Life Orb
|
|-weather|RainDance|[upkeep]
|-ability|p1a: Blaziken|Speed Boost|boost
|-boost|p1a: Blaziken|spe|1
|upkeep
|turn|11
|
|t:|1653538343
|move|p1a: Blaziken|Knock Off|p2a: Garchomp
|-damage|p2a: Garchomp|0 fnt
|-damage|p1a: Blaziken|66/100|[from] ability: Rough Skin|[of] p2a: Garchomp
|faint|p2a: Garchomp
|-damage|p1a: Blaziken|56/100|[from] item: Life Orb
|
|-weather|RainDance|[upkeep]
|-ability|p1a: Blaziken|Speed Boost|boost
|-boost|p1a: Blaziken|spe|1
|upkeep
|
|t:|1653538346
|switch|p2a: Zapdos|Zapdos|100/100
|turn|12
|
|t:|1653538354
|move|p1a: Blaziken|Knock Off|p2a: Zapdos
|-crit|p2a: Zapdos
|-damage|p2a: Zapdos|0 fnt
|-enditem|p2a: Zapdos|Heavy-Duty Boots|[from] move: Knock Off|[of] p1a: Blaziken
|faint|p2a: Zapdos
|-damage|p1a: Blaziken|46/100|[from] item: Life Orb
|
|-weather|RainDance|[upkeep]
|-ability|p1a: Blaziken|Speed Boost|boost
|-boost|p1a: Blaziken|spe|1
|upkeep
|-message|2(H2O)-Alt forfeited.
|
|win|PurebredCorgi
|raw|PurebredCorgi's rating: 1687 &rarr; <strong>1706</strong><br />(+19 for winning)
|raw|2(H2O)-Alt's rating: 1668 &rarr; <strong>1649</strong><br />(-19 for losing)
|l|☆2(H2O)-Alt
|l| BabyPigsAreLaughin
