|raw|<div class="broadcast-blue"><strong>This battle is required to be public due to a player having a name starting with 'lt92pf'.</div>
|j|☆LT92PF agmmys
|j|☆YSWelcomeToForever
|t:|1659891419
|gametype|singles
|player|p1|LT92PF agmmys|red|1597
|player|p2|YSWelcomeToForever|riley|1578
|teamsize|p1|6
|teamsize|p2|6
|gen|8
|tier|[Gen 8] OU
|rated|
|rule|Sleep Clause Mod: Limit one foe put to sleep
|rule|Species Clause: Limit one of each Pokémon
|rule|OHKO Clause: OHKO moves are banned
|rule|Evasion Items Clause: Evasion items are banned
|rule|Evasion Moves Clause: Evasion moves are banned
|rule|Endless Battle Clause: Forcing endless battles is banned
|rule|HP Percentage Mod: HP is shown in percentages
|rule|Dynamax Clause: You cannot dynamax
|clearpoke
|poke|p1|Pelipper, F|
|poke|p1|Ferrothorn, M|
|poke|p1|Barraskewda, F|
|poke|p1|Seismitoad, F|
|poke|p1|Zapdos|
|poke|p1|Crawdaunt, M|
|poke|p2|Tapu Koko|
|poke|p2|Regieleki|
|poke|p2|Landorus-Therian, M|
|poke|p2|Kartana|
|poke|p2|Toxapex, M|
|poke|p2|Garchomp, F|
|teampreview
|inactive|Battle timer is ON: inactive players will automatically lose when time's up. (requested by YSWelcomeToForever)
|
|t:|1659891460
|start
|switch|p1a: Pelipper|Pelipper, F|100/100
|switch|p2a: Kartana|Kartana|100/100
|-weather|RainDance|[from] ability: Drizzle|[of] p1a: Pelipper
|turn|1
|
|t:|1659891468
|switch|p1a: Ferrothorn|Ferrothorn, M|100/100
|move|p2a: Kartana|Knock Off|p1a: Ferrothorn
|-damage|p1a: Ferrothorn|75/100
|-damage|p2a: Kartana|88/100|[from] ability: Iron Barbs|[of] p1a: Ferrothorn
|-enditem|p1a: Ferrothorn|Eject Button|[from] move: Knock Off|[of] p2a: Kartana
|
|-weather|RainDance|[upkeep]
|upkeep
|turn|2
|
|t:|1659891471
|switch|p2a: Landorus|Landorus-Therian, M|100/100
|-ability|p2a: Landorus|Intimidate|boost
|-unboost|p1a: Ferrothorn|atk|1
|move|p1a: Ferrothorn|Stealth Rock|p2a: Landorus
|-sidestart|p2: YSWelcomeToForever|move: Stealth Rock
|
|-weather|RainDance|[upkeep]
|upkeep
|turn|3
|
|t:|1659891474
|switch|p1a: Barraskewda|Barraskewda, F|100/100
|move|p2a: Landorus|Stealth Rock|p1a: Barraskewda
|-sidestart|p1: LT92PF agmmys|move: Stealth Rock
|
|-weather|RainDance|[upkeep]
|upkeep
|turn|4
|
|t:|1659891478
|switch|p2a: Toxapex|Toxapex, M|100/100
|-damage|p2a: Toxapex|88/100|[from] Stealth Rock
|move|p1a: Barraskewda|Flip Turn|p2a: Toxapex
|-resisted|p2a: Toxapex
|-damage|p2a: Toxapex|65/100
|-enditem|p2a: Toxapex|Eject Button
|
|t:|1659891483
|switch|p2a: Landorus|Landorus-Therian, M|100/100
|-damage|p2a: Landorus|88/100|[from] Stealth Rock
|-ability|p2a: Landorus|Intimidate|boost
|-unboost|p1a: Barraskewda|atk|1
|
|-weather|RainDance|[upkeep]
|upkeep
|turn|5
|
|t:|1659891486
|switch|p2a: Toxapex|Toxapex, M|99/100
|-damage|p2a: Toxapex|86/100|[from] Stealth Rock
|move|p1a: Barraskewda|Flip Turn|p2a: Toxapex
|-resisted|p2a: Toxapex
|-damage|p2a: Toxapex|70/100
|
|t:|1659891489
|switch|p1a: Zapdos|Zapdos|100/100|[from]move: Flip Turn
|-damage|p1a: Zapdos|76/100|[from] Stealth Rock
|
|-weather|RainDance|[upkeep]
|upkeep
|turn|6
|
|t:|1659891492
|switch|p2a: Tapu Koko|Tapu Koko|100/100
|-fieldstart|move: Electric Terrain|[from] ability: Electric Surge|[of] p2a: Tapu Koko
|move|p1a: Zapdos|Hurricane|p2a: Tapu Koko
|-resisted|p2a: Tapu Koko
|-damage|p2a: Tapu Koko|33/100
|-start|p2a: Tapu Koko|confusion
|
|-weather|RainDance|[upkeep]
|upkeep
|turn|7
|
|t:|1659891495
|-activate|p2a: Tapu Koko|confusion
|move|p2a: Tapu Koko|Thunderbolt|p1a: Zapdos
|-damage|p1a: Zapdos|19/100
|move|p1a: Zapdos|Hurricane|p2a: Tapu Koko
|-resisted|p2a: Tapu Koko
|-damage|p2a: Tapu Koko|0 fnt
|faint|p2a: Tapu Koko
|
|-weather|RainDance|[upkeep]
|upkeep
|
|t:|1659891504
|switch|p2a: Kartana|Kartana|88/100
|-damage|p2a: Kartana|82/100|[from] Stealth Rock
|turn|8
|
|t:|1659891513
|move|p2a: Kartana|Knock Off|p1a: Zapdos
|-damage|p1a: Zapdos|0 fnt
|-enditem|p1a: Zapdos|Choice Specs|[from] move: Knock Off|[of] p2a: Kartana
|faint|p1a: Zapdos
|-ability|p2a: Kartana|Beast Boost|boost
|-boost|p2a: Kartana|atk|1
|
|-weather|none
|upkeep
|
|t:|1659891520
|switch|p1a: Ferrothorn|Ferrothorn, M|75/100
|-damage|p1a: Ferrothorn|69/100|[from] Stealth Rock
|turn|9
|
|t:|1659891527
|move|p2a: Kartana|Knock Off|p1a: Ferrothorn
|-damage|p1a: Ferrothorn|43/100
|-damage|p2a: Kartana|70/100|[from] ability: Iron Barbs|[of] p1a: Ferrothorn
|move|p1a: Ferrothorn|Body Press|p2a: Kartana
|-supereffective|p2a: Kartana
|-damage|p2a: Kartana|9/100
|
|upkeep
|turn|10
|
|t:|1659891530
|switch|p2a: Landorus|Landorus-Therian, M|88/100
|-damage|p2a: Landorus|76/100|[from] Stealth Rock
|-ability|p2a: Landorus|Intimidate|boost
|-unboost|p1a: Ferrothorn|atk|1
|move|p1a: Ferrothorn|Knock Off|p2a: Landorus
|-damage|p2a: Landorus|59/100
|-damage|p1a: Ferrothorn|26/100|[from] item: Rocky Helmet|[of] p2a: Landorus
|-enditem|p2a: Landorus|Rocky Helmet|[from] move: Knock Off|[of] p1a: Ferrothorn
|
|-fieldend|move: Electric Terrain
|upkeep
|turn|11
|
|t:|1659891535
|switch|p1a: Pelipper|Pelipper, F|100/100
|-damage|p1a: Pelipper|76/100|[from] Stealth Rock
|-weather|RainDance|[from] ability: Drizzle|[of] p1a: Pelipper
|move|p2a: Landorus|Earthquake|p1a: Pelipper
|-immune|p1a: Pelipper
|
|-weather|RainDance|[upkeep]
|upkeep
|turn|12
|
|t:|1659891538
|move|p2a: Landorus|Explosion|p1a: Pelipper
|-damage|p1a: Pelipper|0 fnt
|faint|p2a: Landorus
|faint|p1a: Pelipper
|
|-weather|RainDance|[upkeep]
|upkeep
|
|t:|1659891544
|switch|p2a: Garchomp|Garchomp, F|100/100
|switch|p1a: Crawdaunt|Crawdaunt, M|100/100
|-damage|p2a: Garchomp|94/100|[from] Stealth Rock
|-damage|p1a: Crawdaunt|88/100|[from] Stealth Rock
|turn|13
|
|t:|1659891551
|switch|p1a: Ferrothorn|Ferrothorn, M|26/100
|-damage|p1a: Ferrothorn|20/100|[from] Stealth Rock
|move|p2a: Garchomp|Earthquake|p1a: Ferrothorn
|-crit|p1a: Ferrothorn
|-damage|p1a: Ferrothorn|0 fnt
|faint|p1a: Ferrothorn
|
|-weather|RainDance|[upkeep]
|-heal|p2a: Garchomp|100/100|[from] item: Leftovers
|upkeep
|
|t:|1659891553
|switch|p1a: Barraskewda|Barraskewda, F|100/100
|-damage|p1a: Barraskewda|88/100|[from] Stealth Rock
|turn|14
|
|t:|1659891572
|switch|p2a: Toxapex|Toxapex, M|100/100
|-damage|p2a: Toxapex|88/100|[from] Stealth Rock
|move|p1a: Barraskewda|Liquidation|p2a: Toxapex
|-resisted|p2a: Toxapex
|-damage|p2a: Toxapex|58/100
|
|-weather|RainDance|[upkeep]
|upkeep
|turn|15
|
|t:|1659891576
|move|p1a: Barraskewda|Liquidation|p2a: Toxapex
|-resisted|p2a: Toxapex
|-damage|p2a: Toxapex|25/100
|move|p2a: Toxapex|Toxic|p1a: Barraskewda
|-status|p1a: Barraskewda|tox
|
|-weather|RainDance|[upkeep]
|-damage|p1a: Barraskewda|82/100 tox|[from] psn
|upkeep
|turn|16
|
|t:|1659891582
|switch|p2a: Kartana|Kartana|9/100
|-damage|p2a: Kartana|2/100|[from] Stealth Rock
|move|p1a: Barraskewda|Liquidation|p2a: Kartana
|-resisted|p2a: Kartana
|-damage|p2a: Kartana|0 fnt
|faint|p2a: Kartana
|
|-weather|RainDance|[upkeep]
|-damage|p1a: Barraskewda|70/100 tox|[from] psn
|upkeep
|
|t:|1659891586
|switch|p2a: Toxapex|Toxapex, M|58/100
|-damage|p2a: Toxapex|46/100|[from] Stealth Rock
|turn|17
|
|t:|1659891595
|switch|p1a: Seismitoad|Seismitoad, F|100/100
|-damage|p1a: Seismitoad|95/100|[from] Stealth Rock
|move|p2a: Toxapex|Recover|p2a: Toxapex
|-heal|p2a: Toxapex|96/100
|
|-weather|RainDance|[upkeep]
|upkeep
|turn|18
|
|t:|1659891600
|move|p1a: Seismitoad|Earth Power|p2a: Toxapex
|-supereffective|p2a: Toxapex
|-damage|p2a: Toxapex|18/100
|move|p2a: Toxapex|Toxic|p1a: Seismitoad
|-status|p1a: Seismitoad|tox
|
|-weather|none
|-damage|p1a: Seismitoad|89/100 tox|[from] psn
|upkeep
|turn|19
|
|t:|1659891608
|switch|p2a: Regieleki|Regieleki|100/100
|-damage|p2a: Regieleki|88/100|[from] Stealth Rock
|move|p1a: Seismitoad|Earth Power|p2a: Regieleki
|-supereffective|p2a: Regieleki
|-damage|p2a: Regieleki|0 fnt
|faint|p2a: Regieleki
|
|-damage|p1a: Seismitoad|77/100 tox|[from] psn
|upkeep
|
|t:|1659891633
|switch|p2a: Garchomp|Garchomp, F|100/100
|-damage|p2a: Garchomp|94/100|[from] Stealth Rock
|turn|20
|
|t:|1659891639
|move|p2a: Garchomp|Earthquake|p1a: Seismitoad
|-damage|p1a: Seismitoad|10/100 tox
|move|p1a: Seismitoad|Icy Wind|p2a: Garchomp
|-supereffective|p2a: Garchomp
|-damage|p2a: Garchomp|14/100
|-unboost|p2a: Garchomp|spe|1
|
|-heal|p2a: Garchomp|20/100|[from] item: Leftovers
|-damage|p1a: Seismitoad|0 fnt|[from] psn
|faint|p1a: Seismitoad
|upkeep
|
|t:|1659891644
|switch|p1a: Barraskewda|Barraskewda, F|70/100 tox
|-damage|p1a: Barraskewda|58/100 tox|[from] Stealth Rock
|turn|21
|
|t:|1659891649
|switch|p2a: Toxapex|Toxapex, M|51/100
|-damage|p2a: Toxapex|38/100|[from] Stealth Rock
|move|p1a: Barraskewda|Flip Turn|p2a: Toxapex
|-resisted|p2a: Toxapex
|-damage|p2a: Toxapex|25/100
|
|t:|1659891652
|switch|p1a: Crawdaunt|Crawdaunt, M|88/100|[from]move: Flip Turn
|-damage|p1a: Crawdaunt|76/100|[from] Stealth Rock
|
|upkeep
|turn|22
|
|t:|1659891654
|switch|p2a: Garchomp|Garchomp, F|20/100
|-damage|p2a: Garchomp|14/100|[from] Stealth Rock
|move|p1a: Crawdaunt|Knock Off|p2a: Garchomp
|-damage|p2a: Garchomp|0 fnt
|-damage|p1a: Crawdaunt|63/100|[from] ability: Rough Skin|[of] p2a: Garchomp
|-enditem|p2a: Garchomp|Leftovers|[from] move: Knock Off|[of] p1a: Crawdaunt
|faint|p2a: Garchomp
|-damage|p1a: Crawdaunt|54/100|[from] item: Life Orb
|
|upkeep
|
|t:|1659891656
|switch|p2a: Toxapex|Toxapex, M|58/100
|-damage|p2a: Toxapex|45/100|[from] Stealth Rock
|turn|23
|
|t:|1659891660
|move|p1a: Crawdaunt|Swords Dance|p1a: Crawdaunt
|-boost|p1a: Crawdaunt|atk|2
|move|p2a: Toxapex|Recover|p2a: Toxapex
|-heal|p2a: Toxapex|95/100
|
|upkeep
|turn|24
|
|t:|1659891662
|move|p1a: Crawdaunt|Knock Off|p2a: Toxapex
|-crit|p2a: Toxapex
|-damage|p2a: Toxapex|0 fnt
|faint|p2a: Toxapex
|-damage|p1a: Crawdaunt|44/100|[from] item: Life Orb
|
|win|LT92PF agmmys
|raw|LT92PF agmmys's rating: 1597 &rarr; <strong>1616</strong><br />(+19 for winning)
|raw|YSWelcomeToForever's rating: 1578 &rarr; <strong>1559</strong><br />(-19 for losing)
|l|☆YSWelcomeToForever
