|j|☆Charmalane
|j|☆gaenisalbino
|t:|1647063968
|gametype|singles
|player|p1|Charmalane|brawly|1788
|player|p2|gaenisalbino|blue|1748
|teamsize|p1|6
|teamsize|p2|6
|gen|8
|tier|[Gen 8] OU
|rated|
|rule|Sleep Clause Mod: Limit one foe put to sleep
|rule|Species Clause: Limit one of each Pokémon
|rule|OHKO Clause: OHKO moves are banned
|rule|Evasion Moves Clause: Evasion moves are banned
|rule|Endless Battle Clause: Forcing endless battles is banned
|rule|HP Percentage Mod: HP is shown in percentages
|rule|Dynamax Clause: You cannot dynamax
|clearpoke
|poke|p1|Mew|
|poke|p1|Celesteela|
|poke|p1|Weavile, M|
|poke|p1|Dragonite, F|
|poke|p1|Volcarona, F|
|poke|p1|Kartana|
|poke|p2|Urshifu-*, M|
|poke|p2|Blacephalon|
|poke|p2|Slowking, M|
|poke|p2|Tornadus-Therian, M|
|poke|p2|Landorus-Therian, M|
|poke|p2|Ferrothorn, M|
|teampreview
|j| Ctannn
|
|t:|1647064004
|start
|switch|p1a: Happy|Mew, shiny|100/100
|switch|p2a: Birb|Tornadus-Therian, M, shiny|100/100
|turn|1
|
|t:|1647064014
|move|p2a: Birb|Knock Off|p1a: Happy
|-supereffective|p1a: Happy
|-damage|p1a: Happy|60/100
|-enditem|p1a: Happy|Focus Sash|[from] move: Knock Off|[of] p2a: Birb
|move|p1a: Happy|Thunder Wave|p2a: Birb
|-status|p2a: Birb|par
|
|upkeep
|turn|2
|
|t:|1647064019
|move|p1a: Happy|Stealth Rock|p2a: Birb
|-sidestart|p2: gaenisalbino|move: Stealth Rock
|move|p2a: Birb|Defog|p1a: Happy
|-unboost|p1a: Happy|evasion|1
|-sideend|p2: gaenisalbino|Stealth Rock|[from] move: Defog|[of] p2a: Birb
|
|upkeep
|turn|3
|
|t:|1647064023
|move|p1a: Happy|Stealth Rock|p2a: Birb
|-sidestart|p2: gaenisalbino|move: Stealth Rock
|cant|p2a: Birb|par
|
|upkeep
|turn|4
|
|t:|1647064026
|move|p1a: Happy|Ice Beam|p2a: Birb
|-supereffective|p2a: Birb
|-damage|p2a: Birb|51/100 par
|cant|p2a: Birb|par
|
|upkeep
|turn|5
|
|t:|1647064035
|move|p1a: Happy|Ice Beam|p2a: Birb
|-supereffective|p2a: Birb
|-damage|p2a: Birb|0 fnt
|faint|p2a: Birb
|
|upkeep
|
|t:|1647064055
|switch|p2a: Pennywise|Blacephalon, shiny|100/100
|-damage|p2a: Pennywise|76/100|[from] Stealth Rock
|turn|6
|j| Nextgene
|
|t:|1647064066
|move|p2a: Pennywise|Shadow Ball|p1a: Happy
|-supereffective|p1a: Happy
|-damage|p1a: Happy|0 fnt
|faint|p1a: Happy
|-ability|p2a: Pennywise|Beast Boost|boost
|-boost|p2a: Pennywise|spa|1
|
|upkeep
|j| Crawdauntsthebeast
|
|t:|1647064093
|switch|p1a: Shadow|Weavile, M|100/100
|-ability|p1a: Shadow|Pressure
|turn|7
|j| zombie5
|
|t:|1647064117
|switch|p2a: Hugs for Free|Ferrothorn, M, shiny|100/100
|-damage|p2a: Hugs for Free|94/100|[from] Stealth Rock
|move|p1a: Shadow|Knock Off|p2a: Hugs for Free
|-damage|p2a: Hugs for Free|67/100
|-damage|p1a: Shadow|88/100|[from] ability: Iron Barbs|[of] p2a: Hugs for Free
|-damage|p1a: Shadow|72/100|[from] item: Rocky Helmet|[of] p2a: Hugs for Free
|-enditem|p2a: Hugs for Free|Rocky Helmet|[from] move: Knock Off|[of] p1a: Shadow
|
|upkeep
|turn|8
|
|t:|1647064139
|switch|p1a: Great Fox|Celesteela|100/100
|move|p2a: Hugs for Free|Thunder Wave|p1a: Great Fox
|-status|p1a: Great Fox|par
|
|upkeep
|turn|9
|
|t:|1647064145
|move|p1a: Great Fox|Meteor Beam||[still]
|-prepare|p1a: Great Fox|Meteor Beam
|-boost|p1a: Great Fox|spa|1
|-enditem|p1a: Great Fox|Power Herb
|-anim|p1a: Great Fox|Meteor Beam|p2a: Hugs for Free
|-resisted|p2a: Hugs for Free
|-damage|p2a: Hugs for Free|43/100
|move|p2a: Hugs for Free|Leech Seed|p1a: Great Fox
|-start|p1a: Great Fox|move: Leech Seed
|
|-damage|p1a: Great Fox|88/100 par|[from] Leech Seed|[of] p2a: Hugs for Free
|-heal|p2a: Hugs for Free|55/100|[silent]
|upkeep
|turn|10
|
|t:|1647064154
|switch|p2a: Speed|Slowking, M, shiny|100/100
|cant|p1a: Great Fox|par
|
|-damage|p1a: Great Fox|76/100 par|[from] Leech Seed|[of] p2a: Speed
|upkeep
|turn|11
|
|t:|1647064160
|move|p1a: Great Fox|Air Slash|p2a: Speed
|-damage|p2a: Speed|67/100
|cant|p2a: Speed|flinch
|
|-damage|p1a: Great Fox|64/100 par|[from] Leech Seed|[of] p2a: Speed
|-heal|p2a: Speed|77/100|[silent]
|upkeep
|turn|12
|
|t:|1647064168
|cant|p1a: Great Fox|par
|move|p2a: Speed|Scald|p1a: Great Fox
|-damage|p1a: Great Fox|37/100 par
|
|-damage|p1a: Great Fox|24/100 par|[from] Leech Seed|[of] p2a: Speed
|-heal|p2a: Speed|88/100|[silent]
|upkeep
|turn|13
|
|t:|1647064172
|move|p1a: Great Fox|Air Slash|p2a: Speed
|-damage|p2a: Speed|50/100
|cant|p2a: Speed|flinch
|
|-damage|p1a: Great Fox|12/100 par|[from] Leech Seed|[of] p2a: Speed
|-heal|p2a: Speed|61/100|[silent]
|upkeep
|turn|14
|
|t:|1647064176
|cant|p1a: Great Fox|par
|move|p2a: Speed|Teleport|p2a: Speed
|
|t:|1647064198
|switch|p2a: Dogo|Landorus-Therian, M, shiny|100/100|[from]move: Teleport
|-damage|p2a: Dogo|88/100|[from] Stealth Rock
|-ability|p2a: Dogo|Intimidate|boost
|-unboost|p1a: Great Fox|atk|1
|
|-heal|p2a: Dogo|94/100|[from] item: Leftovers
|-damage|p1a: Great Fox|0 fnt|[from] Leech Seed|[of] p2a: Dogo
|-heal|p2a: Dogo|100/100|[silent]
|faint|p1a: Great Fox
|upkeep
|j| DudeManSimpLadChap
|
|t:|1647064221
|switch|p1a: Jade|Dragonite, F, shiny|100/100
|turn|15
|
|t:|1647064227
|move|p1a: Jade|Dragon Dance|p1a: Jade
|-boost|p1a: Jade|atk|1
|-boost|p1a: Jade|spe|1
|move|p2a: Dogo|Toxic|p1a: Jade
|-status|p1a: Jade|tox
|
|-damage|p1a: Jade|94/100 tox|[from] psn
|upkeep
|turn|16
|
|t:|1647064234
|switch|p2a: Hugs for Free|Ferrothorn, M, shiny|55/100
|-damage|p2a: Hugs for Free|49/100|[from] Stealth Rock
|move|p1a: Jade|Dragon Dance|p1a: Jade
|-boost|p1a: Jade|atk|1
|-boost|p1a: Jade|spe|1
|
|-damage|p1a: Jade|82/100 tox|[from] psn
|upkeep
|turn|17
|j| AquaVanilla
|j| aT Morph
|
|t:|1647064238
|switch|p2a: Dogo|Landorus-Therian, M, shiny|100/100
|-damage|p2a: Dogo|88/100|[from] Stealth Rock
|-ability|p2a: Dogo|Intimidate|boost
|-unboost|p1a: Jade|atk|1
|move|p1a: Jade|Earthquake|p2a: Dogo
|-immune|p2a: Dogo
|
|-heal|p2a: Dogo|94/100|[from] item: Leftovers
|-damage|p1a: Jade|63/100 tox|[from] psn
|upkeep
|turn|18
|l| AquaVanilla
|
|t:|1647064246
|switch|p2a: Hugs for Free|Ferrothorn, M, shiny|49/100
|-damage|p2a: Hugs for Free|43/100|[from] Stealth Rock
|move|p1a: Jade|Earthquake|p2a: Hugs for Free
|-damage|p2a: Hugs for Free|9/100
|
|-damage|p1a: Jade|39/100 tox|[from] psn
|upkeep
|turn|19
|j| lowtiergod007
|
|t:|1647064251
|move|p1a: Jade|Ice Punch|p2a: Hugs for Free
|-damage|p2a: Hugs for Free|0 fnt
|-damage|p1a: Jade|26/100 tox|[from] ability: Iron Barbs|[of] p2a: Hugs for Free
|faint|p2a: Hugs for Free
|
|-damage|p1a: Jade|0 fnt|[from] psn
|faint|p1a: Jade
|upkeep
|l| DudeManSimpLadChap
|
|t:|1647064266
|switch|p1a: Tanjiro|Kartana|100/100
|switch|p2a: Pennywise|Blacephalon, shiny|76/100
|-damage|p2a: Pennywise|51/100|[from] Stealth Rock
|turn|20
|c| lowtiergod007|urshifu destroys this team
|l| Ctannn
|
|t:|1647064275
|move|p1a: Tanjiro|Knock Off|p2a: Pennywise
|-supereffective|p2a: Pennywise
|-damage|p2a: Pennywise|0 fnt
|-enditem|p2a: Pennywise|Choice Scarf|[from] move: Knock Off|[of] p1a: Tanjiro
|faint|p2a: Pennywise
|-ability|p1a: Tanjiro|Beast Boost|boost
|-boost|p1a: Tanjiro|atk|1
|
|upkeep
|c| lowtiergod007|speed tie lol
|j| ayevon
|c| lowtiergod007|actually no
|
|t:|1647064292
|switch|p2a: Bruce Lee|Urshifu-Rapid-Strike, M|100/100
|-damage|p2a: Bruce Lee|94/100|[from] Stealth Rock
|turn|21
|l| ayevon
|
|t:|1647064309
|switch|p1a: Eclipsa|Volcarona, F|100/100
|move|p2a: Bruce Lee|Surging Strikes|p1a: Eclipsa
|-supereffective|p1a: Eclipsa
|-crit|p1a: Eclipsa
|-damage|p1a: Eclipsa|37/100
|-supereffective|p1a: Eclipsa
|-crit|p1a: Eclipsa
|-damage|p1a: Eclipsa|0 fnt
|faint|p1a: Eclipsa
|-hitcount|p1: Eclipsa|2
|
|upkeep
|
|t:|1647064317
|switch|p1a: Tanjiro|Kartana|100/100
|turn|22
|c| lowtiergod007|no flame body haha
|j| muronghong
|c|☆gaenisalbino|Ye I lost anyway
|c|☆gaenisalbino|Should not have sacked torn
|c|☆gaenisalbino|I thought it was sd kart on ho like this
|l| zombie5
|c| lowtiergod007|no u can win
|c|☆gaenisalbino|No i doubt that
|c| lowtiergod007|lando
|c| lowtiergod007|u can win
|c|☆gaenisalbino|It dies
|c| lowtiergod007|no
|c|☆gaenisalbino|Lemme calc quickly
|c| lowtiergod007|not with 1 attack
|j| Golem Rising
|
|t:|1647064465
|switch|p2a: Dogo|Landorus-Therian, M, shiny|94/100
|-damage|p2a: Dogo|82/100|[from] Stealth Rock
|-ability|p2a: Dogo|Intimidate|boost
|-unboost|p1a: Tanjiro|atk|1
|move|p1a: Tanjiro|Leaf Blade|p2a: Dogo
|-damage|p2a: Dogo|46/100
|
|-heal|p2a: Dogo|52/100|[from] item: Leftovers
|upkeep
|turn|23
|c| lowtiergod007|see
|j| Slysamurai
|
|t:|1647064476
|switch|p1a: Shadow|Weavile, M|72/100
|-ability|p1a: Shadow|Pressure
|move|p2a: Dogo|Earthquake|p1a: Shadow
|-damage|p1a: Shadow|0 fnt
|faint|p1a: Shadow
|
|-heal|p2a: Dogo|58/100|[from] item: Leftovers
|upkeep
|
|t:|1647064482
|switch|p1a: Tanjiro|Kartana|100/100
|turn|24
|c| lowtiergod007|keep switchin lando
|c| lowtiergod007|to down his attack
|c|☆gaenisalbino|It still will be one
|c|☆gaenisalbino|Beast boost
|c| lowtiergod007|yea but will be a roll
|
|t:|1647064539
|move|p1a: Tanjiro|Leaf Blade|p2a: Dogo
|-crit|p2a: Dogo
|-damage|p2a: Dogo|0 fnt
|faint|p2a: Dogo
|-ability|p1a: Tanjiro|Beast Boost|boost
|-boost|p1a: Tanjiro|atk|1
|
|upkeep
|c|☆gaenisalbino|Oh nvm
|c| lowtiergod007|plus he got rocks
|c|☆gaenisalbino|Gg
|c| lowtiergod007|lol
|c|☆Charmalane|gg
|c| lowtiergod007|lets go hax
|-message|gaenisalbino forfeited.
|
|win|Charmalane
|raw|Charmalane's rating: 1788 &rarr; <strong>1806</strong><br />(+18 for winning)
|raw|gaenisalbino's rating: 1748 &rarr; <strong>1730</strong><br />(-18 for losing)
|c|☆gaenisalbino|Eh
|l| aT Morph
