|j|☆Turn 2
|j|☆BOX MUNCHER
|t:|1656350356
|gametype|singles
|player|p1|Turn 2|roxie|1448
|player|p2|BOX MUNCHER|scientist|1498
|teamsize|p1|6
|teamsize|p2|6
|gen|8
|tier|[Gen 8] OU
|rated|
|rule|Sleep Clause Mod: Limit one foe put to sleep
|rule|Species Clause: Limit one of each Pokémon
|rule|OHKO Clause: OHKO moves are banned
|rule|Evasion Moves Clause: Evasion moves are banned
|rule|Endless Battle Clause: Forcing endless battles is banned
|rule|HP Percentage Mod: HP is shown in percentages
|rule|Dynamax Clause: You cannot dynamax
|clearpoke
|poke|p1|Zapdos|
|poke|p1|Heatran, M|
|poke|p1|Ferrothorn, F|
|poke|p1|Dragapult, M|
|poke|p1|Buzzwole|
|poke|p1|Blissey, F|
|poke|p2|Heliolisk, M|
|poke|p2|Golurk|
|poke|p2|Shedinja|
|poke|p2|Heatran, M|
|poke|p2|Weezing-Galar, F|
|poke|p2|Terrakion|
|teampreview
|inactive|Battle timer is ON: inactive players will automatically lose when time's up. (requested by Turn 2)
|
|t:|1656350381
|start
|switch|p1a: Buzzwole|Buzzwole|100/100
|switch|p2a: Heliolisk|Heliolisk, M|100/100
|turn|1
|
|t:|1656350389
|switch|p1a: Blissey|Blissey, F|100/100
|move|p2a: Heliolisk|U-turn|p1a: Blissey
|-damage|p1a: Blissey|92/100
|
|t:|1656350396
|switch|p2a: Golurk|Golurk|100/100|[from]move: U-turn
|
|upkeep
|turn|2
|
|t:|1656350402
|switch|p1a: Ferrothorn|Ferrothorn, F|100/100
|move|p2a: Golurk|Dynamic Punch|p1a: Ferrothorn
|-supereffective|p1a: Ferrothorn
|-damage|p1a: Ferrothorn|34/100
|-start|p1a: Ferrothorn|confusion
|-damage|p2a: Golurk|88/100|[from] ability: Iron Barbs|[of] p1a: Ferrothorn
|
|-heal|p1a: Ferrothorn|40/100|[from] item: Leftovers
|upkeep
|turn|3
|
|t:|1656350416
|switch|p2a: Weezing|Weezing-Galar, F|100/100
|switch|p1a: Zapdos|Zapdos|100/100
|
|upkeep
|turn|4
|
|t:|1656350426
|switch|p2a: Golurk|Golurk|88/100
|move|p1a: Zapdos|Volt Switch|p2a: Golurk
|-immune|p2a: Golurk
|
|upkeep
|turn|5
|
|t:|1656350444
|switch|p1a: Buzzwole|Buzzwole|100/100
|move|p2a: Golurk|Poltergeist|p1a: Buzzwole
|-activate|p1a: Buzzwole|move: Poltergeist|Choice Band
|-damage|p1a: Buzzwole|31/100
|
|upkeep
|turn|6
|
|t:|1656350461
|switch|p2a: Shedinja|Shedinja|100/100
|move|p1a: Buzzwole|Poison Jab|p2a: Shedinja
|-immune|p2a: Shedinja|[from] ability: Wonder Guard
|
|upkeep
|turn|7
|
|t:|1656350470
|switch|p1a: Ferrothorn|Ferrothorn, F|40/100
|move|p2a: Shedinja|Swords Dance|p2a: Shedinja
|-boost|p2a: Shedinja|atk|2
|
|-heal|p1a: Ferrothorn|47/100|[from] item: Leftovers
|upkeep
|turn|8
|
|t:|1656350479
|move|p2a: Shedinja|Poltergeist|p1a: Ferrothorn
|-activate|p1a: Ferrothorn|move: Poltergeist|Leftovers
|-damage|p1a: Ferrothorn|0 fnt
|faint|p1a: Ferrothorn
|
|upkeep
|
|t:|1656350487
|switch|p1a: Zapdos|Zapdos|100/100
|turn|9
|
|t:|1656350499
|switch|p2a: Golurk|Golurk|88/100
|move|p1a: Zapdos|Heat Wave|p2a: Golurk
|-crit|p2a: Golurk
|-damage|p2a: Golurk|47/100
|
|upkeep
|turn|10
|
|t:|1656350509
|switch|p1a: Blissey|Blissey, F|92/100
|move|p2a: Golurk|Stone Edge|p1a: Blissey
|-damage|p1a: Blissey|44/100
|
|upkeep
|turn|11
|
|t:|1656350522
|switch|p2a: Terrakion|Terrakion|100/100
|move|p1a: Blissey|Soft-Boiled|p1a: Blissey
|-heal|p1a: Blissey|94/100
|
|upkeep
|turn|12
|
|t:|1656350532
|switch|p1a: Buzzwole|Buzzwole|31/100
|move|p2a: Terrakion|Swords Dance|p2a: Terrakion
|-boost|p2a: Terrakion|atk|2
|
|upkeep
|turn|13
|
|t:|1656350548
|move|p2a: Terrakion|Earthquake|p1a: Buzzwole
|-resisted|p1a: Buzzwole
|-damage|p1a: Buzzwole|5/100
|move|p1a: Buzzwole|Close Combat|p2a: Terrakion
|-supereffective|p2a: Terrakion
|-damage|p2a: Terrakion|0 fnt
|-unboost|p1a: Buzzwole|def|1
|-unboost|p1a: Buzzwole|spd|1
|faint|p2a: Terrakion
|-ability|p1a: Buzzwole|Beast Boost|boost
|-boost|p1a: Buzzwole|atk|1
|
|upkeep
|
|t:|1656350553
|switch|p2a: Heliolisk|Heliolisk, M|100/100
|turn|14
|
|t:|1656350561
|move|p2a: Heliolisk|U-turn|p1a: Buzzwole
|-resisted|p1a: Buzzwole
|-damage|p1a: Buzzwole|0 fnt
|faint|p1a: Buzzwole
|
|t:|1656350568
|switch|p2a: Weezing|Weezing-Galar, F|100/100|[from]move: U-turn
|
|upkeep
|
|t:|1656350573
|switch|p1a: Heatran|Heatran, M|100/100
|-item|p1a: Heatran|Air Balloon
|turn|15
|
|t:|1656350598
|move|p2a: Weezing|Protect|p2a: Weezing
|-singleturn|p2a: Weezing|Protect
|move|p1a: Heatran|Eruption|p2a: Weezing
|-activate|p2a: Weezing|move: Protect
|
|upkeep
|turn|16
|
|t:|1656350605
|switch|p2a: Heatran|Heatran, M|100/100
|-item|p2a: Heatran|Air Balloon
|move|p1a: Heatran|Eruption|p2a: Heatran
|-start|p2a: Heatran|ability: Flash Fire
|
|upkeep
|turn|17
|
|t:|1656350617
|-end|p2a: Heatran|ability: Flash Fire|[silent]
|switch|p2a: Heliolisk|Heliolisk, M|100/100
|move|p1a: Heatran|Stealth Rock|p2a: Heliolisk
|-sidestart|p2: BOX MUNCHER|move: Stealth Rock
|
|upkeep
|turn|18
|
|t:|1656350627
|switch|p1a: Blissey|Blissey, F|94/100
|move|p2a: Heliolisk|U-turn|p1a: Blissey
|-damage|p1a: Blissey|86/100
|
|t:|1656350643
|switch|p2a: Golurk|Golurk|47/100|[from]move: U-turn
|-damage|p2a: Golurk|41/100|[from] Stealth Rock
|
|upkeep
|turn|19
|
|t:|1656350659
|move|p2a: Golurk|Poltergeist|p1a: Blissey
|-immune|p1a: Blissey
|move|p1a: Blissey|Teleport|p1a: Blissey
|
|t:|1656350665
|switch|p1a: Dragapult|Dragapult, M|100/100|[from]move: Teleport
|
|upkeep
|turn|20
|
|t:|1656350677
|switch|p2a: Heliolisk|Heliolisk, M|100/100
|move|p1a: Dragapult|Flamethrower|p2a: Heliolisk
|-damage|p2a: Heliolisk|39/100
|
|upkeep
|turn|21
|
|t:|1656350684
|switch|p2a: Heatran|Heatran, M|100/100
|-damage|p2a: Heatran|88/100|[from] Stealth Rock
|-item|p2a: Heatran|Air Balloon
|move|p1a: Dragapult|Flamethrower|p2a: Heatran
|-start|p2a: Heatran|ability: Flash Fire
|
|upkeep
|turn|22
|
|t:|1656350695
|switch|p1a: Heatran|Heatran, M|100/100
|-item|p1a: Heatran|Air Balloon
|move|p2a: Heatran|Stealth Rock|p1a: Heatran
|-sidestart|p1: Turn 2|move: Stealth Rock
|
|upkeep
|turn|23
|
|t:|1656350705
|move|p1a: Heatran|Eruption|p2a: Heatran
|-immune|p2a: Heatran|[from] ability: Flash Fire
|move|p2a: Heatran|Stealth Rock||[still]
|-fail|p2a: Heatran
|
|upkeep
|turn|24
|l|☆BOX MUNCHER
|inactive|BOX MUNCHER disconnected and has a minute to reconnect!
|player|p2|
|inactive|BOX MUNCHER has 30 seconds to reconnect!
|j|☆BOX MUNCHER
|inactive|BOX MUNCHER reconnected and has 115 seconds left.
|player|p2|BOX MUNCHER|scientist
|
|t:|1656350747
|move|p1a: Heatran|Magma Storm|p2a: Heatran
|-immune|p2a: Heatran|[from] ability: Flash Fire
|move|p2a: Heatran|Eruption|p1a: Heatran
|-start|p1a: Heatran|ability: Flash Fire
|
|upkeep
|turn|25
|inactive|Turn 2 has 120 seconds left.
|
|t:|1656350782
|move|p1a: Heatran|Magma Storm|p2a: Heatran
|-immune|p2a: Heatran|[from] ability: Flash Fire
|move|p2a: Heatran|Eruption|p1a: Heatran
|-immune|p1a: Heatran|[from] ability: Flash Fire
|
|upkeep
|turn|26
|inactive|BOX MUNCHER has 120 seconds left.
|
|t:|1656350792
|move|p1a: Heatran|Magma Storm|p2a: Heatran
|-immune|p2a: Heatran|[from] ability: Flash Fire
|move|p2a: Heatran|Stealth Rock||[still]
|-fail|p2a: Heatran
|
|upkeep
|turn|27
|
|t:|1656350802
|move|p1a: Heatran|Stealth Rock||[still]
|-fail|p1a: Heatran
|move|p2a: Heatran|Eruption|p1a: Heatran
|-immune|p1a: Heatran|[from] ability: Flash Fire
|
|upkeep
|turn|28
|
|t:|1656350810
|move|p1a: Heatran|Stealth Rock||[still]
|-fail|p1a: Heatran
|move|p2a: Heatran|Stealth Rock||[still]
|-fail|p2a: Heatran
|
|upkeep
|turn|29
|
|t:|1656350820
|move|p1a: Heatran|Stealth Rock||[still]
|-fail|p1a: Heatran
|move|p2a: Heatran|Stealth Rock||[still]
|-fail|p2a: Heatran
|
|upkeep
|turn|30
|
|t:|1656350832
|move|p1a: Heatran|Stealth Rock||[still]
|-fail|p1a: Heatran
|move|p2a: Heatran|Stealth Rock||[still]
|-fail|p2a: Heatran
|
|upkeep
|turn|31
|
|t:|1656350846
|move|p1a: Heatran|Stealth Rock||[still]
|-fail|p1a: Heatran
|move|p2a: Heatran|Stealth Rock||[still]
|-fail|p2a: Heatran
|
|upkeep
|turn|32
|
|t:|1656350853
|-end|p1a: Heatran|ability: Flash Fire|[silent]
|switch|p1a: Zapdos|Zapdos|100/100
|move|p2a: Heatran|Stealth Rock||[still]
|-fail|p2a: Heatran
|
|upkeep
|turn|33
|
|t:|1656350877
|-end|p2a: Heatran|ability: Flash Fire|[silent]
|switch|p2a: Weezing|Weezing-Galar, F|100/100
|-damage|p2a: Weezing|88/100|[from] Stealth Rock
|move|p1a: Zapdos|Volt Switch|p2a: Weezing
|-damage|p2a: Weezing|49/100
|
|t:|1656350887
|switch|p1a: Dragapult|Dragapult, M|100/100|[from]move: Volt Switch
|-damage|p1a: Dragapult|88/100|[from] Stealth Rock
|
|-heal|p2a: Weezing|55/100|[from] item: Black Sludge
|upkeep
|turn|34
|
|t:|1656350897
|move|p2a: Weezing|Protect|p2a: Weezing
|-singleturn|p2a: Weezing|Protect
|move|p1a: Dragapult|Shadow Ball|p2a: Weezing
|-activate|p2a: Weezing|move: Protect
|
|-heal|p2a: Weezing|61/100|[from] item: Black Sludge
|upkeep
|turn|35
|
|t:|1656350906
|switch|p2a: Heliolisk|Heliolisk, M|39/100
|move|p1a: Dragapult|Shadow Ball|p2a: Heliolisk
|-immune|p2a: Heliolisk
|
|upkeep
|turn|36
|
|t:|1656350914
|switch|p1a: Zapdos|Zapdos|100/100
|move|p2a: Heliolisk|Parabolic Charge|p1a: Zapdos
|-damage|p1a: Zapdos|72/100
|-heal|p2a: Heliolisk|60/100|[from] drain|[of] p1a: Zapdos
|
|upkeep
|turn|37
|
|t:|1656350924
|move|p2a: Heliolisk|U-turn|p1a: Zapdos
|-resisted|p1a: Zapdos
|-damage|p1a: Zapdos|67/100
|
|t:|1656350930
|switch|p2a: Weezing|Weezing-Galar, F|61/100|[from]move: U-turn
|-damage|p2a: Weezing|49/100|[from] Stealth Rock
|move|p1a: Zapdos|Heat Wave|p2a: Weezing
|-damage|p2a: Weezing|16/100
|-status|p2a: Weezing|brn
|
|-heal|p2a: Weezing|22/100 brn|[from] item: Black Sludge
|-damage|p2a: Weezing|16/100 brn|[from] brn
|upkeep
|turn|38
|
|t:|1656350943
|switch|p2a: Golurk|Golurk|41/100
|-damage|p2a: Golurk|35/100|[from] Stealth Rock
|move|p1a: Zapdos|Volt Switch|p2a: Golurk
|-immune|p2a: Golurk
|
|upkeep
|turn|39
|
|t:|1656350951
|move|p1a: Zapdos|Heat Wave|p2a: Golurk
|-damage|p2a: Golurk|8/100
|move|p2a: Golurk|Stone Edge|p1a: Zapdos
|-supereffective|p1a: Zapdos
|-damage|p1a: Zapdos|0 fnt
|faint|p1a: Zapdos
|
|upkeep
|
|t:|1656350961
|switch|p1a: Dragapult|Dragapult, M|88/100
|-damage|p1a: Dragapult|76/100|[from] Stealth Rock
|turn|40
|
|t:|1656350976
|switch|p2a: Weezing|Weezing-Galar, F|16/100 brn
|-damage|p2a: Weezing|3/100 brn|[from] Stealth Rock
|move|p1a: Dragapult|U-turn|p2a: Weezing
|-resisted|p2a: Weezing
|-damage|p2a: Weezing|1/100 brn
|
|t:|1656350983
|switch|p1a: Blissey|Blissey, F|86/100|[from]move: U-turn
|
|-heal|p2a: Weezing|7/100 brn|[from] item: Black Sludge
|-damage|p2a: Weezing|1/100 brn|[from] brn
|upkeep
|turn|41
|
|t:|1656350992
|move|p2a: Weezing|Toxic Spikes|p1a: Blissey
|-sidestart|p1: Turn 2|move: Toxic Spikes
|move|p1a: Blissey|Seismic Toss|p2a: Weezing
|-damage|p2a: Weezing|0 fnt
|faint|p2a: Weezing
|
|upkeep
|
|t:|1656351003
|switch|p2a: Golurk|Golurk|8/100
|-damage|p2a: Golurk|2/100|[from] Stealth Rock
|turn|42
|
|t:|1656351010
|move|p2a: Golurk|Dynamic Punch|p1a: Blissey
|-supereffective|p1a: Blissey
|-damage|p1a: Blissey|0 fnt
|faint|p1a: Blissey
|
|upkeep
|
|t:|1656351020
|switch|p1a: Heatran|Heatran, M|100/100
|-damage|p1a: Heatran|88/100|[from] Stealth Rock
|-item|p1a: Heatran|Air Balloon
|turn|43
|
|t:|1656351031
|move|p1a: Heatran|Eruption|p2a: Golurk
|-damage|p2a: Golurk|0 fnt
|faint|p2a: Golurk
|
|upkeep
|
|t:|1656351033
|switch|p2a: Heliolisk|Heliolisk, M|60/100
|turn|44
|
|t:|1656351041
|move|p2a: Heliolisk|U-turn|p1a: Heatran
|-resisted|p1a: Heatran
|-damage|p1a: Heatran|86/100
|-enditem|p1a: Heatran|Air Balloon
|
|t:|1656351045
|switch|p2a: Heatran|Heatran, M|88/100|[from]move: U-turn
|-damage|p2a: Heatran|76/100|[from] Stealth Rock
|-item|p2a: Heatran|Air Balloon
|move|p1a: Heatran|Magma Storm|p2a: Heatran
|-start|p2a: Heatran|ability: Flash Fire
|
|upkeep
|turn|45
|
|t:|1656351055
|switch|p1a: Dragapult|Dragapult, M|76/100
|-damage|p1a: Dragapult|64/100|[from] Stealth Rock
|-status|p1a: Dragapult|psn
|move|p2a: Heatran|Earth Power|p1a: Dragapult
|-damage|p1a: Dragapult|13/100 psn
|
|-damage|p1a: Dragapult|0 fnt|[from] psn
|faint|p1a: Dragapult
|upkeep
|
|t:|1656351066
|switch|p1a: Heatran|Heatran, M|86/100
|-damage|p1a: Heatran|73/100|[from] Stealth Rock
|turn|46
|
|t:|1656351072
|move|p1a: Heatran|Earth Power|p2a: Heatran
|-immune|p2a: Heatran
|move|p2a: Heatran|Earth Power|p1a: Heatran
|-supereffective|p1a: Heatran
|-damage|p1a: Heatran|0 fnt
|faint|p1a: Heatran
|
|win|BOX MUNCHER
|raw|Turn 2's rating: 1448 &rarr; <strong>1430</strong><br />(-18 for losing)
|raw|BOX MUNCHER's rating: 1477 &rarr; <strong>1495</strong><br />(+18 for winning)
|l|☆Turn 2
||Ladder isn't responding, score probably updated but might not have (Request timeout).
