|html|<div class="broadcast-blue"><strong>[Gen 8] OU is currently suspecting Melmetal! For information on how to participate check out the <a href="https://www.smogon.com/forums/threads/np-ss-ou-suspect-process-round-12-monster-mash.3709234/">suspect thread</a>.</strong></div>
|j|☆SuperTheoryBros
|j|☆d18l
|t:|1665886472
|gametype|singles
|player|p1|SuperTheoryBros|266|1655
|player|p2|d18l|backpacker|1688
|teamsize|p1|6
|teamsize|p2|6
|gen|8
|tier|[Gen 8] OU
|rated|
|rule|Sleep Clause Mod: Limit one foe put to sleep
|rule|Species Clause: Limit one of each Pokémon
|rule|OHKO Clause: OHKO moves are banned
|rule|Evasion Items Clause: Evasion items are banned
|rule|Evasion Moves Clause: Evasion moves are banned
|rule|Endless Battle Clause: Forcing endless battles is banned
|rule|HP Percentage Mod: HP is shown in percentages
|rule|Dynamax Clause: You cannot dynamax
|clearpoke
|poke|p1|Pelipper, F|
|poke|p1|Seismitoad, M|
|poke|p1|Mew|
|poke|p1|Dhelmise|
|poke|p1|Heliolisk, M|
|poke|p1|Klefki, M|
|poke|p2|Tapu Koko|
|poke|p2|Victini|
|poke|p2|Landorus-Therian, M|
|poke|p2|Tornadus-Therian, M|
|poke|p2|Rotom-Wash|
|poke|p2|Ferrothorn, M|
|teampreview
|
|t:|1665886485
|start
|switch|p1a: Pelipper|Pelipper, F|100/100
|switch|p2a: Victini|Victini|100/100
|-weather|RainDance|[from] ability: Drizzle|[of] p1a: Pelipper
|turn|1
|
|t:|1665886525
|switch|p1a: Mew|Mew|100/100
|move|p2a: Victini|Bolt Strike|p1a: Mew
|-damage|p1a: Mew|76/100
|
|-weather|RainDance|[upkeep]
|-heal|p1a: Mew|82/100|[from] item: Leftovers
|upkeep
|turn|2
|
|t:|1665886538
|move|p2a: Victini|Taunt|p1a: Mew
|-start|p1a: Mew|move: Taunt
|cant|p1a: Mew|move: Taunt|Stealth Rock
|
|-weather|RainDance|[upkeep]
|-heal|p1a: Mew|88/100|[from] item: Leftovers
|upkeep
|turn|3
|
|t:|1665886544
|move|p2a: Victini|U-turn|p1a: Mew
|-supereffective|p1a: Mew
|-damage|p1a: Mew|62/100
|inactive|Battle timer is ON: inactive players will automatically lose when time's up. (requested by SuperTheoryBros)
|
|t:|1665886584
|switch|p2a: Tapu Koko|Tapu Koko|100/100|[from]move: U-turn
|-fieldstart|move: Electric Terrain|[from] ability: Electric Surge|[of] p2a: Tapu Koko
|move|p1a: Mew|Knock Off|p2a: Tapu Koko
|-resisted|p2a: Tapu Koko
|-damage|p2a: Tapu Koko|84/100
|-enditem|p2a: Tapu Koko|Choice Specs|[from] move: Knock Off|[of] p1a: Mew
|
|-weather|RainDance|[upkeep]
|-heal|p1a: Mew|68/100|[from] item: Leftovers
|upkeep
|turn|4
|
|t:|1665886606
|switch|p1a: Klefki|Klefki, M|100/100
|move|p2a: Tapu Koko|Thunderbolt|p1a: Klefki
|-damage|p1a: Klefki|57/100
|
|-weather|RainDance|[upkeep]
|-heal|p1a: Klefki|63/100|[from] item: Leftovers
|upkeep
|turn|5
|
|t:|1665886625
|switch|p1a: Seismitoad|Seismitoad, M|100/100
|move|p2a: Tapu Koko|Thunderbolt|p1a: Seismitoad
|-immune|p1a: Seismitoad
|
|-weather|RainDance|[upkeep]
|upkeep
|turn|6
|inactive|SuperTheoryBros has 120 seconds left.
|
|t:|1665886642
|switch|p2a: Rotom|Rotom-Wash|100/100
|move|p1a: Seismitoad|Knock Off|p2a: Rotom
|-damage|p2a: Rotom|60/100
|-enditem|p2a: Rotom|Leftovers|[from] move: Knock Off|[of] p1a: Seismitoad
|
|-weather|RainDance|[upkeep]
|upkeep
|turn|7
|inactive|SuperTheoryBros has 120 seconds left.
|
|t:|1665886665
|switch|p1a: Heliolisk|Heliolisk, M|100/100
|move|p2a: Rotom|Will-O-Wisp|p1a: Heliolisk
|-status|p1a: Heliolisk|brn
|
|-weather|RainDance|[upkeep]
|-damage|p1a: Heliolisk|94/100 brn|[from] brn
|-fieldend|move: Electric Terrain
|upkeep
|turn|8
|inactive|d18l has 120 seconds left.
|
|t:|1665886694
|move|p1a: Heliolisk|Volt Switch|p2a: Rotom
|-damage|p2a: Rotom|14/100
|-damage|p1a: Heliolisk|85/100 brn|[from] item: Life Orb
|
|t:|1665886702
|switch|p1a: Seismitoad|Seismitoad, M|100/100|[from]move: Volt Switch
|move|p2a: Rotom|Pain Split|p1a: Seismitoad
|-sethp|p1a: Seismitoad|56/100|[from] move: Pain Split|[silent]
|-sethp|p2a: Rotom|65/100|[from] move: Pain Split
|
|-weather|none
|upkeep
|turn|9
|inactive|d18l has 120 seconds left.
|inactive|SuperTheoryBros has 90 seconds left.
|
|t:|1665886718
|switch|p1a: Heliolisk|Heliolisk, M|85/100 brn
|switch|p2a: Ferrothorn|Ferrothorn, M|100/100
|
|-damage|p1a: Heliolisk|79/100 brn|[from] brn
|upkeep
|turn|10
|
|t:|1665886725
|switch|p1a: Dhelmise|Dhelmise|100/100
|move|p2a: Ferrothorn|Stealth Rock|p1a: Dhelmise
|-sidestart|p1: SuperTheoryBros|move: Stealth Rock
|
|upkeep
|turn|11
|inactive|d18l has 120 seconds left.
|inactive|d18l has 90 seconds left.
|
|t:|1665886774
|switch|p2a: Landorus|Landorus-Therian, M|100/100
|-ability|p2a: Landorus|Intimidate|boost
|-unboost|p1a: Dhelmise|atk|1
|move|p1a: Dhelmise|Rapid Spin|p2a: Landorus
|-damage|p2a: Landorus|91/100
|-boost|p1a: Dhelmise|spe|1
|-sideend|p1: SuperTheoryBros|Stealth Rock|[from] move: Rapid Spin|[of] p1a: Dhelmise
|
|-heal|p2a: Landorus|97/100|[from] item: Leftovers
|upkeep
|turn|12
|
|t:|1665886786
|switch|p1a: Pelipper|Pelipper, F|100/100
|-weather|RainDance|[from] ability: Drizzle|[of] p1a: Pelipper
|move|p2a: Landorus|U-turn|p1a: Pelipper
|-resisted|p1a: Pelipper
|-damage|p1a: Pelipper|92/100
|inactive|d18l has 90 seconds left.
|
|t:|1665886801
|switch|p2a: Rotom|Rotom-Wash|65/100|[from]move: U-turn
|
|-weather|RainDance|[upkeep]
|upkeep
|turn|13
|j| t-yeu
|inactive|d18l has 90 seconds left.
|
|t:|1665886816
|switch|p1a: Heliolisk|Heliolisk, M|79/100 brn
|move|p2a: Rotom|Will-O-Wisp|p1a: Heliolisk
|-fail|p1a: Heliolisk|brn
|
|-weather|RainDance|[upkeep]
|-heal|p1a: Heliolisk|91/100 brn|[from] ability: Dry Skin
|-damage|p1a: Heliolisk|85/100 brn|[from] brn
|upkeep
|turn|14
|inactive|d18l has 90 seconds left.
|inactive|d18l has 60 seconds left.
|
|t:|1665886866
|switch|p2a: Ferrothorn|Ferrothorn, M|100/100
|move|p1a: Heliolisk|Thunder|p2a: Ferrothorn
|-resisted|p2a: Ferrothorn
|-damage|p2a: Ferrothorn|71/100
|-damage|p1a: Heliolisk|75/100 brn|[from] item: Life Orb
|
|-weather|RainDance|[upkeep]
|-heal|p1a: Heliolisk|88/100 brn|[from] ability: Dry Skin
|-damage|p1a: Heliolisk|82/100 brn|[from] brn
|upkeep
|turn|15
|inactive|d18l has 60 seconds left.
|
|t:|1665886878
|move|p1a: Heliolisk|Volt Switch|p2a: Ferrothorn
|-resisted|p2a: Ferrothorn
|-damage|p2a: Ferrothorn|53/100
|-damage|p1a: Heliolisk|72/100 brn|[from] item: Life Orb
|
|t:|1665886886
|switch|p1a: Dhelmise|Dhelmise|100/100|[from]move: Volt Switch
|move|p2a: Ferrothorn|Stealth Rock|p1a: Dhelmise
|-sidestart|p1: SuperTheoryBros|move: Stealth Rock
|
|-weather|RainDance|[upkeep]
|upkeep
|turn|16
|inactive|d18l has 60 seconds left.
|
|t:|1665886905
|switch|p2a: Landorus|Landorus-Therian, M|97/100
|-ability|p2a: Landorus|Intimidate|boost
|-unboost|p1a: Dhelmise|atk|1
|move|p1a: Dhelmise|Rapid Spin|p2a: Landorus
|-damage|p2a: Landorus|88/100
|-boost|p1a: Dhelmise|spe|1
|-sideend|p1: SuperTheoryBros|Stealth Rock|[from] move: Rapid Spin|[of] p1a: Dhelmise
|
|-weather|RainDance|[upkeep]
|-heal|p2a: Landorus|94/100|[from] item: Leftovers
|upkeep
|turn|17
|
|t:|1665886919
|switch|p1a: Pelipper|Pelipper, F|92/100
|move|p2a: Landorus|U-turn|p1a: Pelipper
|-resisted|p1a: Pelipper
|-damage|p1a: Pelipper|84/100
|
|t:|1665886924
|switch|p2a: Rotom|Rotom-Wash|65/100|[from]move: U-turn
|
|-weather|RainDance|[upkeep]
|upkeep
|turn|18
|
|t:|1665886934
|switch|p1a: Heliolisk|Heliolisk, M|72/100 brn
|move|p2a: Rotom|Volt Switch|p1a: Heliolisk
|-resisted|p1a: Heliolisk
|-damage|p1a: Heliolisk|55/100 brn
|
|t:|1665886946
|switch|p2a: Tapu Koko|Tapu Koko|84/100|[from]move: Volt Switch
|-fieldstart|move: Electric Terrain|[from] ability: Electric Surge|[of] p2a: Tapu Koko
|
|-weather|RainDance|[upkeep]
|-heal|p1a: Heliolisk|67/100 brn|[from] ability: Dry Skin
|-damage|p1a: Heliolisk|61/100 brn|[from] brn
|upkeep
|turn|19
|inactive|SuperTheoryBros has 120 seconds left.
|
|t:|1665886971
|switch|p1a: Klefki|Klefki, M|63/100
|move|p2a: Tapu Koko|Dazzling Gleam|p1a: Klefki
|-resisted|p1a: Klefki
|-damage|p1a: Klefki|48/100
|
|-weather|none
|-heal|p1a: Klefki|54/100|[from] item: Leftovers
|upkeep
|turn|20
|
|t:|1665886983
|move|p1a: Klefki|Toxic|p2a: Tapu Koko
|-status|p2a: Tapu Koko|tox
|move|p2a: Tapu Koko|Thunderbolt|p1a: Klefki
|-damage|p1a: Klefki|11/100
|
|-heal|p1a: Klefki|17/100|[from] item: Leftovers
|-damage|p2a: Tapu Koko|78/100 tox|[from] psn
|upkeep
|turn|21
|j| MiniLarry
|inactive|SuperTheoryBros has 90 seconds left.
|
|t:|1665887005
|move|p1a: Klefki|Spikes|p2a: Tapu Koko
|-sidestart|p2: d18l|Spikes
|move|p2a: Tapu Koko|Volt Switch|p1a: Klefki
|-damage|p1a: Klefki|0 fnt
|faint|p1a: Klefki
|
|t:|1665887020
|switch|p2a: Tornadus|Tornadus-Therian, M|100/100|[from]move: Volt Switch
|
|upkeep
|inactive|SuperTheoryBros has 90 seconds left.
|
|t:|1665887034
|switch|p1a: Heliolisk|Heliolisk, M|61/100 brn
|turn|22
|inactive|d18l has 90 seconds left.
|
|t:|1665887060
|move|p2a: Tornadus|U-turn|p1a: Heliolisk
|-damage|p1a: Heliolisk|29/100 brn
|
|t:|1665887065
|switch|p2a: Landorus|Landorus-Therian, M|94/100|[from]move: U-turn
|-ability|p2a: Landorus|Intimidate|boost
|-unboost|p1a: Heliolisk|atk|1
|move|p1a: Heliolisk|Volt Switch|p2a: Landorus
|-immune|p2a: Landorus
|
|-heal|p2a: Landorus|99/100|[from] item: Leftovers
|-damage|p1a: Heliolisk|23/100 brn|[from] brn
|-fieldend|move: Electric Terrain
|upkeep
|turn|23
|inactive|d18l has 60 seconds left.
|
|t:|1665887101
|switch|p1a: Pelipper|Pelipper, F|84/100
|-weather|RainDance|[from] ability: Drizzle|[of] p1a: Pelipper
|move|p2a: Landorus|U-turn|p1a: Pelipper
|-resisted|p1a: Pelipper
|-damage|p1a: Pelipper|76/100
|
|t:|1665887114
|switch|p2a: Tapu Koko|Tapu Koko|78/100 tox|[from]move: U-turn
|-damage|p2a: Tapu Koko|66/100 tox|[from] Spikes
|-fieldstart|move: Electric Terrain|[from] ability: Electric Surge|[of] p2a: Tapu Koko
|
|-weather|RainDance|[upkeep]
|-damage|p2a: Tapu Koko|60/100 tox|[from] psn
|upkeep
|turn|24
|
|t:|1665887128
|move|p2a: Tapu Koko|Dazzling Gleam|p1a: Pelipper
|-damage|p1a: Pelipper|28/100
|move|p1a: Pelipper|Scald|p2a: Tapu Koko
|-damage|p2a: Tapu Koko|0 fnt
|faint|p2a: Tapu Koko
|
|-weather|RainDance|[upkeep]
|upkeep
|
|t:|1665887147
|switch|p2a: Tornadus|Tornadus-Therian, M|100/100
|turn|25
|inactive|SuperTheoryBros has 90 seconds left.
|
|t:|1665887178
|switch|p1a: Heliolisk|Heliolisk, M|23/100 brn
|move|p2a: Tornadus|Hurricane|p1a: Heliolisk
|-resisted|p1a: Heliolisk
|-damage|p1a: Heliolisk|0 fnt
|faint|p1a: Heliolisk
|
|-weather|RainDance|[upkeep]
|upkeep
|
|t:|1665887181
|switch|p1a: Seismitoad|Seismitoad, M|56/100
|turn|26
|inactive|d18l has 60 seconds left.
|inactive|SuperTheoryBros has 90 seconds left.
|
|t:|1665887198
|switch|p1a: Dhelmise|Dhelmise|100/100
|switch|p2a: Ferrothorn|Ferrothorn, M|53/100
|-damage|p2a: Ferrothorn|41/100|[from] Spikes
|
|-weather|RainDance|[upkeep]
|upkeep
|turn|27
|
|t:|1665887203
|switch|p2a: Landorus|Landorus-Therian, M|99/100
|-ability|p2a: Landorus|Intimidate|boost
|-unboost|p1a: Dhelmise|atk|1
|move|p1a: Dhelmise|Anchor Shot|p2a: Landorus
|-damage|p2a: Landorus|79/100
|-activate|p2a: Landorus|trapped
|
|-weather|RainDance|[upkeep]
|-heal|p2a: Landorus|85/100|[from] item: Leftovers
|-fieldend|move: Electric Terrain
|upkeep
|turn|28
|
|t:|1665887214
|switch|p1a: Seismitoad|Seismitoad, M|56/100
|move|p2a: Landorus|Toxic|p1a: Seismitoad
|-status|p1a: Seismitoad|tox
|
|-weather|RainDance|[upkeep]
|-heal|p2a: Landorus|91/100|[from] item: Leftovers
|-damage|p1a: Seismitoad|50/100 tox|[from] psn
|upkeep
|turn|29
|
|t:|1665887227
|switch|p2a: Ferrothorn|Ferrothorn, M|41/100
|-damage|p2a: Ferrothorn|29/100|[from] Spikes
|move|p1a: Seismitoad|Liquidation|p2a: Ferrothorn
|-resisted|p2a: Ferrothorn
|-damage|p2a: Ferrothorn|3/100
|-damage|p1a: Seismitoad|38/100 tox|[from] ability: Iron Barbs|[of] p2a: Ferrothorn
|-damage|p1a: Seismitoad|22/100 tox|[from] item: Rocky Helmet|[of] p2a: Ferrothorn
|
|-weather|RainDance|[upkeep]
|-damage|p1a: Seismitoad|10/100 tox|[from] psn
|upkeep
|turn|30
|
|t:|1665887232
|switch|p1a: Dhelmise|Dhelmise|100/100
|move|p2a: Ferrothorn|Stealth Rock|p1a: Dhelmise
|-sidestart|p1: SuperTheoryBros|move: Stealth Rock
|
|-weather|none
|upkeep
|turn|31
|
|t:|1665887241
|switch|p2a: Tornadus|Tornadus-Therian, M|100/100
|move|p1a: Dhelmise|Rapid Spin|p2a: Tornadus
|-damage|p2a: Tornadus|85/100
|-boost|p1a: Dhelmise|spe|1
|-sideend|p1: SuperTheoryBros|Stealth Rock|[from] move: Rapid Spin|[of] p1a: Dhelmise
|
|upkeep
|turn|32
|inactive|SuperTheoryBros has 120 seconds left.
|
|t:|1665887256
|move|p2a: Tornadus|Hurricane|p1a: Dhelmise
|-supereffective|p1a: Dhelmise
|-damage|p1a: Dhelmise|4/100
|move|p1a: Dhelmise|Knock Off|p2a: Tornadus
|-damage|p2a: Tornadus|57/100
|-enditem|p2a: Tornadus|Assault Vest|[from] move: Knock Off|[of] p1a: Dhelmise
|
|upkeep
|turn|33
|
|t:|1665887266
|move|p2a: Tornadus|Knock Off|p1a: Dhelmise
|-supereffective|p1a: Dhelmise
|-damage|p1a: Dhelmise|0 fnt
|-damage|p2a: Tornadus|40/100|[from] item: Rocky Helmet|[of] p1a: Dhelmise
|-enditem|p1a: Dhelmise|Rocky Helmet|[from] move: Knock Off|[of] p2a: Tornadus
|faint|p1a: Dhelmise
|
|upkeep
|
|t:|1665887269
|switch|p1a: Mew|Mew|68/100
|turn|34
|inactive|SuperTheoryBros has 120 seconds left.
|
|t:|1665887281
|move|p2a: Tornadus|Knock Off|p1a: Mew
|-supereffective|p1a: Mew
|-damage|p1a: Mew|44/100
|-enditem|p1a: Mew|Leftovers|[from] move: Knock Off|[of] p2a: Tornadus
|move|p1a: Mew|Roost|p1a: Mew
|-heal|p1a: Mew|94/100
|-singleturn|p1a: Mew|move: Roost
|
|upkeep
|turn|35
|
|t:|1665887291
|move|p2a: Tornadus|U-turn|p1a: Mew
|-supereffective|p1a: Mew
|-damage|p1a: Mew|74/100
|
|t:|1665887293
|switch|p2a: Landorus|Landorus-Therian, M|91/100|[from]move: U-turn
|-ability|p2a: Landorus|Intimidate|boost
|-unboost|p1a: Mew|atk|1
|move|p1a: Mew|Stealth Rock|p2a: Landorus
|-sidestart|p2: d18l|move: Stealth Rock
|
|-heal|p2a: Landorus|97/100|[from] item: Leftovers
|upkeep
|turn|36
|
|t:|1665887300
|move|p2a: Landorus|Defog|p1a: Mew
|-unboost|p1a: Mew|evasion|1
|-sideend|p2: d18l|Spikes|[from] move: Defog|[of] p2a: Landorus
|-sideend|p2: d18l|Stealth Rock|[from] move: Defog|[of] p2a: Landorus
|move|p1a: Mew|Heal Bell|p1a: Mew
|-activate|p1a: Mew|move: Heal Bell
|-curestatus|p1: Seismitoad|tox|[msg]
|
|-heal|p2a: Landorus|100/100|[from] item: Leftovers
|upkeep
|turn|37
|
|t:|1665887311
|move|p2a: Landorus|U-turn|p1a: Mew
|-supereffective|p1a: Mew
|-damage|p1a: Mew|46/100
|
|t:|1665887313
|switch|p2a: Victini|Victini|100/100|[from]move: U-turn
|move|p1a: Mew|Stealth Rock|p2a: Victini
|-sidestart|p2: d18l|move: Stealth Rock
|
|upkeep
|turn|38
|
|t:|1665887321
|switch|p1a: Pelipper|Pelipper, F|28/100
|-weather|RainDance|[from] ability: Drizzle|[of] p1a: Pelipper
|move|p2a: Victini|Taunt|p1a: Pelipper
|-start|p1a: Pelipper|move: Taunt
|
|-weather|RainDance|[upkeep]
|upkeep
|turn|39
|inactive|SuperTheoryBros has 120 seconds left.
|
|t:|1665887358
|switch|p1a: Mew|Mew|46/100
|move|p2a: Victini|U-turn|p1a: Mew
|-supereffective|p1a: Mew
|-damage|p1a: Mew|20/100
|
|t:|1665887362
|switch|p2a: Landorus|Landorus-Therian, M|100/100|[from]move: U-turn
|-damage|p2a: Landorus|88/100|[from] Stealth Rock
|-ability|p2a: Landorus|Intimidate|boost
|-unboost|p1a: Mew|atk|1
|
|-weather|RainDance|[upkeep]
|-heal|p2a: Landorus|94/100|[from] item: Leftovers
|upkeep
|turn|40
|inactive|SuperTheoryBros has 120 seconds left.
|
|t:|1665887373
|move|p2a: Landorus|U-turn|p1a: Mew
|-supereffective|p1a: Mew
|-damage|p1a: Mew|0 fnt
|faint|p1a: Mew
|
|t:|1665887378
|switch|p2a: Tornadus|Tornadus-Therian, M|73/100|[from]move: U-turn
|-damage|p2a: Tornadus|48/100|[from] Stealth Rock
|
|-weather|RainDance|[upkeep]
|upkeep
|
|t:|1665887380
|switch|p1a: Seismitoad|Seismitoad, M|10/100
|turn|41
|inactive|d18l has 120 seconds left.
|inactive|d18l has 90 seconds left.
|
|t:|1665887446
|switch|p2a: Landorus|Landorus-Therian, M|94/100
|-damage|p2a: Landorus|82/100|[from] Stealth Rock
|-ability|p2a: Landorus|Intimidate|boost
|-unboost|p1a: Seismitoad|atk|1
|move|p1a: Seismitoad|Liquidation|p2a: Landorus
|-supereffective|p2a: Landorus
|-damage|p2a: Landorus|0 fnt
|faint|p2a: Landorus
|
|-weather|RainDance|[upkeep]
|upkeep
|
|t:|1665887448
|switch|p2a: Rotom|Rotom-Wash|65/100
|-damage|p2a: Rotom|53/100|[from] Stealth Rock
|turn|42
|
|t:|1665887455
|switch|p1a: Pelipper|Pelipper, F|28/100
|move|p2a: Rotom|Hydro Pump|p1a: Pelipper
|-resisted|p1a: Pelipper
|-damage|p1a: Pelipper|0 fnt
|faint|p1a: Pelipper
|
|-weather|RainDance|[upkeep]
|upkeep
|
|t:|1665887457
|switch|p1a: Seismitoad|Seismitoad, M|10/100
|turn|43
|inactive|d18l has 90 seconds left.
|
|t:|1665887479
|move|p1a: Seismitoad|Liquidation|p2a: Rotom
|-resisted|p2a: Rotom
|-damage|p2a: Rotom|16/100
|move|p2a: Rotom|Will-O-Wisp|p1a: Seismitoad
|-status|p1a: Seismitoad|brn
|
|-weather|RainDance|[upkeep]
|-damage|p1a: Seismitoad|4/100 brn|[from] brn
|upkeep
|turn|44
|-message|SuperTheoryBros forfeited.
|
|win|d18l
|raw|SuperTheoryBros's rating: 1655 &rarr; <strong>1637</strong><br />(-18 for losing)
|raw|d18l's rating: 1688 &rarr; <strong>1706</strong><br />(+18 for winning)
|l|☆SuperTheoryBros
