|raw|<div class="broadcast-blue"><strong>This battle is required to be public due to a player having a name starting with 'lt92pf'.</div>
|j|☆LT92PF Eeveectory
|j|‽BLOODCLAT
|t:|1660226459
|gametype|singles
|player|p1|LT92PF Eeveectory|acetrainersnow|1902
|player|p2|BLOODCLAT|hoopster|1814
|teamsize|p1|6
|teamsize|p2|6
|gen|8
|tier|[Gen 8] OU
|rated|
|rule|Sleep Clause Mod: Limit one foe put to sleep
|rule|Species Clause: Limit one of each Pokémon
|rule|OHKO Clause: OHKO moves are banned
|rule|Evasion Items Clause: Evasion items are banned
|rule|Evasion Moves Clause: Evasion moves are banned
|rule|Endless Battle Clause: Forcing endless battles is banned
|rule|HP Percentage Mod: HP is shown in percentages
|rule|Dynamax Clause: You cannot dynamax
|clearpoke
|poke|p1|Scizor, M|
|poke|p1|Primarina, F|
|poke|p1|Landorus-Therian, M|
|poke|p1|Weavile, M|
|poke|p1|Zapdos|
|poke|p1|Tapu Koko|
|poke|p2|Tyranitar, M|
|poke|p2|Clefable, M|
|poke|p2|Excadrill, M|
|poke|p2|Tangrowth, M|
|poke|p2|Slowking-Galar, M|
|poke|p2|Rotom-Wash|
|teampreview
|inactive|Battle timer is ON: inactive players will automatically lose when time's up. (requested by LT92PF Eeveectory)
|j| Trannos
|j| Roma Il
|j| LT92PF Sunny
|inactive|BLOODCLAT has 120 seconds left.
|j|+McMeghan
|j| THE PDC SHOW
|
|t:|1660226514
|start
|switch|p1a: Zapdosorio|Zapdos|100/100
|switch|p2a: Slowking|Slowking-Galar, M|100/100
|turn|1
|j| LT92PF Black Lotus
|j| Smash Time steez
|
|t:|1660226522
|move|p1a: Zapdosorio|Volt Switch|p2a: Slowking
|-damage|p2a: Slowking|56/100
|
|t:|1660226525
|switch|p1a: Sr. Recortes|Scizor, M|100/100|[from]move: Volt Switch
|move|p2a: Slowking|Trick|p1a: Sr. Recortes
|-activate|p2a: Slowking|move: Trick|[of] p1a: Sr. Recortes
|-item|p1a: Sr. Recortes|Black Sludge|[from] move: Trick
|-item|p2a: Slowking|Heavy-Duty Boots|[from] move: Trick
|
|-damage|p1a: Sr. Recortes|88/100|[from] item: Black Sludge
|upkeep
|turn|2
|j| nocopeatall
|j| Lt92pf nagi
|j| a rabbit
|l| Trannos
|
|t:|1660226543
|switch|p2a: Clefable|Clefable, M|100/100
|move|p1a: Sr. Recortes|U-turn|p2a: Clefable
|-resisted|p2a: Clefable
|-damage|p2a: Clefable|90/100
|-damage|p1a: Sr. Recortes|72/100|[from] item: Rocky Helmet|[of] p2a: Clefable
|l| Lt92pf nagi
|
|t:|1660226551
|switch|p1a: Zapdosorio|Zapdos|100/100|[from]move: U-turn
|
|upkeep
|turn|3
|l| nocopeatall
|j| SB ROAR
|
|t:|1660226567
|move|p1a: Zapdosorio|Hurricane|p2a: Clefable
|-damage|p2a: Clefable|10/100
|move|p2a: Clefable|Stealth Rock|p1a: Zapdosorio
|-sidestart|p1: LT92PF Eeveectory|move: Stealth Rock
|
|upkeep
|turn|4
|
|t:|1660226573
|switch|p2a: Tyranitar|Tyranitar, M|100/100
|-weather|Sandstorm|[from] ability: Sand Stream|[of] p2a: Tyranitar
|move|p1a: Zapdosorio|Hurricane|p2a: Tyranitar
|-resisted|p2a: Tyranitar
|-damage|p2a: Tyranitar|72/100
|
|-weather|Sandstorm|[upkeep]
|-damage|p1a: Zapdosorio|94/100|[from] Sandstorm
|upkeep
|turn|5
|
|t:|1660226577
|switch|p1a: Ashirene|Primarina, F|100/100
|-damage|p1a: Ashirene|88/100|[from] Stealth Rock
|move|p2a: Tyranitar|Stone Edge|p1a: Ashirene
|-damage|p1a: Ashirene|16/100
|
|-weather|Sandstorm|[upkeep]
|-damage|p1a: Ashirene|10/100|[from] Sandstorm
|upkeep
|turn|6
|
|t:|1660226584
|move|p2a: Tyranitar|Stone Edge|p1a: Ashirene
|-damage|p1a: Ashirene|0 fnt
|faint|p1a: Ashirene
|
|-weather|Sandstorm|[upkeep]
|upkeep
|
|t:|1660226586
|switch|p1a: Landlord|Landorus-Therian, M|100/100
|-damage|p1a: Landlord|88/100|[from] Stealth Rock
|-ability|p1a: Landlord|Intimidate|boost
|-unboost|p2a: Tyranitar|atk|1
|turn|7
|j| LT92PF Templario
|j| DukeStarr
|j| yandaud
|j| Kragenbash
|j| matsya nyaya
|
|t:|1660226609
|switch|p2a: Rotom|Rotom-Wash|100/100
|move|p1a: Landlord|Defog|p2a: Rotom
|-unboost|p2a: Rotom|evasion|1
|-sideend|p1: LT92PF Eeveectory|Stealth Rock|[from] move: Defog|[of] p1a: Landlord
|
|-weather|Sandstorm|[upkeep]
|-damage|p2a: Rotom|95/100|[from] Sandstorm
|-heal|p1a: Landlord|94/100|[from] item: Leftovers
|-heal|p2a: Rotom|100/100|[from] item: Leftovers
|upkeep
|turn|8
|
|t:|1660226616
|switch|p1a: Tapu Loko|Tapu Koko|100/100
|-fieldstart|move: Electric Terrain|[from] ability: Electric Surge|[of] p1a: Tapu Loko
|move|p2a: Rotom|Hydro Pump|p1a: Tapu Loko
|-damage|p1a: Tapu Loko|41/100
|
|-weather|none
|upkeep
|turn|9
|l| THE PDC SHOW
|
|t:|1660226626
|move|p1a: Tapu Loko|Dazzling Gleam|p2a: Rotom
|-damage|p2a: Rotom|58/100
|move|p2a: Rotom|Toxic|p1a: Tapu Loko
|-status|p1a: Tapu Loko|tox
|
|-heal|p2a: Rotom|64/100|[from] item: Leftovers
|-damage|p1a: Tapu Loko|35/100 tox|[from] psn
|upkeep
|turn|10
|j| icefacez
|
|t:|1660226630
|switch|p2a: Slowking|Slowking-Galar, M|89/100
|move|p1a: Tapu Loko|Dazzling Gleam|p2a: Slowking
|-resisted|p2a: Slowking
|-damage|p2a: Slowking|70/100
|
|-damage|p1a: Tapu Loko|23/100 tox|[from] psn
|upkeep
|turn|11
|j| Trannos
|
|t:|1660226644
|switch|p1a: Comaligna|Weavile, M|100/100
|-ability|p1a: Comaligna|Pressure
|switch|p2a: Tangrowth|Tangrowth, M|100/100
|
|upkeep
|turn|12
|l| LT92PF Black Lotus
|
|t:|1660226653
|move|p1a: Comaligna|Triple Axel|p2a: Tangrowth
|-supereffective|p2a: Tangrowth
|-damage|p2a: Tangrowth|84/100
|-damage|p1a: Comaligna|84/100|[from] item: Rocky Helmet|[of] p2a: Tangrowth
|-supereffective|p2a: Tangrowth
|-damage|p2a: Tangrowth|52/100
|-damage|p1a: Comaligna|68/100|[from] item: Rocky Helmet|[of] p2a: Tangrowth
|-supereffective|p2a: Tangrowth
|-damage|p2a: Tangrowth|2/100
|-damage|p1a: Comaligna|51/100|[from] item: Rocky Helmet|[of] p2a: Tangrowth
|-hitcount|p2a: Tangrowth|3
|move|p2a: Tangrowth|Focus Blast|p1a: Comaligna
|-supereffective|p1a: Comaligna
|-damage|p1a: Comaligna|0 fnt
|faint|p1a: Comaligna
|
|-fieldend|move: Electric Terrain
|upkeep
|
|t:|1660226666
|switch|p1a: Zapdosorio|Zapdos|94/100
|turn|13
|
|t:|1660226671
|switch|p2a: Clefable|Clefable, M|10/100
|move|p1a: Zapdosorio|Thunderbolt|p2a: Clefable
|-damage|p2a: Clefable|0 fnt
|faint|p2a: Clefable
|
|upkeep
|
|t:|1660226675
|switch|p2a: Tyranitar|Tyranitar, M|72/100
|-weather|Sandstorm|[from] ability: Sand Stream|[of] p2a: Tyranitar
|turn|14
|
|t:|1660226678
|switch|p1a: Sr. Recortes|Scizor, M|72/100
|move|p2a: Tyranitar|Stone Edge|p1a: Sr. Recortes
|-damage|p1a: Sr. Recortes|0 fnt
|faint|p1a: Sr. Recortes
|
|-weather|Sandstorm|[upkeep]
|upkeep
|
|t:|1660226680
|switch|p1a: Landlord|Landorus-Therian, M|94/100
|-ability|p1a: Landlord|Intimidate|boost
|-unboost|p2a: Tyranitar|atk|1
|turn|15
|l| Trannos
|
|t:|1660226691
|switch|p2a: Tangrowth|Tangrowth, M|35/100
|move|p1a: Landlord|U-turn|p2a: Tangrowth
|-supereffective|p2a: Tangrowth
|-damage|p2a: Tangrowth|10/100
|-damage|p1a: Landlord|78/100|[from] item: Rocky Helmet|[of] p2a: Tangrowth
|
|t:|1660226694
|switch|p1a: Zapdosorio|Zapdos|94/100|[from]move: U-turn
|
|-weather|Sandstorm|[upkeep]
|-damage|p1a: Zapdosorio|88/100|[from] Sandstorm
|-damage|p2a: Tangrowth|4/100|[from] Sandstorm
|upkeep
|turn|16
|
|t:|1660226699
|switch|p2a: Slowking|Slowking-Galar, M|100/100
|move|p1a: Zapdosorio|Hurricane|p2a: Slowking
|-damage|p2a: Slowking|32/100
|
|-weather|Sandstorm|[upkeep]
|-damage|p1a: Zapdosorio|82/100|[from] Sandstorm
|-damage|p2a: Slowking|26/100|[from] Sandstorm
|upkeep
|turn|17
|
|t:|1660226709
|move|p1a: Zapdosorio|Hurricane|p2a: Slowking
|-damage|p2a: Slowking|0 fnt
|faint|p2a: Slowking
|
|-weather|Sandstorm|[upkeep]
|-damage|p1a: Zapdosorio|76/100|[from] Sandstorm
|upkeep
|
|t:|1660226711
|switch|p2a: Tyranitar|Tyranitar, M|72/100
|turn|18
|
|t:|1660226714
|switch|p1a: Tapu Loko|Tapu Koko|23/100 tox
|-fieldstart|move: Electric Terrain|[from] ability: Electric Surge|[of] p1a: Tapu Loko
|move|p2a: Tyranitar|Stone Edge|p1a: Tapu Loko
|-damage|p1a: Tapu Loko|0 fnt
|faint|p1a: Tapu Loko
|
|-weather|none
|upkeep
|
|t:|1660226718
|switch|p1a: Zapdosorio|Zapdos|76/100
|turn|19
|
|t:|1660226732
|switch|p2a: Excadrill|Excadrill, M|100/100
|move|p1a: Zapdosorio|Hurricane|p2a: Excadrill
|-resisted|p2a: Excadrill
|-damage|p2a: Excadrill|43/100
|
|-heal|p2a: Excadrill|49/100|[from] item: Leftovers
|upkeep
|turn|20
|
|t:|1660226737
|switch|p2a: Tyranitar|Tyranitar, M|72/100
|-weather|Sandstorm|[from] ability: Sand Stream|[of] p2a: Tyranitar
|move|p1a: Zapdosorio|Hurricane|p2a: Tyranitar|[miss]
|-miss|p1a: Zapdosorio|p2a: Tyranitar
|
|-weather|Sandstorm|[upkeep]
|-damage|p1a: Zapdosorio|69/100|[from] Sandstorm
|upkeep
|turn|21
|
|t:|1660226741
|switch|p1a: Landlord|Landorus-Therian, M|78/100
|-ability|p1a: Landlord|Intimidate|boost
|-unboost|p2a: Tyranitar|atk|1
|move|p2a: Tyranitar|Crunch|p1a: Landlord
|-damage|p1a: Landlord|36/100
|
|-weather|Sandstorm|[upkeep]
|-heal|p1a: Landlord|42/100|[from] item: Leftovers
|upkeep
|turn|22
|
|t:|1660226747
|switch|p2a: Excadrill|Excadrill, M|49/100
|move|p1a: Landlord|U-turn|p2a: Excadrill
|-resisted|p2a: Excadrill
|-damage|p2a: Excadrill|32/100
|
|t:|1660226749
|switch|p1a: Zapdosorio|Zapdos|69/100|[from]move: U-turn
|
|-weather|Sandstorm|[upkeep]
|-damage|p1a: Zapdosorio|63/100|[from] Sandstorm
|-heal|p2a: Excadrill|38/100|[from] item: Leftovers
|-fieldend|move: Electric Terrain
|upkeep
|turn|23
|
|t:|1660226751
|switch|p1a: Landlord|Landorus-Therian, M|42/100
|-ability|p1a: Landlord|Intimidate|boost
|-unboost|p2a: Excadrill|atk|1
|move|p2a: Excadrill|Iron Head|p1a: Landlord
|-damage|p1a: Landlord|13/100
|
|-weather|Sandstorm|[upkeep]
|-heal|p2a: Excadrill|44/100|[from] item: Leftovers
|-heal|p1a: Landlord|19/100|[from] item: Leftovers
|upkeep
|turn|24
|
|t:|1660226755
|move|p2a: Excadrill|Iron Head|p1a: Landlord
|-damage|p1a: Landlord|0 fnt
|faint|p1a: Landlord
|
|-weather|none
|-heal|p2a: Excadrill|50/100|[from] item: Leftovers
|upkeep
|
|t:|1660226757
|switch|p1a: Zapdosorio|Zapdos|63/100
|turn|25
|
|t:|1660226760
|move|p1a: Zapdosorio|Hurricane|p2a: Excadrill
|-resisted|p2a: Excadrill
|-damage|p2a: Excadrill|0 fnt
|faint|p2a: Excadrill
|
|upkeep
|
|t:|1660226762
|switch|p2a: Tyranitar|Tyranitar, M|72/100
|-weather|Sandstorm|[from] ability: Sand Stream|[of] p2a: Tyranitar
|turn|26
|
|t:|1660226764
|move|p1a: Zapdosorio|Hurricane|p2a: Tyranitar|[miss]
|-miss|p1a: Zapdosorio|p2a: Tyranitar
|move|p2a: Tyranitar|Crunch|p1a: Zapdosorio
|-damage|p1a: Zapdosorio|0 fnt
|faint|p1a: Zapdosorio
|
|win|BLOODCLAT
|raw|LT92PF Eeveectory's rating: 1902 &rarr; <strong>1877</strong><br />(-25 for losing)
|raw|BLOODCLAT's rating: 1814 &rarr; <strong>1839</strong><br />(+25 for winning)
|l|‽BLOODCLAT
|l|☆LT92PF Eeveectory
|l| matsya nyaya
|l| icefacez
|l| Kragenbash
