|j|☆gotsnsd
|j|☆Tezile
|t:|1664908431
|gametype|singles
|player|p1|gotsnsd|beauty-gen2jp|1687
|player|p2|Tezile|2|1754
|teamsize|p1|6
|teamsize|p2|6
|gen|8
|tier|[Gen 8] OU
|rated|
|rule|Sleep Clause Mod: Limit one foe put to sleep
|rule|Species Clause: Limit one of each Pokémon
|rule|OHKO Clause: OHKO moves are banned
|rule|Evasion Items Clause: Evasion items are banned
|rule|Evasion Moves Clause: Evasion moves are banned
|rule|Endless Battle Clause: Forcing endless battles is banned
|rule|HP Percentage Mod: HP is shown in percentages
|rule|Dynamax Clause: You cannot dynamax
|clearpoke
|poke|p1|Melmetal|
|poke|p1|Blacephalon|
|poke|p1|Tapu Fini|
|poke|p1|Tornadus-Therian, M|
|poke|p1|Landorus-Therian, M|
|poke|p1|Kommo-o, F|
|poke|p2|Gengar, M|
|poke|p2|Urshifu-*, F|
|poke|p2|Heatran, M|
|poke|p2|Garchomp, M|
|poke|p2|Tornadus-Therian, M|
|poke|p2|Ferrothorn, M|
|teampreview
|inactive|Battle timer is ON: inactive players will automatically lose when time's up. (requested by gotsnsd)
|
|t:|1664908469
|start
|switch|p1a: Tapu Fini|Tapu Fini|100/100
|switch|p2a: Urshifu|Urshifu-Rapid-Strike, F|100/100
|-fieldstart|move: Misty Terrain|[from] ability: Misty Surge|[of] p1a: Tapu Fini
|turn|1
|
|t:|1664908481
|switch|p2a: Ferrothorn|Ferrothorn, M|100/100
|switch|p1a: Kommo-o|Kommo-o, F|100/100
|
|upkeep
|turn|2
|
|t:|1664908489
|switch|p2a: Tornadus|Tornadus-Therian, M|100/100
|move|p1a: Kommo-o|Stealth Rock|p2a: Tornadus
|-sidestart|p2: Tezile|move: Stealth Rock
|
|upkeep
|turn|3
|
|t:|1664908495
|switch|p1a: Tornadus|Tornadus-Therian, M|100/100
|move|p2a: Tornadus|Hurricane|p1a: Tornadus
|-damage|p1a: Tornadus|55/100
|
|upkeep
|turn|4
|
|t:|1664908501
|move|p2a: Tornadus|Defog|p1a: Tornadus
|-unboost|p1a: Tornadus|evasion|1
|-sideend|p2: Tezile|Stealth Rock|[from] move: Defog|[of] p2a: Tornadus
|-fieldend|Misty Terrain
|move|p1a: Tornadus|Knock Off|p2a: Tornadus
|-damage|p2a: Tornadus|73/100
|-enditem|p2a: Tornadus|Heavy-Duty Boots|[from] move: Knock Off|[of] p1a: Tornadus
|
|upkeep
|turn|5
|
|t:|1664908511
|switch|p1a: Landorus|Landorus-Therian, M|100/100
|-ability|p1a: Landorus|Intimidate|boost
|-unboost|p2a: Tornadus|atk|1
|move|p2a: Tornadus|Hurricane|p1a: Landorus|[miss]
|-miss|p2a: Tornadus|p1a: Landorus
|
|upkeep
|turn|6
|
|t:|1664908521
|switch|p2a: Ferrothorn|Ferrothorn, M|100/100
|move|p1a: Landorus|Swords Dance|p1a: Landorus
|-boost|p1a: Landorus|atk|2
|
|upkeep
|turn|7
|
|t:|1664908535
|switch|p2a: Urshifu|Urshifu-Rapid-Strike, F|100/100
|move|p1a: Landorus|Earthquake|p2a: Urshifu
|-damage|p2a: Urshifu|7/100
|
|upkeep
|turn|8
|
|t:|1664908541
|switch|p1a: Kommo-o|Kommo-o, F|100/100
|move|p2a: Urshifu|Surging Strikes|p1a: Kommo-o
|-resisted|p1a: Kommo-o
|-crit|p1a: Kommo-o
|-damage|p1a: Kommo-o|93/100
|-damage|p2a: Urshifu|0 fnt|[from] item: Rocky Helmet|[of] p1a: Kommo-o
|faint|p2a: Urshifu
|-hitcount|p1a: Kommo-o|1
|
|upkeep
|
|t:|1664908558
|switch|p2a: Tornadus|Tornadus-Therian, M|100/100
|turn|9
|
|t:|1664908563
|switch|p1a: Tornadus|Tornadus-Therian, M|88/100
|move|p2a: Tornadus|Hurricane|p1a: Tornadus|[miss]
|-miss|p2a: Tornadus|p1a: Tornadus
|
|upkeep
|turn|10
|
|t:|1664908567
|move|p2a: Tornadus|Hurricane|p1a: Tornadus|[miss]
|-miss|p2a: Tornadus|p1a: Tornadus
|move|p1a: Tornadus|Hurricane|p2a: Tornadus
|-damage|p2a: Tornadus|52/100
|-start|p2a: Tornadus|confusion
|
|upkeep
|turn|11
|
|t:|1664908572
|-activate|p2a: Tornadus|confusion
|move|p2a: Tornadus|Hurricane|p1a: Tornadus
|-damage|p1a: Tornadus|39/100
|move|p1a: Tornadus|Knock Off|p2a: Tornadus
|-damage|p2a: Tornadus|32/100
|
|upkeep
|turn|12
|
|t:|1664908582
|switch|p1a: Tapu Fini|Tapu Fini|100/100
|-fieldstart|move: Misty Terrain|[from] ability: Misty Surge|[of] p1a: Tapu Fini
|-end|p2a: Tornadus|confusion
|move|p2a: Tornadus|Hurricane|p1a: Tapu Fini
|-damage|p1a: Tapu Fini|68/100
|
|-heal|p1a: Tapu Fini|74/100|[from] item: Leftovers
|upkeep
|turn|13
|
|t:|1664908595
|switch|p2a: Ferrothorn|Ferrothorn, M|100/100
|move|p1a: Tapu Fini|Scald|p2a: Ferrothorn
|-resisted|p2a: Ferrothorn
|-damage|p2a: Ferrothorn|89/100
|
|-heal|p1a: Tapu Fini|80/100|[from] item: Leftovers
|-heal|p2a: Ferrothorn|95/100|[from] item: Leftovers
|upkeep
|turn|14
|
|t:|1664908603
|switch|p1a: Landorus|Landorus-Therian, M|100/100
|-ability|p1a: Landorus|Intimidate|boost
|-unboost|p2a: Ferrothorn|atk|1
|move|p2a: Ferrothorn|Spikes|p1a: Landorus
|-sidestart|p1: gotsnsd|Spikes
|
|-heal|p2a: Ferrothorn|100/100|[from] item: Leftovers
|upkeep
|turn|15
|
|t:|1664908620
|move|p1a: Landorus|Swords Dance|p1a: Landorus
|-boost|p1a: Landorus|atk|2
|move|p2a: Ferrothorn|Leech Seed|p1a: Landorus
|-start|p1a: Landorus|move: Leech Seed
|
|-damage|p1a: Landorus|88/100|[from] Leech Seed|[of] p2a: Ferrothorn
|upkeep
|turn|16
|
|t:|1664908630
|move|p1a: Landorus|Gravity|p1a: Landorus
|-fieldstart|move: Gravity
|move|p2a: Ferrothorn|Spikes|p1a: Landorus
|-sidestart|p1: gotsnsd|Spikes
|
|-heal|p1a: Landorus|94/100|[from] item: Leftovers
|-damage|p1a: Landorus|82/100|[from] Leech Seed|[of] p2a: Ferrothorn
|-fieldend|Misty Terrain
|upkeep
|turn|17
|
|t:|1664908635
|move|p1a: Landorus|Earthquake|p2a: Ferrothorn
|-damage|p2a: Ferrothorn|45/100
|move|p2a: Ferrothorn|Knock Off|p1a: Landorus
|-damage|p1a: Landorus|68/100
|-enditem|p1a: Landorus|Leftovers|[from] move: Knock Off|[of] p2a: Ferrothorn
|
|-heal|p2a: Ferrothorn|51/100|[from] item: Leftovers
|-damage|p1a: Landorus|56/100|[from] Leech Seed|[of] p2a: Ferrothorn
|-heal|p2a: Ferrothorn|65/100|[silent]
|upkeep
|turn|18
|
|t:|1664908660
|switch|p2a: Heatran|Heatran, M|100/100
|move|p1a: Landorus|Swords Dance|p1a: Landorus
|-boost|p1a: Landorus|atk|2
|
|-damage|p1a: Landorus|44/100|[from] Leech Seed|[of] p2a: Heatran
|upkeep
|turn|19
|inactive|Tezile has 120 seconds left.
|
|t:|1664908680
|switch|p2a: Tornadus|Tornadus-Therian, M|65/100
|move|p1a: Landorus|Earthquake|p2a: Tornadus
|-damage|p2a: Tornadus|0 fnt
|faint|p2a: Tornadus
|
|upkeep
|
|t:|1664908685
|switch|p2a: Gengar|Gengar, M|100/100
|turn|20
|
|t:|1664908689
|switch|p1a: Kommo-o|Kommo-o, F|93/100
|-damage|p1a: Kommo-o|76/100|[from] Spikes
|move|p2a: Gengar|Shadow Ball|p1a: Kommo-o
|-immune|p1a: Kommo-o|[from] ability: Bulletproof
|
|-fieldend|move: Gravity
|upkeep
|turn|21
|
|t:|1664908698
|switch|p2a: Garchomp|Garchomp, M|100/100
|move|p1a: Kommo-o|Stealth Rock|p2a: Garchomp
|-sidestart|p2: Tezile|move: Stealth Rock
|
|upkeep
|turn|22
|
|t:|1664908703
|move|p2a: Garchomp|Stealth Rock|p1a: Kommo-o
|-sidestart|p1: gotsnsd|move: Stealth Rock
|move|p1a: Kommo-o|Toxic|p2a: Garchomp
|-status|p2a: Garchomp|tox
|
|-damage|p2a: Garchomp|94/100 tox|[from] psn
|upkeep
|turn|23
|
|t:|1664908708
|switch|p1a: Tornadus|Tornadus-Therian, M|72/100
|move|p2a: Garchomp|Toxic|p1a: Tornadus
|-status|p1a: Tornadus|tox
|
|-heal|p2a: Garchomp|100/100 tox|[from] item: Leftovers
|-damage|p1a: Tornadus|66/100 tox|[from] psn
|-damage|p2a: Garchomp|88/100 tox|[from] psn
|upkeep
|turn|24
|
|t:|1664908711
|move|p2a: Garchomp|Protect|p2a: Garchomp
|-singleturn|p2a: Garchomp|Protect
|move|p1a: Tornadus|Defog|p2a: Garchomp
|-activate|p2a: Garchomp|move: Protect
|
|-heal|p2a: Garchomp|94/100 tox|[from] item: Leftovers
|-damage|p1a: Tornadus|54/100 tox|[from] psn
|-damage|p2a: Garchomp|76/100 tox|[from] psn
|upkeep
|turn|25
|
|t:|1664908716
|switch|p2a: Heatran|Heatran, M|100/100
|-damage|p2a: Heatran|88/100|[from] Stealth Rock
|-item|p2a: Heatran|Air Balloon
|move|p1a: Tornadus|Taunt|p2a: Heatran
|-start|p2a: Heatran|move: Taunt
|
|-damage|p1a: Tornadus|35/100 tox|[from] psn
|upkeep
|turn|26
|
|t:|1664908727
|move|p1a: Tornadus|Defog|p2a: Heatran
|-unboost|p2a: Heatran|evasion|1
|-sideend|p2: Tezile|Stealth Rock|[from] move: Defog|[of] p1a: Tornadus
|-sideend|p1: gotsnsd|Spikes|[from] move: Defog|[of] p1a: Tornadus
|-sideend|p1: gotsnsd|Stealth Rock|[from] move: Defog|[of] p1a: Tornadus
|move|p2a: Heatran|Eruption|p1a: Tornadus
|-damage|p1a: Tornadus|0 fnt
|faint|p1a: Tornadus
|
|upkeep
|j| skylink4
|
|t:|1664908740
|switch|p1a: Kommo-o|Kommo-o, F|76/100
|turn|27
|
|t:|1664908754
|move|p2a: Heatran|Flash Cannon|p1a: Kommo-o
|-damage|p1a: Kommo-o|39/100
|move|p1a: Kommo-o|Body Press|p2a: Heatran
|-supereffective|p2a: Heatran
|-damage|p2a: Heatran|2/100
|-enditem|p2a: Heatran|Air Balloon
|
|-end|p2a: Heatran|move: Taunt
|upkeep
|turn|28
|
|t:|1664908763
|switch|p1a: Tapu Fini|Tapu Fini|80/100
|-fieldstart|move: Misty Terrain|[from] ability: Misty Surge|[of] p1a: Tapu Fini
|move|p2a: Heatran|Flash Cannon|p1a: Tapu Fini
|-damage|p1a: Tapu Fini|54/100
|
|-heal|p1a: Tapu Fini|60/100|[from] item: Leftovers
|upkeep
|turn|29
|
|t:|1664908768
|switch|p2a: Ferrothorn|Ferrothorn, M|65/100
|move|p1a: Tapu Fini|Scald|p2a: Ferrothorn
|-resisted|p2a: Ferrothorn
|-damage|p2a: Ferrothorn|52/100
|
|-heal|p1a: Tapu Fini|66/100|[from] item: Leftovers
|-heal|p2a: Ferrothorn|59/100|[from] item: Leftovers
|upkeep
|turn|30
|
|t:|1664908778
|move|p1a: Tapu Fini|Substitute|p1a: Tapu Fini
|-start|p1a: Tapu Fini|Substitute
|-damage|p1a: Tapu Fini|41/100
|move|p2a: Ferrothorn|Knock Off|p1a: Tapu Fini
|-resisted|p1a: Tapu Fini
|-activate|p1a: Tapu Fini|move: Substitute|[damage]
|
|-heal|p1a: Tapu Fini|47/100|[from] item: Leftovers
|-heal|p2a: Ferrothorn|65/100|[from] item: Leftovers
|upkeep
|turn|31
|j| pharmachien
|
|t:|1664908781
|move|p1a: Tapu Fini|Calm Mind|p1a: Tapu Fini
|-boost|p1a: Tapu Fini|spa|1
|-boost|p1a: Tapu Fini|spd|1
|move|p2a: Ferrothorn|Power Whip|p1a: Tapu Fini
|-supereffective|p1a: Tapu Fini
|-end|p1a: Tapu Fini|Substitute
|
|-heal|p1a: Tapu Fini|53/100|[from] item: Leftovers
|-heal|p2a: Ferrothorn|71/100|[from] item: Leftovers
|upkeep
|turn|32
|
|t:|1664908786
|switch|p1a: Kommo-o|Kommo-o, F|39/100
|move|p2a: Ferrothorn|Leech Seed|p1a: Kommo-o
|-start|p1a: Kommo-o|move: Leech Seed
|
|-heal|p2a: Ferrothorn|77/100|[from] item: Leftovers
|-damage|p1a: Kommo-o|26/100|[from] Leech Seed|[of] p2a: Ferrothorn
|-heal|p2a: Ferrothorn|90/100|[silent]
|-fieldend|Misty Terrain
|upkeep
|turn|33
|
|t:|1664908794
|switch|p2a: Heatran|Heatran, M|2/100
|move|p1a: Kommo-o|Stealth Rock|p2a: Heatran
|-sidestart|p2: Tezile|move: Stealth Rock
|
|-damage|p1a: Kommo-o|14/100|[from] Leech Seed|[of] p2a: Heatran
|-heal|p2a: Heatran|16/100|[silent]
|upkeep
|turn|34
|l| skylink4
|
|t:|1664908802
|switch|p1a: Tapu Fini|Tapu Fini|53/100
|-fieldstart|move: Misty Terrain|[from] ability: Misty Surge|[of] p1a: Tapu Fini
|move|p2a: Heatran|Flash Cannon|p1a: Tapu Fini
|-damage|p1a: Tapu Fini|27/100
|
|-heal|p1a: Tapu Fini|33/100|[from] item: Leftovers
|upkeep
|turn|35
|
|t:|1664908808
|switch|p2a: Ferrothorn|Ferrothorn, M|90/100
|-damage|p2a: Ferrothorn|84/100|[from] Stealth Rock
|switch|p1a: Blacephalon|Blacephalon|100/100
|
|-heal|p2a: Ferrothorn|90/100|[from] item: Leftovers
|upkeep
|turn|36
|
|t:|1664908816
|switch|p2a: Garchomp|Garchomp, M|76/100 tox
|-damage|p2a: Garchomp|70/100 tox|[from] Stealth Rock
|move|p1a: Blacephalon|Flamethrower|p2a: Garchomp
|-resisted|p2a: Garchomp
|-damage|p2a: Garchomp|31/100 tox
|
|-heal|p2a: Garchomp|37/100 tox|[from] item: Leftovers
|-damage|p2a: Garchomp|31/100 tox|[from] psn
|upkeep
|turn|37
|
|t:|1664908822
|switch|p1a: Landorus|Landorus-Therian, M|44/100
|-ability|p1a: Landorus|Intimidate|boost
|-unboost|p2a: Garchomp|atk|1
|switch|p2a: Heatran|Heatran, M|16/100
|-damage|p2a: Heatran|3/100|[from] Stealth Rock
|
|upkeep
|turn|38
|
|t:|1664908826
|move|p1a: Landorus|Earthquake|p2a: Heatran
|-supereffective|p2a: Heatran
|-damage|p2a: Heatran|0 fnt
|faint|p2a: Heatran
|
|-fieldend|Misty Terrain
|upkeep
|
|t:|1664908827
|switch|p2a: Gengar|Gengar, M|100/100
|-damage|p2a: Gengar|88/100|[from] Stealth Rock
|turn|39
|
|t:|1664908840
|move|p2a: Gengar|Sludge Wave|p1a: Landorus
|-resisted|p1a: Landorus
|-damage|p1a: Landorus|2/100
|move|p1a: Landorus|Earthquake|p2a: Gengar
|-supereffective|p2a: Gengar
|-damage|p2a: Gengar|0 fnt
|faint|p2a: Gengar
|
|upkeep
|-message|Tezile forfeited.
|
|win|gotsnsd
|raw|gotsnsd's rating: 1687 &rarr; <strong>1711</strong><br />(+24 for winning)
|raw|Tezile's rating: 1754 &rarr; <strong>1730</strong><br />(-24 for losing)
|l|☆Tezile
|l| pharmachien
||Ladder isn't responding, score probably updated but might not have (Request timeout).
