|raw|<div class="broadcast-blue"><strong>This battle is required to be public due to a player having a name starting with 'lt93oq'.</div>
|j|☆LT93OQ Futility
|j|‽BLOODCLAT
|t:|1660422044
|gametype|singles
|player|p1|LT93OQ Futility|cynthia-gen4|1739
|player|p2|BLOODCLAT|hoopster|1798
|teamsize|p1|6
|teamsize|p2|6
|gen|8
|tier|[Gen 8] OU
|rated|
|rule|Sleep Clause Mod: Limit one foe put to sleep
|rule|Species Clause: Limit one of each Pokémon
|rule|OHKO Clause: OHKO moves are banned
|rule|Evasion Items Clause: Evasion items are banned
|rule|Evasion Moves Clause: Evasion moves are banned
|rule|Endless Battle Clause: Forcing endless battles is banned
|rule|HP Percentage Mod: HP is shown in percentages
|rule|Dynamax Clause: You cannot dynamax
|clearpoke
|poke|p1|Heatran, F|
|poke|p1|Slowbro, M|
|poke|p1|Tornadus-Therian, M|
|poke|p1|Tapu Lele|
|poke|p1|Urshifu-*, M|
|poke|p1|Tyranitar, F|
|poke|p2|Tyranitar, M|
|poke|p2|Clefable, M|
|poke|p2|Excadrill, M|
|poke|p2|Tangrowth, M|
|poke|p2|Slowking-Galar, M|
|poke|p2|Rotom-Wash|
|teampreview
|inactive|Battle timer is ON: inactive players will automatically lose when time's up. (requested by LT93OQ Futility)
|
|t:|1660422067
|start
|switch|p1a: Urshifu|Urshifu-Rapid-Strike, M|100/100
|switch|p2a: Rotom|Rotom-Wash|100/100
|turn|1
|j| LT93OQ msaint
|j| catgirl024
|inactive|BLOODCLAT has 120 seconds left.
|inactive|LT93OQ Futility has 120 seconds left.
|j| trokenferno
|j| Urdnot wren
|inactive|LT93OQ Futility has 90 seconds left.
|
|t:|1660422146
|switch|p2a: Clefable|Clefable, M|100/100
|move|p1a: Urshifu|U-turn|p2a: Clefable
|-resisted|p2a: Clefable
|-damage|p2a: Clefable|92/100
|
|t:|1660422149
|switch|p1a: Heatran|Heatran, F|100/100|[from]move: U-turn
|
|upkeep
|turn|2
|
|t:|1660422166
|switch|p2a: Tyranitar|Tyranitar, M|100/100
|-weather|Sandstorm|[from] ability: Sand Stream|[of] p2a: Tyranitar
|move|p1a: Heatran|Stealth Rock|p2a: Tyranitar
|-sidestart|p2: BLOODCLAT|move: Stealth Rock
|
|-weather|Sandstorm|[upkeep]
|upkeep
|turn|3
|
|t:|1660422172
|switch|p1a: Urshifu|Urshifu-Rapid-Strike, M|100/100
|move|p2a: Tyranitar|Stone Edge|p1a: Urshifu
|-resisted|p1a: Urshifu
|-damage|p1a: Urshifu|56/100
|
|-weather|Sandstorm|[upkeep]
|-damage|p1a: Urshifu|49/100|[from] Sandstorm
|upkeep
|turn|4
|inactive|BLOODCLAT has 120 seconds left.
|
|t:|1660422180
|switch|p2a: Clefable|Clefable, M|92/100
|move|p1a: Urshifu|Surging Strikes|p2a: Clefable
|-crit|p2a: Clefable
|-damage|p2a: Clefable|76/100
|-crit|p2a: Clefable
|-damage|p2a: Clefable|61/100
|-crit|p2a: Clefable
|-damage|p2a: Clefable|46/100
|-hitcount|p2a: Clefable|3
|
|-weather|Sandstorm|[upkeep]
|-damage|p1a: Urshifu|43/100|[from] Sandstorm
|upkeep
|turn|5
|j| td1
|
|t:|1660422185
|move|p1a: Urshifu|Surging Strikes|p2a: Clefable
|-crit|p2a: Clefable
|-damage|p2a: Clefable|31/100
|-crit|p2a: Clefable
|-damage|p2a: Clefable|16/100
|-crit|p2a: Clefable
|-damage|p2a: Clefable|1/100
|-hitcount|p2a: Clefable|3
|move|p2a: Clefable|Soft-Boiled|p2a: Clefable
|-heal|p2a: Clefable|51/100
|
|-weather|Sandstorm|[upkeep]
|-damage|p1a: Urshifu|37/100|[from] Sandstorm
|upkeep
|turn|6
|
|t:|1660422193
|move|p1a: Urshifu|Taunt|p2a: Clefable
|-start|p2a: Clefable|move: Taunt
|cant|p2a: Clefable|move: Taunt|Soft-Boiled
|
|-weather|none
|upkeep
|turn|7
|
|t:|1660422212
|move|p1a: Urshifu|U-turn|p2a: Clefable
|-resisted|p2a: Clefable
|-damage|p2a: Clefable|41/100
|l| catgirl024
|
|t:|1660422220
|switch|p1a: Heatran|Heatran, F|100/100|[from]move: U-turn
|move|p2a: Clefable|Moonblast|p1a: Heatran
|-resisted|p1a: Heatran
|-damage|p1a: Heatran|96/100
|
|-heal|p1a: Heatran|100/100|[from] item: Leftovers
|upkeep
|turn|8
|
|t:|1660422236
|switch|p2a: Tyranitar|Tyranitar, M|100/100
|-damage|p2a: Tyranitar|88/100|[from] Stealth Rock
|-weather|Sandstorm|[from] ability: Sand Stream|[of] p2a: Tyranitar
|move|p1a: Heatran|Magma Storm|p2a: Tyranitar
|-resisted|p2a: Tyranitar
|-damage|p2a: Tyranitar|72/100
|-activate|p2a: Tyranitar|move: Magma Storm|[of] p1a: Heatran
|
|-weather|Sandstorm|[upkeep]
|-damage|p2a: Tyranitar|60/100|[from] move: Magma Storm|[partiallytrapped]
|upkeep
|turn|9
|j| CB Bhris Breezy
|j| Shivam o
|l| Shivam o
|
|t:|1660422247
|switch|p1a: Slowbro|Slowbro, M|100/100
|move|p2a: Tyranitar|Superpower|p1a: Slowbro
|-resisted|p1a: Slowbro
|-damage|p1a: Slowbro|78/100
|-unboost|p2a: Tyranitar|atk|1
|-unboost|p2a: Tyranitar|def|1
|-damage|p2a: Tyranitar|44/100|[from] item: Rocky Helmet|[of] p1a: Slowbro
|
|-weather|Sandstorm|[upkeep]
|-damage|p1a: Slowbro|72/100|[from] Sandstorm
|-end|p2a: Tyranitar|Magma Storm|[partiallytrapped]|[silent]
|upkeep
|turn|10
|
|t:|1660422255
|switch|p2a: Slowking|Slowking-Galar, M|100/100
|-damage|p2a: Slowking|88/100|[from] Stealth Rock
|move|p1a: Slowbro|Teleport|p1a: Slowbro
|
|t:|1660422261
|switch|p1a: Tyranitar|Tyranitar, F|100/100|[from]move: Teleport
|
|-weather|Sandstorm|[upkeep]
|-damage|p2a: Slowking|82/100|[from] Sandstorm
|-heal|p2a: Slowking|88/100|[from] item: Black Sludge
|upkeep
|turn|11
|j| bros hope
|
|t:|1660422280
|switch|p2a: Tangrowth|Tangrowth, M|100/100
|-damage|p2a: Tangrowth|88/100|[from] Stealth Rock
|move|p1a: Tyranitar|Stone Edge|p2a: Tangrowth
|-damage|p2a: Tangrowth|60/100
|
|-weather|Sandstorm|[upkeep]
|-damage|p2a: Tangrowth|54/100|[from] Sandstorm
|upkeep
|turn|12
|
|t:|1660422290
|move|p1a: Tyranitar|Stone Edge|p2a: Tangrowth
|-damage|p2a: Tangrowth|28/100
|move|p2a: Tangrowth|Sleep Powder|p1a: Tyranitar
|-status|p1a: Tyranitar|slp|[from] move: Sleep Powder
|
|-weather|none
|upkeep
|turn|13
|
|t:|1660422299
|switch|p2a: Excadrill|Excadrill, M|100/100
|-damage|p2a: Excadrill|97/100|[from] Stealth Rock
|cant|p1a: Tyranitar|slp
|
|-heal|p2a: Excadrill|100/100|[from] item: Leftovers
|upkeep
|turn|14
|
|t:|1660422305
|switch|p1a: Slowbro|Slowbro, M|100/100
|move|p2a: Excadrill|Earthquake|p1a: Slowbro
|-damage|p1a: Slowbro|65/100
|
|upkeep
|turn|15
|
|t:|1660422313
|move|p2a: Excadrill|Earthquake|p1a: Slowbro
|-damage|p1a: Slowbro|33/100
|move|p1a: Slowbro|Teleport|p1a: Slowbro
|
|t:|1660422317
|switch|p1a: Urshifu|Urshifu-Rapid-Strike, M|37/100|[from]move: Teleport
|
|upkeep
|turn|16
|l| trokenferno
|
|t:|1660422336
|switch|p2a: Slowking|Slowking-Galar, M|100/100
|-damage|p2a: Slowking|88/100|[from] Stealth Rock
|move|p1a: Urshifu|Close Combat|p2a: Slowking
|-resisted|p2a: Slowking
|-damage|p2a: Slowking|78/100
|-unboost|p1a: Urshifu|def|1
|-unboost|p1a: Urshifu|spd|1
|
|-heal|p2a: Slowking|84/100|[from] item: Black Sludge
|upkeep
|turn|17
|
|t:|1660422343
|move|p1a: Urshifu|Surging Strikes|p2a: Slowking
|-crit|p2a: Slowking
|-damage|p2a: Slowking|68/100
|-crit|p2a: Slowking
|-damage|p2a: Slowking|53/100
|-crit|p2a: Slowking
|-damage|p2a: Slowking|37/100
|-hitcount|p2a: Slowking|3
|move|p2a: Slowking|Trick|p1a: Urshifu
|-activate|p2a: Slowking|move: Trick|[of] p1a: Urshifu
|-item|p1a: Urshifu|Black Sludge|[from] move: Trick
|-item|p2a: Slowking|Protective Pads|[from] move: Trick
|
|-damage|p1a: Urshifu|25/100|[from] item: Black Sludge
|upkeep
|turn|18
|j|+ez
|
|t:|1660422351
|switch|p2a: Tangrowth|Tangrowth, M|62/100
|-damage|p2a: Tangrowth|49/100|[from] Stealth Rock
|move|p1a: Urshifu|U-turn|p2a: Tangrowth
|-supereffective|p2a: Tangrowth
|-damage|p2a: Tangrowth|24/100
|-damage|p1a: Urshifu|8/100|[from] item: Rocky Helmet|[of] p2a: Tangrowth
|
|t:|1660422360
|switch|p1a: Tapu Lele|Tapu Lele|100/100|[from]move: U-turn
|-fieldstart|move: Psychic Terrain|[from] ability: Psychic Surge|[of] p1a: Tapu Lele
|
|upkeep
|turn|19
|l| CB Bhris Breezy
|j| Pepega Trainer
|inactive|BLOODCLAT has 120 seconds left.
|
|t:|1660422394
|switch|p2a: Slowking|Slowking-Galar, M|70/100
|-damage|p2a: Slowking|58/100|[from] Stealth Rock
|move|p1a: Tapu Lele|Moonblast|p2a: Slowking
|-resisted|p2a: Slowking
|-damage|p2a: Slowking|22/100
|
|upkeep
|turn|20
|
|t:|1660422401
|switch|p2a: Clefable|Clefable, M|41/100
|move|p1a: Tapu Lele|Moonblast|p2a: Clefable
|-damage|p2a: Clefable|0 fnt
|faint|p2a: Clefable
|
|upkeep
|
|t:|1660422403
|switch|p2a: Excadrill|Excadrill, M|100/100
|-damage|p2a: Excadrill|97/100|[from] Stealth Rock
|turn|21
|
|t:|1660422410
|switch|p1a: Slowbro|Slowbro, M|66/100
|move|p2a: Excadrill|Rapid Spin|p1a: Slowbro
|-damage|p1a: Slowbro|55/100
|-boost|p2a: Excadrill|spe|1
|-damage|p2a: Excadrill|81/100|[from] item: Rocky Helmet|[of] p1a: Slowbro
|-sideend|p2: BLOODCLAT|Stealth Rock|[from] move: Rapid Spin|[of] p2a: Excadrill
|
|-heal|p2a: Excadrill|87/100|[from] item: Leftovers
|upkeep
|turn|22
|j| Jusgotperiperi
|l| Urdnot wren
|
|t:|1660422421
|move|p2a: Excadrill|Swords Dance|p2a: Excadrill
|-boost|p2a: Excadrill|atk|2
|move|p1a: Slowbro|Teleport|p1a: Slowbro
|j| Urdnot wren
|
|t:|1660422432
|switch|p1a: Tornadus|Tornadus-Therian, M|100/100|[from]move: Teleport
|
|-heal|p2a: Excadrill|93/100|[from] item: Leftovers
|-fieldend|move: Psychic Terrain
|upkeep
|turn|23
|
|t:|1660422444
|switch|p1a: Urshifu|Urshifu-Rapid-Strike, M|8/100
|move|p2a: Excadrill|Swords Dance|p2a: Excadrill
|-boost|p2a: Excadrill|atk|2
|
|-heal|p2a: Excadrill|99/100|[from] item: Leftovers
|-damage|p1a: Urshifu|0 fnt|[from] item: Black Sludge
|faint|p1a: Urshifu
|upkeep
|
|t:|1660422447
|switch|p1a: Slowbro|Slowbro, M|88/100
|turn|24
|
|t:|1660422449
|move|p2a: Excadrill|Earthquake|p1a: Slowbro
|-damage|p1a: Slowbro|0 fnt
|faint|p1a: Slowbro
|
|-heal|p2a: Excadrill|100/100|[from] item: Leftovers
|upkeep
|-message|LT93OQ Futility forfeited.
|
|win|BLOODCLAT
|raw|LT93OQ Futility's rating: 1739 &rarr; <strong>1721</strong><br />(-18 for losing)
|raw|BLOODCLAT's rating: 1771 &rarr; <strong>1789</strong><br />(+18 for winning)
|l|☆LT93OQ Futility
