|j|☆Turtlek
|j|☆Trogba Trogba
|inactive|Battle timer is ON: inactive players will automatically lose when time's up.
|t:|1668095990
|gametype|singles
|player|p1|Turtlek|flint|
|player|p2|Trogba Trogba|lance|
|teamsize|p1|6
|teamsize|p2|6
|gen|8
|tier|[Gen 8] OU
|rated|Tournament battle
|rule|Sleep Clause Mod: Limit one foe put to sleep
|rule|Species Clause: Limit one of each Pokémon
|rule|OHKO Clause: OHKO moves are banned
|rule|Evasion Items Clause: Evasion items are banned
|rule|Evasion Moves Clause: Evasion moves are banned
|rule|Endless Battle Clause: Forcing endless battles is banned
|rule|HP Percentage Mod: HP is shown in percentages
|rule|Dynamax Clause: You cannot dynamax
|clearpoke
|poke|p1|Celesteela|
|poke|p1|Suicune|
|poke|p1|Tentacruel, M|
|poke|p1|Dubwool, F|
|poke|p1|Volcanion|
|poke|p1|Pikachu-Original, M|
|poke|p2|Celesteela|
|poke|p2|Suicune|
|poke|p2|Tentacruel, M|
|poke|p2|Dubwool, M|
|poke|p2|Volcanion|
|poke|p2|Pikachu-Original, M|
|teampreview
|j|*Lady Monita ☽
|inactive|Turtlek also wants the timer to be on.
|
|t:|1668095997
|start
|switch|p1a: Pikachu|Pikachu-Original, M|100/100
|switch|p2a: Pikachu|Pikachu-Original, M|100/100
|turn|1
|j| JeviJevi
|j| TSMChiranosuk333
|
|t:|1668096001
|switch|p1a: Dubwool|Dubwool, F|100/100
|move|p2a: Pikachu|Fake Out|p1a: Dubwool
|-damage|p1a: Dubwool|93/100
|
|-heal|p1a: Dubwool|99/100|[from] item: Leftovers
|upkeep
|turn|2
|
|t:|1668096005
|move|p2a: Pikachu|Volt Switch|p1a: Dubwool
|-damage|p1a: Dubwool|79/100
|
|t:|1668096009
|switch|p2a: Volcanion|Volcanion|100/100|[from]move: Volt Switch
|move|p1a: Dubwool|Cotton Guard|p1a: Dubwool
|-boost|p1a: Dubwool|def|3
|
|-heal|p1a: Dubwool|85/100|[from] item: Leftovers
|upkeep
|turn|3
|
|t:|1668096024
|switch|p1a: Suicune|Suicune|100/100
|-ability|p1a: Suicune|Pressure
|move|p2a: Volcanion|Flamethrower|p1a: Suicune
|-resisted|p1a: Suicune
|-damage|p1a: Suicune|78/100
|
|upkeep
|turn|4
|
|t:|1668096029
|switch|p2a: Suicune|Suicune|100/100
|-ability|p2a: Suicune|Pressure
|move|p1a: Suicune|Shadow Ball|p2a: Suicune
|-damage|p2a: Suicune|86/100
|
|-heal|p2a: Suicune|92/100|[from] item: Leftovers
|upkeep
|turn|5
|j| howfalcons
|
|t:|1668096053
|switch|p1a: Pikachu|Pikachu-Original, M|100/100
|move|p2a: Suicune|Substitute|p2a: Suicune
|-start|p2a: Suicune|Substitute
|-damage|p2a: Suicune|67/100
|
|-heal|p2a: Suicune|74/100|[from] item: Leftovers
|upkeep
|turn|6
|
|t:|1668096056
|move|p2a: Suicune|Protect|p2a: Suicune
|-singleturn|p2a: Suicune|Protect
|move|p1a: Pikachu|Volt Tackle|p2a: Suicune
|-activate|p2a: Suicune|move: Protect
|
|-heal|p2a: Suicune|80/100|[from] item: Leftovers
|upkeep
|turn|7
|
|t:|1668096061
|move|p1a: Pikachu|Volt Tackle|p2a: Suicune
|-supereffective|p2a: Suicune
|-end|p2a: Suicune|Substitute
|-damage|p1a: Pikachu|85/100|[from] Recoil|[of] p2a: Suicune
|move|p2a: Suicune|Snarl|p1a: Pikachu
|-damage|p1a: Pikachu|51/100
|-unboost|p1a: Pikachu|spa|1
|
|-heal|p2a: Suicune|86/100|[from] item: Leftovers
|upkeep
|turn|8
|
|t:|1668096082
|move|p2a: Suicune|Protect|p2a: Suicune
|-singleturn|p2a: Suicune|Protect
|move|p1a: Pikachu|Volt Tackle|p2a: Suicune
|-activate|p2a: Suicune|move: Protect
|
|-heal|p2a: Suicune|92/100|[from] item: Leftovers
|upkeep
|turn|9
|
|t:|1668096084
|switch|p2a: Pikachu|Pikachu-Original, M|100/100
|move|p1a: Pikachu|Volt Tackle|p2a: Pikachu
|-ability|p2a: Pikachu|Lightning Rod|boost
|-boost|p2a: Pikachu|spa|1
|
|upkeep
|turn|10
|
|t:|1668096094
|-singleturn|p1a: Pikachu|move: Focus Punch
|move|p2a: Pikachu|Knock Off|p1a: Pikachu
|-damage|p1a: Pikachu|0 fnt
|-enditem|p1a: Pikachu|Light Ball|[from] move: Knock Off|[of] p2a: Pikachu
|faint|p1a: Pikachu
|
|upkeep
|-message|Turtlek forfeited.
|
|win|Trogba Trogba
|n|☆Turtlek|turtlek
|n|☆Trogba Trogba|trogbatrogba
|n|*Lady Monita ☽|ladymonita
|n| JeviJevi|jevijevi
|n| TSMChiranosuk333|tsmchiranosuk333
|n| howfalcons|howfalcons
