|html|<div class="broadcast-blue"><strong>[Gen 8] OU is currently suspecting Melmetal! For information on how to participate check out the <a href="https://www.smogon.com/forums/threads/np-ss-ou-suspect-process-round-12-monster-mash.3709234/">suspect thread</a>.</strong></div>
|j|☆Sophisticated233
|j|☆ty-tyui↻
|t:|1665926961
|gametype|singles
|player|p1|Sophisticated233|mira|1614
|player|p2|ty-tyui↻|grace|1611
|teamsize|p1|6
|teamsize|p2|6
|gen|8
|tier|[Gen 8] OU
|rated|
|rule|Sleep Clause Mod: Limit one foe put to sleep
|rule|Species Clause: Limit one of each Pokémon
|rule|OHKO Clause: OHKO moves are banned
|rule|Evasion Items Clause: Evasion items are banned
|rule|Evasion Moves Clause: Evasion moves are banned
|rule|Endless Battle Clause: Forcing endless battles is banned
|rule|HP Percentage Mod: HP is shown in percentages
|rule|Dynamax Clause: You cannot dynamax
|clearpoke
|poke|p1|Ferrothorn, M|
|poke|p1|Nidoking, M|
|poke|p1|Urshifu-*, M|
|poke|p1|Tornadus-Therian, M|
|poke|p1|Slowking, F|
|poke|p1|Dragapult, M|
|poke|p2|Mienshao, F|
|poke|p2|Ninetales-Alola, F|
|poke|p2|Blacephalon|
|poke|p2|Landorus-Therian, M|
|poke|p2|Corviknight, M|
|poke|p2|Rotom-Wash|
|teampreview
|j| waste yrself
|
|t:|1665926978
|start
|switch|p1a: Ferrothorn|Ferrothorn, M|100/100
|switch|p2a: Ninetales|Ninetales-Alola, F|100/100
|-weather|Hail|[from] ability: Snow Warning|[of] p2a: Ninetales
|turn|1
|
|t:|1665926985
|switch|p2a: Corviknight|Corviknight, M|100/100
|-ability|p2a: Corviknight|Pressure
|move|p1a: Ferrothorn|Gyro Ball|p2a: Corviknight
|-resisted|p2a: Corviknight
|-damage|p2a: Corviknight|89/100
|-damage|p1a: Ferrothorn|84/100|[from] item: Rocky Helmet|[of] p2a: Corviknight
|
|-weather|Hail|[upkeep]
|-damage|p2a: Corviknight|82/100|[from] Hail
|-damage|p1a: Ferrothorn|78/100|[from] Hail
|upkeep
|turn|2
|
|t:|1665926999
|switch|p2a: Mienshao|Mienshao, F, shiny|100/100
|move|p1a: Ferrothorn|Leech Seed|p2a: Mienshao
|-start|p2a: Mienshao|move: Leech Seed
|
|-weather|Hail|[upkeep]
|-damage|p2a: Mienshao|94/100|[from] Hail
|-damage|p1a: Ferrothorn|72/100|[from] Hail
|-damage|p2a: Mienshao|82/100|[from] Leech Seed|[of] p1a: Ferrothorn
|-heal|p1a: Ferrothorn|81/100|[silent]
|upkeep
|turn|3
|
|t:|1665927013
|switch|p1a: Tornadus|Tornadus-Therian, M|100/100
|move|p2a: Mienshao|Knock Off|p1a: Tornadus
|-damage|p1a: Tornadus|54/100
|-enditem|p1a: Tornadus|Heavy-Duty Boots|[from] move: Knock Off|[of] p2a: Mienshao
|-damage|p2a: Mienshao|72/100|[from] item: Life Orb
|
|-weather|Hail|[upkeep]
|-damage|p1a: Tornadus|48/100|[from] Hail
|-damage|p2a: Mienshao|66/100|[from] Hail
|-damage|p2a: Mienshao|53/100|[from] Leech Seed|[of] p1a: Tornadus
|-heal|p1a: Tornadus|57/100|[silent]
|upkeep
|turn|4
|j| Blowfishbob
|
|t:|1665927025
|switch|p2a: Rotom|Rotom-Wash|100/100
|move|p1a: Tornadus|U-turn|p2a: Rotom
|-damage|p2a: Rotom|86/100
|j| Kingston9629
|j| Youressi
|j| dpalacinr01
|
|t:|1665927050
|switch|p1a: Urshifu|Urshifu-Rapid-Strike, M|100/100|[from]move: U-turn
|
|-weather|Hail|[upkeep]
|-damage|p1a: Urshifu|94/100|[from] Hail
|-damage|p2a: Rotom|79/100|[from] Hail
|-heal|p2a: Rotom|86/100|[from] item: Leftovers
|upkeep
|turn|5
|
|t:|1665927056
|switch|p2a: Landorus|Landorus-Therian, M|100/100
|-ability|p2a: Landorus|Intimidate|boost
|-unboost|p1a: Urshifu|atk|1
|move|p1a: Urshifu|U-turn|p2a: Landorus
|-resisted|p2a: Landorus
|-crit|p2a: Landorus
|-damage|p2a: Landorus|82/100
|
|t:|1665927064
|switch|p1a: Nidoking|Nidoking, M|100/100|[from]move: U-turn
|
|-weather|none
|-heal|p2a: Landorus|88/100|[from] item: Leftovers
|upkeep
|turn|6
|inactive|Battle timer is ON: inactive players will automatically lose when time's up. (requested by Sophisticated233)
|
|t:|1665927075
|switch|p1a: Tornadus|Tornadus-Therian, M|91/100
|switch|p2a: Ninetales|Ninetales-Alola, F|100/100
|-weather|Hail|[from] ability: Snow Warning|[of] p2a: Ninetales
|
|-weather|Hail|[upkeep]
|-damage|p1a: Tornadus|84/100|[from] Hail
|upkeep
|turn|7
|
|t:|1665927081
|move|p1a: Tornadus|U-turn|p2a: Ninetales
|-resisted|p2a: Ninetales
|-damage|p2a: Ninetales|90/100
|l| Kingston9629
|
|t:|1665927085
|switch|p1a: Ferrothorn|Ferrothorn, M|81/100|[from]move: U-turn
|move|p2a: Ninetales|Blizzard|p1a: Ferrothorn
|-damage|p1a: Ferrothorn|32/100
|
|-weather|Hail|[upkeep]
|-damage|p1a: Ferrothorn|26/100|[from] Hail
|upkeep
|turn|8
|
|t:|1665927093
|switch|p2a: Mienshao|Mienshao, F, shiny|86/100
|switch|p1a: Slowking|Slowking, F|100/100
|
|-weather|Hail|[upkeep]
|-damage|p2a: Mienshao|80/100|[from] Hail
|-damage|p1a: Slowking|94/100|[from] Hail
|-heal|p1a: Slowking|100/100|[from] item: Leftovers
|upkeep
|turn|9
|
|t:|1665927098
|switch|p1a: Tornadus|Tornadus-Therian, M|100/100
|move|p2a: Mienshao|Knock Off|p1a: Tornadus
|-damage|p1a: Tornadus|69/100
|-damage|p2a: Mienshao|70/100|[from] item: Life Orb
|
|-weather|Hail|[upkeep]
|-damage|p1a: Tornadus|63/100|[from] Hail
|-damage|p2a: Mienshao|64/100|[from] Hail
|upkeep
|turn|10
|
|t:|1665927104
|switch|p2a: Corviknight|Corviknight, M|82/100
|-ability|p2a: Corviknight|Pressure
|move|p1a: Tornadus|U-turn|p2a: Corviknight
|-resisted|p2a: Corviknight
|-damage|p2a: Corviknight|80/100
|-damage|p1a: Tornadus|46/100|[from] item: Rocky Helmet|[of] p2a: Corviknight
|
|t:|1665927108
|switch|p1a: Nidoking|Nidoking, M|100/100|[from]move: U-turn
|
|-weather|none
|upkeep
|turn|11
|
|t:|1665927116
|switch|p2a: Rotom|Rotom-Wash|86/100
|move|p1a: Nidoking|Flamethrower|p2a: Rotom
|-resisted|p2a: Rotom
|-damage|p2a: Rotom|70/100
|
|-heal|p2a: Rotom|76/100|[from] item: Leftovers
|upkeep
|turn|12
|
|t:|1665927127
|move|p1a: Nidoking|Sludge Wave|p2a: Rotom
|-damage|p2a: Rotom|25/100
|move|p2a: Rotom|Hydro Pump|p1a: Nidoking
|-supereffective|p1a: Nidoking
|-damage|p1a: Nidoking|0 fnt
|faint|p1a: Nidoking
|
|-heal|p2a: Rotom|31/100|[from] item: Leftovers
|upkeep
|
|t:|1665927135
|switch|p1a: Dragapult|Dragapult, M|100/100
|turn|13
|
|t:|1665927140
|move|p1a: Dragapult|U-turn|p2a: Rotom
|-damage|p2a: Rotom|0 fnt
|faint|p2a: Rotom
|
|t:|1665927145
|switch|p1a: Tornadus|Tornadus-Therian, M|79/100|[from]move: U-turn
|
|upkeep
|j| Kingston9629
|
|t:|1665927150
|switch|p2a: Ninetales|Ninetales-Alola, F|90/100
|-weather|Hail|[from] ability: Snow Warning|[of] p2a: Ninetales
|turn|14
|l| Kingston9629
|
|t:|1665927153
|move|p1a: Tornadus|U-turn|p2a: Ninetales
|-resisted|p2a: Ninetales
|-crit|p2a: Ninetales
|-damage|p2a: Ninetales|75/100
|
|t:|1665927155
|switch|p1a: Slowking|Slowking, F|100/100|[from]move: U-turn
|move|p2a: Ninetales|Freeze-Dry|p1a: Slowking
|-supereffective|p1a: Slowking
|-crit|p1a: Slowking
|-damage|p1a: Slowking|30/100
|
|-weather|Hail|[upkeep]
|-damage|p1a: Slowking|24/100|[from] Hail
|-heal|p1a: Slowking|30/100|[from] item: Leftovers
|upkeep
|turn|15
|
|t:|1665927166
|move|p2a: Ninetales|Freeze-Dry|p1a: Slowking
|-supereffective|p1a: Slowking
|-damage|p1a: Slowking|0 fnt
|faint|p1a: Slowking
|
|-weather|Hail|[upkeep]
|upkeep
|
|t:|1665927178
|switch|p1a: Urshifu|Urshifu-Rapid-Strike, M|94/100
|turn|16
|
|t:|1665927184
|switch|p2a: Corviknight|Corviknight, M|80/100
|-ability|p2a: Corviknight|Pressure
|move|p1a: Urshifu|Surging Strikes|p2a: Corviknight
|-crit|p2a: Corviknight
|-damage|p2a: Corviknight|65/100
|-damage|p1a: Urshifu|78/100|[from] item: Rocky Helmet|[of] p2a: Corviknight
|-crit|p2a: Corviknight
|-damage|p2a: Corviknight|48/100
|-damage|p1a: Urshifu|61/100|[from] item: Rocky Helmet|[of] p2a: Corviknight
|-crit|p2a: Corviknight
|-damage|p2a: Corviknight|34/100
|-damage|p1a: Urshifu|45/100|[from] item: Rocky Helmet|[of] p2a: Corviknight
|-hitcount|p2a: Corviknight|3
|
|-weather|Hail|[upkeep]
|-damage|p1a: Urshifu|39/100|[from] Hail
|-damage|p2a: Corviknight|28/100|[from] Hail
|upkeep
|turn|17
|
|t:|1665927190
|move|p1a: Urshifu|Surging Strikes|p2a: Corviknight
|-crit|p2a: Corviknight
|-damage|p2a: Corviknight|13/100
|-damage|p1a: Urshifu|22/100|[from] item: Rocky Helmet|[of] p2a: Corviknight
|-crit|p2a: Corviknight
|-damage|p2a: Corviknight|0 fnt
|-damage|p1a: Urshifu|6/100|[from] item: Rocky Helmet|[of] p2a: Corviknight
|faint|p2a: Corviknight
|-hitcount|p2: Corviknight|2
|
|-weather|Hail|[upkeep]
|-damage|p1a: Urshifu|0 fnt|[from] Hail
|faint|p1a: Urshifu
|upkeep
|
|t:|1665927197
|switch|p1a: Tornadus|Tornadus-Therian, M|100/100
|switch|p2a: Blacephalon|Blacephalon, shiny|100/100
|turn|18
|
|t:|1665927201
|switch|p2a: Landorus|Landorus-Therian, M|88/100
|-ability|p2a: Landorus|Intimidate|boost
|-unboost|p1a: Tornadus|atk|1
|move|p1a: Tornadus|Knock Off|p2a: Landorus
|-damage|p2a: Landorus|76/100
|-enditem|p2a: Landorus|Leftovers|[from] move: Knock Off|[of] p1a: Tornadus
|
|-weather|none
|upkeep
|turn|19
|
|t:|1665927205
|move|p1a: Tornadus|Icy Wind|p2a: Landorus|[miss]
|-miss|p1a: Tornadus|p2a: Landorus
|move|p2a: Landorus|U-turn|p1a: Tornadus
|-resisted|p1a: Tornadus
|-damage|p1a: Tornadus|90/100
|
|t:|1665927207
|switch|p2a: Ninetales|Ninetales-Alola, F|75/100|[from]move: U-turn
|-weather|Hail|[from] ability: Snow Warning|[of] p2a: Ninetales
|
|-weather|Hail|[upkeep]
|-damage|p1a: Tornadus|84/100|[from] Hail
|upkeep
|turn|20
|
|t:|1665927214
|move|p1a: Tornadus|U-turn|p2a: Ninetales
|-resisted|p2a: Ninetales
|-damage|p2a: Ninetales|68/100
|
|t:|1665927216
|switch|p1a: Ferrothorn|Ferrothorn, M|26/100|[from]move: U-turn
|move|p2a: Ninetales|Blizzard|p1a: Ferrothorn
|-damage|p1a: Ferrothorn|0 fnt
|faint|p1a: Ferrothorn
|
|-weather|Hail|[upkeep]
|upkeep
|
|t:|1665927220
|switch|p1a: Dragapult|Dragapult, M|100/100
|turn|21
|
|t:|1665927234
|switch|p2a: Mienshao|Mienshao, F, shiny|97/100
|move|p1a: Dragapult|Dragon Darts|p2a: Mienshao
|-damage|p2a: Mienshao|32/100
|-anim|p1a: Dragapult|Dragon Darts|p2a: Mienshao
|-damage|p2a: Mienshao|0 fnt
|faint|p2a: Mienshao
|
|-weather|Hail|[upkeep]
|-damage|p1a: Dragapult|95/100|[from] Hail
|upkeep
|
|t:|1665927238
|switch|p2a: Ninetales|Ninetales-Alola, F|68/100
|turn|22
|
|t:|1665927248
|switch|p1a: Tornadus|Tornadus-Therian, M|100/100
|move|p2a: Ninetales|Blizzard|p1a: Tornadus
|-supereffective|p1a: Tornadus
|-damage|p1a: Tornadus|0 fnt
|faint|p1a: Tornadus
|
|-weather|Hail|[upkeep]
|upkeep
|
|t:|1665927250
|switch|p1a: Dragapult|Dragapult, M|95/100
|turn|23
|
|t:|1665927256
|move|p1a: Dragapult|Phantom Force||[still]
|-prepare|p1a: Dragapult|Phantom Force
|move|p2a: Ninetales|Blizzard|p1a: Dragapult|[miss]
|-miss|p2a: Ninetales|p1a: Dragapult
|
|-weather|none
|upkeep
|turn|24
|
|t:|1665927259
|move|p1a: Dragapult|Phantom Force|p2a: Ninetales|[from]lockedmove
|-damage|p2a: Ninetales|0 fnt
|faint|p2a: Ninetales
|
|upkeep
|
|t:|1665927261
|switch|p2a: Blacephalon|Blacephalon, shiny|100/100
|turn|25
|
|t:|1665927264
|move|p2a: Blacephalon|Shadow Ball|p1a: Dragapult
|-supereffective|p1a: Dragapult
|-damage|p1a: Dragapult|0 fnt
|faint|p1a: Dragapult
|
|win|ty-tyui↻
|raw|Sophisticated233's rating: 1614 &rarr; <strong>1595</strong><br />(-19 for losing)
|raw|ty-tyui↻'s rating: 1629 &rarr; <strong>1648</strong><br />(+19 for winning)
|c|☆ty-tyui↻|gg
|c|☆Sophisticated233|g
|l| Blowfishbob
|l|☆Sophisticated233
|l| dpalacinr01
|l| Youressi
||Ladder isn't responding, score probably updated but might not have (Request timeout).
