|j|☆Mamaw31180
|j|☆A3720
|t:|1668131014
|gametype|singles
|player|p1|Mamaw31180|lucas|1750
|player|p2|A3720|170|1775
|teamsize|p1|6
|teamsize|p2|6
|gen|8
|tier|[Gen 8] OU
|rated|
|rule|Sleep Clause Mod: Limit one foe put to sleep
|rule|Species Clause: Limit one of each Pokémon
|rule|OHKO Clause: OHKO moves are banned
|rule|Evasion Items Clause: Evasion items are banned
|rule|Evasion Moves Clause: Evasion moves are banned
|rule|Endless Battle Clause: Forcing endless battles is banned
|rule|HP Percentage Mod: HP is shown in percentages
|rule|Dynamax Clause: You cannot dynamax
|clearpoke
|poke|p1|Kartana|
|poke|p1|Blacephalon|
|poke|p1|Landorus-Therian, M|
|poke|p1|Slowbro, M|
|poke|p1|Zapdos|
|poke|p1|Tyranitar, F|
|poke|p2|Vanilluxe, F|
|poke|p2|Arctozolt|
|poke|p2|Toxapex, M|
|poke|p2|Magnezone|
|poke|p2|Landorus-Therian, M|
|poke|p2|Tornadus-Therian, M|
|teampreview
|
|t:|1668131029
|start
|switch|p1a: Slowbro|Slowbro, M|100/100
|switch|p2a: Landorus|Landorus-Therian, M|100/100
|-ability|p2a: Landorus|Intimidate|boost
|-unboost|p1a: Slowbro|atk|1
|turn|1
|j| Avatar3000
|
|t:|1668131035
|move|p2a: Landorus|U-turn|p1a: Slowbro
|-supereffective|p1a: Slowbro
|-damage|p1a: Slowbro|76/100
|inactive|Battle timer is ON: inactive players will automatically lose when time's up. (requested by Mamaw31180)
|
|t:|1668131039
|switch|p2a: Vanilluxe|Vanilluxe, F|100/100|[from]move: U-turn
|-weather|Hail|[from] ability: Snow Warning|[of] p2a: Vanilluxe
|move|p1a: Slowbro|Ice Beam|p2a: Vanilluxe
|-resisted|p2a: Vanilluxe
|-damage|p2a: Vanilluxe|87/100
|
|-weather|Hail|[upkeep]
|-damage|p1a: Slowbro|69/100|[from] Hail
|upkeep
|turn|2
|
|t:|1668131053
|switch|p1a: Tyranitar|Tyranitar, F|100/100
|-weather|Sandstorm|[from] ability: Sand Stream|[of] p1a: Tyranitar
|move|p2a: Vanilluxe|Freeze-Dry|p1a: Tyranitar
|-damage|p1a: Tyranitar|64/100
|
|-weather|Sandstorm|[upkeep]
|-damage|p2a: Vanilluxe|81/100|[from] Sandstorm
|upkeep
|turn|3
|
|t:|1668131062
|switch|p2a: Toxapex|Toxapex, M, shiny|100/100
|move|p1a: Tyranitar|Stone Edge|p2a: Toxapex
|-damage|p2a: Toxapex|44/100
|-enditem|p2a: Toxapex|Eject Button
|inactive|A3720 has 120 seconds left.
|l| Avatar3000
|
|t:|1668131098
|switch|p2a: Vanilluxe|Vanilluxe, F|81/100
|-weather|Hail|[from] ability: Snow Warning|[of] p2a: Vanilluxe
|
|-weather|Hail|[upkeep]
|-damage|p1a: Tyranitar|58/100|[from] Hail
|upkeep
|turn|4
|
|t:|1668131103
|switch|p1a: Slowbro|Slowbro, M|100/100
|move|p2a: Vanilluxe|Blizzard|p1a: Slowbro
|-resisted|p1a: Slowbro
|-damage|p1a: Slowbro|55/100
|
|-weather|Hail|[upkeep]
|-damage|p1a: Slowbro|49/100|[from] Hail
|upkeep
|turn|5
|
|t:|1668131108
|move|p2a: Vanilluxe|Blizzard|p1a: Slowbro
|-resisted|p1a: Slowbro
|-damage|p1a: Slowbro|9/100
|move|p1a: Slowbro|Teleport|p1a: Slowbro
|
|t:|1668131112
|switch|p1a: Blacephalon|Blacephalon|100/100|[from]move: Teleport
|
|-weather|Hail|[upkeep]
|-damage|p1a: Blacephalon|94/100|[from] Hail
|upkeep
|turn|6
|j| Ctannn
|j| Vivemouah
|
|t:|1668131141
|switch|p2a: Magnezone|Magnezone|100/100
|move|p1a: Blacephalon|Shadow Ball|p2a: Magnezone
|-damage|p2a: Magnezone|55/100
|
|-weather|Hail|[upkeep]
|-damage|p1a: Blacephalon|88/100|[from] Hail
|-damage|p2a: Magnezone|49/100|[from] Hail
|upkeep
|turn|7
|
|t:|1668131154
|switch|p1a: Landorus|Landorus-Therian, M|100/100
|-ability|p1a: Landorus|Intimidate|boost
|-unboost|p2a: Magnezone|atk|1
|move|p2a: Magnezone|Flash Cannon|p1a: Landorus
|-damage|p1a: Landorus|71/100
|
|-weather|none
|-heal|p1a: Landorus|77/100|[from] item: Leftovers
|upkeep
|turn|8
|
|t:|1668131161
|switch|p2a: Vanilluxe|Vanilluxe, F|81/100
|-weather|Hail|[from] ability: Snow Warning|[of] p2a: Vanilluxe
|move|p1a: Landorus|Stealth Rock|p2a: Vanilluxe
|-sidestart|p2: A3720|move: Stealth Rock
|
|-weather|Hail|[upkeep]
|-damage|p1a: Landorus|71/100|[from] Hail
|-heal|p1a: Landorus|77/100|[from] item: Leftovers
|upkeep
|turn|9
|
|t:|1668131171
|switch|p1a: Blacephalon|Blacephalon|88/100
|move|p2a: Vanilluxe|Freeze-Dry|p1a: Blacephalon
|-resisted|p1a: Blacephalon
|-damage|p1a: Blacephalon|44/100
|
|-weather|Hail|[upkeep]
|-damage|p1a: Blacephalon|38/100|[from] Hail
|upkeep
|turn|10
|
|t:|1668131182
|switch|p2a: Magnezone|Magnezone|49/100
|-damage|p2a: Magnezone|43/100|[from] Stealth Rock
|move|p1a: Blacephalon|Overheat|p2a: Magnezone
|-supereffective|p2a: Magnezone
|-damage|p2a: Magnezone|0 fnt
|-unboost|p1a: Blacephalon|spa|2
|faint|p2a: Magnezone
|-ability|p1a: Blacephalon|Beast Boost|boost
|-boost|p1a: Blacephalon|spa|1
|
|-weather|Hail|[upkeep]
|-damage|p1a: Blacephalon|32/100|[from] Hail
|upkeep
|j| Anibunnysomoney
|inactive|A3720 has 120 seconds left.
|
|t:|1668131227
|switch|p2a: Arctozolt|Arctozolt|100/100
|-damage|p2a: Arctozolt|76/100|[from] Stealth Rock
|turn|11
|
|t:|1668131234
|switch|p1a: Zapdos|Zapdos|100/100
|move|p2a: Arctozolt|Blizzard|p1a: Zapdos
|-supereffective|p1a: Zapdos
|-damage|p1a: Zapdos|0 fnt
|faint|p1a: Zapdos
|
|-weather|Hail|[upkeep]
|upkeep
|
|t:|1668131240
|switch|p1a: Kartana|Kartana|100/100
|turn|12
|
|t:|1668131244
|switch|p2a: Tornadus|Tornadus-Therian, M|100/100
|move|p1a: Kartana|Leaf Blade|p2a: Tornadus
|-resisted|p2a: Tornadus
|-damage|p2a: Tornadus|70/100
|
|-weather|none
|upkeep
|turn|13
|
|t:|1668131251
|switch|p1a: Landorus|Landorus-Therian, M|77/100
|-ability|p1a: Landorus|Intimidate|boost
|-unboost|p2a: Tornadus|atk|1
|move|p2a: Tornadus|Defog|p1a: Landorus
|-unboost|p1a: Landorus|evasion|1
|-sideend|p2: A3720|Stealth Rock|[from] move: Defog|[of] p2a: Tornadus
|
|-heal|p1a: Landorus|83/100|[from] item: Leftovers
|upkeep
|turn|14
|
|t:|1668131254
|move|p2a: Tornadus|Taunt|p1a: Landorus
|-start|p1a: Landorus|move: Taunt
|move|p1a: Landorus|Knock Off|p2a: Tornadus
|-damage|p2a: Tornadus|37/100
|-enditem|p2a: Tornadus|Heavy-Duty Boots|[from] move: Knock Off|[of] p1a: Landorus
|
|-heal|p1a: Landorus|89/100|[from] item: Leftovers
|upkeep
|turn|15
|
|t:|1668131268
|move|p2a: Tornadus|U-turn|p1a: Landorus
|-resisted|p1a: Landorus
|-damage|p1a: Landorus|84/100
|
|t:|1668131269
|switch|p2a: Landorus|Landorus-Therian, M|100/100|[from]move: U-turn
|-ability|p2a: Landorus|Intimidate|boost
|-unboost|p1a: Landorus|atk|1
|move|p1a: Landorus|U-turn|p2a: Landorus
|-resisted|p2a: Landorus
|-damage|p2a: Landorus|94/100
|
|t:|1668131273
|switch|p1a: Slowbro|Slowbro, M|42/100|[from]move: U-turn
|
|-heal|p2a: Landorus|99/100|[from] item: Leftovers
|upkeep
|turn|16
|
|t:|1668131278
|move|p2a: Landorus|U-turn|p1a: Slowbro
|-supereffective|p1a: Slowbro
|-damage|p1a: Slowbro|15/100
|
|t:|1668131280
|switch|p2a: Vanilluxe|Vanilluxe, F|81/100|[from]move: U-turn
|-weather|Hail|[from] ability: Snow Warning|[of] p2a: Vanilluxe
|move|p1a: Slowbro|Ice Beam|p2a: Vanilluxe
|-resisted|p2a: Vanilluxe
|-damage|p2a: Vanilluxe|69/100
|
|-weather|Hail|[upkeep]
|-damage|p1a: Slowbro|9/100|[from] Hail
|upkeep
|turn|17
|
|t:|1668131295
|move|p2a: Vanilluxe|Freeze-Dry|p1a: Slowbro
|-supereffective|p1a: Slowbro
|-damage|p1a: Slowbro|0 fnt
|faint|p1a: Slowbro
|
|-weather|Hail|[upkeep]
|upkeep
|
|t:|1668131298
|switch|p1a: Blacephalon|Blacephalon|32/100
|turn|18
|inactive|A3720 has 120 seconds left.
|j| TouchyFeelie
|
|t:|1668131335
|switch|p2a: Toxapex|Toxapex, M, shiny|77/100
|move|p1a: Blacephalon|Shadow Ball|p2a: Toxapex
|-damage|p2a: Toxapex|16/100
|
|-weather|Hail|[upkeep]
|-damage|p1a: Blacephalon|26/100|[from] Hail
|-damage|p2a: Toxapex|9/100|[from] Hail
|upkeep
|turn|19
|inactive|A3720 has 120 seconds left.
|
|t:|1668131352
|move|p1a: Blacephalon|Shadow Ball|p2a: Toxapex
|-damage|p2a: Toxapex|0 fnt
|faint|p2a: Toxapex
|-ability|p1a: Blacephalon|Beast Boost|boost
|-boost|p1a: Blacephalon|spa|1
|
|-weather|Hail|[upkeep]
|-damage|p1a: Blacephalon|20/100|[from] Hail
|upkeep
|
|t:|1668131354
|switch|p2a: Arctozolt|Arctozolt|76/100
|turn|20
|inactive|A3720 has 120 seconds left.
|inactive|A3720 has 90 seconds left.
|
|t:|1668131395
|switch|p1a: Tyranitar|Tyranitar, F|58/100
|-weather|Sandstorm|[from] ability: Sand Stream|[of] p1a: Tyranitar
|move|p2a: Arctozolt|Blizzard|p1a: Tyranitar|[miss]
|-miss|p2a: Arctozolt|p1a: Tyranitar
|
|-weather|Sandstorm|[upkeep]
|-damage|p2a: Arctozolt|69/100|[from] Sandstorm
|upkeep
|turn|21
|inactive|A3720 has 90 seconds left.
|
|t:|1668131419
|move|p2a: Arctozolt|Blizzard|p1a: Tyranitar
|-damage|p1a: Tyranitar|16/100
|-status|p1a: Tyranitar|frz
|cant|p1a: Tyranitar|frz
|
|-weather|Sandstorm|[upkeep]
|-damage|p2a: Arctozolt|63/100|[from] Sandstorm
|upkeep
|turn|22
|
|t:|1668131424
|move|p2a: Arctozolt|Blizzard|p1a: Tyranitar
|-damage|p1a: Tyranitar|0 fnt
|faint|p1a: Tyranitar
|
|-weather|Sandstorm|[upkeep]
|-damage|p2a: Arctozolt|57/100|[from] Sandstorm
|upkeep
|
|t:|1668131428
|switch|p1a: Blacephalon|Blacephalon|20/100
|turn|23
|
|t:|1668131447
|move|p1a: Blacephalon|Flamethrower|p2a: Arctozolt
|-supereffective|p2a: Arctozolt
|-damage|p2a: Arctozolt|0 fnt
|faint|p2a: Arctozolt
|-ability|p1a: Blacephalon|Beast Boost|boost
|-boost|p1a: Blacephalon|spa|1
|
|-weather|Sandstorm|[upkeep]
|-damage|p1a: Blacephalon|13/100|[from] Sandstorm
|upkeep
|inactive|A3720 has 90 seconds left.
|
|t:|1668131469
|switch|p2a: Tornadus|Tornadus-Therian, M|71/100
|turn|24
|
|t:|1668131473
|switch|p1a: Landorus|Landorus-Therian, M|84/100
|-ability|p1a: Landorus|Intimidate|boost
|-unboost|p2a: Tornadus|atk|1
|move|p2a: Tornadus|Heat Wave|p1a: Landorus
|-damage|p1a: Landorus|66/100
|
|-weather|none
|-heal|p1a: Landorus|72/100|[from] item: Leftovers
|upkeep
|turn|25
|j| Burnt Bright
|l| Ctannn
|inactive|A3720 has 90 seconds left.
|
|t:|1668131484
|move|p2a: Tornadus|Heat Wave|p1a: Landorus
|-damage|p1a: Landorus|54/100
|-status|p1a: Landorus|brn
|move|p1a: Landorus|Stealth Rock|p2a: Tornadus
|-sidestart|p2: A3720|move: Stealth Rock
|
|-heal|p1a: Landorus|60/100 brn|[from] item: Leftovers
|-damage|p1a: Landorus|54/100 brn|[from] brn
|upkeep
|turn|26
|
|t:|1668131488
|move|p2a: Tornadus|Defog|p1a: Landorus
|-unboost|p1a: Landorus|evasion|1
|-sideend|p2: A3720|Stealth Rock|[from] move: Defog|[of] p2a: Tornadus
|move|p1a: Landorus|U-turn|p2a: Tornadus
|-resisted|p2a: Tornadus
|-damage|p2a: Tornadus|64/100
|
|t:|1668131492
|switch|p1a: Blacephalon|Blacephalon|13/100|[from]move: U-turn
|
|upkeep
|turn|27
|
|t:|1668131497
|switch|p1a: Landorus|Landorus-Therian, M|54/100 brn
|-ability|p1a: Landorus|Intimidate|boost
|-unboost|p2a: Tornadus|atk|1
|move|p2a: Tornadus|Heat Wave|p1a: Landorus
|-damage|p1a: Landorus|37/100 brn
|
|-heal|p1a: Landorus|43/100 brn|[from] item: Leftovers
|-damage|p1a: Landorus|37/100 brn|[from] brn
|upkeep
|turn|28
|inactive|A3720 has 120 seconds left.
|
|t:|1668131505
|move|p2a: Tornadus|Heat Wave|p1a: Landorus
|-damage|p1a: Landorus|20/100 brn
|move|p1a: Landorus|U-turn|p2a: Tornadus
|-resisted|p2a: Tornadus
|-damage|p2a: Tornadus|59/100
|
|t:|1668131507
|switch|p1a: Blacephalon|Blacephalon|13/100|[from]move: U-turn
|
|upkeep
|turn|29
|
|t:|1668131512
|move|p2a: Tornadus|Heat Wave|p1a: Blacephalon
|-resisted|p1a: Blacephalon
|-damage|p1a: Blacephalon|0 fnt
|faint|p1a: Blacephalon
|
|upkeep
|
|t:|1668131515
|switch|p1a: Landorus|Landorus-Therian, M|20/100 brn
|-ability|p1a: Landorus|Intimidate|boost
|-unboost|p2a: Tornadus|atk|1
|turn|30
|
|t:|1668131518
|move|p2a: Tornadus|U-turn|p1a: Landorus
|-resisted|p1a: Landorus
|-crit|p1a: Landorus
|-damage|p1a: Landorus|11/100 brn
|
|t:|1668131523
|switch|p2a: Landorus|Landorus-Therian, M|99/100|[from]move: U-turn
|-ability|p2a: Landorus|Intimidate|boost
|-unboost|p1a: Landorus|atk|1
|move|p1a: Landorus|U-turn|p2a: Landorus
|-resisted|p2a: Landorus
|-damage|p2a: Landorus|96/100
|
|t:|1668131526
|switch|p1a: Kartana|Kartana|100/100|[from]move: U-turn
|
|-heal|p2a: Landorus|100/100|[from] item: Leftovers
|upkeep
|turn|31
|
|t:|1668131534
|move|p1a: Kartana|Leaf Blade|p2a: Landorus
|-damage|p2a: Landorus|39/100
|move|p2a: Landorus|Earthquake|p1a: Kartana
|-crit|p1a: Kartana
|-damage|p1a: Kartana|21/100
|
|-heal|p2a: Landorus|45/100|[from] item: Leftovers
|upkeep
|turn|32
|
|t:|1668131544
|move|p1a: Kartana|Leaf Blade|p2a: Landorus
|-damage|p2a: Landorus|0 fnt
|faint|p2a: Landorus
|-ability|p1a: Kartana|Beast Boost|boost
|-boost|p1a: Kartana|atk|1
|
|upkeep
|
|t:|1668131547
|switch|p2a: Tornadus|Tornadus-Therian, M|92/100
|turn|33
|
|t:|1668131551
|move|p1a: Kartana|Leaf Blade|p2a: Tornadus
|-resisted|p2a: Tornadus
|-damage|p2a: Tornadus|45/100
|move|p2a: Tornadus|Heat Wave|p1a: Kartana
|-supereffective|p1a: Kartana
|-damage|p1a: Kartana|0 fnt
|faint|p1a: Kartana
|
|upkeep
|-message|Mamaw31180 forfeited.
|
|win|A3720
|raw|Mamaw31180's rating: 1750 &rarr; <strong>1731</strong><br />(-19 for losing)
|raw|A3720's rating: 1775 &rarr; <strong>1794</strong><br />(+19 for winning)
|l|☆Mamaw31180
|l| Vivemouah
|l|☆A3720
||Ladder isn't responding, score probably updated but might not have (Request timeout).
|l| TouchyFeelie
