|j|☆BVRZUM
|j|☆galarian dragapult
|t:|1633387004
|gametype|singles
|player|p1|BVRZUM|morty|1782
|player|p2|galarian dragapult|266|1786
|teamsize|p1|6
|teamsize|p2|6
|gen|8
|tier|[Gen 8] OU
|rated|
|rule|Sleep Clause Mod: Limit one foe put to sleep
|rule|Species Clause: Limit one of each Pokémon
|rule|OHKO Clause: OHKO moves are banned
|rule|Evasion Moves Clause: Evasion moves are banned
|rule|Endless Battle Clause: Forcing endless battles is banned
|rule|HP Percentage Mod: HP is shown in percentages
|rule|Dynamax Clause: You cannot dynamax
|clearpoke
|poke|p1|Tapu Koko|
|poke|p1|Hawlucha, M|
|poke|p1|Mew|
|poke|p1|Celesteela|
|poke|p1|Garchomp, M|
|poke|p1|Cloyster, M|
|poke|p2|Dragapult, M|
|poke|p2|Heatran, M|
|poke|p2|Magnezone|
|poke|p2|Landorus-Therian, M|
|poke|p2|Tapu Fini|
|poke|p2|Melmetal|
|teampreview
|
|t:|1633387017
|start
|switch|p1a: Tapu Koko|Tapu Koko, shiny|100/100
|switch|p2a: Landorus|Landorus-Therian, M|100/100
|-fieldstart|move: Electric Terrain|[from] ability: Electric Surge|[of] p1a: Tapu Koko
|-ability|p2a: Landorus|Intimidate|boost
|-unboost|p1a: Tapu Koko|atk|1
|turn|1
|
|t:|1633387024
|move|p1a: Tapu Koko|Reflect|p1a: Tapu Koko
|-sidestart|p1: BVRZUM|Reflect
|move|p2a: Landorus|Knock Off|p1a: Tapu Koko
|-resisted|p1a: Tapu Koko
|-damage|p1a: Tapu Koko|92/100
|-enditem|p1a: Tapu Koko|Light Clay|[from] move: Knock Off|[of] p2a: Landorus
|
|upkeep
|turn|2
|
|t:|1633387028
|move|p1a: Tapu Koko|Light Screen|p1a: Tapu Koko
|-sidestart|p1: BVRZUM|move: Light Screen
|move|p2a: Landorus|Defog|p1a: Tapu Koko
|-unboost|p1a: Tapu Koko|evasion|1
|-sideend|p1: BVRZUM|Reflect
|-sideend|p1: BVRZUM|move: Light Screen
|-fieldend|move: Electric Terrain
|
|upkeep
|turn|3
|
|t:|1633387033
|move|p1a: Tapu Koko|U-turn|p2a: Landorus
|-resisted|p2a: Landorus
|-damage|p2a: Landorus|95/100
|
|t:|1633387037
|switch|p1a: Celesteela|Celesteela, shiny|100/100|[from]move: U-turn
|move|p2a: Landorus|Earthquake|p1a: Celesteela
|-immune|p1a: Celesteela
|
|-heal|p2a: Landorus|100/100|[from] item: Leftovers
|upkeep
|turn|4
|
|t:|1633387041
|move|p1a: Celesteela|Autotomize|p1a: Celesteela
|-boost|p1a: Celesteela|spe|2
|-start|p1a: Celesteela|Autotomize
|move|p2a: Landorus|Knock Off|p1a: Celesteela
|-damage|p1a: Celesteela|72/100
|-enditem|p1a: Celesteela|Power Herb|[from] move: Knock Off|[of] p2a: Landorus
|
|upkeep
|turn|5
|j| Terry B bestdlc
|
|t:|1633387044
|move|p1a: Celesteela|Meteor Beam||[still]
|-prepare|p1a: Celesteela|Meteor Beam
|-boost|p1a: Celesteela|spa|1
|move|p2a: Landorus|U-turn|p1a: Celesteela
|-resisted|p1a: Celesteela
|-damage|p1a: Celesteela|66/100
|
|t:|1633387049
|switch|p2a: Magnezone|Magnezone|100/100|[from]move: U-turn
|
|upkeep
|turn|6
|
|t:|1633387053
|move|p1a: Celesteela|Meteor Beam|p2a: Magnezone|[from]lockedmove
|-resisted|p2a: Magnezone
|-damage|p2a: Magnezone|69/100
|move|p2a: Magnezone|Thunderbolt|p1a: Celesteela
|-supereffective|p1a: Celesteela
|-crit|p1a: Celesteela
|-damage|p1a: Celesteela|0 fnt
|faint|p1a: Celesteela
|
|upkeep
|inactive|Battle timer is ON: inactive players will automatically lose when time's up. (requested by galarian dragapult)
|
|t:|1633387059
|switch|p1a: Garchomp|Garchomp, M|100/100
|turn|7
|j| TheNotoriousDIC
|
|t:|1633387066
|move|p1a: Garchomp|Swords Dance|p1a: Garchomp
|-boost|p1a: Garchomp|atk|2
|move|p2a: Magnezone|Toxic|p1a: Garchomp
|-status|p1a: Garchomp|tox
|
|-damage|p1a: Garchomp|94/100 tox|[from] psn
|upkeep
|turn|8
|
|t:|1633387075
|switch|p2a: Landorus|Landorus-Therian, M|100/100
|-ability|p2a: Landorus|Intimidate|boost
|-unboost|p1a: Garchomp|atk|1
|move|p1a: Garchomp|Earthquake|p2a: Landorus
|-immune|p2a: Landorus
|
|-heal|p1a: Garchomp|100/100 tox|[from] item: Leftovers
|-damage|p1a: Garchomp|88/100 tox|[from] psn
|upkeep
|turn|9
|j| HYper
|
|t:|1633387079
|move|p1a: Garchomp|Scale Shot|p2a: Landorus
|-damage|p2a: Landorus|81/100
|-damage|p2a: Landorus|61/100
|-damage|p2a: Landorus|42/100
|-damage|p2a: Landorus|24/100
|-damage|p2a: Landorus|4/100
|-hitcount|p2a: Landorus|5
|-unboost|p1a: Garchomp|def|1
|-boost|p1a: Garchomp|spe|1
|move|p2a: Landorus|Earthquake|p1a: Garchomp
|-crit|p1a: Garchomp
|-damage|p1a: Garchomp|0 fnt
|faint|p1a: Garchomp
|
|-heal|p2a: Landorus|10/100|[from] item: Leftovers
|upkeep
|
|t:|1633387094
|switch|p1a: Tapu Koko|Tapu Koko, shiny|92/100
|-fieldstart|move: Electric Terrain|[from] ability: Electric Surge|[of] p1a: Tapu Koko
|turn|10
|
|t:|1633387101
|move|p1a: Tapu Koko|Taunt|p2a: Landorus
|-start|p2a: Landorus|move: Taunt
|move|p2a: Landorus|Earthquake|p1a: Tapu Koko
|-supereffective|p1a: Tapu Koko
|-damage|p1a: Tapu Koko|0 fnt
|faint|p1a: Tapu Koko
|
|-heal|p2a: Landorus|16/100|[from] item: Leftovers
|upkeep
|
|t:|1633387107
|switch|p1a: Hawlucha|Hawlucha, M, shiny|100/100
|-enditem|p1a: Hawlucha|Electric Seed
|-boost|p1a: Hawlucha|def|1|[from] item: Electric Seed
|turn|11
|
|t:|1633387112
|move|p1a: Hawlucha|Swords Dance|p1a: Hawlucha
|-boost|p1a: Hawlucha|atk|2
|move|p2a: Landorus|U-turn|p1a: Hawlucha
|-resisted|p1a: Hawlucha
|-damage|p1a: Hawlucha|95/100
|
|t:|1633387123
|switch|p2a: Tapu Fini|Tapu Fini|100/100|[from]move: U-turn
|-fieldstart|move: Misty Terrain|[from] ability: Misty Surge|[of] p2a: Tapu Fini
|
|upkeep
|turn|12
|
|t:|1633387128
|move|p1a: Hawlucha|Acrobatics|p2a: Tapu Fini
|-damage|p2a: Tapu Fini|32/100
|move|p2a: Tapu Fini|Draining Kiss|p1a: Hawlucha
|-supereffective|p1a: Hawlucha
|-damage|p1a: Hawlucha|48/100
|-heal|p2a: Tapu Fini|63/100|[from] drain|[of] p1a: Hawlucha
|
|-heal|p2a: Tapu Fini|69/100|[from] item: Leftovers
|upkeep
|turn|13
|l| HYper
|
|t:|1633387136
|move|p1a: Hawlucha|Acrobatics|p2a: Tapu Fini
|-damage|p2a: Tapu Fini|3/100
|move|p2a: Tapu Fini|Draining Kiss|p1a: Hawlucha
|-supereffective|p1a: Hawlucha
|-damage|p1a: Hawlucha|0 fnt
|-heal|p2a: Tapu Fini|34/100|[from] drain|[of] p1a: Hawlucha
|faint|p1a: Hawlucha
|
|-heal|p2a: Tapu Fini|40/100|[from] item: Leftovers
|upkeep
|
|t:|1633387147
|switch|p1a: Cloyster|Cloyster, M, shiny|100/100
|turn|14
|
|t:|1633387154
|move|p2a: Tapu Fini|Draining Kiss|p1a: Cloyster
|-damage|p1a: Cloyster|58/100
|-heal|p2a: Tapu Fini|62/100|[from] drain|[of] p1a: Cloyster
|move|p1a: Cloyster|Shell Smash|p1a: Cloyster
|-unboost|p1a: Cloyster|def|1
|-unboost|p1a: Cloyster|spd|1
|-boost|p1a: Cloyster|atk|2
|-boost|p1a: Cloyster|spa|2
|-boost|p1a: Cloyster|spe|2
|
|-heal|p2a: Tapu Fini|68/100|[from] item: Leftovers
|upkeep
|turn|15
|
|t:|1633387165
|move|p1a: Cloyster|Shell Smash|p1a: Cloyster
|-unboost|p1a: Cloyster|def|1
|-unboost|p1a: Cloyster|spd|1
|-boost|p1a: Cloyster|atk|2
|-boost|p1a: Cloyster|spa|2
|-boost|p1a: Cloyster|spe|2
|move|p2a: Tapu Fini|Draining Kiss|p1a: Cloyster
|-damage|p1a: Cloyster|0 fnt
|-heal|p2a: Tapu Fini|99/100|[from] drain|[of] p1a: Cloyster
|faint|p1a: Cloyster
|
|-heal|p2a: Tapu Fini|100/100|[from] item: Leftovers
|-fieldend|Misty Terrain
|upkeep
|j| I am but a Clown
|
|t:|1633387173
|switch|p1a: Mew|Mew|100/100
|turn|16
|
|t:|1633387178
|switch|p2a: Dragapult|Dragapult, M|100/100
|move|p1a: Mew|Taunt|p2a: Dragapult
|-start|p2a: Dragapult|move: Taunt
|
|upkeep
|turn|17
|
|t:|1633387181
|move|p2a: Dragapult|Shadow Ball|p1a: Mew
|-supereffective|p1a: Mew
|-damage|p1a: Mew|11/100
|move|p1a: Mew|Cosmic Power|p1a: Mew
|-boost|p1a: Mew|def|1
|-boost|p1a: Mew|spd|1
|
|-heal|p1a: Mew|17/100|[from] item: Leftovers
|upkeep
|turn|18
|
|t:|1633387183
|move|p2a: Dragapult|Shadow Ball|p1a: Mew
|-supereffective|p1a: Mew
|-damage|p1a: Mew|0 fnt
|faint|p1a: Mew
|
|win|galarian dragapult
|raw|BVRZUM's rating: 1782 &rarr; <strong>1762</strong><br />(-20 for losing)
|raw|galarian dragapult's rating: 1786 &rarr; <strong>1806</strong><br />(+20 for winning)
|l|☆BVRZUM
||Ladder isn't responding, score probably updated but might not have (Request timeout).
