|j|☆Shshsjakak
|j|☆cump4
|t:|1648405985
|gametype|singles
|player|p1|Shshsjakak|170|1510
|player|p2|cump4|2|1477
|teamsize|p1|6
|teamsize|p2|6
|gen|8
|tier|[Gen 8] OU
|rated|
|rule|Sleep Clause Mod: Limit one foe put to sleep
|rule|Species Clause: Limit one of each Pokémon
|rule|OHKO Clause: OHKO moves are banned
|rule|Evasion Moves Clause: Evasion moves are banned
|rule|Endless Battle Clause: Forcing endless battles is banned
|rule|HP Percentage Mod: HP is shown in percentages
|rule|Dynamax Clause: You cannot dynamax
|clearpoke
|poke|p1|Tornadus-Therian, M|
|poke|p1|Dragapult, F|
|poke|p1|Landorus-Therian, M|
|poke|p1|Ferrothorn, M|
|poke|p1|Toxapex, M|
|poke|p1|Bisharp, F|
|poke|p2|Dragonite, F|
|poke|p2|Blissey, F|
|poke|p2|Heatran, F|
|poke|p2|Nidoking, M|
|poke|p2|Urshifu-*, M|
|poke|p2|Zeraora|
|teampreview
|inactive|Battle timer is ON: inactive players will automatically lose when time's up. (requested by Shshsjakak)
|
|t:|1648405991
|start
|switch|p1a: Landorus|Landorus-Therian, M|100/100
|switch|p2a: Blissey|Blissey, F|100/100
|-ability|p1a: Landorus|Intimidate|boost
|-unboost|p2a: Blissey|atk|1
|turn|1
|
|t:|1648405994
|move|p1a: Landorus|Knock Off|p2a: Blissey
|-damage|p2a: Blissey|76/100
|-enditem|p2a: Blissey|Heavy-Duty Boots|[from] move: Knock Off|[of] p1a: Landorus
|move|p2a: Blissey|Toxic|p1a: Landorus
|-status|p1a: Landorus|tox
|
|-damage|p1a: Landorus|94/100 tox|[from] psn
|upkeep
|turn|2
|
|t:|1648405999
|move|p1a: Landorus|Stealth Rock|p2a: Blissey
|-sidestart|p2: cump4|move: Stealth Rock
|move|p2a: Blissey|Teleport|p2a: Blissey
|
|t:|1648406001
|switch|p2a: Dragonite|Dragonite, F|100/100|[from]move: Teleport
|
|-heal|p1a: Landorus|100/100 tox|[from] item: Leftovers
|-damage|p1a: Landorus|88/100 tox|[from] psn
|upkeep
|turn|3
|
|t:|1648406006
|move|p1a: Landorus|U-turn|p2a: Dragonite
|-resisted|p2a: Dragonite
|-damage|p2a: Dragonite|97/100
|
|t:|1648406018
|switch|p1a: Ferrothorn|Ferrothorn, M|100/100|[from]move: U-turn
|move|p2a: Dragonite|Defog|p1a: Ferrothorn
|-unboost|p1a: Ferrothorn|evasion|1
|-sideend|p2: cump4|Stealth Rock|[from] move: Defog|[of] p2a: Dragonite
|
|upkeep
|turn|4
|
|t:|1648406022
|switch|p2a: Heatran|Heatran, F|100/100
|move|p1a: Ferrothorn|Thunder Wave|p2a: Heatran
|-status|p2a: Heatran|par
|
|upkeep
|turn|5
|
|t:|1648406026
|switch|p1a: Landorus|Landorus-Therian, M|88/100 tox
|-ability|p1a: Landorus|Intimidate|boost
|-unboost|p2a: Heatran|atk|1
|cant|p2a: Heatran|par
|
|-heal|p1a: Landorus|94/100 tox|[from] item: Leftovers
|-damage|p1a: Landorus|88/100 tox|[from] psn
|upkeep
|turn|6
|
|t:|1648406032
|switch|p2a: Dragonite|Dragonite, F|97/100
|move|p1a: Landorus|Knock Off|p2a: Dragonite
|-damage|p2a: Dragonite|75/100
|-enditem|p2a: Dragonite|Heavy-Duty Boots|[from] move: Knock Off|[of] p1a: Landorus
|
|-heal|p1a: Landorus|94/100 tox|[from] item: Leftovers
|-damage|p1a: Landorus|82/100 tox|[from] psn
|upkeep
|turn|7
|
|t:|1648406038
|move|p1a: Landorus|U-turn|p2a: Dragonite
|-resisted|p2a: Dragonite
|-damage|p2a: Dragonite|67/100
|
|t:|1648406041
|switch|p1a: Ferrothorn|Ferrothorn, M|100/100|[from]move: U-turn
|move|p2a: Dragonite|Roost|p2a: Dragonite
|-heal|p2a: Dragonite|100/100
|-singleturn|p2a: Dragonite|move: Roost
|
|upkeep
|turn|8
|
|t:|1648406043
|switch|p2a: Heatran|Heatran, F|100/100 par
|move|p1a: Ferrothorn|Leech Seed|p2a: Heatran
|-start|p2a: Heatran|move: Leech Seed
|
|-damage|p2a: Heatran|88/100 par|[from] Leech Seed|[of] p1a: Ferrothorn
|upkeep
|turn|9
|
|t:|1648406045
|switch|p1a: Toxapex|Toxapex, M|100/100
|move|p2a: Heatran|Magma Storm|p1a: Toxapex|[miss]
|-miss|p2a: Heatran|p1a: Toxapex
|
|-heal|p2a: Heatran|94/100 par|[from] item: Leftovers
|-damage|p2a: Heatran|82/100 par|[from] Leech Seed|[of] p1a: Toxapex
|upkeep
|turn|10
|
|t:|1648406053
|switch|p2a: Nidoking|Nidoking, M, shiny|100/100
|move|p1a: Toxapex|Scald|p2a: Nidoking
|-supereffective|p2a: Nidoking
|-damage|p2a: Nidoking|52/100
|-status|p2a: Nidoking|brn
|
|-damage|p2a: Nidoking|46/100 brn|[from] brn
|upkeep
|turn|11
|
|t:|1648406058
|move|p2a: Nidoking|Stealth Rock|p1a: Toxapex
|-sidestart|p1: Shshsjakak|move: Stealth Rock
|move|p1a: Toxapex|Recover||[still]
|-fail|p1a: Toxapex|heal
|
|-damage|p2a: Nidoking|40/100 brn|[from] brn
|upkeep
|turn|12
|
|t:|1648406061
|move|p2a: Nidoking|Earth Power|p1a: Toxapex
|-supereffective|p1a: Toxapex
|-damage|p1a: Toxapex|24/100
|move|p1a: Toxapex|Recover|p1a: Toxapex
|-heal|p1a: Toxapex|74/100
|
|-heal|p1a: Toxapex|80/100|[from] item: Black Sludge
|-damage|p2a: Nidoking|34/100 brn|[from] brn
|upkeep
|turn|13
|
|t:|1648406072
|switch|p2a: Dragonite|Dragonite, F|100/100
|switch|p1a: Landorus|Landorus-Therian, M|82/100 tox
|-damage|p1a: Landorus|70/100 tox|[from] Stealth Rock
|-ability|p1a: Landorus|Intimidate|boost
|-unboost|p2a: Dragonite|atk|1
|
|-heal|p1a: Landorus|76/100 tox|[from] item: Leftovers
|-damage|p1a: Landorus|70/100 tox|[from] psn
|upkeep
|turn|14
|
|t:|1648406077
|move|p1a: Landorus|Stealth Rock|p2a: Dragonite
|-sidestart|p2: cump4|move: Stealth Rock
|move|p2a: Dragonite|Earthquake|p1a: Landorus
|-immune|p1a: Landorus
|
|-heal|p1a: Landorus|76/100 tox|[from] item: Leftovers
|-damage|p1a: Landorus|64/100 tox|[from] psn
|upkeep
|turn|15
|
|t:|1648406082
|move|p1a: Landorus|U-turn|p2a: Dragonite
|-resisted|p2a: Dragonite
|-damage|p2a: Dragonite|97/100
|
|t:|1648406085
|switch|p1a: Toxapex|Toxapex, M|100/100|[from]move: U-turn
|-damage|p1a: Toxapex|88/100|[from] Stealth Rock
|move|p2a: Dragonite|Earthquake|p1a: Toxapex
|-supereffective|p1a: Toxapex
|-damage|p1a: Toxapex|60/100
|
|-heal|p1a: Toxapex|66/100|[from] item: Black Sludge
|upkeep
|turn|16
|
|t:|1648406097
|switch|p2a: Blissey|Blissey, F|76/100
|-damage|p2a: Blissey|63/100|[from] Stealth Rock
|move|p1a: Toxapex|Scald|p2a: Blissey
|-damage|p2a: Blissey|57/100
|
|-heal|p1a: Toxapex|72/100|[from] item: Black Sludge
|upkeep
|turn|17
|
|t:|1648406103
|move|p2a: Blissey|Soft-Boiled|p2a: Blissey
|-heal|p2a: Blissey|100/100
|move|p1a: Toxapex|Recover|p1a: Toxapex
|-heal|p1a: Toxapex|100/100
|
|upkeep
|turn|18
|
|t:|1648406108
|move|p1a: Toxapex|Scald|p2a: Blissey
|-damage|p2a: Blissey|94/100
|move|p2a: Blissey|Teleport|p2a: Blissey
|
|t:|1648406113
|switch|p2a: Zeraora|Zeraora, shiny|100/100|[from]move: Teleport
|
|upkeep
|turn|19
|
|t:|1648406116
|switch|p1a: Ferrothorn|Ferrothorn, M|100/100
|-damage|p1a: Ferrothorn|95/100|[from] Stealth Rock
|move|p2a: Zeraora|Knock Off|p1a: Ferrothorn
|-damage|p1a: Ferrothorn|78/100
|-damage|p2a: Zeraora|88/100|[from] ability: Iron Barbs|[of] p1a: Ferrothorn
|-damage|p2a: Zeraora|72/100|[from] item: Rocky Helmet|[of] p1a: Ferrothorn
|-enditem|p1a: Ferrothorn|Rocky Helmet|[from] move: Knock Off|[of] p2a: Zeraora
|
|upkeep
|turn|20
|
|t:|1648406121
|move|p2a: Zeraora|Volt Switch|p1a: Ferrothorn
|-resisted|p1a: Ferrothorn
|-damage|p1a: Ferrothorn|68/100
|
|t:|1648406123
|switch|p2a: Heatran|Heatran, F|82/100 par|[from]move: Volt Switch
|-damage|p2a: Heatran|70/100 par|[from] Stealth Rock
|move|p1a: Ferrothorn|Leech Seed|p2a: Heatran
|-start|p2a: Heatran|move: Leech Seed
|
|-heal|p2a: Heatran|76/100 par|[from] item: Leftovers
|-damage|p2a: Heatran|63/100 par|[from] Leech Seed|[of] p1a: Ferrothorn
|-heal|p1a: Ferrothorn|79/100|[silent]
|upkeep
|turn|21
|
|t:|1648406127
|switch|p1a: Toxapex|Toxapex, M|100/100
|-damage|p1a: Toxapex|88/100|[from] Stealth Rock
|move|p2a: Heatran|Earth Power|p1a: Toxapex
|-supereffective|p1a: Toxapex
|-damage|p1a: Toxapex|43/100
|
|-heal|p2a: Heatran|70/100 par|[from] item: Leftovers
|-heal|p1a: Toxapex|49/100|[from] item: Black Sludge
|-damage|p2a: Heatran|57/100 par|[from] Leech Seed|[of] p1a: Toxapex
|-heal|p1a: Toxapex|62/100|[silent]
|upkeep
|turn|22
|
|t:|1648406135
|switch|p2a: Blissey|Blissey, F|94/100
|-damage|p2a: Blissey|81/100|[from] Stealth Rock
|move|p1a: Toxapex|Recover|p1a: Toxapex
|-heal|p1a: Toxapex|100/100
|
|upkeep
|turn|23
|
|t:|1648406140
|switch|p1a: Bisharp|Bisharp, F|100/100
|-damage|p1a: Bisharp|95/100|[from] Stealth Rock
|move|p2a: Blissey|Teleport|p2a: Blissey
|
|t:|1648406143
|switch|p2a: Urshifu|Urshifu-Rapid-Strike, M|100/100|[from]move: Teleport
|-damage|p2a: Urshifu|94/100|[from] Stealth Rock
|
|upkeep
|turn|24
|
|t:|1648406147
|switch|p1a: Toxapex|Toxapex, M|100/100
|-damage|p1a: Toxapex|88/100|[from] Stealth Rock
|move|p2a: Urshifu|Close Combat|p1a: Toxapex
|-resisted|p1a: Toxapex
|-damage|p1a: Toxapex|54/100
|-unboost|p2a: Urshifu|def|1
|-unboost|p2a: Urshifu|spd|1
|
|-heal|p1a: Toxapex|60/100|[from] item: Black Sludge
|upkeep
|turn|25
|
|t:|1648406154
|switch|p2a: Zeraora|Zeraora, shiny|72/100
|move|p1a: Toxapex|Scald|p2a: Zeraora
|-damage|p2a: Zeraora|49/100
|-status|p2a: Zeraora|brn
|
|-heal|p1a: Toxapex|67/100|[from] item: Black Sludge
|-damage|p2a: Zeraora|43/100 brn|[from] brn
|upkeep
|turn|26
|-message|cump4 forfeited.
|
|win|Shshsjakak
|raw|Shshsjakak's rating: 1510 &rarr; <strong>1528</strong><br />(+18 for winning)
|raw|cump4's rating: 1477 &rarr; <strong>1459</strong><br />(-18 for losing)
|l|☆cump4
||Ladder isn't responding, score probably updated but might not have (Request timeout).
