|j|☆legitteambuilder
|j|☆mcp3
|t:|1609029954
|player|p1|legitteambuilder|lance|1780
|player|p2|mcp3|tate|1738
|teamsize|p1|6
|teamsize|p2|6
|gametype|singles
|gen|8
|tier|[Gen 8] OU
|rated|
|clearpoke
|poke|p1|Azumarill, F|
|poke|p1|Regieleki|
|poke|p1|Buzzwole|
|poke|p1|Spectrier|
|poke|p1|Landorus-Therian, M|
|poke|p1|Kartana|
|poke|p2|Slowbro, M|
|poke|p2|Clefable, M|
|poke|p2|Urshifu-*, M|
|poke|p2|Moltres|
|poke|p2|Dragapult, F|
|poke|p2|Hippowdon, F|
|rule|Sleep Clause Mod: Limit one foe put to sleep
|rule|Species Clause: Limit one of each Pokémon
|rule|OHKO Clause: OHKO moves are banned
|rule|Evasion Moves Clause: Evasion moves are banned
|rule|Endless Battle Clause: Forcing endless battles is banned
|rule|HP Percentage Mod: HP is shown in percentages
|rule|Dynamax Clause: You cannot dynamax
|teampreview
|j| tomatotomato4
|j| lionelbenzema
|j| Boi 240
|
|t:|1609030001
|start
|switch|p1a: Land'R'Us|Landorus-Therian, M, shiny|100/100
|switch|p2a: Clefable|Clefable, M|100/100
|-ability|p1a: Land'R'Us|Intimidate|boost
|-unboost|p2a: Clefable|atk|1
|turn|1
|j| purevideo
|
|t:|1609030007
|move|p1a: Land'R'Us|Swords Dance|p1a: Land'R'Us
|-boost|p1a: Land'R'Us|atk|2
|move|p2a: Clefable|Knock Off|p1a: Land'R'Us
|-damage|p1a: Land'R'Us|89/100
|-enditem|p1a: Land'R'Us|Focus Sash|[from] move: Knock Off|[of] p2a: Clefable
|
|upkeep
|turn|2
|j| luispach55
|
|t:|1609030041
|move|p1a: Land'R'Us|Stealth Rock|p2a: Clefable
|-sidestart|p2: mcp3|move: Stealth Rock
|move|p2a: Clefable|Encore|p1a: Land'R'Us
|-start|p1a: Land'R'Us|Encore
|
|upkeep
|turn|3
|
|t:|1609030058
|switch|p1a: Electro kid|Regieleki|100/100
|move|p2a: Clefable|Moonblast|p1a: Electro kid
|-damage|p1a: Electro kid|38/100
|
|upkeep
|turn|4
|
|t:|1609030065
|switch|p2a: Hippowdon|Hippowdon, F|100/100
|-damage|p2a: Hippowdon|94/100|[from] Stealth Rock
|move|p1a: Electro kid|Volt Switch|p2a: Hippowdon
|-immune|p2a: Hippowdon
|
|-heal|p2a: Hippowdon|100/100|[from] item: Leftovers
|upkeep
|turn|5
|j| Congwuyu
|
|t:|1609030074
|switch|p1a: it's ova|Kartana, shiny|100/100
|move|p2a: Hippowdon|Stealth Rock|p1a: it's ova
|-sidestart|p1: legitteambuilder|move: Stealth Rock
|
|upkeep
|turn|6
|
|t:|1609030089
|switch|p2a: Moltres|Moltres|100/100
|move|p1a: it's ova|Knock Off|p2a: Moltres
|-damage|p2a: Moltres|76/100
|-enditem|p2a: Moltres|Heavy-Duty Boots|[from] move: Knock Off|[of] p1a: it's ova
|
|upkeep
|turn|7
|j| Vessev
|inactive|Battle timer is ON: inactive players will automatically lose when time's up. (requested by legitteambuilder)
|j| Shellnuts
|j| ENGRACED
|inactive|mcp3 has 120 seconds left.
|l| ENGRACED
|j| captainnaisu
|l| Shellnuts
|inactive|mcp3 has 90 seconds left.
|
|t:|1609030197
|switch|p1a: Land'R'Us|Landorus-Therian, M, shiny|89/100
|-damage|p1a: Land'R'Us|76/100|[from] Stealth Rock
|-ability|p1a: Land'R'Us|Intimidate|boost
|-unboost|p2a: Moltres|atk|1
|switch|p2a: Slowbro|Slowbro, M|100/100
|
|upkeep
|turn|8
|
|t:|1609030209
|move|p1a: Land'R'Us|Swords Dance|p1a: Land'R'Us
|-boost|p1a: Land'R'Us|atk|2
|move|p2a: Slowbro|Future Sight|p1a: Land'R'Us
|-start|p2a: Slowbro|move: Future Sight
|
|upkeep
|turn|9
|j| xiaqiu
|
|t:|1609030217
|switch|p2a: Moltres|Moltres|76/100
|-damage|p2a: Moltres|26/100|[from] Stealth Rock
|move|p1a: Land'R'Us|Earthquake|p2a: Moltres
|-immune|p2a: Moltres
|
|upkeep
|turn|10
|
|t:|1609030228
|move|p1a: Land'R'Us|Explosion|p2a: Moltres
|-damage|p2a: Moltres|0 fnt
|faint|p1a: Land'R'Us
|faint|p2a: Moltres
|
|-hint|Future Sight did not hit because the target is fainted.
|upkeep
|l| tomatotomato4
|inactive|legitteambuilder has 120 seconds left.
|inactive|mcp3 has 120 seconds left.
|j| quackberry
|l| lionelbenzema
|l| quackberry
|inactive|mcp3 has 90 seconds left.
|
|t:|1609030299
|switch|p1a: Electro kid|Regieleki|38/100
|switch|p2a: Hippowdon|Hippowdon, F|100/100
|-damage|p1a: Electro kid|26/100|[from] Stealth Rock
|-damage|p2a: Hippowdon|94/100|[from] Stealth Rock
|turn|11
|
|t:|1609030320
|move|p1a: Electro kid|Reflect|p1a: Electro kid
|-sidestart|p1: legitteambuilder|Reflect
|move|p2a: Hippowdon|Slack Off|p2a: Hippowdon
|-heal|p2a: Hippowdon|100/100
|
|upkeep
|turn|12
|
|t:|1609030323
|move|p1a: Electro kid|Light Screen|p1a: Electro kid
|-sidestart|p1: legitteambuilder|move: Light Screen
|move|p2a: Hippowdon|Earthquake|p1a: Electro kid
|-supereffective|p1a: Electro kid
|-damage|p1a: Electro kid|0 fnt
|faint|p1a: Electro kid
|
|upkeep
|
|t:|1609030332
|switch|p1a: it's ova|Kartana, shiny|100/100
|-damage|p1a: it's ova|94/100|[from] Stealth Rock
|turn|13
|inactive|mcp3 has 90 seconds left.
|j| kindle_korgi
|l| kindle_korgi
|inactive|mcp3 has 60 seconds left.
|l| captainnaisu
|inactive|mcp3 has 30 seconds left.
|
|t:|1609030403
|move|p1a: it's ova|Swords Dance|p1a: it's ova
|-boost|p1a: it's ova|atk|2
|move|p2a: Hippowdon|Whirlwind|p1a: it's ova
|drag|p1a: Prince|Spectrier|100/100
|-damage|p1a: Prince|88/100|[from] Stealth Rock
|
|-heal|p1a: Prince|94/100|[from] item: Leftovers
|upkeep
|turn|14
|inactive|mcp3 has 30 seconds left.
|
|t:|1609030416
|switch|p2a: Clefable|Clefable, M|100/100
|move|p1a: Prince|Will-O-Wisp|p2a: Clefable
|-status|p2a: Clefable|brn
|
|-heal|p1a: Prince|99/100|[from] item: Leftovers
|upkeep
|turn|15
|
|t:|1609030427
|move|p1a: Prince|Hex|p2a: Clefable
|-damage|p2a: Clefable|38/100 brn
|move|p2a: Clefable|Knock Off|p1a: Prince
|-supereffective|p1a: Prince
|-damage|p1a: Prince|94/100
|-enditem|p1a: Prince|Leftovers|[from] move: Knock Off|[of] p2a: Clefable
|
|-heal|p2a: Clefable|44/100 brn|[from] item: Leftovers
|upkeep
|turn|16
|
|t:|1609030436
|switch|p2a: Urshifu|Urshifu, M|100/100
|-damage|p2a: Urshifu|94/100|[from] Stealth Rock
|move|p1a: Prince|Calm Mind|p1a: Prince
|-boost|p1a: Prince|spa|1
|-boost|p1a: Prince|spd|1
|
|upkeep
|turn|17
|
|t:|1609030440
|switch|p1a: NBAYB listener|Buzzwole|100/100
|-damage|p1a: NBAYB listener|88/100|[from] Stealth Rock
|move|p2a: Urshifu|Wicked Blow|p1a: NBAYB listener
|-resisted|p1a: NBAYB listener
|-crit|p1a: NBAYB listener
|-damage|p1a: NBAYB listener|60/100
|
|-heal|p1a: NBAYB listener|66/100|[from] item: Leftovers
|upkeep
|turn|18
|inactive|legitteambuilder has 120 seconds left.
|
|t:|1609030447
|switch|p1a: it's ova|Kartana, shiny|94/100
|-damage|p1a: it's ova|88/100|[from] Stealth Rock
|move|p2a: Urshifu|Wicked Blow|p1a: it's ova
|-crit|p1a: it's ova
|-damage|p1a: it's ova|0 fnt
|faint|p1a: it's ova
|
|-sideend|p1: legitteambuilder|Reflect
|upkeep
|j| wyul
|j| fantastone
|inactive|legitteambuilder has 120 seconds left.
|
|t:|1609030454
|switch|p1a: NBAYB listener|Buzzwole|66/100
|-damage|p1a: NBAYB listener|53/100|[from] Stealth Rock
|turn|19
|
|t:|1609030459
|switch|p2a: Clefable|Clefable, M|44/100 brn
|move|p1a: NBAYB listener|Drain Punch|p2a: Clefable
|-resisted|p2a: Clefable
|-damage|p2a: Clefable|28/100 brn
|-heal|p1a: NBAYB listener|61/100|[from] drain|[of] p2a: Clefable
|
|-heal|p1a: NBAYB listener|67/100|[from] item: Leftovers
|-heal|p2a: Clefable|35/100 brn|[from] item: Leftovers
|-sideend|p1: legitteambuilder|move: Light Screen
|upkeep
|turn|20
|
|t:|1609030465
|move|p1a: NBAYB listener|Poison Jab|p2a: Clefable
|-supereffective|p2a: Clefable
|-damage|p2a: Clefable|0 fnt
|faint|p2a: Clefable
|-ability|p1a: NBAYB listener|Beast Boost|boost
|-boost|p1a: NBAYB listener|atk|1
|
|-heal|p1a: NBAYB listener|73/100|[from] item: Leftovers
|upkeep
|
|t:|1609030470
|switch|p2a: Slowbro|Slowbro, M|100/100
|turn|21
|
|t:|1609030479
|move|p1a: NBAYB listener|Bulk Up|p1a: NBAYB listener
|-boost|p1a: NBAYB listener|atk|1
|-boost|p1a: NBAYB listener|def|1
|move|p2a: Slowbro|Future Sight|p1a: NBAYB listener
|-start|p2a: Slowbro|move: Future Sight
|
|-heal|p1a: NBAYB listener|79/100|[from] item: Leftovers
|upkeep
|turn|22
|
|t:|1609030488
|move|p1a: NBAYB listener|Stone Edge|p2a: Slowbro
|-damage|p2a: Slowbro|59/100
|move|p2a: Slowbro|Scald|p1a: NBAYB listener
|-damage|p1a: NBAYB listener|40/100
|
|-heal|p1a: NBAYB listener|46/100|[from] item: Leftovers
|upkeep
|turn|23
|
|t:|1609030494
|move|p1a: NBAYB listener|Stone Edge|p2a: Slowbro
|-damage|p2a: Slowbro|14/100
|move|p2a: Slowbro|Slack Off|p2a: Slowbro
|-heal|p2a: Slowbro|64/100
|
|-end|p1a: NBAYB listener|move: Future Sight
|-supereffective|p1a: NBAYB listener
|-damage|p1a: NBAYB listener|0 fnt
|faint|p1a: NBAYB listener
|upkeep
|
|t:|1609030500
|switch|p1a: Awoomarill|Azumarill, F, shiny|100/100
|-damage|p1a: Awoomarill|88/100|[from] Stealth Rock
|turn|24
|
|t:|1609030506
|move|p1a: Awoomarill|Belly Drum|p1a: Awoomarill
|-damage|p1a: Awoomarill|38/100
|-setboost|p1a: Awoomarill|atk|6|[from] move: Belly Drum
|-enditem|p1a: Awoomarill|Sitrus Berry|[eat]
|-heal|p1a: Awoomarill|63/100|[from] item: Sitrus Berry
|move|p2a: Slowbro|Future Sight|p1a: Awoomarill
|-start|p2a: Slowbro|move: Future Sight
|
|upkeep
|turn|25
|inactive|mcp3 has 90 seconds left.
|
|t:|1609030554
|switch|p2a: Hippowdon|Hippowdon, F|100/100
|-damage|p2a: Hippowdon|94/100|[from] Stealth Rock
|move|p1a: Awoomarill|Knock Off|p2a: Hippowdon
|-damage|p2a: Hippowdon|0 fnt
|-enditem|p2a: Hippowdon|Leftovers|[from] move: Knock Off|[of] p1a: Awoomarill
|faint|p2a: Hippowdon
|
|upkeep
|
|t:|1609030563
|switch|p2a: Urshifu|Urshifu, M|94/100
|-damage|p2a: Urshifu|88/100|[from] Stealth Rock
|turn|26
|
|t:|1609030590
|move|p1a: Awoomarill|Aqua Jet|p2a: Urshifu
|-damage|p2a: Urshifu|0 fnt
|faint|p2a: Urshifu
|
|-end|p1a: Awoomarill|move: Future Sight
|-damage|p1a: Awoomarill|14/100
|upkeep
|
|t:|1609030604
|switch|p2a: Dragapult|Dragapult, F|100/100
|-damage|p2a: Dragapult|88/100|[from] Stealth Rock
|turn|27
|j| Shellnuts
|inactive|mcp3 has 60 seconds left.
|l| Shellnuts
|
|t:|1609030631
|move|p1a: Awoomarill|Aqua Jet|p2a: Dragapult
|-resisted|p2a: Dragapult
|-damage|p2a: Dragapult|16/100
|move|p2a: Dragapult|Shadow Ball|p1a: Awoomarill
|-damage|p1a: Awoomarill|0 fnt
|faint|p1a: Awoomarill
|
|upkeep
|
|t:|1609030636
|switch|p1a: Prince|Spectrier|94/100
|-damage|p1a: Prince|81/100|[from] Stealth Rock
|turn|28
|inactive|mcp3 has 60 seconds left.
|
|t:|1609030650
|switch|p2a: Slowbro|Slowbro, M|98/100
|move|p1a: Prince|Hex|p2a: Slowbro
|-supereffective|p2a: Slowbro
|-damage|p2a: Slowbro|36/100
|
|upkeep
|turn|29
|
|t:|1609030655
|move|p1a: Prince|Hex|p2a: Slowbro
|-supereffective|p2a: Slowbro
|-damage|p2a: Slowbro|0 fnt
|faint|p2a: Slowbro
|-ability|p1a: Prince|Grim Neigh|boost
|-boost|p1a: Prince|spa|1
|
|upkeep
|
|t:|1609030658
|switch|p2a: Dragapult|Dragapult, F|16/100
|-damage|p2a: Dragapult|4/100|[from] Stealth Rock
|turn|30
|
|t:|1609030665
|move|p2a: Dragapult|Shadow Ball|p1a: Prince
|-supereffective|p1a: Prince
|-damage|p1a: Prince|6/100
|move|p1a: Prince|Hex|p2a: Dragapult
|-supereffective|p2a: Dragapult
|-damage|p2a: Dragapult|0 fnt
|faint|p2a: Dragapult
|
|win|legitteambuilder
|c|☆legitteambuilder|gg
|c|☆mcp3|gg bro
|c|☆mcp3|pult is ass
|raw|legitteambuilder's rating: 1806 &rarr; <strong>1822</strong><br />(+16 for winning)
|raw|mcp3's rating: 1738 &rarr; <strong>1722</strong><br />(-16 for losing)
|l| purevideo
|l| wyul
|c|☆legitteambuilder|scarf?
|c|☆mcp3|yea
|c|☆mcp3|smh
|c|☆legitteambuilder|its is its pretty sad
|l| Boi 240
|c|☆mcp3|fr
|c|☆mcp3|have a good day tho
|c|☆legitteambuilder|u2 gl
|l|☆legitteambuilder
|c|☆mcp3|ty
|l|☆mcp3
|l| xiaqiu
