|j|☆drop a baby
|j|☆Cozy Passion
|inactive|Battle timer is ON: inactive players will automatically lose when time's up.
|t:|1664405284
|gametype|singles
|player|p1|drop a baby|chase|
|player|p2|Cozy Passion|kahili|
|teamsize|p1|6
|teamsize|p2|6
|gen|8
|tier|[Gen 8] OU
|rated|Tournament battle
|rule|Sleep Clause Mod: Limit one foe put to sleep
|rule|Species Clause: Limit one of each Pokémon
|rule|OHKO Clause: OHKO moves are banned
|rule|Evasion Items Clause: Evasion items are banned
|rule|Evasion Moves Clause: Evasion moves are banned
|rule|Endless Battle Clause: Forcing endless battles is banned
|rule|HP Percentage Mod: HP is shown in percentages
|rule|Dynamax Clause: You cannot dynamax
|clearpoke
|poke|p1|Weavile, M|
|poke|p1|Blaziken, M|
|poke|p1|Rillaboom, M|
|poke|p1|Nihilego|
|poke|p1|Dragapult, M|
|poke|p1|Aegislash, M|
|poke|p2|Azumarill, M|
|poke|p2|Heatran, F|
|poke|p2|Tangrowth, M|
|poke|p2|Tornadus-Therian, M|
|poke|p2|Zeraora|
|poke|p2|Gardevoir, F|
|teampreview
|inactive|Cozy Passion also wants the timer to be on.
|j|%Sww-Suwa
|j| Arceros
|c|☆Cozy Passion|glhf
|c| Arceros|Nihilego pog
|c|☆drop a baby|u2 bro
|j| Cra3k
|j| PoobleMaster945
|
|t:|1664405309
|start
|switch|p1a: Nihilego|Nihilego|100/100
|switch|p2a: Azumarill|Azumarill, M|100/100
|turn|1
|j| q dance pult
|
|t:|1664405313
|switch|p1a: Kong|Rillaboom, M, shiny|100/100
|-fieldstart|move: Grassy Terrain|[from] ability: Grassy Surge|[of] p1a: Kong
|move|p2a: Azumarill|Aqua Jet|p1a: Kong
|-resisted|p1a: Kong
|-damage|p1a: Kong|80/100
|
|-heal|p1a: Kong|86/100|[from] Grassy Terrain
|upkeep
|turn|2
|
|t:|1664405319
|switch|p1a: Nihilego|Nihilego|100/100
|switch|p2a: Tornadus|Tornadus-Therian, M|100/100
|
|upkeep
|turn|3
|j| monning
|
|t:|1664405323
|move|p2a: Tornadus|Knock Off|p1a: Nihilego
|-crit|p1a: Nihilego
|-damage|p1a: Nihilego|51/100
|-enditem|p1a: Nihilego|Power Herb|[from] move: Knock Off|[of] p2a: Tornadus
|move|p1a: Nihilego|Stealth Rock|p2a: Tornadus
|-sidestart|p2: Cozy Passion|move: Stealth Rock
|
|-heal|p1a: Nihilego|58/100|[from] Grassy Terrain
|upkeep
|turn|4
|
|t:|1664405328
|move|p2a: Tornadus|U-turn|p1a: Nihilego
|-resisted|p1a: Nihilego
|-crit|p1a: Nihilego
|-damage|p1a: Nihilego|39/100
|
|t:|1664405328
|switch|p2a: Heatran|Heatran, F|100/100|[from]move: U-turn
|-damage|p2a: Heatran|88/100|[from] Stealth Rock
|move|p1a: Nihilego|Power Gem|p2a: Heatran
|-damage|p2a: Heatran|62/100
|
|-heal|p1a: Nihilego|45/100|[from] Grassy Terrain
|-heal|p2a: Heatran|68/100|[from] Grassy Terrain
|-heal|p2a: Heatran|75/100|[from] item: Leftovers
|upkeep
|turn|5
|
|t:|1664405335
|move|p1a: Nihilego|Power Gem|p2a: Heatran
|-damage|p2a: Heatran|51/100
|move|p2a: Heatran|Earth Power|p1a: Nihilego
|-supereffective|p1a: Nihilego
|-damage|p1a: Nihilego|0 fnt
|faint|p1a: Nihilego
|
|-heal|p2a: Heatran|57/100|[from] Grassy Terrain
|-heal|p2a: Heatran|64/100|[from] item: Leftovers
|-fieldend|move: Grassy Terrain
|upkeep
|
|t:|1664405339
|switch|p1a: Destroyer|Blaziken, M, shiny|100/100
|turn|6
|j| Magscom
|
|t:|1664405347
|switch|p2a: Tornadus|Tornadus-Therian, M|100/100
|move|p1a: Destroyer|Close Combat|p2a: Tornadus
|-resisted|p2a: Tornadus
|-damage|p2a: Tornadus|53/100
|-unboost|p1a: Destroyer|def|1
|-unboost|p1a: Destroyer|spd|1
|-damage|p1a: Destroyer|91/100|[from] item: Life Orb
|
|-ability|p1a: Destroyer|Speed Boost|boost
|-boost|p1a: Destroyer|spe|1
|upkeep
|turn|7
|
|t:|1664405356
|move|p1a: Destroyer|Flare Blitz|p2a: Tornadus
|-damage|p2a: Tornadus|0 fnt
|faint|p2a: Tornadus
|-damage|p1a: Destroyer|70/100|[from] Recoil
|-damage|p1a: Destroyer|60/100|[from] item: Life Orb
|
|-ability|p1a: Destroyer|Speed Boost|boost
|-boost|p1a: Destroyer|spe|1
|upkeep
|
|t:|1664405359
|switch|p2a: Azumarill|Azumarill, M|100/100
|-damage|p2a: Azumarill|88/100|[from] Stealth Rock
|turn|8
|
|t:|1664405362
|switch|p1a: Kong|Rillaboom, M, shiny|86/100
|-fieldstart|move: Grassy Terrain|[from] ability: Grassy Surge|[of] p1a: Kong
|move|p2a: Azumarill|Aqua Jet|p1a: Kong
|-resisted|p1a: Kong
|-damage|p1a: Kong|65/100
|
|-heal|p1a: Kong|71/100|[from] Grassy Terrain
|-heal|p2a: Azumarill|94/100|[from] Grassy Terrain
|upkeep
|turn|9
|j| TheNewBrends11@!
|c| Arceros|Nihilego ded :(
|
|t:|1664405368
|switch|p1a: Bandit|Weavile, M, shiny|100/100
|-ability|p1a: Bandit|Pressure
|switch|p2a: Tangrowth|Tangrowth, M|100/100
|-damage|p2a: Tangrowth|88/100|[from] Stealth Rock
|
|-heal|p2a: Tangrowth|94/100|[from] Grassy Terrain
|upkeep
|turn|10
|j| testingteams888
|
|t:|1664405374
|move|p1a: Bandit|Knock Off|p2a: Tangrowth
|-damage|p2a: Tangrowth|60/100
|-damage|p1a: Bandit|84/100|[from] item: Rocky Helmet|[of] p2a: Tangrowth
|-enditem|p2a: Tangrowth|Rocky Helmet|[from] move: Knock Off|[of] p1a: Bandit
|-damage|p1a: Bandit|74/100|[from] item: Life Orb
|move|p2a: Tangrowth|Focus Blast|p1a: Bandit
|-supereffective|p1a: Bandit
|-damage|p1a: Bandit|0 fnt
|faint|p1a: Bandit
|
|-heal|p2a: Tangrowth|66/100|[from] Grassy Terrain
|upkeep
|
|t:|1664405379
|switch|p1a: Destroyer|Blaziken, M, shiny|60/100
|turn|11
|
|t:|1664405384
|switch|p2a: Azumarill|Azumarill, M|94/100
|-damage|p2a: Azumarill|82/100|[from] Stealth Rock
|move|p1a: Destroyer|Flare Blitz|p2a: Azumarill
|-resisted|p2a: Azumarill
|-damage|p2a: Azumarill|31/100
|-damage|p1a: Destroyer|40/100|[from] Recoil
|-damage|p1a: Destroyer|30/100|[from] item: Life Orb
|
|-heal|p1a: Destroyer|36/100|[from] Grassy Terrain
|-heal|p2a: Azumarill|38/100|[from] Grassy Terrain
|-ability|p1a: Destroyer|Speed Boost|boost
|-boost|p1a: Destroyer|spe|1
|upkeep
|turn|12
|
|t:|1664405388
|move|p1a: Destroyer|Protect|p1a: Destroyer
|-singleturn|p1a: Destroyer|Protect
|move|p2a: Azumarill|Aqua Jet|p1a: Destroyer
|-activate|p1a: Destroyer|move: Protect
|
|-heal|p1a: Destroyer|42/100|[from] Grassy Terrain
|-heal|p2a: Azumarill|44/100|[from] Grassy Terrain
|-fieldend|move: Grassy Terrain
|-ability|p1a: Destroyer|Speed Boost|boost
|-boost|p1a: Destroyer|spe|1
|upkeep
|turn|13
|
|t:|1664405393
|switch|p1a: Kong|Rillaboom, M, shiny|71/100
|-fieldstart|move: Grassy Terrain|[from] ability: Grassy Surge|[of] p1a: Kong
|move|p2a: Azumarill|Aqua Jet|p1a: Kong
|-resisted|p1a: Kong
|-damage|p1a: Kong|51/100
|
|-heal|p1a: Kong|57/100|[from] Grassy Terrain
|-heal|p2a: Azumarill|50/100|[from] Grassy Terrain
|upkeep
|turn|14
|
|t:|1664405399
|switch|p1a: Destroyer|Blaziken, M, shiny|42/100
|switch|p2a: Tangrowth|Tangrowth, M|99/100
|-damage|p2a: Tangrowth|87/100|[from] Stealth Rock
|
|-heal|p1a: Destroyer|48/100|[from] Grassy Terrain
|-heal|p2a: Tangrowth|93/100|[from] Grassy Terrain
|upkeep
|turn|15
|n| q dance pult|qdancepult
|j| spacevorp
|j| stdyhutk
|l| stdyhutk
|inactive|Cozy Passion has 120 seconds left.
|
|t:|1664405446
|move|p1a: Destroyer|Flare Blitz|p2a: Tangrowth
|-supereffective|p2a: Tangrowth
|-damage|p2a: Tangrowth|12/100
|-damage|p1a: Destroyer|12/100|[from] Recoil
|-damage|p1a: Destroyer|2/100|[from] item: Life Orb
|move|p2a: Tangrowth|Giga Drain|p1a: Destroyer
|-resisted|p1a: Destroyer
|-damage|p1a: Destroyer|0 fnt
|-heal|p2a: Tangrowth|12/100|[from] drain|[of] p1a: Destroyer
|faint|p1a: Destroyer
|
|-heal|p2a: Tangrowth|18/100|[from] Grassy Terrain
|upkeep
|
|t:|1664405463
|switch|p1a: Kong|Rillaboom, M, shiny|57/100
|turn|16
|
|t:|1664405466
|switch|p2a: Heatran|Heatran, F|64/100
|-damage|p2a: Heatran|51/100|[from] Stealth Rock
|move|p1a: Kong|Swords Dance|p1a: Kong
|-boost|p1a: Kong|atk|2
|
|-heal|p1a: Kong|64/100|[from] Grassy Terrain
|-heal|p2a: Heatran|57/100|[from] Grassy Terrain
|-heal|p2a: Heatran|64/100|[from] item: Leftovers
|upkeep
|turn|17
|inactive|Cozy Passion has 120 seconds left.
|j| diabetoh
|j| stdyhutk
|
|t:|1664405479
|switch|p2a: Tangrowth|Tangrowth, M|51/100
|-damage|p2a: Tangrowth|39/100|[from] Stealth Rock
|move|p1a: Kong|Superpower|p2a: Tangrowth
|-damage|p2a: Tangrowth|0 fnt
|-unboost|p1a: Kong|atk|1
|-unboost|p1a: Kong|def|1
|faint|p2a: Tangrowth
|-damage|p1a: Kong|54/100|[from] item: Life Orb
|
|-heal|p1a: Kong|60/100|[from] Grassy Terrain
|-fieldend|move: Grassy Terrain
|upkeep
|l| stdyhutk
|
|t:|1664405483
|switch|p2a: Gardevoir|Gardevoir, F|100/100
|-damage|p2a: Gardevoir|88/100|[from] Stealth Rock
|-ability|p2a: Gardevoir|Grassy Surge|[from] ability: Trace|[of] p1a: Kong
|-fieldstart|move: Grassy Terrain|[from] ability: Grassy Surge|[of] p2a: Gardevoir
|turn|18
|
|t:|1664405488
|move|p1a: Kong|Grassy Glide|p2a: Gardevoir
|-damage|p2a: Gardevoir|0 fnt
|faint|p2a: Gardevoir
|-damage|p1a: Kong|50/100|[from] item: Life Orb
|
|-heal|p1a: Kong|56/100|[from] Grassy Terrain
|upkeep
|inactive|Cozy Passion has 120 seconds left.
|
|t:|1664405510
|switch|p2a: Heatran|Heatran, F|64/100
|-damage|p2a: Heatran|51/100|[from] Stealth Rock
|turn|19
|
|t:|1664405514
|move|p1a: Kong|Superpower|p2a: Heatran
|-supereffective|p2a: Heatran
|-damage|p2a: Heatran|0 fnt
|-unboost|p1a: Kong|atk|1
|-unboost|p1a: Kong|def|1
|faint|p2a: Heatran
|-damage|p1a: Kong|46/100|[from] item: Life Orb
|
|-heal|p1a: Kong|52/100|[from] Grassy Terrain
|upkeep
|c| Arceros|Gardevoir is paid actor
|
|t:|1664405522
|switch|p2a: Zeraora|Zeraora|100/100
|turn|20
|inactive|Cozy Passion has 120 seconds left.
|
|t:|1664405546
|switch|p1a: Aegislash|Aegislash, M|100/100
|move|p2a: Zeraora|Play Rough|p1a: Aegislash
|-resisted|p1a: Aegislash
|-damage|p1a: Aegislash|90/100
|
|-heal|p1a: Aegislash|96/100|[from] Grassy Terrain
|upkeep
|turn|21
|
|t:|1664405553
|move|p2a: Zeraora|Bulk Up|p2a: Zeraora
|-boost|p2a: Zeraora|atk|1
|-boost|p2a: Zeraora|def|1
|move|p1a: Aegislash|Swords Dance|p1a: Aegislash
|-boost|p1a: Aegislash|atk|2
|
|-heal|p1a: Aegislash|100/100|[from] Grassy Terrain
|upkeep
|turn|22
|
|t:|1664405557
|move|p2a: Zeraora|Bulk Up|p2a: Zeraora
|-boost|p2a: Zeraora|atk|1
|-boost|p2a: Zeraora|def|1
|-formechange|p1a: Aegislash|Aegislash-Blade||[from] ability: Stance Change
|move|p1a: Aegislash|Close Combat|p2a: Zeraora
|-damage|p2a: Zeraora|30/100
|-unboost|p1a: Aegislash|def|1
|-unboost|p1a: Aegislash|spd|1
|
|-heal|p2a: Zeraora|36/100|[from] Grassy Terrain
|-fieldend|move: Grassy Terrain
|upkeep
|turn|23
|
|t:|1664405565
|move|p1a: Aegislash|Shadow Sneak|p2a: Zeraora
|-damage|p2a: Zeraora|3/100
|move|p2a: Zeraora|Plasma Fists|p1a: Aegislash
|-damage|p1a: Aegislash|0 fnt
|-fieldactivate|move: Ion Deluge
|-hint|Normal-type moves become Electric-type after using Plasma Fists.
|faint|p1a: Aegislash
|
|upkeep
|
|t:|1664405567
|switch|p1a: Kong|Rillaboom, M, shiny|52/100
|-fieldstart|move: Grassy Terrain|[from] ability: Grassy Surge|[of] p1a: Kong
|turn|24
|
|t:|1664405569
|move|p1a: Kong|Grassy Glide|p2a: Zeraora
|-damage|p2a: Zeraora|0 fnt
|faint|p2a: Zeraora
|-damage|p1a: Kong|42/100|[from] item: Life Orb
|
|-heal|p1a: Kong|48/100|[from] Grassy Terrain
|upkeep
|
|t:|1664405570
|switch|p2a: Azumarill|Azumarill, M|50/100
|-damage|p2a: Azumarill|38/100|[from] Stealth Rock
|turn|25
|c|☆drop a baby|gg
|c|☆Cozy Passion|gg
|c|☆drop a baby|wp
|
|t:|1664405576
|move|p1a: Kong|Grassy Glide|p2a: Azumarill
|-supereffective|p2a: Azumarill
|-damage|p2a: Azumarill|0 fnt
|faint|p2a: Azumarill
|-damage|p1a: Kong|38/100|[from] item: Life Orb
|
|win|drop a baby
|n|☆drop a baby|dropababy
|n|☆Cozy Passion|cozypassion
|n| Sww-Suwa|swwsuwa
|n| Arceros|arceros
|n| Cra3k|cra3k
|n| PoobleMaster945|pooblemaster945
|n| q dance pult|qdancepult
|n| monning|monning
|n| Magscom|magscom
|n| TheNewBrends11@!|thenewbrends11
|n| testingteams888|testingteams888
|n| spacevorp|spacevorp
|n| diabetoh|diabetoh
|l| Sww-Suwa
|c|☆Cozy Passion|wp
|l| q dance pult
|l|☆Cozy Passion
|l| spacevorp
|l| Arceros
|l| Magscom
|l| testingteams888
|l| diabetoh
|l| Cra3k
|j| Pikablu007
|l| Pikablu007
|j| GoatNoir
|l| GoatNoir
|l| monning
