|j|☆venerti
|j|☆Shootingwolf
|t:|1595751390
|player|p1|venerti|malva|1849
|player|p2|Shootingwolf|erika|1691
|teamsize|p1|6
|teamsize|p2|6
|gametype|singles
|gen|8
|tier|[Gen 8] OU
|rated|
|html|<div class="broadcast-blue"><strong>OU is currently suspecting Magearna! For information on how to participate check out the <a href="https://www.smogon.com/forums/threads/3667669/">suspect thread</a>.</strong></div>
|clearpoke
|poke|p1|Porygon2|
|poke|p1|Slowbro-Galar, F|
|poke|p1|Marowak-Alola, M|
|poke|p1|Hatterene, F|
|poke|p1|Conkeldurr, M|
|poke|p1|Magearna|
|poke|p2|Hippowdon, M|
|poke|p2|Urshifu-*, M|
|poke|p2|Excadrill, M|
|poke|p2|Volcarona, F|
|poke|p2|Clefable, F|
|poke|p2|Mandibuzz, F|
|rule|Sleep Clause Mod: Limit one foe put to sleep
|rule|Species Clause: Limit one of each Pokémon
|rule|OHKO Clause: OHKO moves are banned
|rule|Evasion Moves Clause: Evasion moves are banned
|rule|Endless Battle Clause: Forcing endless battles is banned
|rule|HP Percentage Mod: HP is shown in percentages
|rule|Dynamax Clause: You cannot dynamax
|teampreview
|
|t:|1595751407
|start
|switch|p1a: Hatterene|Hatterene, F|100/100
|switch|p2a: Urshifu|Urshifu, M|100/100
|turn|1
|
|t:|1595751412
|move|p2a: Urshifu|Iron Head|p1a: Hatterene
|-supereffective|p1a: Hatterene
|-enditem|p1a: Hatterene|Focus Sash
|-damage|p1a: Hatterene|1/100
|move|p1a: Hatterene|Trick Room|p1a: Hatterene
|-fieldstart|move: Trick Room|[of] p1a: Hatterene
|
|upkeep
|turn|2
|j| Hastings1066
|
|t:|1595751421
|switch|p2a: Landrous|Hippowdon, M|100/100
|-weather|Sandstorm|[from] ability: Sand Stream|[of] p2a: Landrous
|move|p1a: Hatterene|Healing Wish|p1a: Hatterene
|faint|p1a: Hatterene
|
|-weather|Sandstorm|[upkeep]
|upkeep
|
|t:|1595751431
|switch|p1a: Conkeldurr|Conkeldurr, M|100/100
|turn|3
|
|t:|1595751444
|move|p1a: Conkeldurr|Knock Off|p2a: Landrous
|-crit|p2a: Landrous
|-damage|p2a: Landrous|69/100
|-enditem|p2a: Landrous|Smooth Rock|[from] move: Knock Off|[of] p1a: Conkeldurr
|move|p2a: Landrous|Stealth Rock|p1a: Conkeldurr
|-sidestart|p1: venerti|move: Stealth Rock
|
|-weather|Sandstorm|[upkeep]
|-damage|p1a: Conkeldurr|94/100|[from] Sandstorm
|-status|p1a: Conkeldurr|brn|[from] item: Flame Orb
|upkeep
|turn|4
|
|t:|1595751455
|move|p1a: Conkeldurr|Close Combat|p2a: Landrous
|-damage|p2a: Landrous|15/100
|-unboost|p1a: Conkeldurr|def|1
|-unboost|p1a: Conkeldurr|spd|1
|move|p2a: Landrous|Slack Off|p2a: Landrous
|-heal|p2a: Landrous|65/100
|
|-weather|Sandstorm|[upkeep]
|-damage|p1a: Conkeldurr|88/100 brn|[from] Sandstorm
|-damage|p1a: Conkeldurr|82/100 brn|[from] brn
|upkeep
|turn|5
|
|t:|1595751484
|move|p1a: Conkeldurr|Close Combat|p2a: Landrous
|-damage|p2a: Landrous|8/100
|-unboost|p1a: Conkeldurr|def|1
|-unboost|p1a: Conkeldurr|spd|1
|move|p2a: Landrous|Slack Off|p2a: Landrous
|-heal|p2a: Landrous|58/100
|
|-weather|Sandstorm|[upkeep]
|-damage|p1a: Conkeldurr|76/100 brn|[from] Sandstorm
|-damage|p1a: Conkeldurr|70/100 brn|[from] brn
|-fieldend|move: Trick Room
|upkeep
|turn|6
|
|t:|1595751500
|move|p2a: Landrous|Slack Off|p2a: Landrous
|-heal|p2a: Landrous|100/100
|move|p1a: Conkeldurr|Close Combat|p2a: Landrous
|-damage|p2a: Landrous|39/100
|-unboost|p1a: Conkeldurr|def|1
|-unboost|p1a: Conkeldurr|spd|1
|
|-weather|Sandstorm|[upkeep]
|-damage|p1a: Conkeldurr|64/100 brn|[from] Sandstorm
|-damage|p1a: Conkeldurr|58/100 brn|[from] brn
|upkeep
|turn|7
|
|t:|1595751513
|move|p2a: Landrous|Earthquake|p1a: Conkeldurr
|-damage|p1a: Conkeldurr|0 fnt
|faint|p1a: Conkeldurr
|
|-weather|Sandstorm|[upkeep]
|upkeep
|
|t:|1595751533
|switch|p1a: Magearna|Magearna|100/100
|-damage|p1a: Magearna|94/100|[from] Stealth Rock
|turn|8
|
|t:|1595751537
|switch|p2a: Excadrill|Excadrill, M|100/100
|move|p1a: Magearna|Fleur Cannon|p2a: Excadrill
|-resisted|p2a: Excadrill
|-damage|p2a: Excadrill|37/100
|-unboost|p1a: Magearna|spa|2
|-damage|p1a: Magearna|85/100|[from] item: Life Orb
|
|-weather|Sandstorm|[upkeep]
|upkeep
|turn|9
|
|t:|1595751545
|switch|p1a: Porygon2|Porygon2|100/100
|-damage|p1a: Porygon2|88/100|[from] Stealth Rock
|-ability|p1a: Porygon2|Sand Rush|[from] ability: Trace|[of] p2a: Excadrill
|move|p2a: Excadrill|Swords Dance|p2a: Excadrill
|-boost|p2a: Excadrill|atk|2
|
|-weather|none
|upkeep
|turn|10
|
|t:|1595751550
|move|p2a: Excadrill|Iron Head|p1a: Porygon2
|-damage|p1a: Porygon2|31/100
|-damage|p2a: Excadrill|27/100|[from] item: Life Orb
|move|p1a: Porygon2|Trick Room|p1a: Porygon2
|-fieldstart|move: Trick Room|[of] p1a: Porygon2
|
|upkeep
|turn|11
|
|t:|1595751557
|move|p1a: Porygon2|Recover|p1a: Porygon2
|-heal|p1a: Porygon2|81/100
|move|p2a: Excadrill|Earthquake|p1a: Porygon2
|-damage|p1a: Porygon2|9/100
|-damage|p2a: Excadrill|17/100|[from] item: Life Orb
|
|upkeep
|turn|12
|
|t:|1595751561
|move|p1a: Porygon2|Tri Attack|p2a: Excadrill
|-resisted|p2a: Excadrill
|-damage|p2a: Excadrill|0 fnt
|faint|p2a: Excadrill
|
|upkeep
|
|t:|1595751567
|switch|p2a: Volcarona|Volcarona, F|100/100
|turn|13
|
|t:|1595751593
|switch|p1a: Marowak|Marowak-Alola, M|100/100
|-damage|p1a: Marowak|76/100|[from] Stealth Rock
|move|p2a: Volcarona|Fiery Dance|p1a: Marowak
|-resisted|p1a: Marowak
|-damage|p1a: Marowak|50/100
|
|upkeep
|turn|14
|
|t:|1595751600
|switch|p2a: Landrous|Hippowdon, M|39/100
|-weather|Sandstorm|[from] ability: Sand Stream|[of] p2a: Landrous
|move|p1a: Marowak|Flare Blitz|p2a: Landrous
|-damage|p2a: Landrous|0 fnt
|faint|p2a: Landrous
|
|-weather|Sandstorm|[upkeep]
|-damage|p1a: Marowak|44/100|[from] Sandstorm
|-fieldend|move: Trick Room
|upkeep
|
|t:|1595751610
|switch|p2a: Volcarona|Volcarona, F|100/100
|turn|15
|
|t:|1595751627
|switch|p1a: Porygon2|Porygon2|9/100
|-heal|p1a: Porygon2|100/100|[from] move: Healing Wish
|-damage|p1a: Porygon2|88/100|[from] Stealth Rock
|-ability|p1a: Porygon2|Flame Body|[from] ability: Trace|[of] p2a: Volcarona
|move|p2a: Volcarona|Psychic|p1a: Porygon2
|-damage|p1a: Porygon2|70/100
|
|-weather|Sandstorm|[upkeep]
|-damage|p2a: Volcarona|94/100|[from] Sandstorm
|-damage|p1a: Porygon2|64/100|[from] Sandstorm
|upkeep
|turn|16
|
|t:|1595751633
|move|p2a: Volcarona|Quiver Dance|p2a: Volcarona
|-boost|p2a: Volcarona|spa|1
|-boost|p2a: Volcarona|spd|1
|-boost|p2a: Volcarona|spe|1
|move|p1a: Porygon2|Trick Room|p1a: Porygon2
|-fieldstart|move: Trick Room|[of] p1a: Porygon2
|
|-weather|Sandstorm|[upkeep]
|-damage|p1a: Porygon2|58/100|[from] Sandstorm
|-damage|p2a: Volcarona|88/100|[from] Sandstorm
|upkeep
|turn|17
|
|t:|1595751645
|move|p2a: Volcarona|Fiery Dance|p1a: Porygon2
|-damage|p1a: Porygon2|21/100
|move|p1a: Porygon2|Teleport|p1a: Porygon2
|
|t:|1595751649
|switch|p1a: Marowak|Marowak-Alola, M|44/100|[from]move: Teleport
|-damage|p1a: Marowak|19/100|[from] Stealth Rock
|
|-weather|Sandstorm|[upkeep]
|-damage|p1a: Marowak|13/100|[from] Sandstorm
|-damage|p2a: Volcarona|82/100|[from] Sandstorm
|upkeep
|turn|18
|j| Riddle Infinite
|l|hastings1066
|
|t:|1595751663
|switch|p2a: Clefable|Clefable, F|100/100
|move|p1a: Marowak|Flare Blitz|p2a: Clefable
|-damage|p2a: Clefable|25/100
|
|-weather|none
|-heal|p2a: Clefable|31/100|[from] item: Leftovers
|upkeep
|turn|19
|
|t:|1595751670
|move|p1a: Marowak|Flare Blitz|p2a: Clefable
|-damage|p2a: Clefable|0 fnt
|faint|p2a: Clefable
|
|upkeep
|
|t:|1595751673
|switch|p2a: Mandibuzz|Mandibuzz, F|100/100
|turn|20
|
|t:|1595751681
|move|p1a: Marowak|Flare Blitz|p2a: Mandibuzz
|-damage|p2a: Mandibuzz|42/100
|move|p2a: Mandibuzz|U-turn|p1a: Marowak
|-resisted|p1a: Marowak
|-damage|p1a: Marowak|10/100
|
|t:|1595751687
|switch|p2a: Volcarona|Volcarona, F|82/100|[from]move: U-turn
|
|-fieldend|move: Trick Room
|upkeep
|turn|21
|
|t:|1595751692
|move|p2a: Volcarona|Fiery Dance|p1a: Marowak
|-resisted|p1a: Marowak
|-damage|p1a: Marowak|0 fnt
|-boost|p2a: Volcarona|spa|1
|faint|p1a: Marowak
|
|upkeep
|
|t:|1595751697
|switch|p1a: Slowbro|Slowbro-Galar, F|100/100
|-damage|p1a: Slowbro|88/100|[from] Stealth Rock
|turn|22
|-activate|p1a: Slowbro|ability: Quick Draw
|
|t:|1595751703
|move|p1a: Slowbro|Shell Side Arm|p2a: Volcarona
|-damage|p2a: Volcarona|37/100
|-hint|Physical Shell Side Arm
|move|p2a: Volcarona|Fiery Dance|p1a: Slowbro
|-damage|p1a: Slowbro|22/100
|-boost|p2a: Volcarona|spa|1
|
|upkeep
|turn|23
|j| aninterestingidea
|
|t:|1595751711
|move|p2a: Volcarona|Fiery Dance|p1a: Slowbro
|-damage|p1a: Slowbro|0 fnt
|-boost|p2a: Volcarona|spa|1
|faint|p1a: Slowbro
|
|upkeep
|-message|venerti forfeited.
|
|win|Shootingwolf
|l|☆venerti
|raw|venerti's rating: 1864 &rarr; <strong>1835</strong><br />(-29 for losing)
|raw|Shootingwolf's rating: 1691 &rarr; <strong>1721</strong><br />(+30 for winning)
