|j|☆beastyj157
|j|☆clean cuts
|inactive|Battle timer is ON: inactive players will automatically lose when time's up.
|t:|1646776554
|gametype|singles
|player|p1|beastyj157|skierf|
|player|p2|clean cuts|hilbert|
|teamsize|p1|6
|teamsize|p2|6
|gen|8
|tier|[Gen 8] OU
|rated|Tournament battle
|rule|Sleep Clause Mod: Limit one foe put to sleep
|rule|Species Clause: Limit one of each Pokémon
|rule|OHKO Clause: OHKO moves are banned
|rule|Evasion Moves Clause: Evasion moves are banned
|rule|Endless Battle Clause: Forcing endless battles is banned
|rule|HP Percentage Mod: HP is shown in percentages
|rule|Dynamax Clause: You cannot dynamax
|clearpoke
|poke|p1|Eevee, F|
|poke|p1|Magnezone|
|poke|p1|Slowking-Galar, M|
|poke|p1|Kartana|
|poke|p1|Landorus-Therian, M|
|poke|p1|Tapu Fini|
|poke|p2|Blacephalon|
|poke|p2|Kartana|
|poke|p2|Zapdos|
|poke|p2|Ferrothorn, F|
|poke|p2|Tapu Lele|
|poke|p2|Landorus-Therian, M|
|teampreview
|inactive|beastyj157 also wants the timer to be on.
|inactive|clean cuts also wants the timer to be on.
|j| JiaLe_SPN
|j| spungy
|j| RedDiamond1024
|j|^cute asian gurl
|j| galaxyxxivory
|j|+h moment
|c|☆clean cuts|eevee
|c|☆clean cuts|LMAO
|c| RedDiamond1024|The eevee GOAT
|c|☆beastyj157|what about it
|j|@Wildfiree
|j| ladderis5pplonalts
|j| SHARKB1TE
|c|^cute asian gurl|omg go eevee
|c|☆clean cuts|mans forgot what gen we in
|inactive|clean cuts has 120 seconds left.
|j| burningbananabred
|
|t:|1646776590
|start
|switch|p1a: Tapu Fini|Tapu Fini|100/100
|switch|p2a: Tapu Lele|Tapu Lele|100/100
|-fieldstart|move: Misty Terrain|[from] ability: Misty Surge|[of] p1a: Tapu Fini
|-fieldstart|move: Psychic Terrain|[from] ability: Psychic Surge|[of] p2a: Tapu Lele
|turn|1
|c|☆beastyj157|its not that good against this team sadly
|c| SHARKB1TE|eve gonna clap like bro don't even mess with eevee
|j| Juseth sepulveda
|
|t:|1646776609
|move|p1a: Tapu Fini|Moonblast|p2a: Tapu Lele
|-damage|p2a: Tapu Lele|65/100
|move|p2a: Tapu Lele|Psychic|p1a: Tapu Fini
|-damage|p1a: Tapu Fini|36/100
|
|upkeep
|turn|2
|
|t:|1646776616
|switch|p1a: Slowking|Slowking-Galar, M|100/100
|move|p2a: Tapu Lele|Psychic|p1a: Slowking
|-damage|p1a: Slowking|59/100
|
|upkeep
|turn|3
|
|t:|1646776622
|switch|p2a: Landorus|Landorus-Therian, M|100/100
|-ability|p2a: Landorus|Intimidate|boost
|-unboost|p1a: Slowking|atk|1
|move|p1a: Slowking|Sludge Bomb|p2a: Landorus
|-resisted|p2a: Landorus
|-damage|p2a: Landorus|86/100
|-status|p2a: Landorus|psn
|
|-heal|p2a: Landorus|92/100 psn|[from] item: Leftovers
|-damage|p2a: Landorus|80/100 psn|[from] psn
|upkeep
|turn|4
|
|t:|1646776633
|switch|p1a: Landorus|Landorus-Therian, M|100/100
|-ability|p1a: Landorus|Intimidate|boost
|-unboost|p2a: Landorus|atk|1
|move|p2a: Landorus|U-turn|p1a: Landorus
|-resisted|p1a: Landorus
|-damage|p1a: Landorus|94/100
|c|^cute asian gurl|saying that eevee mu is bad is surely a bait
|c|@Wildfiree|Mans brought an eevee
|
|t:|1646776647
|switch|p2a: Zapdos|Zapdos|100/100|[from]move: U-turn
|
|-heal|p1a: Landorus|99/100|[from] item: Leftovers
|upkeep
|turn|5
|c|@Wildfiree|im dead
|c|☆beastyj157|i dont get whats so funny ._.
|c|☆beastyj157|good mon
|
|t:|1646776662
|move|p2a: Zapdos|Toxic|p1a: Landorus|[miss]
|-miss|p2a: Zapdos|p1a: Landorus
|move|p1a: Landorus|Toxic|p2a: Zapdos
|-status|p2a: Zapdos|tox
|
|-heal|p1a: Landorus|100/100|[from] item: Leftovers
|-damage|p2a: Zapdos|94/100 tox|[from] psn
|-fieldend|move: Psychic Terrain
|upkeep
|turn|6
|
|t:|1646776669
|switch|p1a: Magnezone|Magnezone|100/100
|move|p2a: Zapdos|Toxic|p1a: Magnezone
|-immune|p1a: Magnezone
|
|-damage|p2a: Zapdos|82/100 tox|[from] psn
|upkeep
|turn|7
|j| Rhodarona
|
|t:|1646776682
|switch|p2a: Landorus|Landorus-Therian, M|80/100 psn
|-ability|p2a: Landorus|Intimidate|boost
|-unboost|p1a: Magnezone|atk|1
|switch|p1a: Landorus|Landorus-Therian, M|100/100
|-ability|p1a: Landorus|Intimidate|boost
|-unboost|p2a: Landorus|atk|1
|
|-heal|p2a: Landorus|86/100 psn|[from] item: Leftovers
|-damage|p2a: Landorus|74/100 psn|[from] psn
|upkeep
|turn|8
|
|t:|1646776690
|move|p2a: Landorus|U-turn|p1a: Landorus
|-resisted|p1a: Landorus
|-damage|p1a: Landorus|94/100
|
|t:|1646776697
|switch|p2a: Zapdos|Zapdos|82/100 tox|[from]move: U-turn
|move|p1a: Landorus|Stealth Rock|p2a: Zapdos
|-sidestart|p2: clean cuts|move: Stealth Rock
|
|-heal|p1a: Landorus|100/100|[from] item: Leftovers
|-damage|p2a: Zapdos|76/100 tox|[from] psn
|upkeep
|turn|9
|
|t:|1646776713
|move|p2a: Zapdos|Heat Wave|p1a: Landorus
|-damage|p1a: Landorus|78/100
|move|p1a: Landorus|U-turn|p2a: Zapdos
|-resisted|p2a: Zapdos
|-damage|p2a: Zapdos|66/100 tox
|j| mako309
|
|t:|1646776724
|switch|p1a: Eevee|Eevee, F|100/100|[from]move: U-turn
|
|-damage|p2a: Zapdos|54/100 tox|[from] psn
|upkeep
|turn|10
|
|t:|1646776729
|move|p1a: Eevee|Endure|p1a: Eevee
|-singleturn|p1a: Eevee|move: Endure
|move|p2a: Zapdos|Volt Switch|p1a: Eevee
|-damage|p1a: Eevee|48/100
|
|t:|1646776735
|switch|p2a: Tapu Lele|Tapu Lele|65/100|[from]move: Volt Switch
|-damage|p2a: Tapu Lele|53/100|[from] Stealth Rock
|-fieldstart|move: Psychic Terrain|[from] ability: Psychic Surge|[of] p2a: Tapu Lele
|
|upkeep
|turn|11
|c|☆beastyj157|F
|c|☆clean cuts|lol
|j| Stryke Out
|
|t:|1646776750
|switch|p1a: Tapu Fini|Tapu Fini|36/100
|-fieldstart|move: Misty Terrain|[from] ability: Misty Surge|[of] p1a: Tapu Fini
|move|p2a: Tapu Lele|Psychic|p1a: Tapu Fini
|-damage|p1a: Tapu Fini|0 fnt
|faint|p1a: Tapu Fini
|
|upkeep
|
|t:|1646776751
|switch|p1a: Eevee|Eevee, F|48/100
|turn|12
|c|☆beastyj157|just do it
|j| Almighty Sa'
|
|t:|1646776766
|switch|p2a: Landorus|Landorus-Therian, M|74/100 psn
|-damage|p2a: Landorus|61/100 psn|[from] Stealth Rock
|-ability|p2a: Landorus|Intimidate|boost
|-unboost|p1a: Eevee|atk|1
|move|p1a: Eevee|Endure||[still]
|-fail|p1a: Eevee
|
|-heal|p2a: Landorus|68/100 psn|[from] item: Leftovers
|-damage|p2a: Landorus|55/100 psn|[from] psn
|upkeep
|turn|13
|c|+h moment|!learn eevee, extreme speed
|c| h moment|/raw <div class="infobox">In [Gen 8] OU, Eevee <span class="message-learn-cannotlearn">can't</span> learn Extreme Speed</div>
|c|+h moment|:(
|c|☆clean cuts|lol
|c|☆clean cuts|i got scared
|j| TsuShurf
|j| Redfire.Gslay
|c|+h moment|im so confused by it
|c|+h moment|what is it aboutta do
|inactive|beastyj157 has 120 seconds left.
|c|☆beastyj157|using eevee to set up rocks smh
|
|t:|1646776813
|switch|p1a: Landorus|Landorus-Therian, M|78/100
|-ability|p1a: Landorus|Intimidate|boost
|-unboost|p2a: Landorus|atk|1
|move|p2a: Landorus|U-turn|p1a: Landorus
|-resisted|p1a: Landorus
|-damage|p1a: Landorus|72/100
|
|t:|1646776824
|switch|p2a: Tapu Lele|Tapu Lele|53/100|[from]move: U-turn
|-damage|p2a: Tapu Lele|40/100|[from] Stealth Rock
|-fieldstart|move: Psychic Terrain|[from] ability: Psychic Surge|[of] p2a: Tapu Lele
|
|-heal|p1a: Landorus|78/100|[from] item: Leftovers
|upkeep
|turn|14
|j| Jddjraptor
|c|☆beastyj157|psyshock incoming?
|inactive|beastyj157 has 90 seconds left.
|
|t:|1646776855
|switch|p1a: Slowking|Slowking-Galar, M|93/100
|move|p2a: Tapu Lele|Psychic|p1a: Slowking
|-damage|p1a: Slowking|49/100
|
|upkeep
|turn|15
|j| ur just better
|inactive|beastyj157 has 90 seconds left.
|l| Redfire.Gslay
|
|t:|1646776870
|switch|p2a: Landorus|Landorus-Therian, M|55/100 psn
|-damage|p2a: Landorus|43/100 psn|[from] Stealth Rock
|-ability|p2a: Landorus|Intimidate|boost
|-unboost|p1a: Slowking|atk|1
|move|p1a: Slowking|Sludge Bomb|p2a: Landorus
|-resisted|p2a: Landorus
|-damage|p2a: Landorus|30/100 psn
|
|-heal|p2a: Landorus|36/100 psn|[from] item: Leftovers
|-damage|p2a: Landorus|24/100 psn|[from] psn
|upkeep
|turn|16
|
|t:|1646776879
|switch|p1a: Kartana|Kartana|100/100
|move|p2a: Landorus|U-turn|p1a: Kartana
|-damage|p1a: Kartana|78/100
|
|t:|1646776886
|switch|p2a: Zapdos|Zapdos|54/100 tox|[from]move: U-turn
|
|-damage|p2a: Zapdos|48/100 tox|[from] psn
|upkeep
|turn|17
|j| Redfire.Gslay
|
|t:|1646776891
|move|p1a: Kartana|Knock Off|p2a: Zapdos
|-damage|p2a: Zapdos|0 fnt
|-enditem|p2a: Zapdos|Heavy-Duty Boots|[from] move: Knock Off|[of] p1a: Kartana
|faint|p2a: Zapdos
|-ability|p1a: Kartana|Beast Boost|boost
|-boost|p1a: Kartana|atk|1
|
|-fieldend|move: Psychic Terrain
|upkeep
|
|t:|1646776903
|switch|p2a: Ferrothorn|Ferrothorn, F|100/100
|-damage|p2a: Ferrothorn|94/100|[from] Stealth Rock
|turn|18
|inactive|beastyj157 has 120 seconds left.
|
|t:|1646776911
|switch|p1a: Magnezone|Magnezone|100/100
|switch|p2a: Blacephalon|Blacephalon|100/100
|-damage|p2a: Blacephalon|76/100|[from] Stealth Rock
|
|upkeep
|turn|19
|l| Redfire.Gslay
|
|t:|1646776924
|switch|p1a: Eevee|Eevee, F|48/100
|move|p2a: Blacephalon|Flamethrower|p1a: Eevee
|-damage|p1a: Eevee|0 fnt
|faint|p1a: Eevee
|-ability|p2a: Blacephalon|Beast Boost|boost
|-boost|p2a: Blacephalon|spa|1
|
|upkeep
|c|+h moment|eevee fulfill your destiny
|l| Stryke Out
|c|+h moment|scout the blace
|
|t:|1646776930
|switch|p1a: Slowking|Slowking-Galar, M|82/100
|turn|20
|j| Stryke Out
|c|☆beastyj157|well i was hpoing for ball
|j| Deer Gang
|j| TheNewBrends11
|inactive|beastyj157 has 120 seconds left.
|c|☆beastyj157|that thats aight ig
|
|t:|1646776952
|move|p2a: Blacephalon|Flamethrower|p1a: Slowking
|-damage|p1a: Slowking|32/100
|move|p1a: Slowking|Scald|p2a: Blacephalon
|-supereffective|p2a: Blacephalon
|-damage|p2a: Blacephalon|0 fnt
|faint|p2a: Blacephalon
|
|upkeep
|
|t:|1646776957
|switch|p2a: Tapu Lele|Tapu Lele|40/100
|-damage|p2a: Tapu Lele|28/100|[from] Stealth Rock
|-fieldstart|move: Psychic Terrain|[from] ability: Psychic Surge|[of] p2a: Tapu Lele
|turn|21
|inactive|beastyj157 has 120 seconds left.
|c|☆beastyj157|well king is useless for the rest of the game
|
|t:|1646776987
|move|p2a: Tapu Lele|Psychic|p1a: Slowking
|-damage|p1a: Slowking|0 fnt
|faint|p1a: Slowking
|
|upkeep
|
|t:|1646776988
|switch|p1a: Kartana|Kartana|78/100
|turn|22
|
|t:|1646776996
|switch|p2a: Landorus|Landorus-Therian, M|24/100 psn
|-damage|p2a: Landorus|11/100 psn|[from] Stealth Rock
|-ability|p2a: Landorus|Intimidate|boost
|-unboost|p1a: Kartana|atk|1
|move|p1a: Kartana|Knock Off|p2a: Landorus
|-damage|p2a: Landorus|0 fnt
|-enditem|p2a: Landorus|Leftovers|[from] move: Knock Off|[of] p1a: Kartana
|faint|p2a: Landorus
|-ability|p1a: Kartana|Beast Boost|boost
|-boost|p1a: Kartana|atk|1
|
|upkeep
|c|+h moment|kartana W???
|c|^cute asian gurl|kartana always w
|c|+h moment|(unfortunately)
|inactive|clean cuts has 120 seconds left.
|c|^cute asian gurl|k moment
|c|+h moment|NO
|j| Redfire.Gslay
|c|+h moment|do not associate me with kartana
|
|t:|1646777049
|switch|p2a: Ferrothorn|Ferrothorn, F|94/100
|-damage|p2a: Ferrothorn|88/100|[from] Stealth Rock
|turn|23
|c| spungy|man there are a lot of people here
|c| Deer Gang|yea
|inactive|clean cuts has 90 seconds left.
|
|t:|1646777071
|move|p1a: Kartana|Knock Off|p2a: Ferrothorn
|-damage|p2a: Ferrothorn|48/100
|-damage|p1a: Kartana|65/100|[from] ability: Iron Barbs|[of] p2a: Ferrothorn
|-damage|p1a: Kartana|49/100|[from] item: Rocky Helmet|[of] p2a: Ferrothorn
|-enditem|p2a: Ferrothorn|Rocky Helmet|[from] move: Knock Off|[of] p1a: Kartana
|move|p2a: Ferrothorn|Body Press|p1a: Kartana
|-supereffective|p1a: Kartana
|-damage|p1a: Kartana|0 fnt
|faint|p1a: Kartana
|
|upkeep
|
|t:|1646777082
|switch|p1a: Magnezone|Magnezone|100/100
|turn|24
|
|t:|1646777086
|move|p1a: Magnezone|Iron Defense|p1a: Magnezone
|-boost|p1a: Magnezone|def|2
|move|p2a: Ferrothorn|Leech Seed|p1a: Magnezone
|-start|p1a: Magnezone|move: Leech Seed
|
|-damage|p1a: Magnezone|88/100|[from] Leech Seed|[of] p2a: Ferrothorn
|-heal|p2a: Ferrothorn|58/100|[silent]
|upkeep
|turn|25
|
|t:|1646777088
|move|p1a: Magnezone|Body Press|p2a: Ferrothorn
|-supereffective|p2a: Ferrothorn
|-damage|p2a: Ferrothorn|0 fnt
|-damage|p1a: Magnezone|76/100|[from] ability: Iron Barbs|[of] p2a: Ferrothorn
|faint|p2a: Ferrothorn
|
|-fieldend|move: Psychic Terrain
|upkeep
|c| Almighty Sa'|how can u lose vs kartana in 2022
|
|t:|1646777098
|switch|p2a: Tapu Lele|Tapu Lele|28/100
|-damage|p2a: Tapu Lele|15/100|[from] Stealth Rock
|-fieldstart|move: Psychic Terrain|[from] ability: Psychic Surge|[of] p2a: Tapu Lele
|turn|26
|
|t:|1646777109
|move|p2a: Tapu Lele|Psychic|p1a: Magnezone
|-resisted|p1a: Magnezone
|-damage|p1a: Magnezone|12/100
|move|p1a: Magnezone|Thunderbolt|p2a: Tapu Lele
|-damage|p2a: Tapu Lele|0 fnt
|faint|p2a: Tapu Lele
|
|upkeep
|c| TheNewBrends11|wow
|inactive|clean cuts has 120 seconds left.
|c| TheNewBrends11|64% off a resist
|c|☆beastyj157|its lele
|l| ur just better
|c| Almighty Sa'|this zone is - spdef
|l| TsuShurf
|inactive|clean cuts has 90 seconds left.
|c|☆beastyj157|!showset 2
|c| beastyj157|/raw <div class="infobox">Magnezone @ Expert Belt  <br />Ability: Magnet Pull  <br />EVs: 176 Def &#x2f; 236 SpA &#x2f; 96 Spe  <br />Bold Nature  <br />IVs: 0 Atk  <br />- Iron Defense  <br />- Body Press  <br />- Thunderbolt  <br />- Flash Cannon  <br /><br /></div>
|
|t:|1646777157
|switch|p2a: Kartana|Kartana|100/100
|-damage|p2a: Kartana|94/100|[from] Stealth Rock
|turn|27
|c|☆beastyj157|no
|
|t:|1646777160
|move|p2a: Kartana|Leaf Blade|p1a: Magnezone
|-resisted|p1a: Magnezone
|-damage|p1a: Magnezone|0 fnt
|faint|p1a: Magnezone
|-ability|p2a: Kartana|Beast Boost|boost
|-boost|p2a: Kartana|atk|1
|
|upkeep
|
|t:|1646777162
|switch|p1a: Landorus|Landorus-Therian, M|78/100
|-ability|p1a: Landorus|Intimidate|boost
|-unboost|p2a: Kartana|atk|1
|turn|28
|
|t:|1646777165
|move|p2a: Kartana|Leaf Blade|p1a: Landorus
|-damage|p1a: Landorus|20/100
|move|p1a: Landorus|Earthquake|p2a: Kartana
|-damage|p2a: Kartana|42/100
|
|-heal|p1a: Landorus|26/100|[from] item: Leftovers
|upkeep
|turn|29
|c| Almighty Sa'|noob
|c|☆beastyj157|gg
|c| Almighty Sa'|he put 236 spa
|c|☆clean cuts|gg bro
|l| ladderis5pplonalts
|l| Stryke Out
|
|t:|1646777175
|move|p2a: Kartana|Leaf Blade|p1a: Landorus
|-damage|p1a: Landorus|0 fnt
|faint|p1a: Landorus
|
|win|clean cuts
|n|☆beastyj157|beastyj157
|n|☆clean cuts|cleancuts
|n| JiaLe_SPN|jialespn
|n| spungy|spungy
|n| RedDiamond1024|reddiamond1024
|n| cute asian gurl|cuteasiangurl
|n| galaxyxxivory|galaxyxxivory
|n| h moment|hmoment
|n| Wildfiree|wildfiree
|n| SHARKB1TE|sharkb1te
|n| burningbananabred|burningbananabred
|n| Juseth sepulveda|jusethsepulveda
|n| Rhodarona|rhodarona
|n| mako309|mako309
|n| Almighty Sa'|almightysa
|n| Jddjraptor|jddjraptor
|n| Deer Gang|deergang
|n| TheNewBrends11|thenewbrends11
|n| Redfire.Gslay|redfiregslay
