|j|☆someidiot19
|j|☆Pafagel
|t:|1667153232
|gametype|singles
|player|p1|someidiot19|karen-gen2|1610
|player|p2|Pafagel|fantina|1544
|teamsize|p1|6
|teamsize|p2|6
|gen|8
|tier|[Gen 8] OU
|rated|
|rule|Sleep Clause Mod: Limit one foe put to sleep
|rule|Species Clause: Limit one of each Pokémon
|rule|OHKO Clause: OHKO moves are banned
|rule|Evasion Items Clause: Evasion items are banned
|rule|Evasion Moves Clause: Evasion moves are banned
|rule|Endless Battle Clause: Forcing endless battles is banned
|rule|HP Percentage Mod: HP is shown in percentages
|rule|Dynamax Clause: You cannot dynamax
|clearpoke
|poke|p1|Torkoal, F|
|poke|p1|Venusaur, F|
|poke|p1|Heatran, M|
|poke|p1|Chansey, F|
|poke|p1|Charizard, M|
|poke|p1|Espeon, M|
|poke|p2|Tapu Fini|
|poke|p2|Toxapex, M|
|poke|p2|Clefable, M|
|poke|p2|Tornadus-Therian, M|
|poke|p2|Buzzwole|
|poke|p2|Slowking-Galar, F|
|teampreview
|inactive|Battle timer is ON: inactive players will automatically lose when time's up. (requested by someidiot19)
|
|t:|1667153250
|start
|switch|p1a: Chansey|Chansey, F|100/100
|switch|p2a: Slowking|Slowking-Galar, F|100/100
|turn|1
|
|t:|1667153257
|move|p2a: Slowking|Future Sight|p1a: Chansey
|-start|p2a: Slowking|move: Future Sight
|move|p1a: Chansey|Teleport|p1a: Chansey
|
|t:|1667153260
|switch|p1a: Torkoal|Torkoal, F|100/100|[from]move: Teleport
|-weather|SunnyDay|[from] ability: Drought|[of] p1a: Torkoal
|
|-weather|SunnyDay|[upkeep]
|upkeep
|turn|2
|
|t:|1667153265
|switch|p1a: Heatran|Heatran, M|100/100
|move|p2a: Slowking|Sludge Bomb|p1a: Heatran
|-immune|p1a: Heatran
|
|-weather|SunnyDay|[upkeep]
|upkeep
|turn|3
|
|t:|1667153277
|switch|p2a: Tapu Fini|Tapu Fini|100/100
|-fieldstart|move: Misty Terrain|[from] ability: Misty Surge|[of] p2a: Tapu Fini
|move|p1a: Heatran|Stealth Rock|p2a: Tapu Fini
|-sidestart|p2: Pafagel|move: Stealth Rock
|
|-weather|SunnyDay|[upkeep]
|-end|p1a: Heatran|move: Future Sight
|-resisted|p1a: Heatran
|-damage|p1a: Heatran|73/100
|-heal|p1a: Heatran|79/100|[from] item: Leftovers
|upkeep
|turn|4
|
|t:|1667153287
|switch|p1a: Venusaur|Venusaur, F|100/100
|move|p2a: Tapu Fini|Trick|p1a: Venusaur
|-activate|p2a: Tapu Fini|move: Trick|[of] p1a: Venusaur
|-item|p1a: Venusaur|Choice Scarf|[from] move: Trick
|-item|p2a: Tapu Fini|Life Orb|[from] move: Trick
|
|-weather|SunnyDay|[upkeep]
|upkeep
|turn|5
|
|t:|1667153298
|switch|p1a: Chansey|Chansey, F|100/100
|switch|p2a: Slowking|Slowking-Galar, F|100/100
|-damage|p2a: Slowking|88/100|[from] Stealth Rock
|
|-weather|SunnyDay|[upkeep]
|upkeep
|turn|6
|
|t:|1667153304
|move|p2a: Slowking|Future Sight|p1a: Chansey
|-start|p2a: Slowking|move: Future Sight
|move|p1a: Chansey|Teleport|p1a: Chansey
|
|t:|1667153314
|switch|p1a: Charizard|Charizard, M, shiny|100/100|[from]move: Teleport
|
|-weather|SunnyDay|[upkeep]
|-damage|p1a: Charizard|88/100|[from] ability: Solar Power|[of] p1a: Charizard
|upkeep
|turn|7
|
|t:|1667153321
|move|p1a: Charizard|Overheat|p2a: Slowking
|-damage|p2a: Slowking|0 fnt
|-unboost|p1a: Charizard|spa|2
|faint|p2a: Slowking
|
|-weather|SunnyDay|[upkeep]
|-damage|p1a: Charizard|76/100|[from] ability: Solar Power|[of] p1a: Charizard
|-fieldend|Misty Terrain
|upkeep
|
|t:|1667153325
|switch|p2a: Tornadus|Tornadus-Therian, M|100/100
|turn|8
|
|t:|1667153328
|switch|p1a: Chansey|Chansey, F|100/100
|move|p2a: Tornadus|Defog|p1a: Chansey
|-unboost|p1a: Chansey|evasion|1
|-sideend|p2: Pafagel|Stealth Rock|[from] move: Defog|[of] p2a: Tornadus
|
|-weather|none
|-end|p1a: Chansey|move: Future Sight
|-damage|p1a: Chansey|83/100
|upkeep
|turn|9
|
|t:|1667153331
|move|p2a: Tornadus|Knock Off|p1a: Chansey
|-damage|p1a: Chansey|70/100
|-enditem|p1a: Chansey|Eviolite|[from] move: Knock Off|[of] p2a: Tornadus
|move|p1a: Chansey|Thunder Wave|p2a: Tornadus
|-status|p2a: Tornadus|par
|
|upkeep
|turn|10
|
|t:|1667153336
|switch|p2a: Tapu Fini|Tapu Fini|100/100
|-fieldstart|move: Misty Terrain|[from] ability: Misty Surge|[of] p2a: Tapu Fini
|move|p1a: Chansey|Teleport|p1a: Chansey
|
|t:|1667153340
|switch|p1a: Torkoal|Torkoal, F|100/100|[from]move: Teleport
|-weather|SunnyDay|[from] ability: Drought|[of] p1a: Torkoal
|
|-weather|SunnyDay|[upkeep]
|upkeep
|turn|11
|
|t:|1667153346
|switch|p1a: Venusaur|Venusaur, F|100/100
|move|p2a: Tapu Fini|Surf|p1a: Venusaur
|-resisted|p1a: Venusaur
|-damage|p1a: Venusaur|87/100
|-damage|p2a: Tapu Fini|91/100|[from] item: Life Orb
|
|-weather|SunnyDay|[upkeep]
|upkeep
|turn|12
|
|t:|1667153353
|switch|p1a: Charizard|Charizard, M, shiny|76/100
|switch|p2a: Toxapex|Toxapex, M|100/100
|
|-weather|SunnyDay|[upkeep]
|-damage|p1a: Charizard|63/100|[from] ability: Solar Power|[of] p1a: Charizard
|upkeep
|turn|13
|
|t:|1667153361
|switch|p1a: Venusaur|Venusaur, F|87/100
|move|p2a: Toxapex|Recover||[still]
|-fail|p2a: Toxapex|heal
|
|-weather|SunnyDay|[upkeep]
|upkeep
|turn|14
|
|t:|1667153372
|move|p1a: Venusaur|Earth Power|p2a: Toxapex
|-supereffective|p2a: Toxapex
|-damage|p2a: Toxapex|55/100
|move|p2a: Toxapex|Recover|p2a: Toxapex
|-heal|p2a: Toxapex|100/100
|
|-weather|SunnyDay|[upkeep]
|-fieldend|Misty Terrain
|upkeep
|turn|15
|
|t:|1667153377
|switch|p1a: Charizard|Charizard, M, shiny|63/100
|move|p2a: Toxapex|Toxic|p1a: Charizard
|-status|p1a: Charizard|tox
|
|-weather|SunnyDay|[upkeep]
|-damage|p1a: Charizard|51/100 tox|[from] ability: Solar Power|[of] p1a: Charizard
|-damage|p1a: Charizard|45/100 tox|[from] psn
|upkeep
|turn|16
|
|t:|1667153385
|switch|p1a: Espeon|Espeon, M|100/100
|move|p2a: Toxapex|Recover||[still]
|-fail|p2a: Toxapex|heal
|
|-weather|SunnyDay|[upkeep]
|upkeep
|turn|17
|
|t:|1667153391
|move|p1a: Espeon|Psyshock|p2a: Toxapex
|-supereffective|p2a: Toxapex
|-damage|p2a: Toxapex|34/100
|-damage|p1a: Espeon|91/100|[from] item: Life Orb
|move|p2a: Toxapex|Scald|p1a: Espeon
|-damage|p1a: Espeon|79/100
|-status|p1a: Espeon|brn
|
|-weather|none
|-damage|p1a: Espeon|74/100 brn|[from] brn
|upkeep
|turn|18
|
|t:|1667153396
|switch|p2a: Tornadus|Tornadus-Therian, M|100/100 par
|move|p1a: Espeon|Psyshock|p2a: Tornadus
|-damage|p2a: Tornadus|40/100 par
|-damage|p1a: Espeon|64/100 brn|[from] item: Life Orb
|
|-damage|p1a: Espeon|58/100 brn|[from] brn
|upkeep
|turn|19
|
|t:|1667153410
|move|p1a: Espeon|Psyshock|p2a: Tornadus
|-damage|p2a: Tornadus|0 fnt
|faint|p2a: Tornadus
|-damage|p1a: Espeon|48/100 brn|[from] item: Life Orb
|
|-damage|p1a: Espeon|42/100 brn|[from] brn
|upkeep
|
|t:|1667153414
|switch|p2a: Tapu Fini|Tapu Fini|91/100
|-fieldstart|move: Misty Terrain|[from] ability: Misty Surge|[of] p2a: Tapu Fini
|turn|20
|
|t:|1667153418
|switch|p1a: Venusaur|Venusaur, F|87/100
|move|p2a: Tapu Fini|Moonblast|p1a: Venusaur
|-resisted|p1a: Venusaur
|-damage|p1a: Venusaur|58/100
|-damage|p2a: Tapu Fini|81/100|[from] item: Life Orb
|
|upkeep
|turn|21
|
|t:|1667153425
|switch|p2a: Toxapex|Toxapex, M|67/100
|move|p1a: Venusaur|Earth Power|p2a: Toxapex
|-supereffective|p2a: Toxapex
|-damage|p2a: Toxapex|20/100
|
|upkeep
|turn|22
|
|t:|1667153431
|switch|p1a: Heatran|Heatran, M|79/100
|switch|p2a: Buzzwole|Buzzwole|100/100
|
|-heal|p1a: Heatran|85/100|[from] item: Leftovers
|upkeep
|turn|23
|
|t:|1667153437
|switch|p2a: Tapu Fini|Tapu Fini|81/100
|move|p1a: Heatran|Stealth Rock|p2a: Tapu Fini
|-sidestart|p2: Pafagel|move: Stealth Rock
|
|-heal|p1a: Heatran|91/100|[from] item: Leftovers
|upkeep
|turn|24
|
|t:|1667153442
|switch|p2a: Clefable|Clefable, M|100/100
|switch|p1a: Chansey|Chansey, F|70/100
|
|-fieldend|Misty Terrain
|upkeep
|turn|25
|
|t:|1667153450
|switch|p2a: Tapu Fini|Tapu Fini|81/100
|-damage|p2a: Tapu Fini|68/100|[from] Stealth Rock
|-fieldstart|move: Misty Terrain|[from] ability: Misty Surge|[of] p2a: Tapu Fini
|move|p1a: Chansey|Thunder Wave|p2a: Tapu Fini
|-activate|p2a: Tapu Fini|move: Misty Terrain
|
|upkeep
|turn|26
|
|t:|1667153457
|switch|p2a: Clefable|Clefable, M|100/100
|switch|p1a: Torkoal|Torkoal, F|100/100
|-weather|SunnyDay|[from] ability: Drought|[of] p1a: Torkoal
|
|-weather|SunnyDay|[upkeep]
|upkeep
|turn|27
|
|t:|1667153462
|switch|p1a: Charizard|Charizard, M, shiny|45/100 tox
|move|p2a: Clefable|Calm Mind|p2a: Clefable
|-boost|p2a: Clefable|spa|1
|-boost|p2a: Clefable|spd|1
|
|-weather|SunnyDay|[upkeep]
|-damage|p1a: Charizard|32/100 tox|[from] ability: Solar Power|[of] p1a: Charizard
|-damage|p1a: Charizard|26/100 tox|[from] psn
|upkeep
|turn|28
|
|t:|1667153465
|move|p1a: Charizard|Overheat|p2a: Clefable
|-damage|p2a: Clefable|0 fnt
|-unboost|p1a: Charizard|spa|2
|faint|p2a: Clefable
|
|-weather|SunnyDay|[upkeep]
|-damage|p1a: Charizard|14/100 tox|[from] ability: Solar Power|[of] p1a: Charizard
|-damage|p1a: Charizard|2/100 tox|[from] psn
|upkeep
|
|t:|1667153472
|switch|p2a: Toxapex|Toxapex, M|53/100
|-damage|p2a: Toxapex|41/100|[from] Stealth Rock
|turn|29
|
|t:|1667153476
|switch|p1a: Venusaur|Venusaur, F|58/100
|move|p2a: Toxapex|Recover|p2a: Toxapex
|-heal|p2a: Toxapex|91/100
|
|-weather|SunnyDay|[upkeep]
|-fieldend|Misty Terrain
|upkeep
|turn|30
|
|t:|1667153482
|move|p1a: Venusaur|Earth Power|p2a: Toxapex
|-supereffective|p2a: Toxapex
|-crit|p2a: Toxapex
|-damage|p2a: Toxapex|22/100
|move|p2a: Toxapex|Recover|p2a: Toxapex
|-heal|p2a: Toxapex|72/100
|
|-weather|SunnyDay|[upkeep]
|upkeep
|turn|31
|
|t:|1667153488
|move|p1a: Venusaur|Earth Power|p2a: Toxapex
|-supereffective|p2a: Toxapex
|-damage|p2a: Toxapex|28/100
|move|p2a: Toxapex|Recover|p2a: Toxapex
|-heal|p2a: Toxapex|78/100
|
|-weather|SunnyDay|[upkeep]
|upkeep
|turn|32
|
|t:|1667153491
|switch|p2a: Buzzwole|Buzzwole|100/100
|-damage|p2a: Buzzwole|88/100|[from] Stealth Rock
|move|p1a: Venusaur|Earth Power|p2a: Buzzwole
|-resisted|p2a: Buzzwole
|-damage|p2a: Buzzwole|72/100
|
|-weather|SunnyDay|[upkeep]
|upkeep
|turn|33
|
|t:|1667153499
|switch|p1a: Heatran|Heatran, M|91/100
|move|p2a: Buzzwole|Close Combat|p1a: Heatran
|-supereffective|p1a: Heatran
|-damage|p1a: Heatran|10/100
|-unboost|p2a: Buzzwole|def|1
|-unboost|p2a: Buzzwole|spd|1
|
|-weather|none
|-heal|p1a: Heatran|16/100|[from] item: Leftovers
|upkeep
|turn|34
|
|t:|1667153509
|switch|p2a: Toxapex|Toxapex, M|100/100
|-damage|p2a: Toxapex|88/100|[from] Stealth Rock
|move|p1a: Heatran|Lava Plume|p2a: Toxapex
|-resisted|p2a: Toxapex
|-damage|p2a: Toxapex|74/100
|
|-heal|p1a: Heatran|22/100|[from] item: Leftovers
|upkeep
|turn|35
|
|t:|1667153512
|switch|p1a: Torkoal|Torkoal, F|100/100
|-weather|SunnyDay|[from] ability: Drought|[of] p1a: Torkoal
|move|p2a: Toxapex|Scald|p1a: Torkoal
|-supereffective|p1a: Torkoal
|-damage|p1a: Torkoal|78/100
|
|-weather|SunnyDay|[upkeep]
|upkeep
|turn|36
|
|t:|1667153517
|switch|p1a: Venusaur|Venusaur, F|58/100
|move|p2a: Toxapex|Toxic|p1a: Venusaur
|-immune|p1a: Venusaur
|
|-weather|SunnyDay|[upkeep]
|upkeep
|turn|37
|
|t:|1667153520
|move|p1a: Venusaur|Earth Power|p2a: Toxapex
|-supereffective|p2a: Toxapex
|-damage|p2a: Toxapex|29/100
|move|p2a: Toxapex|Recover|p2a: Toxapex
|-heal|p2a: Toxapex|79/100
|
|-weather|SunnyDay|[upkeep]
|upkeep
|turn|38
|
|t:|1667153527
|move|p1a: Venusaur|Earth Power|p2a: Toxapex
|-supereffective|p2a: Toxapex
|-damage|p2a: Toxapex|37/100
|move|p2a: Toxapex|Recover|p2a: Toxapex
|-heal|p2a: Toxapex|87/100
|
|-weather|SunnyDay|[upkeep]
|upkeep
|turn|39
|
|t:|1667153530
|switch|p2a: Buzzwole|Buzzwole|72/100
|-damage|p2a: Buzzwole|59/100|[from] Stealth Rock
|move|p1a: Venusaur|Earth Power|p2a: Buzzwole
|-resisted|p2a: Buzzwole
|-damage|p2a: Buzzwole|41/100
|
|-weather|SunnyDay|[upkeep]
|upkeep
|turn|40
|
|t:|1667153542
|switch|p1a: Heatran|Heatran, M|22/100
|move|p2a: Buzzwole|Roost|p2a: Buzzwole
|-heal|p2a: Buzzwole|92/100
|-singleturn|p2a: Buzzwole|move: Roost
|
|-weather|SunnyDay|[upkeep]
|-heal|p1a: Heatran|28/100|[from] item: Leftovers
|upkeep
|turn|41
|
|t:|1667153548
|switch|p2a: Toxapex|Toxapex, M|100/100
|-damage|p2a: Toxapex|88/100|[from] Stealth Rock
|move|p1a: Heatran|Lava Plume|p2a: Toxapex
|-resisted|p2a: Toxapex
|-damage|p2a: Toxapex|68/100
|
|-weather|SunnyDay|[upkeep]
|-heal|p1a: Heatran|34/100|[from] item: Leftovers
|upkeep
|turn|42
|
|t:|1667153551
|move|p1a: Heatran|Lava Plume|p2a: Toxapex
|-resisted|p2a: Toxapex
|-damage|p2a: Toxapex|45/100
|move|p2a: Toxapex|Scald|p1a: Heatran
|-supereffective|p1a: Heatran
|-damage|p1a: Heatran|19/100
|
|-weather|none
|-heal|p1a: Heatran|25/100|[from] item: Leftovers
|upkeep
|turn|43
|
|t:|1667153556
|move|p1a: Heatran|Lava Plume|p2a: Toxapex
|-resisted|p2a: Toxapex
|-damage|p2a: Toxapex|30/100
|move|p2a: Toxapex|Scald|p1a: Heatran
|-supereffective|p1a: Heatran
|-damage|p1a: Heatran|0 fnt
|faint|p1a: Heatran
|
|upkeep
|
|t:|1667153559
|switch|p1a: Espeon|Espeon, M|42/100 brn
|turn|44
|
|t:|1667153567
|switch|p2a: Tapu Fini|Tapu Fini|68/100
|-damage|p2a: Tapu Fini|56/100|[from] Stealth Rock
|-fieldstart|move: Misty Terrain|[from] ability: Misty Surge|[of] p2a: Tapu Fini
|move|p1a: Espeon|Psyshock|p2a: Tapu Fini
|-damage|p2a: Tapu Fini|0 fnt
|faint|p2a: Tapu Fini
|-damage|p1a: Espeon|32/100 brn|[from] item: Life Orb
|
|-damage|p1a: Espeon|26/100 brn|[from] brn
|upkeep
|
|t:|1667153573
|switch|p2a: Buzzwole|Buzzwole|92/100
|-damage|p2a: Buzzwole|79/100|[from] Stealth Rock
|turn|45
|
|t:|1667153577
|move|p1a: Espeon|Dazzling Gleam|p2a: Buzzwole
|-supereffective|p2a: Buzzwole
|-damage|p2a: Buzzwole|0 fnt
|faint|p2a: Buzzwole
|-damage|p1a: Espeon|16/100 brn|[from] item: Life Orb
|
|-damage|p1a: Espeon|10/100 brn|[from] brn
|upkeep
|
|t:|1667153579
|switch|p2a: Toxapex|Toxapex, M|64/100
|-damage|p2a: Toxapex|51/100|[from] Stealth Rock
|turn|46
|
|t:|1667153582
|move|p1a: Espeon|Psyshock|p2a: Toxapex
|-supereffective|p2a: Toxapex
|-damage|p2a: Toxapex|0 fnt
|faint|p2a: Toxapex
|-damage|p1a: Espeon|0 fnt|[from] item: Life Orb
|faint|p1a: Espeon
|
|win|someidiot19
|raw|someidiot19's rating: 1610 &rarr; <strong>1626</strong><br />(+16 for winning)
|raw|Pafagel's rating: 1544 &rarr; <strong>1528</strong><br />(-16 for losing)
|l|☆Pafagel
