|raw|<div class="broadcast-blue"><strong>This battle is required to be public due to a player having a name starting with 'lt81yl'.</div>
|j|☆LT81YL Skip
|j|‽not mb
|t:|1625625668
|gametype|singles
|player|p1|LT81YL Skip|skyla|1807
|player|p2|not mb|#splxiclassiest|1892
|teamsize|p1|6
|teamsize|p2|6
|gen|8
|tier|[Gen 8] OU
|rated|
|rule|Sleep Clause Mod: Limit one foe put to sleep
|rule|Species Clause: Limit one of each Pokémon
|rule|OHKO Clause: OHKO moves are banned
|rule|Evasion Moves Clause: Evasion moves are banned
|rule|Endless Battle Clause: Forcing endless battles is banned
|rule|HP Percentage Mod: HP is shown in percentages
|rule|Dynamax Clause: You cannot dynamax
|clearpoke
|poke|p1|Tapu Lele|
|poke|p1|Victini|
|poke|p1|Weavile, M|
|poke|p1|Landorus-Therian, M|
|poke|p1|Ferrothorn, M|
|poke|p1|Tapu Fini|
|poke|p2|Tapu Lele|
|poke|p2|Landorus-Therian, M|
|poke|p2|Zapdos|
|poke|p2|Volcanion|
|poke|p2|Dragapult, M|
|poke|p2|Melmetal|
|teampreview
|inactive|Battle timer is ON: inactive players will automatically lose when time's up. (requested by LT81YL Skip)
|
|t:|1625625707
|start
|switch|p1a: Landorus|Landorus-Therian, M|100/100
|switch|p2a: Landorus|Landorus-Therian, M|100/100
|-ability|p2a: Landorus|Intimidate|boost
|-unboost|p1a: Landorus|atk|1
|-ability|p1a: Landorus|Intimidate|boost
|-unboost|p2a: Landorus|atk|1
|turn|1
|
|t:|1625625720
|move|p2a: Landorus|Knock Off|p1a: Landorus
|-damage|p1a: Landorus|82/100
|-damage|p2a: Landorus|84/100|[from] item: Rocky Helmet|[of] p1a: Landorus
|-enditem|p1a: Landorus|Rocky Helmet|[from] move: Knock Off|[of] p2a: Landorus
|move|p1a: Landorus|Toxic|p2a: Landorus
|-status|p2a: Landorus|tox
|
|-heal|p2a: Landorus|90/100 tox|[from] item: Leftovers
|-damage|p2a: Landorus|84/100 tox|[from] psn
|upkeep
|turn|2
|
|t:|1625625723
|move|p2a: Landorus|Stealth Rock|p1a: Landorus
|-sidestart|p1: LT81YL Skip|move: Stealth Rock
|move|p1a: Landorus|Stealth Rock|p2a: Landorus
|-sidestart|p2: not mb|move: Stealth Rock
|
|-heal|p2a: Landorus|90/100 tox|[from] item: Leftovers
|-damage|p2a: Landorus|78/100 tox|[from] psn
|upkeep
|turn|3
|
|t:|1625625731
|move|p2a: Landorus|U-turn|p1a: Landorus
|-resisted|p1a: Landorus
|-crit|p1a: Landorus
|-damage|p1a: Landorus|67/100
|
|t:|1625625734
|switch|p2a: Melmetal|Melmetal|100/100|[from]move: U-turn
|-damage|p2a: Melmetal|94/100|[from] Stealth Rock
|move|p1a: Landorus|U-turn|p2a: Melmetal
|-resisted|p2a: Melmetal
|-damage|p2a: Melmetal|90/100
|
|t:|1625625737
|switch|p1a: Victini|Victini|100/100|[from]move: U-turn
|
|-heal|p2a: Melmetal|96/100|[from] item: Leftovers
|upkeep
|turn|4
|
|t:|1625625749
|move|p2a: Melmetal|Protect|p2a: Melmetal
|-singleturn|p2a: Melmetal|Protect
|move|p1a: Victini|V-create|p2a: Melmetal
|-activate|p2a: Melmetal|move: Protect
|
|-heal|p2a: Melmetal|100/100|[from] item: Leftovers
|upkeep
|turn|5
|
|t:|1625625759
|move|p1a: Victini|V-create|p2a: Melmetal
|-supereffective|p2a: Melmetal
|-damage|p2a: Melmetal|17/100
|-unboost|p1a: Victini|spe|1
|-unboost|p1a: Victini|def|1
|-unboost|p1a: Victini|spd|1
|move|p2a: Melmetal|Earthquake|p1a: Victini
|-supereffective|p1a: Victini
|-damage|p1a: Victini|0 fnt
|faint|p1a: Victini
|
|-heal|p2a: Melmetal|23/100|[from] item: Leftovers
|upkeep
|
|t:|1625625767
|switch|p1a: Landorus|Landorus-Therian, M|67/100
|-damage|p1a: Landorus|55/100|[from] Stealth Rock
|-ability|p1a: Landorus|Intimidate|boost
|-unboost|p2a: Melmetal|atk|1
|turn|6
|
|t:|1625625771
|move|p2a: Melmetal|Protect|p2a: Melmetal
|-singleturn|p2a: Melmetal|Protect
|move|p1a: Landorus|Earthquake|p2a: Melmetal
|-activate|p2a: Melmetal|move: Protect
|
|-heal|p2a: Melmetal|29/100|[from] item: Leftovers
|upkeep
|turn|7
|
|t:|1625625781
|switch|p2a: Zapdos|Zapdos|100/100
|move|p1a: Landorus|Earthquake|p2a: Zapdos
|-immune|p2a: Zapdos
|
|upkeep
|turn|8
|
|t:|1625625806
|move|p2a: Zapdos|Hurricane|p1a: Landorus
|-damage|p1a: Landorus|19/100
|move|p1a: Landorus|Toxic|p2a: Zapdos
|-status|p2a: Zapdos|tox
|
|-damage|p2a: Zapdos|94/100 tox|[from] psn
|upkeep
|turn|9
|
|t:|1625625814
|switch|p1a: Ferrothorn|Ferrothorn, M|100/100
|-damage|p1a: Ferrothorn|94/100|[from] Stealth Rock
|move|p2a: Zapdos|Hurricane|p1a: Ferrothorn
|-damage|p1a: Ferrothorn|63/100
|-start|p1a: Ferrothorn|confusion
|
|-damage|p2a: Zapdos|82/100 tox|[from] psn
|upkeep
|turn|10
|
|t:|1625625820
|move|p2a: Zapdos|Volt Switch|p1a: Ferrothorn
|-resisted|p1a: Ferrothorn
|-damage|p1a: Ferrothorn|53/100
|
|t:|1625625822
|switch|p2a: Volcanion|Volcanion|100/100|[from]move: Volt Switch
|-activate|p1a: Ferrothorn|confusion
|move|p1a: Ferrothorn|Leech Seed|p2a: Volcanion
|-start|p2a: Volcanion|move: Leech Seed
|
|-damage|p2a: Volcanion|88/100|[from] Leech Seed|[of] p1a: Ferrothorn
|-heal|p1a: Ferrothorn|63/100|[silent]
|upkeep
|turn|11
|
|t:|1625625833
|switch|p2a: Zapdos|Zapdos|82/100 tox
|switch|p1a: Tapu Fini|Tapu Fini|100/100
|-damage|p1a: Tapu Fini|88/100|[from] Stealth Rock
|-fieldstart|move: Misty Terrain|[from] ability: Misty Surge|[of] p1a: Tapu Fini
|
|-damage|p2a: Zapdos|76/100 tox|[from] psn
|upkeep
|turn|12
|
|t:|1625625850
|move|p1a: Tapu Fini|Moonblast|p2a: Zapdos
|-damage|p2a: Zapdos|38/100 tox
|move|p2a: Zapdos|Volt Switch|p1a: Tapu Fini
|-supereffective|p1a: Tapu Fini
|-damage|p1a: Tapu Fini|35/100
|
|t:|1625625853
|switch|p2a: Volcanion|Volcanion|88/100|[from]move: Volt Switch
|
|upkeep
|turn|13
|
|t:|1625625864
|move|p1a: Tapu Fini|Moonblast|p2a: Volcanion
|-resisted|p2a: Volcanion
|-damage|p2a: Volcanion|64/100
|-unboost|p2a: Volcanion|spa|1
|move|p2a: Volcanion|Sludge Bomb|p1a: Tapu Fini
|-supereffective|p1a: Tapu Fini
|-damage|p1a: Tapu Fini|0 fnt
|faint|p1a: Tapu Fini
|
|upkeep
|
|t:|1625625867
|switch|p1a: Tapu Lele|Tapu Lele|100/100
|-fieldstart|move: Psychic Terrain|[from] ability: Psychic Surge|[of] p1a: Tapu Lele
|turn|14
|
|t:|1625625894
|switch|p2a: Melmetal|Melmetal|29/100
|-damage|p2a: Melmetal|23/100|[from] Stealth Rock
|move|p1a: Tapu Lele|Psyshock|p2a: Melmetal
|-resisted|p2a: Melmetal
|-damage|p2a: Melmetal|5/100
|
|-heal|p2a: Melmetal|11/100|[from] item: Leftovers
|upkeep
|turn|15
|
|t:|1625625907
|move|p1a: Tapu Lele|Psyshock|p2a: Melmetal
|-resisted|p2a: Melmetal
|-damage|p2a: Melmetal|0 fnt
|faint|p2a: Melmetal
|
|upkeep
|inactive|not mb has 120 seconds left.
|
|t:|1625625928
|switch|p2a: Dragapult|Dragapult, M|100/100
|-damage|p2a: Dragapult|88/100|[from] Stealth Rock
|turn|16
|
|t:|1625625943
|switch|p1a: Weavile|Weavile, M|100/100
|-ability|p1a: Weavile|Pressure
|move|p2a: Dragapult|U-turn|p1a: Weavile
|-supereffective|p1a: Weavile
|-damage|p1a: Weavile|0 fnt
|faint|p1a: Weavile
|inactive|not mb has 120 seconds left.
|
|t:|1625625949
|switch|p2a: Tapu Lele|Tapu Lele|100/100|[from]move: U-turn
|-damage|p2a: Tapu Lele|88/100|[from] Stealth Rock
|
|upkeep
|
|t:|1625625956
|switch|p1a: Tapu Lele|Tapu Lele|100/100
|turn|17
|
|t:|1625625958
|move|p2a: Tapu Lele|Moonblast|p1a: Tapu Lele
|-damage|p1a: Tapu Lele|41/100
|move|p1a: Tapu Lele|Moonblast|p2a: Tapu Lele
|-damage|p2a: Tapu Lele|29/100
|
|upkeep
|turn|18
|
|t:|1625625962
|switch|p1a: Ferrothorn|Ferrothorn, M|63/100
|-damage|p1a: Ferrothorn|57/100|[from] Stealth Rock
|move|p2a: Tapu Lele|Moonblast|p1a: Ferrothorn
|-resisted|p1a: Ferrothorn
|-damage|p1a: Ferrothorn|39/100
|
|-fieldend|move: Psychic Terrain
|upkeep
|turn|19
|
|t:|1625625966
|switch|p2a: Volcanion|Volcanion|64/100
|move|p1a: Ferrothorn|Gyro Ball|p2a: Volcanion
|-resisted|p2a: Volcanion
|-damage|p2a: Volcanion|53/100
|
|upkeep
|turn|20
|
|t:|1625625971
|switch|p1a: Landorus|Landorus-Therian, M|19/100
|-damage|p1a: Landorus|6/100|[from] Stealth Rock
|-ability|p1a: Landorus|Intimidate|boost
|-unboost|p2a: Volcanion|atk|1
|move|p2a: Volcanion|Flamethrower|p1a: Landorus
|-damage|p1a: Landorus|0 fnt
|faint|p1a: Landorus
|
|upkeep
|
|t:|1625625973
|switch|p1a: Tapu Lele|Tapu Lele|41/100
|-fieldstart|move: Psychic Terrain|[from] ability: Psychic Surge|[of] p1a: Tapu Lele
|turn|21
|
|t:|1625625976
|switch|p2a: Zapdos|Zapdos|38/100 tox
|move|p1a: Tapu Lele|Psyshock|p2a: Zapdos
|-damage|p2a: Zapdos|0 fnt
|faint|p2a: Zapdos
|
|upkeep
|-message|LT81YL Skip forfeited.
|
|win|not mb
|raw|LT81YL Skip's rating: 1807 &rarr; <strong>1792</strong><br />(-15 for losing)
|raw|not mb's rating: 1892 &rarr; <strong>1907</strong><br />(+15 for winning)
|l|☆LT81YL Skip
|j| Dijkztra
