|j|☆Spider-Man NWH
|j|☆A3720
|t:|1649026945
|gametype|singles
|player|p1|Spider-Man NWH|102|1545
|player|p2|A3720|101|1570
|teamsize|p1|6
|teamsize|p2|6
|gen|8
|tier|[Gen 8] OU
|rated|
|rule|Sleep Clause Mod: Limit one foe put to sleep
|rule|Species Clause: Limit one of each Pokémon
|rule|OHKO Clause: OHKO moves are banned
|rule|Evasion Moves Clause: Evasion moves are banned
|rule|Endless Battle Clause: Forcing endless battles is banned
|rule|HP Percentage Mod: HP is shown in percentages
|rule|Dynamax Clause: You cannot dynamax
|clearpoke
|poke|p1|Tapu Lele|
|poke|p1|Polteageist|
|poke|p1|Swampert, M|
|poke|p1|Buzzwole|
|poke|p1|Incineroar, F|
|poke|p1|Zapdos|
|poke|p2|Thundurus, M|
|poke|p2|Garchomp, M|
|poke|p2|Melmetal|
|poke|p2|Mew|
|poke|p2|Dragapult, F|
|poke|p2|Kartana|
|teampreview
|inactive|Battle timer is ON: inactive players will automatically lose when time's up. (requested by Spider-Man NWH)
|
|t:|1649026970
|start
|switch|p1a: This Swole MF|Buzzwole|100/100
|switch|p2a: Mew|Mew|100/100
|turn|1
|inactive|A3720 has 120 seconds left.
|
|t:|1649027005
|move|p2a: Mew|Stealth Rock|p1a: This Swole MF
|-sidestart|p1: Spider-Man NWH|move: Stealth Rock
|move|p1a: This Swole MF|Substitute|p1a: This Swole MF
|-start|p1a: This Swole MF|Substitute
|-damage|p1a: This Swole MF|76/100
|
|-heal|p1a: This Swole MF|82/100|[from] item: Leftovers
|upkeep
|turn|2
|
|t:|1649027009
|move|p2a: Mew|Taunt|p1a: This Swole MF
|-start|p1a: This Swole MF|move: Taunt
|cant|p1a: This Swole MF|move: Taunt|Bulk Up
|
|-heal|p1a: This Swole MF|88/100|[from] item: Leftovers
|upkeep
|turn|3
|
|t:|1649027025
|move|p2a: Mew|Spikes|p1a: This Swole MF
|-sidestart|p1: Spider-Man NWH|Spikes
|move|p1a: This Swole MF|Leech Life|p2a: Mew
|-supereffective|p2a: Mew
|-damage|p2a: Mew|21/100
|-heal|p1a: This Swole MF|100/100|[from] drain|[of] p2a: Mew
|
|upkeep
|turn|4
|
|t:|1649027035
|move|p2a: Mew|Spikes|p1a: This Swole MF
|-sidestart|p1: Spider-Man NWH|Spikes
|move|p1a: This Swole MF|Leech Life|p2a: Mew
|-supereffective|p2a: Mew
|-damage|p2a: Mew|0 fnt
|faint|p2a: Mew
|-ability|p1a: This Swole MF|Beast Boost|boost
|-boost|p1a: This Swole MF|atk|1
|
|-end|p1a: This Swole MF|move: Taunt
|upkeep
|
|t:|1649027048
|switch|p2a: Thundurus|Thundurus, M, shiny|100/100
|turn|5
|
|t:|1649027052
|move|p2a: Thundurus|Thunderbolt|p1a: This Swole MF
|-end|p1a: This Swole MF|Substitute
|-damage|p2a: Thundurus|91/100|[from] item: Life Orb
|move|p1a: This Swole MF|Stone Edge|p2a: Thundurus
|-supereffective|p2a: Thundurus
|-damage|p2a: Thundurus|0 fnt
|faint|p2a: Thundurus
|-ability|p1a: This Swole MF|Beast Boost|boost
|-boost|p1a: This Swole MF|atk|1
|
|upkeep
|
|t:|1649027060
|switch|p2a: Dragapult|Dragapult, F|100/100
|turn|6
|
|t:|1649027070
|switch|p1a: Swampert|Swampert, M|100/100
|-damage|p1a: Swampert|94/100|[from] Stealth Rock
|-damage|p1a: Swampert|78/100|[from] Spikes
|move|p2a: Dragapult|Fire Blast|p1a: Swampert
|-resisted|p1a: Swampert
|-damage|p1a: Swampert|64/100
|-damage|p2a: Dragapult|91/100|[from] item: Life Orb
|
|-heal|p1a: Swampert|70/100|[from] item: Leftovers
|upkeep
|turn|7
|
|t:|1649027079
|move|p2a: Dragapult|Dragon Dance|p2a: Dragapult
|-boost|p2a: Dragapult|atk|1
|-boost|p2a: Dragapult|spe|1
|move|p1a: Swampert|Avalanche|p2a: Dragapult
|-supereffective|p2a: Dragapult
|-damage|p2a: Dragapult|31/100
|
|-heal|p1a: Swampert|76/100|[from] item: Leftovers
|upkeep
|turn|8
|
|t:|1649027086
|move|p2a: Dragapult|Dragon Darts|p1a: Swampert
|-damage|p1a: Swampert|23/100
|-anim|p2a: Dragapult|Dragon Darts|p1a: Swampert
|-damage|p1a: Swampert|0 fnt
|faint|p1a: Swampert
|-damage|p2a: Dragapult|22/100|[from] item: Life Orb
|
|upkeep
|
|t:|1649027099
|switch|p1a: Incineroar|Incineroar, F|100/100
|-damage|p1a: Incineroar|84/100|[from] Spikes
|-damage|p1a: Incineroar|59/100|[from] Stealth Rock
|-ability|p1a: Incineroar|Intimidate|boost
|-fail|p2a: Dragapult|unboost|[from] ability: Clear Body|[of] p2a: Dragapult
|turn|9
|
|t:|1649027106
|move|p2a: Dragapult|Dragon Darts|p1a: Incineroar
|-damage|p1a: Incineroar|6/100
|-anim|p2a: Dragapult|Dragon Darts|p1a: Incineroar
|-damage|p1a: Incineroar|0 fnt
|faint|p1a: Incineroar
|-damage|p2a: Dragapult|12/100|[from] item: Life Orb
|
|upkeep
|
|t:|1649027120
|switch|p1a: Tapu Lele|Tapu Lele|100/100
|-damage|p1a: Tapu Lele|88/100|[from] Stealth Rock
|-damage|p1a: Tapu Lele|71/100|[from] Spikes
|-fieldstart|move: Psychic Terrain|[from] ability: Psychic Surge|[of] p1a: Tapu Lele
|turn|10
|
|t:|1649027129
|move|p2a: Dragapult|Phantom Force||[still]
|-prepare|p2a: Dragapult|Phantom Force
|move|p1a: Tapu Lele|Psychic|p2a: Dragapult|[miss]
|-miss|p1a: Tapu Lele|p2a: Dragapult
|
|upkeep
|turn|11
|
|t:|1649027135
|switch|p1a: Hax Chikn|Zapdos|100/100
|-damage|p1a: Hax Chikn|76/100|[from] Stealth Rock
|move|p2a: Dragapult|Phantom Force|p1a: Hax Chikn|[from]lockedmove
|-damage|p1a: Hax Chikn|0 fnt
|-damage|p2a: Dragapult|0 fnt|[from] item: Rocky Helmet|[of] p1a: Hax Chikn
|faint|p1a: Hax Chikn
|faint|p2a: Dragapult
|
|upkeep
|j| Frank Lopez
|
|t:|1649027154
|switch|p2a: Melmetal|Melmetal|100/100
|switch|p1a: Sweep Tea|Polteageist|100/100
|-damage|p1a: Sweep Tea|88/100|[from] Stealth Rock
|-damage|p1a: Sweep Tea|72/100|[from] Spikes
|turn|12
|
|t:|1649027160
|move|p1a: Sweep Tea|Shadow Ball|p2a: Melmetal
|-damage|p2a: Melmetal|57/100
|-unboost|p2a: Melmetal|spd|1
|move|p2a: Melmetal|Double Iron Bash|p1a: Sweep Tea
|-damage|p1a: Sweep Tea|0 fnt
|faint|p1a: Sweep Tea
|-hitcount|p1: Sweep Tea|1
|
|upkeep
|
|t:|1649027167
|switch|p1a: Tapu Lele|Tapu Lele|71/100
|-damage|p1a: Tapu Lele|55/100|[from] Spikes
|-damage|p1a: Tapu Lele|42/100|[from] Stealth Rock
|turn|13
|
|t:|1649027191
|switch|p2a: Kartana|Kartana|100/100
|move|p1a: Tapu Lele|Focus Blast|p2a: Kartana|[miss]
|-miss|p1a: Tapu Lele|p2a: Kartana
|
|upkeep
|turn|14
|
|t:|1649027199
|switch|p1a: This Swole MF|Buzzwole|100/100
|-damage|p1a: This Swole MF|84/100|[from] Spikes
|-damage|p1a: This Swole MF|72/100|[from] Stealth Rock
|move|p2a: Kartana|Knock Off|p1a: This Swole MF
|-resisted|p1a: This Swole MF
|-damage|p1a: This Swole MF|62/100
|-enditem|p1a: This Swole MF|Leftovers|[from] move: Knock Off|[of] p2a: Kartana
|
|-fieldend|move: Psychic Terrain
|upkeep
|turn|15
|
|t:|1649027207
|switch|p2a: Garchomp|Garchomp, M|100/100
|move|p1a: This Swole MF|Bulk Up|p1a: This Swole MF
|-boost|p1a: This Swole MF|atk|1
|-boost|p1a: This Swole MF|def|1
|
|upkeep
|turn|16
|
|t:|1649027211
|move|p2a: Garchomp|Swords Dance|p2a: Garchomp
|-boost|p2a: Garchomp|atk|2
|move|p1a: This Swole MF|Leech Life|p2a: Garchomp
|-damage|p2a: Garchomp|27/100
|-heal|p1a: This Swole MF|94/100|[from] drain|[of] p2a: Garchomp
|-damage|p1a: This Swole MF|81/100|[from] ability: Rough Skin|[of] p2a: Garchomp
|
|upkeep
|turn|17
|
|t:|1649027214
|move|p2a: Garchomp|Fire Fang|p1a: This Swole MF
|-supereffective|p1a: This Swole MF
|-damage|p1a: This Swole MF|41/100
|move|p1a: This Swole MF|Leech Life|p2a: Garchomp
|-damage|p2a: Garchomp|0 fnt
|-heal|p1a: This Swole MF|52/100|[from] drain|[of] p2a: Garchomp
|-damage|p1a: This Swole MF|40/100|[from] ability: Rough Skin|[of] p2a: Garchomp
|faint|p2a: Garchomp
|-ability|p1a: This Swole MF|Beast Boost|boost
|-boost|p1a: This Swole MF|atk|1
|
|upkeep
|
|t:|1649027234
|switch|p2a: Melmetal|Melmetal|57/100
|turn|18
|
|t:|1649027238
|move|p1a: This Swole MF|Leech Life|p2a: Melmetal
|-resisted|p2a: Melmetal
|-damage|p2a: Melmetal|28/100
|-heal|p1a: This Swole MF|55/100|[from] drain|[of] p2a: Melmetal
|move|p2a: Melmetal|Double Iron Bash|p1a: This Swole MF
|-damage|p1a: This Swole MF|35/100
|-damage|p1a: This Swole MF|17/100
|-hitcount|p1a: This Swole MF|2
|
|upkeep
|turn|19
|
|t:|1649027248
|move|p1a: This Swole MF|Leech Life|p2a: Melmetal
|-resisted|p2a: Melmetal
|-damage|p2a: Melmetal|0 fnt
|-heal|p1a: This Swole MF|31/100|[from] drain|[of] p2a: Melmetal
|faint|p2a: Melmetal
|-ability|p1a: This Swole MF|Beast Boost|boost
|-boost|p1a: This Swole MF|atk|1
|
|upkeep
|
|t:|1649027250
|switch|p2a: Kartana|Kartana|100/100
|turn|20
|
|t:|1649027260
|move|p2a: Kartana|Leaf Blade|p1a: This Swole MF
|-resisted|p1a: This Swole MF
|-damage|p1a: This Swole MF|22/100
|move|p1a: This Swole MF|Leech Life|p2a: Kartana
|-damage|p2a: Kartana|0 fnt
|-heal|p1a: This Swole MF|53/100|[from] drain|[of] p2a: Kartana
|faint|p2a: Kartana
|
|win|Spider-Man NWH
|raw|Spider-Man NWH's rating: 1545 &rarr; <strong>1567</strong><br />(+22 for winning)
|raw|A3720's rating: 1587 &rarr; <strong>1565</strong><br />(-22 for losing)
|l|☆A3720
||Ladder isn't responding, score probably updated but might not have (Request timeout).
