|j|☆Iznamakin
|j|☆80sComedownMachine
|t:|1664169112
|gametype|singles
|player|p1|Iznamakin|chase|1682
|player|p2|80sComedownMachine|cyrus-masters|1749
|teamsize|p1|6
|teamsize|p2|6
|gen|8
|tier|[Gen 8] OU
|rated|
|rule|Sleep Clause Mod: Limit one foe put to sleep
|rule|Species Clause: Limit one of each Pokémon
|rule|OHKO Clause: OHKO moves are banned
|rule|Evasion Items Clause: Evasion items are banned
|rule|Evasion Moves Clause: Evasion moves are banned
|rule|Endless Battle Clause: Forcing endless battles is banned
|rule|HP Percentage Mod: HP is shown in percentages
|rule|Dynamax Clause: You cannot dynamax
|clearpoke
|poke|p1|Dragapult, M|
|poke|p1|Celesteela|
|poke|p1|Rillaboom, M|
|poke|p1|Bisharp, M|
|poke|p1|Blaziken, M|
|poke|p1|Nihilego|
|poke|p2|Melmetal|
|poke|p2|Weavile, M|
|poke|p2|Volcanion|
|poke|p2|Zapdos|
|poke|p2|Landorus-Therian, M|
|poke|p2|Kartana|
|teampreview
|inactive|Battle timer is ON: inactive players will automatically lose when time's up. (requested by Iznamakin)
|
|t:|1664169138
|start
|switch|p1a: Nihilego|Nihilego|100/100
|switch|p2a: Weavile|Weavile, M, shiny|100/100
|-ability|p2a: Weavile|Pressure
|turn|1
|
|t:|1664169152
|move|p2a: Weavile|Beat Up|p1a: Nihilego
|-damage|p1a: Nihilego|78/100
|-damage|p1a: Nihilego|52/100
|-damage|p1a: Nihilego|27/100
|-damage|p1a: Nihilego|7/100
|-damage|p1a: Nihilego|0 fnt
|faint|p1a: Nihilego
|-hitcount|p1: Nihilego|5
|
|upkeep
|
|t:|1664169155
|switch|p1a: Bishop|Bisharp, M, shiny|100/100
|turn|2
|
|t:|1664169168
|switch|p2a: Volcanion|Volcanion|100/100
|move|p1a: Bishop|Swords Dance|p1a: Bishop
|-boost|p1a: Bishop|atk|2
|
|upkeep
|turn|3
|
|t:|1664169173
|move|p1a: Bishop|Sucker Punch|p2a: Volcanion
|-damage|p2a: Volcanion|0 fnt
|faint|p2a: Volcanion
|-damage|p1a: Bishop|91/100|[from] item: Life Orb
|
|upkeep
|j| Dono3
|j| Attckurz
|inactive|80sComedownMachine has 120 seconds left.
|c|☆80sComedownMachine|dang i knew that was not guaranteed to kill
|inactive|80sComedownMachine has 90 seconds left.
|
|t:|1664169254
|switch|p2a: Melmetal|Melmetal|100/100
|turn|4
|c|☆Iznamakin|Bisharp hits like a truck man
|inactive|80sComedownMachine has 60 seconds left.
|c|☆80sComedownMachine|yeah i know, i calc'd for black glasses and it didnt kill
|c|☆80sComedownMachine|life orb 43% chance to kill me there
|j| Palladiawa A
|
|t:|1664169288
|move|p1a: Bishop|Knock Off|p2a: Melmetal
|-damage|p2a: Melmetal|22/100
|-enditem|p2a: Melmetal|Choice Band|[from] move: Knock Off|[of] p1a: Bishop
|-damage|p1a: Bishop|81/100|[from] item: Life Orb
|move|p2a: Melmetal|Superpower|p1a: Bishop
|-supereffective|p1a: Bishop
|-damage|p1a: Bishop|0 fnt
|-unboost|p2a: Melmetal|atk|1
|-unboost|p2a: Melmetal|def|1
|faint|p1a: Bishop
|
|upkeep
|
|t:|1664169301
|switch|p1a: Leviathan|Dragapult, M, shiny|100/100
|turn|5
|
|t:|1664169305
|move|p1a: Leviathan|Dragon Darts|p2a: Melmetal
|-resisted|p2a: Melmetal
|-damage|p2a: Melmetal|7/100
|-anim|p1a: Leviathan|Dragon Darts|p2a: Melmetal
|-resisted|p2a: Melmetal
|-damage|p2a: Melmetal|0 fnt
|faint|p2a: Melmetal
|-damage|p1a: Leviathan|91/100|[from] item: Life Orb
|
|upkeep
|inactive|80sComedownMachine has 60 seconds left.
|
|t:|1664169323
|switch|p2a: Kartana|Kartana|100/100
|turn|6
|
|t:|1664169329
|switch|p1a: Kong|Rillaboom, M, shiny|100/100
|-fieldstart|move: Grassy Terrain|[from] ability: Grassy Surge|[of] p1a: Kong
|move|p2a: Kartana|Knock Off|p1a: Kong
|-damage|p1a: Kong|52/100
|-enditem|p1a: Kong|Life Orb|[from] move: Knock Off|[of] p2a: Kartana
|
|-heal|p1a: Kong|58/100|[from] Grassy Terrain
|upkeep
|turn|7
|
|t:|1664169333
|switch|p2a: Zapdos|Zapdos|100/100
|switch|p1a: Leviathan|Dragapult, M, shiny|91/100
|
|-heal|p1a: Leviathan|97/100|[from] Grassy Terrain
|upkeep
|turn|8
|
|t:|1664169339
|switch|p2a: Kartana|Kartana|100/100
|move|p1a: Leviathan|Dragon Dance|p1a: Leviathan
|-boost|p1a: Leviathan|atk|1
|-boost|p1a: Leviathan|spe|1
|
|-heal|p1a: Leviathan|100/100|[from] Grassy Terrain
|upkeep
|turn|9
|
|t:|1664169346
|switch|p2a: Weavile|Weavile, M, shiny|100/100
|-ability|p2a: Weavile|Pressure
|move|p1a: Leviathan|Phantom Force||[still]
|-prepare|p1a: Leviathan|Phantom Force
|
|upkeep
|turn|10
|inactive|80sComedownMachine has 90 seconds left.
|
|t:|1664169359
|move|p1a: Leviathan|Phantom Force|p2a: Weavile|[from]lockedmove
|-resisted|p2a: Weavile
|-damage|p2a: Weavile|16/100
|-damage|p1a: Leviathan|91/100|[from] item: Life Orb
|move|p2a: Weavile|Triple Axel|p1a: Leviathan
|-supereffective|p1a: Leviathan
|-damage|p1a: Leviathan|47/100
|-supereffective|p1a: Leviathan
|-damage|p1a: Leviathan|0 fnt
|faint|p1a: Leviathan
|-hitcount|p1: Leviathan|2
|
|-heal|p2a: Weavile|22/100|[from] Grassy Terrain
|-fieldend|move: Grassy Terrain
|upkeep
|
|t:|1664169366
|switch|p1a: Destroyer|Blaziken, M, shiny|100/100
|turn|11
|
|t:|1664169370
|switch|p2a: Landorus|Landorus-Therian, M|100/100
|-ability|p2a: Landorus|Intimidate|boost
|-unboost|p1a: Destroyer|atk|1
|move|p1a: Destroyer|Protect||[still]
|-fail|p1a: Destroyer
|
|-ability|p1a: Destroyer|Speed Boost|boost
|-boost|p1a: Destroyer|spe|1
|upkeep
|turn|12
|
|t:|1664169379
|switch|p1a: Guardian Angel|Celesteela, shiny|100/100
|move|p2a: Landorus|U-turn|p1a: Guardian Angel
|-resisted|p1a: Guardian Angel
|-damage|p1a: Guardian Angel|95/100
|
|t:|1664169382
|switch|p2a: Zapdos|Zapdos|100/100|[from]move: U-turn
|
|upkeep
|turn|13
|
|t:|1664169385
|switch|p1a: Kong|Rillaboom, M, shiny|58/100
|-fieldstart|move: Grassy Terrain|[from] ability: Grassy Surge|[of] p1a: Kong
|move|p2a: Zapdos|Volt Switch|p1a: Kong
|-resisted|p1a: Kong
|-damage|p1a: Kong|35/100
|inactive|80sComedownMachine has 120 seconds left.
|
|t:|1664169410
|switch|p2a: Landorus|Landorus-Therian, M|100/100|[from]move: Volt Switch
|-ability|p2a: Landorus|Intimidate|boost
|-unboost|p1a: Kong|atk|1
|
|-heal|p1a: Kong|41/100|[from] Grassy Terrain
|upkeep
|turn|14
|
|t:|1664169414
|switch|p1a: Guardian Angel|Celesteela, shiny|95/100
|move|p2a: Landorus|U-turn|p1a: Guardian Angel
|-resisted|p1a: Guardian Angel
|-damage|p1a: Guardian Angel|90/100
|
|t:|1664169418
|switch|p2a: Zapdos|Zapdos|100/100|[from]move: U-turn
|
|upkeep
|turn|15
|
|t:|1664169422
|switch|p1a: Kong|Rillaboom, M, shiny|41/100
|move|p2a: Zapdos|Volt Switch|p1a: Kong
|-resisted|p1a: Kong
|-damage|p1a: Kong|16/100
|
|t:|1664169428
|switch|p2a: Kartana|Kartana|100/100|[from]move: Volt Switch
|
|-heal|p1a: Kong|22/100|[from] Grassy Terrain
|upkeep
|turn|16
|
|t:|1664169433
|move|p2a: Kartana|Sacred Sword|p1a: Kong
|-damage|p1a: Kong|0 fnt
|faint|p1a: Kong
|-ability|p2a: Kartana|Beast Boost|boost
|-boost|p2a: Kartana|atk|1
|
|upkeep
|
|t:|1664169435
|switch|p1a: Guardian Angel|Celesteela, shiny|90/100
|turn|17
|
|t:|1664169438
|move|p2a: Kartana|Sacred Sword|p1a: Guardian Angel
|-damage|p1a: Guardian Angel|35/100
|move|p1a: Guardian Angel|Flamethrower|p2a: Kartana
|-supereffective|p2a: Kartana
|-damage|p2a: Kartana|0 fnt
|faint|p2a: Kartana
|-ability|p1a: Guardian Angel|Beast Boost|boost
|-boost|p1a: Guardian Angel|spa|1
|
|-fieldend|move: Grassy Terrain
|upkeep
|
|t:|1664169449
|switch|p2a: Weavile|Weavile, M, shiny|22/100
|-ability|p2a: Weavile|Pressure
|turn|18
|
|t:|1664169452
|move|p2a: Weavile|Triple Axel|p1a: Guardian Angel
|-damage|p1a: Guardian Angel|19/100
|-damage|p1a: Guardian Angel|0 fnt
|faint|p1a: Guardian Angel
|-hitcount|p1: Guardian Angel|2
|
|upkeep
|
|t:|1664169454
|switch|p1a: Destroyer|Blaziken, M, shiny|100/100
|turn|19
|
|t:|1664169456
|switch|p2a: Landorus|Landorus-Therian, M|100/100
|-ability|p2a: Landorus|Intimidate|boost
|-unboost|p1a: Destroyer|atk|1
|move|p1a: Destroyer|Swords Dance|p1a: Destroyer
|-boost|p1a: Destroyer|atk|2
|
|-ability|p1a: Destroyer|Speed Boost|boost
|-boost|p1a: Destroyer|spe|1
|upkeep
|turn|20
|
|t:|1664169459
|move|p1a: Destroyer|Flare Blitz|p2a: Landorus
|-damage|p2a: Landorus|0 fnt
|faint|p2a: Landorus
|-damage|p1a: Destroyer|59/100|[from] Recoil
|-damage|p1a: Destroyer|49/100|[from] item: Life Orb
|
|-ability|p1a: Destroyer|Speed Boost|boost
|-boost|p1a: Destroyer|spe|1
|upkeep
|
|t:|1664169465
|switch|p2a: Zapdos|Zapdos|100/100
|turn|21
|
|t:|1664169470
|move|p1a: Destroyer|Protect|p1a: Destroyer
|-singleturn|p1a: Destroyer|Protect
|move|p2a: Zapdos|Volt Switch|p1a: Destroyer
|-activate|p1a: Destroyer|move: Protect
|
|-ability|p1a: Destroyer|Speed Boost|boost
|-boost|p1a: Destroyer|spe|1
|upkeep
|turn|22
|
|t:|1664169472
|move|p1a: Destroyer|Flare Blitz|p2a: Zapdos
|-damage|p2a: Zapdos|0 fnt
|faint|p2a: Zapdos
|-damage|p1a: Destroyer|13/100|[from] Recoil
|-damage|p1a: Destroyer|3/100|[from] item: Life Orb
|
|-ability|p1a: Destroyer|Speed Boost|boost
|-boost|p1a: Destroyer|spe|1
|upkeep
|
|t:|1664169475
|switch|p2a: Weavile|Weavile, M, shiny|22/100
|-ability|p2a: Weavile|Pressure
|turn|23
|
|t:|1664169477
|move|p2a: Weavile|Ice Shard|p1a: Destroyer
|-resisted|p1a: Destroyer
|-damage|p1a: Destroyer|0 fnt
|faint|p1a: Destroyer
|
|win|80sComedownMachine
|raw|Iznamakin's rating: 1682 &rarr; <strong>1666</strong><br />(-16 for losing)
|raw|80sComedownMachine's rating: 1749 &rarr; <strong>1765</strong><br />(+16 for winning)
|c|☆80sComedownMachine|gg
|c|☆Iznamakin|Gg
|c|☆Iznamakin|wp
|c|☆80sComedownMachine|thanks you too
