|j|☆Pinkacross
|j|☆INNohV8
|inactive|Battle timer is ON: inactive players will automatically lose when time's up.
|t:|1650156970
|gametype|singles
|player|p1|Pinkacross|artist|
|player|p2|INNohV8|proton|
|teamsize|p1|6
|teamsize|p2|6
|gen|8
|tier|[Gen 8] OU
|rated|Tournament battle
|rule|Sleep Clause Mod: Limit one foe put to sleep
|rule|Species Clause: Limit one of each Pokémon
|rule|OHKO Clause: OHKO moves are banned
|rule|Evasion Moves Clause: Evasion moves are banned
|rule|Endless Battle Clause: Forcing endless battles is banned
|rule|HP Percentage Mod: HP is shown in percentages
|rule|Dynamax Clause: You cannot dynamax
|clearpoke
|poke|p1|Slowbro, M|
|poke|p1|Melmetal|
|poke|p1|Weavile, M|
|poke|p1|Nidoking, M|
|poke|p1|Ferrothorn, F|
|poke|p1|Tornadus-Therian, M|
|poke|p2|Pelipper, M|
|poke|p2|Barraskewda, F|
|poke|p2|Omastar, M|
|poke|p2|Ferrothorn, F|
|poke|p2|Tornadus-Therian, M|
|poke|p2|Tapu Koko|
|teampreview
|j| BigRob54
|c|☆Pinkacross|hf
|c|☆INNohV8|hf
|
|t:|1650156988
|start
|switch|p1a: Tornadus|Tornadus-Therian, M|100/100
|switch|p2a: Pelipper|Pelipper, M|100/100
|-weather|RainDance|[from] ability: Drizzle|[of] p2a: Pelipper
|turn|1
|c| BigRob54|He brought the king
|j| yaboiAshK.
|j| ppev
|
|t:|1650157002
|move|p1a: Tornadus|Hurricane|p2a: Pelipper
|-damage|p2a: Pelipper|42/100
|move|p2a: Pelipper|U-turn|p1a: Tornadus
|-resisted|p1a: Tornadus
|-damage|p1a: Tornadus|96/100
|j| Prince Zenaku
|
|t:|1650157015
|switch|p2a: Barraskewda|Barraskewda, F|100/100|[from]move: U-turn
|
|-weather|RainDance|[upkeep]
|upkeep
|turn|2
|j| laprrah
|
|t:|1650157022
|switch|p1a: Slowbro|Slowbro, M|100/100
|move|p2a: Barraskewda|Flip Turn|p1a: Slowbro
|-resisted|p1a: Slowbro
|-damage|p1a: Slowbro|73/100
|j| Zaza BitchuLia
|
|t:|1650157028
|switch|p2a: Ferrothorn|Ferrothorn, F|100/100|[from]move: Flip Turn
|
|-weather|RainDance|[upkeep]
|upkeep
|turn|3
|j| zReptar
|
|t:|1650157038
|move|p1a: Slowbro|Scald|p2a: Ferrothorn
|-resisted|p2a: Ferrothorn
|-damage|p2a: Ferrothorn|83/100
|move|p2a: Ferrothorn|Stealth Rock|p1a: Slowbro
|-sidestart|p1: Pinkacross|move: Stealth Rock
|
|-weather|RainDance|[upkeep]
|-heal|p2a: Ferrothorn|89/100|[from] item: Leftovers
|upkeep
|turn|4
|
|t:|1650157053
|switch|p2a: Tornadus|Tornadus-Therian, M|100/100
|move|p1a: Slowbro|Scald|p2a: Tornadus
|-damage|p2a: Tornadus|50/100
|
|-weather|RainDance|[upkeep]
|upkeep
|turn|5
|
|t:|1650157082
|move|p2a: Tornadus|U-turn|p1a: Slowbro
|-supereffective|p1a: Slowbro
|-damage|p1a: Slowbro|44/100
|-damage|p2a: Tornadus|41/100|[from] item: Life Orb
|
|t:|1650157094
|switch|p2a: Barraskewda|Barraskewda, F|100/100|[from]move: U-turn
|move|p1a: Slowbro|Scald|p2a: Barraskewda
|-resisted|p2a: Barraskewda
|-damage|p2a: Barraskewda|51/100
|
|-weather|RainDance|[upkeep]
|upkeep
|turn|6
|
|t:|1650157103
|switch|p1a: Ferrothorn|Ferrothorn, F|100/100
|-damage|p1a: Ferrothorn|95/100|[from] Stealth Rock
|move|p2a: Barraskewda|Crunch|p1a: Ferrothorn
|-damage|p1a: Ferrothorn|68/100
|-unboost|p1a: Ferrothorn|def|1
|-damage|p2a: Barraskewda|39/100|[from] ability: Iron Barbs|[of] p1a: Ferrothorn
|-damage|p2a: Barraskewda|23/100|[from] item: Rocky Helmet|[of] p1a: Ferrothorn
|
|-weather|RainDance|[upkeep]
|upkeep
|turn|7
|
|t:|1650157113
|switch|p2a: Tornadus|Tornadus-Therian, M|74/100
|move|p1a: Ferrothorn|Stealth Rock|p2a: Tornadus
|-sidestart|p2: INNohV8|move: Stealth Rock
|
|-weather|RainDance|[upkeep]
|upkeep
|turn|8
|
|t:|1650157123
|switch|p1a: Tornadus|Tornadus-Therian, M|100/100
|move|p2a: Tornadus|Defog|p1a: Tornadus
|-unboost|p1a: Tornadus|evasion|1
|-sideend|p1: Pinkacross|Stealth Rock|[from] move: Defog|[of] p2a: Tornadus
|-sideend|p2: INNohV8|Stealth Rock|[from] move: Defog|[of] p2a: Tornadus
|
|-weather|none
|upkeep
|turn|9
|j| graceland2
|inactive|INNohV8 has 120 seconds left.
|
|t:|1650157157
|move|p2a: Tornadus|U-turn|p1a: Tornadus
|-resisted|p1a: Tornadus
|-damage|p1a: Tornadus|91/100
|-damage|p2a: Tornadus|64/100|[from] item: Life Orb
|inactive|INNohV8 has 120 seconds left.
|
|t:|1650157163
|switch|p2a: Ferrothorn|Ferrothorn, F|89/100|[from]move: U-turn
|move|p1a: Tornadus|U-turn|p2a: Ferrothorn
|-damage|p2a: Ferrothorn|80/100
|-damage|p1a: Tornadus|79/100|[from] ability: Iron Barbs|[of] p2a: Ferrothorn
|
|t:|1650157176
|switch|p1a: Nidoking|Nidoking, M|100/100|[from]move: U-turn
|
|-heal|p2a: Ferrothorn|86/100|[from] item: Leftovers
|upkeep
|turn|10
|
|t:|1650157181
|move|p1a: Nidoking|Flamethrower|p2a: Ferrothorn
|-supereffective|p2a: Ferrothorn
|-crit|p2a: Ferrothorn
|-damage|p2a: Ferrothorn|0 fnt
|faint|p2a: Ferrothorn
|
|upkeep
|
|t:|1650157185
|switch|p2a: Pelipper|Pelipper, M|42/100
|-weather|RainDance|[from] ability: Drizzle|[of] p2a: Pelipper
|turn|11
|
|t:|1650157190
|move|p1a: Nidoking|Sludge Wave|p2a: Pelipper
|-damage|p2a: Pelipper|0 fnt
|faint|p2a: Pelipper
|
|-weather|RainDance|[upkeep]
|upkeep
|
|t:|1650157194
|switch|p2a: Omastar|Omastar, M|100/100
|turn|12
|
|t:|1650157201
|move|p2a: Omastar|Shell Smash|p2a: Omastar
|-unboost|p2a: Omastar|def|1
|-unboost|p2a: Omastar|spd|1
|-boost|p2a: Omastar|atk|2
|-boost|p2a: Omastar|spa|2
|-boost|p2a: Omastar|spe|2
|move|p1a: Nidoking|Earth Power|p2a: Omastar
|-supereffective|p2a: Omastar
|-enditem|p2a: Omastar|Focus Sash
|-damage|p2a: Omastar|1/100
|
|-weather|RainDance|[upkeep]
|upkeep
|turn|13
|
|t:|1650157211
|switch|p1a: Tornadus|Tornadus-Therian, M|100/100
|move|p2a: Omastar|Earth Power|p1a: Tornadus
|-immune|p1a: Tornadus
|
|-weather|RainDance|[upkeep]
|upkeep
|turn|14
|
|t:|1650157218
|move|p2a: Omastar|Hydro Pump|p1a: Tornadus
|-damage|p1a: Tornadus|0 fnt
|faint|p1a: Tornadus
|
|-weather|RainDance|[upkeep]
|upkeep
|
|t:|1650157220
|switch|p1a: Weavile|Weavile, M|100/100
|-ability|p1a: Weavile|Pressure
|turn|15
|j| OUTW LEIOX
|
|t:|1650157232
|move|p1a: Weavile|Ice Shard|p2a: Omastar
|-resisted|p2a: Omastar
|-damage|p2a: Omastar|0 fnt
|faint|p2a: Omastar
|
|-weather|RainDance|[upkeep]
|upkeep
|
|t:|1650157236
|switch|p2a: Barraskewda|Barraskewda, F|23/100
|turn|16
|
|t:|1650157242
|switch|p1a: Ferrothorn|Ferrothorn, F|68/100
|move|p2a: Barraskewda|Flip Turn|p1a: Ferrothorn
|-resisted|p1a: Ferrothorn
|-damage|p1a: Ferrothorn|46/100
|-damage|p2a: Barraskewda|11/100|[from] ability: Iron Barbs|[of] p1a: Ferrothorn
|-damage|p2a: Barraskewda|0 fnt|[from] item: Rocky Helmet|[of] p1a: Ferrothorn
|faint|p2a: Barraskewda
|
|-weather|RainDance|[upkeep]
|upkeep
|
|t:|1650157247
|switch|p2a: Tornadus|Tornadus-Therian, M|97/100
|turn|17
|
|t:|1650157250
|move|p2a: Tornadus|Hurricane|p1a: Ferrothorn
|-damage|p1a: Ferrothorn|0 fnt
|faint|p1a: Ferrothorn
|-damage|p2a: Tornadus|87/100|[from] item: Life Orb
|
|-weather|RainDance|[upkeep]
|upkeep
|
|t:|1650157253
|switch|p1a: Slowbro|Slowbro, M|77/100
|turn|18
|
|t:|1650157257
|move|p2a: Tornadus|Hurricane|p1a: Slowbro
|-damage|p1a: Slowbro|31/100
|-damage|p2a: Tornadus|78/100|[from] item: Life Orb
|move|p1a: Slowbro|Trick Room|p1a: Slowbro
|-fieldstart|move: Trick Room|[of] p1a: Slowbro
|
|-weather|none
|upkeep
|turn|19
|c|☆Pinkacross|gg
|
|t:|1650157264
|move|p2a: Tornadus|Hurricane|p1a: Slowbro
|-damage|p1a: Slowbro|0 fnt
|faint|p1a: Slowbro
|-damage|p2a: Tornadus|68/100|[from] item: Life Orb
|
|upkeep
|
|t:|1650157266
|switch|p1a: Melmetal|Melmetal|100/100
|turn|20
|
|t:|1650157282
|switch|p2a: Tapu Koko|Tapu Koko|100/100
|-fieldstart|move: Electric Terrain|[from] ability: Electric Surge|[of] p2a: Tapu Koko
|move|p1a: Melmetal|Double Iron Bash|p2a: Tapu Koko
|-damage|p2a: Tapu Koko|5/100
|-damage|p2a: Tapu Koko|0 fnt
|faint|p2a: Tapu Koko
|-hitcount|p2: Tapu Koko|2
|
|upkeep
|
|t:|1650157285
|switch|p2a: Tornadus|Tornadus-Therian, M|100/100
|turn|21
|c|☆INNohV8|gg
|
|t:|1650157290
|move|p1a: Melmetal|Double Iron Bash|p2a: Tornadus
|-damage|p2a: Tornadus|8/100
|-damage|p2a: Tornadus|0 fnt
|faint|p2a: Tornadus
|-hitcount|p2: Tornadus|2
|
|win|Pinkacross
|n|☆Pinkacross|pinkacross
|n|☆INNohV8|innohv8
|n| BigRob54|bigrob54
|n| yaboiAshK.|yaboiashk
|n| ppev|ppev
|n| Prince Zenaku|princezenaku
|n| laprrah|laprrah
|n| Zaza BitchuLia|zazabitchulia
|n| zReptar|zreptar
|n| graceland2|graceland2
|n| OUTW LEIOX|outwleiox
|l|☆INNohV8
