|html|<div class="broadcast-blue"><strong>[Gen 8] OU is currently suspecting Melmetal! For information on how to participate check out the <a href="https://www.smogon.com/forums/threads/np-ss-ou-suspect-process-round-12-monster-mash.3709234/">suspect thread</a>.</strong></div>
|j|☆Steez Ibanez
|j|☆Envyetta/TTV
|t:|1666125178
|gametype|singles
|player|p1|Steez Ibanez|acetrainer-gen7|1760
|player|p2|Envyetta/TTV|marnie|1736
|teamsize|p1|6
|teamsize|p2|6
|gen|8
|tier|[Gen 8] OU
|rated|
|rule|Sleep Clause Mod: Limit one foe put to sleep
|rule|Species Clause: Limit one of each Pokémon
|rule|OHKO Clause: OHKO moves are banned
|rule|Evasion Items Clause: Evasion items are banned
|rule|Evasion Moves Clause: Evasion moves are banned
|rule|Endless Battle Clause: Forcing endless battles is banned
|rule|HP Percentage Mod: HP is shown in percentages
|rule|Dynamax Clause: You cannot dynamax
|clearpoke
|poke|p1|Urshifu-*, M|
|poke|p1|Garchomp, M|
|poke|p1|Zapdos|
|poke|p1|Dragapult, M|
|poke|p1|Weezing-Galar, M|
|poke|p1|Ferrothorn, M|
|poke|p2|Primarina, F|
|poke|p2|Gigalith, M|
|poke|p2|Nidoqueen, F|
|poke|p2|Skarmory, F|
|poke|p2|Excadrill, F|
|poke|p2|Hydreigon, F|
|teampreview
|j| LT_Alt1
|c|☆Envyetta/TTV|Beat me this time
|c|☆Envyetta/TTV|I know you can do it
|c|☆Steez Ibanez|Lol
|j| cypherstest
|
|t:|1666125232
|start
|switch|p1a: Toothless|Dragapult, M|100/100
|switch|p2a: Hydreigon|Hydreigon, F, shiny|100/100
|turn|1
|c|☆Steez Ibanez|Changed your name and attitude i see
|c|☆Steez Ibanez|you used to be so quiet
|
|t:|1666125254
|switch|p2a: Marina|Primarina, F, shiny|100/100
|move|p1a: Toothless|U-turn|p2a: Marina
|-resisted|p2a: Marina
|-damage|p2a: Marina|89/100
|c|☆Envyetta/TTV|Nah
|j| JackTen
|
|t:|1666125262
|switch|p1a: Speedwagon|Weezing-Galar, M|100/100|[from]move: U-turn
|
|-heal|p2a: Marina|95/100|[from] item: Leftovers
|upkeep
|turn|2
|
|t:|1666125268
|switch|p2a: Nidoqueen|Nidoqueen, F, shiny|100/100
|move|p1a: Speedwagon|Sludge Bomb|p2a: Nidoqueen
|-resisted|p2a: Nidoqueen
|-damage|p2a: Nidoqueen|92/100
|
|upkeep
|turn|3
|
|t:|1666125274
|move|p2a: Nidoqueen|Earth Power|p1a: Speedwagon
|-immune|p1a: Speedwagon|[from] ability: Levitate
|move|p1a: Speedwagon|Will-O-Wisp|p2a: Nidoqueen
|-status|p2a: Nidoqueen|brn
|
|-damage|p2a: Nidoqueen|86/100 brn|[from] brn
|upkeep
|turn|4
|
|t:|1666125281
|move|p2a: Nidoqueen|Earth Power|p1a: Speedwagon
|-immune|p1a: Speedwagon|[from] ability: Levitate
|move|p1a: Speedwagon|Toxic Spikes|p2a: Nidoqueen
|-sidestart|p2: Envyetta/TTV|move: Toxic Spikes
|
|-damage|p2a: Nidoqueen|80/100 brn|[from] brn
|upkeep
|turn|5
|
|t:|1666125286
|move|p2a: Nidoqueen|Sludge Wave|p1a: Speedwagon
|-damage|p1a: Speedwagon|10/100
|move|p1a: Speedwagon|Strange Steam|p2a: Nidoqueen
|-resisted|p2a: Nidoqueen
|-damage|p2a: Nidoqueen|63/100 brn
|
|-heal|p1a: Speedwagon|16/100|[from] item: Black Sludge
|-damage|p2a: Nidoqueen|57/100 brn|[from] brn
|upkeep
|turn|6
|j| Jongruenwald
|
|t:|1666125292
|move|p2a: Nidoqueen|Ice Beam|p1a: Speedwagon
|-damage|p1a: Speedwagon|0 fnt
|faint|p1a: Speedwagon
|
|-damage|p2a: Nidoqueen|50/100 brn|[from] brn
|upkeep
|
|t:|1666125298
|switch|p1a: Samehada|Garchomp, M|100/100
|turn|7
|c|☆Envyetta/TTV|I guess you didn’t learn
|
|t:|1666125312
|switch|p2a: Skarmory|Skarmory, F, shiny|100/100
|move|p1a: Samehada|Earthquake|p2a: Skarmory
|-immune|p2a: Skarmory
|
|upkeep
|turn|8
|
|t:|1666125317
|move|p1a: Samehada|Stealth Rock|p2a: Skarmory
|-sidestart|p2: Envyetta/TTV|move: Stealth Rock
|move|p2a: Skarmory|Spikes|p1a: Samehada
|-sidestart|p1: Steez Ibanez|Spikes
|
|upkeep
|turn|9
|
|t:|1666125321
|switch|p1a: Abomination|Ferrothorn, M|100/100
|-damage|p1a: Abomination|88/100|[from] Spikes
|move|p2a: Skarmory|Spikes|p1a: Abomination
|-sidestart|p1: Steez Ibanez|Spikes
|
|upkeep
|turn|10
|
|t:|1666125326
|move|p2a: Skarmory|Spikes|p1a: Abomination
|-sidestart|p1: Steez Ibanez|Spikes
|move|p1a: Abomination|Leech Seed|p2a: Skarmory
|-start|p2a: Skarmory|move: Leech Seed
|
|-damage|p2a: Skarmory|88/100|[from] Leech Seed|[of] p1a: Abomination
|-heal|p1a: Abomination|99/100|[silent]
|upkeep
|turn|11
|
|t:|1666125331
|switch|p2a: Hydreigon|Hydreigon, F, shiny|100/100
|-damage|p2a: Hydreigon|88/100|[from] Stealth Rock
|move|p1a: Abomination|Spikes|p2a: Hydreigon
|-sidestart|p2: Envyetta/TTV|Spikes
|
|upkeep
|turn|12
|
|t:|1666125335
|move|p2a: Hydreigon|Flamethrower|p1a: Abomination
|-supereffective|p1a: Abomination
|-damage|p1a: Abomination|0 fnt
|faint|p1a: Abomination
|
|upkeep
|
|t:|1666125339
|switch|p1a: Toothless|Dragapult, M|100/100
|turn|13
|
|t:|1666125361
|switch|p2a: Nidoqueen|Nidoqueen, F, shiny|50/100 brn
|-sideend|p2: Envyetta/TTV|move: Toxic Spikes|[of] p2a: Nidoqueen
|-damage|p2a: Nidoqueen|44/100 brn|[from] Stealth Rock
|-damage|p2a: Nidoqueen|32/100 brn|[from] Spikes
|move|p1a: Toothless|Dragon Darts|p2a: Nidoqueen
|-crit|p2a: Nidoqueen
|-damage|p2a: Nidoqueen|0 fnt
|faint|p2a: Nidoqueen
|
|upkeep
|
|t:|1666125374
|switch|p2a: Marina|Primarina, F, shiny|95/100
|-damage|p2a: Marina|82/100|[from] Stealth Rock
|-damage|p2a: Marina|70/100|[from] Spikes
|turn|14
|inactive|Battle timer is ON: inactive players will automatically lose when time's up. (requested by Envyetta/TTV)
|
|t:|1666125378
|move|p1a: Toothless|U-turn|p2a: Marina
|-resisted|p2a: Marina
|-damage|p2a: Marina|59/100
|
|t:|1666125379
|switch|p1a: Bolt|Zapdos|100/100|[from]move: U-turn
|move|p2a: Marina|Moonblast|p1a: Bolt
|-damage|p1a: Bolt|53/100
|
|-heal|p2a: Marina|65/100|[from] item: Leftovers
|upkeep
|turn|15
|
|t:|1666125390
|move|p1a: Bolt|Discharge|p2a: Marina
|-supereffective|p2a: Marina
|-damage|p2a: Marina|10/100
|-status|p2a: Marina|par
|move|p2a: Marina|Moonblast|p1a: Bolt
|-damage|p1a: Bolt|3/100
|-unboost|p1a: Bolt|spa|1
|
|-heal|p2a: Marina|16/100 par|[from] item: Leftovers
|upkeep
|turn|16
|
|t:|1666125398
|move|p1a: Bolt|Discharge|p2a: Marina
|-supereffective|p2a: Marina
|-damage|p2a: Marina|0 fnt
|faint|p2a: Marina
|
|upkeep
|
|t:|1666125409
|switch|p2a: Emerald|Gigalith, M, shiny|100/100
|-damage|p2a: Emerald|88/100|[from] Stealth Rock
|-damage|p2a: Emerald|76/100|[from] Spikes
|-weather|Sandstorm|[from] ability: Sand Stream|[of] p2a: Emerald
|turn|17
|
|t:|1666125412
|move|p1a: Bolt|Toxic|p2a: Emerald
|-status|p2a: Emerald|tox
|move|p2a: Emerald|Stealth Rock|p1a: Bolt
|-sidestart|p1: Steez Ibanez|move: Stealth Rock
|
|-weather|Sandstorm|[upkeep]
|-damage|p1a: Bolt|0 fnt|[from] Sandstorm
|faint|p1a: Bolt
|-heal|p2a: Emerald|82/100 tox|[from] item: Leftovers
|-damage|p2a: Emerald|76/100 tox|[from] psn
|upkeep
|
|t:|1666125421
|switch|p1a: Tanjiro Kun|Urshifu-Rapid-Strike, M|100/100
|-damage|p1a: Tanjiro Kun|76/100|[from] Spikes
|-damage|p1a: Tanjiro Kun|69/100|[from] Stealth Rock
|turn|18
|
|t:|1666125426
|move|p1a: Tanjiro Kun|Surging Strikes|p2a: Emerald
|-supereffective|p2a: Emerald
|-crit|p2a: Emerald
|-damage|p2a: Emerald|47/100 tox
|-supereffective|p2a: Emerald
|-crit|p2a: Emerald
|-damage|p2a: Emerald|18/100 tox
|-supereffective|p2a: Emerald
|-crit|p2a: Emerald
|-damage|p2a: Emerald|0 fnt
|faint|p2a: Emerald
|-hitcount|p2: Emerald|3
|
|-weather|Sandstorm|[upkeep]
|-damage|p1a: Tanjiro Kun|63/100|[from] Sandstorm
|upkeep
|
|t:|1666125431
|switch|p2a: Excadrill|Excadrill, F, shiny|100/100
|-damage|p2a: Excadrill|97/100|[from] Stealth Rock
|-item|p2a: Excadrill|Air Balloon
|turn|19
|
|t:|1666125433
|move|p2a: Excadrill|Earthquake|p1a: Tanjiro Kun
|-damage|p1a: Tanjiro Kun|0 fnt
|faint|p1a: Tanjiro Kun
|
|-weather|Sandstorm|[upkeep]
|upkeep
|
|t:|1666125437
|switch|p1a: Toothless|Dragapult, M|100/100
|turn|20
|l| Jongruenwald
|
|t:|1666125446
|move|p2a: Excadrill|Iron Head|p1a: Toothless
|-damage|p1a: Toothless|36/100
|move|p1a: Toothless|U-turn|p2a: Excadrill
|-resisted|p2a: Excadrill
|-damage|p2a: Excadrill|83/100
|-enditem|p2a: Excadrill|Air Balloon
|
|t:|1666125449
|switch|p1a: Samehada|Garchomp, M|100/100|[from]move: U-turn
|-damage|p1a: Samehada|75/100|[from] Spikes
|-damage|p1a: Samehada|69/100|[from] Stealth Rock
|
|-weather|Sandstorm|[upkeep]
|-heal|p1a: Samehada|75/100|[from] item: Leftovers
|upkeep
|turn|21
|j| BMSB
|inactive|Envyetta/TTV has 120 seconds left.
|
|t:|1666125484
|switch|p2a: Skarmory|Skarmory, F, shiny|88/100
|-damage|p2a: Skarmory|76/100|[from] Stealth Rock
|move|p1a: Samehada|Earthquake|p2a: Skarmory
|-immune|p2a: Skarmory
|
|-weather|none
|-heal|p1a: Samehada|82/100|[from] item: Leftovers
|upkeep
|turn|22
|inactive|Envyetta/TTV has 120 seconds left.
|
|t:|1666125492
|move|p1a: Samehada|Protect|p1a: Samehada
|-singleturn|p1a: Samehada|Protect
|move|p2a: Skarmory|Roost|p2a: Skarmory
|-heal|p2a: Skarmory|100/100
|-singleturn|p2a: Skarmory|move: Roost
|
|-heal|p1a: Samehada|88/100|[from] item: Leftovers
|upkeep
|turn|23
|
|t:|1666125497
|move|p1a: Samehada|Toxic|p2a: Skarmory
|-immune|p2a: Skarmory
|move|p2a: Skarmory|Body Press|p1a: Samehada
|-damage|p1a: Samehada|62/100
|-damage|p2a: Skarmory|88/100|[from] ability: Rough Skin|[of] p1a: Samehada
|
|-heal|p1a: Samehada|68/100|[from] item: Leftovers
|upkeep
|turn|24
|
|t:|1666125501
|move|p1a: Samehada|Toxic|p2a: Skarmory
|-immune|p2a: Skarmory
|move|p2a: Skarmory|Brave Bird|p1a: Samehada
|-damage|p1a: Samehada|42/100
|-damage|p2a: Skarmory|76/100|[from] ability: Rough Skin|[of] p1a: Samehada
|-damage|p2a: Skarmory|65/100|[from] Recoil
|
|-heal|p1a: Samehada|48/100|[from] item: Leftovers
|upkeep
|turn|25
|
|t:|1666125503
|switch|p1a: Toothless|Dragapult, M|36/100
|move|p2a: Skarmory|Roost|p2a: Skarmory
|-heal|p2a: Skarmory|100/100
|-singleturn|p2a: Skarmory|move: Roost
|
|upkeep
|turn|26
|
|t:|1666125507
|move|p1a: Toothless|Hex|p2a: Skarmory
|-damage|p2a: Skarmory|66/100
|move|p2a: Skarmory|Brave Bird|p1a: Toothless
|-damage|p1a: Toothless|0 fnt
|faint|p1a: Toothless
|-damage|p2a: Skarmory|55/100|[from] Recoil
|
|upkeep
|c|☆Envyetta/TTV|Gg again
|c|☆Steez Ibanez|Lol bb bp
|c|☆Steez Ibanez|gg
|-message|Steez Ibanez forfeited.
|
|win|Envyetta/TTV
|raw|Steez Ibanez's rating: 1760 &rarr; <strong>1739</strong><br />(-21 for losing)
|raw|Envyetta&#x2f;TTV's rating: 1736 &rarr; <strong>1757</strong><br />(+21 for winning)
|l|☆Steez Ibanez
|l| BMSB
|l| cypherstest
|c|☆Envyetta/TTV|Oh I didn’t know it was him haha
||Ladder isn't responding, score probably updated but might not have (Request timeout).
|c|☆Envyetta/TTV|no wonder why he recognized my team lol
