|j|☆G1 Forever
|j|☆ultimategoogolplex
|t:|1667151807
|gametype|singles
|player|p1|G1 Forever|unknown|1633
|player|p2|ultimategoogolplex|2|1649
|teamsize|p1|6
|teamsize|p2|6
|gen|8
|tier|[Gen 8] OU
|rated|
|rule|Sleep Clause Mod: Limit one foe put to sleep
|rule|Species Clause: Limit one of each Pokémon
|rule|OHKO Clause: OHKO moves are banned
|rule|Evasion Items Clause: Evasion items are banned
|rule|Evasion Moves Clause: Evasion moves are banned
|rule|Endless Battle Clause: Forcing endless battles is banned
|rule|HP Percentage Mod: HP is shown in percentages
|rule|Dynamax Clause: You cannot dynamax
|clearpoke
|poke|p1|Regieleki|
|poke|p1|Clefable, F|
|poke|p1|Landorus-Therian, M|
|poke|p1|Tornadus-Therian, M|
|poke|p1|Nidoking, M|
|poke|p1|Rillaboom, F|
|poke|p2|Weavile, F|
|poke|p2|Volcanion|
|poke|p2|Zapdos|
|poke|p2|Landorus-Therian, M|
|poke|p2|Kartana|
|poke|p2|Melmetal|
|teampreview
|inactive|Battle timer is ON: inactive players will automatically lose when time's up. (requested by ultimategoogolplex)
|
|t:|1667151815
|start
|switch|p1a: Landorus|Landorus-Therian, M|100/100
|switch|p2a: Weavile|Weavile, F|100/100
|-ability|p2a: Weavile|Pressure
|-ability|p1a: Landorus|Intimidate|boost
|-unboost|p2a: Weavile|atk|1
|turn|1
|
|t:|1667151823
|switch|p1a: Clefable|Clefable, F|100/100
|move|p2a: Weavile|Triple Axel|p1a: Clefable
|-damage|p1a: Clefable|91/100
|-damage|p1a: Clefable|72/100
|-damage|p1a: Clefable|45/100
|-hitcount|p1a: Clefable|3
|
|upkeep
|turn|2
|
|t:|1667151833
|switch|p2a: Volcanion|Volcanion|100/100
|switch|p1a: Landorus|Landorus-Therian, M|100/100
|-ability|p1a: Landorus|Intimidate|boost
|-unboost|p2a: Volcanion|atk|1
|
|upkeep
|turn|3
|
|t:|1667151842
|switch|p2a: Landorus|Landorus-Therian, M|100/100
|-ability|p2a: Landorus|Intimidate|boost
|-unboost|p1a: Landorus|atk|1
|move|p1a: Landorus|Earthquake|p2a: Landorus
|-immune|p2a: Landorus
|
|upkeep
|turn|4
|
|t:|1667151850
|move|p1a: Landorus|Toxic|p2a: Landorus
|-status|p2a: Landorus|tox
|move|p2a: Landorus|Toxic|p1a: Landorus
|-status|p1a: Landorus|tox
|
|-damage|p1a: Landorus|95/100 tox|[from] psn
|-damage|p2a: Landorus|94/100 tox|[from] psn
|upkeep
|turn|5
|
|t:|1667151858
|move|p1a: Landorus|Stealth Rock|p2a: Landorus
|-sidestart|p2: ultimategoogolplex|move: Stealth Rock
|move|p2a: Landorus|U-turn|p1a: Landorus
|-resisted|p1a: Landorus
|-damage|p1a: Landorus|81/100 tox
|
|t:|1667151862
|switch|p2a: Weavile|Weavile, F|100/100|[from]move: U-turn
|-damage|p2a: Weavile|76/100|[from] Stealth Rock
|-ability|p2a: Weavile|Pressure
|
|-heal|p1a: Landorus|87/100 tox|[from] item: Leftovers
|-damage|p1a: Landorus|75/100 tox|[from] psn
|upkeep
|turn|6
|
|t:|1667151888
|switch|p1a: Tornadus|Tornadus-Therian, M|100/100
|move|p2a: Weavile|Triple Axel|p1a: Tornadus
|-supereffective|p1a: Tornadus
|-damage|p1a: Tornadus|62/100
|-supereffective|p1a: Tornadus
|-damage|p1a: Tornadus|0 fnt
|faint|p1a: Tornadus
|-hitcount|p1: Tornadus|2
|
|upkeep
|inactive|G1 Forever has 120 seconds left.
|
|t:|1667151900
|switch|p1a: Rillaboom|Rillaboom, F|100/100
|-fieldstart|move: Grassy Terrain|[from] ability: Grassy Surge|[of] p1a: Rillaboom
|turn|7
|
|t:|1667151905
|switch|p2a: Zapdos|Zapdos|100/100
|move|p1a: Rillaboom|Knock Off|p2a: Zapdos
|-damage|p2a: Zapdos|59/100
|-enditem|p2a: Zapdos|Heavy-Duty Boots|[from] move: Knock Off|[of] p1a: Rillaboom
|
|upkeep
|turn|8
|
|t:|1667151914
|switch|p1a: Clefable|Clefable, F|45/100
|move|p2a: Zapdos|Defog|p1a: Clefable
|-unboost|p1a: Clefable|evasion|1
|-sideend|p2: ultimategoogolplex|Stealth Rock|[from] move: Defog|[of] p2a: Zapdos
|-fieldend|move: Grassy Terrain
|
|upkeep
|turn|9
|
|t:|1667151920
|switch|p2a: Volcanion|Volcanion|100/100
|move|p1a: Clefable|Soft-Boiled|p1a: Clefable
|-heal|p1a: Clefable|95/100
|
|upkeep
|turn|10
|
|t:|1667151928
|switch|p1a: Nidoking|Nidoking, M|100/100
|move|p2a: Volcanion|Flamethrower|p1a: Nidoking
|-damage|p1a: Nidoking|5/100
|
|upkeep
|turn|11
|
|t:|1667151941
|switch|p2a: Melmetal|Melmetal|100/100
|move|p1a: Nidoking|Earth Power|p2a: Melmetal
|-supereffective|p2a: Melmetal
|-damage|p2a: Melmetal|42/100
|
|upkeep
|turn|12
|
|t:|1667151948
|move|p1a: Nidoking|Earth Power|p2a: Melmetal
|-supereffective|p2a: Melmetal
|-damage|p2a: Melmetal|0 fnt
|faint|p2a: Melmetal
|
|upkeep
|
|t:|1667151952
|switch|p2a: Weavile|Weavile, F|76/100
|-ability|p2a: Weavile|Pressure
|turn|13
|
|t:|1667151957
|move|p2a: Weavile|Knock Off|p1a: Nidoking
|-damage|p1a: Nidoking|0 fnt
|-enditem|p1a: Nidoking|Life Orb|[from] move: Knock Off|[of] p2a: Weavile
|faint|p1a: Nidoking
|
|upkeep
|
|t:|1667151965
|switch|p1a: Rillaboom|Rillaboom, F|100/100
|-fieldstart|move: Grassy Terrain|[from] ability: Grassy Surge|[of] p1a: Rillaboom
|turn|14
|
|t:|1667151969
|switch|p2a: Zapdos|Zapdos|59/100
|move|p1a: Rillaboom|U-turn|p2a: Zapdos
|-resisted|p2a: Zapdos
|-damage|p2a: Zapdos|43/100
|
|t:|1667151975
|switch|p1a: Clefable|Clefable, F|95/100|[from]move: U-turn
|
|-heal|p1a: Clefable|100/100|[from] Grassy Terrain
|upkeep
|turn|15
|
|t:|1667151980
|switch|p2a: Volcanion|Volcanion|100/100
|move|p1a: Clefable|Calm Mind|p1a: Clefable
|-boost|p1a: Clefable|spa|1
|-boost|p1a: Clefable|spd|1
|
|upkeep
|turn|16
|
|t:|1667151985
|move|p2a: Volcanion|Sludge Wave|p1a: Clefable
|-supereffective|p1a: Clefable
|-damage|p1a: Clefable|46/100
|-status|p1a: Clefable|psn
|move|p1a: Clefable|Calm Mind|p1a: Clefable
|-boost|p1a: Clefable|spa|1
|-boost|p1a: Clefable|spd|1
|
|-heal|p1a: Clefable|52/100 psn|[from] Grassy Terrain
|upkeep
|turn|17
|
|t:|1667151994
|move|p2a: Volcanion|Sludge Wave|p1a: Clefable
|-supereffective|p1a: Clefable
|-damage|p1a: Clefable|10/100 psn
|move|p1a: Clefable|Soft-Boiled|p1a: Clefable
|-heal|p1a: Clefable|60/100 psn
|
|-heal|p1a: Clefable|66/100 psn|[from] Grassy Terrain
|upkeep
|turn|18
|
|t:|1667152001
|move|p2a: Volcanion|Sludge Wave|p1a: Clefable
|-supereffective|p1a: Clefable
|-damage|p1a: Clefable|23/100 psn
|move|p1a: Clefable|Soft-Boiled|p1a: Clefable
|-heal|p1a: Clefable|73/100 psn
|
|-heal|p1a: Clefable|79/100 psn|[from] Grassy Terrain
|-fieldend|move: Grassy Terrain
|upkeep
|turn|19
|
|t:|1667152009
|move|p2a: Volcanion|Sludge Wave|p1a: Clefable
|-supereffective|p1a: Clefable
|-damage|p1a: Clefable|38/100 psn
|move|p1a: Clefable|Soft-Boiled|p1a: Clefable
|-heal|p1a: Clefable|88/100 psn
|
|upkeep
|turn|20
|
|t:|1667152016
|move|p2a: Volcanion|Sludge Wave|p1a: Clefable
|-supereffective|p1a: Clefable
|-damage|p1a: Clefable|41/100 psn
|move|p1a: Clefable|Soft-Boiled|p1a: Clefable
|-heal|p1a: Clefable|91/100 psn
|
|upkeep
|turn|21
|
|t:|1667152021
|move|p2a: Volcanion|Sludge Wave|p1a: Clefable
|-supereffective|p1a: Clefable
|-damage|p1a: Clefable|45/100 psn
|move|p1a: Clefable|Calm Mind|p1a: Clefable
|-boost|p1a: Clefable|spa|1
|-boost|p1a: Clefable|spd|1
|
|upkeep
|turn|22
|
|t:|1667152028
|move|p2a: Volcanion|Sludge Wave|p1a: Clefable
|-supereffective|p1a: Clefable
|-damage|p1a: Clefable|12/100 psn
|move|p1a: Clefable|Soft-Boiled|p1a: Clefable
|-heal|p1a: Clefable|62/100 psn
|
|upkeep
|turn|23
|
|t:|1667152033
|move|p2a: Volcanion|Sludge Wave|p1a: Clefable
|-supereffective|p1a: Clefable
|-damage|p1a: Clefable|27/100 psn
|move|p1a: Clefable|Soft-Boiled|p1a: Clefable
|-heal|p1a: Clefable|77/100 psn
|
|upkeep
|turn|24
|
|t:|1667152039
|move|p2a: Volcanion|Sludge Wave|p1a: Clefable
|-supereffective|p1a: Clefable
|-crit|p1a: Clefable
|-damage|p1a: Clefable|0 fnt
|faint|p1a: Clefable
|
|upkeep
|-message|G1 Forever forfeited.
|
|win|ultimategoogolplex
|raw|G1 Forever's rating: 1633 &rarr; <strong>1614</strong><br />(-19 for losing)
|raw|ultimategoogolplex's rating: 1649 &rarr; <strong>1668</strong><br />(+19 for winning)
|l|☆G1 Forever
