|j|☆mia corvere
|j|☆wsdfg
|t:|1606781925
|player|p1|mia corvere|102|1882
|player|p2|wsdfg|burglar|1808
|teamsize|p1|6
|teamsize|p2|6
|gametype|singles
|gen|8
|tier|[Gen 8] OU
|rated|
|clearpoke
|poke|p1|Tapu Lele|
|poke|p1|Garchomp, M|
|poke|p1|Buzzwole|
|poke|p1|Mandibuzz, F|
|poke|p1|Rillaboom, F|
|poke|p1|Heatran, F|
|poke|p2|Pheromosa|
|poke|p2|Slowbro, M|
|poke|p2|Garchomp, M|
|poke|p2|Clefable, F|
|poke|p2|Magnezone|
|poke|p2|Mandibuzz, F|
|rule|Sleep Clause Mod: Limit one foe put to sleep
|rule|Species Clause: Limit one of each Pokémon
|rule|OHKO Clause: OHKO moves are banned
|rule|Evasion Moves Clause: Evasion moves are banned
|rule|Endless Battle Clause: Forcing endless battles is banned
|rule|HP Percentage Mod: HP is shown in percentages
|rule|Dynamax Clause: You cannot dynamax
|teampreview
|inactive|Battle timer is ON: inactive players will automatically lose when time's up. (requested by mia corvere)
|j| BatSol
|j| Dallyranks
|j| I'M AT MY LIMIT!
|j| Vessev
|
|t:|1606781966
|start
|switch|p1a: Garchomp|Garchomp, M|100/100
|switch|p2a: Magnezone|Magnezone|100/100
|turn|1
|j| csmoove77
|
|t:|1606781974
|switch|p2a: Pheromosa|Pheromosa|100/100
|move|p1a: Garchomp|Earthquake|p2a: Pheromosa
|-resisted|p2a: Pheromosa
|-damage|p2a: Pheromosa|46/100
|
|upkeep
|turn|2
|
|t:|1606781982
|move|p2a: Pheromosa|Quiver Dance|p2a: Pheromosa
|-boost|p2a: Pheromosa|spa|1
|-boost|p2a: Pheromosa|spd|1
|-boost|p2a: Pheromosa|spe|1
|move|p1a: Garchomp|Stealth Rock|p2a: Pheromosa
|-sidestart|p2: wsdfg|move: Stealth Rock
|
|upkeep
|turn|3
|
|t:|1606781992
|switch|p1a: Buzzwole|Buzzwole|100/100
|move|p2a: Pheromosa|Ice Beam|p1a: Buzzwole
|-damage|p1a: Buzzwole|48/100
|-damage|p2a: Pheromosa|36/100|[from] item: Life Orb
|
|-heal|p1a: Buzzwole|55/100|[from] item: Leftovers
|upkeep
|turn|4
|
|t:|1606781997
|move|p2a: Pheromosa|Ice Beam|p1a: Buzzwole
|-damage|p1a: Buzzwole|2/100
|-damage|p2a: Pheromosa|26/100|[from] item: Life Orb
|move|p1a: Buzzwole|Drain Punch|p2a: Pheromosa
|-resisted|p2a: Pheromosa
|-damage|p2a: Pheromosa|0 fnt
|-heal|p1a: Buzzwole|10/100|[from] drain|[of] p2a: Pheromosa
|faint|p2a: Pheromosa
|-ability|p1a: Buzzwole|Beast Boost|boost
|-boost|p1a: Buzzwole|def|1
|
|-heal|p1a: Buzzwole|17/100|[from] item: Leftovers
|upkeep
|
|t:|1606782001
|switch|p2a: Magnezone|Magnezone|100/100
|-damage|p2a: Magnezone|94/100|[from] Stealth Rock
|turn|5
|
|t:|1606782026
|switch|p1a: Garchomp|Garchomp, M|100/100
|move|p2a: Magnezone|Flash Cannon|p1a: Garchomp
|-damage|p1a: Garchomp|40/100
|
|upkeep
|turn|6
|
|t:|1606782032
|switch|p1a: Heatran|Heatran, F|100/100
|switch|p2a: Slowbro|Slowbro, M|100/100
|
|upkeep
|turn|7
|
|t:|1606782041
|switch|p1a: Buzzwole|Buzzwole|17/100
|move|p2a: Slowbro|Teleport|p2a: Slowbro
|
|t:|1606782044
|switch|p2a: Magnezone|Magnezone|94/100|[from]move: Teleport
|-damage|p2a: Magnezone|88/100|[from] Stealth Rock
|
|-heal|p1a: Buzzwole|23/100|[from] item: Leftovers
|upkeep
|turn|8
|
|t:|1606782049
|switch|p1a: Garchomp|Garchomp, M|40/100
|move|p2a: Magnezone|Volt Switch|p1a: Garchomp
|-immune|p1a: Garchomp
|
|upkeep
|turn|9
|
|t:|1606782056
|switch|p2a: Clefable|Clefable, F|100/100
|move|p1a: Garchomp|Earthquake|p2a: Clefable
|-damage|p2a: Clefable|58/100
|
|-heal|p2a: Clefable|64/100|[from] item: Leftovers
|upkeep
|turn|10
|
|t:|1606782058
|switch|p1a: Tapu Lele|Tapu Lele|100/100
|-fieldstart|move: Psychic Terrain|[from] ability: Psychic Surge|[of] p1a: Tapu Lele
|move|p2a: Clefable|Stealth Rock|p1a: Tapu Lele
|-sidestart|p1: mia corvere|move: Stealth Rock
|
|-heal|p2a: Clefable|71/100|[from] item: Leftovers
|upkeep
|turn|11
|
|t:|1606782066
|move|p1a: Tapu Lele|Psyshock|p2a: Clefable
|-damage|p2a: Clefable|10/100
|move|p2a: Clefable|Soft-Boiled|p2a: Clefable
|-heal|p2a: Clefable|60/100
|
|-heal|p2a: Clefable|66/100|[from] item: Leftovers
|upkeep
|turn|12
|j| N_94
|
|t:|1606782073
|move|p1a: Tapu Lele|Moonblast|p2a: Clefable
|-damage|p2a: Clefable|26/100
|move|p2a: Clefable|Wish|p2a: Clefable
|
|-heal|p2a: Clefable|32/100|[from] item: Leftovers
|upkeep
|turn|13
|l| csmoove77
|
|t:|1606782079
|switch|p2a: Magnezone|Magnezone|88/100
|-damage|p2a: Magnezone|82/100|[from] Stealth Rock
|move|p1a: Tapu Lele|Future Sight|p2a: Magnezone
|-start|p1a: Tapu Lele|move: Future Sight
|
|-heal|p2a: Magnezone|100/100|[from] move: Wish|[wisher] Clefable
|upkeep
|turn|14
|j| yourlilpogchamp
|
|t:|1606782086
|move|p1a: Tapu Lele|Focus Blast|p2a: Magnezone
|-supereffective|p2a: Magnezone
|-damage|p2a: Magnezone|0 fnt
|faint|p2a: Magnezone
|
|-fieldend|move: Psychic Terrain
|upkeep
|
|t:|1606782092
|switch|p2a: Mandibuzz|Mandibuzz, F|100/100
|turn|15
|
|t:|1606782094
|move|p1a: Tapu Lele|Moonblast|p2a: Mandibuzz
|-supereffective|p2a: Mandibuzz
|-damage|p2a: Mandibuzz|24/100
|-unboost|p2a: Mandibuzz|spa|1
|move|p2a: Mandibuzz|Knock Off|p1a: Tapu Lele
|-damage|p1a: Tapu Lele|63/100
|-enditem|p1a: Tapu Lele|Twisted Spoon|[from] move: Knock Off|[of] p2a: Mandibuzz
|
|-end|p2a: Mandibuzz|move: Future Sight
|-immune|p2a: Mandibuzz
|upkeep
|turn|16
|j| mloetta
|c|☆mia corvere|gg
|
|t:|1606782103
|move|p1a: Tapu Lele|Moonblast|p2a: Mandibuzz
|-supereffective|p2a: Mandibuzz
|-crit|p2a: Mandibuzz
|-damage|p2a: Mandibuzz|0 fnt
|faint|p2a: Mandibuzz
|
|upkeep
|j| skyexperimenter
|
|t:|1606782105
|switch|p2a: Garchomp|Garchomp, M|100/100
|-damage|p2a: Garchomp|94/100|[from] Stealth Rock
|turn|17
|
|t:|1606782111
|switch|p1a: Mandibuzz|Mandibuzz, F|100/100
|move|p2a: Garchomp|Earthquake|p1a: Mandibuzz
|-immune|p1a: Mandibuzz
|
|upkeep
|turn|18
|
|t:|1606782114
|switch|p2a: Clefable|Clefable, F|32/100
|move|p1a: Mandibuzz|U-turn|p2a: Clefable
|-resisted|p2a: Clefable
|-damage|p2a: Clefable|27/100
|
|t:|1606782118
|switch|p1a: Tapu Lele|Tapu Lele|63/100|[from]move: U-turn
|-damage|p1a: Tapu Lele|50/100|[from] Stealth Rock
|-fieldstart|move: Psychic Terrain|[from] ability: Psychic Surge|[of] p1a: Tapu Lele
|
|-heal|p2a: Clefable|33/100|[from] item: Leftovers
|upkeep
|turn|19
|
|t:|1606782121
|switch|p2a: Slowbro|Slowbro, M|100/100
|move|p1a: Tapu Lele|Moonblast|p2a: Slowbro
|-damage|p2a: Slowbro|46/100
|-unboost|p2a: Slowbro|spa|1
|
|upkeep
|turn|20
|
|t:|1606782125
|move|p1a: Tapu Lele|Moonblast|p2a: Slowbro
|-damage|p2a: Slowbro|0 fnt
|faint|p2a: Slowbro
|
|upkeep
|
|t:|1606782126
|switch|p2a: Garchomp|Garchomp, M|94/100
|-damage|p2a: Garchomp|88/100|[from] Stealth Rock
|turn|21
|
|t:|1606782129
|move|p2a: Garchomp|Earthquake|p1a: Tapu Lele
|-damage|p1a: Tapu Lele|0 fnt
|-damage|p2a: Garchomp|78/100|[from] item: Life Orb
|faint|p1a: Tapu Lele
|
|upkeep
|
|t:|1606782134
|switch|p1a: Mandibuzz|Mandibuzz, F|100/100
|turn|22
|
|t:|1606782136
|move|p2a: Garchomp|Swords Dance|p2a: Garchomp
|-boost|p2a: Garchomp|atk|2
|move|p1a: Mandibuzz|Knock Off|p2a: Garchomp
|-damage|p2a: Garchomp|53/100
|-damage|p1a: Mandibuzz|88/100|[from] ability: Rough Skin|[of] p2a: Garchomp
|-enditem|p2a: Garchomp|Life Orb|[from] move: Knock Off|[of] p1a: Mandibuzz
|
|-fieldend|move: Psychic Terrain
|upkeep
|turn|23
|
|t:|1606782139
|move|p2a: Garchomp|Stone Edge|p1a: Mandibuzz|[miss]
|-miss|p2a: Garchomp|p1a: Mandibuzz
|move|p1a: Mandibuzz|U-turn|p2a: Garchomp
|-damage|p2a: Garchomp|41/100
|-damage|p1a: Mandibuzz|76/100|[from] ability: Rough Skin|[of] p2a: Garchomp
|
|t:|1606782141
|switch|p1a: Rillaboom|Rillaboom, F|100/100|[from]move: U-turn
|-damage|p1a: Rillaboom|88/100|[from] Stealth Rock
|-fieldstart|move: Grassy Terrain|[from] ability: Grassy Surge|[of] p1a: Rillaboom
|
|-heal|p2a: Garchomp|47/100|[from] Grassy Terrain
|-heal|p1a: Rillaboom|94/100|[from] Grassy Terrain
|upkeep
|turn|24
|
|t:|1606782143
|move|p1a: Rillaboom|Grassy Glide|p2a: Garchomp
|-damage|p2a: Garchomp|0 fnt
|-damage|p1a: Rillaboom|82/100|[from] ability: Rough Skin|[of] p2a: Garchomp
|faint|p2a: Garchomp
|
|-heal|p1a: Rillaboom|88/100|[from] Grassy Terrain
|upkeep
|c|☆mia corvere|gg
|-message|wsdfg forfeited.
|
|win|mia corvere
|l|☆wsdfg
|l|☆mia corvere
|l| mloetta
|l| N_94
|l| BatSol
|l| Vessev
|l| yourlilpogchamp
|raw|mia corvere's rating: 1907 &rarr; <strong>1921</strong><br />(+14 for winning)
|raw|wsdfg's rating: 1808 &rarr; <strong>1793</strong><br />(-15 for losing)
|l| Dallyranks
|j| Vessev
