|j|☆Pokefreak77
|j|☆a1212
|player|p1|Pokefreak77|170|1718
|player|p2|a1212|12|1713
|teamsize|p1|6
|teamsize|p2|6
|gametype|singles
|gen|8
|tier|[Gen 8] OU
|rated|
|clearpoke
|poke|p1|Alakazam, F|
|poke|p1|Cinderace, F|
|poke|p1|Slowbro, M|
|poke|p1|Excadrill, M|
|poke|p1|Clefable, F|
|poke|p1|Rillaboom, M|
|poke|p2|Dracozolt|
|poke|p2|Hippowdon, M|
|poke|p2|Marowak-Alola, M|
|poke|p2|Magearna|
|poke|p2|Urshifu-*, M|
|poke|p2|Mandibuzz, F|
|rule|Sleep Clause Mod: Limit one foe put to sleep
|rule|Species Clause: Limit one of each Pokémon
|rule|OHKO Clause: OHKO moves are banned
|rule|Evasion Moves Clause: Evasion moves are banned
|rule|Endless Battle Clause: Forcing endless battles is banned
|rule|HP Percentage Mod: HP is shown in percentages
|rule|Dynamax Clause: You cannot dynamax
|teampreview
|
|start
|switch|p1a: Alakazam|Alakazam, F|100/100
|switch|p2a: Dracozolt|Dracozolt|100/100
|turn|1
|
|switch|p1a: Excadrill|Excadrill, M|100/100
|-ability|p1a: Excadrill|Mold Breaker
|move|p2a: Dracozolt|Earthquake|p1a: Excadrill
|-supereffective|p1a: Excadrill
|-damage|p1a: Excadrill|0 fnt
|faint|p1a: Excadrill
|
|upkeep
|
|switch|p1a: Slowbro|Slowbro, M|100/100
|turn|2
|
|switch|p2a: Magearna|Magearna|100/100
|move|p1a: Slowbro|Teleport|p1a: Slowbro
|
|switch|p1a: Cinderace|Cinderace, F|100/100|[from]move: Teleport
|
|upkeep
|turn|3
|
|switch|p2a: Hippowdon|Hippowdon, M|100/100
|-weather|Sandstorm|[from] ability: Sand Stream|[of] p2a: Hippowdon
|move|p1a: Cinderace|Pyro Ball|p2a: Hippowdon
|-damage|p2a: Hippowdon|66/100
|-status|p2a: Hippowdon|brn
|
|-weather|Sandstorm|[upkeep]
|-damage|p1a: Cinderace|94/100|[from] Sandstorm
|-heal|p2a: Hippowdon|72/100 brn|[from] item: Leftovers
|-damage|p2a: Hippowdon|66/100 brn|[from] brn
|upkeep
|turn|4
|
|move|p1a: Cinderace|U-turn|p2a: Hippowdon
|-start|p1a: Cinderace|typechange|Bug|[from] ability: Libero
|-damage|p2a: Hippowdon|45/100 brn
|
|switch|p1a: Alakazam|Alakazam, F|100/100|[from]move: U-turn
|move|p2a: Hippowdon|Slack Off|p2a: Hippowdon
|-heal|p2a: Hippowdon|95/100 brn
|
|-weather|Sandstorm|[upkeep]
|-heal|p2a: Hippowdon|100/100 brn|[from] item: Leftovers
|-damage|p2a: Hippowdon|94/100 brn|[from] brn
|upkeep
|turn|5
|j| dfuze
|
|move|p1a: Alakazam|Nasty Plot|p1a: Alakazam
|-boost|p1a: Alakazam|spa|2
|move|p2a: Hippowdon|Earthquake|p1a: Alakazam
|-damage|p1a: Alakazam|55/100
|
|-weather|Sandstorm|[upkeep]
|-heal|p2a: Hippowdon|100/100 brn|[from] item: Leftovers
|-damage|p2a: Hippowdon|94/100 brn|[from] brn
|upkeep
|turn|6
|
|switch|p2a: Marowak|Marowak-Alola, M|100/100
|move|p1a: Alakazam|Focus Blast|p2a: Marowak
|-immune|p2a: Marowak
|
|-weather|Sandstorm|[upkeep]
|-damage|p2a: Marowak|94/100|[from] Sandstorm
|upkeep
|turn|7
|
|move|p1a: Alakazam|Shadow Ball|p2a: Marowak
|-supereffective|p2a: Marowak
|-damage|p2a: Marowak|0 fnt
|faint|p2a: Marowak
|
|-weather|none
|upkeep
|
|switch|p2a: Dracozolt|Dracozolt|100/100
|turn|8
|
|move|p2a: Dracozolt|Bolt Beak|p1a: Alakazam
|-damage|p1a: Alakazam|0 fnt
|faint|p1a: Alakazam
|
|upkeep
|
|switch|p1a: Rillaboom|Rillaboom, M|100/100
|-fieldstart|move: Grassy Terrain|[from] ability: Grassy Surge|[of] p1a: Rillaboom
|turn|9
|j| afk until tilt
|
|switch|p2a: Mandibuzz|Mandibuzz, F|100/100
|move|p1a: Rillaboom|Knock Off|p2a: Mandibuzz
|-resisted|p2a: Mandibuzz
|-damage|p2a: Mandibuzz|87/100
|-enditem|p2a: Mandibuzz|Heavy-Duty Boots|[from] move: Knock Off|[of] p1a: Rillaboom
|
|upkeep
|turn|10
|
|switch|p1a: Clefable|Clefable, F|100/100
|move|p2a: Mandibuzz|Foul Play|p1a: Clefable
|-resisted|p1a: Clefable
|-damage|p1a: Clefable|93/100
|
|-heal|p1a: Clefable|99/100|[from] item: Leftovers
|-heal|p1a: Clefable|100/100|[from] Grassy Terrain
|upkeep
|turn|11
|j| toinha ♫♪
|l| dfuze
|
|switch|p2a: Magearna|Magearna|100/100
|move|p1a: Clefable|Stealth Rock|p2a: Magearna
|-sidestart|p2: a1212|move: Stealth Rock
|
|upkeep
|turn|12
|
|switch|p1a: Cinderace|Cinderace, F|94/100
|move|p2a: Magearna|Flash Cannon|p1a: Cinderace
|-resisted|p1a: Cinderace
|-damage|p1a: Cinderace|46/100
|
|-heal|p1a: Cinderace|52/100|[from] Grassy Terrain
|upkeep
|turn|13
|
|switch|p2a: Hippowdon|Hippowdon, M|94/100 brn
|-damage|p2a: Hippowdon|88/100 brn|[from] Stealth Rock
|-weather|Sandstorm|[from] ability: Sand Stream|[of] p2a: Hippowdon
|move|p1a: Cinderace|Pyro Ball|p2a: Hippowdon
|-damage|p2a: Hippowdon|57/100 brn
|
|-weather|Sandstorm|[upkeep]
|-damage|p1a: Cinderace|46/100|[from] Sandstorm
|-heal|p1a: Cinderace|52/100|[from] Grassy Terrain
|-heal|p2a: Hippowdon|63/100 brn|[from] item: Leftovers
|-heal|p2a: Hippowdon|69/100 brn|[from] Grassy Terrain
|-fieldend|move: Grassy Terrain
|-damage|p2a: Hippowdon|63/100 brn|[from] brn
|upkeep
|turn|14
|
|move|p1a: Cinderace|U-turn|p2a: Hippowdon
|-start|p1a: Cinderace|typechange|Bug|[from] ability: Libero
|-damage|p2a: Hippowdon|42/100 brn
|
|switch|p1a: Rillaboom|Rillaboom, M|100/100|[from]move: U-turn
|-fieldstart|move: Grassy Terrain|[from] ability: Grassy Surge|[of] p1a: Rillaboom
|move|p2a: Hippowdon|Slack Off|p2a: Hippowdon
|-heal|p2a: Hippowdon|92/100 brn
|
|-weather|Sandstorm|[upkeep]
|-damage|p1a: Rillaboom|94/100|[from] Sandstorm
|-heal|p1a: Rillaboom|100/100|[from] Grassy Terrain
|-heal|p2a: Hippowdon|98/100 brn|[from] item: Leftovers
|-heal|p2a: Hippowdon|100/100 brn|[from] Grassy Terrain
|-damage|p2a: Hippowdon|94/100 brn|[from] brn
|upkeep
|turn|15
|
|switch|p2a: Mandibuzz|Mandibuzz, F|87/100
|-damage|p2a: Mandibuzz|62/100|[from] Stealth Rock
|move|p1a: Rillaboom|Wood Hammer|p2a: Mandibuzz
|-resisted|p2a: Mandibuzz
|-damage|p2a: Mandibuzz|22/100
|-damage|p1a: Rillaboom|85/100|[from] Recoil
|
|-weather|Sandstorm|[upkeep]
|-damage|p1a: Rillaboom|79/100|[from] Sandstorm
|-heal|p1a: Rillaboom|85/100|[from] Grassy Terrain
|upkeep
|turn|16
|
|move|p1a: Rillaboom|Wood Hammer|p2a: Mandibuzz
|-resisted|p2a: Mandibuzz
|-damage|p2a: Mandibuzz|0 fnt
|-damage|p1a: Rillaboom|77/100|[from] Recoil
|faint|p2a: Mandibuzz
|
|-weather|Sandstorm|[upkeep]
|-damage|p1a: Rillaboom|71/100|[from] Sandstorm
|-heal|p1a: Rillaboom|77/100|[from] Grassy Terrain
|upkeep
|
|switch|p2a: Urshifu|Urshifu-Rapid-Strike, M|100/100
|-damage|p2a: Urshifu|94/100|[from] Stealth Rock
|turn|17
|
|switch|p1a: Slowbro|Slowbro, M|100/100
|move|p2a: Urshifu|U-turn|p1a: Slowbro
|-supereffective|p1a: Slowbro
|-damage|p1a: Slowbro|55/100
|
|switch|p2a: Dracozolt|Dracozolt|100/100|[from]move: U-turn
|-damage|p2a: Dracozolt|88/100|[from] Stealth Rock
|
|-weather|none
|-heal|p2a: Dracozolt|94/100|[from] Grassy Terrain
|-heal|p1a: Slowbro|61/100|[from] Grassy Terrain
|upkeep
|turn|18
|
|move|p2a: Dracozolt|Bolt Beak|p1a: Slowbro
|-supereffective|p1a: Slowbro
|-damage|p1a: Slowbro|0 fnt
|faint|p1a: Slowbro
|
|-heal|p2a: Dracozolt|100/100|[from] Grassy Terrain
|-fieldend|move: Grassy Terrain
|upkeep
|
|switch|p1a: Rillaboom|Rillaboom, M|77/100
|-fieldstart|move: Grassy Terrain|[from] ability: Grassy Surge|[of] p1a: Rillaboom
|turn|19
|
|switch|p2a: Magearna|Magearna|100/100
|-damage|p2a: Magearna|94/100|[from] Stealth Rock
|move|p1a: Rillaboom|Knock Off|p2a: Magearna
|-resisted|p2a: Magearna
|-damage|p2a: Magearna|71/100
|-enditem|p2a: Magearna|Choice Specs|[from] move: Knock Off|[of] p1a: Rillaboom
|
|-heal|p1a: Rillaboom|83/100|[from] Grassy Terrain
|-heal|p2a: Magearna|77/100|[from] Grassy Terrain
|upkeep
|turn|20
|
|switch|p1a: Cinderace|Cinderace, F|52/100
|move|p2a: Magearna|Ice Beam|p1a: Cinderace
|-resisted|p1a: Cinderace
|-damage|p1a: Cinderace|30/100
|
|-heal|p1a: Cinderace|36/100|[from] Grassy Terrain
|-heal|p2a: Magearna|83/100|[from] Grassy Terrain
|upkeep
|turn|21
|
|move|p1a: Cinderace|U-turn|p2a: Magearna
|-start|p1a: Cinderace|typechange|Bug|[from] ability: Libero
|-resisted|p2a: Magearna
|-damage|p2a: Magearna|75/100
|
|switch|p1a: Clefable|Clefable, F|100/100|[from]move: U-turn
|move|p2a: Magearna|Volt Switch|p1a: Clefable
|-damage|p1a: Clefable|79/100
|
|switch|p2a: Dracozolt|Dracozolt|100/100|[from]move: Volt Switch
|-damage|p2a: Dracozolt|88/100|[from] Stealth Rock
|
|-heal|p2a: Dracozolt|94/100|[from] Grassy Terrain
|-heal|p1a: Clefable|85/100|[from] item: Leftovers
|-heal|p1a: Clefable|91/100|[from] Grassy Terrain
|upkeep
|turn|22
|
|move|p2a: Dracozolt|Bolt Beak|p1a: Clefable
|-damage|p1a: Clefable|0 fnt
|faint|p1a: Clefable
|
|-heal|p2a: Dracozolt|100/100|[from] Grassy Terrain
|upkeep
|
|switch|p1a: Rillaboom|Rillaboom, M|83/100
|turn|23
|
|move|p2a: Dracozolt|Bolt Beak|p1a: Rillaboom
|-resisted|p1a: Rillaboom
|-damage|p1a: Rillaboom|26/100
|move|p1a: Rillaboom|Wood Hammer|p2a: Dracozolt
|-resisted|p2a: Dracozolt
|-damage|p2a: Dracozolt|24/100
|-damage|p1a: Rillaboom|3/100|[from] Recoil
|
|-heal|p2a: Dracozolt|30/100|[from] Grassy Terrain
|-heal|p1a: Rillaboom|9/100|[from] Grassy Terrain
|-fieldend|move: Grassy Terrain
|upkeep
|turn|24
|
|move|p2a: Dracozolt|Bolt Beak|p1a: Rillaboom
|-resisted|p1a: Rillaboom
|-damage|p1a: Rillaboom|0 fnt
|faint|p1a: Rillaboom
|
|upkeep
|
|switch|p1a: Cinderace|Cinderace, F|36/100
|turn|25
|
|move|p2a: Dracozolt|Bolt Beak|p1a: Cinderace
|-damage|p1a: Cinderace|0 fnt
|faint|p1a: Cinderace
|
|win|a1212
|l|☆Pokefreak77
|l| toinha ♫♪
||Ladder (probably) updated, but score could not be retrieved (Request timeout).
