|raw|<div class="broadcast-blue"><strong>This battle is required to be public due to a player having a name starting with 'lt81yl'.</div>
|j|☆LT81YL BT
|j|☆Bannedbyweek2
|t:|1625514490
|gametype|singles
|player|p1|LT81YL BT|265|1945
|player|p2|Bannedbyweek2|pilot|1913
|teamsize|p1|6
|teamsize|p2|6
|gen|8
|tier|[Gen 8] OU
|rated|
|rule|Sleep Clause Mod: Limit one foe put to sleep
|rule|Species Clause: Limit one of each Pokémon
|rule|OHKO Clause: OHKO moves are banned
|rule|Evasion Moves Clause: Evasion moves are banned
|rule|Endless Battle Clause: Forcing endless battles is banned
|rule|HP Percentage Mod: HP is shown in percentages
|rule|Dynamax Clause: You cannot dynamax
|clearpoke
|poke|p1|Clefable, F|
|poke|p1|Slowking, M|
|poke|p1|Heatran, M|
|poke|p1|Zeraora|
|poke|p1|Rillaboom, M|
|poke|p1|Corviknight, M|
|poke|p2|Clefable, F|
|poke|p2|Corviknight, M|
|poke|p2|Garchomp, M|
|poke|p2|Toxapex, F|
|poke|p2|Slowking, F|
|poke|p2|Buzzwole|
|teampreview
|inactive|Battle timer is ON: inactive players will automatically lose when time's up. (requested by LT81YL BT)
|j| LT81YL ISZA
|j| LT81YL Tace
|j| Lopunny kicks
|j| ciri
|inactive|Bannedbyweek2 has 120 seconds left.
|
|t:|1625514533
|start
|switch|p1a: Itsuki|Clefable, F|100/100
|switch|p2a: Toxapex|Toxapex, F|100/100
|turn|1
|
|t:|1625514555
|switch|p2a: Corviknight|Corviknight, M|100/100
|-ability|p2a: Corviknight|Pressure
|move|p1a: Itsuki|Knock Off|p2a: Corviknight
|-damage|p2a: Corviknight|88/100
|-enditem|p2a: Corviknight|Leftovers|[from] move: Knock Off|[of] p1a: Itsuki
|
|upkeep
|turn|2
|
|t:|1625514564
|move|p2a: Corviknight|Bulk Up|p2a: Corviknight
|-boost|p2a: Corviknight|atk|1
|-boost|p2a: Corviknight|def|1
|move|p1a: Itsuki|Stealth Rock|p2a: Corviknight
|-sidestart|p2: Bannedbyweek2|move: Stealth Rock
|
|upkeep
|turn|3
|
|t:|1625514568
|switch|p1a: just friends|Slowking, M|100/100
|move|p2a: Corviknight|Defog|p1a: just friends
|-unboost|p1a: just friends|evasion|1
|-sideend|p2: Bannedbyweek2|Stealth Rock|[from] move: Defog|[of] p2a: Corviknight
|
|upkeep
|turn|4
|j| LT81YL Veritas
|
|t:|1625514577
|move|p2a: Corviknight|Brave Bird|p1a: just friends
|-damage|p1a: just friends|56/100
|-damage|p2a: Corviknight|74/100|[from] Recoil
|move|p1a: just friends|Future Sight|p2a: Corviknight
|-start|p1a: just friends|move: Future Sight
|
|upkeep
|turn|5
|
|t:|1625514585
|move|p2a: Corviknight|Roost|p2a: Corviknight
|-heal|p2a: Corviknight|100/100
|-singleturn|p2a: Corviknight|move: Roost
|move|p1a: just friends|Teleport|p1a: just friends
|
|t:|1625514589
|switch|p1a: the reaper|Heatran, M|100/100|[from]move: Teleport
|
|upkeep
|turn|6
|
|t:|1625514596
|switch|p2a: Tricking|Slowking, F, shiny|100/100
|move|p1a: the reaper|Magma Storm|p2a: Tricking|[miss]
|-miss|p1a: the reaper|p2a: Tricking
|
|-end|p2a: Tricking|move: Future Sight
|-resisted|p2a: Tricking
|-damage|p2a: Tricking|92/100
|upkeep
|turn|7
|
|t:|1625514602
|move|p1a: the reaper|Toxic|p2a: Tricking
|-status|p2a: Tricking|tox
|move|p2a: Tricking|Future Sight|p1a: the reaper
|-start|p2a: Tricking|move: Future Sight
|
|-damage|p2a: Tricking|86/100 tox|[from] psn
|upkeep
|turn|8
|
|t:|1625514607
|switch|p1a: Itsuki|Clefable, F|100/100
|move|p2a: Tricking|Scald|p1a: Itsuki
|-damage|p1a: Itsuki|75/100
|-status|p1a: Itsuki|brn
|
|-heal|p1a: Itsuki|81/100 brn|[from] item: Leftovers
|-damage|p2a: Tricking|74/100 tox|[from] psn
|upkeep
|turn|9
|l| ciri
|
|t:|1625514612
|switch|p2a: Corviknight|Corviknight, M|100/100
|-ability|p2a: Corviknight|Pressure
|move|p1a: Itsuki|Stealth Rock|p2a: Corviknight
|-sidestart|p2: Bannedbyweek2|move: Stealth Rock
|
|-end|p1a: Itsuki|move: Future Sight
|-damage|p1a: Itsuki|40/100 brn
|-heal|p1a: Itsuki|46/100 brn|[from] item: Leftovers
|upkeep
|turn|10
|j| Jyph
|j| LT81YL Manolo
|j| Kobato Hanato
|
|t:|1625514623
|move|p2a: Corviknight|Bulk Up|p2a: Corviknight
|-boost|p2a: Corviknight|atk|1
|-boost|p2a: Corviknight|def|1
|move|p1a: Itsuki|Soft-Boiled|p1a: Itsuki
|-heal|p1a: Itsuki|96/100 brn
|
|-heal|p1a: Itsuki|100/100 brn|[from] item: Leftovers
|upkeep
|turn|11
|j| LT81YL crying
|j| marco400
|
|t:|1625514631
|move|p2a: Corviknight|Defog|p1a: Itsuki
|-unboost|p1a: Itsuki|evasion|1
|-sideend|p2: Bannedbyweek2|Stealth Rock|[from] move: Defog|[of] p2a: Corviknight
|move|p1a: Itsuki|Stealth Rock|p2a: Corviknight
|-sidestart|p2: Bannedbyweek2|move: Stealth Rock
|
|upkeep
|turn|12
|
|t:|1625514635
|switch|p1a: the reaper|Heatran, M|100/100
|move|p2a: Corviknight|Defog|p1a: the reaper
|-unboost|p1a: the reaper|evasion|1
|-sideend|p2: Bannedbyweek2|Stealth Rock|[from] move: Defog|[of] p2a: Corviknight
|
|upkeep
|turn|13
|
|t:|1625514645
|switch|p1a: Itsuki|Clefable, F|100/100 brn
|switch|p2a: Toxapex|Toxapex, F|100/100
|
|upkeep
|turn|14
|j| LT81YL ez
|
|t:|1625514650
|switch|p2a: Corviknight|Corviknight, M|100/100
|-ability|p2a: Corviknight|Pressure
|move|p1a: Itsuki|Knock Off|p2a: Corviknight
|-damage|p2a: Corviknight|96/100
|
|upkeep
|turn|15
|l| marco400
|
|t:|1625514655
|switch|p1a: 2 soon|Corviknight, M|100/100
|-ability|p1a: 2 soon|Pressure
|move|p2a: Corviknight|Bulk Up|p2a: Corviknight
|-boost|p2a: Corviknight|atk|1
|-boost|p2a: Corviknight|def|1
|
|upkeep
|turn|16
|
|t:|1625514661
|switch|p2a: Toxapex|Toxapex, F|100/100
|move|p1a: 2 soon|U-turn|p2a: Toxapex
|-resisted|p2a: Toxapex
|-damage|p2a: Toxapex|95/100
|
|t:|1625514667
|switch|p1a: just friends|Slowking, M|90/100|[from]move: U-turn
|
|upkeep
|turn|17
|j|+avarice
|
|t:|1625514675
|move|p2a: Toxapex|Knock Off|p1a: just friends
|-supereffective|p1a: just friends
|-damage|p1a: just friends|61/100
|-enditem|p1a: just friends|Heavy-Duty Boots|[from] move: Knock Off|[of] p2a: Toxapex
|move|p1a: just friends|Future Sight|p2a: Toxapex
|-start|p1a: just friends|move: Future Sight
|
|upkeep
|turn|18
|l| LT81YL Manolo
|
|t:|1625514687
|switch|p2a: Garchomp|Garchomp, M|100/100
|move|p1a: just friends|Teleport|p1a: just friends
|
|t:|1625514692
|switch|p1a: no space|Rillaboom, M|100/100|[from]move: Teleport
|-fieldstart|move: Grassy Terrain|[from] ability: Grassy Surge|[of] p1a: no space
|
|upkeep
|turn|19
|
|t:|1625514706
|move|p1a: no space|Superpower|p2a: Garchomp
|-damage|p2a: Garchomp|45/100
|-unboost|p1a: no space|atk|1
|-unboost|p1a: no space|def|1
|-damage|p1a: no space|88/100|[from] ability: Rough Skin|[of] p2a: Garchomp
|move|p2a: Garchomp|Toxic|p1a: no space|[miss]
|-miss|p2a: Garchomp|p1a: no space
|
|-end|p2a: Garchomp|move: Future Sight
|-damage|p2a: Garchomp|18/100
|-heal|p1a: no space|94/100|[from] Grassy Terrain
|-heal|p2a: Garchomp|24/100|[from] Grassy Terrain
|-heal|p2a: Garchomp|30/100|[from] item: Leftovers
|upkeep
|turn|20
|
|t:|1625514724
|switch|p2a: Toxapex|Toxapex, F|100/100
|move|p1a: no space|Superpower|p2a: Toxapex
|-resisted|p2a: Toxapex
|-damage|p2a: Toxapex|84/100
|-unboost|p1a: no space|atk|1
|-unboost|p1a: no space|def|1
|
|-heal|p1a: no space|100/100|[from] Grassy Terrain
|-heal|p2a: Toxapex|90/100|[from] Grassy Terrain
|upkeep
|turn|21
|
|t:|1625514727
|switch|p1a: Itsuki|Clefable, F|100/100 brn
|switch|p2a: Garchomp|Garchomp, M|30/100
|
|-heal|p2a: Garchomp|36/100|[from] Grassy Terrain
|-heal|p2a: Garchomp|42/100|[from] item: Leftovers
|upkeep
|turn|22
|
|t:|1625514732
|switch|p2a: Corviknight|Corviknight, M|96/100
|-ability|p2a: Corviknight|Pressure
|move|p1a: Itsuki|Moonblast|p2a: Corviknight
|-resisted|p2a: Corviknight
|-damage|p2a: Corviknight|86/100
|-unboost|p2a: Corviknight|spa|1
|
|-fieldend|move: Grassy Terrain
|upkeep
|turn|23
|j| LT81YL stareal
|
|t:|1625514739
|move|p2a: Corviknight|Brave Bird|p1a: Itsuki
|-damage|p1a: Itsuki|74/100 brn
|-damage|p2a: Corviknight|78/100|[from] Recoil
|move|p1a: Itsuki|Stealth Rock|p2a: Corviknight
|-sidestart|p2: Bannedbyweek2|move: Stealth Rock
|
|-heal|p1a: Itsuki|80/100 brn|[from] item: Leftovers
|upkeep
|turn|24
|
|t:|1625514742
|switch|p1a: 2 soon|Corviknight, M|100/100
|-ability|p1a: 2 soon|Pressure
|move|p2a: Corviknight|Defog|p1a: 2 soon
|-unboost|p1a: 2 soon|evasion|1
|-sideend|p2: Bannedbyweek2|Stealth Rock|[from] move: Defog|[of] p2a: Corviknight
|
|upkeep
|turn|25
|
|t:|1625514751
|switch|p2a: Buzzwole|Buzzwole|100/100
|move|p1a: 2 soon|U-turn|p2a: Buzzwole
|-resisted|p2a: Buzzwole
|-damage|p2a: Buzzwole|97/100
|
|t:|1625514757
|switch|p1a: Itsuki|Clefable, F|80/100 brn|[from]move: U-turn
|
|-heal|p1a: Itsuki|86/100 brn|[from] item: Leftovers
|upkeep
|turn|26
|
|t:|1625514763
|switch|p2a: Corviknight|Corviknight, M|78/100
|-ability|p2a: Corviknight|Pressure
|move|p1a: Itsuki|Stealth Rock|p2a: Corviknight
|-sidestart|p2: Bannedbyweek2|move: Stealth Rock
|
|-heal|p1a: Itsuki|92/100 brn|[from] item: Leftovers
|upkeep
|turn|27
|
|t:|1625514766
|switch|p1a: 2 soon|Corviknight, M|100/100
|-ability|p1a: 2 soon|Pressure
|move|p2a: Corviknight|Defog|p1a: 2 soon
|-unboost|p1a: 2 soon|evasion|1
|-sideend|p2: Bannedbyweek2|Stealth Rock|[from] move: Defog|[of] p2a: Corviknight
|
|upkeep
|turn|28
|j| Champion Maxfield
|
|t:|1625514773
|move|p2a: Corviknight|Roost|p2a: Corviknight
|-heal|p2a: Corviknight|100/100
|-singleturn|p2a: Corviknight|move: Roost
|move|p1a: 2 soon|U-turn|p2a: Corviknight
|-resisted|p2a: Corviknight
|-damage|p2a: Corviknight|95/100
|
|t:|1625514776
|switch|p1a: the reaper|Heatran, M|100/100|[from]move: U-turn
|
|upkeep
|turn|29
|
|t:|1625514787
|switch|p1a: just friends|Slowking, M|94/100
|switch|p2a: Toxapex|Toxapex, F|100/100
|
|upkeep
|turn|30
|
|t:|1625514795
|switch|p2a: Garchomp|Garchomp, M|42/100
|move|p1a: just friends|Future Sight|p2a: Garchomp
|-start|p1a: just friends|move: Future Sight
|
|-heal|p2a: Garchomp|49/100|[from] item: Leftovers
|upkeep
|turn|31
|
|t:|1625514805
|move|p2a: Garchomp|Stealth Rock|p1a: just friends
|-sidestart|p1: LT81YL BT|move: Stealth Rock
|move|p1a: just friends|Scald|p2a: Garchomp
|-damage|p2a: Garchomp|32/100
|
|-heal|p2a: Garchomp|38/100|[from] item: Leftovers
|upkeep
|turn|32
|j| jmoore15
|
|t:|1625514812
|move|p2a: Garchomp|Rest|p2a: Garchomp
|-status|p2a: Garchomp|slp|[from] move: Rest
|-heal|p2a: Garchomp|100/100 slp|[silent]
|move|p1a: just friends|Scald|p2a: Garchomp
|-damage|p2a: Garchomp|82/100 slp
|
|-end|p2a: Garchomp|move: Future Sight
|-damage|p2a: Garchomp|57/100 slp
|-heal|p2a: Garchomp|63/100 slp|[from] item: Leftovers
|upkeep
|turn|33
|j| 1amlosing
|
|t:|1625514817
|cant|p2a: Garchomp|slp
|move|p1a: just friends|Future Sight|p2a: Garchomp
|-start|p1a: just friends|move: Future Sight
|
|-heal|p2a: Garchomp|70/100 slp|[from] item: Leftovers
|upkeep
|turn|34
|
|t:|1625514820
|cant|p2a: Garchomp|slp
|move|p1a: just friends|Teleport|p1a: just friends
|
|t:|1625514825
|switch|p1a: no space|Rillaboom, M|100/100|[from]move: Teleport
|-damage|p1a: no space|88/100|[from] Stealth Rock
|-fieldstart|move: Grassy Terrain|[from] ability: Grassy Surge|[of] p1a: no space
|
|-heal|p1a: no space|94/100|[from] Grassy Terrain
|-heal|p2a: Garchomp|76/100 slp|[from] Grassy Terrain
|-heal|p2a: Garchomp|82/100 slp|[from] item: Leftovers
|upkeep
|turn|35
|
|t:|1625514838
|switch|p2a: Corviknight|Corviknight, M|95/100
|-ability|p2a: Corviknight|Pressure
|move|p1a: no space|Superpower|p2a: Corviknight
|-damage|p2a: Corviknight|42/100
|-unboost|p1a: no space|atk|1
|-unboost|p1a: no space|def|1
|
|-end|p2a: Corviknight|move: Future Sight
|-resisted|p2a: Corviknight
|-damage|p2a: Corviknight|27/100
|-heal|p1a: no space|100/100|[from] Grassy Terrain
|upkeep
|turn|36
|
|t:|1625514848
|switch|p2a: Toxapex|Toxapex, F|100/100
|move|p1a: no space|Superpower|p2a: Toxapex
|-resisted|p2a: Toxapex
|-damage|p2a: Toxapex|84/100
|-unboost|p1a: no space|atk|1
|-unboost|p1a: no space|def|1
|
|-heal|p2a: Toxapex|90/100|[from] Grassy Terrain
|upkeep
|turn|37
|
|t:|1625514853
|switch|p2a: Corviknight|Corviknight, M|27/100
|-ability|p2a: Corviknight|Pressure
|move|p1a: no space|Superpower|p2a: Corviknight
|-damage|p2a: Corviknight|0 fnt
|-unboost|p1a: no space|atk|1
|-unboost|p1a: no space|def|1
|faint|p2a: Corviknight
|
|upkeep
|j| Time kekker
|
|t:|1625514861
|switch|p2a: Toxapex|Toxapex, F|100/100
|turn|38
|
|t:|1625514865
|switch|p1a: just friends|Slowking, M|100/100
|-damage|p1a: just friends|88/100|[from] Stealth Rock
|move|p2a: Toxapex|Knock Off|p1a: just friends
|-supereffective|p1a: just friends
|-damage|p1a: just friends|70/100
|
|-heal|p1a: just friends|76/100|[from] Grassy Terrain
|-fieldend|move: Grassy Terrain
|upkeep
|turn|39
|
|t:|1625514876
|switch|p2a: Buzzwole|Buzzwole|97/100
|move|p1a: just friends|Future Sight|p2a: Buzzwole
|-start|p1a: just friends|move: Future Sight
|
|upkeep
|turn|40
|
|t:|1625514887
|switch|p2a: Toxapex|Toxapex, F|100/100
|switch|p1a: 2 soon|Corviknight, M|100/100
|-damage|p1a: 2 soon|88/100|[from] Stealth Rock
|-ability|p1a: 2 soon|Pressure
|
|-heal|p1a: 2 soon|94/100|[from] item: Leftovers
|upkeep
|turn|41
|
|t:|1625514891
|move|p1a: 2 soon|Defog|p2a: Toxapex
|-unboost|p2a: Toxapex|evasion|1
|-sideend|p1: LT81YL BT|Stealth Rock|[from] move: Defog|[of] p1a: 2 soon
|move|p2a: Toxapex|Knock Off|p1a: 2 soon
|-damage|p1a: 2 soon|84/100
|-enditem|p1a: 2 soon|Leftovers|[from] move: Knock Off|[of] p2a: Toxapex
|
|-end|p2a: Toxapex|move: Future Sight
|-supereffective|p2a: Toxapex
|-damage|p2a: Toxapex|46/100
|upkeep
|turn|42
|
|t:|1625514895
|switch|p2a: Garchomp|Garchomp, M|82/100 slp
|move|p1a: 2 soon|U-turn|p2a: Garchomp
|-damage|p2a: Garchomp|70/100 slp
|-damage|p1a: 2 soon|72/100|[from] ability: Rough Skin|[of] p2a: Garchomp
|
|t:|1625514898
|switch|p1a: no space|Rillaboom, M|100/100|[from]move: U-turn
|-fieldstart|move: Grassy Terrain|[from] ability: Grassy Surge|[of] p1a: no space
|
|-heal|p2a: Garchomp|76/100 slp|[from] Grassy Terrain
|-heal|p2a: Garchomp|82/100 slp|[from] item: Leftovers
|upkeep
|turn|43
|
|t:|1625514905
|switch|p1a: just friends|Slowking, M|100/100
|switch|p2a: Buzzwole|Buzzwole|97/100
|
|-heal|p2a: Buzzwole|100/100|[from] Grassy Terrain
|upkeep
|turn|44
|
|t:|1625514909
|move|p2a: Buzzwole|Leech Life|p1a: just friends
|-supereffective|p1a: just friends
|-damage|p1a: just friends|27/100
|move|p1a: just friends|Future Sight|p2a: Buzzwole
|-start|p1a: just friends|move: Future Sight
|
|-heal|p1a: just friends|33/100|[from] Grassy Terrain
|upkeep
|turn|45
|j| coke25
|n| Time kekker|timekekker
|
|t:|1625514926
|switch|p2a: Toxapex|Toxapex, F|80/100
|switch|p1a: Itsuki|Clefable, F|92/100 brn
|
|-heal|p1a: Itsuki|98/100 brn|[from] Grassy Terrain
|-heal|p1a: Itsuki|100/100 brn|[from] item: Leftovers
|-heal|p2a: Toxapex|86/100|[from] Grassy Terrain
|upkeep
|turn|46
|
|t:|1625514932
|move|p1a: Itsuki|Stealth Rock|p2a: Toxapex
|-sidestart|p2: Bannedbyweek2|move: Stealth Rock
|move|p2a: Toxapex|Knock Off|p1a: Itsuki
|-resisted|p1a: Itsuki
|-damage|p1a: Itsuki|94/100 brn
|-enditem|p1a: Itsuki|Leftovers|[from] move: Knock Off|[of] p2a: Toxapex
|
|-end|p2a: Toxapex|move: Future Sight
|-supereffective|p2a: Toxapex
|-damage|p2a: Toxapex|32/100
|-heal|p1a: Itsuki|99/100 brn|[from] Grassy Terrain
|-heal|p2a: Toxapex|38/100|[from] Grassy Terrain
|-fieldend|move: Grassy Terrain
|upkeep
|turn|47
|l| LT81YL Veritas
|
|t:|1625514940
|switch|p1a: just friends|Slowking, M|67/100
|move|p2a: Toxapex|Recover|p2a: Toxapex
|-heal|p2a: Toxapex|88/100
|
|upkeep
|turn|48
|j| BestixL
|
|t:|1625514945
|switch|p2a: Garchomp|Garchomp, M|82/100 slp
|-damage|p2a: Garchomp|76/100 slp|[from] Stealth Rock
|move|p1a: just friends|Future Sight|p2a: Garchomp
|-start|p1a: just friends|move: Future Sight
|
|-heal|p2a: Garchomp|82/100 slp|[from] item: Leftovers
|upkeep
|turn|49
|
|t:|1625514958
|-curestatus|p2a: Garchomp|slp|[msg]
|move|p2a: Garchomp|Stealth Rock|p1a: just friends
|-sidestart|p1: LT81YL BT|move: Stealth Rock
|move|p1a: just friends|Teleport|p1a: just friends
|j|+Eo
|
|t:|1625514961
|switch|p1a: no space|Rillaboom, M|100/100|[from]move: Teleport
|-damage|p1a: no space|88/100|[from] Stealth Rock
|-fieldstart|move: Grassy Terrain|[from] ability: Grassy Surge|[of] p1a: no space
|
|-heal|p1a: no space|94/100|[from] Grassy Terrain
|-heal|p2a: Garchomp|88/100|[from] Grassy Terrain
|-heal|p2a: Garchomp|94/100|[from] item: Leftovers
|upkeep
|turn|50
|
|t:|1625514972
|move|p1a: no space|Wood Hammer|p2a: Garchomp
|-damage|p2a: Garchomp|0 fnt
|-damage|p1a: no space|82/100|[from] ability: Rough Skin|[of] p2a: Garchomp
|faint|p2a: Garchomp
|-damage|p1a: no space|44/100|[from] Recoil
|
|-hint|Future Sight did not hit because the target is fainted.
|-heal|p1a: no space|50/100|[from] Grassy Terrain
|upkeep
|
|t:|1625514982
|switch|p2a: Buzzwole|Buzzwole|100/100
|turn|51
|
|t:|1625514991
|switch|p1a: Itsuki|Clefable, F|99/100 brn
|switch|p2a: Toxapex|Toxapex, F|100/100
|-damage|p2a: Toxapex|88/100|[from] Stealth Rock
|
|-heal|p1a: Itsuki|100/100 brn|[from] Grassy Terrain
|-heal|p2a: Toxapex|94/100|[from] Grassy Terrain
|upkeep
|turn|52
|
|t:|1625514998
|switch|p1a: 2 soon|Corviknight, M|72/100
|-damage|p1a: 2 soon|60/100|[from] Stealth Rock
|-ability|p1a: 2 soon|Pressure
|move|p2a: Toxapex|Poison Jab|p1a: 2 soon
|-immune|p1a: 2 soon
|
|-heal|p2a: Toxapex|99/100|[from] Grassy Terrain
|upkeep
|turn|53
|
|t:|1625515002
|switch|p2a: Clefable|Clefable, F|100/100
|move|p1a: 2 soon|Defog|p2a: Clefable
|-unboost|p2a: Clefable|evasion|1
|-sideend|p2: Bannedbyweek2|Stealth Rock|[from] move: Defog|[of] p1a: 2 soon
|-sideend|p1: LT81YL BT|Stealth Rock|[from] move: Defog|[of] p1a: 2 soon
|-fieldend|move: Grassy Terrain
|
|upkeep
|turn|54
|
|t:|1625515005
|move|p2a: Clefable|Calm Mind|p2a: Clefable
|-boost|p2a: Clefable|spa|1
|-boost|p2a: Clefable|spd|1
|move|p1a: 2 soon|U-turn|p2a: Clefable
|-resisted|p2a: Clefable
|-damage|p2a: Clefable|95/100
|
|t:|1625515013
|switch|p1a: no space|Rillaboom, M|50/100|[from]move: U-turn
|-fieldstart|move: Grassy Terrain|[from] ability: Grassy Surge|[of] p1a: no space
|
|-heal|p1a: no space|56/100|[from] Grassy Terrain
|-heal|p2a: Clefable|100/100|[from] Grassy Terrain
|upkeep
|turn|55
|
|t:|1625515023
|switch|p1a: just friends|Slowking, M|99/100
|move|p2a: Clefable|Moonblast|p1a: just friends
|-crit|p1a: just friends
|-damage|p1a: just friends|56/100
|-unboost|p1a: just friends|spa|1
|
|-heal|p1a: just friends|62/100|[from] Grassy Terrain
|upkeep
|turn|56
|
|t:|1625515028
|move|p2a: Clefable|Calm Mind|p2a: Clefable
|-boost|p2a: Clefable|spa|1
|-boost|p2a: Clefable|spd|1
|move|p1a: just friends|Future Sight|p2a: Clefable
|-start|p1a: just friends|move: Future Sight
|
|-heal|p1a: just friends|68/100|[from] Grassy Terrain
|upkeep
|turn|57
|
|t:|1625515032
|move|p2a: Clefable|Moonblast|p1a: just friends
|-crit|p1a: just friends
|-damage|p1a: just friends|8/100
|move|p1a: just friends|Teleport|p1a: just friends
|
|t:|1625515035
|switch|p1a: no space|Rillaboom, M|56/100|[from]move: Teleport
|
|-heal|p1a: no space|62/100|[from] Grassy Terrain
|upkeep
|turn|58
|
|t:|1625515039
|move|p1a: no space|Wood Hammer|p2a: Clefable
|-damage|p2a: Clefable|4/100
|-damage|p1a: no space|25/100|[from] Recoil
|move|p2a: Clefable|Moonblast|p1a: no space
|-damage|p1a: no space|0 fnt
|faint|p1a: no space
|
|-end|p2a: Clefable|move: Future Sight
|-damage|p2a: Clefable|0 fnt
|faint|p2a: Clefable
|-fieldend|move: Grassy Terrain
|upkeep
|j| blackfabou
|inactive|LT81YL BT has 120 seconds left.
|l| blackfabou
|
|t:|1625515076
|switch|p1a: 2 soon|Corviknight, M|60/100
|switch|p2a: Tricking|Slowking, F, shiny|100/100 tox
|-ability|p1a: 2 soon|Pressure
|turn|59
|
|t:|1625515081
|move|p1a: 2 soon|U-turn|p2a: Tricking
|-supereffective|p2a: Tricking
|-damage|p2a: Tricking|71/100 tox
|
|t:|1625515083
|switch|p1a: just friends|Slowking, M|41/100|[from]move: U-turn
|move|p2a: Tricking|Future Sight|p1a: just friends
|-start|p2a: Tricking|move: Future Sight
|
|-damage|p2a: Tricking|65/100 tox|[from] psn
|upkeep
|turn|60
|l| LT81YL crying
|
|t:|1625515090
|move|p2a: Tricking|Scald|p1a: just friends
|-resisted|p1a: just friends
|-damage|p1a: just friends|32/100
|move|p1a: just friends|Future Sight|p2a: Tricking
|-start|p1a: just friends|move: Future Sight
|
|-damage|p2a: Tricking|53/100 tox|[from] psn
|upkeep
|turn|61
|
|t:|1625515097
|move|p1a: just friends|Slack Off|p1a: just friends
|-heal|p1a: just friends|82/100
|move|p2a: Tricking|Dragon Tail|p1a: just friends
|-damage|p1a: just friends|73/100
|drag|p1a: the reaper|Heatran, M|100/100
|
|-end|p1a: the reaper|move: Future Sight
|-resisted|p1a: the reaper
|-damage|p1a: the reaper|86/100
|-heal|p1a: the reaper|92/100|[from] item: Leftovers
|-damage|p2a: Tricking|35/100 tox|[from] psn
|upkeep
|turn|62
|
|t:|1625515108
|switch|p2a: Toxapex|Toxapex, F|100/100
|move|p1a: the reaper|Magma Storm|p2a: Toxapex
|-resisted|p2a: Toxapex
|-damage|p2a: Toxapex|87/100
|-activate|p2a: Toxapex|move: Magma Storm|[of] p1a: the reaper
|
|-end|p2a: Toxapex|move: Future Sight
|-supereffective|p2a: Toxapex
|-damage|p2a: Toxapex|34/100
|-heal|p1a: the reaper|98/100|[from] item: Leftovers
|-damage|p2a: Toxapex|22/100|[from] move: Magma Storm|[partiallytrapped]
|upkeep
|turn|63
|
|t:|1625515113
|switch|p2a: Tricking|Slowking, F, shiny|68/100 tox
|move|p1a: the reaper|Earth Power|p2a: Tricking
|-damage|p2a: Tricking|58/100 tox
|
|-heal|p1a: the reaper|100/100|[from] item: Leftovers
|-damage|p2a: Tricking|52/100 tox|[from] psn
|upkeep
|turn|64
|
|t:|1625515118
|switch|p1a: Itsuki|Clefable, F|100/100 brn
|switch|p2a: Toxapex|Toxapex, F|56/100
|
|upkeep
|turn|65
|j| Zoro666
|
|t:|1625515123
|move|p1a: Itsuki|Stealth Rock|p2a: Toxapex
|-sidestart|p2: Bannedbyweek2|move: Stealth Rock
|move|p2a: Toxapex|Poison Jab|p1a: Itsuki
|-supereffective|p1a: Itsuki
|-crit|p1a: Itsuki
|-damage|p1a: Itsuki|57/100 brn
|
|upkeep
|turn|66
|
|t:|1625515127
|switch|p2a: Tricking|Slowking, F, shiny|85/100 tox
|-damage|p2a: Tricking|72/100 tox|[from] Stealth Rock
|move|p1a: Itsuki|Soft-Boiled|p1a: Itsuki
|-heal|p1a: Itsuki|100/100 brn
|
|-damage|p2a: Tricking|66/100 tox|[from] psn
|upkeep
|turn|67
|j| lt81ylaplgs
|
|t:|1625515132
|switch|p1a: just friends|Slowking, M|100/100
|switch|p2a: Toxapex|Toxapex, F|89/100
|-damage|p2a: Toxapex|77/100|[from] Stealth Rock
|
|upkeep
|turn|68
|
|t:|1625515137
|move|p2a: Toxapex|Poison Jab|p1a: just friends
|-damage|p1a: just friends|84/100
|move|p1a: just friends|Future Sight|p2a: Toxapex
|-start|p1a: just friends|move: Future Sight
|
|upkeep
|turn|69
|
|t:|1625515146
|switch|p2a: Buzzwole|Buzzwole|100/100
|move|p1a: just friends|Teleport|p1a: just friends
|j| vipersniper96
|
|t:|1625515161
|switch|p1a: Yotsuba no chikara|Zeraora|100/100|[from]move: Teleport
|
|upkeep
|turn|70
|j| EPICMAN19
|
|t:|1625515181
|move|p1a: Yotsuba no chikara|Bulk Up|p1a: Yotsuba no chikara
|-boost|p1a: Yotsuba no chikara|atk|1
|-boost|p1a: Yotsuba no chikara|def|1
|move|p2a: Buzzwole|Ice Punch|p1a: Yotsuba no chikara
|-damage|p1a: Yotsuba no chikara|81/100
|
|-end|p2a: Buzzwole|move: Future Sight
|-supereffective|p2a: Buzzwole
|-damage|p2a: Buzzwole|0 fnt
|faint|p2a: Buzzwole
|-heal|p1a: Yotsuba no chikara|87/100|[from] item: Leftovers
|upkeep
|c|☆Bannedbyweek2|gg
|c|☆LT81YL BT|gg
|-message|Bannedbyweek2 forfeited.
|
|win|LT81YL BT
|l|☆Bannedbyweek2
|raw|LT81YL BT's rating: 1945 &rarr; <strong>1963</strong><br />(+18 for winning)
|raw|Bannedbyweek2's rating: 1913 &rarr; <strong>1895</strong><br />(-18 for losing)
|l| EPICMAN19
|l| Zoro666
|l|☆LT81YL BT
|l| lt81ylaplgs
|l| Kobato Hanato
|l| Champion Maxfield
|l| vipersniper96
|l|+avarice
|l| Jyph
||Ladder isn't responding, score probably updated but might not have (Request timeout).
|j| Surfy
