|j|☆winter lanterns
|j|☆b0wita
|t:|1595415488
|player|p1|winter lanterns|170|1829
|player|p2|b0wita|barry|1740
|teamsize|p1|6
|teamsize|p2|6
|gametype|singles
|gen|8
|tier|[Gen 8] OU
|rated|
|clearpoke
|poke|p1|Excadrill, M|
|poke|p1|Dragapult, M|
|poke|p1|Cinderace, M|
|poke|p1|Magearna|
|poke|p1|Zeraora|
|poke|p1|Rillaboom, M|
|poke|p2|Cinderace, M|
|poke|p2|Kommo-o, F|
|poke|p2|Amoonguss, F|
|poke|p2|Dragapult, M|
|poke|p2|Mandibuzz, F|
|poke|p2|Magearna|
|rule|Sleep Clause Mod: Limit one foe put to sleep
|rule|Species Clause: Limit one of each Pokémon
|rule|OHKO Clause: OHKO moves are banned
|rule|Evasion Moves Clause: Evasion moves are banned
|rule|Endless Battle Clause: Forcing endless battles is banned
|rule|HP Percentage Mod: HP is shown in percentages
|rule|Dynamax Clause: You cannot dynamax
|teampreview
|
|t:|1595415514
|start
|switch|p1a: Excadrill|Excadrill, M|100/100
|switch|p2a: Kommo-o|Kommo-o, F|100/100
|-ability|p1a: Excadrill|Mold Breaker
|turn|1
|
|t:|1595415526
|move|p1a: Excadrill|Earthquake|p2a: Kommo-o
|-damage|p2a: Kommo-o|64/100
|move|p2a: Kommo-o|Body Press|p1a: Excadrill
|-supereffective|p1a: Excadrill
|-enditem|p1a: Excadrill|Focus Sash
|-damage|p1a: Excadrill|1/100
|
|upkeep
|turn|2
|
|t:|1595415532
|move|p1a: Excadrill|Stealth Rock|p2a: Kommo-o
|-sidestart|p2: b0wita|move: Stealth Rock
|move|p2a: Kommo-o|Stealth Rock|p1a: Excadrill
|-sidestart|p1: winter lanterns|move: Stealth Rock
|
|upkeep
|turn|3
|
|t:|1595415539
|move|p1a: Excadrill|Earthquake|p2a: Kommo-o
|-damage|p2a: Kommo-o|25/100
|move|p2a: Kommo-o|Body Press|p1a: Excadrill
|-supereffective|p1a: Excadrill
|-damage|p1a: Excadrill|0 fnt
|faint|p1a: Excadrill
|
|upkeep
|
|t:|1595415546
|switch|p1a: Cinderace|Cinderace, M|100/100
|turn|4
|
|t:|1595415551
|move|p1a: Cinderace|Zen Headbutt|p2a: Kommo-o
|-start|p1a: Cinderace|typechange|Psychic|[from] ability: Libero
|-supereffective|p2a: Kommo-o
|-damage|p2a: Kommo-o|0 fnt
|-damage|p1a: Cinderace|84/100|[from] item: Rocky Helmet|[of] p2a: Kommo-o
|faint|p2a: Kommo-o
|
|upkeep
|
|t:|1595415560
|switch|p2a: Amoonguss|Amoonguss, F|100/100
|-damage|p2a: Amoonguss|88/100|[from] Stealth Rock
|turn|5
|
|t:|1595415563
|move|p1a: Cinderace|Pyro Ball|p2a: Amoonguss
|-start|p1a: Cinderace|typechange|Fire|[from] ability: Libero
|-supereffective|p2a: Amoonguss
|-enditem|p2a: Amoonguss|Occa Berry|[eat]
|-enditem|p2a: Amoonguss|Occa Berry|[weaken]
|-damage|p2a: Amoonguss|37/100
|-status|p2a: Amoonguss|brn
|move|p2a: Amoonguss|Spore|p1a: Cinderace
|-status|p1a: Cinderace|slp|[from] move: Spore
|
|-damage|p2a: Amoonguss|31/100 brn|[from] brn
|upkeep
|turn|6
|
|t:|1595415576
|switch|p1a: Zeraora|Zeraora|100/100
|switch|p2a: Dragapult|Dragapult, M|100/100
|-damage|p2a: Dragapult|88/100|[from] Stealth Rock
|
|upkeep
|turn|7
|
|t:|1595415580
|switch|p2a: Amoonguss|Amoonguss, F|64/100 brn
|-damage|p2a: Amoonguss|52/100 brn|[from] Stealth Rock
|move|p1a: Zeraora|Knock Off|p2a: Amoonguss
|-damage|p2a: Amoonguss|37/100 brn
|
|-damage|p2a: Amoonguss|31/100 brn|[from] brn
|upkeep
|turn|8
|
|t:|1595415592
|switch|p1a: Magearna|Magearna|100/100
|-damage|p1a: Magearna|95/100|[from] Stealth Rock
|move|p2a: Amoonguss|Giga Drain|p1a: Magearna
|-resisted|p1a: Magearna
|-damage|p1a: Magearna|83/100
|-heal|p2a: Amoonguss|35/100 brn|[from] drain|[of] p1a: Magearna
|
|-damage|p2a: Amoonguss|29/100 brn|[from] brn
|upkeep
|turn|9
|
|t:|1595415597
|switch|p2a: Cinderace|Cinderace, M|100/100
|move|p1a: Magearna|Thunderbolt|p2a: Cinderace
|-damage|p2a: Cinderace|47/100
|
|upkeep
|turn|10
|j| Commando 55
|
|t:|1595415614
|switch|p1a: Zeraora|Zeraora|100/100
|move|p2a: Cinderace|Pyro Ball|p1a: Zeraora
|-damage|p1a: Zeraora|20/100
|
|upkeep
|turn|11
|
|t:|1595415624
|switch|p2a: Amoonguss|Amoonguss, F|62/100 brn
|-damage|p2a: Amoonguss|49/100 brn|[from] Stealth Rock
|move|p1a: Zeraora|Bulk Up|p1a: Zeraora
|-boost|p1a: Zeraora|atk|1
|-boost|p1a: Zeraora|def|1
|
|-damage|p2a: Amoonguss|43/100 brn|[from] brn
|upkeep
|turn|12
|
|t:|1595415632
|move|p1a: Zeraora|Plasma Fists|p2a: Amoonguss
|-resisted|p2a: Amoonguss
|-damage|p2a: Amoonguss|16/100 brn
|-fieldactivate|move: Ion Deluge
|move|p2a: Amoonguss|Giga Drain|p1a: Zeraora
|-damage|p1a: Zeraora|0 fnt
|-heal|p2a: Amoonguss|23/100 brn|[from] drain|[of] p1a: Zeraora
|faint|p1a: Zeraora
|
|-damage|p2a: Amoonguss|17/100 brn|[from] brn
|upkeep
|
|t:|1595415634
|switch|p1a: Magearna|Magearna|83/100
|-damage|p1a: Magearna|77/100|[from] Stealth Rock
|turn|13
|
|t:|1595415642
|move|p1a: Magearna|Agility|p1a: Magearna
|-boost|p1a: Magearna|spe|2
|move|p2a: Amoonguss|Giga Drain|p1a: Magearna
|-resisted|p1a: Magearna
|-damage|p1a: Magearna|65/100
|-heal|p2a: Amoonguss|21/100 brn|[from] drain|[of] p1a: Magearna
|
|-damage|p2a: Amoonguss|15/100 brn|[from] brn
|upkeep
|turn|14
|
|t:|1595415647
|switch|p2a: Magearna|Magearna|100/100
|-damage|p2a: Magearna|95/100|[from] Stealth Rock
|move|p1a: Magearna|Flash Cannon|p2a: Magearna
|-damage|p2a: Magearna|50/100
|
|upkeep
|turn|15
|
|t:|1595415651
|move|p1a: Magearna|Flash Cannon|p2a: Magearna
|-damage|p2a: Magearna|2/100
|move|p2a: Magearna|Flash Cannon|p1a: Magearna
|-damage|p1a: Magearna|0 fnt
|faint|p1a: Magearna
|-ability|p2a: Magearna|Soul-Heart|boost
|-boost|p2a: Magearna|spa|1
|
|upkeep
|
|t:|1595415663
|switch|p1a: Rillaboom|Rillaboom, M|100/100
|-damage|p1a: Rillaboom|88/100|[from] Stealth Rock
|-fieldstart|move: Grassy Terrain|[from] ability: Grassy Surge|[of] p1a: Rillaboom
|-enditem|p1a: Rillaboom|Grassy Seed
|-boost|p1a: Rillaboom|def|1|[from] item: Grassy Seed
|turn|16
|
|t:|1595415667
|move|p1a: Rillaboom|Acrobatics|p2a: Magearna
|-resisted|p2a: Magearna
|-damage|p2a: Magearna|0 fnt
|faint|p2a: Magearna
|
|-heal|p1a: Rillaboom|94/100|[from] Grassy Terrain
|upkeep
|
|t:|1595415671
|switch|p2a: Cinderace|Cinderace, M|47/100
|turn|17
|
|t:|1595415678
|move|p2a: Cinderace|Pyro Ball|p1a: Rillaboom|[miss]
|-miss|p2a: Cinderace|p1a: Rillaboom
|move|p1a: Rillaboom|Acrobatics|p2a: Cinderace
|-damage|p2a: Cinderace|0 fnt
|faint|p2a: Cinderace
|
|-heal|p1a: Rillaboom|100/100|[from] Grassy Terrain
|upkeep
|j| ScumGaang
|
|t:|1595415682
|switch|p2a: Mandibuzz|Mandibuzz, F|100/100
|turn|18
|
|t:|1595415685
|move|p1a: Rillaboom|Swords Dance|p1a: Rillaboom
|-boost|p1a: Rillaboom|atk|2
|move|p2a: Mandibuzz|Foul Play|p1a: Rillaboom
|-damage|p1a: Rillaboom|25/100
|
|-heal|p1a: Rillaboom|32/100|[from] Grassy Terrain
|upkeep
|turn|19
|
|t:|1595415688
|move|p1a: Rillaboom|Acrobatics|p2a: Mandibuzz
|-damage|p2a: Mandibuzz|44/100
|move|p2a: Mandibuzz|Foul Play|p1a: Rillaboom
|-damage|p1a: Rillaboom|0 fnt
|faint|p1a: Rillaboom
|
|upkeep
|
|t:|1595415691
|switch|p1a: Dragapult|Dragapult, M|100/100
|-damage|p1a: Dragapult|88/100|[from] Stealth Rock
|turn|20
|
|t:|1595415693
|move|p1a: Dragapult|Dragon Darts|p2a: Mandibuzz
|-damage|p2a: Mandibuzz|18/100
|-anim|p1a: Dragapult|Dragon Darts|p2a: Mandibuzz
|-damage|p2a: Mandibuzz|0 fnt
|-damage|p1a: Dragapult|78/100|[from] item: Life Orb
|faint|p2a: Mandibuzz
|
|-heal|p1a: Dragapult|84/100|[from] Grassy Terrain
|-fieldend|move: Grassy Terrain
|upkeep
|
|t:|1595415698
|switch|p2a: Dragapult|Dragapult, M|88/100
|-damage|p2a: Dragapult|76/100|[from] Stealth Rock
|turn|21
|
|t:|1595415700
|move|p2a: Dragapult|Shadow Ball|p1a: Dragapult
|-supereffective|p1a: Dragapult
|-damage|p1a: Dragapult|0 fnt
|faint|p1a: Dragapult
|
|upkeep
|
|t:|1595415702
|switch|p1a: Cinderace|Cinderace, M|84/100 slp
|turn|22
|
|t:|1595415703
|cant|p1a: Cinderace|slp
|move|p2a: Dragapult|Hex|p1a: Cinderace
|-damage|p1a: Cinderace|0 fnt
|faint|p1a: Cinderace
|
|win|b0wita
|l|☆winter lanterns
|raw|winter lanterns's rating: 1829 &rarr; <strong>1804</strong><br />(-25 for losing)
|raw|b0wita's rating: 1740 &rarr; <strong>1765</strong><br />(+25 for winning)
|l| ScumGaang
