|j|☆I'm back from Mars
|j|‽LT82ZW Guatemala
|t:|1634807296
|gametype|singles
|player|p1|I'm back from Mars|dawn|1900
|player|p2|LT82ZW Guatemala|102|1774
|teamsize|p1|6
|teamsize|p2|6
|gen|8
|tier|[Gen 8] OU
|rated|
|rule|Sleep Clause Mod: Limit one foe put to sleep
|rule|Species Clause: Limit one of each Pokémon
|rule|OHKO Clause: OHKO moves are banned
|rule|Evasion Moves Clause: Evasion moves are banned
|rule|Endless Battle Clause: Forcing endless battles is banned
|rule|HP Percentage Mod: HP is shown in percentages
|rule|Dynamax Clause: You cannot dynamax
|clearpoke
|poke|p1|Shedinja|
|poke|p1|Skarmory, F|
|poke|p1|Gastrodon, M|
|poke|p1|Toxapex, F|
|poke|p1|Clefable, M|
|poke|p1|Hydreigon, F|
|poke|p2|Volcarona, M|
|poke|p2|Silvally-*|
|poke|p2|Victini|
|poke|p2|Magnezone|
|poke|p2|Landorus-Therian, M|
|poke|p2|Dragapult, M|
|teampreview
|j| Mimi-Forever
|
|t:|1634807326
|start
|switch|p1a: Skarmory|Skarmory, F|100/100
|switch|p2a: Victini|Victini|100/100
|turn|1
|
|t:|1634807330
|switch|p1a: Toxapex|Toxapex, F|100/100
|move|p2a: Victini|Final Gambit|p1a: Toxapex
|-damage|p1a: Toxapex|0 fnt
|faint|p2a: Victini
|faint|p1a: Toxapex
|
|upkeep
|j| Tekuito
|
|t:|1634807342
|switch|p2a: Silvally|Silvally|100/100
|switch|p1a: Skarmory|Skarmory, F|100/100
|turn|2
|
|t:|1634807347
|move|p2a: Silvally|Parting Shot|p1a: Skarmory
|-unboost|p1a: Skarmory|atk|1
|-unboost|p1a: Skarmory|spa|1
|
|t:|1634807349
|switch|p2a: Magnezone|Magnezone|100/100|[from]move: Parting Shot
|move|p1a: Skarmory|Toxic|p2a: Magnezone
|-immune|p2a: Magnezone
|
|upkeep
|turn|3
|
|t:|1634807355
|switch|p1a: Gastrodon|Gastrodon, M|100/100
|move|p2a: Magnezone|Thunderbolt|p1a: Gastrodon
|-immune|p1a: Gastrodon
|
|upkeep
|turn|4
|
|t:|1634807364
|switch|p2a: Volcarona|Volcarona, M, shiny|100/100
|move|p1a: Gastrodon|Toxic|p2a: Volcarona|[miss]
|-miss|p1a: Gastrodon|p2a: Volcarona
|
|upkeep
|turn|5
|
|t:|1634807371
|move|p2a: Volcarona|Giga Drain|p1a: Gastrodon
|-supereffective|p1a: Gastrodon
|-damage|p1a: Gastrodon|37/100
|move|p1a: Gastrodon|Toxic|p2a: Volcarona
|-status|p2a: Volcarona|tox
|
|-heal|p1a: Gastrodon|43/100|[from] item: Leftovers
|-damage|p2a: Volcarona|94/100 tox|[from] psn
|upkeep
|turn|6
|
|t:|1634807377
|switch|p2a: Landorus|Landorus-Therian, M|100/100
|-ability|p2a: Landorus|Intimidate|boost
|-unboost|p1a: Gastrodon|atk|1
|switch|p1a: Clefable|Clefable, M|100/100
|
|upkeep
|turn|7
|j| xMagic_247
|
|t:|1634807410
|switch|p1a: Hydreigon|Hydreigon, F|100/100
|move|p2a: Landorus|Stealth Rock|p1a: Hydreigon
|-sidestart|p1: I'm back from Mars|move: Stealth Rock
|
|upkeep
|turn|8
|
|t:|1634807415
|move|p1a: Hydreigon|Defog|p2a: Landorus
|-unboost|p2a: Landorus|evasion|1
|-sideend|p1: I'm back from Mars|Stealth Rock|[from] move: Defog|[of] p1a: Hydreigon
|move|p2a: Landorus|U-turn|p1a: Hydreigon
|-supereffective|p1a: Hydreigon
|-damage|p1a: Hydreigon|46/100
|
|t:|1634807423
|switch|p2a: Silvally|Silvally|100/100|[from]move: U-turn
|
|-heal|p1a: Hydreigon|52/100|[from] item: Leftovers
|upkeep
|turn|9
|
|t:|1634807428
|switch|p1a: Skarmory|Skarmory, F|100/100
|move|p2a: Silvally|Multi-Attack|p1a: Skarmory
|-resisted|p1a: Skarmory
|-damage|p1a: Skarmory|80/100
|
|upkeep
|turn|10
|
|t:|1634807438
|switch|p2a: Landorus|Landorus-Therian, M|100/100
|-ability|p2a: Landorus|Intimidate|boost
|-unboost|p1a: Skarmory|atk|1
|move|p1a: Skarmory|Roost|p1a: Skarmory
|-heal|p1a: Skarmory|100/100
|-singleturn|p1a: Skarmory|move: Roost
|
|upkeep
|turn|11
|
|t:|1634807444
|move|p2a: Landorus|Knock Off|p1a: Skarmory
|-damage|p1a: Skarmory|83/100
|-enditem|p1a: Skarmory|Shed Shell|[from] move: Knock Off|[of] p2a: Landorus
|move|p1a: Skarmory|Toxic|p2a: Landorus
|-status|p2a: Landorus|tox
|
|-damage|p2a: Landorus|94/100 tox|[from] psn
|upkeep
|turn|12
|
|t:|1634807467
|move|p2a: Landorus|U-turn|p1a: Skarmory
|-resisted|p1a: Skarmory
|-damage|p1a: Skarmory|80/100
|
|t:|1634807470
|switch|p2a: Magnezone|Magnezone|100/100|[from]move: U-turn
|move|p1a: Skarmory|Defog|p2a: Magnezone
|-unboost|p2a: Magnezone|evasion|1
|
|upkeep
|turn|13
|
|t:|1634807476
|move|p2a: Magnezone|Thunderbolt|p1a: Skarmory
|-supereffective|p1a: Skarmory
|-damage|p1a: Skarmory|0 fnt
|faint|p1a: Skarmory
|
|upkeep
|
|t:|1634807481
|switch|p1a: Gastrodon|Gastrodon, M|43/100
|turn|14
|
|t:|1634807491
|switch|p2a: Volcarona|Volcarona, M, shiny|94/100 tox
|move|p1a: Gastrodon|Scald|p2a: Volcarona
|-supereffective|p2a: Volcarona
|-damage|p2a: Volcarona|52/100 tox
|
|-heal|p1a: Gastrodon|49/100|[from] item: Leftovers
|-damage|p2a: Volcarona|46/100 tox|[from] psn
|upkeep
|turn|15
|
|t:|1634807498
|switch|p1a: Clefable|Clefable, M|100/100
|move|p2a: Volcarona|Roost|p2a: Volcarona
|-heal|p2a: Volcarona|96/100 tox
|-singleturn|p2a: Volcarona|move: Roost
|
|-damage|p2a: Volcarona|84/100 tox|[from] psn
|upkeep
|turn|16
|
|t:|1634807503
|switch|p2a: Landorus|Landorus-Therian, M|94/100 tox
|-ability|p2a: Landorus|Intimidate|boost
|-unboost|p1a: Clefable|atk|1
|move|p1a: Clefable|Calm Mind|p1a: Clefable
|-boost|p1a: Clefable|spa|1
|-boost|p1a: Clefable|spd|1
|
|-damage|p2a: Landorus|88/100 tox|[from] psn
|upkeep
|turn|17
|
|t:|1634807509
|move|p2a: Landorus|Stealth Rock|p1a: Clefable
|-sidestart|p1: I'm back from Mars|move: Stealth Rock
|move|p1a: Clefable|Calm Mind|p1a: Clefable
|-boost|p1a: Clefable|spa|1
|-boost|p1a: Clefable|spd|1
|
|-damage|p2a: Landorus|76/100 tox|[from] psn
|upkeep
|turn|18
|
|t:|1634807516
|move|p2a: Landorus|U-turn|p1a: Clefable
|-resisted|p1a: Clefable
|-damage|p1a: Clefable|93/100
|
|t:|1634807517
|switch|p2a: Silvally|Silvally|100/100|[from]move: U-turn
|move|p1a: Clefable|Calm Mind|p1a: Clefable
|-boost|p1a: Clefable|spa|1
|-boost|p1a: Clefable|spd|1
|
|-heal|p1a: Clefable|99/100|[from] item: Leftovers
|upkeep
|turn|19
|l| Mimi-Forever
|
|t:|1634807527
|move|p2a: Silvally|Explosion|p1a: Clefable
|-damage|p1a: Clefable|0 fnt
|faint|p2a: Silvally
|faint|p1a: Clefable
|
|upkeep
|
|t:|1634807538
|switch|p2a: Dragapult|Dragapult, M|100/100
|switch|p1a: Shedinja|Shedinja|100/100
|turn|20
|
|t:|1634807547
|switch|p2a: Landorus|Landorus-Therian, M|76/100 tox
|-ability|p2a: Landorus|Intimidate|boost
|-unboost|p1a: Shedinja|atk|1
|move|p1a: Shedinja|Shadow Sneak|p2a: Landorus
|-damage|p2a: Landorus|65/100 tox
|-damage|p1a: Shedinja|0 fnt|[from] item: Rocky Helmet|[of] p2a: Landorus
|faint|p1a: Shedinja
|
|-damage|p2a: Landorus|59/100 tox|[from] psn
|upkeep
|
|t:|1634807554
|switch|p1a: Hydreigon|Hydreigon, F|52/100
|-damage|p1a: Hydreigon|40/100|[from] Stealth Rock
|turn|21
|c|☆I'm back from Mars|i played so badly
|
|t:|1634807563
|move|p1a: Hydreigon|Roost|p1a: Hydreigon
|-heal|p1a: Hydreigon|90/100
|-singleturn|p1a: Hydreigon|move: Roost
|move|p2a: Landorus|U-turn|p1a: Hydreigon
|-supereffective|p1a: Hydreigon
|-damage|p1a: Hydreigon|42/100
|
|t:|1634807570
|switch|p2a: Dragapult|Dragapult, M|100/100|[from]move: U-turn
|
|-heal|p1a: Hydreigon|48/100|[from] item: Leftovers
|upkeep
|turn|22
|
|t:|1634807582
|move|p2a: Dragapult|Dragon Darts|p1a: Hydreigon
|-supereffective|p1a: Hydreigon
|-damage|p1a: Hydreigon|0 fnt
|faint|p1a: Hydreigon
|
|upkeep
|
|t:|1634807584
|switch|p1a: Gastrodon|Gastrodon, M|49/100
|-damage|p1a: Gastrodon|43/100|[from] Stealth Rock
|turn|23
|-message|I'm back from Mars forfeited.
|
|win|LT82ZW Guatemala
|raw|I&apos;m back from Mars's rating: 1900 &rarr; <strong>1873</strong><br />(-27 for losing)
|raw|LT82ZW Guatemala's rating: 1774 &rarr; <strong>1801</strong><br />(+27 for winning)
|c|☆I'm back from Mars|gg
|l|☆I'm back from Mars
|l| Tekuito
