|j|☆brettfavreinnocent
|j|☆Jrpartner
|t:|1663723268
|gametype|singles
|player|p1|brettfavreinnocent|harlequin|1553
|player|p2|Jrpartner|1|1573
|teamsize|p1|6
|teamsize|p2|6
|gen|8
|tier|[Gen 8] OU
|rated|
|rule|Sleep Clause Mod: Limit one foe put to sleep
|rule|Species Clause: Limit one of each Pokémon
|rule|OHKO Clause: OHKO moves are banned
|rule|Evasion Items Clause: Evasion items are banned
|rule|Evasion Moves Clause: Evasion moves are banned
|rule|Endless Battle Clause: Forcing endless battles is banned
|rule|HP Percentage Mod: HP is shown in percentages
|rule|Dynamax Clause: You cannot dynamax
|clearpoke
|poke|p1|Regieleki|
|poke|p1|Tapu Koko|
|poke|p1|Zapdos-Galar|
|poke|p1|Hydreigon, M|
|poke|p1|Landorus-Therian, M|
|poke|p1|Toxapex, M|
|poke|p2|Urshifu-*, M|
|poke|p2|Melmetal|
|poke|p2|Tapu Fini|
|poke|p2|Tentacruel, M|
|poke|p2|Landorus-Therian, M|
|poke|p2|Zapdos|
|teampreview
|inactive|Battle timer is ON: inactive players will automatically lose when time's up. (requested by brettfavreinnocent)
|
|t:|1663723286
|start
|switch|p1a: Zapdos|Zapdos-Galar|100/100
|switch|p2a: Landorus|Landorus-Therian, M|100/100
|-ability|p2a: Landorus|Intimidate|boost
|-unboost|p1a: Zapdos|atk|1
|-ability|p1a: Zapdos|Defiant
|-boost|p1a: Zapdos|atk|2
|turn|1
|
|t:|1663723291
|switch|p2a: Zapdos|Zapdos|100/100
|move|p1a: Zapdos|Brave Bird|p2a: Zapdos
|-resisted|p2a: Zapdos
|-damage|p2a: Zapdos|20/100
|-damage|p1a: Zapdos|74/100|[from] Recoil
|
|upkeep
|turn|2
|
|t:|1663723296
|move|p2a: Zapdos|Hurricane|p1a: Zapdos
|-supereffective|p1a: Zapdos
|-damage|p1a: Zapdos|0 fnt
|faint|p1a: Zapdos
|
|upkeep
|
|t:|1663723309
|switch|p1a: Tapu Koko|Tapu Koko, shiny|100/100
|-fieldstart|move: Electric Terrain|[from] ability: Electric Surge|[of] p1a: Tapu Koko
|turn|3
|
|t:|1663723313
|switch|p2a: Melmetal|Melmetal|100/100
|move|p1a: Tapu Koko|Dazzling Gleam|p2a: Melmetal
|-resisted|p2a: Melmetal
|-damage|p2a: Melmetal|89/100
|
|upkeep
|turn|4
|
|t:|1663723322
|switch|p1a: Landorus|Landorus-Therian, M|100/100
|-ability|p1a: Landorus|Intimidate|boost
|-unboost|p2a: Melmetal|atk|1
|move|p2a: Melmetal|Earthquake|p1a: Landorus
|-immune|p1a: Landorus
|
|upkeep
|turn|5
|
|t:|1663723326
|switch|p2a: Landorus|Landorus-Therian, M|100/100
|-ability|p2a: Landorus|Intimidate|boost
|-unboost|p1a: Landorus|atk|1
|move|p1a: Landorus|Earthquake|p2a: Landorus
|-immune|p2a: Landorus
|
|upkeep
|turn|6
|
|t:|1663723329
|move|p1a: Landorus|Toxic|p2a: Landorus|[miss]
|-miss|p1a: Landorus|p2a: Landorus
|move|p2a: Landorus|Stealth Rock|p1a: Landorus
|-sidestart|p1: brettfavreinnocent|move: Stealth Rock
|
|upkeep
|turn|7
|
|t:|1663723332
|move|p1a: Landorus|Stealth Rock|p2a: Landorus
|-sidestart|p2: Jrpartner|move: Stealth Rock
|move|p2a: Landorus|U-turn|p1a: Landorus
|-resisted|p1a: Landorus
|-crit|p1a: Landorus
|-damage|p1a: Landorus|88/100
|
|t:|1663723335
|switch|p2a: Tapu Fini|Tapu Fini|100/100|[from]move: U-turn
|-damage|p2a: Tapu Fini|88/100|[from] Stealth Rock
|-fieldstart|move: Misty Terrain|[from] ability: Misty Surge|[of] p2a: Tapu Fini
|
|-heal|p1a: Landorus|94/100|[from] item: Leftovers
|-heal|p2a: Tapu Fini|94/100|[from] item: Leftovers
|upkeep
|turn|8
|
|t:|1663723344
|switch|p1a: Tapu Koko|Tapu Koko, shiny|100/100
|-damage|p1a: Tapu Koko|88/100|[from] Stealth Rock
|-fieldstart|move: Electric Terrain|[from] ability: Electric Surge|[of] p1a: Tapu Koko
|switch|p2a: Tentacruel|Tentacruel, M|100/100
|-damage|p2a: Tentacruel|88/100|[from] Stealth Rock
|
|upkeep
|turn|9
|
|t:|1663723349
|move|p1a: Tapu Koko|Volt Switch|p2a: Tentacruel
|-supereffective|p2a: Tentacruel
|-damage|p2a: Tentacruel|40/100
|
|t:|1663723356
|switch|p1a: Landorus|Landorus-Therian, M|94/100|[from]move: Volt Switch
|-damage|p1a: Landorus|82/100|[from] Stealth Rock
|-ability|p1a: Landorus|Intimidate|boost
|-unboost|p2a: Tentacruel|atk|1
|move|p2a: Tentacruel|Rapid Spin|p1a: Landorus
|-damage|p1a: Landorus|77/100
|-boost|p2a: Tentacruel|spe|1
|-sideend|p2: Jrpartner|Stealth Rock|[from] move: Rapid Spin|[of] p2a: Tentacruel
|
|-heal|p1a: Landorus|83/100|[from] item: Leftovers
|upkeep
|turn|10
|
|t:|1663723361
|move|p2a: Tentacruel|Scald|p1a: Landorus
|-supereffective|p1a: Landorus
|-damage|p1a: Landorus|33/100
|move|p1a: Landorus|Stealth Rock|p2a: Tentacruel
|-sidestart|p2: Jrpartner|move: Stealth Rock
|
|-heal|p1a: Landorus|39/100|[from] item: Leftovers
|upkeep
|turn|11
|
|t:|1663723368
|move|p2a: Tentacruel|Scald|p1a: Landorus
|-supereffective|p1a: Landorus
|-damage|p1a: Landorus|0 fnt
|faint|p1a: Landorus
|
|upkeep
|
|t:|1663723372
|switch|p1a: Regieleki|Regieleki|100/100
|-damage|p1a: Regieleki|88/100|[from] Stealth Rock
|turn|12
|
|t:|1663723379
|switch|p2a: Landorus|Landorus-Therian, M|100/100
|-damage|p2a: Landorus|88/100|[from] Stealth Rock
|-ability|p2a: Landorus|Intimidate|boost
|-unboost|p1a: Regieleki|atk|1
|move|p1a: Regieleki|Ancient Power|p2a: Landorus
|-damage|p2a: Landorus|59/100
|
|-fieldend|move: Electric Terrain
|upkeep
|turn|13
|
|t:|1663723392
|switch|p1a: Hydreigon|Hydreigon, M|100/100
|-damage|p1a: Hydreigon|88/100|[from] Stealth Rock
|move|p2a: Landorus|U-turn|p1a: Hydreigon
|-supereffective|p1a: Hydreigon
|-damage|p1a: Hydreigon|46/100
|
|t:|1663723404
|switch|p2a: Urshifu|Urshifu-Rapid-Strike, M|100/100|[from]move: U-turn
|-damage|p2a: Urshifu|94/100|[from] Stealth Rock
|
|-heal|p1a: Hydreigon|53/100|[from] item: Leftovers
|upkeep
|turn|14
|
|t:|1663723409
|switch|p2a: Tapu Fini|Tapu Fini|94/100
|-damage|p2a: Tapu Fini|82/100|[from] Stealth Rock
|-fieldstart|move: Misty Terrain|[from] ability: Misty Surge|[of] p2a: Tapu Fini
|switch|p1a: Toxapex|Toxapex, M|100/100
|-damage|p1a: Toxapex|88/100|[from] Stealth Rock
|
|-heal|p2a: Tapu Fini|88/100|[from] item: Leftovers
|upkeep
|turn|15
|
|t:|1663723417
|move|p2a: Tapu Fini|Calm Mind|p2a: Tapu Fini
|-boost|p2a: Tapu Fini|spa|1
|-boost|p2a: Tapu Fini|spd|1
|move|p1a: Toxapex|Knock Off|p2a: Tapu Fini
|-resisted|p2a: Tapu Fini
|-damage|p2a: Tapu Fini|82/100
|-enditem|p2a: Tapu Fini|Leftovers|[from] move: Knock Off|[of] p1a: Toxapex
|
|upkeep
|turn|16
|
|t:|1663723420
|move|p2a: Tapu Fini|Moonblast|p1a: Toxapex
|-resisted|p1a: Toxapex
|-damage|p1a: Toxapex|64/100
|-enditem|p1a: Toxapex|Eject Button
|
|t:|1663723428
|switch|p1a: Regieleki|Regieleki|88/100
|-damage|p1a: Regieleki|76/100|[from] Stealth Rock
|
|upkeep
|turn|17
|
|t:|1663723432
|move|p1a: Regieleki|Volt Switch|p2a: Tapu Fini
|-supereffective|p2a: Tapu Fini
|-damage|p2a: Tapu Fini|4/100
|
|t:|1663723435
|switch|p1a: Toxapex|Toxapex, M|98/100|[from]move: Volt Switch
|-damage|p1a: Toxapex|85/100|[from] Stealth Rock
|move|p2a: Tapu Fini|Moonblast|p1a: Toxapex
|-resisted|p1a: Toxapex
|-damage|p1a: Toxapex|62/100
|
|upkeep
|turn|18
|
|t:|1663723439
|switch|p2a: Tentacruel|Tentacruel, M|40/100
|-damage|p2a: Tentacruel|27/100|[from] Stealth Rock
|move|p1a: Toxapex|Haze|p1a: Toxapex
|-clearallboost
|
|-fieldend|Misty Terrain
|upkeep
|turn|19
|
|t:|1663723449
|move|p2a: Tentacruel|Rapid Spin|p1a: Toxapex
|-damage|p1a: Toxapex|57/100
|-boost|p2a: Tentacruel|spe|1
|-sideend|p2: Jrpartner|Stealth Rock|[from] move: Rapid Spin|[of] p2a: Tentacruel
|move|p1a: Toxapex|Knock Off|p2a: Tentacruel
|-damage|p2a: Tentacruel|8/100
|-enditem|p2a: Tentacruel|Assault Vest|[from] move: Knock Off|[of] p1a: Toxapex
|
|upkeep
|turn|20
|
|t:|1663723459
|switch|p2a: Landorus|Landorus-Therian, M|59/100
|-ability|p2a: Landorus|Intimidate|boost
|-unboost|p1a: Toxapex|atk|1
|move|p1a: Toxapex|Knock Off|p2a: Landorus
|-damage|p2a: Landorus|52/100
|-damage|p1a: Toxapex|40/100|[from] item: Rocky Helmet|[of] p2a: Landorus
|-enditem|p2a: Landorus|Rocky Helmet|[from] move: Knock Off|[of] p1a: Toxapex
|
|upkeep
|turn|21
|
|t:|1663723466
|move|p2a: Landorus|U-turn|p1a: Toxapex
|-resisted|p1a: Toxapex
|-damage|p1a: Toxapex|32/100
|
|t:|1663723468
|switch|p2a: Zapdos|Zapdos|20/100|[from]move: U-turn
|move|p1a: Toxapex|Recover|p1a: Toxapex
|-heal|p1a: Toxapex|82/100
|
|upkeep
|turn|22
|
|t:|1663723479
|switch|p1a: Regieleki|Regieleki|76/100
|-damage|p1a: Regieleki|64/100|[from] Stealth Rock
|move|p2a: Zapdos|Volt Switch|p1a: Regieleki
|-resisted|p1a: Regieleki
|-damage|p1a: Regieleki|30/100
|
|t:|1663723505
|switch|p2a: Urshifu|Urshifu-Rapid-Strike, M|94/100|[from]move: Volt Switch
|
|upkeep
|turn|23
|
|t:|1663723516
|switch|p1a: Toxapex|Toxapex, M|100/100
|-damage|p1a: Toxapex|88/100|[from] Stealth Rock
|move|p2a: Urshifu|Aqua Jet|p1a: Toxapex
|-resisted|p1a: Toxapex
|-damage|p1a: Toxapex|78/100
|
|upkeep
|turn|24
|
|t:|1663723520
|switch|p2a: Landorus|Landorus-Therian, M|52/100
|-ability|p2a: Landorus|Intimidate|boost
|-unboost|p1a: Toxapex|atk|1
|move|p1a: Toxapex|Scald|p2a: Landorus
|-supereffective|p2a: Landorus
|-crit|p2a: Landorus
|-damage|p2a: Landorus|0 fnt
|faint|p2a: Landorus
|
|upkeep
|
|t:|1663723528
|switch|p2a: Zapdos|Zapdos|20/100
|turn|25
|
|t:|1663723535
|switch|p1a: Tapu Koko|Tapu Koko, shiny|88/100
|-damage|p1a: Tapu Koko|76/100|[from] Stealth Rock
|-fieldstart|move: Electric Terrain|[from] ability: Electric Surge|[of] p1a: Tapu Koko
|move|p2a: Zapdos|Volt Switch|p1a: Tapu Koko
|-resisted|p1a: Tapu Koko
|-damage|p1a: Tapu Koko|47/100
|
|t:|1663723556
|switch|p2a: Melmetal|Melmetal|89/100|[from]move: Volt Switch
|
|upkeep
|turn|26
|
|t:|1663723561
|move|p1a: Tapu Koko|Volt Switch|p2a: Melmetal
|-damage|p2a: Melmetal|62/100
|
|t:|1663723565
|switch|p1a: Toxapex|Toxapex, M|100/100|[from]move: Volt Switch
|-damage|p1a: Toxapex|88/100|[from] Stealth Rock
|move|p2a: Melmetal|Earthquake|p1a: Toxapex
|-supereffective|p1a: Toxapex
|-damage|p1a: Toxapex|41/100
|
|upkeep
|turn|27
|
|t:|1663723571
|switch|p1a: Hydreigon|Hydreigon, M|53/100
|-damage|p1a: Hydreigon|40/100|[from] Stealth Rock
|move|p2a: Melmetal|Earthquake|p1a: Hydreigon
|-immune|p1a: Hydreigon|[from] ability: Levitate
|
|-heal|p1a: Hydreigon|46/100|[from] item: Leftovers
|upkeep
|turn|28
|
|t:|1663723576
|move|p1a: Hydreigon|Dark Pulse|p2a: Melmetal
|-damage|p2a: Melmetal|46/100
|move|p2a: Melmetal|Earthquake|p1a: Hydreigon
|-immune|p1a: Hydreigon|[from] ability: Levitate
|
|-heal|p1a: Hydreigon|53/100|[from] item: Leftovers
|upkeep
|turn|29
|
|t:|1663723580
|move|p1a: Hydreigon|Dark Pulse|p2a: Melmetal
|-damage|p2a: Melmetal|30/100
|cant|p2a: Melmetal|flinch
|
|-heal|p1a: Hydreigon|59/100|[from] item: Leftovers
|-fieldend|move: Electric Terrain
|upkeep
|turn|30
|
|t:|1663723588
|switch|p1a: Toxapex|Toxapex, M|74/100
|-damage|p1a: Toxapex|61/100|[from] Stealth Rock
|move|p2a: Melmetal|Double Iron Bash|p1a: Toxapex
|-resisted|p1a: Toxapex
|-damage|p1a: Toxapex|50/100
|-resisted|p1a: Toxapex
|-damage|p1a: Toxapex|39/100
|-hitcount|p1a: Toxapex|2
|
|upkeep
|turn|31
|
|t:|1663723592
|switch|p1a: Hydreigon|Hydreigon, M|59/100
|-damage|p1a: Hydreigon|46/100|[from] Stealth Rock
|move|p2a: Melmetal|Earthquake|p1a: Hydreigon
|-immune|p1a: Hydreigon|[from] ability: Levitate
|
|-heal|p1a: Hydreigon|53/100|[from] item: Leftovers
|upkeep
|turn|32
|
|t:|1663723601
|move|p1a: Hydreigon|Dark Pulse|p2a: Melmetal
|-damage|p2a: Melmetal|14/100
|move|p2a: Melmetal|Double Iron Bash|p1a: Hydreigon
|-damage|p1a: Hydreigon|19/100
|-damage|p1a: Hydreigon|0 fnt
|faint|p1a: Hydreigon
|-hitcount|p1: Hydreigon|2
|
|upkeep
|
|t:|1663723631
|switch|p1a: Tapu Koko|Tapu Koko, shiny|47/100
|-damage|p1a: Tapu Koko|35/100|[from] Stealth Rock
|-fieldstart|move: Electric Terrain|[from] ability: Electric Surge|[of] p1a: Tapu Koko
|turn|33
|
|t:|1663723639
|switch|p2a: Tentacruel|Tentacruel, M|8/100
|move|p1a: Tapu Koko|Volt Switch|p2a: Tentacruel
|-supereffective|p2a: Tentacruel
|-damage|p2a: Tentacruel|0 fnt
|faint|p2a: Tentacruel
|
|t:|1663723644
|switch|p1a: Regieleki|Regieleki|30/100|[from]move: Volt Switch
|-damage|p1a: Regieleki|18/100|[from] Stealth Rock
|
|upkeep
|
|t:|1663723648
|switch|p2a: Urshifu|Urshifu-Rapid-Strike, M|94/100
|turn|34
|
|t:|1663723655
|switch|p1a: Toxapex|Toxapex, M|73/100
|-damage|p1a: Toxapex|60/100|[from] Stealth Rock
|move|p2a: Urshifu|Aqua Jet|p1a: Toxapex
|-resisted|p1a: Toxapex
|-damage|p1a: Toxapex|50/100
|
|upkeep
|turn|35
|
|t:|1663723661
|switch|p2a: Melmetal|Melmetal|14/100
|move|p1a: Toxapex|Scald|p2a: Melmetal
|-damage|p2a: Melmetal|5/100
|
|upkeep
|turn|36
|
|t:|1663723673
|move|p2a: Melmetal|Earthquake|p1a: Toxapex
|-supereffective|p1a: Toxapex
|-damage|p1a: Toxapex|9/100
|move|p1a: Toxapex|Scald|p2a: Melmetal
|-damage|p2a: Melmetal|0 fnt
|faint|p2a: Melmetal
|
|upkeep
|
|t:|1663723682
|switch|p2a: Zapdos|Zapdos|20/100
|turn|37
|
|t:|1663723688
|switch|p1a: Tapu Koko|Tapu Koko, shiny|35/100
|-damage|p1a: Tapu Koko|22/100|[from] Stealth Rock
|move|p2a: Zapdos|Volt Switch|p1a: Tapu Koko
|-resisted|p1a: Tapu Koko
|-damage|p1a: Tapu Koko|0 fnt
|faint|p1a: Tapu Koko
|
|t:|1663723692
|switch|p2a: Urshifu|Urshifu-Rapid-Strike, M|94/100|[from]move: Volt Switch
|
|-fieldend|move: Electric Terrain
|upkeep
|
|t:|1663723697
|switch|p1a: Toxapex|Toxapex, M|43/100
|-damage|p1a: Toxapex|30/100|[from] Stealth Rock
|turn|38
|
|t:|1663723711
|move|p2a: Urshifu|U-turn|p1a: Toxapex
|-resisted|p1a: Toxapex
|-damage|p1a: Toxapex|18/100
|
|t:|1663723714
|switch|p2a: Tapu Fini|Tapu Fini|4/100|[from]move: U-turn
|-fieldstart|move: Misty Terrain|[from] ability: Misty Surge|[of] p2a: Tapu Fini
|move|p1a: Toxapex|Recover|p1a: Toxapex
|-heal|p1a: Toxapex|68/100
|
|upkeep
|turn|39
|
|t:|1663723721
|move|p2a: Tapu Fini|Calm Mind|p2a: Tapu Fini
|-boost|p2a: Tapu Fini|spa|1
|-boost|p2a: Tapu Fini|spd|1
|move|p1a: Toxapex|Scald|p2a: Tapu Fini
|-resisted|p2a: Tapu Fini
|-damage|p2a: Tapu Fini|0 fnt
|faint|p2a: Tapu Fini
|
|upkeep
|
|t:|1663723725
|switch|p2a: Zapdos|Zapdos|20/100
|turn|40
|
|t:|1663723742
|move|p2a: Zapdos|Volt Switch|p1a: Toxapex
|-supereffective|p1a: Toxapex
|-damage|p1a: Toxapex|11/100
|
|t:|1663723747
|switch|p2a: Urshifu|Urshifu-Rapid-Strike, M|94/100|[from]move: Volt Switch
|move|p1a: Toxapex|Recover|p1a: Toxapex
|-heal|p1a: Toxapex|61/100
|
|upkeep
|turn|41
|
|t:|1663723758
|move|p2a: Urshifu|Close Combat|p1a: Toxapex
|-resisted|p1a: Toxapex
|-damage|p1a: Toxapex|31/100
|-unboost|p2a: Urshifu|def|1
|-unboost|p2a: Urshifu|spd|1
|move|p1a: Toxapex|Scald|p2a: Urshifu
|-resisted|p2a: Urshifu
|-damage|p2a: Urshifu|76/100
|
|upkeep
|turn|42
|
|t:|1663723777
|move|p2a: Urshifu|Close Combat|p1a: Toxapex
|-resisted|p1a: Toxapex
|-damage|p1a: Toxapex|1/100
|-unboost|p2a: Urshifu|def|1
|-unboost|p2a: Urshifu|spd|1
|move|p1a: Toxapex|Recover|p1a: Toxapex
|-heal|p1a: Toxapex|51/100
|
|-fieldend|Misty Terrain
|upkeep
|turn|43
|inactive|brettfavreinnocent has 120 seconds left.
|
|t:|1663723818
|move|p2a: Urshifu|Close Combat|p1a: Toxapex
|-resisted|p1a: Toxapex
|-damage|p1a: Toxapex|23/100
|-unboost|p2a: Urshifu|def|1
|-unboost|p2a: Urshifu|spd|1
|move|p1a: Toxapex|Scald|p2a: Urshifu
|-resisted|p2a: Urshifu
|-damage|p2a: Urshifu|45/100
|-status|p2a: Urshifu|brn
|
|-damage|p2a: Urshifu|39/100 brn|[from] brn
|upkeep
|turn|44
|
|t:|1663723829
|switch|p2a: Zapdos|Zapdos|20/100
|move|p1a: Toxapex|Scald|p2a: Zapdos
|-damage|p2a: Zapdos|0 fnt
|faint|p2a: Zapdos
|
|upkeep
|-message|Jrpartner forfeited.
|
|win|brettfavreinnocent
|raw|brettfavreinnocent's rating: 1553 &rarr; <strong>1574</strong><br />(+21 for winning)
|raw|Jrpartner's rating: 1573 &rarr; <strong>1552</strong><br />(-21 for losing)
|l|☆Jrpartner
||Ladder isn't responding, score probably updated but might not have (Request timeout).
