|j|☆noudle soop
|j|☆GenuineKing
|t:|1637098912
|gametype|singles
|player|p1|noudle soop|sailor|1693
|player|p2|GenuineKing|cyrus|1686
|teamsize|p1|6
|teamsize|p2|6
|gen|8
|tier|[Gen 8] OU
|rated|
|rule|Sleep Clause Mod: Limit one foe put to sleep
|rule|Species Clause: Limit one of each Pokémon
|rule|OHKO Clause: OHKO moves are banned
|rule|Evasion Moves Clause: Evasion moves are banned
|rule|Endless Battle Clause: Forcing endless battles is banned
|rule|HP Percentage Mod: HP is shown in percentages
|rule|Dynamax Clause: You cannot dynamax
|clearpoke
|poke|p1|Latios, M|
|poke|p1|Tapu Lele|
|poke|p1|Tyranitar, M|
|poke|p1|Clefable, F|
|poke|p1|Araquanid, F|
|poke|p1|Landorus-Therian, M|
|poke|p2|Jirachi|
|poke|p2|Regieleki|
|poke|p2|Dragonite, F|
|poke|p2|Garchomp, F|
|poke|p2|Volcarona, M|
|poke|p2|Bisharp, F|
|teampreview
|inactive|Battle timer is ON: inactive players will automatically lose when time's up. (requested by GenuineKing)
|inactive|noudle soop also wants the timer to be on.
|j| Ctannn
|inactive|GenuineKing has 120 seconds left.
|
|t:|1637098960
|start
|switch|p1a: Araquanid|Araquanid, F|100/100
|switch|p2a: rocks+wish support|Jirachi|100/100
|turn|1
|inactive|GenuineKing has 120 seconds left.
|j| ArealBadDream
|
|t:|1637099013
|move|p2a: rocks+wish support|U-turn|p1a: Araquanid
|-damage|p1a: Araquanid|77/100
|
|t:|1637099015
|switch|p2a: screens spam|Regieleki|100/100|[from]move: U-turn
|move|p1a: Araquanid|Liquidation|p2a: screens spam
|-damage|p2a: screens spam|0 fnt
|faint|p2a: screens spam
|
|upkeep
|inactive|GenuineKing has 90 seconds left.
|
|t:|1637099047
|switch|p2a: banded god|Bisharp, F|100/100
|turn|2
|
|t:|1637099060
|switch|p1a: Clefable|Clefable, F|100/100
|move|p2a: banded god|Knock Off|p1a: Clefable
|-resisted|p1a: Clefable
|-damage|p1a: Clefable|72/100
|-damage|p2a: banded god|84/100|[from] item: Rocky Helmet|[of] p1a: Clefable
|-enditem|p1a: Clefable|Rocky Helmet|[from] move: Knock Off|[of] p2a: banded god
|-damage|p2a: banded god|74/100|[from] item: Life Orb
|
|upkeep
|turn|3
|
|t:|1637099081
|move|p2a: banded god|Iron Head|p1a: Clefable
|-supereffective|p1a: Clefable
|-damage|p1a: Clefable|0 fnt
|faint|p1a: Clefable
|-damage|p2a: banded god|64/100|[from] item: Life Orb
|
|upkeep
|
|t:|1637099085
|switch|p1a: Tapu Lele|Tapu Lele|100/100
|-fieldstart|move: Psychic Terrain|[from] ability: Psychic Surge|[of] p1a: Tapu Lele
|turn|4
|
|t:|1637099091
|switch|p2a: rocks+wish support|Jirachi|100/100
|move|p1a: Tapu Lele|Moonblast|p2a: rocks+wish support
|-resisted|p2a: rocks+wish support
|-damage|p2a: rocks+wish support|64/100
|
|upkeep
|turn|5
|
|t:|1637099103
|switch|p1a: Landorus|Landorus-Therian, M|100/100
|-ability|p1a: Landorus|Intimidate|boost
|-unboost|p2a: rocks+wish support|atk|1
|move|p2a: rocks+wish support|Iron Head|p1a: Landorus
|-damage|p1a: Landorus|80/100
|
|-heal|p1a: Landorus|86/100|[from] item: Leftovers
|upkeep
|turn|6
|inactive|noudle soop has 120 seconds left.
|inactive|GenuineKing has 60 seconds left.
|
|t:|1637099145
|move|p2a: rocks+wish support|Stealth Rock|p1a: Landorus
|-sidestart|p1: noudle soop|move: Stealth Rock
|move|p1a: Landorus|U-turn|p2a: rocks+wish support
|-damage|p2a: rocks+wish support|42/100
|
|t:|1637099153
|switch|p1a: Araquanid|Araquanid, F|77/100|[from]move: U-turn
|
|upkeep
|turn|7
|l| Ctannn
|inactive|GenuineKing has 60 seconds left.
|
|t:|1637099194
|move|p2a: rocks+wish support|Iron Head|p1a: Araquanid
|-resisted|p1a: Araquanid
|-damage|p1a: Araquanid|65/100
|cant|p1a: Araquanid|flinch
|
|upkeep
|turn|8
|
|t:|1637099201
|switch|p1a: Landorus|Landorus-Therian, M|86/100
|-damage|p1a: Landorus|73/100|[from] Stealth Rock
|-ability|p1a: Landorus|Intimidate|boost
|-unboost|p2a: rocks+wish support|atk|1
|move|p2a: rocks+wish support|Iron Head|p1a: Landorus
|-damage|p1a: Landorus|58/100
|
|-heal|p1a: Landorus|64/100|[from] item: Leftovers
|-fieldend|move: Psychic Terrain
|upkeep
|turn|9
|
|t:|1637099209
|move|p2a: rocks+wish support|Trick|p1a: Landorus
|-activate|p2a: rocks+wish support|move: Trick|[of] p1a: Landorus
|-item|p1a: Landorus|Ring Target|[from] move: Trick
|-item|p2a: rocks+wish support|Leftovers|[from] move: Trick
|move|p1a: Landorus|Defog|p2a: rocks+wish support
|-unboost|p2a: rocks+wish support|evasion|1
|-sideend|p1: noudle soop|Stealth Rock|[from] move: Defog|[of] p1a: Landorus
|
|-heal|p2a: rocks+wish support|48/100|[from] item: Leftovers
|upkeep
|turn|10
|
|t:|1637099214
|move|p2a: rocks+wish support|Stealth Rock|p1a: Landorus
|-sidestart|p1: noudle soop|move: Stealth Rock
|move|p1a: Landorus|Earthquake|p2a: rocks+wish support
|-supereffective|p2a: rocks+wish support
|-damage|p2a: rocks+wish support|0 fnt
|faint|p2a: rocks+wish support
|
|upkeep
|inactive|GenuineKing has 30 seconds left.
|inactive|GenuineKing has 20 seconds left.
|inactive|GenuineKing has 15 seconds left.
|inactive|GenuineKing has 10 seconds left.
|
|t:|1637099268
|switch|p2a: scarf tech|Garchomp, F|100/100
|turn|11
|inactive|GenuineKing has 20 seconds left this turn.
|inactive|GenuineKing has 15 seconds left.
|
|t:|1637099276
|move|p2a: scarf tech|Swords Dance|p2a: scarf tech
|-boost|p2a: scarf tech|atk|2
|move|p1a: Landorus|Toxic|p2a: scarf tech
|-status|p2a: scarf tech|tox
|
|-damage|p2a: scarf tech|94/100 tox|[from] psn
|upkeep
|turn|12
|inactive|GenuineKing has 25 seconds left this turn.
|inactive|GenuineKing has 20 seconds left.
|
|t:|1637099286
|switch|p1a: Tapu Lele|Tapu Lele|100/100
|-damage|p1a: Tapu Lele|88/100|[from] Stealth Rock
|-fieldstart|move: Psychic Terrain|[from] ability: Psychic Surge|[of] p1a: Tapu Lele
|move|p2a: scarf tech|Scale Shot|p1a: Tapu Lele
|-immune|p1a: Tapu Lele
|
|-heal|p2a: scarf tech|100/100 tox|[from] item: Leftovers
|-damage|p2a: scarf tech|88/100 tox|[from] psn
|upkeep
|turn|13
|inactive|GenuineKing has 30 seconds left this turn.
|
|t:|1637099293
|switch|p1a: Landorus|Landorus-Therian, M|64/100
|-damage|p1a: Landorus|51/100|[from] Stealth Rock
|-ability|p1a: Landorus|Intimidate|boost
|-unboost|p2a: scarf tech|atk|1
|move|p2a: scarf tech|Earthquake|p1a: Landorus
|-damage|p1a: Landorus|0 fnt
|faint|p1a: Landorus
|
|-heal|p2a: scarf tech|94/100 tox|[from] item: Leftovers
|-damage|p2a: scarf tech|76/100 tox|[from] psn
|upkeep
|inactive|GenuineKing has 30 seconds left this turn.
|
|t:|1637099300
|switch|p1a: Latios|Latios, M|100/100
|-damage|p1a: Latios|88/100|[from] Stealth Rock
|turn|14
|inactive|GenuineKing has 30 seconds left.
|
|t:|1637099312
|move|p1a: Latios|Calm Mind|p1a: Latios
|-boost|p1a: Latios|spa|1
|-boost|p1a: Latios|spd|1
|move|p2a: scarf tech|Scale Shot|p1a: Latios
|-supereffective|p1a: Latios
|-damage|p1a: Latios|40/100
|-enditem|p1a: Latios|Weakness Policy
|-boost|p1a: Latios|atk|2|[from] item: Weakness Policy
|-boost|p1a: Latios|spa|2|[from] item: Weakness Policy
|-supereffective|p1a: Latios
|-damage|p1a: Latios|0 fnt
|faint|p1a: Latios
|-hitcount|p1: Latios|2
|-unboost|p2a: scarf tech|def|1
|-boost|p2a: scarf tech|spe|1
|
|-heal|p2a: scarf tech|82/100 tox|[from] item: Leftovers
|-damage|p2a: scarf tech|57/100 tox|[from] psn
|upkeep
|-message|noudle soop forfeited.
|
|win|GenuineKing
|raw|noudle soop's rating: 1693 &rarr; <strong>1673</strong><br />(-20 for losing)
|raw|GenuineKing's rating: 1686 &rarr; <strong>1706</strong><br />(+20 for winning)
|l|☆noudle soop
