|j|☆robbypart2
|j|☆PQPP214
|t:|1646288881
|gametype|singles
|player|p1|robbypart2|170|1456
|player|p2|PQPP214|169|1438
|teamsize|p1|6
|teamsize|p2|6
|gen|8
|tier|[Gen 8] OU
|rated|
|rule|Sleep Clause Mod: Limit one foe put to sleep
|rule|Species Clause: Limit one of each Pokémon
|rule|OHKO Clause: OHKO moves are banned
|rule|Evasion Moves Clause: Evasion moves are banned
|rule|Endless Battle Clause: Forcing endless battles is banned
|rule|HP Percentage Mod: HP is shown in percentages
|rule|Dynamax Clause: You cannot dynamax
|clearpoke
|poke|p1|Tyranitar, M|
|poke|p1|Ferrothorn, M|
|poke|p1|Blacephalon|
|poke|p1|Landorus-Therian, M|
|poke|p1|Urshifu-*, F|
|poke|p1|Tapu Lele|
|poke|p2|Landorus-Therian, M|
|poke|p2|Tornadus-Therian, M|
|poke|p2|Zeraora|
|poke|p2|Zapdos-Galar|
|poke|p2|Jirachi|
|poke|p2|Toxapex, M|
|teampreview
|inactive|Battle timer is ON: inactive players will automatically lose when time's up. (requested by robbypart2)
|inactive|PQPP214 also wants the timer to be on.
|
|t:|1646288891
|start
|switch|p1a: Landorus|Landorus-Therian, M|100/100
|switch|p2a: Zapdos|Zapdos-Galar|100/100
|-ability|p1a: Landorus|Intimidate|boost
|-unboost|p2a: Zapdos|atk|1
|-ability|p2a: Zapdos|Defiant
|-boost|p2a: Zapdos|atk|2
|turn|1
|
|t:|1646288897
|move|p2a: Zapdos|Brave Bird|p1a: Landorus
|-damage|p1a: Landorus|0 fnt
|faint|p1a: Landorus
|-damage|p2a: Zapdos|61/100|[from] Recoil
|
|upkeep
|
|t:|1646288901
|switch|p1a: Tyranitar|Tyranitar, M|100/100
|-weather|Sandstorm|[from] ability: Sand Stream|[of] p1a: Tyranitar
|turn|2
|
|t:|1646288908
|switch|p2a: Landorus|Landorus-Therian, M, shiny|100/100
|-ability|p2a: Landorus|Intimidate|boost
|-unboost|p1a: Tyranitar|atk|1
|move|p1a: Tyranitar|Stealth Rock|p2a: Landorus
|-sidestart|p2: PQPP214|move: Stealth Rock
|
|-weather|Sandstorm|[upkeep]
|upkeep
|turn|3
|
|t:|1646288914
|move|p2a: Landorus|Defog|p1a: Tyranitar
|-unboost|p1a: Tyranitar|evasion|1
|-sideend|p2: PQPP214|Stealth Rock|[from] move: Defog|[of] p2a: Landorus
|move|p1a: Tyranitar|Ice Beam|p2a: Landorus
|-supereffective|p2a: Landorus
|-damage|p2a: Landorus|44/100
|
|-weather|Sandstorm|[upkeep]
|-heal|p2a: Landorus|50/100|[from] item: Leftovers
|upkeep
|turn|4
|
|t:|1646288921
|switch|p1a: Ferrothorn|Ferrothorn, M|100/100
|move|p2a: Landorus|Earthquake|p1a: Ferrothorn
|-damage|p1a: Ferrothorn|75/100
|
|-weather|Sandstorm|[upkeep]
|-heal|p2a: Landorus|56/100|[from] item: Leftovers
|upkeep
|turn|5
|
|t:|1646288932
|switch|p2a: Zapdos|Zapdos-Galar|61/100
|move|p1a: Ferrothorn|Knock Off|p2a: Zapdos
|-resisted|p2a: Zapdos
|-damage|p2a: Zapdos|48/100
|-enditem|p2a: Zapdos|Choice Band|[from] move: Knock Off|[of] p1a: Ferrothorn
|
|-weather|Sandstorm|[upkeep]
|-damage|p2a: Zapdos|42/100|[from] Sandstorm
|upkeep
|turn|6
|
|t:|1646288942
|switch|p1a: Blacephalon|Blacephalon|100/100
|move|p2a: Zapdos|Close Combat|p1a: Blacephalon
|-immune|p1a: Blacephalon
|
|-weather|none
|upkeep
|turn|7
|
|t:|1646288946
|switch|p2a: Toxapex|Toxapex, M, shiny|100/100
|move|p1a: Blacephalon|Shadow Ball|p2a: Toxapex
|-damage|p2a: Toxapex|38/100
|-enditem|p2a: Toxapex|Eject Button
|
|t:|1646288953
|switch|p2a: Zeraora|Zeraora, shiny|100/100
|
|upkeep
|turn|8
|
|t:|1646288960
|switch|p1a: Ferrothorn|Ferrothorn, M|75/100
|move|p2a: Zeraora|Knock Off|p1a: Ferrothorn
|-damage|p1a: Ferrothorn|56/100
|-damage|p2a: Zeraora|88/100|[from] ability: Iron Barbs|[of] p1a: Ferrothorn
|-damage|p2a: Zeraora|72/100|[from] item: Rocky Helmet|[of] p1a: Ferrothorn
|-enditem|p1a: Ferrothorn|Rocky Helmet|[from] move: Knock Off|[of] p2a: Zeraora
|
|upkeep
|turn|9
|
|t:|1646288963
|move|p2a: Zeraora|Close Combat|p1a: Ferrothorn
|-supereffective|p1a: Ferrothorn
|-damage|p1a: Ferrothorn|12/100
|-unboost|p2a: Zeraora|def|1
|-unboost|p2a: Zeraora|spd|1
|-damage|p2a: Zeraora|59/100|[from] ability: Iron Barbs|[of] p1a: Ferrothorn
|move|p1a: Ferrothorn|Spikes|p2a: Zeraora
|-sidestart|p2: PQPP214|Spikes
|
|upkeep
|turn|10
|
|t:|1646288968
|move|p2a: Zeraora|Plasma Fists|p1a: Ferrothorn
|-resisted|p1a: Ferrothorn
|-damage|p1a: Ferrothorn|0 fnt
|-fieldactivate|move: Ion Deluge
|-hint|Normal-type moves become Electric-type after using Plasma Fists.
|-damage|p2a: Zeraora|47/100|[from] ability: Iron Barbs|[of] p1a: Ferrothorn
|faint|p1a: Ferrothorn
|
|upkeep
|
|t:|1646288972
|switch|p1a: Tapu Lele|Tapu Lele|100/100
|-fieldstart|move: Psychic Terrain|[from] ability: Psychic Surge|[of] p1a: Tapu Lele
|turn|11
|
|t:|1646288975
|switch|p1a: Blacephalon|Blacephalon|100/100
|switch|p2a: Jirachi|Jirachi, shiny|100/100
|-damage|p2a: Jirachi|88/100|[from] Spikes
|
|-heal|p2a: Jirachi|94/100|[from] item: Leftovers
|upkeep
|turn|12
|
|t:|1646288984
|switch|p2a: Tornadus|Tornadus-Therian, M, shiny|100/100
|move|p1a: Blacephalon|Shadow Ball|p2a: Tornadus
|-damage|p2a: Tornadus|24/100
|
|upkeep
|turn|13
|
|t:|1646288991
|switch|p1a: Tyranitar|Tyranitar, M|100/100
|-weather|Sandstorm|[from] ability: Sand Stream|[of] p1a: Tyranitar
|move|p2a: Tornadus|Knock Off|p1a: Tyranitar
|-resisted|p1a: Tyranitar
|-damage|p1a: Tyranitar|93/100
|-enditem|p1a: Tyranitar|Leftovers|[from] move: Knock Off|[of] p2a: Tornadus
|
|-weather|Sandstorm|[upkeep]
|-damage|p2a: Tornadus|18/100|[from] Sandstorm
|upkeep
|turn|14
|
|t:|1646288996
|move|p2a: Tornadus|U-turn|p1a: Tyranitar
|-supereffective|p1a: Tyranitar
|-damage|p1a: Tyranitar|71/100
|
|t:|1646289001
|switch|p2a: Jirachi|Jirachi, shiny|94/100|[from]move: U-turn
|-damage|p2a: Jirachi|82/100|[from] Spikes
|move|p1a: Tyranitar|Ice Beam|p2a: Jirachi
|-resisted|p2a: Jirachi
|-damage|p2a: Jirachi|76/100
|
|-weather|Sandstorm|[upkeep]
|-heal|p2a: Jirachi|82/100|[from] item: Leftovers
|upkeep
|turn|15
|
|t:|1646289010
|move|p2a: Jirachi|U-turn|p1a: Tyranitar
|-supereffective|p1a: Tyranitar
|-damage|p1a: Tyranitar|47/100
|
|t:|1646289013
|switch|p2a: Landorus|Landorus-Therian, M, shiny|56/100|[from]move: U-turn
|-ability|p2a: Landorus|Intimidate|boost
|-unboost|p1a: Tyranitar|atk|1
|move|p1a: Tyranitar|Stealth Rock|p2a: Landorus
|-sidestart|p2: PQPP214|move: Stealth Rock
|
|-weather|Sandstorm|[upkeep]
|-heal|p2a: Landorus|62/100|[from] item: Leftovers
|-fieldend|move: Psychic Terrain
|upkeep
|turn|16
|
|t:|1646289021
|move|p2a: Landorus|Earthquake|p1a: Tyranitar
|-supereffective|p1a: Tyranitar
|-damage|p1a: Tyranitar|0 fnt
|faint|p1a: Tyranitar
|
|-weather|Sandstorm|[upkeep]
|-heal|p2a: Landorus|68/100|[from] item: Leftovers
|upkeep
|
|t:|1646289025
|switch|p1a: Urshifu|Urshifu-Rapid-Strike, F|100/100
|turn|17
|
|t:|1646289030
|switch|p2a: Toxapex|Toxapex, M, shiny|71/100
|-damage|p2a: Toxapex|59/100|[from] Spikes
|-damage|p2a: Toxapex|47/100|[from] Stealth Rock
|move|p1a: Urshifu|U-turn|p2a: Toxapex
|-resisted|p2a: Toxapex
|-damage|p2a: Toxapex|36/100
|
|t:|1646289037
|switch|p1a: Blacephalon|Blacephalon|100/100|[from]move: U-turn
|
|-weather|none
|upkeep
|turn|18
|
|t:|1646289041
|move|p1a: Blacephalon|Shadow Ball|p2a: Toxapex
|-damage|p2a: Toxapex|0 fnt
|faint|p2a: Toxapex
|-ability|p1a: Blacephalon|Beast Boost|boost
|-boost|p1a: Blacephalon|spa|1
|
|upkeep
|
|t:|1646289045
|switch|p2a: Zeraora|Zeraora, shiny|47/100
|turn|19
|
|t:|1646289050
|switch|p1a: Urshifu|Urshifu-Rapid-Strike, F|100/100
|move|p2a: Zeraora|Knock Off|p1a: Urshifu
|-resisted|p1a: Urshifu
|-damage|p1a: Urshifu|86/100
|-enditem|p1a: Urshifu|Choice Band|[from] move: Knock Off|[of] p2a: Zeraora
|
|upkeep
|turn|20
|
|t:|1646289066
|switch|p2a: Landorus|Landorus-Therian, M, shiny|68/100
|-damage|p2a: Landorus|56/100|[from] Stealth Rock
|-ability|p2a: Landorus|Intimidate|boost
|-unboost|p1a: Urshifu|atk|1
|move|p1a: Urshifu|Aqua Jet|p2a: Landorus
|-supereffective|p2a: Landorus
|-damage|p2a: Landorus|30/100
|
|-heal|p2a: Landorus|36/100|[from] item: Leftovers
|upkeep
|turn|21
|
|t:|1646289075
|move|p1a: Urshifu|Surging Strikes|p2a: Landorus
|-supereffective|p2a: Landorus
|-crit|p2a: Landorus
|-damage|p2a: Landorus|1/100
|-supereffective|p2a: Landorus
|-crit|p2a: Landorus
|-damage|p2a: Landorus|0 fnt
|faint|p2a: Landorus
|-hitcount|p2: Landorus|2
|
|upkeep
|
|t:|1646289081
|switch|p2a: Tornadus|Tornadus-Therian, M, shiny|51/100
|turn|22
|
|t:|1646289086
|move|p1a: Urshifu|Aqua Jet|p2a: Tornadus
|-damage|p2a: Tornadus|36/100
|move|p2a: Tornadus|Hurricane|p1a: Urshifu|[miss]
|-miss|p2a: Tornadus|p1a: Urshifu
|
|upkeep
|turn|23
|
|t:|1646289091
|move|p2a: Tornadus|Hurricane|p1a: Urshifu
|-supereffective|p1a: Urshifu
|-damage|p1a: Urshifu|0 fnt
|faint|p1a: Urshifu
|
|upkeep
|
|t:|1646289093
|switch|p1a: Tapu Lele|Tapu Lele|100/100
|-fieldstart|move: Psychic Terrain|[from] ability: Psychic Surge|[of] p1a: Tapu Lele
|turn|24
|
|t:|1646289097
|switch|p1a: Blacephalon|Blacephalon|100/100
|move|p2a: Tornadus|Knock Off|p1a: Blacephalon
|-supereffective|p1a: Blacephalon
|-damage|p1a: Blacephalon|3/100
|-enditem|p1a: Blacephalon|Choice Specs|[from] move: Knock Off|[of] p2a: Tornadus
|
|upkeep
|turn|25
|
|t:|1646289102
|move|p2a: Tornadus|Knock Off|p1a: Blacephalon
|-supereffective|p1a: Blacephalon
|-damage|p1a: Blacephalon|0 fnt
|faint|p1a: Blacephalon
|
|upkeep
|
|t:|1646289104
|switch|p1a: Tapu Lele|Tapu Lele|100/100
|turn|26
|
|t:|1646289108
|move|p1a: Tapu Lele|Psychic|p2a: Tornadus
|-damage|p2a: Tornadus|0 fnt
|faint|p2a: Tornadus
|
|upkeep
|
|t:|1646289110
|switch|p2a: Jirachi|Jirachi, shiny|82/100
|-damage|p2a: Jirachi|76/100|[from] Stealth Rock
|-damage|p2a: Jirachi|63/100|[from] Spikes
|turn|27
|
|t:|1646289113
|move|p1a: Tapu Lele|Psychic|p2a: Jirachi
|-resisted|p2a: Jirachi
|-damage|p2a: Jirachi|54/100
|-unboost|p2a: Jirachi|spd|1
|move|p2a: Jirachi|Iron Head|p1a: Tapu Lele
|-supereffective|p1a: Tapu Lele
|-damage|p1a: Tapu Lele|15/100
|
|-heal|p2a: Jirachi|61/100|[from] item: Leftovers
|upkeep
|turn|28
|
|t:|1646289115
|move|p1a: Tapu Lele|Psychic|p2a: Jirachi
|-resisted|p2a: Jirachi
|-damage|p2a: Jirachi|47/100
|move|p2a: Jirachi|Iron Head|p1a: Tapu Lele
|-supereffective|p1a: Tapu Lele
|-damage|p1a: Tapu Lele|0 fnt
|faint|p1a: Tapu Lele
|
|win|PQPP214
|raw|robbypart2's rating: 1456 &rarr; <strong>1435</strong><br />(-21 for losing)
|raw|PQPP214's rating: 1438 &rarr; <strong>1459</strong><br />(+21 for winning)
|l|☆robbypart2
