|html|<div class="broadcast-blue"><strong>[Gen 8] OU is currently suspecting Melmetal! For information on how to participate check out the <a href="https://www.smogon.com/forums/threads/np-ss-ou-suspect-process-round-12-monster-mash.3709234/">suspect thread</a>.</strong></div>
|j|☆ninjadouche
|j|☆Darkman64
|t:|1666660596
|gametype|singles
|player|p1|ninjadouche|burglar|1593
|player|p2|Darkman64|juan|1558
|teamsize|p1|6
|teamsize|p2|6
|gen|8
|tier|[Gen 8] OU
|rated|
|rule|Sleep Clause Mod: Limit one foe put to sleep
|rule|Species Clause: Limit one of each Pokémon
|rule|OHKO Clause: OHKO moves are banned
|rule|Evasion Items Clause: Evasion items are banned
|rule|Evasion Moves Clause: Evasion moves are banned
|rule|Endless Battle Clause: Forcing endless battles is banned
|rule|HP Percentage Mod: HP is shown in percentages
|rule|Dynamax Clause: You cannot dynamax
|clearpoke
|poke|p1|Marowak-Alola, M|
|poke|p1|Ninetales, F|
|poke|p1|Rotom-Wash|
|poke|p1|Snorlax, M|
|poke|p1|Shiftry, M|
|poke|p1|Aggron, F|
|poke|p2|Weavile, M|
|poke|p2|Slowbro, F|
|poke|p2|Landorus-Therian, M|
|poke|p2|Urshifu-*, M|
|poke|p2|Ferrothorn, M|
|poke|p2|Clefable, M|
|teampreview
|c|☆ninjadouche|hf
|
|t:|1666660640
|start
|switch|p1a: Rotom|Rotom-Wash|100/100
|switch|p2a: Weavile|Weavile, M|100/100
|-ability|p2a: Weavile|Pressure
|turn|1
|
|t:|1666660648
|move|p2a: Weavile|Knock Off|p1a: Rotom
|-damage|p1a: Rotom|36/100
|-enditem|p1a: Rotom|Leftovers|[from] move: Knock Off|[of] p2a: Weavile
|move|p1a: Rotom|Will-O-Wisp|p2a: Weavile
|-status|p2a: Weavile|brn
|
|-damage|p2a: Weavile|94/100 brn|[from] brn
|upkeep
|turn|2
|
|t:|1666660658
|move|p2a: Weavile|Knock Off|p1a: Rotom
|-damage|p1a: Rotom|14/100
|move|p1a: Rotom|Volt Switch|p2a: Weavile
|-damage|p2a: Weavile|57/100 brn
|
|t:|1666660665
|switch|p1a: Ninetales|Ninetales, F, shiny|100/100|[from]move: Volt Switch
|-weather|SunnyDay|[from] ability: Drought|[of] p1a: Ninetales
|
|-weather|SunnyDay|[upkeep]
|-damage|p2a: Weavile|51/100 brn|[from] brn
|upkeep
|turn|3
|j| jly8
|
|t:|1666660670
|move|p2a: Weavile|Knock Off|p1a: Ninetales
|-damage|p1a: Ninetales|44/100
|-enditem|p1a: Ninetales|Choice Specs|[from] move: Knock Off|[of] p2a: Weavile
|move|p1a: Ninetales|Overheat|p2a: Weavile
|-supereffective|p2a: Weavile
|-damage|p2a: Weavile|0 fnt
|-unboost|p1a: Ninetales|spa|2
|faint|p2a: Weavile
|
|-weather|SunnyDay|[upkeep]
|upkeep
|
|t:|1666660678
|switch|p2a: Urshifu|Urshifu-Rapid-Strike, M|100/100
|turn|4
|
|t:|1666660685
|switch|p1a: Rotom|Rotom-Wash|14/100
|move|p2a: Urshifu|U-turn|p1a: Rotom
|-damage|p1a: Rotom|0 fnt
|faint|p1a: Rotom
|
|t:|1666660690
|switch|p2a: Slowbro|Slowbro, F|100/100|[from]move: U-turn
|
|-weather|SunnyDay|[upkeep]
|upkeep
|
|t:|1666660703
|switch|p1a: Marowak|Marowak-Alola, M|100/100
|turn|5
|
|t:|1666660708
|move|p1a: Marowak|Poltergeist|p2a: Slowbro
|-activate|p2a: Slowbro|move: Poltergeist|Heavy-Duty Boots
|-supereffective|p2a: Slowbro
|-damage|p2a: Slowbro|0 fnt
|faint|p2a: Slowbro
|
|-weather|SunnyDay|[upkeep]
|upkeep
|
|t:|1666660710
|switch|p2a: Landorus|Landorus-Therian, M|100/100
|-ability|p2a: Landorus|Intimidate|boost
|-unboost|p1a: Marowak|atk|1
|turn|6
|
|t:|1666660715
|move|p2a: Landorus|Earthquake|p1a: Marowak
|-supereffective|p1a: Marowak
|-damage|p1a: Marowak|3/100
|move|p1a: Marowak|Flare Blitz|p2a: Landorus
|-damage|p2a: Landorus|9/100
|-damage|p1a: Marowak|0 fnt|[from] Recoil
|faint|p1a: Marowak
|
|-weather|none
|-heal|p2a: Landorus|15/100|[from] item: Leftovers
|upkeep
|
|t:|1666660722
|switch|p1a: Ninetales|Ninetales, F, shiny|44/100
|-weather|SunnyDay|[from] ability: Drought|[of] p1a: Ninetales
|turn|7
|
|t:|1666660735
|move|p1a: Ninetales|Overheat|p2a: Landorus
|-damage|p2a: Landorus|0 fnt
|-unboost|p1a: Ninetales|spa|2
|faint|p2a: Landorus
|
|-weather|SunnyDay|[upkeep]
|upkeep
|
|t:|1666660737
|switch|p2a: Urshifu|Urshifu-Rapid-Strike, M|100/100
|turn|8
|
|t:|1666660742
|switch|p1a: Aggron|Aggron, F|100/100
|move|p2a: Urshifu|U-turn|p1a: Aggron
|-resisted|p1a: Aggron
|-damage|p1a: Aggron|89/100
|
|t:|1666660744
|switch|p2a: Clefable|Clefable, M|100/100|[from]move: U-turn
|
|-weather|SunnyDay|[upkeep]
|upkeep
|turn|9
|
|t:|1666660748
|switch|p2a: Urshifu|Urshifu-Rapid-Strike, M|100/100
|switch|p1a: Snorlax|Snorlax, M|100/100
|
|-weather|SunnyDay|[upkeep]
|upkeep
|turn|10
|
|t:|1666660755
|switch|p1a: Aggron|Aggron, F|89/100
|move|p2a: Urshifu|Close Combat|p1a: Aggron
|-supereffective|p1a: Aggron
|-damage|p1a: Aggron|0 fnt
|-unboost|p2a: Urshifu|def|1
|-unboost|p2a: Urshifu|spd|1
|faint|p1a: Aggron
|
|-weather|SunnyDay|[upkeep]
|upkeep
|
|t:|1666660761
|switch|p1a: Shiftry|Shiftry, M|100/100
|turn|11
|
|t:|1666660767
|switch|p2a: Ferrothorn|Ferrothorn, M|100/100
|move|p1a: Shiftry|Solar Blade||[still]
|-prepare|p1a: Shiftry|Solar Blade
|-anim|p1a: Shiftry|Solar Blade|p2a: Ferrothorn
|-resisted|p2a: Ferrothorn
|-damage|p2a: Ferrothorn|90/100
|-damage|p1a: Shiftry|88/100|[from] ability: Iron Barbs|[of] p2a: Ferrothorn
|-damage|p1a: Shiftry|78/100|[from] item: Life Orb
|
|-weather|none
|-heal|p2a: Ferrothorn|97/100|[from] item: Leftovers
|upkeep
|turn|12
|
|t:|1666660772
|switch|p1a: Ninetales|Ninetales, F, shiny|44/100
|-weather|SunnyDay|[from] ability: Drought|[of] p1a: Ninetales
|switch|p2a: Clefable|Clefable, M|100/100
|
|-weather|SunnyDay|[upkeep]
|upkeep
|turn|13
|
|t:|1666660777
|move|p1a: Ninetales|Overheat|p2a: Clefable
|-damage|p2a: Clefable|33/100
|-unboost|p1a: Ninetales|spa|2
|move|p2a: Clefable|Teleport|p2a: Clefable
|
|t:|1666660782
|switch|p2a: Urshifu|Urshifu-Rapid-Strike, M|100/100|[from]move: Teleport
|
|-weather|SunnyDay|[upkeep]
|upkeep
|turn|14
|
|t:|1666660787
|switch|p1a: Snorlax|Snorlax, M|100/100
|move|p2a: Urshifu|Close Combat|p1a: Snorlax
|-supereffective|p1a: Snorlax
|-damage|p1a: Snorlax|0 fnt
|-unboost|p2a: Urshifu|def|1
|-unboost|p2a: Urshifu|spd|1
|faint|p1a: Snorlax
|
|-weather|SunnyDay|[upkeep]
|upkeep
|
|t:|1666660788
|switch|p1a: Shiftry|Shiftry, M|78/100
|turn|15
|
|t:|1666660792
|switch|p2a: Clefable|Clefable, M|33/100
|move|p1a: Shiftry|Solar Blade||[still]
|-prepare|p1a: Shiftry|Solar Blade
|-anim|p1a: Shiftry|Solar Blade|p2a: Clefable
|-damage|p2a: Clefable|0 fnt
|faint|p2a: Clefable
|-damage|p1a: Shiftry|68/100|[from] item: Life Orb
|
|-weather|SunnyDay|[upkeep]
|upkeep
|
|t:|1666660796
|switch|p2a: Urshifu|Urshifu-Rapid-Strike, M|100/100
|turn|16
|
|t:|1666660806
|switch|p2a: Ferrothorn|Ferrothorn, M|97/100
|move|p1a: Shiftry|Solar Blade||[still]
|-prepare|p1a: Shiftry|Solar Blade
|-anim|p1a: Shiftry|Solar Blade|p2a: Ferrothorn
|-resisted|p2a: Ferrothorn
|-damage|p2a: Ferrothorn|85/100
|-damage|p1a: Shiftry|56/100|[from] ability: Iron Barbs|[of] p2a: Ferrothorn
|-damage|p1a: Shiftry|46/100|[from] item: Life Orb
|
|-weather|none
|-heal|p2a: Ferrothorn|91/100|[from] item: Leftovers
|upkeep
|turn|17
|
|t:|1666660812
|switch|p1a: Ninetales|Ninetales, F, shiny|44/100
|-weather|SunnyDay|[from] ability: Drought|[of] p1a: Ninetales
|switch|p2a: Urshifu|Urshifu-Rapid-Strike, M|100/100
|
|-weather|SunnyDay|[upkeep]
|upkeep
|turn|18
|
|t:|1666660816
|move|p1a: Ninetales|Solar Beam||[still]
|-prepare|p1a: Ninetales|Solar Beam
|-anim|p1a: Ninetales|Solar Beam|p2a: Urshifu
|-supereffective|p2a: Urshifu
|-damage|p2a: Urshifu|9/100
|move|p2a: Urshifu|U-turn|p1a: Ninetales
|-resisted|p1a: Ninetales
|-damage|p1a: Ninetales|17/100
|
|t:|1666660819
|switch|p2a: Ferrothorn|Ferrothorn, M|91/100|[from]move: U-turn
|
|-weather|SunnyDay|[upkeep]
|-heal|p2a: Ferrothorn|98/100|[from] item: Leftovers
|upkeep
|turn|19
|
|t:|1666660823
|move|p1a: Ninetales|Overheat|p2a: Ferrothorn|[miss]
|-miss|p1a: Ninetales|p2a: Ferrothorn
|move|p2a: Ferrothorn|Spikes|p1a: Ninetales
|-sidestart|p1: ninjadouche|Spikes
|
|-weather|SunnyDay|[upkeep]
|-heal|p2a: Ferrothorn|100/100|[from] item: Leftovers
|upkeep
|turn|20
|
|t:|1666660827
|move|p1a: Ninetales|Overheat|p2a: Ferrothorn
|-supereffective|p2a: Ferrothorn
|-damage|p2a: Ferrothorn|0 fnt
|-unboost|p1a: Ninetales|spa|2
|faint|p2a: Ferrothorn
|
|-weather|SunnyDay|[upkeep]
|upkeep
|c|☆Darkman64|gg
|
|t:|1666660831
|switch|p2a: Urshifu|Urshifu-Rapid-Strike, M|9/100
|turn|21
|
|t:|1666660834
|move|p1a: Ninetales|Solar Beam||[still]
|-prepare|p1a: Ninetales|Solar Beam
|-anim|p1a: Ninetales|Solar Beam|p2a: Urshifu
|-supereffective|p2a: Urshifu
|-damage|p2a: Urshifu|0 fnt
|faint|p2a: Urshifu
|
|win|ninjadouche
|raw|ninjadouche's rating: 1593 &rarr; <strong>1612</strong><br />(+19 for winning)
|raw|Darkman64's rating: 1581 &rarr; <strong>1562</strong><br />(-19 for losing)
|c|☆ninjadouche|gg
|l|☆Darkman64
|l| jly8
||Ladder isn't responding, score probably updated but might not have (Request timeout).
|l|☆ninjadouche
|j|☆ninjadouche
|player|p1|ninjadouche|burglar
