|raw|<div class="broadcast-blue"><strong>This battle is required to be public due to a player having a name starting with 'lt91bb'.</div>
|j|‽lt91bb 3d
|j|☆j_albacino023
|t:|1659538863
|gametype|singles
|player|p1|lt91bb 3d|skierf|1880
|player|p2|j_albacino023|170|2003
|teamsize|p1|6
|teamsize|p2|6
|gen|8
|tier|[Gen 8] OU
|rated|
|rule|Sleep Clause Mod: Limit one foe put to sleep
|rule|Species Clause: Limit one of each Pokémon
|rule|OHKO Clause: OHKO moves are banned
|rule|Evasion Moves Clause: Evasion moves are banned
|rule|Endless Battle Clause: Forcing endless battles is banned
|rule|HP Percentage Mod: HP is shown in percentages
|rule|Dynamax Clause: You cannot dynamax
|clearpoke
|poke|p1|Blaziken, F|
|poke|p1|Clefable, F|
|poke|p1|Corviknight, M|
|poke|p1|Toxapex, F|
|poke|p1|Weavile, M|
|poke|p1|Hippowdon, M|
|poke|p2|Ferrothorn, F|
|poke|p2|Rotom-Wash|
|poke|p2|Tyranitar, F|
|poke|p2|Excadrill, M|
|poke|p2|Clefable, M|
|poke|p2|Dragapult, F|
|teampreview
|j| LT91BB Ox
|j| LT91BB bigstomp
|j| LT91BB dranb
|inactive|Battle timer is ON: inactive players will automatically lose when time's up. (requested by lt91bb 3d)
|j| LT91BB Lou
|
|t:|1659538889
|start
|switch|p1a: Toxapex|Toxapex, F|100/100
|switch|p2a: Clefable|Clefable, M|100/100
|turn|1
|j| Skyrio
|
|t:|1659538894
|move|p2a: Clefable|Knock Off|p1a: Toxapex
|-damage|p1a: Toxapex|90/100
|-enditem|p1a: Toxapex|Shed Shell|[from] move: Knock Off|[of] p2a: Clefable
|move|p1a: Toxapex|Knock Off|p2a: Clefable
|-resisted|p2a: Clefable
|-damage|p2a: Clefable|94/100
|-damage|p1a: Toxapex|74/100|[from] item: Rocky Helmet|[of] p2a: Clefable
|-enditem|p2a: Clefable|Rocky Helmet|[from] move: Knock Off|[of] p1a: Toxapex
|
|upkeep
|turn|2
|
|t:|1659538897
|move|p2a: Clefable|Stealth Rock|p1a: Toxapex
|-sidestart|p1: lt91bb 3d|move: Stealth Rock
|move|p1a: Toxapex|Toxic Spikes|p2a: Clefable
|-sidestart|p2: j_albacino023|move: Toxic Spikes
|
|upkeep
|turn|3
|
|t:|1659538908
|move|p2a: Clefable|Knock Off|p1a: Toxapex
|-damage|p1a: Toxapex|67/100
|move|p1a: Toxapex|Knock Off|p2a: Clefable
|-resisted|p2a: Clefable
|-damage|p2a: Clefable|91/100
|
|upkeep
|turn|4
|
|t:|1659538914
|switch|p1a: Blaziken|Blaziken, F|100/100
|-damage|p1a: Blaziken|88/100|[from] Stealth Rock
|move|p2a: Clefable|Knock Off|p1a: Blaziken
|-resisted|p1a: Blaziken
|-damage|p1a: Blaziken|77/100
|-enditem|p1a: Blaziken|Life Orb|[from] move: Knock Off|[of] p2a: Clefable
|
|upkeep
|turn|5
|j| LT91BB Originality
|j| LT91BB Miyan
|j| Trannos
|j| samurott champloo
|
|t:|1659538919
|move|p1a: Blaziken|Swords Dance|p1a: Blaziken
|-boost|p1a: Blaziken|atk|2
|move|p2a: Clefable|Moonblast|p1a: Blaziken
|-damage|p1a: Blaziken|26/100
|
|-ability|p1a: Blaziken|Speed Boost|boost
|-boost|p1a: Blaziken|spe|1
|upkeep
|turn|6
|j| Phxo'
|j| LT91BB Wolfiie
|j| LeDPPer
|
|t:|1659538928
|switch|p2a: Tyranitar|Tyranitar, F|100/100
|-status|p2a: Tyranitar|psn
|-weather|Sandstorm|[from] ability: Sand Stream|[of] p2a: Tyranitar
|move|p1a: Blaziken|High Jump Kick|p2a: Tyranitar
|-supereffective|p2a: Tyranitar
|-damage|p2a: Tyranitar|0 fnt
|faint|p2a: Tyranitar
|
|-weather|Sandstorm|[upkeep]
|-damage|p1a: Blaziken|20/100|[from] Sandstorm
|-ability|p1a: Blaziken|Speed Boost|boost
|-boost|p1a: Blaziken|spe|1
|upkeep
|l| Trannos
|j| Lifeismyth
|
|t:|1659538933
|switch|p2a: Clefable|Clefable, M|91/100
|-status|p2a: Clefable|psn
|turn|7
|j|@Quite Quiet
|
|t:|1659538944
|move|p1a: Blaziken|High Jump Kick|p2a: Clefable|[miss]
|-miss|p1a: Blaziken|p2a: Clefable
|-damage|p1a: Blaziken|0 fnt|[from] highjumpkick
|faint|p1a: Blaziken
|move|p2a: Clefable|Moonblast|p1: Blaziken|[notarget]
|-fail|p2a: Clefable
|
|-weather|Sandstorm|[upkeep]
|upkeep
|j| KFC Chizza
|
|t:|1659538957
|switch|p1a: Hippowdon|Hippowdon, M|100/100
|-damage|p1a: Hippowdon|94/100|[from] Stealth Rock
|turn|8
|l| Lifeismyth
|
|t:|1659538962
|move|p2a: Clefable|Knock Off|p1a: Hippowdon
|-damage|p1a: Hippowdon|84/100
|-enditem|p1a: Hippowdon|Leftovers|[from] move: Knock Off|[of] p2a: Clefable
|move|p1a: Hippowdon|Stealth Rock|p2a: Clefable
|-sidestart|p2: j_albacino023|move: Stealth Rock
|
|-weather|Sandstorm|[upkeep]
|upkeep
|turn|9
|j| d18l
|
|t:|1659538965
|move|p2a: Clefable|Moonblast|p1a: Hippowdon
|-damage|p1a: Hippowdon|61/100
|-unboost|p1a: Hippowdon|spa|1
|move|p1a: Hippowdon|Heavy Slam|p2a: Clefable
|-supereffective|p2a: Clefable
|-damage|p2a: Clefable|43/100 psn
|
|-weather|Sandstorm|[upkeep]
|upkeep
|turn|10
|
|t:|1659538967
|move|p2a: Clefable|Soft-Boiled|p2a: Clefable
|-heal|p2a: Clefable|93/100 psn
|move|p1a: Hippowdon|Heavy Slam|p2a: Clefable
|-supereffective|p2a: Clefable
|-damage|p2a: Clefable|43/100 psn
|
|-weather|none
|upkeep
|turn|11
|
|t:|1659538970
|switch|p2a: Ferrothorn|Ferrothorn, F|100/100
|-damage|p2a: Ferrothorn|95/100|[from] Stealth Rock
|move|p1a: Hippowdon|Heavy Slam|p2a: Ferrothorn
|-resisted|p2a: Ferrothorn
|-damage|p2a: Ferrothorn|90/100
|-damage|p1a: Hippowdon|49/100|[from] ability: Iron Barbs|[of] p2a: Ferrothorn
|
|-heal|p2a: Ferrothorn|96/100|[from] item: Leftovers
|upkeep
|turn|12
|j| jajajj
|
|t:|1659538975
|move|p1a: Hippowdon|Slack Off|p1a: Hippowdon
|-heal|p1a: Hippowdon|99/100
|move|p2a: Ferrothorn|Spikes|p1a: Hippowdon
|-sidestart|p1: lt91bb 3d|Spikes
|
|-heal|p2a: Ferrothorn|100/100|[from] item: Leftovers
|upkeep
|turn|13
|j| deez nuzt
|
|t:|1659538981
|switch|p1a: Toxapex|Toxapex, F|100/100
|-damage|p1a: Toxapex|88/100|[from] Stealth Rock
|-damage|p1a: Toxapex|76/100|[from] Spikes
|move|p2a: Ferrothorn|Leech Seed|p1a: Toxapex
|-start|p1a: Toxapex|move: Leech Seed
|
|-damage|p1a: Toxapex|64/100|[from] Leech Seed|[of] p2a: Ferrothorn
|upkeep
|turn|14
|
|t:|1659538983
|switch|p2a: Clefable|Clefable, M|43/100 psn
|move|p1a: Toxapex|Knock Off|p2a: Clefable
|-resisted|p2a: Clefable
|-damage|p2a: Clefable|40/100 psn
|
|-damage|p1a: Toxapex|52/100|[from] Leech Seed|[of] p2a: Clefable
|-heal|p2a: Clefable|49/100 psn|[silent]
|upkeep
|turn|15
|j| LT91BB Empo
|
|t:|1659538988
|switch|p1a: Clefable|Clefable, F|100/100
|move|p2a: Clefable|Soft-Boiled|p2a: Clefable
|-heal|p2a: Clefable|99/100 psn
|
|upkeep
|turn|16
|
|t:|1659538992
|switch|p2a: Rotom|Rotom-Wash|100/100
|-damage|p2a: Rotom|88/100|[from] Stealth Rock
|move|p1a: Clefable|Calm Mind|p1a: Clefable
|-boost|p1a: Clefable|spa|1
|-boost|p1a: Clefable|spd|1
|
|-heal|p2a: Rotom|94/100|[from] item: Leftovers
|upkeep
|turn|17
|
|t:|1659538995
|move|p2a: Rotom|Toxic|p1a: Clefable
|-status|p1a: Clefable|tox
|move|p1a: Clefable|Moonblast|p2a: Rotom
|-damage|p2a: Rotom|49/100
|
|-heal|p2a: Rotom|55/100|[from] item: Leftovers
|upkeep
|turn|18
|
|t:|1659539008
|move|p2a: Rotom|Volt Switch|p1a: Clefable
|-damage|p1a: Clefable|86/100 tox
|
|t:|1659539011
|switch|p2a: Excadrill|Excadrill, M|100/100|[from]move: Volt Switch
|-damage|p2a: Excadrill|97/100|[from] Stealth Rock
|move|p1a: Clefable|Moonblast|p2a: Excadrill
|-resisted|p2a: Excadrill
|-damage|p2a: Excadrill|64/100
|
|-heal|p2a: Excadrill|70/100|[from] item: Leftovers
|upkeep
|turn|19
|
|t:|1659539015
|move|p2a: Excadrill|Iron Head|p1a: Clefable
|-supereffective|p1a: Clefable
|-damage|p1a: Clefable|16/100 tox
|-damage|p2a: Excadrill|54/100|[from] item: Rocky Helmet|[of] p1a: Clefable
|cant|p1a: Clefable|flinch
|
|-heal|p2a: Excadrill|60/100|[from] item: Leftovers
|upkeep
|turn|20
|
|t:|1659539022
|switch|p1a: Corviknight|Corviknight, M|100/100
|-damage|p1a: Corviknight|88/100|[from] Stealth Rock
|-ability|p1a: Corviknight|Pressure
|move|p2a: Excadrill|Iron Head|p1a: Corviknight
|-resisted|p1a: Corviknight
|-crit|p1a: Corviknight
|-damage|p1a: Corviknight|69/100
|
|-heal|p2a: Excadrill|66/100|[from] item: Leftovers
|upkeep
|turn|21
|l| KFC Chizza
|
|t:|1659539028
|switch|p2a: Clefable|Clefable, M|99/100 psn
|move|p1a: Corviknight|Body Press|p2a: Clefable
|-resisted|p2a: Clefable
|-damage|p2a: Clefable|90/100 psn
|
|upkeep
|turn|22
|
|t:|1659539032
|move|p1a: Corviknight|Iron Defense|p1a: Corviknight
|-boost|p1a: Corviknight|def|2
|move|p2a: Clefable|Knock Off|p1a: Corviknight
|-damage|p1a: Corviknight|65/100
|-enditem|p1a: Corviknight|Shed Shell|[from] move: Knock Off|[of] p2a: Clefable
|
|upkeep
|turn|23
|
|t:|1659539037
|move|p1a: Corviknight|Roost|p1a: Corviknight
|-heal|p1a: Corviknight|100/100
|-singleturn|p1a: Corviknight|move: Roost
|move|p2a: Clefable|Moonblast|p1a: Corviknight
|-resisted|p1a: Corviknight
|-damage|p1a: Corviknight|86/100
|
|upkeep
|turn|24
|j| Prinz
|
|t:|1659539043
|switch|p2a: Rotom|Rotom-Wash|55/100
|-damage|p2a: Rotom|43/100|[from] Stealth Rock
|move|p1a: Corviknight|Body Press|p2a: Rotom
|-damage|p2a: Rotom|0 fnt
|faint|p2a: Rotom
|
|upkeep
|
|t:|1659539046
|switch|p2a: Dragapult|Dragapult, F|100/100
|-status|p2a: Dragapult|psn
|-damage|p2a: Dragapult|88/100 psn|[from] Stealth Rock
|turn|25
|l| Prinz
|j| doubledgedsword
|l| Phxo'
|
|t:|1659539058
|switch|p1a: Toxapex|Toxapex, F|85/100
|-damage|p1a: Toxapex|73/100|[from] Stealth Rock
|-damage|p1a: Toxapex|61/100|[from] Spikes
|move|p2a: Dragapult|Flamethrower|p1a: Toxapex
|-resisted|p1a: Toxapex
|-damage|p1a: Toxapex|43/100
|
|-damage|p2a: Dragapult|76/100 psn|[from] psn
|upkeep
|turn|26
|j| Tamagochi azulado
|
|t:|1659539063
|move|p2a: Dragapult|Flamethrower|p1a: Toxapex
|-resisted|p1a: Toxapex
|-damage|p1a: Toxapex|26/100
|move|p1a: Toxapex|Knock Off|p2a: Dragapult
|-supereffective|p2a: Dragapult
|-damage|p2a: Dragapult|36/100 psn
|-enditem|p2a: Dragapult|Choice Specs|[from] move: Knock Off|[of] p1a: Toxapex
|
|-damage|p2a: Dragapult|23/100 psn|[from] psn
|upkeep
|turn|27
|j| Bug-T
|
|t:|1659539068
|move|p2a: Dragapult|Shadow Ball|p1a: Toxapex
|-damage|p1a: Toxapex|0 fnt
|faint|p1a: Toxapex
|
|-damage|p2a: Dragapult|11/100 psn|[from] psn
|upkeep
|
|t:|1659539071
|switch|p1a: Weavile|Weavile, M|100/100
|-ability|p1a: Weavile|Pressure
|turn|28
|j| rhymetymeppl
|j| LT91BB xray
|l| rhymetymeppl
|
|t:|1659539078
|switch|p2a: Ferrothorn|Ferrothorn, F|100/100
|-damage|p2a: Ferrothorn|95/100|[from] Stealth Rock
|move|p1a: Weavile|Swords Dance|p1a: Weavile
|-boost|p1a: Weavile|atk|2
|
|-heal|p2a: Ferrothorn|100/100|[from] item: Leftovers
|upkeep
|turn|29
|
|t:|1659539094
|switch|p1a: Hippowdon|Hippowdon, M|99/100
|-damage|p1a: Hippowdon|93/100|[from] Stealth Rock
|-damage|p1a: Hippowdon|80/100|[from] Spikes
|-weather|Sandstorm|[from] ability: Sand Stream|[of] p1a: Hippowdon
|move|p2a: Ferrothorn|Body Press|p1a: Hippowdon
|-damage|p1a: Hippowdon|57/100
|
|-weather|Sandstorm|[upkeep]
|upkeep
|turn|30
|l| doubledgedsword
|
|t:|1659539100
|move|p1a: Hippowdon|Earthquake|p2a: Ferrothorn
|-crit|p2a: Ferrothorn
|-damage|p2a: Ferrothorn|68/100
|move|p2a: Ferrothorn|Iron Defense|p2a: Ferrothorn
|-boost|p2a: Ferrothorn|def|2
|
|-weather|Sandstorm|[upkeep]
|-heal|p2a: Ferrothorn|74/100|[from] item: Leftovers
|upkeep
|turn|31
|
|t:|1659539105
|switch|p1a: Clefable|Clefable, F|16/100 tox
|move|p2a: Ferrothorn|Iron Defense|p2a: Ferrothorn
|-boost|p2a: Ferrothorn|def|2
|
|-weather|Sandstorm|[upkeep]
|-heal|p2a: Ferrothorn|80/100|[from] item: Leftovers
|upkeep
|turn|32
|
|t:|1659539108
|move|p1a: Clefable|Soft-Boiled|p1a: Clefable
|-heal|p1a: Clefable|66/100 tox
|move|p2a: Ferrothorn|Iron Defense|p2a: Ferrothorn
|-boost|p2a: Ferrothorn|def|2
|
|-weather|Sandstorm|[upkeep]
|-heal|p2a: Ferrothorn|86/100|[from] item: Leftovers
|upkeep
|turn|33
|
|t:|1659539111
|move|p1a: Clefable|Calm Mind|p1a: Clefable
|-boost|p1a: Clefable|spa|1
|-boost|p1a: Clefable|spd|1
|move|p2a: Ferrothorn|Body Press|p1a: Clefable
|-resisted|p1a: Clefable
|-damage|p1a: Clefable|15/100 tox
|-damage|p2a: Ferrothorn|69/100|[from] item: Rocky Helmet|[of] p1a: Clefable
|
|-weather|none
|-heal|p2a: Ferrothorn|75/100|[from] item: Leftovers
|upkeep
|turn|34
|
|t:|1659539115
|move|p1a: Clefable|Soft-Boiled|p1a: Clefable
|-heal|p1a: Clefable|65/100 tox
|move|p2a: Ferrothorn|Body Press|p1a: Clefable
|-resisted|p1a: Clefable
|-damage|p1a: Clefable|11/100 tox
|-damage|p2a: Ferrothorn|59/100|[from] item: Rocky Helmet|[of] p1a: Clefable
|
|-heal|p2a: Ferrothorn|65/100|[from] item: Leftovers
|upkeep
|turn|35
|
|t:|1659539120
|move|p1a: Clefable|Soft-Boiled|p1a: Clefable
|-heal|p1a: Clefable|61/100 tox
|move|p2a: Ferrothorn|Body Press|p1a: Clefable
|-resisted|p1a: Clefable
|-damage|p1a: Clefable|11/100 tox
|-damage|p2a: Ferrothorn|48/100|[from] item: Rocky Helmet|[of] p1a: Clefable
|
|-heal|p2a: Ferrothorn|54/100|[from] item: Leftovers
|upkeep
|turn|36
|
|t:|1659539125
|switch|p2a: Excadrill|Excadrill, M|66/100
|-damage|p2a: Excadrill|63/100|[from] Stealth Rock
|move|p1a: Clefable|Soft-Boiled|p1a: Clefable
|-heal|p1a: Clefable|61/100 tox
|
|-heal|p2a: Excadrill|69/100|[from] item: Leftovers
|upkeep
|turn|37
|
|t:|1659539129
|switch|p1a: Corviknight|Corviknight, M|86/100
|-damage|p1a: Corviknight|74/100|[from] Stealth Rock
|-ability|p1a: Corviknight|Pressure
|move|p2a: Excadrill|Rapid Spin|p1a: Corviknight
|-resisted|p1a: Corviknight
|-damage|p1a: Corviknight|68/100
|-boost|p2a: Excadrill|spe|1
|-sideend|p2: j_albacino023|Toxic Spikes|[from] move: Rapid Spin|[of] p2a: Excadrill
|-sideend|p2: j_albacino023|Stealth Rock|[from] move: Rapid Spin|[of] p2a: Excadrill
|
|-heal|p2a: Excadrill|75/100|[from] item: Leftovers
|upkeep
|turn|38
|
|t:|1659539137
|switch|p2a: Clefable|Clefable, M|90/100 psn
|move|p1a: Corviknight|Defog|p2a: Clefable
|-unboost|p2a: Clefable|evasion|1
|-sideend|p1: lt91bb 3d|Spikes|[from] move: Defog|[of] p1a: Corviknight
|-sideend|p1: lt91bb 3d|Stealth Rock|[from] move: Defog|[of] p1a: Corviknight
|
|upkeep
|turn|39
|
|t:|1659539144
|switch|p2a: Ferrothorn|Ferrothorn, F|54/100
|move|p1a: Corviknight|Iron Defense|p1a: Corviknight
|-boost|p1a: Corviknight|def|2
|
|-heal|p2a: Ferrothorn|60/100|[from] item: Leftovers
|upkeep
|turn|40
|
|t:|1659539148
|move|p1a: Corviknight|Body Press|p2a: Ferrothorn
|-supereffective|p2a: Ferrothorn
|-damage|p2a: Ferrothorn|0 fnt
|-damage|p1a: Corviknight|56/100|[from] ability: Iron Barbs|[of] p2a: Ferrothorn
|faint|p2a: Ferrothorn
|
|upkeep
|-message|j_albacino023 forfeited.
|
|win|lt91bb 3d
|raw|lt91bb 3d's rating: 1880 &rarr; <strong>1907</strong><br />(+27 for winning)
|raw|j_albacino023's rating: 2003 &rarr; <strong>1976</strong><br />(-27 for losing)
|l|☆j_albacino023
|l|‽lt91bb 3d
|l| LT91BB xray
|l| samurott champloo
|l| LT91BB Wolfiie
|l| LT91BB Ox
|j| Aniruddh Chidar
||Ladder isn't responding, score probably updated but might not have (Request timeout).
|l| Aniruddh Chidar
|l| d18l
|l| LT91BB Originality
|l| Tamagochi azulado
|l|@Quite Quiet
