|j|☆Ciro napoli
|j|☆rigmortus
|t:|1667488532
|gametype|singles
|player|p1|Ciro napoli|klara|1741
|player|p2|rigmortus|170|1714
|teamsize|p1|6
|teamsize|p2|6
|gen|8
|tier|[Gen 8] OU
|rated|
|rule|Sleep Clause Mod: Limit one foe put to sleep
|rule|Species Clause: Limit one of each Pokémon
|rule|OHKO Clause: OHKO moves are banned
|rule|Evasion Items Clause: Evasion items are banned
|rule|Evasion Moves Clause: Evasion moves are banned
|rule|Endless Battle Clause: Forcing endless battles is banned
|rule|HP Percentage Mod: HP is shown in percentages
|rule|Dynamax Clause: You cannot dynamax
|clearpoke
|poke|p1|Tapu Koko|
|poke|p1|Garchomp, M|
|poke|p1|Ferrothorn, M|
|poke|p1|Slowking-Galar, F|
|poke|p1|Tornadus-Therian, M|
|poke|p1|Urshifu-*, F|
|poke|p2|Slowbro, M|
|poke|p2|Garchomp, M|
|poke|p2|Weavile, M|
|poke|p2|Tornadus-Therian, M|
|poke|p2|Landorus-Therian, M|
|poke|p2|Melmetal|
|teampreview
|inactive|Battle timer is ON: inactive players will automatically lose when time's up. (requested by Ciro napoli)
|
|t:|1667488542
|start
|switch|p1a: Garchomp|Garchomp, M|100/100
|switch|p2a: Landorus|Landorus-Therian, M|100/100
|-ability|p2a: Landorus|Intimidate|boost
|-unboost|p1a: Garchomp|atk|1
|turn|1
|
|t:|1667488547
|switch|p2a: Melmetal|Melmetal|100/100
|move|p1a: Garchomp|Toxic|p2a: Melmetal
|-immune|p2a: Melmetal
|
|upkeep
|turn|2
|
|t:|1667488552
|move|p1a: Garchomp|Protect|p1a: Garchomp
|-singleturn|p1a: Garchomp|Protect
|move|p2a: Melmetal|Toxic|p1a: Garchomp
|-activate|p1a: Garchomp|move: Protect
|
|upkeep
|turn|3
|
|t:|1667488558
|switch|p1a: Ferrothorn|Ferrothorn, M|100/100
|move|p2a: Melmetal|Double Iron Bash|p1a: Ferrothorn
|-resisted|p1a: Ferrothorn
|-damage|p1a: Ferrothorn|87/100
|-damage|p2a: Melmetal|88/100|[from] ability: Iron Barbs|[of] p1a: Ferrothorn
|-resisted|p1a: Ferrothorn
|-damage|p1a: Ferrothorn|73/100
|-damage|p2a: Melmetal|76/100|[from] ability: Iron Barbs|[of] p1a: Ferrothorn
|-hitcount|p1a: Ferrothorn|2
|
|-heal|p2a: Melmetal|82/100|[from] item: Leftovers
|-heal|p1a: Ferrothorn|79/100|[from] item: Leftovers
|upkeep
|turn|4
|
|t:|1667488561
|move|p2a: Melmetal|Superpower|p1a: Ferrothorn
|-supereffective|p1a: Ferrothorn
|-damage|p1a: Ferrothorn|23/100
|-unboost|p2a: Melmetal|atk|1
|-unboost|p2a: Melmetal|def|1
|-damage|p2a: Melmetal|70/100|[from] ability: Iron Barbs|[of] p1a: Ferrothorn
|move|p1a: Ferrothorn|Knock Off|p2a: Melmetal
|-damage|p2a: Melmetal|52/100
|-enditem|p2a: Melmetal|Leftovers|[from] move: Knock Off|[of] p1a: Ferrothorn
|
|-heal|p1a: Ferrothorn|29/100|[from] item: Leftovers
|upkeep
|turn|5
|
|t:|1667488568
|switch|p1a: Slowking|Slowking-Galar, F|100/100
|move|p2a: Melmetal|Superpower|p1a: Slowking
|-resisted|p1a: Slowking
|-damage|p1a: Slowking|92/100
|-unboost|p2a: Melmetal|atk|1
|-unboost|p2a: Melmetal|def|1
|
|upkeep
|turn|6
|
|t:|1667488578
|switch|p2a: Landorus|Landorus-Therian, M|100/100
|-ability|p2a: Landorus|Intimidate|boost
|-unboost|p1a: Slowking|atk|1
|move|p1a: Slowking|Ice Beam|p2a: Landorus
|-supereffective|p2a: Landorus
|-damage|p2a: Landorus|23/100
|
|-heal|p2a: Landorus|29/100|[from] item: Leftovers
|upkeep
|turn|7
|
|t:|1667488585
|switch|p1a: Tornadus|Tornadus-Therian, M|100/100
|move|p2a: Landorus|U-turn|p1a: Tornadus
|-resisted|p1a: Tornadus
|-damage|p1a: Tornadus|89/100
|
|t:|1667488587
|switch|p2a: Weavile|Weavile, M|100/100|[from]move: U-turn
|
|upkeep
|turn|8
|
|t:|1667488595
|switch|p1a: Ferrothorn|Ferrothorn, M|29/100
|move|p2a: Weavile|Knock Off|p1a: Ferrothorn
|-damage|p1a: Ferrothorn|0 fnt
|-damage|p2a: Weavile|88/100|[from] ability: Iron Barbs|[of] p1a: Ferrothorn
|-enditem|p1a: Ferrothorn|Leftovers|[from] move: Knock Off|[of] p2a: Weavile
|faint|p1a: Ferrothorn
|
|upkeep
|
|t:|1667488602
|switch|p1a: Urshifu|Urshifu-Rapid-Strike, F|100/100
|turn|9
|
|t:|1667488605
|switch|p2a: Tornadus|Tornadus-Therian, M|100/100
|move|p1a: Urshifu|U-turn|p2a: Tornadus
|-resisted|p2a: Tornadus
|-damage|p2a: Tornadus|88/100
|
|t:|1667488608
|switch|p1a: Tapu Koko|Tapu Koko|100/100|[from]move: U-turn
|-fieldstart|move: Electric Terrain|[from] ability: Electric Surge|[of] p1a: Tapu Koko
|
|upkeep
|turn|10
|
|t:|1667488613
|switch|p2a: Melmetal|Melmetal|52/100
|move|p1a: Tapu Koko|Calm Mind|p1a: Tapu Koko
|-boost|p1a: Tapu Koko|spa|1
|-boost|p1a: Tapu Koko|spd|1
|
|upkeep
|turn|11
|
|t:|1667488618
|switch|p2a: Landorus|Landorus-Therian, M|29/100
|-ability|p2a: Landorus|Intimidate|boost
|-unboost|p1a: Tapu Koko|atk|1
|move|p1a: Tapu Koko|Thunderbolt|p2a: Landorus
|-immune|p2a: Landorus
|
|-heal|p2a: Landorus|35/100|[from] item: Leftovers
|upkeep
|turn|12
|
|t:|1667488623
|switch|p2a: Melmetal|Melmetal|52/100
|move|p1a: Tapu Koko|Dazzling Gleam|p2a: Melmetal
|-resisted|p2a: Melmetal
|-damage|p2a: Melmetal|28/100
|
|upkeep
|turn|13
|
|t:|1667488626
|switch|p2a: Landorus|Landorus-Therian, M|35/100
|-ability|p2a: Landorus|Intimidate|boost
|-unboost|p1a: Tapu Koko|atk|1
|move|p1a: Tapu Koko|Thunderbolt|p2a: Landorus
|-immune|p2a: Landorus
|
|-heal|p2a: Landorus|41/100|[from] item: Leftovers
|-fieldend|move: Electric Terrain
|upkeep
|turn|14
|
|t:|1667488630
|switch|p1a: Urshifu|Urshifu-Rapid-Strike, F|100/100
|move|p2a: Landorus|Earthquake|p1a: Urshifu
|-damage|p1a: Urshifu|54/100
|
|-heal|p2a: Landorus|47/100|[from] item: Leftovers
|upkeep
|turn|15
|
|t:|1667488637
|switch|p2a: Melmetal|Melmetal|28/100
|move|p1a: Urshifu|Surging Strikes|p2a: Melmetal
|-crit|p2a: Melmetal
|-damage|p2a: Melmetal|16/100
|-crit|p2a: Melmetal
|-damage|p2a: Melmetal|4/100
|-crit|p2a: Melmetal
|-damage|p2a: Melmetal|0 fnt
|faint|p2a: Melmetal
|-hitcount|p2: Melmetal|3
|
|upkeep
|
|t:|1667488640
|switch|p2a: Slowbro|Slowbro, M|100/100
|turn|16
|
|t:|1667488642
|move|p1a: Urshifu|U-turn|p2a: Slowbro
|-supereffective|p2a: Slowbro
|-damage|p2a: Slowbro|72/100
|
|t:|1667488644
|switch|p1a: Slowking|Slowking-Galar, F|100/100|[from]move: U-turn
|move|p2a: Slowbro|Future Sight|p1a: Slowking
|-start|p2a: Slowbro|move: Future Sight
|
|upkeep
|turn|17
|
|t:|1667488647
|move|p1a: Slowking|Sludge Bomb|p2a: Slowbro
|-damage|p2a: Slowbro|35/100
|-status|p2a: Slowbro|psn
|move|p2a: Slowbro|Teleport|p2a: Slowbro
|
|t:|1667488649
|switch|p2a: Weavile|Weavile, M|88/100|[from]move: Teleport
|
|upkeep
|turn|18
|
|t:|1667488653
|switch|p1a: Tapu Koko|Tapu Koko|100/100
|-fieldstart|move: Electric Terrain|[from] ability: Electric Surge|[of] p1a: Tapu Koko
|move|p2a: Weavile|Knock Off|p1a: Tapu Koko
|-resisted|p1a: Tapu Koko
|-damage|p1a: Tapu Koko|56/100
|-enditem|p1a: Tapu Koko|Heavy-Duty Boots|[from] move: Knock Off|[of] p2a: Weavile
|
|-end|p1a: Tapu Koko|move: Future Sight
|-damage|p1a: Tapu Koko|0 fnt
|faint|p1a: Tapu Koko
|upkeep
|
|t:|1667488661
|switch|p1a: Urshifu|Urshifu-Rapid-Strike, F|54/100
|turn|19
|
|t:|1667488670
|switch|p2a: Tornadus|Tornadus-Therian, M|100/100
|move|p1a: Urshifu|U-turn|p2a: Tornadus
|-resisted|p2a: Tornadus
|-damage|p2a: Tornadus|89/100
|
|t:|1667488674
|switch|p1a: Garchomp|Garchomp, M|100/100|[from]move: U-turn
|
|upkeep
|turn|20
|
|t:|1667488681
|move|p2a: Tornadus|Knock Off|p1a: Garchomp
|-damage|p1a: Garchomp|84/100
|-damage|p2a: Tornadus|77/100|[from] ability: Rough Skin|[of] p1a: Garchomp
|-enditem|p1a: Garchomp|Leftovers|[from] move: Knock Off|[of] p2a: Tornadus
|move|p1a: Garchomp|Stealth Rock|p2a: Tornadus
|-sidestart|p2: rigmortus|move: Stealth Rock
|
|upkeep
|turn|21
|
|t:|1667488685
|switch|p1a: Tornadus|Tornadus-Therian, M|100/100
|move|p2a: Tornadus|Defog|p1a: Tornadus
|-unboost|p1a: Tornadus|evasion|1
|-sideend|p2: rigmortus|Stealth Rock|[from] move: Defog|[of] p2a: Tornadus
|-fieldend|move: Electric Terrain
|
|upkeep
|turn|22
|
|t:|1667488690
|move|p1a: Tornadus|Hurricane|p2a: Tornadus
|-damage|p2a: Tornadus|38/100
|move|p2a: Tornadus|Knock Off|p1a: Tornadus
|-damage|p1a: Tornadus|81/100
|-enditem|p1a: Tornadus|Heavy-Duty Boots|[from] move: Knock Off|[of] p2a: Tornadus
|
|upkeep
|turn|23
|
|t:|1667488697
|move|p1a: Tornadus|Hurricane|p2a: Tornadus|[miss]
|-miss|p1a: Tornadus|p2a: Tornadus
|move|p2a: Tornadus|U-turn|p1a: Tornadus
|-resisted|p1a: Tornadus
|-damage|p1a: Tornadus|73/100
|
|t:|1667488700
|switch|p2a: Weavile|Weavile, M|88/100|[from]move: U-turn
|
|upkeep
|turn|24
|
|t:|1667488704
|switch|p1a: Urshifu|Urshifu-Rapid-Strike, F|54/100
|move|p2a: Weavile|Triple Axel|p1a: Urshifu
|-resisted|p1a: Urshifu
|-damage|p1a: Urshifu|47/100
|-resisted|p1a: Urshifu
|-damage|p1a: Urshifu|31/100
|-resisted|p1a: Urshifu
|-damage|p1a: Urshifu|9/100
|-hitcount|p1a: Urshifu|3
|
|upkeep
|turn|25
|
|t:|1667488714
|switch|p2a: Tornadus|Tornadus-Therian, M|71/100
|move|p1a: Urshifu|Aqua Jet|p2a: Tornadus
|-damage|p2a: Tornadus|50/100
|
|upkeep
|turn|26
|
|t:|1667488718
|switch|p1a: Tornadus|Tornadus-Therian, M|100/100
|move|p2a: Tornadus|Knock Off|p1a: Tornadus
|-damage|p1a: Tornadus|87/100
|
|upkeep
|turn|27
|
|t:|1667488721
|move|p1a: Tornadus|Hurricane|p2a: Tornadus
|-damage|p2a: Tornadus|6/100
|-start|p2a: Tornadus|confusion
|-activate|p2a: Tornadus|confusion
|-damage|p2a: Tornadus|0 fnt|[from] confusion
|faint|p2a: Tornadus
|
|upkeep
|
|t:|1667488724
|switch|p2a: Weavile|Weavile, M|88/100
|turn|28
|
|t:|1667488730
|move|p2a: Weavile|Triple Axel|p1a: Tornadus
|-supereffective|p1a: Tornadus
|-damage|p1a: Tornadus|57/100
|-supereffective|p1a: Tornadus
|-damage|p1a: Tornadus|0 fnt
|faint|p1a: Tornadus
|-hitcount|p1: Tornadus|2
|
|upkeep
|
|t:|1667488731
|switch|p1a: Slowking|Slowking-Galar, F|100/100
|turn|29
|j| Bacilisco3
|
|t:|1667488736
|switch|p2a: Slowbro|Slowbro, M|68/100 psn
|move|p1a: Slowking|Ice Beam|p2a: Slowbro
|-resisted|p2a: Slowbro
|-damage|p2a: Slowbro|56/100 psn
|
|-damage|p2a: Slowbro|44/100 psn|[from] psn
|upkeep
|turn|30
|
|t:|1667488739
|move|p1a: Slowking|Sludge Bomb|p2a: Slowbro
|-damage|p2a: Slowbro|8/100 psn
|move|p2a: Slowbro|Teleport|p2a: Slowbro
|
|t:|1667488741
|switch|p2a: Weavile|Weavile, M|88/100|[from]move: Teleport
|
|upkeep
|turn|31
|
|t:|1667488744
|switch|p1a: Urshifu|Urshifu-Rapid-Strike, F|9/100
|move|p2a: Weavile|Knock Off|p1a: Urshifu
|-resisted|p1a: Urshifu
|-damage|p1a: Urshifu|0 fnt
|-enditem|p1a: Urshifu|Protective Pads|[from] move: Knock Off|[of] p2a: Weavile
|faint|p1a: Urshifu
|
|upkeep
|
|t:|1667488746
|switch|p1a: Garchomp|Garchomp, M|84/100
|turn|32
|
|t:|1667488750
|switch|p2a: Landorus|Landorus-Therian, M|47/100
|-ability|p2a: Landorus|Intimidate|boost
|-unboost|p1a: Garchomp|atk|1
|move|p1a: Garchomp|Stealth Rock|p2a: Landorus
|-sidestart|p2: rigmortus|move: Stealth Rock
|
|-heal|p2a: Landorus|53/100|[from] item: Leftovers
|upkeep
|turn|33
|
|t:|1667488754
|move|p1a: Garchomp|Toxic|p2a: Landorus
|-status|p2a: Landorus|tox
|move|p2a: Landorus|Earthquake|p1a: Garchomp
|-damage|p1a: Garchomp|44/100
|
|-heal|p2a: Landorus|59/100 tox|[from] item: Leftovers
|-damage|p2a: Landorus|53/100 tox|[from] psn
|upkeep
|turn|34
|-message|Ciro napoli forfeited.
|
|win|rigmortus
|raw|Ciro napoli's rating: 1741 &rarr; <strong>1719</strong><br />(-22 for losing)
|raw|rigmortus's rating: 1714 &rarr; <strong>1736</strong><br />(+22 for winning)
|l|☆Ciro napoli
|l|☆rigmortus
|l| Bacilisco3
||Ladder isn't responding, score probably updated but might not have (Request timeout).
