|html|<div class="broadcast-blue"><strong>[Gen 8] OU is currently suspecting Kyurem! For information on how to participate check out the <a href="https://www.smogon.com/forums/threads/np-ss-ou-suspect-process-round-11-break-the-ice.3694129/">suspect thread</a>.</strong></div>
|j|☆beastyj157
|j|☆WassupBoyyyys
|t:|1639328762
|gametype|singles
|player|p1|beastyj157|veteran|1502
|player|p2|WassupBoyyyys|painter-gen3|1564
|teamsize|p1|6
|teamsize|p2|6
|gen|8
|tier|[Gen 8] OU
|rated|
|rule|Sleep Clause Mod: Limit one foe put to sleep
|rule|Species Clause: Limit one of each Pokémon
|rule|OHKO Clause: OHKO moves are banned
|rule|Evasion Moves Clause: Evasion moves are banned
|rule|Endless Battle Clause: Forcing endless battles is banned
|rule|HP Percentage Mod: HP is shown in percentages
|rule|Dynamax Clause: You cannot dynamax
|clearpoke
|poke|p1|Weavile, M|
|poke|p1|Dragapult, M|
|poke|p1|Landorus-Therian, M|
|poke|p1|Heatran, M|
|poke|p1|Ferrothorn, M|
|poke|p1|Zapdos|
|poke|p2|Garchomp, M|
|poke|p2|Regieleki|
|poke|p2|Moltres-Galar|
|poke|p2|Urshifu-*, M|
|poke|p2|Landorus-Therian, M|
|poke|p2|Tapu Lele|
|teampreview
|inactive|Battle timer is ON: inactive players will automatically lose when time's up. (requested by beastyj157)
|
|t:|1639328777
|start
|switch|p1a: Zappy|Zapdos|100/100
|switch|p2a: Urshifu|Urshifu-Rapid-Strike, M|100/100
|turn|1
|
|t:|1639328783
|switch|p2a: Garchomp|Garchomp, M|100/100
|move|p1a: Zappy|Hurricane|p2a: Garchomp
|-damage|p2a: Garchomp|51/100
|
|upkeep
|turn|2
|
|t:|1639328788
|move|p2a: Garchomp|Stealth Rock|p1a: Zappy
|-sidestart|p1: beastyj157|move: Stealth Rock
|move|p1a: Zappy|Hurricane|p2a: Garchomp
|-damage|p2a: Garchomp|2/100
|
|upkeep
|turn|3
|
|t:|1639328793
|move|p2a: Garchomp|Scale Shot|p1a: Zappy|[miss]
|-miss|p2a: Garchomp|p1a: Zappy
|move|p1a: Zappy|Defog|p2a: Garchomp
|-unboost|p2a: Garchomp|evasion|1
|-sideend|p1: beastyj157|Stealth Rock|[from] move: Defog|[of] p1a: Zappy
|
|upkeep
|turn|4
|
|t:|1639328798
|move|p2a: Garchomp|Stealth Rock|p1a: Zappy
|-sidestart|p1: beastyj157|move: Stealth Rock
|move|p1a: Zappy|Hurricane|p2a: Garchomp
|-damage|p2a: Garchomp|0 fnt
|faint|p2a: Garchomp
|
|upkeep
|
|t:|1639328805
|switch|p2a: Landorus|Landorus-Therian, M|100/100
|-ability|p2a: Landorus|Intimidate|boost
|-unboost|p1a: Zappy|atk|1
|turn|5
|
|t:|1639328809
|move|p2a: Landorus|Substitute|p2a: Landorus
|-start|p2a: Landorus|Substitute
|-damage|p2a: Landorus|75/100
|move|p1a: Zappy|Hurricane|p2a: Landorus
|-end|p2a: Landorus|Substitute
|
|upkeep
|turn|6
|
|t:|1639328813
|move|p2a: Landorus|Substitute|p2a: Landorus
|-start|p2a: Landorus|Substitute
|-damage|p2a: Landorus|50/100
|move|p1a: Zappy|Hurricane|p2a: Landorus
|-end|p2a: Landorus|Substitute
|
|upkeep
|turn|7
|c|☆beastyj157|I DONT MISS
|
|t:|1639328820
|move|p2a: Landorus|Substitute|p2a: Landorus
|-start|p2a: Landorus|Substitute
|-damage|p2a: Landorus|25/100
|-enditem|p2a: Landorus|Salac Berry|[eat]
|-boost|p2a: Landorus|spe|1|[from] item: Salac Berry
|move|p1a: Zappy|Hurricane|p2a: Landorus
|-end|p2a: Landorus|Substitute
|
|upkeep
|turn|8
|c|☆WassupBoyyyys|:<
|
|t:|1639328827
|move|p2a: Landorus|Swords Dance|p2a: Landorus
|-boost|p2a: Landorus|atk|2
|move|p1a: Zappy|Hurricane|p2a: Landorus
|-damage|p2a: Landorus|0 fnt
|faint|p2a: Landorus
|
|upkeep
|c|☆WassupBoyyyys|ono
|c|☆beastyj157|I SAID I DONT MISS
|
|t:|1639328836
|switch|p2a: Tapu Lele|Tapu Lele|100/100
|-fieldstart|move: Psychic Terrain|[from] ability: Psychic Surge|[of] p2a: Tapu Lele
|turn|9
|inactive|beastyj157 has 120 seconds left.
|c|☆beastyj157|dont u love risky plays
|
|t:|1639328879
|switch|p1a: Calamity|Weavile, M|100/100
|-ability|p1a: Calamity|Pressure
|move|p2a: Tapu Lele|Calm Mind|p2a: Tapu Lele
|-boost|p2a: Tapu Lele|spa|1
|-boost|p2a: Tapu Lele|spd|1
|
|upkeep
|turn|10
|c|☆beastyj157|i do
|c|☆WassupBoyyyys|i like it
|c|☆beastyj157|nvm i thought u would psy
|
|t:|1639328899
|move|p1a: Calamity|Triple Axel|p2a: Tapu Lele
|-damage|p2a: Tapu Lele|86/100
|-damage|p2a: Tapu Lele|57/100
|-damage|p2a: Tapu Lele|9/100
|-hitcount|p2a: Tapu Lele|3
|move|p2a: Tapu Lele|Draining Kiss|p1a: Calamity
|-supereffective|p1a: Calamity
|-damage|p1a: Calamity|0 fnt
|-heal|p2a: Tapu Lele|84/100|[from] drain|[of] p1a: Calamity
|faint|p1a: Calamity
|
|-heal|p2a: Tapu Lele|91/100|[from] item: Leftovers
|upkeep
|
|t:|1639328911
|switch|p1a: Ferro|Ferrothorn, M|100/100
|-damage|p1a: Ferro|94/100|[from] Stealth Rock
|turn|11
|
|t:|1639328915
|move|p2a: Tapu Lele|Iron Defense|p2a: Tapu Lele
|-boost|p2a: Tapu Lele|def|2
|move|p1a: Ferro|Gyro Ball|p2a: Tapu Lele
|-supereffective|p2a: Tapu Lele
|-damage|p2a: Tapu Lele|9/100
|
|-heal|p2a: Tapu Lele|15/100|[from] item: Leftovers
|-heal|p1a: Ferro|100/100|[from] item: Leftovers
|upkeep
|turn|12
|
|t:|1639328920
|move|p2a: Tapu Lele|Stored Power|p1a: Ferro
|-resisted|p1a: Ferro
|-damage|p1a: Ferro|57/100
|move|p1a: Ferro|Gyro Ball|p2a: Tapu Lele
|-supereffective|p2a: Tapu Lele
|-damage|p2a: Tapu Lele|0 fnt
|faint|p2a: Tapu Lele
|
|-heal|p1a: Ferro|64/100|[from] item: Leftovers
|upkeep
|c|☆beastyj157|wth
|c|☆WassupBoyyyys|xd
|
|t:|1639328929
|switch|p2a: Urshifu|Urshifu-Rapid-Strike, M|100/100
|turn|13
|c|☆beastyj157|does tapu lele have recover?
|inactive|beastyj157 has 120 seconds left.
|
|t:|1639328945
|switch|p1a: Dpult|Dragapult, M|100/100
|-damage|p1a: Dpult|88/100|[from] Stealth Rock
|move|p2a: Urshifu|Close Combat|p1a: Dpult
|-immune|p1a: Dpult
|
|-fieldend|move: Psychic Terrain
|upkeep
|turn|14
|c|☆WassupBoyyyys|nop
|
|t:|1639328953
|move|p1a: Dpult|Draco Meteor|p2a: Urshifu
|-damage|p2a: Urshifu|0 fnt
|-unboost|p1a: Dpult|spa|2
|faint|p2a: Urshifu
|
|upkeep
|
|t:|1639328957
|switch|p2a: Moltres|Moltres-Galar|100/100
|turn|15
|c|☆beastyj157|oh no
|
|t:|1639328963
|switch|p1a: Zappy|Zapdos|100/100
|move|p2a: Moltres|Nasty Plot|p2a: Moltres
|-boost|p2a: Moltres|spa|2
|
|upkeep
|turn|16
|c|☆beastyj157|PARAAA plz
|
|t:|1639328976
|move|p2a: Moltres|Rest|p2a: Moltres
|-fail|p2a: Moltres|heal
|move|p1a: Zappy|Discharge|p2a: Moltres
|-supereffective|p2a: Moltres
|-damage|p2a: Moltres|51/100
|-status|p2a: Moltres|par
|
|upkeep
|turn|17
|c|☆beastyj157|no high roll
|c|☆WassupBoyyyys|i thought i was slower
|c|☆beastyj157|nah normal set
|
|t:|1639328996
|move|p1a: Zappy|Discharge|p2a: Moltres
|-supereffective|p2a: Moltres
|-damage|p2a: Moltres|0 fnt
|faint|p2a: Moltres
|
|upkeep
|c|☆beastyj157|omg what is my luck
|c|☆WassupBoyyyys|gg btw
|c|☆beastyj157|gg
|-message|WassupBoyyyys forfeited.
|
|win|beastyj157
|raw|beastyj157's rating: 1502 &rarr; <strong>1526</strong><br />(+24 for winning)
|raw|WassupBoyyyys's rating: 1564 &rarr; <strong>1540</strong><br />(-24 for losing)
|l|☆WassupBoyyyys
|j| RedDiamond1024
|j| vsdifgodasuibfca
|j| kid who likes pkmn
|j| chefffffasww
|j| Bronzorpilled
|j| fal19
||Ladder isn't responding, score probably updated but might not have (Request timeout).
