|html|<div class="broadcast-blue"><strong>[Gen 8] OU is currently suspecting Melmetal! For information on how to participate check out the <a href="https://www.smogon.com/forums/threads/np-ss-ou-suspect-process-round-12-monster-mash.3709234/">suspect thread</a>.</strong></div>
|j|☆ChandosH
|j|☆Maitredouard2
|t:|1665985150
|gametype|singles
|player|p1|ChandosH|n-masters|1606
|player|p2|Maitredouard2|lance|1670
|teamsize|p1|6
|teamsize|p2|6
|gen|8
|tier|[Gen 8] OU
|rated|
|rule|Sleep Clause Mod: Limit one foe put to sleep
|rule|Species Clause: Limit one of each Pokémon
|rule|OHKO Clause: OHKO moves are banned
|rule|Evasion Items Clause: Evasion items are banned
|rule|Evasion Moves Clause: Evasion moves are banned
|rule|Endless Battle Clause: Forcing endless battles is banned
|rule|HP Percentage Mod: HP is shown in percentages
|rule|Dynamax Clause: You cannot dynamax
|clearpoke
|poke|p1|Pelipper, M|
|poke|p1|Barraskewda, M|
|poke|p1|Zapdos|
|poke|p1|Ferrothorn, F|
|poke|p1|Crawdaunt, M|
|poke|p1|Landorus-Therian, M|
|poke|p2|Mandibuzz, F|
|poke|p2|Landorus-Therian, M|
|poke|p2|Blissey, F|
|poke|p2|Heatran, F|
|poke|p2|Toxapex, F|
|poke|p2|Tapu Lele|
|teampreview
|inactive|Battle timer is ON: inactive players will automatically lose when time's up. (requested by Maitredouard2)
|
|t:|1665985181
|start
|switch|p1a: Pelipper|Pelipper, M|100/100
|switch|p2a: Tapu Lele|Tapu Lele|100/100
|-fieldstart|move: Psychic Terrain|[from] ability: Psychic Surge|[of] p2a: Tapu Lele
|-weather|RainDance|[from] ability: Drizzle|[of] p1a: Pelipper
|turn|1
|
|t:|1665985192
|switch|p1a: Ferrothorn|Ferrothorn, F|100/100
|move|p2a: Tapu Lele|Focus Blast|p1a: Ferrothorn
|-supereffective|p1a: Ferrothorn
|-damage|p1a: Ferrothorn|0 fnt
|faint|p1a: Ferrothorn
|
|-weather|RainDance|[upkeep]
|upkeep
|
|t:|1665985208
|switch|p1a: Barraskewda|Barraskewda, M|100/100
|turn|2
|
|t:|1665985211
|switch|p2a: Toxapex|Toxapex, F|100/100
|move|p1a: Barraskewda|Flip Turn|p2a: Toxapex
|-resisted|p2a: Toxapex
|-damage|p2a: Toxapex|78/100
|-damage|p1a: Barraskewda|84/100|[from] item: Rocky Helmet|[of] p2a: Toxapex
|
|t:|1665985218
|switch|p1a: Zapdos|Zapdos|100/100|[from]move: Flip Turn
|
|-weather|RainDance|[upkeep]
|upkeep
|turn|3
|
|t:|1665985237
|switch|p2a: Blissey|Blissey, F|100/100
|move|p1a: Zapdos|Weather Ball|p2a: Blissey
|-damage|p2a: Blissey|73/100
|
|-weather|RainDance|[upkeep]
|upkeep
|turn|4
|
|t:|1665985245
|switch|p1a: Landorus|Landorus-Therian, M|100/100
|-ability|p1a: Landorus|Intimidate|boost
|-unboost|p2a: Blissey|atk|1
|move|p2a: Blissey|Teleport|p2a: Blissey
|
|t:|1665985254
|switch|p2a: Landorus|Landorus-Therian, M|100/100|[from]move: Teleport
|-ability|p2a: Landorus|Intimidate|boost
|-unboost|p1a: Landorus|atk|1
|
|-weather|RainDance|[upkeep]
|upkeep
|turn|5
|
|t:|1665985261
|move|p2a: Landorus|Knock Off|p1a: Landorus
|-damage|p1a: Landorus|67/100
|-enditem|p1a: Landorus|Leftovers|[from] move: Knock Off|[of] p2a: Landorus
|move|p1a: Landorus|Toxic|p2a: Landorus
|-status|p2a: Landorus|tox
|
|-weather|RainDance|[upkeep]
|-damage|p2a: Landorus|94/100 tox|[from] psn
|-fieldend|move: Psychic Terrain
|upkeep
|turn|6
|inactive|Maitredouard2 has 120 seconds left.
|inactive|Maitredouard2 has 90 seconds left.
|
|t:|1665985322
|move|p2a: Landorus|Knock Off|p1a: Landorus
|-damage|p1a: Landorus|44/100
|move|p1a: Landorus|U-turn|p2a: Landorus
|-resisted|p2a: Landorus
|-damage|p2a: Landorus|85/100 tox
|inactive|ChandosH has 120 seconds left.
|
|t:|1665985364
|switch|p1a: Barraskewda|Barraskewda, M|84/100|[from]move: U-turn
|
|-weather|RainDance|[upkeep]
|-damage|p2a: Landorus|73/100 tox|[from] psn
|upkeep
|turn|7
|
|t:|1665985372
|switch|p2a: Toxapex|Toxapex, F|100/100
|move|p1a: Barraskewda|Flip Turn|p2a: Toxapex
|-resisted|p2a: Toxapex
|-damage|p2a: Toxapex|78/100
|-damage|p1a: Barraskewda|68/100|[from] item: Rocky Helmet|[of] p2a: Toxapex
|
|t:|1665985376
|switch|p1a: Crawdaunt|Crawdaunt, M|100/100|[from]move: Flip Turn
|
|-weather|RainDance|[upkeep]
|upkeep
|turn|8
|
|t:|1665985386
|switch|p2a: Heatran|Heatran, F|100/100
|-item|p2a: Heatran|Air Balloon
|move|p1a: Crawdaunt|Swords Dance|p1a: Crawdaunt
|-boost|p1a: Crawdaunt|atk|2
|
|-weather|none
|upkeep
|turn|9
|
|t:|1665985395
|move|p1a: Crawdaunt|Knock Off|p2a: Heatran
|-damage|p2a: Heatran|0 fnt
|-enditem|p2a: Heatran|Air Balloon
|faint|p2a: Heatran
|-damage|p1a: Crawdaunt|91/100|[from] item: Life Orb
|
|upkeep
|j| tyrantkingdad
|
|t:|1665985402
|switch|p2a: Tapu Lele|Tapu Lele|100/100
|-fieldstart|move: Psychic Terrain|[from] ability: Psychic Surge|[of] p2a: Tapu Lele
|turn|10
|
|t:|1665985417
|switch|p1a: Pelipper|Pelipper, M|100/100
|-weather|RainDance|[from] ability: Drizzle|[of] p1a: Pelipper
|move|p2a: Tapu Lele|Moonblast|p1a: Pelipper
|-damage|p1a: Pelipper|0 fnt
|faint|p1a: Pelipper
|
|-weather|RainDance|[upkeep]
|upkeep
|
|t:|1665985422
|switch|p1a: Barraskewda|Barraskewda, M|68/100
|turn|11
|
|t:|1665985429
|switch|p2a: Toxapex|Toxapex, F|100/100
|move|p1a: Barraskewda|Flip Turn|p2a: Toxapex
|-resisted|p2a: Toxapex
|-damage|p2a: Toxapex|77/100
|-damage|p1a: Barraskewda|51/100|[from] item: Rocky Helmet|[of] p2a: Toxapex
|
|t:|1665985439
|switch|p1a: Crawdaunt|Crawdaunt, M|91/100|[from]move: Flip Turn
|
|-weather|RainDance|[upkeep]
|upkeep
|turn|12
|
|t:|1665985445
|switch|p2a: Landorus|Landorus-Therian, M|73/100 tox
|-ability|p2a: Landorus|Intimidate|boost
|-unboost|p1a: Crawdaunt|atk|1
|move|p1a: Crawdaunt|Crabhammer|p2a: Landorus
|-supereffective|p2a: Landorus
|-damage|p2a: Landorus|0 fnt
|faint|p2a: Landorus
|-damage|p1a: Crawdaunt|81/100|[from] item: Life Orb
|
|-weather|RainDance|[upkeep]
|upkeep
|
|t:|1665985457
|switch|p2a: Tapu Lele|Tapu Lele|100/100
|turn|13
|
|t:|1665985461
|switch|p1a: Landorus|Landorus-Therian, M|44/100
|-ability|p1a: Landorus|Intimidate|boost
|-unboost|p2a: Tapu Lele|atk|1
|move|p2a: Tapu Lele|Moonblast|p1a: Landorus
|-damage|p1a: Landorus|0 fnt
|faint|p1a: Landorus
|
|-weather|RainDance|[upkeep]
|upkeep
|
|t:|1665985470
|switch|p1a: Barraskewda|Barraskewda, M|51/100
|turn|14
|
|t:|1665985475
|switch|p2a: Toxapex|Toxapex, F|100/100
|move|p1a: Barraskewda|Flip Turn|p2a: Toxapex
|-resisted|p2a: Toxapex
|-damage|p2a: Toxapex|79/100
|-damage|p1a: Barraskewda|35/100|[from] item: Rocky Helmet|[of] p2a: Toxapex
|j| blisc
|
|t:|1665985484
|switch|p1a: Crawdaunt|Crawdaunt, M|81/100|[from]move: Flip Turn
|
|-weather|RainDance|[upkeep]
|-fieldend|move: Psychic Terrain
|upkeep
|turn|15
|
|t:|1665985491
|switch|p2a: Blissey|Blissey, F|73/100
|move|p1a: Crawdaunt|Crabhammer|p2a: Blissey
|-damage|p2a: Blissey|0 fnt
|faint|p2a: Blissey
|-damage|p1a: Crawdaunt|71/100|[from] item: Life Orb
|
|-weather|RainDance|[upkeep]
|upkeep
|j| freerobuxman!
|
|t:|1665985501
|switch|p2a: Tapu Lele|Tapu Lele|100/100
|-fieldstart|move: Psychic Terrain|[from] ability: Psychic Surge|[of] p2a: Tapu Lele
|turn|16
|
|t:|1665985516
|switch|p1a: Barraskewda|Barraskewda, M|35/100
|move|p2a: Tapu Lele|Moonblast|p1a: Barraskewda
|-damage|p1a: Barraskewda|0 fnt
|faint|p1a: Barraskewda
|
|-weather|RainDance|[upkeep]
|upkeep
|
|t:|1665985519
|switch|p1a: Zapdos|Zapdos|100/100
|turn|17
|c|☆ChandosH|wait a minute
|c|☆ChandosH|im stupid
|
|t:|1665985543
|switch|p2a: Mandibuzz|Mandibuzz, F|100/100
|move|p1a: Zapdos|Thunder|p2a: Mandibuzz
|-supereffective|p2a: Mandibuzz
|-damage|p2a: Mandibuzz|0 fnt
|faint|p2a: Mandibuzz
|
|-weather|none
|upkeep
|
|t:|1665985552
|switch|p2a: Tapu Lele|Tapu Lele|100/100
|turn|18
|c|☆ChandosH|I think i chocked a few turns back lol
|c|☆ChandosH|cause this is spec lele
|
|t:|1665985563
|move|p1a: Zapdos|Thunder|p2a: Tapu Lele
|-damage|p2a: Tapu Lele|5/100
|move|p2a: Tapu Lele|Moonblast|p1a: Zapdos
|-damage|p1a: Zapdos|8/100
|
|upkeep
|turn|19
|
|t:|1665985572
|move|p1a: Zapdos|Thunder|p2a: Tapu Lele
|-damage|p2a: Tapu Lele|0 fnt
|faint|p2a: Tapu Lele
|
|upkeep
|c| freerobuxman!|oh
|
|t:|1665985577
|switch|p2a: Toxapex|Toxapex, F|100/100
|turn|20
|
|t:|1665985581
|move|p1a: Zapdos|Thunder|p2a: Toxapex
|-supereffective|p2a: Toxapex
|-damage|p2a: Toxapex|0 fnt
|faint|p2a: Toxapex
|
|win|ChandosH
|raw|ChandosH's rating: 1606 &rarr; <strong>1630</strong><br />(+24 for winning)
|raw|Maitredouard2's rating: 1670 &rarr; <strong>1646</strong><br />(-24 for losing)
|c| freerobuxman!|is that specs
|l|☆Maitredouard2
|c| freerobuxman!|zap
|c|☆ChandosH|yeah
|c|☆ChandosH|Gg
|c| freerobuxman!|oh
|l| blisc
|c|☆ChandosH|its pretty good
|c| freerobuxman!|very cool stuf
