|j|☆Stop smiles
|j|☆playeraccount
|t:|1662095311
|gametype|singles
|player|p1|Stop smiles|silver|1148
|player|p2|playeraccount|2|1195
|teamsize|p1|6
|teamsize|p2|6
|gen|8
|tier|[Gen 8] OU
|rated|
|rule|Sleep Clause Mod: Limit one foe put to sleep
|rule|Species Clause: Limit one of each Pokémon
|rule|OHKO Clause: OHKO moves are banned
|rule|Evasion Items Clause: Evasion items are banned
|rule|Evasion Moves Clause: Evasion moves are banned
|rule|Endless Battle Clause: Forcing endless battles is banned
|rule|HP Percentage Mod: HP is shown in percentages
|rule|Dynamax Clause: You cannot dynamax
|clearpoke
|poke|p1|Garchomp, F|
|poke|p1|Charizard, M|
|poke|p1|Suicune|
|poke|p1|Magnezone|
|poke|p1|Urshifu-*, M|
|poke|p1|Gardevoir, M|
|poke|p2|Blissey, F|
|poke|p2|Zapdos|
|poke|p2|Ferrothorn, M|
|poke|p2|Weavile, M|
|poke|p2|Kartana|
|poke|p2|Nidoqueen, F|
|teampreview
|inactive|Battle timer is ON: inactive players will automatically lose when time's up. (requested by playeraccount)
|
|t:|1662095321
|start
|switch|p1a: Gardevoir|Gardevoir, M|100/100
|switch|p2a: Nidoqueen|Nidoqueen, F|100/100
|-ability|p1a: Gardevoir|Sheer Force|[from] ability: Trace|[of] p2a: Nidoqueen
|turn|1
|
|t:|1662095326
|move|p1a: Gardevoir|Psychic|p2a: Nidoqueen
|-supereffective|p2a: Nidoqueen
|-damage|p2a: Nidoqueen|0 fnt
|faint|p2a: Nidoqueen
|
|upkeep
|
|t:|1662095330
|switch|p2a: Weavile|Weavile, M|100/100
|turn|2
|
|t:|1662095344
|switch|p1a: Urshifu|Urshifu-Rapid-Strike, M|100/100
|move|p2a: Weavile|Throat Chop|p1a: Urshifu
|-resisted|p1a: Urshifu
|-damage|p1a: Urshifu|81/100
|-start|p1a: Urshifu|Throat Chop|[silent]
|
|upkeep
|turn|3
|
|t:|1662095359
|switch|p2a: Zapdos|Zapdos|100/100
|switch|p1a: Charizard|Charizard, M|100/100
|
|upkeep
|turn|4
|
|t:|1662095362
|switch|p1a: Garchomp|Garchomp, F|100/100
|move|p2a: Zapdos|Volt Switch|p1a: Garchomp
|-immune|p1a: Garchomp
|
|upkeep
|turn|5
|
|t:|1662095368
|move|p2a: Zapdos|Toxic|p1a: Garchomp
|-status|p1a: Garchomp|tox
|move|p1a: Garchomp|Earthquake|p2a: Zapdos
|-immune|p2a: Zapdos
|
|-damage|p1a: Garchomp|94/100 tox|[from] psn
|upkeep
|turn|6
|
|t:|1662095390
|move|p2a: Zapdos|Defog|p1a: Garchomp
|-unboost|p1a: Garchomp|evasion|1
|move|p1a: Garchomp|Poison Jab|p2a: Zapdos
|-damage|p2a: Zapdos|80/100
|
|-damage|p1a: Garchomp|82/100 tox|[from] psn
|upkeep
|turn|7
|
|t:|1662095401
|move|p2a: Zapdos|Defog|p1a: Garchomp
|-unboost|p1a: Garchomp|evasion|1
|move|p1a: Garchomp|Rest|p1a: Garchomp
|-status|p1a: Garchomp|slp|[from] move: Rest
|-heal|p1a: Garchomp|100/100 slp|[silent]
|
|upkeep
|turn|8
|
|t:|1662095408
|switch|p2a: Kartana|Kartana|100/100
|cant|p1a: Garchomp|slp
|move|p1a: Garchomp|Sleep Talk|p1a: Garchomp
|move|p1a: Garchomp|Earthquake|p2a: Kartana|[from]move: Sleep Talk
|-damage|p2a: Kartana|51/100
|
|upkeep
|turn|9
|
|t:|1662095413
|move|p2a: Kartana|Leaf Blade|p1a: Garchomp
|-damage|p1a: Garchomp|31/100 slp
|-damage|p2a: Kartana|38/100|[from] ability: Rough Skin|[of] p1a: Garchomp
|-damage|p2a: Kartana|22/100|[from] item: Rocky Helmet|[of] p1a: Garchomp
|-damage|p2a: Kartana|12/100|[from] item: Life Orb
|cant|p1a: Garchomp|slp
|move|p1a: Garchomp|Sleep Talk|p1a: Garchomp
|move|p1a: Garchomp|Poison Jab|p2a: Kartana|[from]move: Sleep Talk
|-immune|p2a: Kartana
|
|upkeep
|turn|10
|
|t:|1662095428
|switch|p2a: Weavile|Weavile, M|100/100
|switch|p1a: Magnezone|Magnezone|100/100
|
|upkeep
|turn|11
|
|t:|1662095432
|move|p2a: Weavile|Brick Break|p1a: Magnezone
|-supereffective|p1a: Magnezone
|-damage|p1a: Magnezone|50/100
|move|p1a: Magnezone|Steel Beam|p2a: Weavile
|-supereffective|p2a: Weavile
|-damage|p2a: Weavile|0 fnt
|-damage|p1a: Magnezone|0 fnt|[from] mindblown
|faint|p1a: Magnezone
|faint|p2a: Weavile
|
|upkeep
|
|t:|1662095441
|switch|p2a: Blissey|Blissey, F|100/100
|switch|p1a: Garchomp|Garchomp, F|31/100 slp
|turn|12
|
|t:|1662095445
|-curestatus|p1a: Garchomp|slp|[msg]
|move|p1a: Garchomp|Rest|p1a: Garchomp
|-status|p1a: Garchomp|slp|[from] move: Rest
|-heal|p1a: Garchomp|100/100 slp|[silent]
|move|p2a: Blissey|Wish|p2a: Blissey
|
|upkeep
|turn|13
|
|t:|1662095453
|switch|p1a: Urshifu|Urshifu-Rapid-Strike, M|81/100
|switch|p2a: Kartana|Kartana|12/100
|
|-heal|p2a: Kartana|100/100|[from] move: Wish|[wisher] Blissey
|upkeep
|turn|14
|
|t:|1662095459
|move|p1a: Urshifu|Close Combat|p2a: Kartana
|-supereffective|p2a: Kartana
|-crit|p2a: Kartana
|-damage|p2a: Kartana|0 fnt
|-unboost|p1a: Urshifu|def|1
|-unboost|p1a: Urshifu|spd|1
|faint|p2a: Kartana
|
|upkeep
|
|t:|1662095462
|switch|p2a: Ferrothorn|Ferrothorn, M|100/100
|turn|15
|-message|playeraccount forfeited.
|
|win|Stop smiles
|raw|Stop smiles's rating: 1148 &rarr; <strong>1176</strong><br />(+28 for winning)
|raw|playeraccount's rating: 1195 &rarr; <strong>1167</strong><br />(-28 for losing)
|l|☆playeraccount
