|j|☆slame dunder
|j|☆dmt dreams
|inactive|Battle timer is ON: inactive players will automatically lose when time's up.
|t:|1662367615
|gametype|singles
|player|p1|slame dunder|medium|
|player|p2|dmt dreams|gambler-gen1|
|teamsize|p1|6
|teamsize|p2|6
|gen|8
|tier|[Gen 8] OU
|rated|Tournament battle
|rule|Sleep Clause Mod: Limit one foe put to sleep
|rule|Species Clause: Limit one of each Pokémon
|rule|OHKO Clause: OHKO moves are banned
|rule|Evasion Items Clause: Evasion items are banned
|rule|Evasion Moves Clause: Evasion moves are banned
|rule|Endless Battle Clause: Forcing endless battles is banned
|rule|HP Percentage Mod: HP is shown in percentages
|rule|Dynamax Clause: You cannot dynamax
|clearpoke
|poke|p1|Weavile, F|
|poke|p1|Zapdos|
|poke|p1|Kartana|
|poke|p1|Volcanion|
|poke|p1|Landorus-Therian, M|
|poke|p1|Melmetal|
|poke|p2|Zygarde-10%|
|poke|p2|Cresselia, F|
|poke|p2|Weavile, F|
|poke|p2|Clefable, M|
|poke|p2|Ferrothorn, M|
|poke|p2|Buzzwole|
|teampreview
|inactive|slame dunder also wants the timer to be on.
|c|☆slame dunder|hf
|j| sufys12
|c|☆dmt dreams|u2
|j|#ironwater
|j| Kyurem
|
|t:|1662367632
|start
|switch|p1a: Hot Pocket|Volcanion|100/100
|switch|p2a: Clefable|Clefable, M|100/100
|turn|1
|
|t:|1662367634
|move|p1a: Hot Pocket|Steam Eruption|p2a: Clefable
|-damage|p2a: Clefable|28/100
|move|p2a: Clefable|Thunder Wave|p1a: Hot Pocket
|-status|p1a: Hot Pocket|par
|
|upkeep
|turn|2
|j| Begin Testing
|
|t:|1662367644
|switch|p1a: kid cutty|Kartana, shiny|100/100
|move|p2a: Clefable|Stealth Rock|p1a: kid cutty
|-sidestart|p1: slame dunder|move: Stealth Rock
|
|upkeep
|turn|3
|c| Begin Testing|pog finals
|
|t:|1662367649
|switch|p2a: Buzzwole|Buzzwole|100/100
|move|p1a: kid cutty|Knock Off|p2a: Buzzwole
|-resisted|p2a: Buzzwole
|-damage|p2a: Buzzwole|87/100
|-enditem|p2a: Buzzwole|Heavy-Duty Boots|[from] move: Knock Off|[of] p1a: kid cutty
|
|upkeep
|turn|4
|
|t:|1662367653
|switch|p1a: Zach Deroz-Lavar|Zapdos|100/100
|switch|p2a: Cresselia|Cresselia, F|100/100
|
|upkeep
|turn|5
|
|t:|1662367655
|move|p2a: Cresselia|Trick|p1a: Zach Deroz-Lavar
|-activate|p2a: Cresselia|move: Trick|[of] p1a: Zach Deroz-Lavar
|-item|p1a: Zach Deroz-Lavar|Choice Scarf|[from] move: Trick
|-item|p2a: Cresselia|Heavy-Duty Boots|[from] move: Trick
|move|p1a: Zach Deroz-Lavar|Defog|p2a: Cresselia
|-unboost|p2a: Cresselia|evasion|1
|-sideend|p1: slame dunder|Stealth Rock|[from] move: Defog|[of] p1a: Zach Deroz-Lavar
|
|upkeep
|turn|6
|
|t:|1662367663
|switch|p1a: Hubert|Weavile, F|100/100
|-ability|p1a: Hubert|Pressure
|move|p2a: Cresselia|Ice Beam|p1a: Hubert
|-resisted|p1a: Hubert
|-damage|p1a: Hubert|90/100
|
|upkeep
|turn|7
|
|t:|1662367669
|switch|p2a: Ferrothorn|Ferrothorn, M|100/100
|move|p1a: Hubert|Triple Axel|p2a: Ferrothorn
|-damage|p2a: Ferrothorn|91/100
|-damage|p1a: Hubert|78/100|[from] ability: Iron Barbs|[of] p2a: Ferrothorn
|-damage|p2a: Ferrothorn|74/100
|-damage|p1a: Hubert|65/100|[from] ability: Iron Barbs|[of] p2a: Ferrothorn
|-damage|p2a: Ferrothorn|44/100
|-damage|p1a: Hubert|53/100|[from] ability: Iron Barbs|[of] p2a: Ferrothorn
|-hitcount|p2a: Ferrothorn|3
|
|-heal|p2a: Ferrothorn|50/100|[from] item: Leftovers
|upkeep
|turn|8
|
|t:|1662367674
|switch|p1a: Zach Deroz-Lavar|Zapdos|100/100
|move|p2a: Ferrothorn|Spikes|p1a: Zach Deroz-Lavar
|-sidestart|p1: slame dunder|Spikes
|
|-heal|p2a: Ferrothorn|57/100|[from] item: Leftovers
|upkeep
|turn|9
|
|t:|1662367678
|switch|p2a: Zygarde|Zygarde-10%|100/100
|-ability|p2a: Zygarde|Aura Break
|move|p1a: Zach Deroz-Lavar|Heat Wave|p2a: Zygarde
|-resisted|p2a: Zygarde
|-damage|p2a: Zygarde|80/100
|
|-heal|p2a: Zygarde|86/100|[from] item: Leftovers
|upkeep
|turn|10
|
|t:|1662367681
|switch|p1a: Marshaw|Landorus-Therian, M|100/100
|-ability|p1a: Marshaw|Intimidate|boost
|-unboost|p2a: Zygarde|atk|1
|move|p2a: Zygarde|Glare|p1a: Marshaw
|-status|p1a: Marshaw|par
|
|-heal|p2a: Zygarde|92/100|[from] item: Leftovers
|upkeep
|turn|11
|
|t:|1662367690
|switch|p2a: Weavile|Weavile, F|100/100
|-ability|p2a: Weavile|Pressure
|move|p1a: Marshaw|Defog|p2a: Weavile
|-unboost|p2a: Weavile|evasion|1
|-sideend|p1: slame dunder|Spikes|[from] move: Defog|[of] p1a: Marshaw
|
|upkeep
|turn|12
|
|t:|1662367696
|switch|p1a: Babatreesh|Melmetal|100/100
|move|p2a: Weavile|Icicle Crash|p1a: Babatreesh
|-resisted|p1a: Babatreesh
|-damage|p1a: Babatreesh|88/100
|
|upkeep
|turn|13
|
|t:|1662367702
|switch|p2a: Buzzwole|Buzzwole|87/100
|move|p1a: Babatreesh|Earthquake|p2a: Buzzwole
|-resisted|p2a: Buzzwole
|-damage|p2a: Buzzwole|72/100
|
|upkeep
|turn|14
|
|t:|1662367710
|switch|p2a: Cresselia|Cresselia, F|100/100
|switch|p1a: Zach Deroz-Lavar|Zapdos|100/100
|
|upkeep
|turn|15
|
|t:|1662367717
|switch|p1a: Babatreesh|Melmetal|88/100
|switch|p2a: Zygarde|Zygarde-10%|92/100
|-ability|p2a: Zygarde|Aura Break
|
|-heal|p2a: Zygarde|98/100|[from] item: Leftovers
|upkeep
|turn|16
|
|t:|1662367721
|switch|p2a: Ferrothorn|Ferrothorn, M|57/100
|move|p1a: Babatreesh|Double Iron Bash|p2a: Ferrothorn
|-resisted|p2a: Ferrothorn
|-damage|p2a: Ferrothorn|44/100
|-damage|p1a: Babatreesh|75/100|[from] ability: Iron Barbs|[of] p2a: Ferrothorn
|-resisted|p2a: Ferrothorn
|-damage|p2a: Ferrothorn|30/100
|-damage|p1a: Babatreesh|63/100|[from] ability: Iron Barbs|[of] p2a: Ferrothorn
|-hitcount|p2a: Ferrothorn|2
|
|-heal|p2a: Ferrothorn|36/100|[from] item: Leftovers
|upkeep
|turn|17
|
|t:|1662367728
|move|p1a: Babatreesh|Earthquake|p2a: Ferrothorn
|-crit|p2a: Ferrothorn
|-damage|p2a: Ferrothorn|0 fnt
|faint|p2a: Ferrothorn
|
|upkeep
|c|☆slame dunder|bl
|
|t:|1662367733
|switch|p2a: Buzzwole|Buzzwole|72/100
|turn|18
|
|t:|1662367747
|switch|p2a: Zygarde|Zygarde-10%|98/100
|-ability|p2a: Zygarde|Aura Break
|switch|p1a: Marshaw|Landorus-Therian, M|100/100 par
|-ability|p1a: Marshaw|Intimidate|boost
|-unboost|p2a: Zygarde|atk|1
|
|-heal|p2a: Zygarde|100/100|[from] item: Leftovers
|upkeep
|turn|19
|
|t:|1662367751
|switch|p2a: Clefable|Clefable, M|28/100
|move|p1a: Marshaw|Stealth Rock|p2a: Clefable
|-sidestart|p2: dmt dreams|move: Stealth Rock
|
|upkeep
|turn|20
|
|t:|1662367754
|move|p2a: Clefable|Stealth Rock|p1a: Marshaw
|-sidestart|p1: slame dunder|move: Stealth Rock
|move|p1a: Marshaw|U-turn|p2a: Clefable
|-resisted|p2a: Clefable
|-crit|p2a: Clefable
|-damage|p2a: Clefable|13/100
|
|t:|1662367771
|switch|p1a: kid cutty|Kartana, shiny|100/100|[from]move: U-turn
|-damage|p1a: kid cutty|94/100|[from] Stealth Rock
|
|upkeep
|turn|21
|
|t:|1662367779
|switch|p2a: Buzzwole|Buzzwole|72/100
|-damage|p2a: Buzzwole|59/100|[from] Stealth Rock
|move|p1a: kid cutty|Smart Strike|p2a: Buzzwole
|-damage|p2a: Buzzwole|27/100
|
|upkeep
|turn|22
|
|t:|1662367783
|switch|p2a: Cresselia|Cresselia, F|100/100
|move|p1a: kid cutty|Smart Strike|p2a: Cresselia
|-damage|p2a: Cresselia|72/100
|
|upkeep
|turn|23
|
|t:|1662367795
|switch|p1a: Zach Deroz-Lavar|Zapdos|100/100
|-damage|p1a: Zach Deroz-Lavar|76/100|[from] Stealth Rock
|move|p2a: Cresselia|Thunder Wave|p1a: Zach Deroz-Lavar
|-immune|p1a: Zach Deroz-Lavar
|
|upkeep
|turn|24
|
|t:|1662367802
|move|p1a: Zach Deroz-Lavar|Defog|p2a: Cresselia
|-unboost|p2a: Cresselia|evasion|1
|-sideend|p2: dmt dreams|Stealth Rock|[from] move: Defog|[of] p1a: Zach Deroz-Lavar
|-sideend|p1: slame dunder|Stealth Rock|[from] move: Defog|[of] p1a: Zach Deroz-Lavar
|move|p2a: Cresselia|Thunder Wave|p1a: Zach Deroz-Lavar
|-immune|p1a: Zach Deroz-Lavar
|
|upkeep
|turn|25
|
|t:|1662367805
|switch|p1a: Hot Pocket|Volcanion|100/100 par
|switch|p2a: Clefable|Clefable, M|13/100
|
|upkeep
|turn|26
|
|t:|1662367811
|move|p2a: Clefable|Stealth Rock|p1a: Hot Pocket
|-sidestart|p1: slame dunder|move: Stealth Rock
|cant|p1a: Hot Pocket|par
|
|upkeep
|turn|27
|
|t:|1662367818
|move|p2a: Clefable|Moonblast|p1a: Hot Pocket
|-resisted|p1a: Hot Pocket
|-damage|p1a: Hot Pocket|82/100 par
|cant|p1a: Hot Pocket|par
|
|upkeep
|turn|28
|
|t:|1662367821
|move|p2a: Clefable|Moonblast|p1a: Hot Pocket
|-resisted|p1a: Hot Pocket
|-damage|p1a: Hot Pocket|62/100 par
|move|p1a: Hot Pocket|Steam Eruption|p2a: Clefable
|-damage|p2a: Clefable|0 fnt
|faint|p2a: Clefable
|
|upkeep
|
|t:|1662367823
|switch|p2a: Zygarde|Zygarde-10%|100/100
|-ability|p2a: Zygarde|Aura Break
|turn|29
|
|t:|1662367826
|move|p2a: Zygarde|Thousand Arrows|p1a: Hot Pocket
|-supereffective|p1a: Hot Pocket
|-damage|p1a: Hot Pocket|0 fnt
|faint|p1a: Hot Pocket
|
|upkeep
|
|t:|1662367838
|switch|p1a: Zach Deroz-Lavar|Zapdos|76/100
|-damage|p1a: Zach Deroz-Lavar|51/100|[from] Stealth Rock
|turn|30
|
|t:|1662367846
|move|p1a: Zach Deroz-Lavar|Defog|p2a: Zygarde
|-unboost|p2a: Zygarde|evasion|1
|-sideend|p1: slame dunder|Stealth Rock|[from] move: Defog|[of] p1a: Zach Deroz-Lavar
|move|p2a: Zygarde|Dragon Dance|p2a: Zygarde
|-boost|p2a: Zygarde|atk|1
|-boost|p2a: Zygarde|spe|1
|
|upkeep
|turn|31
|
|t:|1662367850
|switch|p1a: Marshaw|Landorus-Therian, M|100/100 par
|-ability|p1a: Marshaw|Intimidate|boost
|-unboost|p2a: Zygarde|atk|1
|move|p2a: Zygarde|Thousand Arrows|p1a: Marshaw
|-damage|p1a: Marshaw|55/100 par
|-start|p1a: Marshaw|Smack Down
|-enditem|p1a: Marshaw|Eject Button
|
|t:|1662367859
|switch|p1a: Hubert|Weavile, F|53/100
|-ability|p1a: Hubert|Pressure
|
|upkeep
|turn|32
|
|t:|1662367866
|switch|p2a: Weavile|Weavile, F|100/100
|-ability|p2a: Weavile|Pressure
|move|p1a: Hubert|Triple Axel|p2a: Weavile
|-resisted|p2a: Weavile
|-damage|p2a: Weavile|87/100
|-resisted|p2a: Weavile
|-damage|p2a: Weavile|58/100
|-resisted|p2a: Weavile
|-damage|p2a: Weavile|15/100
|-hitcount|p2a: Weavile|3
|
|upkeep
|turn|33
|
|t:|1662367874
|switch|p1a: Marshaw|Landorus-Therian, M|55/100 par
|-ability|p1a: Marshaw|Intimidate|boost
|-unboost|p2a: Weavile|atk|1
|move|p2a: Weavile|Icicle Crash|p1a: Marshaw
|-supereffective|p1a: Marshaw
|-damage|p1a: Marshaw|0 fnt
|faint|p1a: Marshaw
|
|upkeep
|
|t:|1662367898
|switch|p1a: kid cutty|Kartana, shiny|94/100
|turn|34
|j| Landorus
|
|t:|1662367904
|move|p2a: Weavile|Ice Shard|p1a: kid cutty
|-damage|p1a: kid cutty|79/100
|move|p1a: kid cutty|Smart Strike|p2a: Weavile
|-supereffective|p2a: Weavile
|-damage|p2a: Weavile|0 fnt
|faint|p2a: Weavile
|-ability|p1a: kid cutty|Beast Boost|boost
|-boost|p1a: kid cutty|atk|1
|
|upkeep
|
|t:|1662367906
|switch|p2a: Cresselia|Cresselia, F|72/100
|turn|35
|
|t:|1662367913
|switch|p1a: Babatreesh|Melmetal|63/100
|move|p2a: Cresselia|Thunder Wave|p1a: Babatreesh
|-status|p1a: Babatreesh|par
|
|upkeep
|turn|36
|
|t:|1662367918
|move|p2a: Cresselia|Lunar Dance|p2a: Cresselia
|faint|p2a: Cresselia
|move|p1a: Babatreesh|Double Iron Bash|p2: Cresselia|[notarget]
|-fail|p1a: Babatreesh
|
|upkeep
|
|t:|1662367920
|switch|p2a: Buzzwole|Buzzwole|27/100
|-heal|p2a: Buzzwole|100/100|[from] move: Lunar Dance
|turn|37
|
|t:|1662367925
|move|p2a: Buzzwole|Leech Life|p1a: Babatreesh
|-resisted|p1a: Babatreesh
|-damage|p1a: Babatreesh|47/100 par
|move|p1a: Babatreesh|Double Iron Bash|p2a: Buzzwole
|-damage|p2a: Buzzwole|70/100
|-damage|p2a: Buzzwole|39/100
|-hitcount|p2a: Buzzwole|2
|
|upkeep
|turn|38
|
|t:|1662367932
|switch|p1a: Zach Deroz-Lavar|Zapdos|51/100
|move|p2a: Buzzwole|Roost|p2a: Buzzwole
|-heal|p2a: Buzzwole|89/100
|-singleturn|p2a: Buzzwole|move: Roost
|
|upkeep
|turn|39
|
|t:|1662367935
|switch|p2a: Zygarde|Zygarde-10%|100/100
|-ability|p2a: Zygarde|Aura Break
|move|p1a: Zach Deroz-Lavar|Heat Wave|p2a: Zygarde
|-resisted|p2a: Zygarde
|-damage|p2a: Zygarde|81/100
|
|-heal|p2a: Zygarde|87/100|[from] item: Leftovers
|upkeep
|turn|40
|
|t:|1662367938
|switch|p1a: kid cutty|Kartana, shiny|79/100
|move|p2a: Zygarde|Thousand Arrows|p1a: kid cutty
|-damage|p1a: kid cutty|36/100
|
|-heal|p2a: Zygarde|93/100|[from] item: Leftovers
|upkeep
|turn|41
|
|t:|1662367943
|switch|p2a: Buzzwole|Buzzwole|89/100
|move|p1a: kid cutty|Knock Off|p2a: Buzzwole
|-resisted|p2a: Buzzwole
|-damage|p2a: Buzzwole|78/100
|
|upkeep
|turn|42
|
|t:|1662367947
|switch|p1a: Zach Deroz-Lavar|Zapdos|51/100
|move|p2a: Buzzwole|Roost|p2a: Buzzwole
|-heal|p2a: Buzzwole|100/100
|-singleturn|p2a: Buzzwole|move: Roost
|
|upkeep
|turn|43
|
|t:|1662367950
|switch|p1a: Hubert|Weavile, F|53/100
|-ability|p1a: Hubert|Pressure
|move|p2a: Buzzwole|Leech Life|p1a: Hubert
|-supereffective|p1a: Hubert
|-damage|p1a: Hubert|0 fnt
|faint|p1a: Hubert
|-ability|p2a: Buzzwole|Beast Boost|boost
|-boost|p2a: Buzzwole|atk|1
|
|upkeep
|c|☆slame dunder|gg
|
|t:|1662367955
|switch|p1a: Zach Deroz-Lavar|Zapdos|51/100
|turn|44
|
|t:|1662367960
|switch|p1a: kid cutty|Kartana, shiny|36/100
|switch|p2a: Zygarde|Zygarde-10%|93/100
|-ability|p2a: Zygarde|Aura Break
|
|-heal|p2a: Zygarde|99/100|[from] item: Leftovers
|upkeep
|turn|45
|
|t:|1662367962
|switch|p2a: Buzzwole|Buzzwole|100/100
|move|p1a: kid cutty|Leaf Blade|p2a: Buzzwole
|-resisted|p2a: Buzzwole
|-damage|p2a: Buzzwole|81/100
|
|upkeep
|turn|46
|-message|slame dunder forfeited.
|
|win|dmt dreams
|n|☆slame dunder|slamedunder
|n|☆dmt dreams|dmtdreams
|n| sufys12|sufys12
|n|@ironwater|ironwater
|n| Kyurem|kyurem
|n| Begin Testing|begintesting
|n| Landorus|landorus
|l|@ironwater
|c|☆dmt dreams|gg
|l|☆slame dunder
