|raw|<div class="broadcast-blue"><strong>This battle is required to be public due to a player having a name starting with 'lt84jm'.</div>
|j|☆LT84JM Analytic
|j|☆BestixL ☾
|t:|1627602741
|gametype|singles
|player|p1|LT84JM Analytic|#analytic|1868
|player|p2|BestixL ☾|marley|1910
|teamsize|p1|6
|teamsize|p2|6
|gen|8
|tier|[Gen 8] OU
|rated|
|rule|Sleep Clause Mod: Limit one foe put to sleep
|rule|Species Clause: Limit one of each Pokémon
|rule|OHKO Clause: OHKO moves are banned
|rule|Evasion Moves Clause: Evasion moves are banned
|rule|Endless Battle Clause: Forcing endless battles is banned
|rule|HP Percentage Mod: HP is shown in percentages
|rule|Dynamax Clause: You cannot dynamax
|clearpoke
|poke|p1|Weavile, F|
|poke|p1|Ninetales-Alola, F|
|poke|p1|Landorus-Therian, M|
|poke|p1|Cloyster, F|
|poke|p1|Dragapult, F|
|poke|p1|Kartana|
|poke|p2|Clefable, F|
|poke|p2|Slowking, M|
|poke|p2|Heatran, M|
|poke|p2|Zeraora|
|poke|p2|Rillaboom, M|
|poke|p2|Corviknight, M|
|teampreview
|j| Iam Fakee
|inactive|Battle timer is ON: inactive players will automatically lose when time's up. (requested by BestixL ☾)
|
|t:|1627602772
|start
|switch|p1a: Landorus|Landorus-Therian, M|100/100
|switch|p2a: Itsuki|Clefable, F|100/100
|-ability|p1a: Landorus|Intimidate|boost
|-unboost|p2a: Itsuki|atk|1
|turn|1
|j| black phoenix 1
|
|t:|1627602779
|switch|p1a: Ninetales|Ninetales-Alola, F|100/100
|-weather|Hail|[from] ability: Snow Warning|[of] p1a: Ninetales
|move|p2a: Itsuki|Stealth Rock|p1a: Ninetales
|-sidestart|p1: LT84JM Analytic|move: Stealth Rock
|
|-weather|Hail|[upkeep]
|upkeep
|turn|2
|
|t:|1627602785
|move|p1a: Ninetales|Aurora Veil|p1a: Ninetales
|-sidestart|p1: LT84JM Analytic|move: Aurora Veil
|move|p2a: Itsuki|Knock Off|p1a: Ninetales
|-resisted|p1a: Ninetales
|-damage|p1a: Ninetales|97/100
|-enditem|p1a: Ninetales|Light Clay|[from] move: Knock Off|[of] p2a: Itsuki
|
|-weather|Hail|[upkeep]
|upkeep
|turn|3
|j| OsamaMiWater
|
|t:|1627602788
|move|p1a: Ninetales|Hypnosis|p2a: Itsuki
|-status|p2a: Itsuki|slp|[from] move: Hypnosis
|cant|p2a: Itsuki|slp
|
|-weather|Hail|[upkeep]
|upkeep
|turn|4
|j| petit flop
|
|t:|1627602799
|switch|p1a: Weavile|Weavile, F|100/100
|-damage|p1a: Weavile|76/100|[from] Stealth Rock
|-ability|p1a: Weavile|Pressure
|cant|p2a: Itsuki|slp
|
|-weather|Hail|[upkeep]
|upkeep
|turn|5
|j| LT84JM pop smoke
|
|t:|1627602816
|move|p1a: Weavile|Swords Dance|p1a: Weavile
|-boost|p1a: Weavile|atk|2
|cant|p2a: Itsuki|slp
|
|-weather|none
|upkeep
|turn|6
|j| LT84JM Stall
|inactive|BestixL ☾ has 120 seconds left.
|j| NoCoolNoGame
|inactive|LT84JM Analytic has 120 seconds left.
|
|t:|1627602878
|move|p1a: Weavile|Beat Up|p2a: Itsuki
|-resisted|p2a: Itsuki
|-damage|p2a: Itsuki|91/100 slp
|-resisted|p2a: Itsuki
|-damage|p2a: Itsuki|80/100 slp
|-resisted|p2a: Itsuki
|-damage|p2a: Itsuki|75/100 slp
|-resisted|p2a: Itsuki
|-damage|p2a: Itsuki|67/100 slp
|-resisted|p2a: Itsuki
|-damage|p2a: Itsuki|59/100 slp
|-resisted|p2a: Itsuki
|-damage|p2a: Itsuki|46/100 slp
|-hitcount|p2a: Itsuki|6
|-curestatus|p2a: Itsuki|slp|[msg]
|move|p2a: Itsuki|Moonblast|p1a: Weavile
|-supereffective|p1a: Weavile
|-damage|p1a: Weavile|29/100
|
|-heal|p2a: Itsuki|53/100|[from] item: Leftovers
|upkeep
|turn|7
|j| lt84jm sry
|j| luisin ♪
|j| KICK BABY YODA
|
|t:|1627602897
|move|p1a: Weavile|Beat Up|p2a: Itsuki
|-resisted|p2a: Itsuki
|-damage|p2a: Itsuki|43/100
|-resisted|p2a: Itsuki
|-damage|p2a: Itsuki|32/100
|-resisted|p2a: Itsuki
|-damage|p2a: Itsuki|26/100
|-resisted|p2a: Itsuki
|-damage|p2a: Itsuki|19/100
|-resisted|p2a: Itsuki
|-damage|p2a: Itsuki|10/100
|-resisted|p2a: Itsuki
|-damage|p2a: Itsuki|0 fnt
|faint|p2a: Itsuki
|-hitcount|p2: Itsuki|6
|
|upkeep
|inactive|BestixL ☾ has 90 seconds left.
|
|t:|1627602927
|switch|p2a: Yotsuba|Zeraora|100/100
|turn|8
|
|t:|1627602930
|move|p1a: Weavile|Ice Shard|p2a: Yotsuba
|-damage|p2a: Yotsuba|42/100
|move|p2a: Yotsuba|Close Combat|p1a: Weavile
|-supereffective|p1a: Weavile
|-damage|p1a: Weavile|0 fnt
|-unboost|p2a: Yotsuba|def|1
|-unboost|p2a: Yotsuba|spd|1
|faint|p1a: Weavile
|
|-heal|p2a: Yotsuba|48/100|[from] item: Leftovers
|upkeep
|j| LT84JM croo
|
|t:|1627602944
|switch|p1a: Dragapult|Dragapult, F|100/100
|-damage|p1a: Dragapult|88/100|[from] Stealth Rock
|turn|9
|j| MLT7B1 stan IZ*ONE
|
|t:|1627602953
|switch|p2a: the reaper|Heatran, M|100/100
|move|p1a: Dragapult|Dragon Dance|p1a: Dragapult
|-boost|p1a: Dragapult|atk|1
|-boost|p1a: Dragapult|spe|1
|
|-sideend|p1: LT84JM Analytic|move: Aurora Veil
|upkeep
|turn|10
|
|t:|1627602958
|move|p1a: Dragapult|Substitute|p1a: Dragapult
|-start|p1a: Dragapult|Substitute
|-damage|p1a: Dragapult|63/100
|move|p2a: the reaper|Toxic||[still]
|-fail|p2a: the reaper
|
|upkeep
|turn|11
|
|t:|1627602965
|move|p1a: Dragapult|Dragon Dance|p1a: Dragapult
|-boost|p1a: Dragapult|atk|1
|-boost|p1a: Dragapult|spe|1
|move|p2a: the reaper|Earth Power|p1a: Dragapult
|-end|p1a: Dragapult|Substitute
|
|upkeep
|turn|12
|
|t:|1627602968
|move|p1a: Dragapult|Phantom Force||[still]
|-prepare|p1a: Dragapult|Phantom Force
|move|p2a: the reaper|Earth Power|p1a: Dragapult|[miss]
|-miss|p2a: the reaper|p1a: Dragapult
|
|upkeep
|turn|13
|j| Elefent
|
|t:|1627602974
|move|p1a: Dragapult|Phantom Force|p2a: the reaper|[from]lockedmove
|-damage|p2a: the reaper|16/100
|move|p2a: the reaper|Earth Power|p1a: Dragapult
|-damage|p1a: Dragapult|25/100
|
|-heal|p2a: the reaper|22/100|[from] item: Leftovers
|upkeep
|turn|14
|
|t:|1627602978
|move|p1a: Dragapult|Dragon Darts|p2a: the reaper
|-resisted|p2a: the reaper
|-damage|p2a: the reaper|0 fnt
|faint|p2a: the reaper
|
|upkeep
|
|t:|1627602981
|switch|p2a: Dan Dan Kokoro|Rillaboom, M|100/100
|-fieldstart|move: Grassy Terrain|[from] ability: Grassy Surge|[of] p2a: Dan Dan Kokoro
|turn|15
|
|t:|1627602985
|move|p2a: Dan Dan Kokoro|Grassy Glide|p1a: Dragapult
|-resisted|p1a: Dragapult
|-damage|p1a: Dragapult|0 fnt
|faint|p1a: Dragapult
|
|upkeep
|
|t:|1627602990
|switch|p1a: Kartana|Kartana|100/100
|-damage|p1a: Kartana|94/100|[from] Stealth Rock
|turn|16
|
|t:|1627602994
|switch|p2a: 2 soon|Corviknight, M, shiny|100/100
|-ability|p2a: 2 soon|Pressure
|move|p1a: Kartana|Swords Dance|p1a: Kartana
|-boost|p1a: Kartana|atk|2
|
|-heal|p1a: Kartana|100/100|[from] Grassy Terrain
|upkeep
|turn|17
|c|☆BestixL ☾|!calc
|c| BestixL ☾|/raw <div class="infobox">Pok&eacute;mon Showdown! damage calculator. (Courtesy of Honko &amp; Austin)<br />- <a href="https://calc.pokemonshowdown.com/index.html">Damage Calculator</a></div>
|inactive|BestixL ☾ has 120 seconds left.
|inactive|LT84JM Analytic has 120 seconds left.
|c|☆BestixL ☾|hm
|inactive|BestixL ☾ has 90 seconds left.
|c|☆BestixL ☾|this is timid or nah
|c|☆LT84JM Analytic|yeah
|j| jose mourinho-o
|
|t:|1627603076
|move|p1a: Kartana|Swords Dance|p1a: Kartana
|-boost|p1a: Kartana|atk|2
|move|p2a: 2 soon|Iron Defense|p2a: 2 soon
|-boost|p2a: 2 soon|def|2
|
|upkeep
|turn|18
|inactive|BestixL ☾ has 60 seconds left.
|j| BGMT
|
|t:|1627603109
|move|p1a: Kartana|Sacred Sword|p2a: 2 soon
|-damage|p2a: 2 soon|41/100
|move|p2a: 2 soon|Body Press|p1a: Kartana
|-supereffective|p1a: Kartana
|-damage|p1a: Kartana|18/100
|
|-heal|p1a: Kartana|24/100|[from] Grassy Terrain
|-heal|p2a: 2 soon|47/100|[from] item: Leftovers
|upkeep
|turn|19
|inactive|LT84JM Analytic has 120 seconds left.
|inactive|BestixL ☾ has 60 seconds left.
|c|☆BestixL ☾|ye
|c|☆BestixL ☾|is timid
|c|☆BestixL ☾|F
|
|t:|1627603131
|move|p1a: Kartana|Sacred Sword|p2a: 2 soon
|-damage|p2a: 2 soon|0 fnt
|faint|p2a: 2 soon
|-ability|p1a: Kartana|Beast Boost|boost
|-boost|p1a: Kartana|spe|1
|
|-heal|p1a: Kartana|31/100|[from] Grassy Terrain
|-fieldend|move: Grassy Terrain
|upkeep
|
|t:|1627603137
|switch|p2a: Dan Dan Kokoro|Rillaboom, M|100/100
|-fieldstart|move: Grassy Terrain|[from] ability: Grassy Surge|[of] p2a: Dan Dan Kokoro
|turn|20
|c|☆BestixL ☾|dan dan kokoro
|
|t:|1627603149
|move|p2a: Dan Dan Kokoro|Grassy Glide|p1a: Kartana
|-resisted|p1a: Kartana
|-damage|p1a: Kartana|14/100
|move|p1a: Kartana|Knock Off|p2a: Dan Dan Kokoro
|-damage|p2a: Dan Dan Kokoro|0 fnt
|-enditem|p2a: Dan Dan Kokoro|Choice Band|[from] move: Knock Off|[of] p1a: Kartana
|faint|p2a: Dan Dan Kokoro
|-ability|p1a: Kartana|Beast Boost|boost
|-boost|p1a: Kartana|spe|1
|
|-heal|p1a: Kartana|20/100|[from] Grassy Terrain
|upkeep
|-message|BestixL ☾ forfeited.
|
|win|LT84JM Analytic
|raw|LT84JM Analytic's rating: 1868 &rarr; <strong>1890</strong><br />(+22 for winning)
|raw|BestixL ☾'s rating: 1910 &rarr; <strong>1888</strong><br />(-22 for losing)
|c|☆BestixL ☾|gg
|c|☆LT84JM Analytic|gg
|l|☆BestixL ☾
|l| LT84JM Stall
|l| jose mourinho-o
|l| OsamaMiWater
