|j|☆minimax_ai
|j|☆Cowsrule247
|t:|1662568335
|gametype|singles
|player|p1|minimax_ai|lusamine-nihilego|1577
|player|p2|Cowsrule247|skyla|1540
|teamsize|p1|6
|teamsize|p2|6
|gen|8
|tier|[Gen 8] OU
|rated|
|rule|Sleep Clause Mod: Limit one foe put to sleep
|rule|Species Clause: Limit one of each Pokémon
|rule|OHKO Clause: OHKO moves are banned
|rule|Evasion Items Clause: Evasion items are banned
|rule|Evasion Moves Clause: Evasion moves are banned
|rule|Endless Battle Clause: Forcing endless battles is banned
|rule|HP Percentage Mod: HP is shown in percentages
|rule|Dynamax Clause: You cannot dynamax
|clearpoke
|poke|p1|Rotom-Wash|
|poke|p1|Weavile, F|
|poke|p1|Landorus-Therian, M|
|poke|p1|Heatran, M|
|poke|p1|Tangrowth, F|
|poke|p1|Melmetal|
|poke|p2|Corviknight, F|
|poke|p2|Gastrodon-East, M|
|poke|p2|Toxapex, F|
|poke|p2|Buzzwole|
|poke|p2|Clefable, M|
|poke|p2|Blissey, F|
|teampreview
|inactive|Battle timer is ON: inactive players will automatically lose when time's up. (requested by Cowsrule247)
|c|☆minimax_ai|hf
|inactive|minimax_ai also wants the timer to be on.
|
|t:|1662568342
|start
|switch|p1a: landorustherian|Landorus-Therian, M|100/100
|switch|p2a: HitEmFromTheEast|Gastrodon-East, M|100/100
|-ability|p1a: landorustherian|Intimidate|boost
|-unboost|p2a: HitEmFromTheEast|atk|1
|turn|1
|
|t:|1662568344
|switch|p2a: Caw Bitch|Corviknight, F|100/100
|-ability|p2a: Caw Bitch|Pressure
|move|p1a: landorustherian|U-turn|p2a: Caw Bitch
|-resisted|p2a: Caw Bitch
|-crit|p2a: Caw Bitch
|-damage|p2a: Caw Bitch|95/100
|
|t:|1662568345
|switch|p1a: Heatran|Heatran, M|100/100|[from]move: U-turn
|-item|p1a: Heatran|Air Balloon
|
|-heal|p2a: Caw Bitch|100/100|[from] item: Leftovers
|upkeep
|turn|2
|
|t:|1662568349
|switch|p2a: ;)|Toxapex, F|100/100
|move|p1a: Heatran|Magma Storm|p2a: ;)
|-resisted|p2a: ;)
|-damage|p2a: ;)|79/100
|-activate|p2a: ;)|move: Magma Storm|[of] p1a: Heatran
|
|-damage|p2a: ;)|66/100|[from] move: Magma Storm|[partiallytrapped]
|upkeep
|turn|3
|
|t:|1662568351
|move|p1a: Heatran|Magma Storm|p2a: ;)
|-resisted|p2a: ;)
|-damage|p2a: ;)|45/100
|move|p2a: ;)|Scald|p1a: Heatran
|-supereffective|p1a: Heatran
|-crit|p1a: Heatran
|-damage|p1a: Heatran|50/100
|-enditem|p1a: Heatran|Air Balloon
|
|-damage|p2a: ;)|32/100|[from] move: Magma Storm|[partiallytrapped]
|upkeep
|turn|4
|
|t:|1662568355
|switch|p2a: HitEmFromTheEast|Gastrodon-East, M|100/100
|move|p1a: Heatran|Magma Storm|p2a: HitEmFromTheEast
|-resisted|p2a: HitEmFromTheEast
|-damage|p2a: HitEmFromTheEast|84/100
|-activate|p2a: HitEmFromTheEast|move: Magma Storm|[of] p1a: Heatran
|
|-heal|p2a: HitEmFromTheEast|90/100|[from] item: Leftovers
|-damage|p2a: HitEmFromTheEast|77/100|[from] move: Magma Storm|[partiallytrapped]
|upkeep
|turn|5
|
|t:|1662568357
|move|p1a: Heatran|Stealth Rock|p2a: HitEmFromTheEast
|-sidestart|p2: Cowsrule247|move: Stealth Rock
|move|p2a: HitEmFromTheEast|Earthquake|p1a: Heatran
|-supereffective|p1a: Heatran
|-damage|p1a: Heatran|0 fnt
|faint|p1a: Heatran
|
|-heal|p2a: HitEmFromTheEast|84/100|[from] item: Leftovers
|-end|p2a: HitEmFromTheEast|Magma Storm|[partiallytrapped]|[silent]
|upkeep
|
|t:|1662568357
|switch|p1a: Weavile|Weavile, F|100/100
|-ability|p1a: Weavile|Pressure
|turn|6
|
|t:|1662568365
|switch|p2a: SWOLE|Buzzwole, shiny|100/100
|move|p1a: Weavile|Triple Axel|p2a: SWOLE
|-damage|p2a: SWOLE|91/100
|-damage|p2a: SWOLE|74/100
|-damage|p2a: SWOLE|51/100
|-hitcount|p2a: SWOLE|3
|
|upkeep
|turn|7
|
|t:|1662568372
|switch|p1a: Tangrowth|Tangrowth, F|100/100
|move|p2a: SWOLE|Leech Life|p1a: Tangrowth
|-supereffective|p1a: Tangrowth
|-damage|p1a: Tangrowth|59/100
|-heal|p2a: SWOLE|71/100|[from] drain|[of] p1a: Tangrowth
|-damage|p2a: SWOLE|55/100|[from] item: Rocky Helmet|[of] p1a: Tangrowth
|
|upkeep
|turn|8
|
|t:|1662568382
|move|p2a: SWOLE|Roost|p2a: SWOLE
|-heal|p2a: SWOLE|100/100
|-singleturn|p2a: SWOLE|move: Roost
|move|p1a: Tangrowth|Sleep Powder|p2a: SWOLE|[miss]
|-miss|p1a: Tangrowth|p2a: SWOLE
|
|upkeep
|turn|9
|
|t:|1662568389
|switch|p2a: thicc|Blissey, F|100/100
|move|p1a: Tangrowth|Sleep Powder|p2a: thicc
|-status|p2a: thicc|slp|[from] move: Sleep Powder
|
|upkeep
|turn|10
|
|t:|1662568399
|-curestatus|p2a: thicc|slp|[from] ability: Natural Cure
|switch|p2a: Caw Bitch|Corviknight, F|100/100
|-damage|p2a: Caw Bitch|88/100|[from] Stealth Rock
|-ability|p2a: Caw Bitch|Pressure
|move|p1a: Tangrowth|Sleep Powder|p2a: Caw Bitch|[miss]
|-miss|p1a: Tangrowth|p2a: Caw Bitch
|
|-heal|p2a: Caw Bitch|94/100|[from] item: Leftovers
|upkeep
|turn|11
|
|t:|1662568401
|move|p2a: Caw Bitch|Defog|p1a: Tangrowth
|-unboost|p1a: Tangrowth|evasion|1
|-sideend|p2: Cowsrule247|Stealth Rock|[from] move: Defog|[of] p2a: Caw Bitch
|move|p1a: Tangrowth|Sleep Powder|p2a: Caw Bitch
|-status|p2a: Caw Bitch|slp|[from] move: Sleep Powder
|
|-heal|p2a: Caw Bitch|100/100 slp|[from] item: Leftovers
|upkeep
|turn|12
|
|t:|1662568404
|switch|p2a: Treble|Clefable, M|100/100
|switch|p1a: Melmetal|Melmetal|100/100
|
|upkeep
|turn|13
|
|t:|1662568409
|switch|p2a: HitEmFromTheEast|Gastrodon-East, M|84/100
|move|p1a: Melmetal|Double Iron Bash|p2a: HitEmFromTheEast
|-resisted|p2a: HitEmFromTheEast
|-damage|p2a: HitEmFromTheEast|62/100
|-resisted|p2a: HitEmFromTheEast
|-damage|p2a: HitEmFromTheEast|38/100
|-hitcount|p2a: HitEmFromTheEast|2
|
|-heal|p2a: HitEmFromTheEast|44/100|[from] item: Leftovers
|upkeep
|turn|14
|
|t:|1662568412
|switch|p2a: SWOLE|Buzzwole, shiny|100/100
|move|p1a: Melmetal|Double Iron Bash|p2a: SWOLE
|-damage|p2a: SWOLE|78/100
|-damage|p2a: SWOLE|54/100
|-hitcount|p2a: SWOLE|2
|
|upkeep
|turn|15
|
|t:|1662568416
|move|p2a: SWOLE|Roost|p2a: SWOLE
|-heal|p2a: SWOLE|100/100
|-singleturn|p2a: SWOLE|move: Roost
|move|p1a: Melmetal|Double Iron Bash|p2a: SWOLE
|-damage|p2a: SWOLE|77/100
|-damage|p2a: SWOLE|56/100
|-hitcount|p2a: SWOLE|2
|
|upkeep
|turn|16
|
|t:|1662568418
|move|p2a: SWOLE|Roost|p2a: SWOLE
|-heal|p2a: SWOLE|100/100
|-singleturn|p2a: SWOLE|move: Roost
|move|p1a: Melmetal|Double Iron Bash|p2a: SWOLE
|-damage|p2a: SWOLE|78/100
|-damage|p2a: SWOLE|58/100
|-hitcount|p2a: SWOLE|2
|
|upkeep
|turn|17
|
|t:|1662568419
|move|p2a: SWOLE|Roost|p2a: SWOLE
|-heal|p2a: SWOLE|100/100
|-singleturn|p2a: SWOLE|move: Roost
|move|p1a: Melmetal|Double Iron Bash|p2a: SWOLE
|-damage|p2a: SWOLE|78/100
|-damage|p2a: SWOLE|57/100
|-hitcount|p2a: SWOLE|2
|
|upkeep
|turn|18
|
|t:|1662568421
|move|p2a: SWOLE|Roost|p2a: SWOLE
|-heal|p2a: SWOLE|100/100
|-singleturn|p2a: SWOLE|move: Roost
|move|p1a: Melmetal|Double Iron Bash|p2a: SWOLE
|-damage|p2a: SWOLE|77/100
|-damage|p2a: SWOLE|53/100
|-hitcount|p2a: SWOLE|2
|
|upkeep
|turn|19
|
|t:|1662568422
|move|p2a: SWOLE|Roost|p2a: SWOLE
|-heal|p2a: SWOLE|100/100
|-singleturn|p2a: SWOLE|move: Roost
|move|p1a: Melmetal|Double Iron Bash|p2a: SWOLE
|-damage|p2a: SWOLE|78/100
|-damage|p2a: SWOLE|57/100
|-hitcount|p2a: SWOLE|2
|
|upkeep
|turn|20
|
|t:|1662568423
|move|p2a: SWOLE|Roost|p2a: SWOLE
|-heal|p2a: SWOLE|100/100
|-singleturn|p2a: SWOLE|move: Roost
|move|p1a: Melmetal|Double Iron Bash|p2a: SWOLE
|-damage|p2a: SWOLE|79/100
|-damage|p2a: SWOLE|57/100
|-hitcount|p2a: SWOLE|2
|
|upkeep
|turn|21
|
|t:|1662568428
|move|p2a: SWOLE|Leech Life|p1a: Melmetal
|-resisted|p1a: Melmetal
|-damage|p1a: Melmetal|89/100
|-heal|p2a: SWOLE|63/100|[from] drain|[of] p1a: Melmetal
|move|p1a: Melmetal|Ice Punch|p2a: SWOLE
|-damage|p2a: SWOLE|45/100
|
|upkeep
|turn|22
|
|t:|1662568433
|move|p2a: SWOLE|Roost|p2a: SWOLE
|-heal|p2a: SWOLE|95/100
|-singleturn|p2a: SWOLE|move: Roost
|move|p1a: Melmetal|Ice Punch|p2a: SWOLE
|-crit|p2a: SWOLE
|-damage|p2a: SWOLE|67/100
|
|upkeep
|turn|23
|
|t:|1662568435
|move|p2a: SWOLE|Close Combat|p1a: Melmetal
|-supereffective|p1a: Melmetal
|-crit|p1a: Melmetal
|-damage|p1a: Melmetal|0 fnt
|-unboost|p2a: SWOLE|def|1
|-unboost|p2a: SWOLE|spd|1
|faint|p1a: Melmetal
|-ability|p2a: SWOLE|Beast Boost|boost
|-boost|p2a: SWOLE|atk|1
|
|upkeep
|
|t:|1662568435
|switch|p1a: Weavile|Weavile, F|100/100
|-ability|p1a: Weavile|Pressure
|turn|24
|
|t:|1662568440
|move|p1a: Weavile|Triple Axel|p2a: SWOLE
|-damage|p2a: SWOLE|54/100
|-damage|p2a: SWOLE|28/100
|-damage|p2a: SWOLE|0 fnt
|faint|p2a: SWOLE
|-hitcount|p2: SWOLE|3
|
|upkeep
|
|t:|1662568446
|switch|p2a: Treble|Clefable, M|100/100
|turn|25
|
|t:|1662568449
|switch|p1a: landorustherian|Landorus-Therian, M|100/100
|-ability|p1a: landorustherian|Intimidate|boost
|-unboost|p2a: Treble|atk|1
|move|p2a: Treble|Wish|p2a: Treble
|
|upkeep
|turn|26
|
|t:|1662568451
|move|p1a: landorustherian|Earthquake|p2a: Treble
|-damage|p2a: Treble|55/100
|move|p2a: Treble|Heal Bell|p2a: Treble
|-activate|p2a: Treble|move: Heal Bell
|-curestatus|p2: Caw Bitch|slp|[msg]
|
|-heal|p2a: Treble|100/100|[from] move: Wish|[wisher] Treble
|upkeep
|turn|27
|
|t:|1662568454
|switch|p2a: Caw Bitch|Corviknight, F|100/100
|-ability|p2a: Caw Bitch|Pressure
|move|p1a: landorustherian|Earthquake|p2a: Caw Bitch
|-immune|p2a: Caw Bitch
|
|upkeep
|turn|28
|
|t:|1662568456
|move|p1a: landorustherian|Earthquake|p2a: Caw Bitch
|-immune|p2a: Caw Bitch
|move|p2a: Caw Bitch|Iron Defense|p2a: Caw Bitch
|-boost|p2a: Caw Bitch|def|2
|
|upkeep
|turn|29
|
|t:|1662568458
|switch|p1a: rotomwash|Rotom-Wash|100/100
|move|p2a: Caw Bitch|Iron Defense|p2a: Caw Bitch
|-boost|p2a: Caw Bitch|def|2
|
|upkeep
|turn|30
|
|t:|1662568463
|switch|p2a: HitEmFromTheEast|Gastrodon-East, M|44/100
|move|p1a: rotomwash|Nasty Plot|p1a: rotomwash
|-boost|p1a: rotomwash|spa|2
|
|-heal|p2a: HitEmFromTheEast|50/100|[from] item: Leftovers
|upkeep
|turn|31
|
|t:|1662568470
|switch|p1a: Tangrowth|Tangrowth, F|92/100
|switch|p2a: thicc|Blissey, F|100/100
|
|upkeep
|turn|32
|
|t:|1662568476
|switch|p1a: Weavile|Weavile, F|100/100
|-ability|p1a: Weavile|Pressure
|move|p2a: thicc|Toxic|p1a: Weavile
|-status|p1a: Weavile|tox
|
|-damage|p1a: Weavile|94/100 tox|[from] psn
|upkeep
|turn|33
|
|t:|1662568480
|switch|p2a: Treble|Clefable, M|100/100
|move|p1a: Weavile|Knock Off|p2a: Treble
|-resisted|p2a: Treble
|-damage|p2a: Treble|68/100
|-enditem|p2a: Treble|Leftovers|[from] move: Knock Off|[of] p1a: Weavile
|
|-damage|p1a: Weavile|82/100 tox|[from] psn
|upkeep
|turn|34
|
|t:|1662568485
|switch|p1a: landorustherian|Landorus-Therian, M|100/100
|-ability|p1a: landorustherian|Intimidate|boost
|-unboost|p2a: Treble|atk|1
|move|p2a: Treble|Protect||[still]
|-fail|p2a: Treble
|
|upkeep
|turn|35
|
|t:|1662568487
|move|p2a: Treble|Protect|p2a: Treble
|-singleturn|p2a: Treble|Protect
|move|p1a: landorustherian|Earthquake|p2a: Treble
|-activate|p2a: Treble|move: Protect
|
|upkeep
|turn|36
|
|t:|1662568492
|switch|p2a: Caw Bitch|Corviknight, F|100/100
|-ability|p2a: Caw Bitch|Pressure
|move|p1a: landorustherian|Earthquake|p2a: Caw Bitch
|-immune|p2a: Caw Bitch
|
|upkeep
|turn|37
|
|t:|1662568494
|switch|p1a: rotomwash|Rotom-Wash|100/100
|move|p2a: Caw Bitch|Iron Defense|p2a: Caw Bitch
|-boost|p2a: Caw Bitch|def|2
|
|upkeep
|turn|38
|
|t:|1662568498
|move|p1a: rotomwash|Nasty Plot|p1a: rotomwash
|-boost|p1a: rotomwash|spa|2
|move|p2a: Caw Bitch|Body Press|p1a: rotomwash
|-crit|p1a: rotomwash
|-damage|p1a: rotomwash|26/100
|
|-heal|p1a: rotomwash|32/100|[from] item: Leftovers
|upkeep
|turn|39
|
|t:|1662568501
|switch|p2a: HitEmFromTheEast|Gastrodon-East, M|50/100
|move|p1a: rotomwash|Pain Split|p2a: HitEmFromTheEast
|-sethp|p2a: HitEmFromTheEast|37/100|[from] move: Pain Split|[silent]
|-sethp|p1a: rotomwash|51/100|[from] move: Pain Split
|
|-heal|p1a: rotomwash|57/100|[from] item: Leftovers
|-heal|p2a: HitEmFromTheEast|43/100|[from] item: Leftovers
|upkeep
|turn|40
|
|t:|1662568503
|move|p1a: rotomwash|Nasty Plot|p1a: rotomwash
|-boost|p1a: rotomwash|spa|2
|move|p2a: HitEmFromTheEast|Recover|p2a: HitEmFromTheEast
|-heal|p2a: HitEmFromTheEast|93/100
|
|-heal|p1a: rotomwash|64/100|[from] item: Leftovers
|-heal|p2a: HitEmFromTheEast|99/100|[from] item: Leftovers
|upkeep
|turn|41
|
|t:|1662568506
|switch|p2a: Treble|Clefable, M|68/100
|move|p1a: rotomwash|Pain Split|p2a: Treble
|-sethp|p2a: Treble|58/100|[from] move: Pain Split|[silent]
|-sethp|p1a: rotomwash|75/100|[from] move: Pain Split
|
|-heal|p1a: rotomwash|82/100|[from] item: Leftovers
|upkeep
|turn|42
|
|t:|1662568507
|move|p1a: rotomwash|Nasty Plot|p1a: rotomwash
|-boost|p1a: rotomwash|spa|2
|move|p2a: Treble|Wish|p2a: Treble
|
|-heal|p1a: rotomwash|88/100|[from] item: Leftovers
|upkeep
|turn|43
|
|t:|1662568509
|move|p1a: rotomwash|Thunderbolt|p2a: Treble
|-damage|p2a: Treble|30/100
|move|p2a: Treble|Moonblast|p1a: rotomwash
|-damage|p1a: rotomwash|53/100
|-unboost|p1a: rotomwash|spa|1
|
|-heal|p2a: Treble|80/100|[from] move: Wish|[wisher] Treble
|-heal|p1a: rotomwash|60/100|[from] item: Leftovers
|upkeep
|turn|44
|
|t:|1662568512
|move|p1a: rotomwash|Thunderbolt|p2a: Treble
|-damage|p2a: Treble|54/100
|move|p2a: Treble|Wish|p2a: Treble
|
|-heal|p1a: rotomwash|66/100|[from] item: Leftovers
|upkeep
|turn|45
|
|t:|1662568539
|move|p1a: rotomwash|Thunderbolt|p2a: Treble
|-damage|p2a: Treble|24/100
|move|p2a: Treble|Moonblast|p1a: rotomwash
|-damage|p1a: rotomwash|30/100
|
|-heal|p2a: Treble|74/100|[from] move: Wish|[wisher] Treble
|-heal|p1a: rotomwash|37/100|[from] item: Leftovers
|upkeep
|turn|46
|
|t:|1662568541
|move|p1a: rotomwash|Thunderbolt|p2a: Treble
|-damage|p2a: Treble|43/100
|move|p2a: Treble|Wish|p2a: Treble
|
|-heal|p1a: rotomwash|43/100|[from] item: Leftovers
|upkeep
|turn|47
|
|t:|1662568542
|move|p1a: rotomwash|Hydro Pump|p2a: Treble|[miss]
|-miss|p1a: rotomwash|p2a: Treble
|move|p2a: Treble|Moonblast|p1a: rotomwash
|-damage|p1a: rotomwash|7/100
|
|-heal|p2a: Treble|93/100|[from] move: Wish|[wisher] Treble
|-heal|p1a: rotomwash|13/100|[from] item: Leftovers
|upkeep
|turn|48
|
|t:|1662568545
|move|p1a: rotomwash|Thunderbolt|p2a: Treble
|-damage|p2a: Treble|62/100
|move|p2a: Treble|Moonblast|p1a: rotomwash
|-damage|p1a: rotomwash|0 fnt
|faint|p1a: rotomwash
|
|upkeep
|
|t:|1662568545
|switch|p1a: landorustherian|Landorus-Therian, M|100/100
|-ability|p1a: landorustherian|Intimidate|boost
|-unboost|p2a: Treble|atk|1
|turn|49
|
|t:|1662568549
|switch|p2a: Caw Bitch|Corviknight, F|100/100
|-ability|p2a: Caw Bitch|Pressure
|move|p1a: landorustherian|Earthquake|p2a: Caw Bitch
|-immune|p2a: Caw Bitch
|
|upkeep
|turn|50
|
|t:|1662568554
|switch|p1a: Tangrowth|Tangrowth, F|100/100
|move|p2a: Caw Bitch|Iron Defense|p2a: Caw Bitch
|-boost|p2a: Caw Bitch|def|2
|
|upkeep
|turn|51
|
|t:|1662568557
|move|p2a: Caw Bitch|Body Press|p1a: Tangrowth
|-damage|p1a: Tangrowth|74/100
|-damage|p2a: Caw Bitch|84/100|[from] item: Rocky Helmet|[of] p1a: Tangrowth
|move|p1a: Tangrowth|Focus Blast|p2a: Caw Bitch
|-damage|p2a: Caw Bitch|56/100
|
|-heal|p2a: Caw Bitch|62/100|[from] item: Leftovers
|upkeep
|turn|52
|
|t:|1662568564
|switch|p2a: thicc|Blissey, F|100/100
|move|p1a: Tangrowth|Focus Blast|p2a: thicc
|-supereffective|p2a: thicc
|-damage|p2a: thicc|80/100
|-unboost|p2a: thicc|spd|1
|
|upkeep
|turn|53
|
|t:|1662568566
|move|p2a: thicc|Toxic|p1a: Tangrowth
|-status|p1a: Tangrowth|tox
|move|p1a: Tangrowth|Giga Drain|p2a: thicc
|-damage|p2a: thicc|64/100
|-heal|p1a: Tangrowth|88/100 tox|[from] drain|[of] p2a: thicc
|
|-damage|p1a: Tangrowth|82/100 tox|[from] psn
|upkeep
|turn|54
|
|t:|1662568568
|move|p2a: thicc|Soft-Boiled|p2a: thicc
|-heal|p2a: thicc|100/100
|move|p1a: Tangrowth|Giga Drain|p2a: thicc
|-damage|p2a: thicc|84/100
|-heal|p1a: Tangrowth|97/100 tox|[from] drain|[of] p2a: thicc
|
|-damage|p1a: Tangrowth|84/100 tox|[from] psn
|upkeep
|turn|55
|
|t:|1662568591
|move|p2a: thicc|Stealth Rock|p1a: Tangrowth
|-sidestart|p1: minimax_ai|move: Stealth Rock
|move|p1a: Tangrowth|Giga Drain|p2a: thicc
|-damage|p2a: thicc|69/100
|-heal|p1a: Tangrowth|98/100 tox|[from] drain|[of] p2a: thicc
|
|-damage|p1a: Tangrowth|79/100 tox|[from] psn
|upkeep
|turn|56
|
|t:|1662568592
|switch|p1a: landorustherian|Landorus-Therian, M|100/100
|-damage|p1a: landorustherian|88/100|[from] Stealth Rock
|-ability|p1a: landorustherian|Intimidate|boost
|-unboost|p2a: thicc|atk|1
|move|p2a: thicc|Seismic Toss|p1a: landorustherian
|-damage|p1a: landorustherian|62/100
|
|-heal|p1a: landorustherian|68/100|[from] item: Leftovers
|upkeep
|turn|57
|
|t:|1662568595
|switch|p2a: Caw Bitch|Corviknight, F|62/100
|-ability|p2a: Caw Bitch|Pressure
|move|p1a: landorustherian|Earthquake|p2a: Caw Bitch
|-immune|p2a: Caw Bitch
|
|-heal|p1a: landorustherian|74/100|[from] item: Leftovers
|-heal|p2a: Caw Bitch|68/100|[from] item: Leftovers
|upkeep
|turn|58
|
|t:|1662568598
|move|p1a: landorustherian|Defog|p2a: Caw Bitch
|-unboost|p2a: Caw Bitch|evasion|1
|-sideend|p1: minimax_ai|Stealth Rock|[from] move: Defog|[of] p1a: landorustherian
|move|p2a: Caw Bitch|Iron Defense|p2a: Caw Bitch
|-boost|p2a: Caw Bitch|def|2
|
|-heal|p1a: landorustherian|80/100|[from] item: Leftovers
|-heal|p2a: Caw Bitch|74/100|[from] item: Leftovers
|upkeep
|turn|59
|
|t:|1662568600
|switch|p1a: Tangrowth|Tangrowth, F|100/100 tox
|move|p2a: Caw Bitch|Iron Defense|p2a: Caw Bitch
|-boost|p2a: Caw Bitch|def|2
|
|-heal|p2a: Caw Bitch|81/100|[from] item: Leftovers
|-damage|p1a: Tangrowth|94/100 tox|[from] psn
|upkeep
|turn|60
|
|t:|1662568601
|move|p2a: Caw Bitch|Body Press|p1a: Tangrowth
|-damage|p1a: Tangrowth|59/100 tox
|-damage|p2a: Caw Bitch|64/100|[from] item: Rocky Helmet|[of] p1a: Tangrowth
|move|p1a: Tangrowth|Focus Blast|p2a: Caw Bitch
|-damage|p2a: Caw Bitch|39/100
|
|-heal|p2a: Caw Bitch|45/100|[from] item: Leftovers
|-damage|p1a: Tangrowth|46/100 tox|[from] psn
|upkeep
|turn|61
|
|t:|1662568604
|switch|p1a: landorustherian|Landorus-Therian, M|80/100
|-ability|p1a: landorustherian|Intimidate|boost
|-unboost|p2a: Caw Bitch|atk|1
|move|p2a: Caw Bitch|Roost|p2a: Caw Bitch
|-heal|p2a: Caw Bitch|95/100
|-singleturn|p2a: Caw Bitch|move: Roost
|
|-heal|p1a: landorustherian|86/100|[from] item: Leftovers
|-heal|p2a: Caw Bitch|100/100|[from] item: Leftovers
|upkeep
|turn|62
|
|t:|1662568607
|switch|p1a: Tangrowth|Tangrowth, F|79/100 tox
|move|p2a: Caw Bitch|Body Press|p1a: Tangrowth
|-damage|p1a: Tangrowth|38/100 tox
|-damage|p2a: Caw Bitch|84/100|[from] item: Rocky Helmet|[of] p1a: Tangrowth
|
|-heal|p2a: Caw Bitch|90/100|[from] item: Leftovers
|-damage|p1a: Tangrowth|32/100 tox|[from] psn
|upkeep
|turn|63
|
|t:|1662568609
|switch|p1a: landorustherian|Landorus-Therian, M|86/100
|-ability|p1a: landorustherian|Intimidate|boost
|-unboost|p2a: Caw Bitch|atk|1
|move|p2a: Caw Bitch|Body Press|p1a: landorustherian
|-resisted|p1a: landorustherian
|-damage|p1a: landorustherian|51/100
|
|-heal|p1a: landorustherian|57/100|[from] item: Leftovers
|-heal|p2a: Caw Bitch|96/100|[from] item: Leftovers
|upkeep
|turn|64
|
|t:|1662568611
|switch|p1a: Tangrowth|Tangrowth, F|65/100 tox
|move|p2a: Caw Bitch|Body Press|p1a: Tangrowth
|-damage|p1a: Tangrowth|28/100 tox
|-damage|p2a: Caw Bitch|80/100|[from] item: Rocky Helmet|[of] p1a: Tangrowth
|
|-heal|p2a: Caw Bitch|86/100|[from] item: Leftovers
|-damage|p1a: Tangrowth|22/100 tox|[from] psn
|upkeep
|turn|65
|
|t:|1662568613
|switch|p1a: landorustherian|Landorus-Therian, M|57/100
|-ability|p1a: landorustherian|Intimidate|boost
|-unboost|p2a: Caw Bitch|atk|1
|move|p2a: Caw Bitch|Body Press|p1a: landorustherian
|-resisted|p1a: landorustherian
|-damage|p1a: landorustherian|19/100
|
|-heal|p1a: landorustherian|25/100|[from] item: Leftovers
|-heal|p2a: Caw Bitch|92/100|[from] item: Leftovers
|upkeep
|turn|66
|
|t:|1662568615
|switch|p1a: Tangrowth|Tangrowth, F|55/100 tox
|move|p2a: Caw Bitch|Body Press|p1a: Tangrowth
|-damage|p1a: Tangrowth|14/100 tox
|-damage|p2a: Caw Bitch|76/100|[from] item: Rocky Helmet|[of] p1a: Tangrowth
|
|-heal|p2a: Caw Bitch|82/100|[from] item: Leftovers
|-damage|p1a: Tangrowth|8/100 tox|[from] psn
|upkeep
|turn|67
|
|t:|1662568617
|switch|p1a: landorustherian|Landorus-Therian, M|25/100
|-ability|p1a: landorustherian|Intimidate|boost
|-unboost|p2a: Caw Bitch|atk|1
|move|p2a: Caw Bitch|Body Press|p1a: landorustherian
|-resisted|p1a: landorustherian
|-damage|p1a: landorustherian|0 fnt
|faint|p1a: landorustherian
|
|-heal|p2a: Caw Bitch|88/100|[from] item: Leftovers
|upkeep
|
|t:|1662568617
|switch|p1a: Tangrowth|Tangrowth, F|41/100 tox
|turn|68
|
|t:|1662568618
|switch|p1a: Weavile|Weavile, F|82/100 tox
|-ability|p1a: Weavile|Pressure
|move|p2a: Caw Bitch|Body Press|p1a: Weavile
|-supereffective|p1a: Weavile
|-crit|p1a: Weavile
|-damage|p1a: Weavile|0 fnt
|faint|p1a: Weavile
|
|-heal|p2a: Caw Bitch|95/100|[from] item: Leftovers
|upkeep
|
|t:|1662568618
|switch|p1a: Tangrowth|Tangrowth, F|74/100 tox
|turn|69
|
|t:|1662568620
|move|p2a: Caw Bitch|Body Press|p1a: Tangrowth
|-damage|p1a: Tangrowth|36/100 tox
|-damage|p2a: Caw Bitch|78/100|[from] item: Rocky Helmet|[of] p1a: Tangrowth
|move|p1a: Tangrowth|Focus Blast|p2a: Caw Bitch
|-damage|p2a: Caw Bitch|51/100
|
|-heal|p2a: Caw Bitch|57/100|[from] item: Leftovers
|-damage|p1a: Tangrowth|30/100 tox|[from] psn
|upkeep
|turn|70
|
|t:|1662568622
|move|p2a: Caw Bitch|Body Press|p1a: Tangrowth
|-damage|p1a: Tangrowth|0 fnt
|-damage|p2a: Caw Bitch|41/100|[from] item: Rocky Helmet|[of] p1a: Tangrowth
|faint|p1a: Tangrowth
|
|win|Cowsrule247
|raw|minimax_ai's rating: 1577 &rarr; <strong>1555</strong><br />(-22 for losing)
|raw|Cowsrule247's rating: 1540 &rarr; <strong>1562</strong><br />(+22 for winning)
|c|☆minimax_ai|gg
