|raw|<div class="broadcast-blue"><strong>This battle is required to be public due to a player having a name starting with 'lt94je'.</div>
|j|☆Buhrito
|j|☆LT94JE Starmind
|t:|1661612327
|gametype|singles
|player|p1|Buhrito|youngster-gen4dp|1674
|player|p2|LT94JE Starmind|1|1764
|teamsize|p1|6
|teamsize|p2|6
|gen|8
|tier|[Gen 8] OU
|rated|
|rule|Sleep Clause Mod: Limit one foe put to sleep
|rule|Species Clause: Limit one of each Pokémon
|rule|OHKO Clause: OHKO moves are banned
|rule|Evasion Items Clause: Evasion items are banned
|rule|Evasion Moves Clause: Evasion moves are banned
|rule|Endless Battle Clause: Forcing endless battles is banned
|rule|HP Percentage Mod: HP is shown in percentages
|rule|Dynamax Clause: You cannot dynamax
|clearpoke
|poke|p1|Slowking, M|
|poke|p1|Buzzwole|
|poke|p1|Garchomp, F|
|poke|p1|Tornadus-Therian, M|
|poke|p1|Melmetal|
|poke|p1|Tapu Koko|
|poke|p2|Tapu Lele|
|poke|p2|Blacephalon|
|poke|p2|Tyranitar, M|
|poke|p2|Landorus-Therian, M|
|poke|p2|Corviknight, M|
|poke|p2|Toxapex, F|
|teampreview
|inactive|Battle timer is ON: inactive players will automatically lose when time's up. (requested by LT94JE Starmind)
|
|t:|1661612354
|start
|switch|p1a: Tornadus|Tornadus-Therian, M|100/100
|switch|p2a: Landorus|Landorus-Therian, M|100/100
|-ability|p2a: Landorus|Intimidate|boost
|-unboost|p1a: Tornadus|atk|1
|turn|1
|
|t:|1661612359
|switch|p2a: Toxapex|Toxapex, F|100/100
|move|p1a: Tornadus|Knock Off|p2a: Toxapex
|-damage|p2a: Toxapex|92/100
|-enditem|p2a: Toxapex|Eject Button|[from] move: Knock Off|[of] p1a: Tornadus
|
|upkeep
|turn|2
|
|t:|1661612365
|move|p1a: Tornadus|U-turn|p2a: Toxapex
|-resisted|p2a: Toxapex
|-damage|p2a: Toxapex|89/100
|
|t:|1661612367
|switch|p1a: Slowking|Slowking, M|100/100|[from]move: U-turn
|move|p2a: Toxapex|Knock Off|p1a: Slowking
|-supereffective|p1a: Slowking
|-damage|p1a: Slowking|70/100
|-enditem|p1a: Slowking|Heavy-Duty Boots|[from] move: Knock Off|[of] p2a: Toxapex
|
|upkeep
|turn|3
|
|t:|1661612370
|switch|p2a: Tyranitar|Tyranitar, M|100/100
|-weather|Sandstorm|[from] ability: Sand Stream|[of] p2a: Tyranitar
|move|p1a: Slowking|Future Sight|p2a: Tyranitar
|-start|p1a: Slowking|move: Future Sight
|
|-weather|Sandstorm|[upkeep]
|-damage|p1a: Slowking|63/100|[from] Sandstorm
|upkeep
|turn|4
|
|t:|1661612378
|switch|p1a: Buzzwole|Buzzwole|100/100
|move|p2a: Tyranitar|Fire Punch|p1a: Buzzwole
|-supereffective|p1a: Buzzwole
|-damage|p1a: Buzzwole|41/100
|
|-weather|Sandstorm|[upkeep]
|-damage|p1a: Buzzwole|35/100|[from] Sandstorm
|upkeep
|turn|5
|
|t:|1661612385
|switch|p2a: Corviknight|Corviknight, M|100/100
|-ability|p2a: Corviknight|Pressure
|move|p1a: Buzzwole|Close Combat|p2a: Corviknight
|-damage|p2a: Corviknight|36/100
|-unboost|p1a: Buzzwole|def|1
|-unboost|p1a: Buzzwole|spd|1
|-damage|p1a: Buzzwole|18/100|[from] item: Rocky Helmet|[of] p2a: Corviknight
|
|-weather|Sandstorm|[upkeep]
|-damage|p1a: Buzzwole|12/100|[from] Sandstorm
|-end|p2a: Corviknight|move: Future Sight
|-resisted|p2a: Corviknight
|-damage|p2a: Corviknight|18/100
|upkeep
|turn|6
|
|t:|1661612394
|move|p1a: Buzzwole|Close Combat|p2a: Corviknight
|-damage|p2a: Corviknight|0 fnt
|-unboost|p1a: Buzzwole|def|1
|-unboost|p1a: Buzzwole|spd|1
|-damage|p1a: Buzzwole|0 fnt|[from] item: Rocky Helmet|[of] p2a: Corviknight
|faint|p2a: Corviknight
|faint|p1a: Buzzwole
|
|-weather|Sandstorm|[upkeep]
|upkeep
|
|t:|1661612405
|switch|p1a: Garchomp|Garchomp, F|100/100
|switch|p2a: Landorus|Landorus-Therian, M|100/100
|-ability|p2a: Landorus|Intimidate|boost
|-unboost|p1a: Garchomp|atk|1
|turn|7
|
|t:|1661612412
|move|p1a: Garchomp|Toxic|p2a: Landorus
|-status|p2a: Landorus|tox
|move|p2a: Landorus|Stealth Rock|p1a: Garchomp
|-sidestart|p1: Buhrito|move: Stealth Rock
|
|-weather|none
|-damage|p2a: Landorus|94/100 tox|[from] psn
|upkeep
|turn|8
|
|t:|1661612416
|move|p1a: Garchomp|Protect|p1a: Garchomp
|-singleturn|p1a: Garchomp|Protect
|move|p2a: Landorus|Earthquake|p1a: Garchomp
|-activate|p1a: Garchomp|move: Protect
|
|-heal|p2a: Landorus|100/100 tox|[from] item: Leftovers
|-damage|p2a: Landorus|88/100 tox|[from] psn
|upkeep
|turn|9
|
|t:|1661612421
|switch|p2a: Tapu Lele|Tapu Lele|100/100
|-fieldstart|move: Psychic Terrain|[from] ability: Psychic Surge|[of] p2a: Tapu Lele
|move|p1a: Garchomp|Stealth Rock|p2a: Tapu Lele
|-sidestart|p2: LT94JE Starmind|move: Stealth Rock
|
|upkeep
|turn|10
|
|t:|1661612424
|move|p1a: Garchomp|Protect|p1a: Garchomp
|-singleturn|p1a: Garchomp|Protect
|move|p2a: Tapu Lele|Moonblast|p1a: Garchomp
|-activate|p1a: Garchomp|move: Protect
|
|upkeep
|turn|11
|
|t:|1661612428
|switch|p2a: Blacephalon|Blacephalon|100/100
|-damage|p2a: Blacephalon|76/100|[from] Stealth Rock
|switch|p1a: Slowking|Slowking, M|97/100
|-damage|p1a: Slowking|84/100|[from] Stealth Rock
|
|upkeep
|turn|12
|
|t:|1661612455
|switch|p1a: Tornadus|Tornadus-Therian, M|100/100
|move|p2a: Blacephalon|Shadow Ball|p1a: Tornadus
|-damage|p1a: Tornadus|35/100
|
|upkeep
|turn|13
|
|t:|1661612467
|switch|p2a: Toxapex|Toxapex, F|100/100
|-damage|p2a: Toxapex|88/100|[from] Stealth Rock
|move|p1a: Tornadus|U-turn|p2a: Toxapex
|-resisted|p2a: Toxapex
|-damage|p2a: Toxapex|83/100
|
|t:|1661612474
|switch|p1a: Garchomp|Garchomp, F|100/100|[from]move: U-turn
|-damage|p1a: Garchomp|94/100|[from] Stealth Rock
|
|-heal|p1a: Garchomp|100/100|[from] item: Leftovers
|-fieldend|move: Psychic Terrain
|upkeep
|turn|14
|
|t:|1661612484
|move|p1a: Garchomp|Earthquake|p2a: Toxapex
|-supereffective|p2a: Toxapex
|-damage|p2a: Toxapex|27/100
|move|p2a: Toxapex|Recover|p2a: Toxapex
|-heal|p2a: Toxapex|77/100
|
|upkeep
|turn|15
|
|t:|1661612492
|switch|p2a: Landorus|Landorus-Therian, M|88/100 tox
|-damage|p2a: Landorus|76/100 tox|[from] Stealth Rock
|-ability|p2a: Landorus|Intimidate|boost
|-unboost|p1a: Garchomp|atk|1
|move|p1a: Garchomp|Earthquake|p2a: Landorus
|-immune|p2a: Landorus
|
|-heal|p2a: Landorus|82/100 tox|[from] item: Leftovers
|-damage|p2a: Landorus|76/100 tox|[from] psn
|upkeep
|turn|16
|
|t:|1661612496
|switch|p2a: Tapu Lele|Tapu Lele|100/100
|-damage|p2a: Tapu Lele|88/100|[from] Stealth Rock
|-fieldstart|move: Psychic Terrain|[from] ability: Psychic Surge|[of] p2a: Tapu Lele
|move|p1a: Garchomp|Protect||[still]
|-fail|p1a: Garchomp
|
|upkeep
|turn|17
|
|t:|1661612500
|move|p1a: Garchomp|Protect|p1a: Garchomp
|-singleturn|p1a: Garchomp|Protect
|move|p2a: Tapu Lele|Moonblast|p1a: Garchomp
|-activate|p1a: Garchomp|move: Protect
|
|upkeep
|turn|18
|
|t:|1661612509
|switch|p2a: Blacephalon|Blacephalon|76/100
|-damage|p2a: Blacephalon|51/100|[from] Stealth Rock
|switch|p1a: Tornadus|Tornadus-Therian, M|68/100
|
|upkeep
|turn|19
|
|t:|1661612518
|switch|p2a: Toxapex|Toxapex, F|100/100
|-damage|p2a: Toxapex|88/100|[from] Stealth Rock
|move|p1a: Tornadus|Knock Off|p2a: Toxapex
|-damage|p2a: Toxapex|80/100
|
|upkeep
|turn|20
|
|t:|1661612524
|move|p1a: Tornadus|U-turn|p2a: Toxapex
|-resisted|p2a: Toxapex
|-damage|p2a: Toxapex|75/100
|
|t:|1661612526
|switch|p1a: Slowking|Slowking, M|100/100|[from]move: U-turn
|-damage|p1a: Slowking|88/100|[from] Stealth Rock
|move|p2a: Toxapex|Knock Off|p1a: Slowking
|-supereffective|p1a: Slowking
|-damage|p1a: Slowking|68/100
|
|-fieldend|move: Psychic Terrain
|upkeep
|turn|21
|
|t:|1661612533
|switch|p2a: Tyranitar|Tyranitar, M|100/100
|-damage|p2a: Tyranitar|88/100|[from] Stealth Rock
|-weather|Sandstorm|[from] ability: Sand Stream|[of] p2a: Tyranitar
|move|p1a: Slowking|Teleport|p1a: Slowking
|
|t:|1661612535
|switch|p1a: Garchomp|Garchomp, F|100/100|[from]move: Teleport
|-damage|p1a: Garchomp|94/100|[from] Stealth Rock
|
|-weather|Sandstorm|[upkeep]
|-heal|p1a: Garchomp|100/100|[from] item: Leftovers
|upkeep
|turn|22
|
|t:|1661612539
|switch|p2a: Landorus|Landorus-Therian, M|76/100 tox
|-damage|p2a: Landorus|64/100 tox|[from] Stealth Rock
|-ability|p2a: Landorus|Intimidate|boost
|-unboost|p1a: Garchomp|atk|1
|move|p1a: Garchomp|Earthquake|p2a: Landorus
|-immune|p2a: Landorus
|
|-weather|Sandstorm|[upkeep]
|-heal|p2a: Landorus|70/100 tox|[from] item: Leftovers
|-damage|p2a: Landorus|64/100 tox|[from] psn
|upkeep
|turn|23
|
|t:|1661612544
|switch|p1a: Tornadus|Tornadus-Therian, M|100/100
|move|p2a: Landorus|Earthquake|p1a: Tornadus
|-immune|p1a: Tornadus
|
|-weather|Sandstorm|[upkeep]
|-damage|p1a: Tornadus|94/100|[from] Sandstorm
|-heal|p2a: Landorus|70/100 tox|[from] item: Leftovers
|-damage|p2a: Landorus|58/100 tox|[from] psn
|upkeep
|turn|24
|
|t:|1661612549
|move|p1a: Tornadus|Knock Off|p2a: Landorus
|-damage|p2a: Landorus|39/100 tox
|-enditem|p2a: Landorus|Leftovers|[from] move: Knock Off|[of] p1a: Tornadus
|move|p2a: Landorus|U-turn|p1a: Tornadus
|-resisted|p1a: Tornadus
|-crit|p1a: Tornadus
|-damage|p1a: Tornadus|76/100
|
|t:|1661612553
|switch|p2a: Tyranitar|Tyranitar, M|88/100|[from]move: U-turn
|-damage|p2a: Tyranitar|76/100|[from] Stealth Rock
|
|-weather|Sandstorm|[upkeep]
|-damage|p1a: Tornadus|70/100|[from] Sandstorm
|upkeep
|turn|25
|
|t:|1661612558
|move|p1a: Tornadus|U-turn|p2a: Tyranitar
|-supereffective|p2a: Tyranitar
|-damage|p2a: Tyranitar|48/100
|
|t:|1661612580
|switch|p1a: Melmetal|Melmetal|100/100|[from]move: U-turn
|-damage|p1a: Melmetal|94/100|[from] Stealth Rock
|move|p2a: Tyranitar|Crunch|p1a: Melmetal
|-damage|p1a: Melmetal|59/100
|
|-weather|none
|-heal|p1a: Melmetal|65/100|[from] item: Leftovers
|upkeep
|turn|26
|
|t:|1661612589
|switch|p2a: Toxapex|Toxapex, F|100/100
|-damage|p2a: Toxapex|88/100|[from] Stealth Rock
|move|p1a: Melmetal|Thunder Wave|p2a: Toxapex
|-status|p2a: Toxapex|par
|
|-heal|p1a: Melmetal|71/100|[from] item: Leftovers
|upkeep
|turn|27
|
|t:|1661612598
|move|p1a: Melmetal|Protect|p1a: Melmetal
|-singleturn|p1a: Melmetal|Protect
|move|p2a: Toxapex|Knock Off|p1a: Melmetal
|-activate|p1a: Melmetal|move: Protect
|
|-heal|p1a: Melmetal|77/100|[from] item: Leftovers
|upkeep
|turn|28
|
|t:|1661612602
|switch|p1a: Slowking|Slowking, M|100/100
|-damage|p1a: Slowking|88/100|[from] Stealth Rock
|move|p2a: Toxapex|Knock Off|p1a: Slowking
|-supereffective|p1a: Slowking
|-damage|p1a: Slowking|66/100
|
|upkeep
|turn|29
|
|t:|1661612606
|move|p2a: Toxapex|Poison Jab|p1a: Slowking
|-damage|p1a: Slowking|46/100
|-status|p1a: Slowking|psn
|move|p1a: Slowking|Teleport|p1a: Slowking
|
|t:|1661612611
|switch|p1a: Garchomp|Garchomp, F|100/100|[from]move: Teleport
|-damage|p1a: Garchomp|94/100|[from] Stealth Rock
|
|-heal|p1a: Garchomp|100/100|[from] item: Leftovers
|upkeep
|turn|30
|
|t:|1661612614
|move|p1a: Garchomp|Earthquake|p2a: Toxapex
|-supereffective|p2a: Toxapex
|-damage|p2a: Toxapex|36/100 par
|cant|p2a: Toxapex|par
|
|upkeep
|turn|31
|
|t:|1661612620
|switch|p1a: Slowking|Slowking, M|79/100 psn
|-damage|p1a: Slowking|66/100 psn|[from] Stealth Rock
|switch|p2a: Landorus|Landorus-Therian, M|39/100 tox
|-damage|p2a: Landorus|26/100 tox|[from] Stealth Rock
|-ability|p2a: Landorus|Intimidate|boost
|-unboost|p1a: Slowking|atk|1
|
|-damage|p2a: Landorus|20/100 tox|[from] psn
|-damage|p1a: Slowking|54/100 psn|[from] psn
|upkeep
|turn|32
|
|t:|1661612624
|switch|p1a: Tornadus|Tornadus-Therian, M|100/100
|move|p2a: Landorus|U-turn|p1a: Tornadus
|-resisted|p1a: Tornadus
|-damage|p1a: Tornadus|88/100
|
|t:|1661612628
|switch|p2a: Tapu Lele|Tapu Lele|88/100|[from]move: U-turn
|-damage|p2a: Tapu Lele|76/100|[from] Stealth Rock
|-fieldstart|move: Psychic Terrain|[from] ability: Psychic Surge|[of] p2a: Tapu Lele
|
|upkeep
|turn|33
|
|t:|1661612635
|move|p2a: Tapu Lele|Future Sight|p1a: Tornadus
|-start|p2a: Tapu Lele|move: Future Sight
|move|p1a: Tornadus|Knock Off|p2a: Tapu Lele
|-crit|p2a: Tapu Lele
|-damage|p2a: Tapu Lele|32/100
|-enditem|p2a: Tapu Lele|Choice Scarf|[from] move: Knock Off|[of] p1a: Tornadus
|
|upkeep
|turn|34
|
|t:|1661612644
|move|p1a: Tornadus|Knock Off|p2a: Tapu Lele
|-damage|p2a: Tapu Lele|12/100
|move|p2a: Tapu Lele|Moonblast|p1a: Tornadus
|-damage|p1a: Tornadus|36/100
|
|upkeep
|turn|35
|-message|LT94JE Starmind forfeited.
|
|win|Buhrito
|raw|Buhrito's rating: 1674 &rarr; <strong>1699</strong><br />(+25 for winning)
|raw|LT94JE Starmind's rating: 1764 &rarr; <strong>1739</strong><br />(-25 for losing)
|l|☆LT94JE Starmind
||Ladder isn't responding, score probably updated but might not have (Request timeout).
