|j|☆Mansonabuluting
|j|☆Wheezer
|t:|1637531272
|gametype|singles
|player|p1|Mansonabuluting|bellelba|1712
|player|p2|Wheezer|petrel|1718
|teamsize|p1|6
|teamsize|p2|6
|gen|8
|tier|[Gen 8] OU
|rated|
|rule|Sleep Clause Mod: Limit one foe put to sleep
|rule|Species Clause: Limit one of each Pokémon
|rule|OHKO Clause: OHKO moves are banned
|rule|Evasion Moves Clause: Evasion moves are banned
|rule|Endless Battle Clause: Forcing endless battles is banned
|rule|HP Percentage Mod: HP is shown in percentages
|rule|Dynamax Clause: You cannot dynamax
|clearpoke
|poke|p1|Hawlucha, F|
|poke|p1|Rillaboom, M|
|poke|p1|Landorus-Therian, M|
|poke|p1|Heatran, M|
|poke|p1|Regieleki|
|poke|p1|Tapu Fini|
|poke|p2|Toxapex, M|
|poke|p2|Suicune|
|poke|p2|Celesteela|
|poke|p2|Ferrothorn, F|
|poke|p2|Hatterene, F|
|poke|p2|Grimmsnarl, M|
|teampreview
|inactive|Battle timer is ON: inactive players will automatically lose when time's up. (requested by Mansonabuluting)
|
|t:|1637531325
|start
|switch|p1a: Tapu Fini|Tapu Fini|100/100
|switch|p2a: Grimmsnarl|Grimmsnarl, M|100/100
|-fieldstart|move: Misty Terrain|[from] ability: Misty Surge|[of] p1a: Tapu Fini
|turn|1
|
|t:|1637531337
|move|p2a: Grimmsnarl|Trick|p1a: Tapu Fini
|-activate|p2a: Grimmsnarl|move: Trick|[of] p1a: Tapu Fini
|-item|p1a: Tapu Fini|Choice Scarf|[from] move: Trick
|-item|p2a: Grimmsnarl|Choice Scarf|[from] move: Trick
|move|p1a: Tapu Fini|Moonblast|p2a: Grimmsnarl
|-supereffective|p2a: Grimmsnarl
|-damage|p2a: Grimmsnarl|0 fnt
|faint|p2a: Grimmsnarl
|
|upkeep
|
|t:|1637531343
|switch|p2a: Hatterene|Hatterene, F|100/100
|turn|2
|
|t:|1637531356
|move|p1a: Tapu Fini|Moonblast|p2a: Hatterene
|-damage|p2a: Hatterene|53/100
|-unboost|p2a: Hatterene|spa|1
|move|p2a: Hatterene|Calm Mind|p2a: Hatterene
|-boost|p2a: Hatterene|spa|1
|-boost|p2a: Hatterene|spd|1
|
|-heal|p2a: Hatterene|59/100|[from] item: Leftovers
|upkeep
|turn|3
|inactive|Wheezer has 120 seconds left.
|
|t:|1637531387
|move|p2a: Hatterene|Protect|p2a: Hatterene
|-singleturn|p2a: Hatterene|Protect
|move|p1a: Tapu Fini|Moonblast|p2a: Hatterene
|-activate|p2a: Hatterene|move: Protect
|
|-heal|p2a: Hatterene|65/100|[from] item: Leftovers
|upkeep
|turn|4
|
|t:|1637531392
|move|p1a: Tapu Fini|Moonblast|p2a: Hatterene
|-damage|p2a: Hatterene|34/100
|-unboost|p2a: Hatterene|spa|1
|move|p2a: Hatterene|Calm Mind|p2a: Hatterene
|-boost|p2a: Hatterene|spa|1
|-boost|p2a: Hatterene|spd|1
|
|-heal|p2a: Hatterene|40/100|[from] item: Leftovers
|upkeep
|turn|5
|
|t:|1637531397
|move|p2a: Hatterene|Protect|p2a: Hatterene
|-singleturn|p2a: Hatterene|Protect
|move|p1a: Tapu Fini|Moonblast|p2a: Hatterene
|-activate|p2a: Hatterene|move: Protect
|
|-heal|p2a: Hatterene|46/100|[from] item: Leftovers
|-fieldend|Misty Terrain
|upkeep
|turn|6
|
|t:|1637531402
|move|p1a: Tapu Fini|Moonblast|p2a: Hatterene
|-damage|p2a: Hatterene|23/100
|-unboost|p2a: Hatterene|spa|1
|move|p2a: Hatterene|Calm Mind|p2a: Hatterene
|-boost|p2a: Hatterene|spa|1
|-boost|p2a: Hatterene|spd|1
|
|-heal|p2a: Hatterene|29/100|[from] item: Leftovers
|upkeep
|turn|7
|j| peetyeety
|c|☆Wheezer|bruh
|
|t:|1637531410
|move|p1a: Tapu Fini|Moonblast|p2a: Hatterene
|-damage|p2a: Hatterene|9/100
|move|p2a: Hatterene|Draining Kiss|p1a: Tapu Fini
|-damage|p1a: Tapu Fini|79/100
|-heal|p2a: Hatterene|24/100|[from] drain|[of] p1a: Tapu Fini
|
|-heal|p2a: Hatterene|30/100|[from] item: Leftovers
|upkeep
|turn|8
|
|t:|1637531414
|switch|p1a: Heatran|Heatran, M|100/100
|move|p2a: Hatterene|Draining Kiss|p1a: Heatran
|-resisted|p1a: Heatran
|-damage|p1a: Heatran|97/100
|-heal|p2a: Hatterene|32/100|[from] drain|[of] p1a: Heatran
|
|-heal|p1a: Heatran|100/100|[from] item: Leftovers
|-heal|p2a: Hatterene|38/100|[from] item: Leftovers
|upkeep
|turn|9
|
|t:|1637531417
|move|p1a: Heatran|Flash Cannon|p2a: Hatterene
|-supereffective|p2a: Hatterene
|-damage|p2a: Hatterene|7/100
|move|p2a: Hatterene|Nuzzle|p1a: Heatran
|-damage|p1a: Heatran|97/100
|-status|p1a: Heatran|par
|
|-heal|p1a: Heatran|100/100 par|[from] item: Leftovers
|-heal|p2a: Hatterene|13/100|[from] item: Leftovers
|upkeep
|turn|10
|
|t:|1637531419
|move|p2a: Hatterene|Protect|p2a: Hatterene
|-singleturn|p2a: Hatterene|Protect
|cant|p1a: Heatran|par
|
|-heal|p2a: Hatterene|19/100|[from] item: Leftovers
|upkeep
|turn|11
|
|t:|1637531425
|switch|p2a: Suicune|Suicune|100/100
|-ability|p2a: Suicune|Pressure
|move|p1a: Heatran|Flash Cannon|p2a: Suicune
|-resisted|p2a: Suicune
|-damage|p2a: Suicune|87/100
|
|-heal|p2a: Suicune|93/100|[from] item: Leftovers
|upkeep
|turn|12
|
|t:|1637531428
|switch|p1a: Rillaboom|Rillaboom, M|100/100
|-fieldstart|move: Grassy Terrain|[from] ability: Grassy Surge|[of] p1a: Rillaboom
|move|p2a: Suicune|Substitute|p2a: Suicune
|-start|p2a: Suicune|Substitute
|-damage|p2a: Suicune|68/100
|
|-heal|p2a: Suicune|75/100|[from] Grassy Terrain
|-heal|p2a: Suicune|81/100|[from] item: Leftovers
|upkeep
|turn|13
|j| y0Asenz
|l| y0Asenz
|
|t:|1637531450
|move|p2a: Suicune|Protect|p2a: Suicune
|-singleturn|p2a: Suicune|Protect
|move|p1a: Rillaboom|Grassy Glide|p2a: Suicune
|-activate|p2a: Suicune|move: Protect
|
|-heal|p2a: Suicune|87/100|[from] Grassy Terrain
|-heal|p2a: Suicune|93/100|[from] item: Leftovers
|upkeep
|turn|14
|j| Bigbootyjudy456
|
|t:|1637531461
|move|p1a: Rillaboom|Grassy Glide|p2a: Suicune
|-supereffective|p2a: Suicune
|-end|p2a: Suicune|Substitute
|move|p2a: Suicune|Scald|p1a: Rillaboom
|-resisted|p1a: Rillaboom
|-damage|p1a: Rillaboom|86/100
|
|-heal|p2a: Suicune|99/100|[from] Grassy Terrain
|-heal|p2a: Suicune|100/100|[from] item: Leftovers
|-heal|p1a: Rillaboom|92/100|[from] Grassy Terrain
|upkeep
|turn|15
|
|t:|1637531472
|switch|p2a: Ferrothorn|Ferrothorn, F|100/100
|move|p1a: Rillaboom|Grassy Glide|p2a: Ferrothorn
|-resisted|p2a: Ferrothorn
|-damage|p2a: Ferrothorn|90/100
|-damage|p1a: Rillaboom|80/100|[from] ability: Iron Barbs|[of] p2a: Ferrothorn
|
|-heal|p1a: Rillaboom|86/100|[from] Grassy Terrain
|-heal|p2a: Ferrothorn|96/100|[from] Grassy Terrain
|-heal|p2a: Ferrothorn|100/100|[from] item: Leftovers
|upkeep
|turn|16
|j| dzekone
|
|t:|1637531480
|switch|p1a: Heatran|Heatran, M|100/100 par
|move|p2a: Ferrothorn|Stealth Rock|p1a: Heatran
|-sidestart|p1: Mansonabuluting|move: Stealth Rock
|
|-fieldend|move: Grassy Terrain
|upkeep
|turn|17
|
|t:|1637531502
|switch|p2a: Suicune|Suicune|100/100
|-ability|p2a: Suicune|Pressure
|move|p1a: Heatran|Lava Plume|p2a: Suicune
|-resisted|p2a: Suicune
|-damage|p2a: Suicune|88/100
|-status|p2a: Suicune|brn
|
|-heal|p2a: Suicune|94/100 brn|[from] item: Leftovers
|-damage|p2a: Suicune|88/100 brn|[from] brn
|upkeep
|turn|18
|c|☆Wheezer|k im tilted
|
|t:|1637531513
|move|p2a: Suicune|Scald|p1a: Heatran
|-supereffective|p1a: Heatran
|-damage|p1a: Heatran|69/100 par
|move|p1a: Heatran|Stealth Rock|p2a: Suicune
|-sidestart|p2: Wheezer|move: Stealth Rock
|
|-heal|p2a: Suicune|94/100 brn|[from] item: Leftovers
|-heal|p1a: Heatran|76/100 par|[from] item: Leftovers
|-damage|p2a: Suicune|88/100 brn|[from] brn
|upkeep
|turn|19
|
|t:|1637531517
|switch|p1a: Rillaboom|Rillaboom, M|86/100
|-damage|p1a: Rillaboom|74/100|[from] Stealth Rock
|-fieldstart|move: Grassy Terrain|[from] ability: Grassy Surge|[of] p1a: Rillaboom
|move|p2a: Suicune|Scald|p1a: Rillaboom
|-resisted|p1a: Rillaboom
|-damage|p1a: Rillaboom|60/100
|
|-heal|p2a: Suicune|94/100 brn|[from] Grassy Terrain
|-heal|p2a: Suicune|99/100 brn|[from] item: Leftovers
|-heal|p1a: Rillaboom|67/100|[from] Grassy Terrain
|-damage|p2a: Suicune|94/100 brn|[from] brn
|upkeep
|turn|20
|
|t:|1637531522
|switch|p2a: Ferrothorn|Ferrothorn, F|100/100
|-damage|p2a: Ferrothorn|94/100|[from] Stealth Rock
|move|p1a: Rillaboom|Wood Hammer|p2a: Ferrothorn
|-resisted|p2a: Ferrothorn
|-damage|p2a: Ferrothorn|76/100
|-damage|p1a: Rillaboom|54/100|[from] ability: Iron Barbs|[of] p2a: Ferrothorn
|-damage|p1a: Rillaboom|49/100|[from] Recoil
|
|-heal|p1a: Rillaboom|55/100|[from] Grassy Terrain
|-heal|p2a: Ferrothorn|83/100|[from] Grassy Terrain
|-heal|p2a: Ferrothorn|89/100|[from] item: Leftovers
|upkeep
|turn|21
|c|☆Mansonabuluting|sorry about the luck man we are both playing well though im enjoying this game
|
|t:|1637531535
|switch|p1a: Heatran|Heatran, M|76/100 par
|-damage|p1a: Heatran|63/100 par|[from] Stealth Rock
|move|p2a: Ferrothorn|Spikes|p1a: Heatran
|-sidestart|p1: Mansonabuluting|Spikes
|
|-heal|p1a: Heatran|69/100 par|[from] Grassy Terrain
|-heal|p1a: Heatran|76/100 par|[from] item: Leftovers
|-heal|p2a: Ferrothorn|95/100|[from] Grassy Terrain
|-heal|p2a: Ferrothorn|100/100|[from] item: Leftovers
|upkeep
|turn|22
|
|t:|1637531562
|switch|p2a: Suicune|Suicune|94/100 brn
|-damage|p2a: Suicune|82/100 brn|[from] Stealth Rock
|-ability|p2a: Suicune|Pressure
|move|p1a: Heatran|Lava Plume|p2a: Suicune
|-resisted|p2a: Suicune
|-damage|p2a: Suicune|69/100 brn
|
|-heal|p2a: Suicune|75/100 brn|[from] Grassy Terrain
|-heal|p2a: Suicune|81/100 brn|[from] item: Leftovers
|-heal|p1a: Heatran|82/100 par|[from] Grassy Terrain
|-heal|p1a: Heatran|88/100 par|[from] item: Leftovers
|-damage|p2a: Suicune|75/100 brn|[from] brn
|upkeep
|turn|23
|
|t:|1637531570
|switch|p1a: Tapu Fini|Tapu Fini|79/100
|-damage|p1a: Tapu Fini|66/100|[from] Spikes
|-damage|p1a: Tapu Fini|54/100|[from] Stealth Rock
|-fieldstart|move: Misty Terrain|[from] ability: Misty Surge|[of] p1a: Tapu Fini
|move|p2a: Suicune|Scald|p1a: Tapu Fini
|-resisted|p1a: Tapu Fini
|-damage|p1a: Tapu Fini|41/100
|
|-heal|p2a: Suicune|81/100 brn|[from] item: Leftovers
|-damage|p2a: Suicune|75/100 brn|[from] brn
|upkeep
|turn|24
|
|t:|1637531582
|move|p2a: Suicune|Protect|p2a: Suicune
|-singleturn|p2a: Suicune|Protect
|move|p1a: Tapu Fini|Moonblast|p2a: Suicune
|-activate|p2a: Suicune|move: Protect
|
|-heal|p2a: Suicune|81/100 brn|[from] item: Leftovers
|-damage|p2a: Suicune|75/100 brn|[from] brn
|upkeep
|turn|25
|
|t:|1637531601
|switch|p1a: Rillaboom|Rillaboom, M|55/100
|-damage|p1a: Rillaboom|43/100|[from] Stealth Rock
|-damage|p1a: Rillaboom|30/100|[from] Spikes
|-fieldstart|move: Grassy Terrain|[from] ability: Grassy Surge|[of] p1a: Rillaboom
|switch|p2a: Toxapex|Toxapex, M|100/100
|-damage|p2a: Toxapex|88/100|[from] Stealth Rock
|
|-heal|p1a: Rillaboom|36/100|[from] Grassy Terrain
|-heal|p2a: Toxapex|94/100|[from] Grassy Terrain
|-heal|p2a: Toxapex|100/100|[from] item: Black Sludge
|upkeep
|turn|26
|
|t:|1637531605
|move|p1a: Rillaboom|U-turn|p2a: Toxapex
|-resisted|p2a: Toxapex
|-damage|p2a: Toxapex|88/100
|
|t:|1637531619
|switch|p1a: Heatran|Heatran, M|88/100 par|[from]move: U-turn
|-damage|p1a: Heatran|76/100 par|[from] Stealth Rock
|-damage|p1a: Heatran|63/100 par|[from] Spikes
|move|p2a: Toxapex|Toxic Spikes|p1a: Heatran
|-sidestart|p1: Mansonabuluting|move: Toxic Spikes
|
|-heal|p2a: Toxapex|94/100|[from] Grassy Terrain
|-heal|p2a: Toxapex|99/100|[from] item: Black Sludge
|-heal|p1a: Heatran|69/100 par|[from] Grassy Terrain
|-heal|p1a: Heatran|76/100 par|[from] item: Leftovers
|upkeep
|turn|27
|
|t:|1637531629
|move|p2a: Toxapex|Scald|p1a: Heatran
|-supereffective|p1a: Heatran
|-crit|p1a: Heatran
|-damage|p1a: Heatran|44/100 par
|move|p1a: Heatran|Earth Power|p2a: Toxapex
|-supereffective|p2a: Toxapex
|-damage|p2a: Toxapex|58/100
|
|-heal|p2a: Toxapex|64/100|[from] Grassy Terrain
|-heal|p2a: Toxapex|71/100|[from] item: Black Sludge
|-heal|p1a: Heatran|51/100 par|[from] Grassy Terrain
|-heal|p1a: Heatran|57/100 par|[from] item: Leftovers
|upkeep
|turn|28
|j| y0Asenz
|
|t:|1637531637
|switch|p2a: Suicune|Suicune|75/100 brn
|-damage|p2a: Suicune|62/100 brn|[from] Stealth Rock
|-ability|p2a: Suicune|Pressure
|move|p1a: Heatran|Earth Power|p2a: Suicune
|-damage|p2a: Suicune|44/100 brn
|
|-heal|p2a: Suicune|50/100 brn|[from] Grassy Terrain
|-heal|p2a: Suicune|56/100 brn|[from] item: Leftovers
|-heal|p1a: Heatran|63/100 par|[from] Grassy Terrain
|-heal|p1a: Heatran|69/100 par|[from] item: Leftovers
|-damage|p2a: Suicune|50/100 brn|[from] brn
|upkeep
|turn|29
|l| y0Asenz
|j| y0Asenz
|l| y0Asenz
|
|t:|1637531659
|move|p2a: Suicune|Scald|p1a: Heatran
|-supereffective|p1a: Heatran
|-damage|p1a: Heatran|36/100 par
|cant|p1a: Heatran|par
|
|-heal|p2a: Suicune|56/100 brn|[from] Grassy Terrain
|-heal|p2a: Suicune|62/100 brn|[from] item: Leftovers
|-heal|p1a: Heatran|42/100 par|[from] Grassy Terrain
|-heal|p1a: Heatran|49/100 par|[from] item: Leftovers
|-damage|p2a: Suicune|56/100 brn|[from] brn
|-fieldend|move: Grassy Terrain
|upkeep
|turn|30
|
|t:|1637531677
|move|p2a: Suicune|Scald|p1a: Heatran
|-supereffective|p1a: Heatran
|-damage|p1a: Heatran|19/100 par
|cant|p1a: Heatran|par
|
|-heal|p2a: Suicune|62/100 brn|[from] item: Leftovers
|-heal|p1a: Heatran|25/100 par|[from] item: Leftovers
|-damage|p2a: Suicune|56/100 brn|[from] brn
|upkeep
|turn|31
|
|t:|1637531679
|move|p2a: Suicune|Scald|p1a: Heatran
|-supereffective|p1a: Heatran
|-damage|p1a: Heatran|0 fnt
|faint|p1a: Heatran
|
|-heal|p2a: Suicune|62/100 brn|[from] item: Leftovers
|-damage|p2a: Suicune|56/100 brn|[from] brn
|upkeep
|
|t:|1637531683
|switch|p1a: Regieleki|Regieleki|100/100
|-status|p1a: Regieleki|psn
|-damage|p1a: Regieleki|88/100 psn|[from] Spikes
|-damage|p1a: Regieleki|76/100 psn|[from] Stealth Rock
|turn|32
|
|t:|1637531688
|move|p2a: Suicune|Protect|p2a: Suicune
|-singleturn|p2a: Suicune|Protect
|move|p1a: Regieleki|Rapid Spin|p2a: Suicune
|-activate|p2a: Suicune|move: Protect
|
|-heal|p2a: Suicune|62/100 brn|[from] item: Leftovers
|-damage|p1a: Regieleki|64/100 psn|[from] psn
|-damage|p2a: Suicune|56/100 brn|[from] brn
|upkeep
|turn|33
|
|t:|1637531693
|switch|p2a: Ferrothorn|Ferrothorn, F|100/100
|-damage|p2a: Ferrothorn|94/100|[from] Stealth Rock
|move|p1a: Regieleki|Rapid Spin|p2a: Ferrothorn
|-resisted|p2a: Ferrothorn
|-damage|p2a: Ferrothorn|91/100
|-boost|p1a: Regieleki|spe|1
|-damage|p1a: Regieleki|51/100 psn|[from] ability: Iron Barbs|[of] p2a: Ferrothorn
|-sideend|p1: Mansonabuluting|Spikes|[from] move: Rapid Spin|[of] p1a: Regieleki
|-sideend|p1: Mansonabuluting|Toxic Spikes|[from] move: Rapid Spin|[of] p1a: Regieleki
|-sideend|p1: Mansonabuluting|Stealth Rock|[from] move: Rapid Spin|[of] p1a: Regieleki
|
|-heal|p2a: Ferrothorn|98/100|[from] item: Leftovers
|-damage|p1a: Regieleki|39/100 psn|[from] psn
|upkeep
|turn|34
|c| peetyeety|Wheezer this is such an annoying yet funny team
|
|t:|1637531699
|switch|p1a: Landorus|Landorus-Therian, M|100/100
|-ability|p1a: Landorus|Intimidate|boost
|-unboost|p2a: Ferrothorn|atk|1
|move|p2a: Ferrothorn|Stealth Rock|p1a: Landorus
|-sidestart|p1: Mansonabuluting|move: Stealth Rock
|
|-heal|p2a: Ferrothorn|100/100|[from] item: Leftovers
|upkeep
|turn|35
|c| peetyeety|surprised u arent ranked higher
|c| peetyeety|that hat set is nasty
|
|t:|1637531719
|move|p1a: Landorus|Knock Off|p2a: Ferrothorn
|-damage|p2a: Ferrothorn|73/100
|-damage|p1a: Landorus|88/100|[from] ability: Iron Barbs|[of] p2a: Ferrothorn
|-enditem|p2a: Ferrothorn|Leftovers|[from] move: Knock Off|[of] p1a: Landorus
|move|p2a: Ferrothorn|Leech Seed|p1a: Landorus|[miss]
|-miss|p2a: Ferrothorn|p1a: Landorus
|
|upkeep
|turn|36
|j| MiniLarry
|c| peetyeety|well
|c| peetyeety|u arent ranked higher
|
|t:|1637531731
|switch|p1a: Rillaboom|Rillaboom, M|36/100
|-damage|p1a: Rillaboom|24/100|[from] Stealth Rock
|-fieldstart|move: Grassy Terrain|[from] ability: Grassy Surge|[of] p1a: Rillaboom
|move|p2a: Ferrothorn|Spikes|p1a: Rillaboom
|-sidestart|p1: Mansonabuluting|Spikes
|
|-heal|p1a: Rillaboom|30/100|[from] Grassy Terrain
|-heal|p2a: Ferrothorn|79/100|[from] Grassy Terrain
|upkeep
|turn|37
|c| peetyeety|bc u always get haxed
|c| peetyeety|lmfao
|c|☆Wheezer|:(
|
|t:|1637531747
|switch|p2a: Toxapex|Toxapex, M|100/100
|-damage|p2a: Toxapex|88/100|[from] Stealth Rock
|move|p1a: Rillaboom|U-turn|p2a: Toxapex
|-resisted|p2a: Toxapex
|-damage|p2a: Toxapex|76/100
|
|t:|1637531758
|switch|p1a: Hawlucha|Hawlucha, F|100/100|[from]move: U-turn
|-damage|p1a: Hawlucha|88/100|[from] Stealth Rock
|-enditem|p1a: Hawlucha|Grassy Seed
|-boost|p1a: Hawlucha|def|1|[from] item: Grassy Seed
|
|-heal|p2a: Toxapex|83/100|[from] Grassy Terrain
|-heal|p2a: Toxapex|89/100|[from] item: Black Sludge
|upkeep
|turn|38
|c|☆Wheezer|i lose to this i assume
|
|t:|1637531771
|move|p1a: Hawlucha|Substitute|p1a: Hawlucha
|-start|p1a: Hawlucha|Substitute
|-damage|p1a: Hawlucha|63/100
|move|p2a: Toxapex|Scald|p1a: Hawlucha
|-activate|p1a: Hawlucha|move: Substitute|[damage]
|
|-heal|p2a: Toxapex|95/100|[from] Grassy Terrain
|-heal|p2a: Toxapex|100/100|[from] item: Black Sludge
|upkeep
|turn|39
|j| qstat
|c| peetyeety|no haze?
|
|t:|1637531777
|move|p1a: Hawlucha|Swords Dance|p1a: Hawlucha
|-boost|p1a: Hawlucha|atk|2
|move|p2a: Toxapex|Toxic Spikes|p1a: Hawlucha
|-sidestart|p1: Mansonabuluting|move: Toxic Spikes
|
|upkeep
|turn|40
|c| peetyeety|rip
|
|t:|1637531785
|move|p1a: Hawlucha|Swords Dance|p1a: Hawlucha
|-boost|p1a: Hawlucha|atk|2
|move|p2a: Toxapex|Scald|p1a: Hawlucha
|-crit|p1a: Hawlucha
|-end|p1a: Hawlucha|Substitute
|
|-fieldend|move: Grassy Terrain
|upkeep
|turn|41
|
|t:|1637531789
|move|p1a: Hawlucha|Substitute|p1a: Hawlucha
|-start|p1a: Hawlucha|Substitute
|-damage|p1a: Hawlucha|38/100
|move|p2a: Toxapex|Scald|p1a: Hawlucha
|-activate|p1a: Hawlucha|move: Substitute|[damage]
|
|upkeep
|turn|42
|
|t:|1637531793
|move|p1a: Hawlucha|Acrobatics|p2a: Toxapex
|-damage|p2a: Toxapex|15/100
|move|p2a: Toxapex|Scald|p1a: Hawlucha
|-end|p1a: Hawlucha|Substitute
|
|-heal|p2a: Toxapex|21/100|[from] item: Black Sludge
|upkeep
|turn|43
|
|t:|1637531795
|move|p2a: Toxapex|Baneful Bunker|p2a: Toxapex
|-singleturn|p2a: Toxapex|move: Protect
|move|p1a: Hawlucha|Acrobatics|p2a: Toxapex
|-activate|p2a: Toxapex|move: Protect
|-status|p1a: Hawlucha|psn
|
|-heal|p2a: Toxapex|27/100|[from] item: Black Sludge
|-damage|p1a: Hawlucha|26/100 psn|[from] psn
|upkeep
|turn|44
|c| peetyeety|OOP
|c| peetyeety|LETS GO
|
|t:|1637531801
|switch|p2a: Ferrothorn|Ferrothorn, F|79/100
|-damage|p2a: Ferrothorn|73/100|[from] Stealth Rock
|move|p1a: Hawlucha|Acrobatics|p2a: Ferrothorn
|-crit|p2a: Ferrothorn
|-damage|p2a: Ferrothorn|0 fnt
|-damage|p1a: Hawlucha|14/100 psn|[from] ability: Iron Barbs|[of] p2a: Ferrothorn
|faint|p2a: Ferrothorn
|
|-damage|p1a: Hawlucha|1/100 psn|[from] psn
|upkeep
|c|☆Mansonabuluting|hahh nice
|c| peetyeety|gottem good bitch
|c| peetyeety|now u lose to the electric dude
|c| peetyeety|rip
|c|☆Mansonabuluting|still punched quite a whole in the team
|c| peetyeety|hole*
|c|☆Mansonabuluting|thanks
|c| peetyeety|ofc
|inactive|Wheezer has 120 seconds left.
|c| peetyeety|LMAO
|j| oiaobos
|
|t:|1637531842
|switch|p2a: Toxapex|Toxapex, M|60/100
|-damage|p2a: Toxapex|48/100|[from] Stealth Rock
|turn|45
|
|t:|1637531850
|switch|p2a: Hatterene|Hatterene, F|19/100
|-damage|p2a: Hatterene|7/100|[from] Stealth Rock
|move|p1a: Hawlucha|Acrobatics|p2a: Hatterene
|-damage|p2a: Hatterene|0 fnt
|faint|p2a: Hatterene
|
|-damage|p1a: Hawlucha|0 fnt|[from] psn
|faint|p1a: Hawlucha
|upkeep
|
|t:|1637531860
|switch|p1a: Regieleki|Regieleki|39/100 psn
|switch|p2a: Suicune|Suicune|56/100 brn
|-damage|p1a: Regieleki|27/100 psn|[from] Spikes
|-damage|p1a: Regieleki|14/100 psn|[from] Stealth Rock
|-damage|p2a: Suicune|44/100 brn|[from] Stealth Rock
|-ability|p2a: Suicune|Pressure
|turn|46
|c| peetyeety|oh wait
|c| peetyeety|i think u still win
|c| peetyeety|maybs
|c|☆Mansonabuluting|i think so too
|inactive|Wheezer has 120 seconds left.
|c| peetyeety|just get double tect
|
|t:|1637531896
|move|p1a: Regieleki|Thunderbolt|p2a: Suicune
|-supereffective|p2a: Suicune
|-damage|p2a: Suicune|0 fnt
|faint|p2a: Suicune
|
|-damage|p1a: Regieleki|2/100 psn|[from] psn
|upkeep
|
|t:|1637531898
|switch|p2a: Toxapex|Toxapex, M|81/100
|-damage|p2a: Toxapex|69/100|[from] Stealth Rock
|turn|47
|
|t:|1637531901
|move|p2a: Toxapex|Baneful Bunker|p2a: Toxapex
|-singleturn|p2a: Toxapex|move: Protect
|move|p1a: Regieleki|Thunderbolt|p2a: Toxapex
|-activate|p2a: Toxapex|move: Protect
|
|-heal|p2a: Toxapex|75/100|[from] item: Black Sludge
|-damage|p1a: Regieleki|0 fnt|[from] psn
|faint|p1a: Regieleki
|upkeep
|c| peetyeety|oop
|c|☆Mansonabuluting|why didint yyou use eprotect
|
|t:|1637531912
|switch|p1a: Landorus|Landorus-Therian, M|88/100
|-damage|p1a: Landorus|76/100|[from] Stealth Rock
|-ability|p1a: Landorus|Intimidate|boost
|-unboost|p2a: Toxapex|atk|1
|turn|48
|c| peetyeety|he prolly CM on the predicted spin
|c| peetyeety|didnt matter tho cus u have rilla
|j| crowv2
|inactive|Wheezer has 120 seconds left.
|c| crowv2|why u let leki dies?
|c|☆Mansonabuluting|yeah i get that
|c|☆Mansonabuluting|i couldnt switch out it would die on the spikees
|c| peetyeety|btw mason
|
|t:|1637531946
|move|p1a: Landorus|Knock Off|p2a: Toxapex
|-damage|p2a: Toxapex|46/100
|-enditem|p2a: Toxapex|Black Sludge|[from] move: Knock Off|[of] p1a: Landorus
|move|p2a: Toxapex|Scald|p1a: Landorus
|-supereffective|p1a: Landorus
|-damage|p1a: Landorus|39/100
|-status|p1a: Landorus|brn
|
|-damage|p1a: Landorus|33/100 brn|[from] brn
|upkeep
|turn|49
|c| peetyeety|u should run boots on leki
|c| peetyeety|rip
|c| peetyeety|its ova
|c|☆Mansonabuluting|nah it is such a good win con with the specs
|
|t:|1637531959
|move|p1a: Landorus|Knock Off|p2a: Toxapex
|-damage|p2a: Toxapex|36/100
|move|p2a: Toxapex|Scald|p1a: Landorus
|-supereffective|p1a: Landorus
|-damage|p1a: Landorus|0 fnt
|faint|p1a: Landorus
|
|upkeep
|
|t:|1637531963
|switch|p1a: Rillaboom|Rillaboom, M|30/100
|-damage|p1a: Rillaboom|18/100|[from] Spikes
|-damage|p1a: Rillaboom|5/100|[from] Stealth Rock
|-status|p1a: Rillaboom|psn
|-fieldstart|move: Grassy Terrain|[from] ability: Grassy Surge|[of] p1a: Rillaboom
|turn|50
|c| peetyeety|oh spex
|inactive|Wheezer has 120 seconds left.
|
|t:|1637531983
|move|p2a: Toxapex|Baneful Bunker|p2a: Toxapex
|-singleturn|p2a: Toxapex|move: Protect
|move|p1a: Rillaboom|Knock Off|p2a: Toxapex
|-activate|p2a: Toxapex|move: Protect
|
|-heal|p1a: Rillaboom|12/100 psn|[from] Grassy Terrain
|-heal|p2a: Toxapex|42/100|[from] Grassy Terrain
|-damage|p1a: Rillaboom|0 fnt|[from] psn
|faint|p1a: Rillaboom
|upkeep
|
|t:|1637531986
|switch|p1a: Tapu Fini|Tapu Fini|41/100
|-damage|p1a: Tapu Fini|29/100|[from] Stealth Rock
|-status|p1a: Tapu Fini|psn
|-damage|p1a: Tapu Fini|17/100 psn|[from] Spikes
|-fieldstart|move: Misty Terrain|[from] ability: Misty Surge|[of] p1a: Tapu Fini
|turn|51
|c| peetyeety|both pex and cele beats fini rip
|c| peetyeety|GG
|c|☆Mansonabuluting|gg
|c|☆Wheezer|gg
|-message|Mansonabuluting forfeited.
|
|win|Wheezer
|raw|Mansonabuluting's rating: 1712 &rarr; <strong>1692</strong><br />(-20 for losing)
|raw|Wheezer's rating: 1718 &rarr; <strong>1738</strong><br />(+20 for winning)
|l|☆Mansonabuluting
