|j|☆minimax_ai
|j|☆samohi0
|t:|1663140670
|gametype|singles
|player|p1|minimax_ai|lusamine-nihilego|1486
|player|p2|samohi0|1|1613
|teamsize|p1|6
|teamsize|p2|6
|gen|8
|tier|[Gen 8] OU
|rated|
|rule|Sleep Clause Mod: Limit one foe put to sleep
|rule|Species Clause: Limit one of each Pokémon
|rule|OHKO Clause: OHKO moves are banned
|rule|Evasion Items Clause: Evasion items are banned
|rule|Evasion Moves Clause: Evasion moves are banned
|rule|Endless Battle Clause: Forcing endless battles is banned
|rule|HP Percentage Mod: HP is shown in percentages
|rule|Dynamax Clause: You cannot dynamax
|clearpoke
|poke|p1|Rotom-Wash|
|poke|p1|Weavile, F|
|poke|p1|Landorus-Therian, M|
|poke|p1|Heatran, M|
|poke|p1|Tangrowth, F|
|poke|p1|Melmetal|
|poke|p2|Hippowdon, M|
|poke|p2|Tyranitar, M|
|poke|p2|Excadrill, M|
|poke|p2|Dracozolt|
|poke|p2|Buzzwole|
|poke|p2|Zapdos|
|teampreview
|c|☆minimax_ai|hf
|inactive|Battle timer is ON: inactive players will automatically lose when time's up. (requested by minimax_ai)
|
|t:|1663140677
|start
|switch|p1a: Tangrowth|Tangrowth, F|100/100
|switch|p2a: nate dogg|Zapdos|100/100
|turn|1
|
|t:|1663140680
|switch|p1a: landorustherian|Landorus-Therian, M|100/100
|-ability|p1a: landorustherian|Intimidate|boost
|-unboost|p2a: nate dogg|atk|1
|move|p2a: nate dogg|Heat Wave|p1a: landorustherian
|-damage|p1a: landorustherian|73/100
|
|-heal|p1a: landorustherian|79/100|[from] item: Leftovers
|upkeep
|turn|2
|
|t:|1663140682
|move|p2a: nate dogg|Hurricane|p1a: landorustherian|[miss]
|-miss|p2a: nate dogg|p1a: landorustherian
|move|p1a: landorustherian|Toxic|p2a: nate dogg
|-status|p2a: nate dogg|tox
|
|-heal|p1a: landorustherian|85/100|[from] item: Leftovers
|-damage|p2a: nate dogg|94/100 tox|[from] psn
|upkeep
|turn|3
|
|t:|1663140684
|move|p2a: nate dogg|Hurricane|p1a: landorustherian
|-damage|p1a: landorustherian|38/100
|move|p1a: landorustherian|Toxic|p2a: nate dogg|[miss]
|-miss|p1a: landorustherian|p2a: nate dogg
|
|-heal|p1a: landorustherian|44/100|[from] item: Leftovers
|-damage|p2a: nate dogg|82/100 tox|[from] psn
|upkeep
|turn|4
|
|t:|1663140702
|move|p2a: nate dogg|Hurricane|p1a: landorustherian
|-damage|p1a: landorustherian|0 fnt
|faint|p1a: landorustherian
|
|-damage|p2a: nate dogg|64/100 tox|[from] psn
|upkeep
|
|t:|1663140703
|switch|p1a: Weavile|Weavile, F|100/100
|-ability|p1a: Weavile|Pressure
|turn|5
|
|t:|1663140705
|switch|p2a: 50 cent|Buzzwole|100/100
|move|p1a: Weavile|Triple Axel|p2a: 50 cent
|-damage|p2a: 50 cent|92/100
|-damage|p1a: Weavile|84/100|[from] item: Rocky Helmet|[of] p2a: 50 cent
|-damage|p2a: 50 cent|76/100
|-damage|p1a: Weavile|68/100|[from] item: Rocky Helmet|[of] p2a: 50 cent
|-damage|p2a: 50 cent|49/100
|-damage|p1a: Weavile|51/100|[from] item: Rocky Helmet|[of] p2a: 50 cent
|-hitcount|p2a: 50 cent|3
|
|upkeep
|turn|6
|
|t:|1663140719
|move|p1a: Weavile|Triple Axel|p2a: 50 cent|[miss]
|-miss|p1a: Weavile|p2a: 50 cent
|move|p2a: 50 cent|Roost|p2a: 50 cent
|-heal|p2a: 50 cent|99/100
|-singleturn|p2a: 50 cent|move: Roost
|
|upkeep
|turn|7
|
|t:|1663140721
|switch|p1a: rotomwash|Rotom-Wash|100/100
|move|p2a: 50 cent|Drain Punch|p1a: rotomwash
|-damage|p1a: rotomwash|54/100
|-heal|p2a: 50 cent|100/100|[from] drain|[of] p1a: rotomwash
|
|-heal|p1a: rotomwash|60/100|[from] item: Leftovers
|upkeep
|turn|8
|
|t:|1663140723
|switch|p2a: black thought|Tyranitar, M|100/100
|-weather|Sandstorm|[from] ability: Sand Stream|[of] p2a: black thought
|move|p1a: rotomwash|Nasty Plot|p1a: rotomwash
|-boost|p1a: rotomwash|spa|2
|
|-weather|Sandstorm|[upkeep]
|-damage|p1a: rotomwash|54/100|[from] Sandstorm
|-heal|p1a: rotomwash|60/100|[from] item: Leftovers
|upkeep
|turn|9
|
|t:|1663140735
|switch|p1a: Melmetal|Melmetal|100/100
|move|p2a: black thought|Rock Blast|p1a: Melmetal
|-resisted|p1a: Melmetal
|-damage|p1a: Melmetal|97/100
|-resisted|p1a: Melmetal
|-damage|p1a: Melmetal|93/100
|-resisted|p1a: Melmetal
|-damage|p1a: Melmetal|90/100
|-hitcount|p1a: Melmetal|3
|
|-weather|Sandstorm|[upkeep]
|upkeep
|turn|10
|
|t:|1663140737
|switch|p2a: 50 cent|Buzzwole|100/100
|move|p1a: Melmetal|Ice Punch|p2a: 50 cent
|-damage|p2a: 50 cent|80/100
|-damage|p1a: Melmetal|73/100|[from] item: Rocky Helmet|[of] p2a: 50 cent
|
|-weather|Sandstorm|[upkeep]
|-damage|p2a: 50 cent|74/100|[from] Sandstorm
|upkeep
|turn|11
|
|t:|1663140740
|switch|p1a: Tangrowth|Tangrowth, F|100/100
|move|p2a: 50 cent|Drain Punch|p1a: Tangrowth
|-damage|p1a: Tangrowth|76/100
|-heal|p2a: 50 cent|86/100|[from] drain|[of] p1a: Tangrowth
|-damage|p2a: 50 cent|69/100|[from] item: Rocky Helmet|[of] p1a: Tangrowth
|
|-weather|Sandstorm|[upkeep]
|-damage|p2a: 50 cent|63/100|[from] Sandstorm
|-damage|p1a: Tangrowth|70/100|[from] Sandstorm
|upkeep
|turn|12
|
|t:|1663140741
|switch|p1a: rotomwash|Rotom-Wash|60/100
|move|p2a: 50 cent|Leech Life|p1a: rotomwash
|-damage|p1a: rotomwash|9/100
|-heal|p2a: 50 cent|83/100|[from] drain|[of] p1a: rotomwash
|
|-weather|none
|-heal|p1a: rotomwash|15/100|[from] item: Leftovers
|upkeep
|turn|13
|
|t:|1663140744
|switch|p2a: black thought|Tyranitar, M|100/100
|-weather|Sandstorm|[from] ability: Sand Stream|[of] p2a: black thought
|move|p1a: rotomwash|Pain Split|p2a: black thought
|-sethp|p2a: black thought|56/100|[from] move: Pain Split|[silent]
|-sethp|p1a: rotomwash|74/100|[from] move: Pain Split
|
|-weather|Sandstorm|[upkeep]
|-damage|p1a: rotomwash|68/100|[from] Sandstorm
|-heal|p1a: rotomwash|74/100|[from] item: Leftovers
|upkeep
|turn|14
|
|t:|1663140761
|move|p1a: rotomwash|Pain Split|p2a: black thought
|-sethp|p2a: black thought|56/100|[from] move: Pain Split|[silent]
|-sethp|p1a: rotomwash|74/100|[from] move: Pain Split
|move|p2a: black thought|Rock Blast|p1a: rotomwash
|-damage|p1a: rotomwash|62/100
|-crit|p1a: rotomwash
|-damage|p1a: rotomwash|42/100
|-hitcount|p1a: rotomwash|2
|
|-weather|Sandstorm|[upkeep]
|-damage|p1a: rotomwash|36/100|[from] Sandstorm
|-heal|p1a: rotomwash|42/100|[from] item: Leftovers
|upkeep
|turn|15
|
|t:|1663140765
|move|p1a: rotomwash|Pain Split|p2a: black thought
|-sethp|p2a: black thought|44/100|[from] move: Pain Split|[silent]
|-sethp|p1a: rotomwash|58/100|[from] move: Pain Split
|move|p2a: black thought|Rock Blast|p1a: rotomwash
|-damage|p1a: rotomwash|45/100
|-damage|p1a: rotomwash|33/100
|-hitcount|p1a: rotomwash|2
|
|-weather|Sandstorm|[upkeep]
|-damage|p1a: rotomwash|27/100|[from] Sandstorm
|-heal|p1a: rotomwash|33/100|[from] item: Leftovers
|upkeep
|turn|16
|
|t:|1663140769
|move|p1a: rotomwash|Pain Split|p2a: black thought
|-sethp|p2a: black thought|34/100|[from] move: Pain Split|[silent]
|-sethp|p1a: rotomwash|46/100|[from] move: Pain Split
|move|p2a: black thought|Rock Blast|p1a: rotomwash
|-damage|p1a: rotomwash|32/100
|-damage|p1a: rotomwash|20/100
|-hitcount|p1a: rotomwash|2
|
|-weather|Sandstorm|[upkeep]
|-damage|p1a: rotomwash|14/100|[from] Sandstorm
|-heal|p1a: rotomwash|20/100|[from] item: Leftovers
|upkeep
|turn|17
|
|t:|1663140771
|move|p1a: rotomwash|Pain Split|p2a: black thought
|-sethp|p2a: black thought|25/100|[from] move: Pain Split|[silent]
|-sethp|p1a: rotomwash|33/100|[from] move: Pain Split
|move|p2a: black thought|Rock Blast|p1a: rotomwash
|-damage|p1a: rotomwash|21/100
|-damage|p1a: rotomwash|9/100
|-damage|p1a: rotomwash|0 fnt
|faint|p1a: rotomwash
|-hitcount|p1: rotomwash|3
|
|-weather|none
|upkeep
|
|t:|1663140771
|switch|p1a: Melmetal|Melmetal|73/100
|turn|18
|
|t:|1663140774
|switch|p2a: 50 cent|Buzzwole|83/100
|switch|p1a: Heatran|Heatran, M|100/100
|-item|p1a: Heatran|Air Balloon
|
|upkeep
|turn|19
|
|t:|1663140776
|switch|p2a: black thought|Tyranitar, M|25/100
|-weather|Sandstorm|[from] ability: Sand Stream|[of] p2a: black thought
|move|p1a: Heatran|Magma Storm|p2a: black thought
|-resisted|p2a: black thought
|-damage|p2a: black thought|15/100
|-activate|p2a: black thought|move: Magma Storm|[of] p1a: Heatran
|
|-weather|Sandstorm|[upkeep]
|-damage|p2a: black thought|3/100|[from] move: Magma Storm|[partiallytrapped]
|upkeep
|turn|20
|
|t:|1663140778
|move|p1a: Heatran|Eruption|p2a: black thought
|-resisted|p2a: black thought
|-damage|p2a: black thought|0 fnt
|faint|p2a: black thought
|
|-weather|Sandstorm|[upkeep]
|upkeep
|
|t:|1663140779
|switch|p2a: 50 cent|Buzzwole|83/100
|turn|21
|
|t:|1663140781
|move|p1a: Heatran|Eruption|p2a: 50 cent
|-supereffective|p2a: 50 cent
|-damage|p2a: 50 cent|0 fnt
|faint|p2a: 50 cent
|
|-weather|Sandstorm|[upkeep]
|upkeep
|
|t:|1663140782
|switch|p2a: po and dangerous|Dracozolt|100/100
|turn|22
|
|t:|1663140784
|switch|p1a: Tangrowth|Tangrowth, F|100/100
|move|p2a: po and dangerous|Bolt Beak|p1a: Tangrowth
|-resisted|p1a: Tangrowth
|-damage|p1a: Tangrowth|78/100
|-damage|p2a: po and dangerous|84/100|[from] item: Rocky Helmet|[of] p1a: Tangrowth
|-damage|p2a: po and dangerous|74/100|[from] item: Life Orb
|
|-weather|Sandstorm|[upkeep]
|-damage|p1a: Tangrowth|72/100|[from] Sandstorm
|upkeep
|turn|23
|
|t:|1663140800
|switch|p1a: Weavile|Weavile, F|51/100
|-ability|p1a: Weavile|Pressure
|move|p2a: po and dangerous|Fire Blast|p1a: Weavile
|-supereffective|p1a: Weavile
|-damage|p1a: Weavile|0 fnt
|faint|p1a: Weavile
|-damage|p2a: po and dangerous|64/100|[from] item: Life Orb
|
|-weather|none
|upkeep
|
|t:|1663140800
|switch|p1a: Heatran|Heatran, M|100/100
|-item|p1a: Heatran|Air Balloon
|turn|24
|
|t:|1663140803
|switch|p2a: big pun|Hippowdon, M|100/100
|-weather|Sandstorm|[from] ability: Sand Stream|[of] p2a: big pun
|move|p1a: Heatran|Eruption|p2a: big pun
|-damage|p2a: big pun|22/100
|
|-weather|Sandstorm|[upkeep]
|upkeep
|turn|25
|
|t:|1663140805
|switch|p2a: nate dogg|Zapdos|64/100 tox
|move|p1a: Heatran|Eruption|p2a: nate dogg
|-damage|p2a: nate dogg|0 fnt
|faint|p2a: nate dogg
|
|-weather|Sandstorm|[upkeep]
|upkeep
|
|t:|1663140806
|switch|p2a: po and dangerous|Dracozolt|64/100
|turn|26
|
|t:|1663140807
|move|p2a: po and dangerous|Bolt Beak|p1a: Heatran
|-crit|p1a: Heatran
|-damage|p1a: Heatran|0 fnt
|-enditem|p1a: Heatran|Air Balloon
|faint|p1a: Heatran
|-damage|p2a: po and dangerous|54/100|[from] item: Life Orb
|
|-weather|Sandstorm|[upkeep]
|upkeep
|
|t:|1663140807
|switch|p1a: Melmetal|Melmetal|73/100
|turn|27
|
|t:|1663140810
|move|p2a: po and dangerous|Bolt Beak|p1a: Melmetal
|-damage|p1a: Melmetal|27/100
|-damage|p2a: po and dangerous|44/100|[from] item: Life Orb
|move|p1a: Melmetal|Earthquake|p2a: po and dangerous
|-supereffective|p2a: po and dangerous
|-damage|p2a: po and dangerous|0 fnt
|faint|p2a: po and dangerous
|
|-weather|Sandstorm|[upkeep]
|upkeep
|
|t:|1663140814
|switch|p2a: big pun|Hippowdon, M|22/100
|turn|28
|
|t:|1663140815
|switch|p1a: Tangrowth|Tangrowth, F|100/100
|move|p2a: big pun|Slack Off|p2a: big pun
|-heal|p2a: big pun|72/100
|
|-weather|Sandstorm|[upkeep]
|-damage|p1a: Tangrowth|94/100|[from] Sandstorm
|upkeep
|turn|29
|
|t:|1663140817
|move|p1a: Tangrowth|Sleep Powder|p2a: big pun
|-status|p2a: big pun|slp|[from] move: Sleep Powder
|cant|p2a: big pun|slp
|
|-weather|Sandstorm|[upkeep]
|-damage|p1a: Tangrowth|88/100|[from] Sandstorm
|upkeep
|turn|30
|
|t:|1663140818
|move|p1a: Tangrowth|Giga Drain|p2a: big pun
|-supereffective|p2a: big pun
|-damage|p2a: big pun|12/100 slp
|-heal|p1a: Tangrowth|100/100|[from] drain|[of] p2a: big pun
|-curestatus|p2a: big pun|slp|[msg]
|move|p2a: big pun|Toxic|p1a: Tangrowth
|-status|p1a: Tangrowth|tox
|
|-weather|Sandstorm|[upkeep]
|-damage|p1a: Tangrowth|94/100 tox|[from] Sandstorm
|-damage|p1a: Tangrowth|88/100 tox|[from] psn
|upkeep
|turn|31
|
|t:|1663140821
|move|p1a: Tangrowth|Giga Drain|p2a: big pun
|-supereffective|p2a: big pun
|-damage|p2a: big pun|0 fnt
|-heal|p1a: Tangrowth|94/100 tox|[from] drain|[of] p2a: big pun
|faint|p2a: big pun
|
|-weather|none
|-damage|p1a: Tangrowth|82/100 tox|[from] psn
|upkeep
|
|t:|1663140822
|switch|p2a: mos def|Excadrill, M|100/100
|turn|32
|
|t:|1663140824
|move|p2a: mos def|Swords Dance|p2a: mos def
|-boost|p2a: mos def|atk|2
|move|p1a: Tangrowth|Giga Drain|p2a: mos def
|-damage|p2a: mos def|60/100
|-heal|p1a: Tangrowth|99/100 tox|[from] drain|[of] p2a: mos def
|
|-damage|p1a: Tangrowth|81/100 tox|[from] psn
|upkeep
|turn|33
|
|t:|1663140829
|move|p2a: mos def|Iron Head|p1a: Tangrowth
|-damage|p1a: Tangrowth|23/100 tox
|-damage|p2a: mos def|44/100|[from] item: Rocky Helmet|[of] p1a: Tangrowth
|-damage|p2a: mos def|34/100|[from] item: Life Orb
|move|p1a: Tangrowth|Focus Blast|p2a: mos def
|-supereffective|p2a: mos def
|-damage|p2a: mos def|0 fnt
|faint|p2a: mos def
|
|win|minimax_ai
|raw|minimax_ai's rating: 1486 &rarr; <strong>1513</strong><br />(+27 for winning)
|raw|samohi0's rating: 1613 &rarr; <strong>1586</strong><br />(-27 for losing)
|c|☆minimax_ai|gg
