|j|‽not mb
|j|☆LT81YL BIGK
|t:|1625283503
|gametype|singles
|player|p1|not mb|2|1859
|player|p2|LT81YL BIGK|baker|1832
|teamsize|p1|6
|teamsize|p2|6
|gen|8
|tier|[Gen 8] OU
|rated|
|rule|Sleep Clause Mod: Limit one foe put to sleep
|rule|Species Clause: Limit one of each Pokémon
|rule|OHKO Clause: OHKO moves are banned
|rule|Evasion Moves Clause: Evasion moves are banned
|rule|Endless Battle Clause: Forcing endless battles is banned
|rule|HP Percentage Mod: HP is shown in percentages
|rule|Dynamax Clause: You cannot dynamax
|clearpoke
|poke|p1|Tapu Lele|
|poke|p1|Landorus-Therian, M|
|poke|p1|Zapdos|
|poke|p1|Volcanion|
|poke|p1|Dragapult, F|
|poke|p1|Melmetal|
|poke|p2|Ferrothorn, F|
|poke|p2|Tapu Koko|
|poke|p2|Slowking-Galar, M|
|poke|p2|Dragonite, M|
|poke|p2|Clefable, F|
|poke|p2|Landorus-Therian, M|
|teampreview
|j| Dr. Woatli
|j| Bienmerc
|j| tagprodeadgame
|
|t:|1625283530
|start
|switch|p1a: Landorus|Landorus-Therian, M|100/100
|switch|p2a: Slowking|Slowking-Galar, M|100/100
|-ability|p1a: Landorus|Intimidate|boost
|-unboost|p2a: Slowking|atk|1
|turn|1
|inactive|Battle timer is ON: inactive players will automatically lose when time's up. (requested by not mb)
|
|t:|1625283549
|move|p1a: Landorus|U-turn|p2a: Slowking
|-damage|p2a: Slowking|85/100
|
|t:|1625283552
|switch|p1a: Volcanion|Volcanion|100/100|[from]move: U-turn
|move|p2a: Slowking|Scald|p1a: Volcanion
|-immune|p1a: Volcanion|[from] ability: Water Absorb
|
|upkeep
|turn|2
|
|t:|1625283560
|move|p1a: Volcanion|Steam Eruption|p2a: Slowking
|-damage|p2a: Slowking|37/100
|move|p2a: Slowking|Sludge Bomb|p1a: Volcanion
|-damage|p1a: Volcanion|60/100
|
|upkeep
|turn|3
|
|t:|1625283565
|switch|p1a: Dragapult|Dragapult, F|100/100
|switch|p2a: Dragonite|Dragonite, M|100/100
|
|upkeep
|turn|4
|
|t:|1625283576
|move|p1a: Dragapult|Dragon Darts|p2a: Dragonite
|-supereffective|p2a: Dragonite
|-damage|p2a: Dragonite|67/100
|-anim|p1a: Dragapult|Dragon Darts|p2a: Dragonite
|-supereffective|p2a: Dragonite
|-damage|p2a: Dragonite|11/100
|move|p2a: Dragonite|Ice Punch|p1a: Dragapult
|-supereffective|p1a: Dragapult
|-damage|p1a: Dragapult|23/100
|
|upkeep
|turn|5
|
|t:|1625283585
|switch|p1a: Landorus|Landorus-Therian, M|100/100
|-ability|p1a: Landorus|Intimidate|boost
|-unboost|p2a: Dragonite|atk|1
|switch|p2a: Ferrothorn|Ferrothorn, F|100/100
|
|upkeep
|turn|6
|
|t:|1625283594
|move|p1a: Landorus|Stealth Rock|p2a: Ferrothorn
|-sidestart|p2: LT81YL BIGK|move: Stealth Rock
|move|p2a: Ferrothorn|Knock Off|p1a: Landorus
|-damage|p1a: Landorus|76/100
|-enditem|p1a: Landorus|Leftovers|[from] move: Knock Off|[of] p2a: Ferrothorn
|
|upkeep
|turn|7
|
|t:|1625283597
|switch|p1a: Volcanion|Volcanion|60/100
|move|p2a: Ferrothorn|Spikes|p1a: Volcanion
|-sidestart|p1: not mb|Spikes
|
|upkeep
|turn|8
|
|t:|1625283605
|switch|p2a: Clefable|Clefable, F|100/100
|move|p1a: Volcanion|Steam Eruption|p2a: Clefable
|-damage|p2a: Clefable|59/100
|
|upkeep
|turn|9
|
|t:|1625283612
|move|p1a: Volcanion|Sludge Bomb|p2a: Clefable
|-supereffective|p2a: Clefable
|-damage|p2a: Clefable|10/100
|-status|p2a: Clefable|psn
|move|p2a: Clefable|Soft-Boiled|p2a: Clefable
|-heal|p2a: Clefable|60/100 psn
|
|upkeep
|turn|10
|j| I Need Nothing
|
|t:|1625283618
|move|p1a: Volcanion|Sludge Bomb|p2a: Clefable
|-supereffective|p2a: Clefable
|-damage|p2a: Clefable|12/100 psn
|move|p2a: Clefable|Soft-Boiled|p2a: Clefable
|-heal|p2a: Clefable|62/100 psn
|
|upkeep
|turn|11
|
|t:|1625283622
|move|p1a: Volcanion|Sludge Bomb|p2a: Clefable
|-supereffective|p2a: Clefable
|-damage|p2a: Clefable|16/100 psn
|move|p2a: Clefable|Soft-Boiled|p2a: Clefable
|-heal|p2a: Clefable|66/100 psn
|
|upkeep
|turn|12
|
|t:|1625283625
|move|p1a: Volcanion|Sludge Bomb|p2a: Clefable
|-supereffective|p2a: Clefable
|-damage|p2a: Clefable|22/100 psn
|move|p2a: Clefable|Soft-Boiled|p2a: Clefable
|-heal|p2a: Clefable|72/100 psn
|
|upkeep
|turn|13
|
|t:|1625283629
|move|p1a: Volcanion|Sludge Bomb|p2a: Clefable
|-supereffective|p2a: Clefable
|-damage|p2a: Clefable|20/100 psn
|move|p2a: Clefable|Soft-Boiled|p2a: Clefable
|-heal|p2a: Clefable|70/100 psn
|
|upkeep
|turn|14
|
|t:|1625283634
|move|p1a: Volcanion|Sludge Bomb|p2a: Clefable
|-supereffective|p2a: Clefable
|-damage|p2a: Clefable|24/100 psn
|move|p2a: Clefable|Soft-Boiled|p2a: Clefable
|-heal|p2a: Clefable|74/100 psn
|
|upkeep
|turn|15
|
|t:|1625283637
|move|p1a: Volcanion|Sludge Bomb|p2a: Clefable
|-supereffective|p2a: Clefable
|-damage|p2a: Clefable|28/100 psn
|move|p2a: Clefable|Soft-Boiled|p2a: Clefable
|-heal|p2a: Clefable|78/100 psn
|
|upkeep
|turn|16
|
|t:|1625283642
|move|p1a: Volcanion|Sludge Bomb|p2a: Clefable
|-supereffective|p2a: Clefable
|-damage|p2a: Clefable|30/100 psn
|move|p2a: Clefable|Soft-Boiled|p2a: Clefable
|-heal|p2a: Clefable|80/100 psn
|
|upkeep
|turn|17
|
|t:|1625283647
|switch|p2a: Landorus|Landorus-Therian, M|100/100
|-damage|p2a: Landorus|88/100|[from] Stealth Rock
|-ability|p2a: Landorus|Intimidate|boost
|-unboost|p1a: Volcanion|atk|1
|move|p1a: Volcanion|Sludge Bomb|p2a: Landorus
|-resisted|p2a: Landorus
|-damage|p2a: Landorus|67/100
|
|upkeep
|turn|18
|
|t:|1625283659
|switch|p1a: Melmetal|Melmetal|100/100
|-damage|p1a: Melmetal|88/100|[from] Spikes
|move|p2a: Landorus|Stone Edge|p1a: Melmetal
|-resisted|p1a: Melmetal
|-crit|p1a: Melmetal
|-damage|p1a: Melmetal|63/100
|
|-heal|p1a: Melmetal|69/100|[from] item: Leftovers
|upkeep
|turn|19
|-message|LT81YL BIGK forfeited.
|
|win|not mb
|raw|not mb's rating: 1859 &rarr; <strong>1877</strong><br />(+18 for winning)
|raw|LT81YL BIGK's rating: 1832 &rarr; <strong>1814</strong><br />(-18 for losing)
|l|☆LT81YL BIGK
|l| tagprodeadgame
|l| Bienmerc
