|j|☆cute pink team
|j|☆AFlyingMermaid
|t:|1655044293
|gametype|singles
|player|p1|cute pink team|266|1833
|player|p2|AFlyingMermaid|guitarist|1782
|teamsize|p1|6
|teamsize|p2|6
|gen|8
|tier|[Gen 8] OU
|rated|
|rule|Sleep Clause Mod: Limit one foe put to sleep
|rule|Species Clause: Limit one of each Pokémon
|rule|OHKO Clause: OHKO moves are banned
|rule|Evasion Moves Clause: Evasion moves are banned
|rule|Endless Battle Clause: Forcing endless battles is banned
|rule|HP Percentage Mod: HP is shown in percentages
|rule|Dynamax Clause: You cannot dynamax
|clearpoke
|poke|p1|Mamoswine, F|
|poke|p1|Ditto|
|poke|p1|Corviknight, M|
|poke|p1|Volcanion|
|poke|p1|Kommo-o, M|
|poke|p1|Zapdos|
|poke|p2|Ninetales-Alola, M|
|poke|p2|Arctozolt|
|poke|p2|Garchomp, F|
|poke|p2|Magnezone|
|poke|p2|Landorus-Therian, M|
|poke|p2|Volcarona, F|
|teampreview
|
|t:|1655044331
|start
|switch|p1a: Volcanion|Volcanion|100/100
|switch|p2a: Landorus|Landorus-Therian, M|100/100
|-ability|p2a: Landorus|Intimidate|boost
|-unboost|p1a: Volcanion|atk|1
|turn|1
|
|t:|1655044336
|move|p2a: Landorus|Earth Power|p1a: Volcanion
|-supereffective|p1a: Volcanion
|-damage|p1a: Volcanion|0 fnt
|faint|p1a: Volcanion
|-damage|p2a: Landorus|91/100|[from] item: Life Orb
|
|upkeep
|
|t:|1655044339
|switch|p1a: Zapdos|Zapdos|100/100
|turn|2
|
|t:|1655044344
|switch|p2a: Ninetales|Ninetales-Alola, M|100/100
|-weather|Hail|[from] ability: Snow Warning|[of] p2a: Ninetales
|move|p1a: Zapdos|Hurricane|p2a: Ninetales|[miss]
|-miss|p1a: Zapdos|p2a: Ninetales
|
|-weather|Hail|[upkeep]
|-damage|p1a: Zapdos|94/100|[from] Hail
|upkeep
|turn|3
|
|t:|1655044347
|move|p2a: Ninetales|Aurora Veil|p2a: Ninetales
|-sidestart|p2: AFlyingMermaid|move: Aurora Veil
|move|p1a: Zapdos|Hurricane|p2a: Ninetales|[miss]
|-miss|p1a: Zapdos|p2a: Ninetales
|
|-weather|Hail|[upkeep]
|-damage|p1a: Zapdos|88/100|[from] Hail
|upkeep
|turn|4
|
|t:|1655044353
|switch|p1a: Mamoswine|Mamoswine, F|100/100
|move|p2a: Ninetales|Hypnosis|p1a: Mamoswine|[miss]
|-miss|p2a: Ninetales|p1a: Mamoswine
|
|-weather|Hail|[upkeep]
|upkeep
|turn|5
|j| waste yrself
|
|t:|1655044363
|move|p2a: Ninetales|Hypnosis|p1a: Mamoswine|[miss]
|-miss|p2a: Ninetales|p1a: Mamoswine
|move|p1a: Mamoswine|Knock Off|p2a: Ninetales
|-resisted|p2a: Ninetales
|-damage|p2a: Ninetales|90/100
|-enditem|p2a: Ninetales|Icy Rock|[from] move: Knock Off|[of] p1a: Mamoswine
|
|-weather|Hail|[upkeep]
|upkeep
|turn|6
|
|t:|1655044368
|switch|p1a: Ditto|Ditto|100/100
|-transform|p1a: Ditto|p2a: Ninetales|[from] ability: Imposter
|move|p2a: Ninetales|Hypnosis|p1a: Ditto
|-status|p1a: Ditto|slp|[from] move: Hypnosis
|
|-weather|Hail|[upkeep]
|upkeep
|turn|7
|
|t:|1655044372
|switch|p2a: Arctozolt|Arctozolt|100/100
|cant|p1a: Ditto|slp
|
|-weather|Hail|[upkeep]
|-sideend|p2: AFlyingMermaid|move: Aurora Veil
|upkeep
|turn|8
|
|t:|1655044381
|switch|p2a: Landorus|Landorus-Therian, M|91/100
|-ability|p2a: Landorus|Intimidate|boost
|-unboost|p1a: Ditto|atk|1
|-curestatus|p1a: Ditto|slp|[msg]
|move|p1a: Ditto|Hypnosis|p2a: Landorus
|-status|p2a: Landorus|slp|[from] move: Hypnosis
|
|-weather|Hail|[upkeep]
|-damage|p2a: Landorus|85/100 slp|[from] Hail
|upkeep
|turn|9
|
|t:|1655044387
|switch|p1a: Kommo-o|Kommo-o, M|100/100
|cant|p2a: Landorus|slp
|
|-weather|none
|upkeep
|turn|10
|
|t:|1655044391
|cant|p2a: Landorus|slp
|move|p1a: Kommo-o|Scale Shot|p2a: Landorus
|-damage|p2a: Landorus|70/100 slp
|-damage|p2a: Landorus|56/100 slp
|-damage|p2a: Landorus|41/100 slp
|-hitcount|p2a: Landorus|3
|-unboost|p1a: Kommo-o|def|1
|-boost|p1a: Kommo-o|spe|1
|
|upkeep
|turn|11
|
|t:|1655044395
|move|p1a: Kommo-o|Belly Drum|p1a: Kommo-o
|-damage|p1a: Kommo-o|51/100
|-setboost|p1a: Kommo-o|atk|6|[from] move: Belly Drum
|cant|p2a: Landorus|slp
|
|-heal|p1a: Kommo-o|57/100|[from] item: Leftovers
|upkeep
|turn|12
|
|t:|1655044400
|move|p1a: Kommo-o|Scale Shot|p2a: Landorus
|-damage|p2a: Landorus|0 fnt
|faint|p2a: Landorus
|-hitcount|p2: Landorus|1
|-unboost|p1a: Kommo-o|def|1
|-boost|p1a: Kommo-o|spe|1
|
|-heal|p1a: Kommo-o|63/100|[from] item: Leftovers
|upkeep
|j| union boss
|
|t:|1655044409
|switch|p2a: Ninetales|Ninetales-Alola, M|90/100
|-weather|Hail|[from] ability: Snow Warning|[of] p2a: Ninetales
|turn|13
|
|t:|1655044411
|move|p1a: Kommo-o|Poison Jab|p2a: Ninetales
|-supereffective|p2a: Ninetales
|-damage|p2a: Ninetales|0 fnt
|faint|p2a: Ninetales
|
|-weather|Hail|[upkeep]
|-damage|p1a: Kommo-o|57/100|[from] Hail
|-heal|p1a: Kommo-o|63/100|[from] item: Leftovers
|upkeep
|
|t:|1655044415
|switch|p2a: Arctozolt|Arctozolt|100/100
|turn|14
|
|t:|1655044417
|move|p1a: Kommo-o|Close Combat|p2a: Arctozolt
|-supereffective|p2a: Arctozolt
|-damage|p2a: Arctozolt|0 fnt
|-unboost|p1a: Kommo-o|def|1
|-unboost|p1a: Kommo-o|spd|1
|faint|p2a: Arctozolt
|
|-weather|Hail|[upkeep]
|-damage|p1a: Kommo-o|57/100|[from] Hail
|-heal|p1a: Kommo-o|63/100|[from] item: Leftovers
|upkeep
|
|t:|1655044421
|switch|p2a: Magnezone|Magnezone|100/100
|turn|15
|
|t:|1655044424
|move|p1a: Kommo-o|Close Combat|p2a: Magnezone
|-supereffective|p2a: Magnezone
|-enditem|p2a: Magnezone|Chople Berry|[eat]
|-enditem|p2a: Magnezone|Chople Berry|[weaken]
|-damage|p2a: Magnezone|0 fnt
|-unboost|p1a: Kommo-o|def|1
|-unboost|p1a: Kommo-o|spd|1
|faint|p2a: Magnezone
|
|-weather|Hail|[upkeep]
|-damage|p1a: Kommo-o|57/100|[from] Hail
|-heal|p1a: Kommo-o|63/100|[from] item: Leftovers
|upkeep
|
|t:|1655044426
|switch|p2a: Garchomp|Garchomp, F|100/100
|turn|16
|
|t:|1655044428
|move|p1a: Kommo-o|Close Combat|p2a: Garchomp
|-damage|p2a: Garchomp|0 fnt
|-unboost|p1a: Kommo-o|def|1
|-unboost|p1a: Kommo-o|spd|1
|-damage|p1a: Kommo-o|51/100|[from] ability: Rough Skin|[of] p2a: Garchomp
|faint|p2a: Garchomp
|
|-weather|Hail|[upkeep]
|-damage|p1a: Kommo-o|44/100|[from] Hail
|-heal|p1a: Kommo-o|51/100|[from] item: Leftovers
|upkeep
|
|t:|1655044430
|switch|p2a: Volcarona|Volcarona, F|100/100
|turn|17
|
|t:|1655044433
|move|p1a: Kommo-o|Close Combat|p2a: Volcarona
|-resisted|p2a: Volcarona
|-damage|p2a: Volcarona|0 fnt
|-unboost|p1a: Kommo-o|def|1
|-unboost|p1a: Kommo-o|spd|1
|faint|p2a: Volcarona
|
|win|cute pink team
|raw|cute pink team's rating: 1845 &rarr; <strong>1861</strong><br />(+16 for winning)
|raw|AFlyingMermaid's rating: 1782 &rarr; <strong>1766</strong><br />(-16 for losing)
|l|☆AFlyingMermaid
|l| waste yrself
||Ladder isn't responding, score probably updated but might not have (Request timeout).
