|j|☆princeyrielblack
|j|☆Pinks1ip
|t:|1657395916
|gametype|singles
|player|p1|princeyrielblack|170|1417
|player|p2|Pinks1ip|skierf|1396
|teamsize|p1|6
|teamsize|p2|6
|gen|8
|tier|[Gen 8] OU
|rated|
|rule|Sleep Clause Mod: Limit one foe put to sleep
|rule|Species Clause: Limit one of each Pokémon
|rule|OHKO Clause: OHKO moves are banned
|rule|Evasion Moves Clause: Evasion moves are banned
|rule|Endless Battle Clause: Forcing endless battles is banned
|rule|HP Percentage Mod: HP is shown in percentages
|rule|Dynamax Clause: You cannot dynamax
|clearpoke
|poke|p1|Tyranitar, F|
|poke|p1|Dracozolt|
|poke|p1|Ferrothorn, M|
|poke|p1|Dragapult, M|
|poke|p1|Tornadus-Therian, M|
|poke|p1|Pelipper, F|
|poke|p2|Buzzwole|
|poke|p2|Slowking, F|
|poke|p2|Melmetal|
|poke|p2|Dragapult, M|
|poke|p2|Excadrill, M|
|poke|p2|Rotom-Heat|
|teampreview
|inactive|Battle timer is ON: inactive players will automatically lose when time's up. (requested by princeyrielblack)
|inactive|Pinks1ip has 120 seconds left.
|
|t:|1657395997
|start
|switch|p1a: Dragapult|Dragapult, M|100/100
|switch|p2a: Melmetal|Melmetal, shiny|100/100
|turn|1
|
|t:|1657396004
|move|p2a: Melmetal|Protect|p2a: Melmetal
|-singleturn|p2a: Melmetal|Protect
|move|p1a: Dragapult|Substitute|p1a: Dragapult
|-start|p1a: Dragapult|Substitute
|-damage|p1a: Dragapult|76/100
|
|-heal|p1a: Dragapult|82/100|[from] item: Leftovers
|upkeep
|turn|2
|
|t:|1657396012
|move|p1a: Dragapult|Dragon Dance|p1a: Dragapult
|-boost|p1a: Dragapult|atk|1
|-boost|p1a: Dragapult|spe|1
|move|p2a: Melmetal|Double Iron Bash|p1a: Dragapult
|-end|p1a: Dragapult|Substitute
|-damage|p1a: Dragapult|20/100
|-hitcount|p1a: Dragapult|2
|
|-heal|p1a: Dragapult|26/100|[from] item: Leftovers
|upkeep
|turn|3
|
|t:|1657396021
|move|p1a: Dragapult|Phantom Force||[still]
|-prepare|p1a: Dragapult|Phantom Force
|move|p2a: Melmetal|Double Iron Bash|p1a: Dragapult|[miss]
|-miss|p2a: Melmetal|p1a: Dragapult
|
|-heal|p1a: Dragapult|32/100|[from] item: Leftovers
|upkeep
|turn|4
|
|t:|1657396027
|move|p1a: Dragapult|Phantom Force|p2a: Melmetal|[from]lockedmove
|-damage|p2a: Melmetal|62/100
|move|p2a: Melmetal|Double Iron Bash|p1a: Dragapult
|-damage|p1a: Dragapult|0 fnt
|faint|p1a: Dragapult
|-hitcount|p1: Dragapult|1
|
|-heal|p2a: Melmetal|68/100|[from] item: Leftovers
|upkeep
|
|t:|1657396042
|switch|p1a: Ferrothorn|Ferrothorn, M|100/100
|turn|5
|inactive|Pinks1ip has 120 seconds left.
|inactive|Pinks1ip has 90 seconds left.
|
|t:|1657396117
|switch|p2a: Rotom|Rotom-Heat, shiny|100/100
|move|p1a: Ferrothorn|Stealth Rock|p2a: Rotom
|-sidestart|p2: Pinks1ip|move: Stealth Rock
|
|upkeep
|turn|6
|
|t:|1657396124
|switch|p2a: Excadrill|Excadrill, M, shiny|100/100
|-damage|p2a: Excadrill|97/100|[from] Stealth Rock
|-ability|p2a: Excadrill|Mold Breaker
|switch|p1a: Pelipper|Pelipper, F|100/100
|-weather|RainDance|[from] ability: Drizzle|[of] p1a: Pelipper
|
|-weather|RainDance|[upkeep]
|-heal|p2a: Excadrill|100/100|[from] item: Leftovers
|upkeep
|turn|7
|inactive|Pinks1ip has 90 seconds left.
|
|t:|1657396140
|move|p1a: Pelipper|Weather Ball|p2a: Excadrill
|-supereffective|p2a: Excadrill
|-damage|p2a: Excadrill|0 fnt
|faint|p2a: Excadrill
|
|-weather|RainDance|[upkeep]
|upkeep
|
|t:|1657396144
|switch|p2a: Slowking|Slowking, F|100/100
|turn|8
|
|t:|1657396154
|switch|p1a: Tornadus|Tornadus-Therian, M|100/100
|move|p2a: Slowking|Scald|p1a: Tornadus
|-damage|p1a: Tornadus|50/100
|
|-weather|RainDance|[upkeep]
|upkeep
|turn|9
|
|t:|1657396161
|move|p1a: Tornadus|Knock Off|p2a: Slowking
|-supereffective|p2a: Slowking
|-damage|p2a: Slowking|56/100
|-enditem|p2a: Slowking|Heavy-Duty Boots|[from] move: Knock Off|[of] p1a: Tornadus
|move|p2a: Slowking|Scald|p1a: Tornadus
|-damage|p1a: Tornadus|0 fnt
|faint|p1a: Tornadus
|
|-weather|RainDance|[upkeep]
|upkeep
|
|t:|1657396175
|switch|p1a: Pelipper|Pelipper, F|100/100
|turn|10
|inactive|Pinks1ip has 120 seconds left.
|
|t:|1657396184
|move|p1a: Pelipper|Hurricane|p2a: Slowking
|-damage|p2a: Slowking|30/100
|-start|p2a: Slowking|confusion
|-activate|p2a: Slowking|confusion
|move|p2a: Slowking|Teleport|p2a: Slowking
|
|t:|1657396187
|switch|p2a: Melmetal|Melmetal, shiny|68/100|[from]move: Teleport
|-damage|p2a: Melmetal|62/100|[from] Stealth Rock
|
|-weather|none
|-heal|p2a: Melmetal|68/100|[from] item: Leftovers
|upkeep
|turn|11
|
|t:|1657396194
|switch|p1a: Ferrothorn|Ferrothorn, M|100/100
|move|p2a: Melmetal|Toxic|p1a: Ferrothorn
|-immune|p1a: Ferrothorn
|
|-heal|p2a: Melmetal|74/100|[from] item: Leftovers
|upkeep
|turn|12
|
|t:|1657396214
|switch|p2a: Rotom|Rotom-Heat, shiny|100/100
|move|p1a: Ferrothorn|Leech Seed|p2a: Rotom
|-start|p2a: Rotom|move: Leech Seed
|
|-damage|p2a: Rotom|88/100|[from] Leech Seed|[of] p1a: Ferrothorn
|upkeep
|turn|13
|
|t:|1657396222
|move|p1a: Ferrothorn|Protect|p1a: Ferrothorn
|-singleturn|p1a: Ferrothorn|Protect
|move|p2a: Rotom|Nasty Plot|p2a: Rotom
|-boost|p2a: Rotom|spa|2
|
|-damage|p2a: Rotom|75/100|[from] Leech Seed|[of] p1a: Ferrothorn
|upkeep
|turn|14
|
|t:|1657396231
|switch|p1a: Tyranitar|Tyranitar, F|100/100
|-weather|Sandstorm|[from] ability: Sand Stream|[of] p1a: Tyranitar
|move|p2a: Rotom|Thunderbolt|p1a: Tyranitar
|-damage|p1a: Tyranitar|61/100
|
|-weather|Sandstorm|[upkeep]
|-damage|p2a: Rotom|69/100|[from] Sandstorm
|-damage|p2a: Rotom|57/100|[from] Leech Seed|[of] p1a: Tyranitar
|-heal|p1a: Tyranitar|71/100|[silent]
|upkeep
|turn|15
|
|t:|1657396251
|switch|p2a: Buzzwole|Buzzwole|100/100
|-damage|p2a: Buzzwole|88/100|[from] Stealth Rock
|move|p1a: Tyranitar|Dark Pulse|p2a: Buzzwole
|-resisted|p2a: Buzzwole
|-damage|p2a: Buzzwole|55/100
|-damage|p1a: Tyranitar|61/100|[from] item: Life Orb
|
|-weather|Sandstorm|[upkeep]
|-damage|p2a: Buzzwole|49/100|[from] Sandstorm
|upkeep
|turn|16
|
|t:|1657396260
|move|p2a: Buzzwole|Roost|p2a: Buzzwole
|-heal|p2a: Buzzwole|99/100
|-singleturn|p2a: Buzzwole|move: Roost
|move|p1a: Tyranitar|Flamethrower|p2a: Buzzwole
|-supereffective|p2a: Buzzwole
|-damage|p2a: Buzzwole|0 fnt
|faint|p2a: Buzzwole
|-damage|p1a: Tyranitar|51/100|[from] item: Life Orb
|
|-weather|Sandstorm|[upkeep]
|upkeep
|
|t:|1657396271
|switch|p2a: Melmetal|Melmetal, shiny|74/100
|-damage|p2a: Melmetal|68/100|[from] Stealth Rock
|turn|17
|
|t:|1657396279
|switch|p1a: Ferrothorn|Ferrothorn, M|100/100
|switch|p2a: Rotom|Rotom-Heat, shiny|57/100
|
|-weather|Sandstorm|[upkeep]
|-damage|p2a: Rotom|50/100|[from] Sandstorm
|upkeep
|turn|18
|
|t:|1657396288
|move|p2a: Rotom|Pain Split|p1a: Ferrothorn
|-sethp|p1a: Ferrothorn|72/100|[from] move: Pain Split|[silent]
|-sethp|p2a: Rotom|83/100|[from] move: Pain Split
|move|p1a: Ferrothorn|Toxic|p2a: Rotom|[miss]
|-miss|p1a: Ferrothorn|p2a: Rotom
|
|-weather|none
|upkeep
|turn|19
|
|t:|1657396300
|switch|p1a: Pelipper|Pelipper, F|100/100
|-weather|RainDance|[from] ability: Drizzle|[of] p1a: Pelipper
|move|p2a: Rotom|Nasty Plot|p2a: Rotom
|-boost|p2a: Rotom|spa|2
|
|-weather|RainDance|[upkeep]
|upkeep
|turn|20
|
|t:|1657396313
|switch|p2a: Slowking|Slowking, F|63/100
|-damage|p2a: Slowking|51/100|[from] Stealth Rock
|move|p1a: Pelipper|Weather Ball|p2a: Slowking
|-resisted|p2a: Slowking
|-damage|p2a: Slowking|33/100
|
|-weather|RainDance|[upkeep]
|upkeep
|turn|21
|
|t:|1657396321
|move|p1a: Pelipper|Weather Ball|p2a: Slowking
|-resisted|p2a: Slowking
|-damage|p2a: Slowking|14/100
|move|p2a: Slowking|Slack Off|p2a: Slowking
|-heal|p2a: Slowking|64/100
|
|-weather|RainDance|[upkeep]
|upkeep
|turn|22
|
|t:|1657396330
|switch|p1a: Ferrothorn|Ferrothorn, M|72/100
|move|p2a: Slowking|Scald|p1a: Ferrothorn
|-resisted|p1a: Ferrothorn
|-damage|p1a: Ferrothorn|55/100
|
|-weather|RainDance|[upkeep]
|upkeep
|turn|23
|
|t:|1657396337
|switch|p2a: Melmetal|Melmetal, shiny|68/100
|-damage|p2a: Melmetal|62/100|[from] Stealth Rock
|move|p1a: Ferrothorn|Leech Seed|p2a: Melmetal
|-start|p2a: Melmetal|move: Leech Seed
|
|-weather|none
|-heal|p2a: Melmetal|68/100|[from] item: Leftovers
|-damage|p2a: Melmetal|55/100|[from] Leech Seed|[of] p1a: Ferrothorn
|-heal|p1a: Ferrothorn|70/100|[silent]
|upkeep
|turn|24
|
|t:|1657396352
|switch|p2a: Slowking|Slowking, F|98/100
|-damage|p2a: Slowking|85/100|[from] Stealth Rock
|move|p1a: Ferrothorn|Toxic|p2a: Slowking
|-status|p2a: Slowking|tox
|
|-damage|p2a: Slowking|79/100 tox|[from] psn
|upkeep
|turn|25
|
|t:|1657396360
|move|p1a: Ferrothorn|Leech Seed|p2a: Slowking
|-start|p2a: Slowking|move: Leech Seed
|move|p2a: Slowking|Teleport|p2a: Slowking
|
|t:|1657396367
|switch|p2a: Dragapult|Dragapult, M|100/100|[from]move: Teleport
|-damage|p2a: Dragapult|88/100|[from] Stealth Rock
|
|upkeep
|turn|26
|
|t:|1657396379
|move|p1a: Ferrothorn|Protect|p1a: Ferrothorn
|-singleturn|p1a: Ferrothorn|Protect
|move|p2a: Dragapult|Draco Meteor|p1a: Ferrothorn
|-activate|p1a: Ferrothorn|move: Protect
|
|upkeep
|turn|27
|
|t:|1657396386
|switch|p2a: Slowking|Slowking, F|100/100 tox
|-damage|p2a: Slowking|88/100 tox|[from] Stealth Rock
|move|p1a: Ferrothorn|Leech Seed|p2a: Slowking
|-start|p2a: Slowking|move: Leech Seed
|
|-damage|p2a: Slowking|76/100 tox|[from] Leech Seed|[of] p1a: Ferrothorn
|-heal|p1a: Ferrothorn|84/100|[silent]
|-damage|p2a: Slowking|70/100 tox|[from] psn
|upkeep
|turn|28
|
|t:|1657396405
|switch|p1a: Tyranitar|Tyranitar, F|51/100
|-weather|Sandstorm|[from] ability: Sand Stream|[of] p1a: Tyranitar
|move|p2a: Slowking|Teleport|p2a: Slowking
|inactive|Pinks1ip has 120 seconds left.
|inactive|Pinks1ip has 90 seconds left.
|
|t:|1657396481
|switch|p2a: Dragapult|Dragapult, M|88/100|[from]move: Teleport
|-damage|p2a: Dragapult|76/100|[from] Stealth Rock
|
|-weather|Sandstorm|[upkeep]
|-damage|p2a: Dragapult|70/100|[from] Sandstorm
|upkeep
|turn|29
|
|t:|1657396488
|move|p2a: Dragapult|Draco Meteor|p1a: Tyranitar
|-damage|p1a: Tyranitar|0 fnt
|-unboost|p2a: Dragapult|spa|2
|faint|p1a: Tyranitar
|
|-weather|Sandstorm|[upkeep]
|-damage|p2a: Dragapult|64/100|[from] Sandstorm
|upkeep
|
|t:|1657396495
|switch|p1a: Dracozolt|Dracozolt|100/100
|turn|30
|inactive|Pinks1ip has 90 seconds left.
|
|t:|1657396507
|switch|p2a: Melmetal|Melmetal, shiny|55/100
|-damage|p2a: Melmetal|49/100|[from] Stealth Rock
|move|p1a: Dracozolt|Bolt Beak|p2a: Melmetal
|-damage|p2a: Melmetal|0 fnt
|faint|p2a: Melmetal
|
|-weather|Sandstorm|[upkeep]
|upkeep
|inactive|Pinks1ip has 90 seconds left.
|
|t:|1657396515
|switch|p2a: Rotom|Rotom-Heat, shiny|83/100
|turn|31
|
|t:|1657396521
|move|p1a: Dracozolt|Bolt Beak|p2a: Rotom
|-resisted|p2a: Rotom
|-damage|p2a: Rotom|36/100
|move|p2a: Rotom|Thunderbolt|p1a: Dracozolt
|-resisted|p1a: Dracozolt
|-damage|p1a: Dracozolt|89/100
|
|-weather|Sandstorm|[upkeep]
|-damage|p2a: Rotom|30/100|[from] Sandstorm
|upkeep
|turn|32
|
|t:|1657396529
|switch|p2a: Slowking|Slowking, F|100/100 tox
|-damage|p2a: Slowking|88/100 tox|[from] Stealth Rock
|move|p1a: Dracozolt|Bolt Beak|p2a: Slowking
|-supereffective|p2a: Slowking
|-damage|p2a: Slowking|0 fnt
|faint|p2a: Slowking
|
|-weather|none
|upkeep
|
|t:|1657396534
|switch|p2a: Dragapult|Dragapult, M|64/100
|-damage|p2a: Dragapult|52/100|[from] Stealth Rock
|turn|33
|
|t:|1657396544
|switch|p1a: Ferrothorn|Ferrothorn, M|84/100
|move|p2a: Dragapult|Shadow Ball|p1a: Ferrothorn
|-damage|p1a: Ferrothorn|38/100
|
|upkeep
|turn|34
|
|t:|1657396563
|move|p2a: Dragapult|Shadow Ball|p1a: Ferrothorn
|-damage|p1a: Ferrothorn|0 fnt
|faint|p1a: Ferrothorn
|
|upkeep
|
|t:|1657396572
|switch|p1a: Pelipper|Pelipper, F|100/100
|-weather|RainDance|[from] ability: Drizzle|[of] p1a: Pelipper
|turn|35
|
|t:|1657396587
|switch|p2a: Rotom|Rotom-Heat, shiny|30/100
|move|p1a: Pelipper|Ice Beam|p2a: Rotom
|-resisted|p2a: Rotom
|-damage|p2a: Rotom|17/100
|-status|p2a: Rotom|frz
|
|-weather|RainDance|[upkeep]
|upkeep
|turn|36
|
|t:|1657396601
|move|p1a: Pelipper|Ice Beam|p2a: Rotom
|-resisted|p2a: Rotom
|-crit|p2a: Rotom
|-damage|p2a: Rotom|0 fnt
|faint|p2a: Rotom
|
|-weather|RainDance|[upkeep]
|upkeep
|c|☆Pinks1ip|your mother never loved you
|-message|Pinks1ip forfeited.
|
|win|princeyrielblack
|raw|princeyrielblack's rating: 1417 &rarr; <strong>1436</strong><br />(+19 for winning)
|raw|Pinks1ip's rating: 1396 &rarr; <strong>1377</strong><br />(-19 for losing)
|l|☆Pinks1ip
|c|☆princeyrielblack|^^
|c|☆princeyrielblack|(:
||Ladder isn't responding, score probably updated but might not have (Request timeout).
