|j|☆user1_ou
|j|☆KiritsuneGX
|inactive|Battle timer is ON: inactive players will automatically lose when time's up.
|t:|1662217192
|gametype|singles
|player|p1|user1_ou|eusine|
|player|p2|KiritsuneGX|volkner|
|teamsize|p1|6
|teamsize|p2|6
|gen|8
|tier|[Gen 8] OU
|rated|Tournament battle
|rule|Sleep Clause Mod: Limit one foe put to sleep
|rule|Species Clause: Limit one of each Pokémon
|rule|OHKO Clause: OHKO moves are banned
|rule|Evasion Items Clause: Evasion items are banned
|rule|Evasion Moves Clause: Evasion moves are banned
|rule|Endless Battle Clause: Forcing endless battles is banned
|rule|HP Percentage Mod: HP is shown in percentages
|rule|Dynamax Clause: You cannot dynamax
|clearpoke
|poke|p1|Tapu Bulu|
|poke|p1|Stunfisk, F|
|poke|p1|Tornadus-Therian, M|
|poke|p1|Slowking-Galar, F|
|poke|p1|Melmetal|
|poke|p1|Keldeo-Resolute|
|poke|p2|Porygon2|
|poke|p2|Melmetal|
|poke|p2|Tangrowth, F|
|poke|p2|Hatterene, F|
|poke|p2|Tapu Koko|
|poke|p2|Glastrier|
|teampreview
|c|☆user1_ou|hf
|c|☆KiritsuneGX|glhf
|j| sufys12
|j| laughokenisis\
|c|☆KiritsuneGX|time to break my finals curse
|j|%Sww-Suwa
|j| Tony00400
|j| yeshahr@!
|inactive|KiritsuneGX has 120 seconds left.
|
|t:|1662217223
|start
|switch|p1a: Slowking|Slowking-Galar, F|100/100
|switch|p2a: Tapu Koko|Tapu Koko|100/100
|-fieldstart|move: Electric Terrain|[from] ability: Electric Surge|[of] p2a: Tapu Koko
|turn|1
|
|t:|1662217227
|move|p2a: Tapu Koko|Volt Switch|p1a: Slowking
|-damage|p1a: Slowking|56/100
|
|t:|1662217238
|switch|p2a: Porygon2|Porygon2|100/100|[from]move: Volt Switch
|-ability|p2a: Porygon2|Regenerator|[from] ability: Trace|[of] p1a: Slowking
|move|p1a: Slowking|Sludge Bomb|p2a: Porygon2
|-damage|p2a: Porygon2|78/100
|
|-heal|p1a: Slowking|62/100|[from] item: Black Sludge
|upkeep
|turn|2
|c| yeshahr|oh my god a trick room team with GLASTRIER????
|l| Tony00400
|
|t:|1662217244
|move|p1a: Slowking|Trick|p2a: Porygon2
|-activate|p1a: Slowking|move: Trick|[of] p2a: Porygon2
|-item|p2a: Porygon2|Black Sludge|[from] move: Trick
|-item|p1a: Slowking|Eviolite|[from] move: Trick
|move|p2a: Porygon2|Trick Room|p2a: Porygon2
|-fieldstart|move: Trick Room|[of] p2a: Porygon2
|
|-damage|p2a: Porygon2|66/100|[from] item: Black Sludge
|upkeep
|turn|3
|c|☆KiritsuneGX|maybe
|
|t:|1662217253
|move|p1a: Slowking|Sludge Bomb|p2a: Porygon2
|-damage|p2a: Porygon2|33/100
|move|p2a: Porygon2|Teleport|p2a: Porygon2
|c| yeshahr|this guy has to win to prove glastrier is somehow good
|
|t:|1662217266
|switch|p2a: Glastrier|Glastrier|100/100|[from]move: Teleport
|
|upkeep
|turn|4
|c|%Sww-Suwa|it's out:=
|c|%Sww-Suwa|:0
|j| Tony00400
|c| yeshahr|its glassin time
|j| okaiokaiokai
|inactive|user1_ou has 120 seconds left.
|
|t:|1662217296
|move|p2a: Glastrier|Icicle Crash|p1a: Slowking
|-damage|p1a: Slowking|2/100
|move|p1a: Slowking|Sludge Bomb|p2a: Glastrier
|-damage|p2a: Glastrier|74/100
|
|upkeep
|turn|5
|c|☆KiritsuneGX|wdym he lives
|c|☆KiritsuneGX|XD
|c| okaiokaiokai|how is stunfisk in the finals
|c| sufys12|nah glastrier is good on trick room.
|
|t:|1662217310
|switch|p1a: Melmetal|Melmetal|100/100
|move|p2a: Glastrier|Icicle Crash|p1a: Melmetal
|-resisted|p1a: Melmetal
|-damage|p1a: Melmetal|76/100
|
|-heal|p1a: Melmetal|82/100|[from] item: Leftovers
|-fieldend|move: Electric Terrain
|upkeep
|turn|6
|c| sufys12|why he's cb is a mystery.
|c| yeshahr|he aint cb
|c| yeshahr|hes specs
|c|☆KiritsuneGX|yes
|inactive|KiritsuneGX has 120 seconds left.
|c|%Sww-Suwa|remember to not ghost btw
|c|☆KiritsuneGX|i built this a while ago and used it by accident btw
|
|t:|1662217351
|switch|p2a: Melmetal|Melmetal|100/100
|move|p1a: Melmetal|Toxic|p2a: Melmetal
|-immune|p2a: Melmetal
|
|-heal|p1a: Melmetal|88/100|[from] item: Leftovers
|-fieldend|move: Trick Room
|upkeep
|turn|7
|c|☆user1_ou|it is obvious
|c| sufys12|^
|
|t:|1662217362
|move|p1a: Melmetal|Protect|p1a: Melmetal
|-singleturn|p1a: Melmetal|Protect
|move|p2a: Melmetal|Superpower|p1a: Melmetal
|-activate|p1a: Melmetal|move: Protect
|
|-heal|p1a: Melmetal|94/100|[from] item: Leftovers
|upkeep
|turn|8
|
|t:|1662217371
|switch|p1a: Stunfisk|Stunfisk, F|100/100
|move|p2a: Melmetal|Ice Punch|p1a: Stunfisk
|-supereffective|p1a: Stunfisk
|-damage|p1a: Stunfisk|18/100
|-status|p2a: Melmetal|par|[from] ability: Static|[of] p1a: Stunfisk
|
|-heal|p1a: Stunfisk|24/100|[from] item: Leftovers
|upkeep
|turn|9
|inactive|KiritsuneGX has 120 seconds left.
|j| Probandoequipos98
|c| okaiokaiokai|no way
|
|t:|1662217393
|switch|p2a: Tangrowth|Tangrowth, F|100/100
|move|p1a: Stunfisk|Protect||[still]
|-fail|p1a: Stunfisk
|
|-heal|p1a: Stunfisk|30/100|[from] item: Leftovers
|upkeep
|turn|10
|
|t:|1662217401
|move|p1a: Stunfisk|Protect|p1a: Stunfisk
|-singleturn|p1a: Stunfisk|Protect
|move|p2a: Tangrowth|Leaf Storm|p1a: Stunfisk
|-activate|p1a: Stunfisk|move: Protect
|
|-heal|p1a: Stunfisk|36/100|[from] item: Leftovers
|upkeep
|turn|11
|
|t:|1662217405
|switch|p1a: Tornadus|Tornadus-Therian, M|100/100
|move|p2a: Tangrowth|Leaf Storm|p1a: Tornadus|[miss]
|-miss|p2a: Tangrowth|p1a: Tornadus
|
|upkeep
|turn|12
|c|☆user1_ou|mb
|inactive|KiritsuneGX has 120 seconds left.
|
|t:|1662217418
|switch|p2a: Tapu Koko|Tapu Koko|100/100
|-fieldstart|move: Electric Terrain|[from] ability: Electric Surge|[of] p2a: Tapu Koko
|move|p1a: Tornadus|U-turn|p2a: Tapu Koko
|-resisted|p2a: Tapu Koko
|-damage|p2a: Tapu Koko|90/100
|
|t:|1662217423
|switch|p1a: Stunfisk|Stunfisk, F|36/100|[from]move: U-turn
|
|-heal|p1a: Stunfisk|42/100|[from] item: Leftovers
|upkeep
|turn|13
|
|t:|1662217430
|switch|p2a: Tangrowth|Tangrowth, F|100/100
|move|p1a: Stunfisk|Discharge|p2a: Tangrowth
|-resisted|p2a: Tangrowth
|-damage|p2a: Tangrowth|77/100
|
|-heal|p1a: Stunfisk|48/100|[from] item: Leftovers
|upkeep
|turn|14
|
|t:|1662217435
|move|p1a: Stunfisk|Protect|p1a: Stunfisk
|-singleturn|p1a: Stunfisk|Protect
|move|p2a: Tangrowth|Leech Seed|p1a: Stunfisk
|-activate|p1a: Stunfisk|move: Protect
|
|-heal|p1a: Stunfisk|55/100|[from] item: Leftovers
|upkeep
|turn|15
|
|t:|1662217439
|switch|p1a: Tornadus|Tornadus-Therian, M|100/100
|move|p2a: Tangrowth|Sludge Bomb|p1a: Tornadus
|-damage|p1a: Tornadus|77/100
|
|upkeep
|turn|16
|l| Probandoequipos98
|
|t:|1662217462
|move|p1a: Tornadus|Heat Wave|p2a: Tangrowth
|-supereffective|p2a: Tangrowth
|-damage|p2a: Tangrowth|7/100
|move|p2a: Tangrowth|Leaf Storm|p1a: Tornadus
|-resisted|p1a: Tornadus
|-damage|p1a: Tornadus|50/100
|-unboost|p2a: Tangrowth|spa|2
|-enditem|p2a: Tangrowth|Eject Pack
|j| eofmeofneo11efef
|inactive|KiritsuneGX has 120 seconds left.
|l| laughokenisis\
|
|t:|1662217483
|switch|p2a: Hatterene|Hatterene, F|100/100
|
|-fieldend|move: Electric Terrain
|upkeep
|turn|17
|inactive|KiritsuneGX has 120 seconds left.
|
|t:|1662217489
|move|p1a: Tornadus|U-turn|p2a: Hatterene
|-damage|p2a: Hatterene|84/100
|
|t:|1662217493
|switch|p1a: Slowking|Slowking-Galar, F|36/100|[from]move: U-turn
|move|p2a: Hatterene|Trick Room|p2a: Hatterene
|-fieldstart|move: Trick Room|[of] p2a: Hatterene
|
|upkeep
|turn|18
|
|t:|1662217499
|move|p2a: Hatterene|Psychic|p1a: Slowking
|-damage|p1a: Slowking|0 fnt
|faint|p1a: Slowking
|-damage|p2a: Hatterene|74/100|[from] item: Life Orb
|
|upkeep
|
|t:|1662217507
|switch|p1a: Tornadus|Tornadus-Therian, M|84/100
|turn|19
|
|t:|1662217510
|move|p2a: Hatterene|Psychic|p1a: Tornadus
|-crit|p1a: Tornadus
|-damage|p1a: Tornadus|0 fnt
|faint|p1a: Tornadus
|-damage|p2a: Hatterene|64/100|[from] item: Life Orb
|
|upkeep
|c|☆KiritsuneGX|sorry
|inactive|user1_ou has 120 seconds left.
|
|t:|1662217556
|switch|p1a: Melmetal|Melmetal|94/100
|turn|20
|
|t:|1662217566
|move|p1a: Melmetal|Protect|p1a: Melmetal
|-singleturn|p1a: Melmetal|Protect
|move|p2a: Hatterene|Mystical Fire|p1a: Melmetal
|-activate|p1a: Melmetal|move: Protect
|
|-heal|p1a: Melmetal|99/100|[from] item: Leftovers
|upkeep
|turn|21
|
|t:|1662217571
|move|p2a: Hatterene|Mystical Fire|p1a: Melmetal
|-supereffective|p1a: Melmetal
|-damage|p1a: Melmetal|31/100
|-unboost|p1a: Melmetal|spa|1
|-damage|p2a: Hatterene|55/100|[from] item: Life Orb
|move|p1a: Melmetal|Double Iron Bash|p2a: Hatterene
|-supereffective|p2a: Hatterene
|-damage|p2a: Hatterene|0 fnt
|faint|p2a: Hatterene
|-hitcount|p2: Hatterene|1
|
|-heal|p1a: Melmetal|37/100|[from] item: Leftovers
|-fieldend|move: Trick Room
|upkeep
|l| Tony00400
|
|t:|1662217588
|switch|p2a: Melmetal|Melmetal|100/100 par
|turn|22
|
|t:|1662217592
|move|p1a: Melmetal|Protect|p1a: Melmetal
|-singleturn|p1a: Melmetal|Protect
|move|p2a: Melmetal|Double Iron Bash|p1a: Melmetal
|-activate|p1a: Melmetal|move: Protect
|
|-heal|p1a: Melmetal|43/100|[from] item: Leftovers
|upkeep
|turn|23
|
|t:|1662217608
|switch|p1a: Tapu Bulu|Tapu Bulu|100/100
|-fieldstart|move: Grassy Terrain|[from] ability: Grassy Surge|[of] p1a: Tapu Bulu
|cant|p2a: Melmetal|par
|
|upkeep
|turn|24
|
|t:|1662217614
|move|p1a: Tapu Bulu|Close Combat|p2a: Melmetal
|-supereffective|p2a: Melmetal
|-damage|p2a: Melmetal|53/100 par
|-unboost|p1a: Tapu Bulu|def|1
|-unboost|p1a: Tapu Bulu|spd|1
|move|p2a: Melmetal|Double Iron Bash|p1a: Tapu Bulu
|-supereffective|p1a: Tapu Bulu
|-damage|p1a: Tapu Bulu|0 fnt
|faint|p1a: Tapu Bulu
|-hitcount|p1: Tapu Bulu|1
|
|-heal|p2a: Melmetal|59/100 par|[from] Grassy Terrain
|upkeep
|
|t:|1662217617
|switch|p1a: Melmetal|Melmetal|43/100
|turn|25
|c|☆KiritsuneGX|more like mono iron bash
|
|t:|1662217631
|move|p1a: Melmetal|High Horsepower|p2a: Melmetal
|-supereffective|p2a: Melmetal
|-damage|p2a: Melmetal|16/100 par
|move|p2a: Melmetal|Superpower|p1a: Melmetal
|-supereffective|p1a: Melmetal
|-damage|p1a: Melmetal|0 fnt
|-unboost|p2a: Melmetal|atk|1
|-unboost|p2a: Melmetal|def|1
|faint|p1a: Melmetal
|
|-heal|p2a: Melmetal|22/100 par|[from] Grassy Terrain
|upkeep
|
|t:|1662217634
|switch|p1a: Keldeo|Keldeo-Resolute|100/100
|turn|26
|
|t:|1662217639
|move|p1a: Keldeo|Substitute|p1a: Keldeo
|-start|p1a: Keldeo|Substitute
|-damage|p1a: Keldeo|76/100
|move|p2a: Melmetal|Thunder Punch|p1a: Keldeo
|-supereffective|p1a: Keldeo
|-end|p1a: Keldeo|Substitute
|
|-heal|p1a: Keldeo|82/100|[from] Grassy Terrain
|-heal|p1a: Keldeo|88/100|[from] item: Leftovers
|-heal|p2a: Melmetal|29/100 par|[from] Grassy Terrain
|upkeep
|turn|27
|
|t:|1662217650
|switch|p2a: Tapu Koko|Tapu Koko|90/100
|-fieldstart|move: Electric Terrain|[from] ability: Electric Surge|[of] p2a: Tapu Koko
|move|p1a: Keldeo|Substitute|p1a: Keldeo
|-start|p1a: Keldeo|Substitute
|-damage|p1a: Keldeo|63/100
|
|-heal|p1a: Keldeo|70/100|[from] item: Leftovers
|upkeep
|turn|28
|
|t:|1662217655
|move|p2a: Tapu Koko|Thunderbolt|p1a: Keldeo
|-supereffective|p1a: Keldeo
|-end|p1a: Keldeo|Substitute
|move|p1a: Keldeo|Substitute|p1a: Keldeo
|-start|p1a: Keldeo|Substitute
|-damage|p1a: Keldeo|45/100
|
|-heal|p1a: Keldeo|51/100|[from] item: Leftovers
|upkeep
|turn|29
|
|t:|1662217659
|move|p2a: Tapu Koko|Thunderbolt|p1a: Keldeo
|-supereffective|p1a: Keldeo
|-end|p1a: Keldeo|Substitute
|move|p1a: Keldeo|Scald|p2a: Tapu Koko
|-damage|p2a: Tapu Koko|23/100
|
|-heal|p1a: Keldeo|57/100|[from] item: Leftovers
|upkeep
|turn|30
|
|t:|1662217662
|switch|p1a: Stunfisk|Stunfisk, F|55/100
|move|p2a: Tapu Koko|Thunderbolt|p1a: Stunfisk
|-immune|p1a: Stunfisk
|
|-heal|p1a: Stunfisk|61/100|[from] item: Leftovers
|upkeep
|turn|31
|
|t:|1662217671
|switch|p2a: Porygon2|Porygon2|66/100
|-ability|p2a: Porygon2|Static|[from] ability: Trace|[of] p1a: Stunfisk
|move|p1a: Stunfisk|Stealth Rock|p2a: Porygon2
|-sidestart|p2: KiritsuneGX|move: Stealth Rock
|
|-damage|p2a: Porygon2|54/100|[from] item: Black Sludge
|-heal|p1a: Stunfisk|67/100|[from] item: Leftovers
|-fieldend|move: Electric Terrain
|upkeep
|turn|32
|
|t:|1662217680
|switch|p1a: Keldeo|Keldeo-Resolute|57/100
|move|p2a: Porygon2|Trick Room|p2a: Porygon2
|-fieldstart|move: Trick Room|[of] p2a: Porygon2
|
|-damage|p2a: Porygon2|41/100|[from] item: Black Sludge
|-heal|p1a: Keldeo|63/100|[from] item: Leftovers
|upkeep
|turn|33
|
|t:|1662217685
|move|p2a: Porygon2|Tri Attack|p1a: Keldeo
|-damage|p1a: Keldeo|29/100
|-status|p1a: Keldeo|frz
|cant|p1a: Keldeo|frz
|
|-damage|p2a: Porygon2|29/100|[from] item: Black Sludge
|-heal|p1a: Keldeo|35/100 frz|[from] item: Leftovers
|upkeep
|turn|34
|c|☆KiritsuneGX|yooo
|c|☆KiritsuneGX|wth
|c|☆KiritsuneGX|mb
|
|t:|1662217702
|switch|p1a: Stunfisk|Stunfisk, F|67/100
|move|p2a: Porygon2|Tri Attack|p1a: Stunfisk
|-damage|p1a: Stunfisk|50/100
|
|-heal|p1a: Stunfisk|57/100|[from] item: Leftovers
|-damage|p2a: Porygon2|17/100|[from] item: Black Sludge
|upkeep
|turn|35
|j| BigPurrr
|l| eofmeofneo11efef
|
|t:|1662217715
|move|p1a: Stunfisk|Discharge|p2a: Porygon2
|-damage|p2a: Porygon2|0 fnt
|faint|p2a: Porygon2
|
|-heal|p1a: Stunfisk|63/100|[from] item: Leftovers
|upkeep
|c| okaiokaiokai|how is stunfisk so fat lol
|
|t:|1662217726
|switch|p2a: Melmetal|Melmetal|29/100 par
|-damage|p2a: Melmetal|22/100 par|[from] Stealth Rock
|turn|36
|
|t:|1662217736
|move|p1a: Stunfisk|Protect|p1a: Stunfisk
|-singleturn|p1a: Stunfisk|Protect
|cant|p2a: Melmetal|par
|
|-heal|p1a: Stunfisk|69/100|[from] item: Leftovers
|-fieldend|move: Trick Room
|upkeep
|turn|37
|
|t:|1662217739
|move|p1a: Stunfisk|Discharge|p2a: Melmetal
|-damage|p2a: Melmetal|0 fnt
|faint|p2a: Melmetal
|
|-heal|p1a: Stunfisk|75/100|[from] item: Leftovers
|upkeep
|c|☆KiritsuneGX|am i loosing tp stunfisk here?
|
|t:|1662217760
|switch|p2a: Tangrowth|Tangrowth, F|40/100
|-damage|p2a: Tangrowth|27/100|[from] Stealth Rock
|turn|38
|
|t:|1662217764
|move|p1a: Stunfisk|Protect|p1a: Stunfisk
|-singleturn|p1a: Stunfisk|Protect
|move|p2a: Tangrowth|Synthesis|p2a: Tangrowth
|-heal|p2a: Tangrowth|77/100
|
|-heal|p1a: Stunfisk|81/100|[from] item: Leftovers
|upkeep
|turn|39
|
|t:|1662217769
|move|p2a: Tangrowth|Leech Seed|p1a: Stunfisk
|-start|p1a: Stunfisk|move: Leech Seed
|move|p1a: Stunfisk|Toxic|p2a: Tangrowth
|-status|p2a: Tangrowth|tox
|
|-heal|p1a: Stunfisk|87/100|[from] item: Leftovers
|-damage|p1a: Stunfisk|75/100|[from] Leech Seed|[of] p2a: Tangrowth
|-heal|p2a: Tangrowth|90/100 tox|[silent]
|-damage|p2a: Tangrowth|84/100 tox|[from] psn
|upkeep
|turn|40
|
|t:|1662217776
|move|p1a: Stunfisk|Protect|p1a: Stunfisk
|-singleturn|p1a: Stunfisk|Protect
|move|p2a: Tangrowth|Leaf Storm|p1a: Stunfisk
|-activate|p1a: Stunfisk|move: Protect
|
|-heal|p1a: Stunfisk|81/100|[from] item: Leftovers
|-damage|p1a: Stunfisk|69/100|[from] Leech Seed|[of] p2a: Tangrowth
|-heal|p2a: Tangrowth|97/100 tox|[silent]
|-damage|p2a: Tangrowth|85/100 tox|[from] psn
|upkeep
|turn|41
|
|t:|1662217779
|switch|p1a: Keldeo|Keldeo-Resolute|35/100 frz
|move|p2a: Tangrowth|Leaf Storm|p1a: Keldeo|[miss]
|-miss|p2a: Tangrowth|p1a: Keldeo
|
|-heal|p1a: Keldeo|41/100 frz|[from] item: Leftovers
|-damage|p2a: Tangrowth|66/100 tox|[from] psn
|upkeep
|turn|42
|
|t:|1662217786
|switch|p2a: Tapu Koko|Tapu Koko|23/100
|-damage|p2a: Tapu Koko|10/100|[from] Stealth Rock
|-fieldstart|move: Electric Terrain|[from] ability: Electric Surge|[of] p2a: Tapu Koko
|-curestatus|p1a: Keldeo|frz|[from] move: Scald
|move|p1a: Keldeo|Scald|p2a: Tapu Koko
|-damage|p2a: Tapu Koko|0 fnt
|faint|p2a: Tapu Koko
|
|-heal|p1a: Keldeo|47/100|[from] item: Leftovers
|upkeep
|
|t:|1662217793
|switch|p2a: Tangrowth|Tangrowth, F|99/100 tox
|-damage|p2a: Tangrowth|87/100 tox|[from] Stealth Rock
|turn|43
|
|t:|1662217796
|move|p1a: Keldeo|Substitute|p1a: Keldeo
|-start|p1a: Keldeo|Substitute
|-damage|p1a: Keldeo|22/100
|move|p2a: Tangrowth|Leaf Storm|p1a: Keldeo
|-supereffective|p1a: Keldeo
|-end|p1a: Keldeo|Substitute
|-unboost|p2a: Tangrowth|spa|2
|
|-heal|p1a: Keldeo|29/100|[from] item: Leftovers
|-damage|p2a: Tangrowth|81/100 tox|[from] psn
|upkeep
|turn|44
|
|t:|1662217799
|move|p1a: Keldeo|Substitute|p1a: Keldeo
|-start|p1a: Keldeo|Substitute
|-damage|p1a: Keldeo|4/100
|move|p2a: Tangrowth|Leaf Storm|p1a: Keldeo
|-supereffective|p1a: Keldeo
|-end|p1a: Keldeo|Substitute
|-unboost|p2a: Tangrowth|spa|2
|
|-heal|p1a: Keldeo|10/100|[from] item: Leftovers
|-damage|p2a: Tangrowth|68/100 tox|[from] psn
|upkeep
|turn|45
|
|t:|1662217803
|move|p1a: Keldeo|Secret Sword|p2a: Tangrowth
|-damage|p2a: Tangrowth|46/100 tox
|move|p2a: Tangrowth|Leaf Storm|p1a: Keldeo|[miss]
|-miss|p2a: Tangrowth|p1a: Keldeo
|
|-heal|p1a: Keldeo|16/100|[from] item: Leftovers
|-damage|p2a: Tangrowth|27/100 tox|[from] psn
|upkeep
|turn|46
|
|t:|1662217813
|switch|p1a: Stunfisk|Stunfisk, F|69/100
|move|p2a: Tangrowth|Sludge Bomb|p1a: Stunfisk
|-resisted|p1a: Stunfisk
|-crit|p1a: Stunfisk
|-damage|p1a: Stunfisk|58/100
|
|-heal|p1a: Stunfisk|64/100|[from] item: Leftovers
|-damage|p2a: Tangrowth|2/100 tox|[from] psn
|-fieldend|move: Electric Terrain
|upkeep
|turn|47
|
|t:|1662217817
|move|p2a: Tangrowth|Leech Seed|p1a: Stunfisk|[miss]
|-miss|p2a: Tangrowth|p1a: Stunfisk
|move|p1a: Stunfisk|Discharge|p2a: Tangrowth
|-resisted|p2a: Tangrowth
|-damage|p2a: Tangrowth|0 fnt
|faint|p2a: Tangrowth
|
|-heal|p1a: Stunfisk|71/100|[from] item: Leftovers
|upkeep
|c|☆KiritsuneGX|bruh
|
|t:|1662217824
|switch|p2a: Glastrier|Glastrier|74/100
|-damage|p2a: Glastrier|49/100|[from] Stealth Rock
|turn|48
|c|☆KiritsuneGX|gg
|c|☆user1_ou|why did u that
|c|☆user1_ou|u could win pretty easy
|c|☆KiritsuneGX|out of leaf storms
|
|t:|1662217843
|move|p1a: Stunfisk|Discharge|p2a: Glastrier
|-damage|p2a: Glastrier|30/100
|-status|p2a: Glastrier|par
|move|p2a: Glastrier|Icicle Crash|p1a: Stunfisk
|-supereffective|p1a: Stunfisk
|-damage|p1a: Stunfisk|0 fnt
|faint|p1a: Stunfisk
|-ability|p2a: Glastrier|Chilling Neigh|boost
|-boost|p2a: Glastrier|atk|1
|
|upkeep
|
|t:|1662217847
|switch|p1a: Keldeo|Keldeo-Resolute|16/100
|turn|49
|c| okaiokaiokai|oh my lord
|
|t:|1662217853
|move|p1a: Keldeo|Secret Sword|p2a: Glastrier
|-supereffective|p2a: Glastrier
|-damage|p2a: Glastrier|0 fnt
|faint|p2a: Glastrier
|
|win|user1_ou
|n|☆user1_ou|user1ou
|n|☆KiritsuneGX|kiritsunegx
|n| sufys12|sufys12
|n| Sww-Suwa|swwsuwa
|n| yeshahr@!|yeshahr
|n| okaiokaiokai|okaiokaiokai
|n| BigPurrr|bigpurrr
