|j|☆PokeDa
|j|☆Freeze Magnet
|player|p1|PokeDa|wallace|1235
|player|p2|Freeze Magnet|52|1246
|teamsize|p1|6
|teamsize|p2|6
|gametype|singles
|gen|8
|tier|[Gen 8] OU
|rated|
|rule|Sleep Clause Mod: Limit one foe put to sleep
|rule|Species Clause: Limit one of each Pokémon
|rule|OHKO Clause: OHKO moves are banned
|rule|Evasion Moves Clause: Evasion moves are banned
|rule|Endless Battle Clause: Forcing endless battles is banned
|rule|HP Percentage Mod: HP is shown in percentages
|clearpoke
|poke|p1|Dragapult, M|
|poke|p1|Clefable, F|
|poke|p1|Seismitoad, F|
|poke|p1|Mandibuzz, F|
|poke|p1|Excadrill, F|
|poke|p1|Conkeldurr, M|
|poke|p2|Darmanitan-Galar, F|
|poke|p2|Galvantula, M|
|poke|p2|Hydreigon, F|
|poke|p2|Conkeldurr, M|
|poke|p2|Corviknight, F|
|poke|p2|Seismitoad, F|
|rule|Dynamax Clause: You cannot dynamax
|teampreview
|
|start
|switch|p1a: Seismitoad|Seismitoad, F|100/100
|switch|p2a: Corviknight|Corviknight, F|100/100
|turn|1
|
|move|p1a: Seismitoad|Stealth Rock|p2a: Corviknight
|-sidestart|p2: Freeze Magnet|move: Stealth Rock
|move|p2a: Corviknight|U-turn|p1a: Seismitoad
|-damage|p1a: Seismitoad|85/100
|
|switch|p2a: Kong|Darmanitan-Galar, F|100/100|[from]move: U-turn
|-damage|p2a: Kong|76/100|[from] Stealth Rock
|
|-heal|p1a: Seismitoad|91/100|[from] item: Leftovers
|upkeep
|turn|2
|
|move|p2a: Kong|Icicle Crash|p1a: Seismitoad
|-damage|p1a: Seismitoad|39/100
|move|p1a: Seismitoad|Focus Blast|p2a: Kong
|-supereffective|p2a: Kong
|-damage|p2a: Kong|0 fnt
|faint|p2a: Kong
|
|-heal|p1a: Seismitoad|45/100|[from] item: Leftovers
|upkeep
|
|switch|p2a: Plonk|Conkeldurr, M|100/100
|-damage|p2a: Plonk|94/100|[from] Stealth Rock
|turn|3
|
|switch|p1a: Dragapult|Dragapult, M|100/100
|move|p2a: Plonk|Drain Punch|p1a: Dragapult
|-immune|p1a: Dragapult
|
|-status|p2a: Plonk|brn|[from] item: Flame Orb
|upkeep
|turn|4
|
|move|p1a: Dragapult|Draco Meteor|p2a: Plonk
|-damage|p2a: Plonk|0 fnt
|-unboost|p1a: Dragapult|spa|2
|faint|p2a: Plonk
|
|upkeep
|
|switch|p2a: Bad Company|Hydreigon, F|100/100
|-damage|p2a: Bad Company|88/100|[from] Stealth Rock
|turn|5
|
|switch|p1a: Conkeldurr|Conkeldurr, M|100/100
|move|p2a: Bad Company|Flash Cannon|p1a: Conkeldurr
|-damage|p1a: Conkeldurr|60/100
|
|-status|p1a: Conkeldurr|brn|[from] item: Flame Orb
|upkeep
|turn|6
|
|switch|p2a: Strider|Galvantula, M|100/100
|-damage|p2a: Strider|76/100|[from] Stealth Rock
|move|p1a: Conkeldurr|Drain Punch|p2a: Strider
|-resisted|p2a: Strider
|-damage|p2a: Strider|11/100
|-heal|p1a: Conkeldurr|86/100 brn|[from] drain|[of] p2a: Strider
|
|-damage|p1a: Conkeldurr|80/100 brn|[from] brn
|upkeep
|turn|7
|
|move|p1a: Conkeldurr|Mach Punch|p2a: Strider
|-resisted|p2a: Strider
|-damage|p2a: Strider|0 fnt
|faint|p2a: Strider
|
|-damage|p1a: Conkeldurr|74/100 brn|[from] brn
|upkeep
|-message|Freeze Magnet forfeited.
|
|win|PokeDa
|l|☆Freeze Magnet
|raw|PokeDa's rating: 1235 &rarr; <strong>1263</strong><br />(+28 for winning)
|raw|Freeze Magnet's rating: 1275 &rarr; <strong>1247</strong><br />(-28 for losing)
