|j|☆IIIodyne
|j|☆Fryderyk Nietzky
|inactive|Battle timer is ON: inactive players will automatically lose when time's up.
|t:|1665539840
|gametype|singles
|player|p1|IIIodyne|101|
|player|p2|Fryderyk Nietzky|170|
|teamsize|p1|6
|teamsize|p2|6
|gen|8
|tier|[Gen 8] OU
|rated|Tournament battle
|rule|Sleep Clause Mod: Limit one foe put to sleep
|rule|Species Clause: Limit one of each Pokémon
|rule|OHKO Clause: OHKO moves are banned
|rule|Evasion Items Clause: Evasion items are banned
|rule|Evasion Moves Clause: Evasion moves are banned
|rule|Endless Battle Clause: Forcing endless battles is banned
|rule|HP Percentage Mod: HP is shown in percentages
|rule|Dynamax Clause: You cannot dynamax
|clearpoke
|poke|p1|Snorlax, M|
|poke|p1|Suicune|
|poke|p1|Melmetal|
|poke|p1|Victini|
|poke|p1|Landorus-Therian, M|
|poke|p1|Zapdos|
|poke|p2|Toxapex, F|
|poke|p2|Clefable, F|
|poke|p2|Blissey, F|
|poke|p2|Corviknight, M|
|poke|p2|Gastrodon-East, M|
|poke|p2|Tangrowth, F|
|teampreview
|c|☆IIIodyne|ew, stall
|
|t:|1665539852
|start
|switch|p1a: Victini|Victini|100/100
|switch|p2a: Toxapex|Toxapex, F|100/100
|turn|1
|j| nassa dos
|
|t:|1665539873
|move|p1a: Victini|U-turn|p2a: Toxapex
|-resisted|p2a: Toxapex
|-damage|p2a: Toxapex|89/100
|j| Meritone
|
|t:|1665539877
|switch|p1a: Zapdos|Zapdos|100/100|[from]move: U-turn
|move|p2a: Toxapex|Toxic|p1a: Zapdos
|-status|p1a: Zapdos|tox
|
|-heal|p2a: Toxapex|96/100|[from] item: Black Sludge
|-damage|p1a: Zapdos|94/100 tox|[from] psn
|upkeep
|turn|2
|
|t:|1665539887
|move|p1a: Zapdos|Hurricane|p2a: Toxapex
|-damage|p2a: Toxapex|60/100
|move|p2a: Toxapex|Infestation|p1a: Zapdos
|-resisted|p1a: Zapdos
|-damage|p1a: Zapdos|93/100 tox
|-activate|p1a: Zapdos|move: Infestation|[of] p2a: Toxapex
|-status|p2a: Toxapex|par|[from] ability: Static|[of] p1a: Zapdos
|
|-heal|p2a: Toxapex|66/100 par|[from] item: Black Sludge
|-damage|p1a: Zapdos|80/100 tox|[from] psn
|-damage|p1a: Zapdos|68/100 tox|[from] move: Infestation|[partiallytrapped]
|upkeep
|turn|3
|c| nassa dos|Stall in a room tour is crazy
|
|t:|1665539901
|move|p2a: Toxapex|Baneful Bunker|p2a: Toxapex
|-singleturn|p2a: Toxapex|move: Protect
|move|p1a: Zapdos|Volt Switch|p2a: Toxapex
|-activate|p2a: Toxapex|move: Protect
|
|-heal|p2a: Toxapex|72/100 par|[from] item: Black Sludge
|-damage|p1a: Zapdos|50/100 tox|[from] psn
|-damage|p1a: Zapdos|37/100 tox|[from] move: Infestation|[partiallytrapped]
|upkeep
|turn|4
|c|☆IIIodyne|its just dumb
|c|☆IIIodyne|like what do you have to lose, just have fun
|c| nassa dos|Fr
|
|t:|1665539924
|switch|p2a: Gastrodon|Gastrodon-East, M|100/100
|move|p1a: Zapdos|Hurricane|p2a: Gastrodon
|-damage|p2a: Gastrodon|60/100
|
|-heal|p2a: Gastrodon|66/100|[from] item: Leftovers
|-damage|p1a: Zapdos|12/100 tox|[from] psn
|-end|p1a: Zapdos|Infestation|[partiallytrapped]|[silent]
|upkeep
|turn|5
|c| nassa dos|but ig he’s allowed to do what he wants
|
|t:|1665539941
|switch|p1a: Melmetal|Melmetal|100/100
|move|p2a: Gastrodon|Scald|p1a: Melmetal
|-crit|p1a: Melmetal
|-damage|p1a: Melmetal|74/100
|-status|p1a: Melmetal|brn
|
|-heal|p2a: Gastrodon|72/100|[from] item: Leftovers
|-damage|p1a: Melmetal|68/100 brn|[from] brn
|upkeep
|turn|6
|c|☆IIIodyne|okay
|
|t:|1665539956
|move|p1a: Melmetal|Double Iron Bash|p2a: Gastrodon
|-resisted|p2a: Gastrodon
|-damage|p2a: Gastrodon|61/100
|-resisted|p2a: Gastrodon
|-damage|p2a: Gastrodon|50/100
|-hitcount|p2a: Gastrodon|2
|cant|p2a: Gastrodon|flinch
|
|-heal|p2a: Gastrodon|56/100|[from] item: Leftovers
|-damage|p1a: Melmetal|62/100 brn|[from] brn
|upkeep
|turn|7
|
|t:|1665539968
|move|p1a: Melmetal|Double Iron Bash|p2a: Gastrodon
|-resisted|p2a: Gastrodon
|-damage|p2a: Gastrodon|46/100
|-resisted|p2a: Gastrodon
|-damage|p2a: Gastrodon|35/100
|-hitcount|p2a: Gastrodon|2
|cant|p2a: Gastrodon|flinch
|
|-heal|p2a: Gastrodon|41/100|[from] item: Leftovers
|-damage|p1a: Melmetal|56/100 brn|[from] brn
|upkeep
|turn|8
|
|t:|1665539980
|move|p1a: Melmetal|Double Iron Bash|p2a: Gastrodon
|-resisted|p2a: Gastrodon
|-damage|p2a: Gastrodon|31/100
|-resisted|p2a: Gastrodon
|-damage|p2a: Gastrodon|21/100
|-hitcount|p2a: Gastrodon|2
|cant|p2a: Gastrodon|flinch
|
|-heal|p2a: Gastrodon|27/100|[from] item: Leftovers
|-damage|p1a: Melmetal|50/100 brn|[from] brn
|upkeep
|turn|9
|inactive|Fryderyk Nietzky has 120 seconds left.
|
|t:|1665540006
|switch|p2a: Corviknight|Corviknight, M|100/100
|-ability|p2a: Corviknight|Pressure
|move|p1a: Melmetal|Double Iron Bash|p2a: Corviknight
|-resisted|p2a: Corviknight
|-damage|p2a: Corviknight|94/100
|-damage|p1a: Melmetal|33/100 brn|[from] item: Rocky Helmet|[of] p2a: Corviknight
|-resisted|p2a: Corviknight
|-damage|p2a: Corviknight|87/100
|-damage|p1a: Melmetal|17/100 brn|[from] item: Rocky Helmet|[of] p2a: Corviknight
|-hitcount|p2a: Corviknight|2
|
|-damage|p1a: Melmetal|11/100 brn|[from] brn
|upkeep
|turn|10
|inactive|Fryderyk Nietzky has 120 seconds left.
|
|t:|1665540036
|move|p2a: Corviknight|Body Press|p1a: Melmetal
|-supereffective|p1a: Melmetal
|-crit|p1a: Melmetal
|-damage|p1a: Melmetal|0 fnt
|faint|p1a: Melmetal
|
|upkeep
|
|t:|1665540045
|switch|p1a: Victini|Victini|100/100
|turn|11
|inactive|Fryderyk Nietzky has 90 seconds left.
|
|t:|1665540075
|switch|p2a: Gastrodon|Gastrodon-East, M|27/100
|move|p1a: Victini|V-create|p2a: Gastrodon
|-resisted|p2a: Gastrodon
|-damage|p2a: Gastrodon|0 fnt
|-unboost|p1a: Victini|spe|1
|-unboost|p1a: Victini|def|1
|-unboost|p1a: Victini|spd|1
|faint|p2a: Gastrodon
|
|upkeep
|inactive|Fryderyk Nietzky has 90 seconds left.
|
|t:|1665540089
|switch|p2a: Toxapex|Toxapex, F|100/100 par
|turn|12
|inactive|Fryderyk Nietzky has 90 seconds left.
|
|t:|1665540106
|switch|p1a: Zapdos|Zapdos|12/100 tox
|move|p2a: Toxapex|Infestation|p1a: Zapdos
|-resisted|p1a: Zapdos
|-damage|p1a: Zapdos|11/100 tox
|-activate|p1a: Zapdos|move: Infestation|[of] p2a: Toxapex
|
|-damage|p1a: Zapdos|4/100 tox|[from] psn
|-damage|p1a: Zapdos|0 fnt|[from] move: Infestation|[partiallytrapped]
|faint|p1a: Zapdos
|upkeep
|
|t:|1665540122
|switch|p1a: Victini|Victini|100/100
|turn|13
|inactive|Fryderyk Nietzky has 90 seconds left.
|
|t:|1665540146
|move|p1a: Victini|V-create|p2a: Toxapex
|-resisted|p2a: Toxapex
|-damage|p2a: Toxapex|60/100 par
|-unboost|p1a: Victini|spe|1
|-unboost|p1a: Victini|def|1
|-unboost|p1a: Victini|spd|1
|move|p2a: Toxapex|Toxic|p1a: Victini
|-status|p1a: Victini|tox
|
|-heal|p2a: Toxapex|66/100 par|[from] item: Black Sludge
|-damage|p1a: Victini|94/100 tox|[from] psn
|upkeep
|turn|14
|inactive|Fryderyk Nietzky has 90 seconds left.
|
|t:|1665540160
|switch|p1a: Landorus|Landorus-Therian, M|100/100
|-ability|p1a: Landorus|Intimidate|boost
|-unboost|p2a: Toxapex|atk|1
|move|p2a: Toxapex|Recover|p2a: Toxapex
|-heal|p2a: Toxapex|100/100 par
|
|upkeep
|turn|15
|inactive|Fryderyk Nietzky has 90 seconds left.
|
|t:|1665540168
|move|p1a: Landorus|Knock Off|p2a: Toxapex
|-damage|p2a: Toxapex|71/100 par
|-enditem|p2a: Toxapex|Black Sludge|[from] move: Knock Off|[of] p1a: Landorus
|move|p2a: Toxapex|Toxic|p1a: Landorus
|-status|p1a: Landorus|tox
|
|-damage|p1a: Landorus|95/100 tox|[from] psn
|upkeep
|turn|16
|inactive|Fryderyk Nietzky has 90 seconds left.
|
|t:|1665540179
|switch|p1a: Snorlax|Snorlax, M|100/100
|switch|p2a: Corviknight|Corviknight, M|87/100
|-ability|p2a: Corviknight|Pressure
|
|upkeep
|turn|17
|inactive|Fryderyk Nietzky has 90 seconds left.
|
|t:|1665540189
|switch|p1a: Victini|Victini|94/100 tox
|move|p2a: Corviknight|Body Press|p1a: Victini
|-resisted|p1a: Victini
|-damage|p1a: Victini|83/100 tox
|
|-damage|p1a: Victini|76/100 tox|[from] psn
|upkeep
|turn|18
|inactive|Fryderyk Nietzky has 90 seconds left.
|
|t:|1665540205
|switch|p2a: Toxapex|Toxapex, F|100/100 par
|move|p1a: Victini|Bolt Strike|p2a: Toxapex
|-supereffective|p2a: Toxapex
|-damage|p2a: Toxapex|22/100 par
|
|-damage|p1a: Victini|64/100 tox|[from] psn
|upkeep
|turn|19
|inactive|Fryderyk Nietzky has 90 seconds left.
|
|t:|1665540222
|switch|p1a: Landorus|Landorus-Therian, M|95/100 tox
|-ability|p1a: Landorus|Intimidate|boost
|-unboost|p2a: Toxapex|atk|1
|switch|p2a: Tangrowth|Tangrowth, F|100/100
|
|-damage|p1a: Landorus|89/100 tox|[from] psn
|upkeep
|turn|20
|
|t:|1665540237
|move|p1a: Landorus|U-turn|p2a: Tangrowth
|-supereffective|p2a: Tangrowth
|-damage|p2a: Tangrowth|70/100
|inactive|IIIodyne has 120 seconds left.
|j| Melophetamine
|
|t:|1665540269
|switch|p1a: Suicune|Suicune|100/100|[from]move: U-turn
|-ability|p1a: Suicune|Pressure
|move|p2a: Tangrowth|Infestation|p1a: Suicune
|-damage|p1a: Suicune|97/100
|-activate|p1a: Suicune|move: Infestation|[of] p2a: Tangrowth
|
|-heal|p1a: Suicune|100/100|[from] item: Leftovers
|-damage|p1a: Suicune|84/100|[from] move: Infestation|[partiallytrapped]
|upkeep
|turn|21
|
|t:|1665540288
|switch|p2a: Clefable|Clefable, F|100/100
|move|p1a: Suicune|Ice Beam|p2a: Clefable
|-damage|p2a: Clefable|83/100
|
|-heal|p1a: Suicune|90/100|[from] item: Leftovers
|-heal|p2a: Clefable|89/100|[from] item: Leftovers
|-end|p1a: Suicune|Infestation|[partiallytrapped]|[silent]
|upkeep
|turn|22
|
|t:|1665540305
|switch|p1a: Snorlax|Snorlax, M|100/100
|move|p2a: Clefable|Calm Mind|p2a: Clefable
|-boost|p2a: Clefable|spa|1
|-boost|p2a: Clefable|spd|1
|
|-heal|p2a: Clefable|96/100|[from] item: Leftovers
|upkeep
|turn|23
|
|t:|1665540324
|switch|p2a: Corviknight|Corviknight, M|87/100
|-ability|p2a: Corviknight|Pressure
|move|p1a: Snorlax|Body Slam|p2a: Corviknight
|-resisted|p2a: Corviknight
|-damage|p2a: Corviknight|77/100
|-damage|p1a: Snorlax|84/100|[from] item: Rocky Helmet|[of] p2a: Corviknight
|
|-heal|p1a: Snorlax|90/100|[from] item: Leftovers
|upkeep
|turn|24
|
|t:|1665540335
|switch|p1a: Landorus|Landorus-Therian, M|89/100 tox
|-ability|p1a: Landorus|Intimidate|boost
|-unboost|p2a: Corviknight|atk|1
|move|p2a: Corviknight|Body Press|p1a: Landorus
|-resisted|p1a: Landorus
|-damage|p1a: Landorus|73/100 tox
|
|-damage|p1a: Landorus|67/100 tox|[from] psn
|upkeep
|turn|25
|
|t:|1665540345
|move|p1a: Landorus|Knock Off|p2a: Corviknight
|-damage|p2a: Corviknight|51/100
|-damage|p1a: Landorus|50/100 tox|[from] item: Rocky Helmet|[of] p2a: Corviknight
|-enditem|p2a: Corviknight|Rocky Helmet|[from] move: Knock Off|[of] p1a: Landorus
|move|p2a: Corviknight|Iron Defense|p2a: Corviknight
|-boost|p2a: Corviknight|def|2
|
|-damage|p1a: Landorus|38/100 tox|[from] psn
|upkeep
|turn|26
|
|t:|1665540360
|switch|p1a: Victini|Victini|64/100 tox
|move|p2a: Corviknight|Body Press|p1a: Victini
|-resisted|p1a: Victini
|-damage|p1a: Victini|40/100 tox
|
|-damage|p1a: Victini|33/100 tox|[from] psn
|upkeep
|turn|27
|inactive|Fryderyk Nietzky has 60 seconds left.
|
|t:|1665540393
|move|p1a: Victini|V-create|p2a: Corviknight
|-supereffective|p2a: Corviknight
|-damage|p2a: Corviknight|0 fnt
|-unboost|p1a: Victini|spe|1
|-unboost|p1a: Victini|def|1
|-unboost|p1a: Victini|spd|1
|faint|p2a: Corviknight
|
|-damage|p1a: Victini|21/100 tox|[from] psn
|upkeep
|
|t:|1665540401
|switch|p2a: Toxapex|Toxapex, F|55/100 par
|turn|28
|
|t:|1665540415
|switch|p1a: Snorlax|Snorlax, M|90/100
|cant|p2a: Toxapex|par
|
|-heal|p1a: Snorlax|96/100|[from] item: Leftovers
|upkeep
|turn|29
|
|t:|1665540422
|move|p1a: Snorlax|Curse|p1a: Snorlax
|-unboost|p1a: Snorlax|spe|1
|-boost|p1a: Snorlax|atk|1
|-boost|p1a: Snorlax|def|1
|move|p2a: Toxapex|Toxic|p1a: Snorlax
|-status|p1a: Snorlax|tox
|
|-heal|p1a: Snorlax|100/100 tox|[from] item: Leftovers
|-damage|p1a: Snorlax|94/100 tox|[from] psn
|upkeep
|turn|30
|inactive|Fryderyk Nietzky has 60 seconds left.
|
|t:|1665540435
|move|p1a: Snorlax|Curse|p1a: Snorlax
|-unboost|p1a: Snorlax|spe|1
|-boost|p1a: Snorlax|atk|1
|-boost|p1a: Snorlax|def|1
|cant|p2a: Toxapex|par
|
|-heal|p1a: Snorlax|100/100 tox|[from] item: Leftovers
|-damage|p1a: Snorlax|88/100 tox|[from] psn
|upkeep
|turn|31
|inactive|Fryderyk Nietzky has 60 seconds left.
|
|t:|1665540445
|switch|p2a: Clefable|Clefable, F|96/100
|move|p1a: Snorlax|Body Slam|p2a: Clefable
|-damage|p2a: Clefable|71/100
|
|-heal|p2a: Clefable|78/100|[from] item: Leftovers
|-heal|p1a: Snorlax|94/100 tox|[from] item: Leftovers
|-damage|p1a: Snorlax|76/100 tox|[from] psn
|upkeep
|turn|32
|inactive|Fryderyk Nietzky has 60 seconds left.
|
|t:|1665540460
|move|p2a: Clefable|Moonblast|p1a: Snorlax
|-damage|p1a: Snorlax|63/100 tox
|move|p1a: Snorlax|Body Slam|p2a: Clefable
|-damage|p2a: Clefable|51/100
|
|-heal|p2a: Clefable|57/100|[from] item: Leftovers
|-heal|p1a: Snorlax|69/100 tox|[from] item: Leftovers
|-damage|p1a: Snorlax|44/100 tox|[from] psn
|upkeep
|turn|33
|inactive|Fryderyk Nietzky has 60 seconds left.
|
|t:|1665540473
|move|p2a: Clefable|Soft-Boiled|p2a: Clefable
|-heal|p2a: Clefable|100/100
|move|p1a: Snorlax|Rest|p1a: Snorlax
|-status|p1a: Snorlax|slp|[from] move: Rest
|-heal|p1a: Snorlax|100/100 slp|[silent]
|
|upkeep
|turn|34
|inactive|Fryderyk Nietzky has 60 seconds left.
|
|t:|1665540484
|switch|p1a: Victini|Victini|21/100 tox
|move|p2a: Clefable|Calm Mind|p2a: Clefable
|-boost|p2a: Clefable|spa|1
|-boost|p2a: Clefable|spd|1
|
|-damage|p1a: Victini|15/100 tox|[from] psn
|upkeep
|turn|35
|inactive|Fryderyk Nietzky has 60 seconds left.
|
|t:|1665540499
|switch|p2a: Toxapex|Toxapex, F|88/100 par
|move|p1a: Victini|Trick|p2a: Toxapex
|-activate|p1a: Victini|move: Trick|[of] p2a: Toxapex
|-item|p2a: Toxapex|Choice Band|[from] move: Trick
|-enditem|p1a: Victini|Choice Band|[silent]|[from] move: Trick
|
|-damage|p1a: Victini|3/100 tox|[from] psn
|upkeep
|turn|36
|inactive|Fryderyk Nietzky has 60 seconds left.
|
|t:|1665540517
|cant|p2a: Toxapex|par
|move|p1a: Victini|Bolt Strike|p2a: Toxapex
|-supereffective|p2a: Toxapex
|-damage|p2a: Toxapex|33/100 par
|
|-damage|p1a: Victini|0 fnt|[from] psn
|faint|p1a: Victini
|upkeep
|
|t:|1665540531
|switch|p1a: Landorus|Landorus-Therian, M|38/100 tox
|-ability|p1a: Landorus|Intimidate|boost
|-unboost|p2a: Toxapex|atk|1
|turn|37
|inactive|Fryderyk Nietzky has 60 seconds left.
|
|t:|1665540541
|switch|p2a: Tangrowth|Tangrowth, F|100/100
|move|p1a: Landorus|Earthquake|p2a: Tangrowth
|-resisted|p2a: Tangrowth
|-damage|p2a: Tangrowth|84/100
|
|-damage|p1a: Landorus|32/100 tox|[from] psn
|upkeep
|turn|38
|inactive|Fryderyk Nietzky has 60 seconds left.
|inactive|IIIodyne has 120 seconds left.
|
|t:|1665540578
|switch|p1a: Snorlax|Snorlax, M|100/100 slp
|move|p2a: Tangrowth|Infestation|p1a: Snorlax
|-damage|p1a: Snorlax|98/100 slp
|-activate|p1a: Snorlax|move: Infestation|[of] p2a: Tangrowth
|
|-heal|p1a: Snorlax|100/100 slp|[from] item: Leftovers
|-damage|p1a: Snorlax|84/100 slp|[from] move: Infestation|[partiallytrapped]
|upkeep
|turn|39
|
|t:|1665540588
|move|p2a: Tangrowth|Leech Seed|p1a: Snorlax
|-start|p1a: Snorlax|move: Leech Seed
|cant|p1a: Snorlax|slp
|
|-heal|p1a: Snorlax|90/100 slp|[from] item: Leftovers
|-damage|p1a: Snorlax|78/100 slp|[from] Leech Seed|[of] p2a: Tangrowth
|-heal|p2a: Tangrowth|99/100|[silent]
|-damage|p1a: Snorlax|61/100 slp|[from] move: Infestation|[partiallytrapped]
|upkeep
|turn|40
|
|t:|1665540597
|move|p2a: Tangrowth|Earthquake|p1a: Snorlax
|-damage|p1a: Snorlax|41/100 slp
|cant|p1a: Snorlax|slp
|
|-heal|p1a: Snorlax|47/100 slp|[from] item: Leftovers
|-damage|p1a: Snorlax|35/100 slp|[from] Leech Seed|[of] p2a: Tangrowth
|-heal|p2a: Tangrowth|100/100|[silent]
|-damage|p1a: Snorlax|18/100 slp|[from] move: Infestation|[partiallytrapped]
|upkeep
|turn|41
|
|t:|1665540608
|move|p2a: Tangrowth|Earthquake|p1a: Snorlax
|-damage|p1a: Snorlax|0 fnt
|faint|p1a: Snorlax
|
|upkeep
|
|t:|1665540620
|switch|p1a: Suicune|Suicune|90/100
|-ability|p1a: Suicune|Pressure
|turn|42
|
|t:|1665540632
|switch|p2a: Clefable|Clefable, F|100/100
|move|p1a: Suicune|Ice Beam|p2a: Clefable
|-damage|p2a: Clefable|82/100
|
|-heal|p1a: Suicune|97/100|[from] item: Leftovers
|-heal|p2a: Clefable|88/100|[from] item: Leftovers
|upkeep
|turn|43
|c|☆IIIodyne|here guys im not gonna hold the waiters up
|-message|IIIodyne forfeited.
|
|win|Fryderyk Nietzky
|n|☆IIIodyne|iiiodyne
|n|☆Fryderyk Nietzky|fryderyknietzky
|n| nassa dos|nassados
|n| Meritone|meritone
|n| Melophetamine|melophetamine
|l| Meritone
|l|☆Fryderyk Nietzky
|l|☆IIIodyne
|l| Melophetamine
|j|☆Fryderyk Nietzky
|player|p2|Fryderyk Nietzky|170
