|raw|<div class="broadcast-blue"><strong>This battle is required to be public due to a player having a name starting with 'btlt200'.</div>
|j|☆btlt200$ devin
|j|☆moekana510
|t:|1667839890
|gametype|singles
|player|p1|btlt200$ devin|proton|1540
|player|p2|moekana510|101|1534
|teamsize|p1|6
|teamsize|p2|6
|gen|8
|tier|[Gen 8] OU
|rated|
|rule|Sleep Clause Mod: Limit one foe put to sleep
|rule|Species Clause: Limit one of each Pokémon
|rule|OHKO Clause: OHKO moves are banned
|rule|Evasion Items Clause: Evasion items are banned
|rule|Evasion Moves Clause: Evasion moves are banned
|rule|Endless Battle Clause: Forcing endless battles is banned
|rule|HP Percentage Mod: HP is shown in percentages
|rule|Dynamax Clause: You cannot dynamax
|clearpoke
|poke|p1|Dragapult, F|
|poke|p1|Urshifu-*, M|
|poke|p1|Zapdos|
|poke|p1|Melmetal|
|poke|p1|Landorus-Therian, M|
|poke|p1|Rillaboom, F|
|poke|p2|Venusaur, M|
|poke|p2|Torkoal, F|
|poke|p2|Charizard, F|
|poke|p2|Mandibuzz, F|
|poke|p2|Swampert, M|
|poke|p2|Blaziken, F|
|teampreview
|j|+Coolcodename
|inactive|Battle timer is ON: inactive players will automatically lose when time's up. (requested by btlt200$ devin)
|inactive|moekana510 also wants the timer to be on.
|
|t:|1667839905
|start
|switch|p1a: Landorus|Landorus-Therian, M|100/100
|switch|p2a: Torkoal|Torkoal, F|100/100
|-ability|p1a: Landorus|Intimidate|boost
|-unboost|p2a: Torkoal|atk|1
|-weather|SunnyDay|[from] ability: Drought|[of] p2a: Torkoal
|turn|1
|
|t:|1667839909
|switch|p2a: Charizard|Charizard, F|100/100
|move|p1a: Landorus|Earthquake|p2a: Charizard
|-immune|p2a: Charizard
|
|-weather|SunnyDay|[upkeep]
|-damage|p2a: Charizard|88/100|[from] ability: Solar Power|[of] p2a: Charizard
|upkeep
|turn|2
|
|t:|1667839913
|switch|p1a: Dragapult|Dragapult, F, shiny|100/100
|move|p2a: Charizard|Weather Ball|p1a: Dragapult
|-resisted|p1a: Dragapult
|-damage|p1a: Dragapult|0 fnt
|faint|p1a: Dragapult
|
|-weather|SunnyDay|[upkeep]
|-damage|p2a: Charizard|76/100|[from] ability: Solar Power|[of] p2a: Charizard
|upkeep
|
|t:|1667839925
|switch|p1a: Urshifu|Urshifu-Rapid-Strike, M|100/100
|turn|3
|
|t:|1667839927
|move|p2a: Charizard|Weather Ball|p1a: Urshifu
|-resisted|p1a: Urshifu
|-damage|p1a: Urshifu|0 fnt
|faint|p1a: Urshifu
|
|-weather|SunnyDay|[upkeep]
|-damage|p2a: Charizard|63/100|[from] ability: Solar Power|[of] p2a: Charizard
|upkeep
|
|t:|1667839930
|switch|p1a: Zapdos|Zapdos, shiny|100/100
|turn|4
|
|t:|1667839932
|move|p2a: Charizard|Weather Ball|p1a: Zapdos
|-damage|p1a: Zapdos|0 fnt
|faint|p1a: Zapdos
|
|-weather|SunnyDay|[upkeep]
|-damage|p2a: Charizard|51/100|[from] ability: Solar Power|[of] p2a: Charizard
|upkeep
|c|☆btlt200$ devin|LOL
|
|t:|1667839938
|switch|p1a: Melmetal|Melmetal|100/100
|turn|5
|
|t:|1667839941
|move|p2a: Charizard|Weather Ball|p1a: Melmetal
|-supereffective|p1a: Melmetal
|-damage|p1a: Melmetal|0 fnt
|faint|p1a: Melmetal
|
|-weather|SunnyDay|[upkeep]
|-damage|p2a: Charizard|38/100|[from] ability: Solar Power|[of] p2a: Charizard
|upkeep
|
|t:|1667839945
|switch|p1a: Landorus|Landorus-Therian, M|100/100
|-ability|p1a: Landorus|Intimidate|boost
|-unboost|p2a: Charizard|atk|1
|turn|6
|
|t:|1667839947
|move|p2a: Charizard|Weather Ball|p1a: Landorus
|-damage|p1a: Landorus|0 fnt
|faint|p1a: Landorus
|
|-weather|SunnyDay|[upkeep]
|-damage|p2a: Charizard|26/100|[from] ability: Solar Power|[of] p2a: Charizard
|upkeep
|
|t:|1667839948
|switch|p1a: Rillaboom|Rillaboom, F|100/100
|-fieldstart|move: Grassy Terrain|[from] ability: Grassy Surge|[of] p1a: Rillaboom
|turn|7
|
|t:|1667839950
|move|p1a: Rillaboom|Grassy Glide|p2a: Charizard
|-resisted|p2a: Charizard
|-damage|p2a: Charizard|4/100
|-damage|p1a: Rillaboom|91/100|[from] item: Life Orb
|move|p2a: Charizard|Weather Ball|p1a: Rillaboom
|-supereffective|p1a: Rillaboom
|-damage|p1a: Rillaboom|0 fnt
|faint|p1a: Rillaboom
|
|win|moekana510
|raw|btlt200$ devin's rating: 1540 &rarr; <strong>1520</strong><br />(-20 for losing)
|raw|moekana510's rating: 1534 &rarr; <strong>1554</strong><br />(+20 for winning)
|l|☆btlt200$ devin
||Ladder isn't responding, score probably updated but might not have (Request timeout).
