|raw|<div class="broadcast-blue"><strong>This battle is required to be public due to a player having a name starting with 'lt94je'.</div>
|j|☆LT94JE 33321
|j|‽hypervortexreturns
|t:|1661595778
|gametype|singles
|player|p1|LT94JE 33321|az|1816
|player|p2|hypervortexreturns|169|1785
|teamsize|p1|6
|teamsize|p2|6
|gen|8
|tier|[Gen 8] OU
|rated|
|rule|Sleep Clause Mod: Limit one foe put to sleep
|rule|Species Clause: Limit one of each Pokémon
|rule|OHKO Clause: OHKO moves are banned
|rule|Evasion Items Clause: Evasion items are banned
|rule|Evasion Moves Clause: Evasion moves are banned
|rule|Endless Battle Clause: Forcing endless battles is banned
|rule|HP Percentage Mod: HP is shown in percentages
|rule|Dynamax Clause: You cannot dynamax
|clearpoke
|poke|p1|Shedinja|
|poke|p1|Xatu, F|
|poke|p1|Corviknight, F|
|poke|p1|Landorus-Therian, M|
|poke|p1|Ditto|
|poke|p1|Blissey, F|
|poke|p2|Hydreigon, F|
|poke|p2|Zapdos|
|poke|p2|Tangrowth, F|
|poke|p2|Corviknight, M|
|poke|p2|Excadrill, M|
|poke|p2|Azumarill, F|
|teampreview
|j| xTrashboat
|c|☆LT94JE 33321|hF
|
|t:|1661595793
|start
|switch|p1a: Ditto|Ditto|100/100
|switch|p2a: Tangrowth|Tangrowth, F|100/100
|-transform|p1a: Ditto|p2a: Tangrowth|[from] ability: Imposter
|turn|1
|
|t:|1661595817
|switch|p1a: Blissey|Blissey, F|100/100
|switch|p2a: Hydreigon|Hydreigon, F|100/100
|
|upkeep
|turn|2
|inactive|Battle timer is ON: inactive players will automatically lose when time's up. (requested by LT94JE 33321)
|
|t:|1661595824
|switch|p2a: Excadrill|Excadrill, M|100/100
|-ability|p2a: Excadrill|Mold Breaker
|move|p1a: Blissey|Toxic|p2a: Excadrill
|-immune|p2a: Excadrill
|
|upkeep
|turn|3
|
|t:|1661595836
|switch|p1a: Landorus|Landorus-Therian, M|100/100
|-ability|p1a: Landorus|Intimidate|boost
|-unboost|p2a: Excadrill|atk|1
|move|p2a: Excadrill|Iron Head|p1a: Landorus
|-damage|p1a: Landorus|73/100
|
|-heal|p1a: Landorus|79/100|[from] item: Leftovers
|upkeep
|turn|4
|
|t:|1661595856
|switch|p2a: Tangrowth|Tangrowth, F|100/100
|move|p1a: Landorus|Knock Off|p2a: Tangrowth
|-damage|p2a: Tangrowth|83/100
|-damage|p1a: Landorus|63/100|[from] item: Rocky Helmet|[of] p2a: Tangrowth
|-enditem|p2a: Tangrowth|Rocky Helmet|[from] move: Knock Off|[of] p1a: Landorus
|
|-heal|p1a: Landorus|69/100|[from] item: Leftovers
|upkeep
|turn|5
|
|t:|1661595868
|switch|p1a: Blissey|Blissey, F|100/100
|move|p2a: Tangrowth|Power Whip|p1a: Blissey
|-damage|p1a: Blissey|67/100
|
|upkeep
|turn|6
|j| yvyxv
|
|t:|1661595879
|move|p1a: Blissey|Stealth Rock|p2a: Tangrowth
|-sidestart|p2: hypervortexreturns|move: Stealth Rock
|move|p2a: Tangrowth|Sleep Powder|p1a: Blissey
|-status|p1a: Blissey|slp|[from] move: Sleep Powder
|
|upkeep
|turn|7
|
|t:|1661595896
|-curestatus|p1a: Blissey|slp|[from] ability: Natural Cure
|switch|p1a: Corviknight|Corviknight, F|100/100
|-ability|p1a: Corviknight|Pressure
|move|p2a: Tangrowth|Focus Blast|p1a: Corviknight
|-damage|p1a: Corviknight|72/100
|
|upkeep
|turn|8
|j| LT94JE Jack G
|
|t:|1661595910
|switch|p1a: Blissey|Blissey, F|67/100
|move|p2a: Tangrowth|Sleep Powder|p1a: Blissey|[miss]
|-miss|p2a: Tangrowth|p1a: Blissey
|
|upkeep
|turn|9
|j| sleeprun
|l| sleeprun
|
|t:|1661595918
|switch|p2a: Excadrill|Excadrill, M|100/100
|-damage|p2a: Excadrill|97/100|[from] Stealth Rock
|-ability|p2a: Excadrill|Mold Breaker
|move|p1a: Blissey|Toxic|p2a: Excadrill
|-immune|p2a: Excadrill
|
|-heal|p2a: Excadrill|100/100|[from] item: Leftovers
|upkeep
|turn|10
|j| Mimikyu Stardust
|
|t:|1661595932
|switch|p1a: Ditto|Ditto|100/100
|-transform|p1a: Ditto|p2a: Excadrill|[from] ability: Imposter
|-ability|p1a: Ditto|Mold Breaker
|move|p2a: Excadrill|Stealth Rock|p1a: Ditto
|-sidestart|p1: LT94JE 33321|move: Stealth Rock
|
|upkeep
|turn|11
|l| LT94JE Jack G
|
|t:|1661595946
|switch|p1a: Corviknight|Corviknight, F|72/100
|-damage|p1a: Corviknight|59/100|[from] Stealth Rock
|-ability|p1a: Corviknight|Pressure
|switch|p2a: Tangrowth|Tangrowth, F|100/100
|-damage|p2a: Tangrowth|88/100|[from] Stealth Rock
|
|upkeep
|turn|12
|
|t:|1661595960
|move|p1a: Corviknight|Defog|p2a: Tangrowth
|-unboost|p2a: Tangrowth|evasion|1
|-sideend|p2: hypervortexreturns|Stealth Rock|[from] move: Defog|[of] p1a: Corviknight
|-sideend|p1: LT94JE 33321|Stealth Rock|[from] move: Defog|[of] p1a: Corviknight
|move|p2a: Tangrowth|Sleep Powder|p1a: Corviknight|[miss]
|-miss|p2a: Tangrowth|p1a: Corviknight
|
|upkeep
|turn|13
|j| Offence King 777
|
|t:|1661595969
|move|p1a: Corviknight|Roost|p1a: Corviknight
|-heal|p1a: Corviknight|100/100
|-singleturn|p1a: Corviknight|move: Roost
|move|p2a: Tangrowth|Sleep Powder|p1a: Corviknight|[miss]
|-miss|p2a: Tangrowth|p1a: Corviknight
|
|upkeep
|turn|14
|
|t:|1661595982
|switch|p1a: Blissey|Blissey, F|67/100
|move|p2a: Tangrowth|Sleep Powder|p1a: Blissey
|-status|p1a: Blissey|slp|[from] move: Sleep Powder
|
|upkeep
|turn|15
|
|t:|1661596001
|-curestatus|p1a: Blissey|slp|[from] ability: Natural Cure
|switch|p1a: Corviknight|Corviknight, F|100/100
|-ability|p1a: Corviknight|Pressure
|move|p2a: Tangrowth|Power Whip|p1a: Corviknight
|-resisted|p1a: Corviknight
|-damage|p1a: Corviknight|94/100
|
|upkeep
|turn|16
|j| filon
|
|t:|1661596016
|switch|p1a: Blissey|Blissey, F|67/100
|switch|p2a: Zapdos|Zapdos|100/100
|
|upkeep
|turn|17
|
|t:|1661596023
|switch|p2a: Excadrill|Excadrill, M|100/100
|-ability|p2a: Excadrill|Mold Breaker
|move|p1a: Blissey|Soft-Boiled|p1a: Blissey
|-heal|p1a: Blissey|100/100
|
|upkeep
|turn|18
|j| OnlyAce239
|
|t:|1661596034
|switch|p1a: Corviknight|Corviknight, F|94/100
|-ability|p1a: Corviknight|Pressure
|move|p2a: Excadrill|Iron Head|p1a: Corviknight
|-resisted|p1a: Corviknight
|-damage|p1a: Corviknight|80/100
|
|upkeep
|turn|19
|
|t:|1661596044
|switch|p2a: Zapdos|Zapdos|100/100
|switch|p1a: Landorus|Landorus-Therian, M|69/100
|-ability|p1a: Landorus|Intimidate|boost
|-unboost|p2a: Zapdos|atk|1
|
|-heal|p1a: Landorus|75/100|[from] item: Leftovers
|upkeep
|turn|20
|
|t:|1661596062
|switch|p1a: Blissey|Blissey, F|100/100
|move|p2a: Zapdos|Hurricane|p1a: Blissey
|-damage|p1a: Blissey|84/100
|
|upkeep
|turn|21
|
|t:|1661596073
|switch|p2a: Excadrill|Excadrill, M|100/100
|-ability|p2a: Excadrill|Mold Breaker
|move|p1a: Blissey|Seismic Toss|p2a: Excadrill
|-damage|p2a: Excadrill|73/100
|
|-heal|p2a: Excadrill|79/100|[from] item: Leftovers
|upkeep
|turn|22
|
|t:|1661596084
|switch|p1a: Corviknight|Corviknight, F|80/100
|-ability|p1a: Corviknight|Pressure
|move|p2a: Excadrill|Stealth Rock|p1a: Corviknight
|-sidestart|p1: LT94JE 33321|move: Stealth Rock
|
|-heal|p2a: Excadrill|85/100|[from] item: Leftovers
|upkeep
|turn|23
|j| Titan Toxik
|inactive|hypervortexreturns has 120 seconds left.
|
|t:|1661596112
|switch|p2a: Azumarill|Azumarill, F|100/100
|move|p1a: Corviknight|Defog|p2a: Azumarill
|-unboost|p2a: Azumarill|evasion|1
|-sideend|p1: LT94JE 33321|Stealth Rock|[from] move: Defog|[of] p1a: Corviknight
|
|upkeep
|turn|24
|inactive|hypervortexreturns has 120 seconds left.
|
|t:|1661596131
|move|p2a: Azumarill|Belly Drum|p2a: Azumarill
|-damage|p2a: Azumarill|50/100
|-setboost|p2a: Azumarill|atk|6|[from] move: Belly Drum
|-enditem|p2a: Azumarill|Sitrus Berry|[eat]
|-heal|p2a: Azumarill|75/100|[from] item: Sitrus Berry
|move|p1a: Corviknight|Iron Defense|p1a: Corviknight
|-boost|p1a: Corviknight|def|2
|
|upkeep
|turn|25
|inactive|hypervortexreturns has 120 seconds left.
|
|t:|1661596146
|switch|p1a: Shedinja|Shedinja|100/100
|move|p2a: Azumarill|Knock Off|p1a: Shedinja
|-supereffective|p1a: Shedinja
|-damage|p1a: Shedinja|0 fnt
|-enditem|p1a: Shedinja|Safety Goggles|[from] move: Knock Off|[of] p2a: Azumarill
|faint|p1a: Shedinja
|
|upkeep
|
|t:|1661596150
|switch|p1a: Ditto|Ditto|100/100
|-transform|p1a: Ditto|p2a: Azumarill|[from] ability: Imposter
|turn|26
|
|t:|1661596161
|move|p2a: Azumarill|Aqua Jet|p1a: Ditto
|-resisted|p1a: Ditto
|-damage|p1a: Ditto|33/100
|move|p1a: Ditto|Play Rough|p2a: Azumarill
|-damage|p2a: Azumarill|0 fnt
|faint|p2a: Azumarill
|
|upkeep
|j| LT94JE Jack G
|inactive|hypervortexreturns has 120 seconds left.
|
|t:|1661596185
|switch|p2a: Zapdos|Zapdos|100/100
|turn|27
|
|t:|1661596189
|switch|p1a: Blissey|Blissey, F|84/100
|move|p2a: Zapdos|Discharge|p1a: Blissey
|-damage|p1a: Blissey|71/100
|
|upkeep
|turn|28
|inactive|hypervortexreturns has 120 seconds left.
|
|t:|1661596204
|switch|p2a: Excadrill|Excadrill, M|85/100
|-ability|p2a: Excadrill|Mold Breaker
|move|p1a: Blissey|Seismic Toss|p2a: Excadrill
|-damage|p2a: Excadrill|57/100
|
|-heal|p2a: Excadrill|63/100|[from] item: Leftovers
|upkeep
|turn|29
|inactive|hypervortexreturns has 120 seconds left.
|
|t:|1661596217
|switch|p1a: Corviknight|Corviknight, F|80/100
|-ability|p1a: Corviknight|Pressure
|move|p2a: Excadrill|Stealth Rock|p1a: Corviknight
|-sidestart|p1: LT94JE 33321|move: Stealth Rock
|
|-heal|p2a: Excadrill|69/100|[from] item: Leftovers
|upkeep
|turn|30
|inactive|hypervortexreturns has 120 seconds left.
|
|t:|1661596232
|switch|p2a: Tangrowth|Tangrowth, F|100/100
|move|p1a: Corviknight|Defog|p2a: Tangrowth
|-unboost|p2a: Tangrowth|evasion|1
|-sideend|p1: LT94JE 33321|Stealth Rock|[from] move: Defog|[of] p1a: Corviknight
|
|upkeep
|turn|31
|j| return nirvana
|inactive|hypervortexreturns has 120 seconds left.
|l| Mimikyu Stardust
|
|t:|1661596254
|switch|p1a: Blissey|Blissey, F|71/100
|move|p2a: Tangrowth|Focus Blast|p1a: Blissey
|-supereffective|p1a: Blissey
|-damage|p1a: Blissey|47/100
|
|upkeep
|turn|32
|j| Mimikyu Stardust
|l| Mimikyu Stardust
|
|t:|1661596265
|move|p1a: Blissey|Soft-Boiled|p1a: Blissey
|-heal|p1a: Blissey|97/100
|move|p2a: Tangrowth|Knock Off|p1a: Blissey
|-damage|p1a: Blissey|77/100
|-enditem|p1a: Blissey|Heavy-Duty Boots|[from] move: Knock Off|[of] p2a: Tangrowth
|
|upkeep
|turn|33
|
|t:|1661596273
|switch|p2a: Excadrill|Excadrill, M|69/100
|-ability|p2a: Excadrill|Mold Breaker
|move|p1a: Blissey|Stealth Rock|p2a: Excadrill
|-sidestart|p2: hypervortexreturns|move: Stealth Rock
|
|-heal|p2a: Excadrill|76/100|[from] item: Leftovers
|upkeep
|turn|34
|inactive|hypervortexreturns has 120 seconds left.
|
|t:|1661596284
|move|p2a: Excadrill|Stealth Rock|p1a: Blissey
|-sidestart|p1: LT94JE 33321|move: Stealth Rock
|move|p1a: Blissey|Seismic Toss|p2a: Excadrill
|-damage|p2a: Excadrill|48/100
|
|-heal|p2a: Excadrill|54/100|[from] item: Leftovers
|upkeep
|turn|35
|inactive|hypervortexreturns has 120 seconds left.
|
|t:|1661596297
|switch|p2a: Corviknight|Corviknight, M|100/100
|-damage|p2a: Corviknight|88/100|[from] Stealth Rock
|-ability|p2a: Corviknight|Pressure
|switch|p1a: Landorus|Landorus-Therian, M|75/100
|-damage|p1a: Landorus|62/100|[from] Stealth Rock
|-ability|p1a: Landorus|Intimidate|boost
|-unboost|p2a: Corviknight|atk|1
|
|-heal|p1a: Landorus|68/100|[from] item: Leftovers
|-heal|p2a: Corviknight|94/100|[from] item: Leftovers
|upkeep
|turn|36
|inactive|hypervortexreturns has 120 seconds left.
|
|t:|1661596318
|switch|p2a: Tangrowth|Tangrowth, F|100/100
|-damage|p2a: Tangrowth|88/100|[from] Stealth Rock
|move|p1a: Landorus|Defog|p2a: Tangrowth
|-unboost|p2a: Tangrowth|evasion|1
|-sideend|p2: hypervortexreturns|Stealth Rock|[from] move: Defog|[of] p1a: Landorus
|-sideend|p1: LT94JE 33321|Stealth Rock|[from] move: Defog|[of] p1a: Landorus
|
|-heal|p1a: Landorus|74/100|[from] item: Leftovers
|upkeep
|turn|37
|
|t:|1661596340
|switch|p1a: Blissey|Blissey, F|77/100
|move|p2a: Tangrowth|Knock Off|p1a: Blissey
|-damage|p1a: Blissey|63/100
|
|upkeep
|turn|38
|j| LT94JE adreamew
|inactive|hypervortexreturns has 90 seconds left.
|
|t:|1661596356
|switch|p2a: Excadrill|Excadrill, M|54/100
|-ability|p2a: Excadrill|Mold Breaker
|move|p1a: Blissey|Soft-Boiled|p1a: Blissey
|-heal|p1a: Blissey|100/100
|
|-heal|p2a: Excadrill|60/100|[from] item: Leftovers
|upkeep
|turn|39
|inactive|hypervortexreturns has 90 seconds left.
|
|t:|1661596366
|switch|p1a: Corviknight|Corviknight, F|80/100
|-ability|p1a: Corviknight|Pressure
|move|p2a: Excadrill|Iron Head|p1a: Corviknight
|-resisted|p1a: Corviknight
|-damage|p1a: Corviknight|68/100
|
|-heal|p2a: Excadrill|66/100|[from] item: Leftovers
|upkeep
|turn|40
|inactive|hypervortexreturns has 90 seconds left.
|
|t:|1661596378
|switch|p2a: Zapdos|Zapdos|100/100
|move|p1a: Corviknight|Roost|p1a: Corviknight
|-heal|p1a: Corviknight|100/100
|-singleturn|p1a: Corviknight|move: Roost
|
|upkeep
|turn|41
|inactive|hypervortexreturns has 90 seconds left.
|
|t:|1661596388
|switch|p1a: Landorus|Landorus-Therian, M|74/100
|-ability|p1a: Landorus|Intimidate|boost
|-unboost|p2a: Zapdos|atk|1
|move|p2a: Zapdos|Discharge|p1a: Landorus
|-immune|p1a: Landorus
|
|-heal|p1a: Landorus|80/100|[from] item: Leftovers
|upkeep
|turn|42
|inactive|hypervortexreturns has 90 seconds left.
|
|t:|1661596402
|switch|p1a: Blissey|Blissey, F|100/100
|move|p2a: Zapdos|Toxic|p1a: Blissey|[miss]
|-miss|p2a: Zapdos|p1a: Blissey
|
|upkeep
|turn|43
|inactive|hypervortexreturns has 90 seconds left.
|
|t:|1661596416
|switch|p2a: Corviknight|Corviknight, M|94/100
|-ability|p2a: Corviknight|Pressure
|move|p1a: Blissey|Seismic Toss|p2a: Corviknight
|-damage|p2a: Corviknight|69/100
|
|-heal|p2a: Corviknight|75/100|[from] item: Leftovers
|upkeep
|turn|44
|inactive|hypervortexreturns has 90 seconds left.
|
|t:|1661596428
|switch|p2a: Excadrill|Excadrill, M|66/100
|-ability|p2a: Excadrill|Mold Breaker
|switch|p1a: Ditto|Ditto|33/100
|-transform|p1a: Ditto|p2a: Excadrill|[from] ability: Imposter
|-ability|p1a: Ditto|Mold Breaker
|
|-heal|p2a: Excadrill|72/100|[from] item: Leftovers
|upkeep
|turn|45
|l| LT94JE adreamew
|inactive|hypervortexreturns has 90 seconds left.
|
|t:|1661596451
|switch|p2a: Tangrowth|Tangrowth, F|100/100
|move|p1a: Ditto|Earthquake|p2a: Tangrowth
|-resisted|p2a: Tangrowth
|-damage|p2a: Tangrowth|86/100
|
|upkeep
|turn|46
|
|t:|1661596463
|switch|p1a: Blissey|Blissey, F|100/100
|move|p2a: Tangrowth|Sleep Powder|p1a: Blissey|[miss]
|-miss|p2a: Tangrowth|p1a: Blissey
|
|upkeep
|turn|47
|
|t:|1661596473
|switch|p2a: Corviknight|Corviknight, M|75/100
|-ability|p2a: Corviknight|Pressure
|move|p1a: Blissey|Stealth Rock|p2a: Corviknight
|-sidestart|p2: hypervortexreturns|move: Stealth Rock
|
|-heal|p2a: Corviknight|82/100|[from] item: Leftovers
|upkeep
|turn|48
|inactive|hypervortexreturns has 90 seconds left.
|
|t:|1661596495
|switch|p1a: Ditto|Ditto|33/100
|-transform|p1a: Ditto|p2a: Corviknight|[from] ability: Imposter
|-ability|p1a: Ditto|Pressure
|move|p2a: Corviknight|Taunt|p1a: Ditto
|-start|p1a: Ditto|move: Taunt
|
|-heal|p2a: Corviknight|88/100|[from] item: Leftovers
|upkeep
|turn|49
|j| LT94JE adreamew
|
|t:|1661596515
|switch|p1a: Landorus|Landorus-Therian, M|80/100
|-ability|p1a: Landorus|Intimidate|boost
|-unboost|p2a: Corviknight|atk|1
|move|p2a: Corviknight|Bulk Up|p2a: Corviknight
|-boost|p2a: Corviknight|atk|1
|-boost|p2a: Corviknight|def|1
|
|-heal|p1a: Landorus|86/100|[from] item: Leftovers
|-heal|p2a: Corviknight|94/100|[from] item: Leftovers
|upkeep
|turn|50
|inactive|hypervortexreturns has 60 seconds left.
|
|t:|1661596535
|move|p1a: Landorus|Knock Off|p2a: Corviknight
|-damage|p2a: Corviknight|77/100
|-enditem|p2a: Corviknight|Leftovers|[from] move: Knock Off|[of] p1a: Landorus
|move|p2a: Corviknight|Bulk Up|p2a: Corviknight
|-boost|p2a: Corviknight|atk|1
|-boost|p2a: Corviknight|def|1
|
|-heal|p1a: Landorus|92/100|[from] item: Leftovers
|upkeep
|turn|51
|inactive|hypervortexreturns has 60 seconds left.
|
|t:|1661596546
|switch|p1a: Ditto|Ditto|33/100
|-transform|p1a: Ditto|p2a: Corviknight|[from] ability: Imposter
|-ability|p1a: Ditto|Pressure
|move|p2a: Corviknight|Brave Bird|p1a: Ditto
|-resisted|p1a: Ditto
|-damage|p1a: Ditto|17/100
|-damage|p2a: Corviknight|73/100|[from] Recoil
|
|upkeep
|turn|52
|j| fiaurant
|inactive|hypervortexreturns has 60 seconds left.
|
|t:|1661596563
|move|p1a: Ditto|Roost|p1a: Ditto
|-heal|p1a: Ditto|67/100
|-singleturn|p1a: Ditto|move: Roost
|move|p2a: Corviknight|Bulk Up|p2a: Corviknight
|-boost|p2a: Corviknight|atk|1
|-boost|p2a: Corviknight|def|1
|
|upkeep
|turn|53
|inactive|hypervortexreturns has 60 seconds left.
|
|t:|1661596572
|move|p1a: Ditto|Roost|p1a: Ditto
|-heal|p1a: Ditto|100/100
|-singleturn|p1a: Ditto|move: Roost
|move|p2a: Corviknight|Bulk Up|p2a: Corviknight
|-boost|p2a: Corviknight|atk|1
|-boost|p2a: Corviknight|def|1
|
|upkeep
|turn|54
|inactive|hypervortexreturns has 60 seconds left.
|
|t:|1661596587
|switch|p1a: Landorus|Landorus-Therian, M|92/100
|-ability|p1a: Landorus|Intimidate|boost
|-unboost|p2a: Corviknight|atk|1
|move|p2a: Corviknight|Bulk Up|p2a: Corviknight
|-boost|p2a: Corviknight|atk|1
|-boost|p2a: Corviknight|def|1
|
|-heal|p1a: Landorus|98/100|[from] item: Leftovers
|upkeep
|turn|55
|l| OnlyAce239
|inactive|hypervortexreturns has 60 seconds left.
|
|t:|1661596605
|switch|p1a: Corviknight|Corviknight, F|100/100
|-ability|p1a: Corviknight|Pressure
|move|p2a: Corviknight|Brave Bird|p1a: Corviknight
|-resisted|p1a: Corviknight
|-damage|p1a: Corviknight|74/100
|-damage|p2a: Corviknight|64/100|[from] Recoil
|
|upkeep
|turn|56
|inactive|hypervortexreturns has 60 seconds left.
|
|t:|1661596622
|switch|p1a: Xatu|Xatu, F|100/100
|move|p2a: Corviknight|Taunt|p1a: Xatu
|move|p1a: Xatu|Taunt|p2a: Corviknight|[from]ability: Magic Bounce
|-start|p2a: Corviknight|move: Taunt
|
|upkeep
|turn|57
|
|t:|1661596631
|switch|p1a: Ditto|Ditto|100/100
|-transform|p1a: Ditto|p2a: Corviknight|[from] ability: Imposter
|-ability|p1a: Ditto|Pressure
|move|p2a: Corviknight|Brave Bird|p1a: Ditto
|-resisted|p1a: Ditto
|-damage|p1a: Ditto|85/100
|-damage|p2a: Corviknight|61/100|[from] Recoil
|
|upkeep
|turn|58
|inactive|hypervortexreturns has 60 seconds left.
|
|t:|1661596643
|switch|p2a: Zapdos|Zapdos|100/100
|move|p1a: Ditto|Taunt|p2a: Zapdos
|-start|p2a: Zapdos|move: Taunt
|
|upkeep
|turn|59
|inactive|hypervortexreturns has 60 seconds left.
|
|t:|1661596656
|switch|p2a: Excadrill|Excadrill, M|72/100
|-damage|p2a: Excadrill|69/100|[from] Stealth Rock
|-ability|p2a: Excadrill|Mold Breaker
|switch|p1a: Landorus|Landorus-Therian, M|98/100
|-ability|p1a: Landorus|Intimidate|boost
|-unboost|p2a: Excadrill|atk|1
|
|-heal|p2a: Excadrill|75/100|[from] item: Leftovers
|-heal|p1a: Landorus|100/100|[from] item: Leftovers
|upkeep
|turn|60
|inactive|hypervortexreturns has 60 seconds left.
|
|t:|1661596672
|switch|p2a: Tangrowth|Tangrowth, F|100/100
|-damage|p2a: Tangrowth|88/100|[from] Stealth Rock
|switch|p1a: Blissey|Blissey, F|100/100
|
|upkeep
|turn|61
|
|t:|1661596686
|switch|p2a: Corviknight|Corviknight, M|61/100
|-damage|p2a: Corviknight|48/100|[from] Stealth Rock
|-ability|p2a: Corviknight|Pressure
|move|p1a: Blissey|Seismic Toss|p2a: Corviknight
|-damage|p2a: Corviknight|23/100
|
|upkeep
|turn|62
|l| Titan Toxik
|
|t:|1661596695
|move|p2a: Corviknight|Roost|p2a: Corviknight
|-heal|p2a: Corviknight|73/100
|-singleturn|p2a: Corviknight|move: Roost
|move|p1a: Blissey|Seismic Toss|p2a: Corviknight
|-damage|p2a: Corviknight|48/100
|
|upkeep
|turn|63
|inactive|hypervortexreturns has 60 seconds left.
|
|t:|1661596703
|move|p2a: Corviknight|Roost|p2a: Corviknight
|-heal|p2a: Corviknight|98/100
|-singleturn|p2a: Corviknight|move: Roost
|move|p1a: Blissey|Seismic Toss|p2a: Corviknight
|-damage|p2a: Corviknight|73/100
|
|upkeep
|turn|64
|j| WildWave
|inactive|hypervortexreturns has 60 seconds left.
|
|t:|1661596713
|switch|p2a: Tangrowth|Tangrowth, F|100/100
|-damage|p2a: Tangrowth|88/100|[from] Stealth Rock
|move|p1a: Blissey|Seismic Toss|p2a: Tangrowth
|-damage|p2a: Tangrowth|63/100
|
|upkeep
|turn|65
|inactive|hypervortexreturns has 60 seconds left.
|
|t:|1661596739
|switch|p2a: Excadrill|Excadrill, M|75/100
|-damage|p2a: Excadrill|72/100|[from] Stealth Rock
|-ability|p2a: Excadrill|Mold Breaker
|move|p1a: Blissey|Seismic Toss|p2a: Excadrill
|-damage|p2a: Excadrill|45/100
|
|-heal|p2a: Excadrill|51/100|[from] item: Leftovers
|upkeep
|turn|66
|
|t:|1661596751
|move|p2a: Excadrill|Stealth Rock|p1a: Blissey
|-sidestart|p1: LT94JE 33321|move: Stealth Rock
|move|p1a: Blissey|Seismic Toss|p2a: Excadrill
|-damage|p2a: Excadrill|23/100
|
|-heal|p2a: Excadrill|29/100|[from] item: Leftovers
|upkeep
|turn|67
|
|t:|1661596760
|switch|p1a: Corviknight|Corviknight, F|74/100
|-damage|p1a: Corviknight|62/100|[from] Stealth Rock
|-ability|p1a: Corviknight|Pressure
|move|p2a: Excadrill|Iron Head|p1a: Corviknight
|-resisted|p1a: Corviknight
|-damage|p1a: Corviknight|49/100
|
|-heal|p2a: Excadrill|35/100|[from] item: Leftovers
|upkeep
|turn|68
|inactive|hypervortexreturns has 30 seconds left.
|
|t:|1661596798
|switch|p2a: Corviknight|Corviknight, M|73/100
|-damage|p2a: Corviknight|61/100|[from] Stealth Rock
|-ability|p2a: Corviknight|Pressure
|move|p1a: Corviknight|Defog|p2a: Corviknight
|-unboost|p2a: Corviknight|evasion|1
|-sideend|p2: hypervortexreturns|Stealth Rock|[from] move: Defog|[of] p1a: Corviknight
|-sideend|p1: LT94JE 33321|Stealth Rock|[from] move: Defog|[of] p1a: Corviknight
|
|upkeep
|turn|69
|l| LT94JE Jack G
|inactive|hypervortexreturns has 30 seconds left.
|inactive|hypervortexreturns has 20 seconds left.
|
|t:|1661596814
|move|p2a: Corviknight|Taunt|p1a: Corviknight
|-start|p1a: Corviknight|move: Taunt
|cant|p1a: Corviknight|move: Taunt|Roost
|
|upkeep
|turn|70
|inactive|hypervortexreturns has 30 seconds left this turn.
|inactive|hypervortexreturns has 20 seconds left.
|
|t:|1661596829
|switch|p1a: Landorus|Landorus-Therian, M|100/100
|-ability|p1a: Landorus|Intimidate|boost
|-unboost|p2a: Corviknight|atk|1
|move|p2a: Corviknight|Bulk Up|p2a: Corviknight
|-boost|p2a: Corviknight|atk|1
|-boost|p2a: Corviknight|def|1
|
|upkeep
|turn|71
|inactive|hypervortexreturns has 30 seconds left this turn.
|l| WildWave
|inactive|hypervortexreturns has 20 seconds left.
|
|t:|1661596842
|switch|p1a: Ditto|Ditto|85/100
|-transform|p1a: Ditto|p2a: Corviknight|[from] ability: Imposter
|-ability|p1a: Ditto|Pressure
|move|p2a: Corviknight|Bulk Up|p2a: Corviknight
|-boost|p2a: Corviknight|atk|1
|-boost|p2a: Corviknight|def|1
|
|upkeep
|turn|72
|inactive|hypervortexreturns has 30 seconds left this turn.
|inactive|hypervortexreturns has 20 seconds left.
|inactive|hypervortexreturns has 15 seconds left.
|
|t:|1661596860
|move|p1a: Ditto|Taunt|p2a: Corviknight
|-start|p2a: Corviknight|move: Taunt
|cant|p2a: Corviknight|move: Taunt|Bulk Up
|
|upkeep
|turn|73
|inactive|hypervortexreturns has 25 seconds left this turn.
|inactive|hypervortexreturns has 20 seconds left.
|inactive|hypervortexreturns has 15 seconds left.
|inactive|hypervortexreturns has 10 seconds left.
|
|t:|1661596876
|switch|p1a: Corviknight|Corviknight, F|49/100
|-ability|p1a: Corviknight|Pressure
|switch|p2a: Excadrill|Excadrill, M|35/100
|-ability|p2a: Excadrill|Mold Breaker
|
|-heal|p2a: Excadrill|41/100|[from] item: Leftovers
|upkeep
|turn|74
|inactive|hypervortexreturns has 20 seconds left this turn.
|inactive|hypervortexreturns has 15 seconds left.
|inactive|hypervortexreturns has 10 seconds left.
|
|t:|1661596887
|move|p2a: Excadrill|Stealth Rock|p1a: Corviknight
|-sidestart|p1: LT94JE 33321|move: Stealth Rock
|move|p1a: Corviknight|Roost|p1a: Corviknight
|-heal|p1a: Corviknight|99/100
|-singleturn|p1a: Corviknight|move: Roost
|
|-heal|p2a: Excadrill|47/100|[from] item: Leftovers
|upkeep
|turn|75
|inactive|hypervortexreturns has 20 seconds left this turn.
|inactive|hypervortexreturns has 15 seconds left.
|l| fiaurant
|
|t:|1661596896
|switch|p2a: Zapdos|Zapdos|100/100
|move|p1a: Corviknight|Defog|p2a: Zapdos
|-unboost|p2a: Zapdos|evasion|1
|-sideend|p1: LT94JE 33321|Stealth Rock|[from] move: Defog|[of] p1a: Corviknight
|
|upkeep
|turn|76
|inactive|hypervortexreturns has 25 seconds left this turn.
|inactive|hypervortexreturns has 20 seconds left.
|
|t:|1661596904
|switch|p1a: Blissey|Blissey, F|100/100
|move|p2a: Zapdos|Toxic|p1a: Blissey
|-status|p1a: Blissey|tox
|
|-damage|p1a: Blissey|94/100 tox|[from] psn
|upkeep
|turn|77
|inactive|hypervortexreturns has 30 seconds left this turn.
|
|t:|1661596913
|switch|p2a: Corviknight|Corviknight, M|61/100
|-ability|p2a: Corviknight|Pressure
|move|p1a: Blissey|Seismic Toss|p2a: Corviknight
|-damage|p2a: Corviknight|36/100
|
|-damage|p1a: Blissey|82/100 tox|[from] psn
|upkeep
|turn|78
|inactive|hypervortexreturns has 30 seconds left.
|
|t:|1661596923
|move|p2a: Corviknight|Roost|p2a: Corviknight
|-heal|p2a: Corviknight|86/100
|-singleturn|p2a: Corviknight|move: Roost
|move|p1a: Blissey|Stealth Rock|p2a: Corviknight
|-sidestart|p2: hypervortexreturns|move: Stealth Rock
|
|-damage|p1a: Blissey|64/100 tox|[from] psn
|upkeep
|turn|79
|inactive|hypervortexreturns has 30 seconds left.
|
|t:|1661596932
|-curestatus|p1a: Blissey|tox|[from] ability: Natural Cure
|switch|p1a: Landorus|Landorus-Therian, M|100/100
|-ability|p1a: Landorus|Intimidate|boost
|-unboost|p2a: Corviknight|atk|1
|move|p2a: Corviknight|Bulk Up|p2a: Corviknight
|-boost|p2a: Corviknight|atk|1
|-boost|p2a: Corviknight|def|1
|
|upkeep
|turn|80
|
|t:|1661596943
|switch|p1a: Ditto|Ditto|85/100
|-transform|p1a: Ditto|p2a: Corviknight|[from] ability: Imposter
|-ability|p1a: Ditto|Pressure
|move|p2a: Corviknight|Taunt|p1a: Ditto
|-start|p1a: Ditto|move: Taunt
|
|upkeep
|turn|81
|
|t:|1661596955
|switch|p1a: Landorus|Landorus-Therian, M|100/100
|-ability|p1a: Landorus|Intimidate|boost
|-unboost|p2a: Corviknight|atk|1
|move|p2a: Corviknight|Bulk Up|p2a: Corviknight
|-boost|p2a: Corviknight|atk|1
|-boost|p2a: Corviknight|def|1
|
|upkeep
|turn|82
|
|t:|1661596966
|switch|p1a: Ditto|Ditto|85/100
|-transform|p1a: Ditto|p2a: Corviknight|[from] ability: Imposter
|-ability|p1a: Ditto|Pressure
|move|p2a: Corviknight|Brave Bird|p1a: Ditto
|-resisted|p1a: Ditto
|-damage|p1a: Ditto|74/100
|-damage|p2a: Corviknight|83/100|[from] Recoil
|
|upkeep
|turn|83
|
|t:|1661596978
|move|p1a: Ditto|Taunt|p2a: Corviknight
|-start|p2a: Corviknight|move: Taunt
|cant|p2a: Corviknight|move: Taunt|Bulk Up
|
|upkeep
|turn|84
|
|t:|1661596984
|switch|p1a: Corviknight|Corviknight, F|99/100
|-ability|p1a: Corviknight|Pressure
|switch|p2a: Zapdos|Zapdos|100/100
|
|upkeep
|turn|85
|
|t:|1661596992
|switch|p1a: Blissey|Blissey, F|64/100
|move|p2a: Zapdos|Hurricane|p1a: Blissey|[miss]
|-miss|p2a: Zapdos|p1a: Blissey
|
|upkeep
|turn|86
|
|t:|1661597001
|switch|p2a: Tangrowth|Tangrowth, F|97/100
|-damage|p2a: Tangrowth|84/100|[from] Stealth Rock
|move|p1a: Blissey|Toxic|p2a: Tangrowth
|-status|p2a: Tangrowth|tox
|
|-damage|p2a: Tangrowth|78/100 tox|[from] psn
|upkeep
|turn|87
|inactive|hypervortexreturns has 60 seconds left.
|
|t:|1661597013
|move|p1a: Blissey|Soft-Boiled|p1a: Blissey
|-heal|p1a: Blissey|100/100
|move|p2a: Tangrowth|Power Whip|p1a: Blissey|[miss]
|-miss|p2a: Tangrowth|p1a: Blissey
|
|-damage|p2a: Tangrowth|66/100 tox|[from] psn
|upkeep
|turn|88
|inactive|hypervortexreturns has 60 seconds left.
|
|t:|1661597021
|move|p1a: Blissey|Seismic Toss|p2a: Tangrowth
|-damage|p2a: Tangrowth|41/100 tox
|move|p2a: Tangrowth|Sleep Powder|p1a: Blissey
|-status|p1a: Blissey|slp|[from] move: Sleep Powder
|
|-damage|p2a: Tangrowth|22/100 tox|[from] psn
|upkeep
|turn|89
|inactive|hypervortexreturns has 60 seconds left.
|
|t:|1661597033
|-curestatus|p1a: Blissey|slp|[from] ability: Natural Cure
|switch|p1a: Ditto|Ditto|74/100
|-transform|p1a: Ditto|p2a: Tangrowth|[from] ability: Imposter
|switch|p2a: Hydreigon|Hydreigon, F|100/100
|-damage|p2a: Hydreigon|88/100|[from] Stealth Rock
|
|-heal|p2a: Hydreigon|94/100|[from] item: Leftovers
|upkeep
|turn|90
|j| Eissen01
|inactive|hypervortexreturns has 60 seconds left.
|
|t:|1661597047
|switch|p1a: Blissey|Blissey, F|100/100
|move|p2a: Hydreigon|Nasty Plot|p2a: Hydreigon
|-boost|p2a: Hydreigon|spa|2
|
|-heal|p2a: Hydreigon|100/100|[from] item: Leftovers
|upkeep
|turn|91
|j| fiaurant
|
|t:|1661597056
|switch|p2a: Corviknight|Corviknight, M|83/100
|-damage|p2a: Corviknight|70/100|[from] Stealth Rock
|-ability|p2a: Corviknight|Pressure
|move|p1a: Blissey|Toxic|p2a: Corviknight
|-immune|p2a: Corviknight
|
|upkeep
|turn|92
|
|t:|1661597066
|move|p2a: Corviknight|Taunt|p1a: Blissey
|-start|p1a: Blissey|move: Taunt
|move|p1a: Blissey|Seismic Toss|p2a: Corviknight
|-damage|p2a: Corviknight|45/100
|
|upkeep
|turn|93
|
|t:|1661597074
|switch|p1a: Landorus|Landorus-Therian, M|100/100
|-ability|p1a: Landorus|Intimidate|boost
|-unboost|p2a: Corviknight|atk|1
|move|p2a: Corviknight|Roost|p2a: Corviknight
|-heal|p2a: Corviknight|95/100
|-singleturn|p2a: Corviknight|move: Roost
|
|upkeep
|turn|94
|
|t:|1661597087
|switch|p1a: Ditto|Ditto|100/100
|-transform|p1a: Ditto|p2a: Corviknight|[from] ability: Imposter
|-ability|p1a: Ditto|Pressure
|switch|p2a: Tangrowth|Tangrowth, F|55/100 tox
|-damage|p2a: Tangrowth|43/100 tox|[from] Stealth Rock
|
|-damage|p2a: Tangrowth|37/100 tox|[from] psn
|upkeep
|turn|95
|
|t:|1661597099
|switch|p1a: Xatu|Xatu, F|100/100
|switch|p2a: Zapdos|Zapdos|100/100
|
|upkeep
|turn|96
|l| yvyxv
|
|t:|1661597106
|switch|p1a: Blissey|Blissey, F|100/100
|move|p2a: Zapdos|Discharge|p1a: Blissey
|-damage|p1a: Blissey|88/100
|
|upkeep
|turn|97
|
|t:|1661597114
|switch|p2a: Tangrowth|Tangrowth, F|70/100 tox
|-damage|p2a: Tangrowth|58/100 tox|[from] Stealth Rock
|switch|p1a: Xatu|Xatu, F|100/100
|
|-damage|p2a: Tangrowth|51/100 tox|[from] psn
|upkeep
|turn|98
|
|t:|1661597124
|switch|p2a: Zapdos|Zapdos|100/100
|move|p1a: Xatu|Night Shade|p2a: Zapdos
|-damage|p2a: Zapdos|74/100
|
|upkeep
|turn|99
|
|t:|1661597131
|switch|p1a: Landorus|Landorus-Therian, M|100/100
|-ability|p1a: Landorus|Intimidate|boost
|-unboost|p2a: Zapdos|atk|1
|move|p2a: Zapdos|Hurricane|p1a: Landorus
|-damage|p1a: Landorus|64/100
|
|-heal|p1a: Landorus|70/100|[from] item: Leftovers
|upkeep
|turn|100
|
|t:|1661597146
|move|p2a: Zapdos|Hurricane|p1a: Landorus
|-damage|p1a: Landorus|35/100
|-start|p1a: Landorus|confusion
|-activate|p1a: Landorus|confusion
|-damage|p1a: Landorus|22/100|[from] confusion
|
|-heal|p1a: Landorus|29/100|[from] item: Leftovers
|upkeep
|turn|101
|l| Eissen01
|
|t:|1661597156
|switch|p1a: Blissey|Blissey, F|88/100
|move|p2a: Zapdos|Hurricane|p1a: Blissey
|-damage|p1a: Blissey|71/100
|-start|p1a: Blissey|confusion
|
|upkeep
|turn|102
|l| fiaurant
|
|t:|1661597171
|switch|p2a: Tangrowth|Tangrowth, F|85/100 tox
|-damage|p2a: Tangrowth|72/100 tox|[from] Stealth Rock
|-activate|p1a: Blissey|confusion
|move|p1a: Blissey|Toxic|p2a: Tangrowth
|-fail|p2a: Tangrowth|tox
|
|-damage|p2a: Tangrowth|66/100 tox|[from] psn
|upkeep
|turn|103
|j| yvyxv
|inactive|hypervortexreturns has 60 seconds left.
|
|t:|1661597181
|switch|p1a: Xatu|Xatu, F|100/100
|move|p2a: Tangrowth|Power Whip|p1a: Xatu
|-resisted|p1a: Xatu
|-damage|p1a: Xatu|75/100
|
|-heal|p1a: Xatu|81/100|[from] item: Leftovers
|-damage|p2a: Tangrowth|54/100 tox|[from] psn
|upkeep
|turn|104
|inactive|hypervortexreturns has 60 seconds left.
|
|t:|1661597192
|switch|p1a: Blissey|Blissey, F|71/100
|switch|p2a: Zapdos|Zapdos|74/100
|
|upkeep
|turn|105
|
|t:|1661597200
|switch|p2a: Tangrowth|Tangrowth, F|87/100 tox
|-damage|p2a: Tangrowth|75/100 tox|[from] Stealth Rock
|move|p1a: Blissey|Soft-Boiled|p1a: Blissey
|-heal|p1a: Blissey|100/100
|
|-damage|p2a: Tangrowth|68/100 tox|[from] psn
|upkeep
|turn|106
|
|t:|1661597213
|switch|p1a: Ditto|Ditto|100/100
|-transform|p1a: Ditto|p2a: Tangrowth|[from] ability: Imposter
|move|p2a: Tangrowth|Sleep Powder|p1a: Ditto
|-immune|p1a: Ditto
|
|-damage|p2a: Tangrowth|56/100 tox|[from] psn
|upkeep
|turn|107
|
|t:|1661597227
|switch|p2a: Corviknight|Corviknight, M|95/100
|-damage|p2a: Corviknight|83/100|[from] Stealth Rock
|-ability|p2a: Corviknight|Pressure
|move|p1a: Ditto|Knock Off|p2a: Corviknight
|-damage|p2a: Corviknight|69/100
|
|upkeep
|turn|108
|
|t:|1661597239
|switch|p1a: Landorus|Landorus-Therian, M|29/100
|-ability|p1a: Landorus|Intimidate|boost
|-unboost|p2a: Corviknight|atk|1
|move|p2a: Corviknight|Taunt|p1a: Landorus
|-start|p1a: Landorus|move: Taunt
|
|-heal|p1a: Landorus|35/100|[from] item: Leftovers
|upkeep
|turn|109
|
|t:|1661597251
|switch|p1a: Ditto|Ditto|100/100
|-transform|p1a: Ditto|p2a: Corviknight|[from] ability: Imposter
|-ability|p1a: Ditto|Pressure
|move|p2a: Corviknight|Brave Bird|p1a: Ditto
|-resisted|p1a: Ditto
|-crit|p1a: Ditto
|-damage|p1a: Ditto|72/100
|-damage|p2a: Corviknight|62/100|[from] Recoil
|
|upkeep
|turn|110
|inactive|hypervortexreturns has 30 seconds left.
|
|t:|1661597263
|switch|p2a: Zapdos|Zapdos|74/100
|move|p1a: Ditto|Taunt|p2a: Zapdos
|-start|p2a: Zapdos|move: Taunt
|
|upkeep
|turn|111
|inactive|hypervortexreturns has 30 seconds left.
|
|t:|1661597273
|switch|p1a: Blissey|Blissey, F|100/100
|move|p2a: Zapdos|Hurricane|p1a: Blissey
|-damage|p1a: Blissey|84/100
|
|upkeep
|turn|112
|inactive|hypervortexreturns has 30 seconds left this turn.
|j| TooBadImBad
|
|t:|1661597283
|switch|p2a: Corviknight|Corviknight, M|62/100
|-damage|p2a: Corviknight|50/100|[from] Stealth Rock
|-ability|p2a: Corviknight|Pressure
|switch|p1a: Landorus|Landorus-Therian, M|35/100
|-ability|p1a: Landorus|Intimidate|boost
|-unboost|p2a: Corviknight|atk|1
|
|-heal|p1a: Landorus|41/100|[from] item: Leftovers
|upkeep
|turn|113
|inactive|hypervortexreturns has 30 seconds left this turn.
|inactive|hypervortexreturns has 20 seconds left.
|
|t:|1661597297
|switch|p1a: Ditto|Ditto|72/100
|-transform|p1a: Ditto|p2a: Corviknight|[from] ability: Imposter
|-ability|p1a: Ditto|Pressure
|move|p2a: Corviknight|Roost|p2a: Corviknight
|-heal|p2a: Corviknight|99/100
|-singleturn|p2a: Corviknight|move: Roost
|
|upkeep
|turn|114
|inactive|hypervortexreturns has 25 seconds left this turn.
|inactive|hypervortexreturns has 20 seconds left.
|inactive|hypervortexreturns has 15 seconds left.
|
|t:|1661597308
|switch|p1a: Landorus|Landorus-Therian, M|41/100
|-ability|p1a: Landorus|Intimidate|boost
|-unboost|p2a: Corviknight|atk|1
|switch|p2a: Zapdos|Zapdos|74/100
|
|-heal|p1a: Landorus|47/100|[from] item: Leftovers
|upkeep
|turn|115
|inactive|hypervortexreturns has 20 seconds left this turn.
|inactive|hypervortexreturns has 15 seconds left.
|
|t:|1661597318
|move|p2a: Zapdos|Toxic|p1a: Landorus
|-status|p1a: Landorus|tox
|move|p1a: Landorus|Knock Off|p2a: Zapdos
|-damage|p2a: Zapdos|43/100
|-enditem|p2a: Zapdos|Heavy-Duty Boots|[from] move: Knock Off|[of] p1a: Landorus
|
|-heal|p1a: Landorus|53/100 tox|[from] item: Leftovers
|-damage|p1a: Landorus|47/100 tox|[from] psn
|upkeep
|turn|116
|inactive|hypervortexreturns has 20 seconds left this turn.
|inactive|hypervortexreturns has 15 seconds left.
|inactive|hypervortexreturns has 10 seconds left.
|
|t:|1661597328
|move|p2a: Zapdos|Hurricane|p1a: Landorus
|-damage|p1a: Landorus|15/100 tox
|-start|p1a: Landorus|confusion
|-activate|p1a: Landorus|confusion
|-damage|p1a: Landorus|4/100 tox|[from] confusion
|
|-heal|p1a: Landorus|10/100 tox|[from] item: Leftovers
|-damage|p1a: Landorus|0 fnt|[from] psn
|faint|p1a: Landorus
|upkeep
|inactive|hypervortexreturns has 15 seconds left this turn.
|l| LT94JE adreamew
|
|t:|1661597343
|switch|p1a: Ditto|Ditto|72/100
|-transform|p1a: Ditto|p2a: Zapdos|[from] ability: Imposter
|turn|117
|inactive|hypervortexreturns has 20 seconds left this turn.
|inactive|hypervortexreturns has 15 seconds left.
|
|t:|1661597349
|move|p1a: Ditto|Toxic|p2a: Zapdos
|-status|p2a: Zapdos|tox
|move|p2a: Zapdos|Toxic|p1a: Ditto
|-status|p1a: Ditto|tox
|
|-damage|p1a: Ditto|66/100 tox|[from] psn
|-damage|p2a: Zapdos|37/100 tox|[from] psn
|upkeep
|turn|118
|inactive|hypervortexreturns has 20 seconds left this turn.
|j| minglingoo
|j| Eissen01
|inactive|hypervortexreturns has 15 seconds left.
|
|t:|1661597358
|switch|p1a: Xatu|Xatu, F|81/100
|switch|p2a: Corviknight|Corviknight, M|99/100
|-damage|p2a: Corviknight|87/100|[from] Stealth Rock
|-ability|p2a: Corviknight|Pressure
|
|-heal|p1a: Xatu|87/100|[from] item: Leftovers
|upkeep
|turn|119
|inactive|hypervortexreturns has 20 seconds left this turn.
|l| minglingoo
|inactive|hypervortexreturns has 15 seconds left.
|inactive|hypervortexreturns has 10 seconds left.
|
|t:|1661597369
|move|p1a: Xatu|Night Shade|p2a: Corviknight
|-damage|p2a: Corviknight|62/100
|move|p2a: Corviknight|Bulk Up|p2a: Corviknight
|-boost|p2a: Corviknight|atk|1
|-boost|p2a: Corviknight|def|1
|
|-heal|p1a: Xatu|93/100|[from] item: Leftovers
|upkeep
|turn|120
|inactive|hypervortexreturns has 15 seconds left this turn.
|j| LT94JE adreamew
|inactive|hypervortexreturns has 10 seconds left.
|
|t:|1661597378
|switch|p1a: Ditto|Ditto|66/100 tox
|-transform|p1a: Ditto|p2a: Corviknight|[from] ability: Imposter
|-ability|p1a: Ditto|Pressure
|move|p2a: Corviknight|Bulk Up|p2a: Corviknight
|-boost|p2a: Corviknight|atk|1
|-boost|p2a: Corviknight|def|1
|
|-damage|p1a: Ditto|60/100 tox|[from] psn
|upkeep
|turn|121
|inactive|hypervortexreturns has 15 seconds left this turn.
|inactive|hypervortexreturns has 10 seconds left.
|inactive|hypervortexreturns has 5 seconds left.
|j| fiaurant
|
|t:|1661597390
|switch|p2a: Zapdos|Zapdos|37/100 tox
|-damage|p2a: Zapdos|12/100 tox|[from] Stealth Rock
|move|p1a: Ditto|Roost|p1a: Ditto
|-heal|p1a: Ditto|100/100 tox
|-singleturn|p1a: Ditto|move: Roost
|
|-damage|p2a: Zapdos|6/100 tox|[from] psn
|-damage|p1a: Ditto|88/100 tox|[from] psn
|upkeep
|turn|122
|inactive|hypervortexreturns has 10 seconds left this turn.
|j| roboPOKE
|inactive|hypervortexreturns has 5 seconds left.
|j| hiffa
|-message|hypervortexreturns lost due to inactivity.
|
|win|LT94JE 33321
|raw|LT94JE 33321's rating: 1816 &rarr; <strong>1834</strong><br />(+18 for winning)
|raw|hypervortexreturns's rating: 1785 &rarr; <strong>1767</strong><br />(-18 for losing)
|l|☆LT94JE 33321
|l| fiaurant
|l| Eissen01
|l| hiffa
|l|‽hypervortexreturns
|l| roboPOKE
