|html|<div class="broadcast-blue"><strong>[Gen 8] OU is currently suspecting Melmetal! For information on how to participate check out the <a href="https://www.smogon.com/forums/threads/np-ss-ou-suspect-process-round-12-monster-mash.3709234/">suspect thread</a>.</strong></div>
|j|☆zrq666
|j|☆ChandosH
|t:|1665894375
|gametype|singles
|player|p1|zrq666|lady-gen4|1365
|player|p2|ChandosH|n-masters|1439
|teamsize|p1|6
|teamsize|p2|6
|gen|8
|tier|[Gen 8] OU
|rated|
|rule|Sleep Clause Mod: Limit one foe put to sleep
|rule|Species Clause: Limit one of each Pokémon
|rule|OHKO Clause: OHKO moves are banned
|rule|Evasion Items Clause: Evasion items are banned
|rule|Evasion Moves Clause: Evasion moves are banned
|rule|Endless Battle Clause: Forcing endless battles is banned
|rule|HP Percentage Mod: HP is shown in percentages
|rule|Dynamax Clause: You cannot dynamax
|clearpoke
|poke|p1|Blaziken, F|
|poke|p1|Grimmsnarl, M|
|poke|p1|Kartana|
|poke|p1|Dragapult, M|
|poke|p1|Cloyster, F|
|poke|p1|Ninetales-Alola, F|
|poke|p2|Moltres-Galar|
|poke|p2|Crawdaunt, F|
|poke|p2|Bronzong|
|poke|p2|Landorus-Therian, M|
|poke|p2|Hydreigon, M|
|poke|p2|Zapdos|
|teampreview
|inactive|Battle timer is ON: inactive players will automatically lose when time's up. (requested by zrq666)
|
|t:|1665894401
|start
|switch|p1a: Ninetales|Ninetales-Alola, F|100/100
|switch|p2a: Bronzong|Bronzong|100/100
|-weather|Hail|[from] ability: Snow Warning|[of] p1a: Ninetales
|turn|1
|
|t:|1665894409
|move|p1a: Ninetales|Aurora Veil|p1a: Ninetales
|-sidestart|p1: zrq666|move: Aurora Veil
|move|p2a: Bronzong|Iron Defense|p2a: Bronzong
|-boost|p2a: Bronzong|def|2
|
|-weather|Hail|[upkeep]
|-damage|p2a: Bronzong|94/100|[from] Hail
|-heal|p2a: Bronzong|100/100|[from] item: Leftovers
|upkeep
|turn|2
|
|t:|1665894422
|move|p1a: Ninetales|Hypnosis|p2a: Bronzong
|-status|p2a: Bronzong|slp|[from] move: Hypnosis
|cant|p2a: Bronzong|slp
|
|-weather|Hail|[upkeep]
|-damage|p2a: Bronzong|94/100 slp|[from] Hail
|-heal|p2a: Bronzong|100/100 slp|[from] item: Leftovers
|upkeep
|turn|3
|
|t:|1665894439
|switch|p1a: Blaziken|Blaziken, F, shiny|100/100
|-curestatus|p2a: Bronzong|slp|[msg]
|move|p2a: Bronzong|Toxic|p1a: Blaziken
|-status|p1a: Blaziken|tox
|
|-weather|Hail|[upkeep]
|-damage|p1a: Blaziken|95/100 tox|[from] Hail
|-damage|p2a: Bronzong|94/100|[from] Hail
|-heal|p1a: Blaziken|100/100 tox|[from] item: Leftovers
|-heal|p2a: Bronzong|100/100|[from] item: Leftovers
|-damage|p1a: Blaziken|95/100 tox|[from] psn
|upkeep
|turn|4
|
|t:|1665894454
|move|p1a: Blaziken|Swords Dance|p1a: Blaziken
|-boost|p1a: Blaziken|atk|2
|move|p2a: Bronzong|Iron Defense|p2a: Bronzong
|-boost|p2a: Bronzong|def|2
|
|-weather|Hail|[upkeep]
|-damage|p1a: Blaziken|89/100 tox|[from] Hail
|-damage|p2a: Bronzong|94/100|[from] Hail
|-heal|p1a: Blaziken|95/100 tox|[from] item: Leftovers
|-heal|p2a: Bronzong|100/100|[from] item: Leftovers
|-damage|p1a: Blaziken|83/100 tox|[from] psn
|-ability|p1a: Blaziken|Speed Boost|boost
|-boost|p1a: Blaziken|spe|1
|upkeep
|turn|5
|
|t:|1665894475
|move|p1a: Blaziken|Flare Blitz|p2a: Bronzong
|-supereffective|p2a: Bronzong
|-damage|p2a: Bronzong|24/100
|-damage|p1a: Blaziken|54/100 tox|[from] Recoil
|move|p2a: Bronzong|Body Press|p1a: Blaziken
|-damage|p1a: Blaziken|7/100 tox
|
|-weather|none
|-heal|p1a: Blaziken|13/100 tox|[from] item: Leftovers
|-heal|p2a: Bronzong|30/100|[from] item: Leftovers
|-damage|p1a: Blaziken|0 fnt|[from] psn
|faint|p1a: Blaziken
|upkeep
|inactive|zrq666 has 120 seconds left.
|
|t:|1665894491
|switch|p1a: Dragapult|Dragapult, M|100/100
|turn|6
|inactive|zrq666 has 120 seconds left.
|
|t:|1665894497
|move|p2a: Bronzong|Protect|p2a: Bronzong
|-singleturn|p2a: Bronzong|Protect
|move|p1a: Dragapult|Dragon Dance|p1a: Dragapult
|-boost|p1a: Dragapult|atk|1
|-boost|p1a: Dragapult|spe|1
|
|-heal|p2a: Bronzong|37/100|[from] item: Leftovers
|upkeep
|turn|7
|
|t:|1665894506
|move|p1a: Dragapult|Flamethrower|p2a: Bronzong
|-supereffective|p2a: Bronzong
|-damage|p2a: Bronzong|11/100
|move|p2a: Bronzong|Toxic|p1a: Dragapult
|-status|p1a: Dragapult|tox
|
|-heal|p2a: Bronzong|17/100|[from] item: Leftovers
|-damage|p1a: Dragapult|94/100 tox|[from] psn
|upkeep
|turn|8
|
|t:|1665894517
|move|p2a: Bronzong|Protect|p2a: Bronzong
|-singleturn|p2a: Bronzong|Protect
|move|p1a: Dragapult|Dragon Dance|p1a: Dragapult
|-boost|p1a: Dragapult|atk|1
|-boost|p1a: Dragapult|spe|1
|
|-heal|p2a: Bronzong|24/100|[from] item: Leftovers
|-damage|p1a: Dragapult|82/100 tox|[from] psn
|-sideend|p1: zrq666|move: Aurora Veil
|upkeep
|turn|9
|inactive|zrq666 has 120 seconds left.
|
|t:|1665894534
|move|p2a: Bronzong|Protect|p2a: Bronzong
|-singleturn|p2a: Bronzong|Protect
|move|p1a: Dragapult|Flamethrower|p2a: Bronzong
|-activate|p2a: Bronzong|move: Protect
|
|-heal|p2a: Bronzong|30/100|[from] item: Leftovers
|-damage|p1a: Dragapult|64/100 tox|[from] psn
|upkeep
|turn|10
|inactive|zrq666 has 120 seconds left.
|
|t:|1665894546
|move|p1a: Dragapult|Dragon Darts|p2a: Bronzong
|-resisted|p2a: Bronzong
|-damage|p2a: Bronzong|22/100
|-anim|p1a: Dragapult|Dragon Darts|p2a: Bronzong
|-resisted|p2a: Bronzong
|-damage|p2a: Bronzong|13/100
|move|p2a: Bronzong|Iron Defense|p2a: Bronzong
|-boost|p2a: Bronzong|def|2
|
|-heal|p2a: Bronzong|19/100|[from] item: Leftovers
|-damage|p1a: Dragapult|40/100 tox|[from] psn
|upkeep
|turn|11
|inactive|zrq666 has 120 seconds left.
|
|t:|1665894560
|move|p1a: Dragapult|Phantom Force||[still]
|-prepare|p1a: Dragapult|Phantom Force
|move|p2a: Bronzong|Body Press|p1a: Dragapult|[miss]
|-miss|p2a: Bronzong|p1a: Dragapult
|
|-heal|p2a: Bronzong|26/100|[from] item: Leftovers
|-damage|p1a: Dragapult|9/100 tox|[from] psn
|upkeep
|turn|12
|inactive|ChandosH has 120 seconds left.
|
|t:|1665894591
|switch|p2a: Hydreigon|Hydreigon, M|100/100
|move|p1a: Dragapult|Phantom Force|p2a: Hydreigon|[from]lockedmove
|-resisted|p2a: Hydreigon
|-damage|p2a: Hydreigon|46/100
|
|-heal|p2a: Hydreigon|52/100|[from] item: Leftovers
|-damage|p1a: Dragapult|0 fnt|[from] psn
|faint|p1a: Dragapult
|upkeep
|inactive|zrq666 has 120 seconds left.
|
|t:|1665894606
|switch|p1a: Ninetales|Ninetales-Alola, F|100/100
|-weather|Hail|[from] ability: Snow Warning|[of] p1a: Ninetales
|turn|13
|
|t:|1665894616
|move|p1a: Ninetales|Aurora Veil|p1a: Ninetales
|-sidestart|p1: zrq666|move: Aurora Veil
|move|p2a: Hydreigon|Earth Power|p1a: Ninetales
|-damage|p1a: Ninetales|86/100
|
|-weather|Hail|[upkeep]
|-damage|p2a: Hydreigon|46/100|[from] Hail
|-heal|p2a: Hydreigon|52/100|[from] item: Leftovers
|upkeep
|turn|14
|
|t:|1665894626
|move|p1a: Ninetales|Hypnosis|p2a: Hydreigon
|-status|p2a: Hydreigon|slp|[from] move: Hypnosis
|cant|p2a: Hydreigon|slp
|
|-weather|Hail|[upkeep]
|-damage|p2a: Hydreigon|46/100 slp|[from] Hail
|-heal|p2a: Hydreigon|52/100 slp|[from] item: Leftovers
|upkeep
|turn|15
|
|t:|1665894635
|move|p1a: Ninetales|Freeze-Dry|p2a: Hydreigon
|-supereffective|p2a: Hydreigon
|-damage|p2a: Hydreigon|4/100 slp
|cant|p2a: Hydreigon|slp
|
|-weather|Hail|[upkeep]
|-damage|p2a: Hydreigon|0 fnt|[from] Hail
|faint|p2a: Hydreigon
|upkeep
|
|t:|1665894643
|switch|p2a: Bronzong|Bronzong|26/100
|turn|16
|
|t:|1665894650
|move|p1a: Ninetales|Hypnosis|p2a: Bronzong
|-status|p2a: Bronzong|slp|[from] move: Hypnosis
|cant|p2a: Bronzong|slp
|
|-weather|Hail|[upkeep]
|-damage|p2a: Bronzong|19/100 slp|[from] Hail
|-heal|p2a: Bronzong|26/100 slp|[from] item: Leftovers
|upkeep
|turn|17
|
|t:|1665894661
|switch|p1a: Cloyster|Cloyster, F|100/100
|-curestatus|p2a: Bronzong|slp|[msg]
|move|p2a: Bronzong|Toxic|p1a: Cloyster
|-status|p1a: Cloyster|tox
|
|-weather|none
|-heal|p2a: Bronzong|32/100|[from] item: Leftovers
|-damage|p1a: Cloyster|94/100 tox|[from] psn
|upkeep
|turn|18
|
|t:|1665894673
|move|p1a: Cloyster|Shell Smash|p1a: Cloyster
|-unboost|p1a: Cloyster|def|1
|-unboost|p1a: Cloyster|spd|1
|-boost|p1a: Cloyster|atk|2
|-boost|p1a: Cloyster|spa|2
|-boost|p1a: Cloyster|spe|2
|move|p2a: Bronzong|Iron Defense|p2a: Bronzong
|-boost|p2a: Bronzong|def|2
|
|-heal|p2a: Bronzong|38/100|[from] item: Leftovers
|-damage|p1a: Cloyster|82/100 tox|[from] psn
|upkeep
|turn|19
|
|t:|1665894685
|move|p2a: Bronzong|Protect|p2a: Bronzong
|-singleturn|p2a: Bronzong|Protect
|move|p1a: Cloyster|Shell Smash|p1a: Cloyster
|-unboost|p1a: Cloyster|def|1
|-unboost|p1a: Cloyster|spd|1
|-boost|p1a: Cloyster|atk|2
|-boost|p1a: Cloyster|spa|2
|-boost|p1a: Cloyster|spe|2
|
|-heal|p2a: Bronzong|44/100|[from] item: Leftovers
|-damage|p1a: Cloyster|63/100 tox|[from] psn
|upkeep
|turn|20
|
|t:|1665894697
|move|p1a: Cloyster|Icicle Spear|p2a: Bronzong
|-resisted|p2a: Bronzong
|-damage|p2a: Bronzong|37/100
|-resisted|p2a: Bronzong
|-damage|p2a: Bronzong|30/100
|-resisted|p2a: Bronzong
|-damage|p2a: Bronzong|22/100
|-resisted|p2a: Bronzong
|-damage|p2a: Bronzong|15/100
|-resisted|p2a: Bronzong
|-damage|p2a: Bronzong|8/100
|-hitcount|p2a: Bronzong|5
|move|p2a: Bronzong|Iron Defense|p2a: Bronzong
|-boost|p2a: Bronzong|def|2
|
|-heal|p2a: Bronzong|15/100|[from] item: Leftovers
|-damage|p1a: Cloyster|39/100 tox|[from] psn
|-sideend|p1: zrq666|move: Aurora Veil
|upkeep
|turn|21
|
|t:|1665894717
|switch|p1a: Ninetales|Ninetales-Alola, F|86/100
|-weather|Hail|[from] ability: Snow Warning|[of] p1a: Ninetales
|move|p2a: Bronzong|Iron Defense|p2a: Bronzong
|-boost|p2a: Bronzong|def|2
|
|-weather|Hail|[upkeep]
|-damage|p2a: Bronzong|8/100|[from] Hail
|-heal|p2a: Bronzong|15/100|[from] item: Leftovers
|upkeep
|turn|22
|
|t:|1665894728
|move|p1a: Ninetales|Freeze-Dry|p2a: Bronzong
|-resisted|p2a: Bronzong
|-damage|p2a: Bronzong|8/100
|move|p2a: Bronzong|Body Press|p1a: Ninetales
|-damage|p1a: Ninetales|0 fnt
|faint|p1a: Ninetales
|
|-weather|Hail|[upkeep]
|-damage|p2a: Bronzong|2/100|[from] Hail
|-heal|p2a: Bronzong|8/100|[from] item: Leftovers
|upkeep
|
|t:|1665894740
|switch|p1a: Grimmsnarl|Grimmsnarl, M|100/100
|turn|23
|
|t:|1665894748
|move|p1a: Grimmsnarl|Taunt|p2a: Bronzong
|-start|p2a: Bronzong|move: Taunt
|move|p2a: Bronzong|Body Press|p1a: Grimmsnarl
|-damage|p1a: Grimmsnarl|10/100
|
|-weather|Hail|[upkeep]
|-damage|p1a: Grimmsnarl|4/100|[from] Hail
|-damage|p2a: Bronzong|2/100|[from] Hail
|-heal|p2a: Bronzong|8/100|[from] item: Leftovers
|upkeep
|turn|24
|
|t:|1665894760
|move|p1a: Grimmsnarl|Reflect|p1a: Grimmsnarl
|-sidestart|p1: zrq666|Reflect
|move|p2a: Bronzong|Body Press|p1a: Grimmsnarl
|-damage|p1a: Grimmsnarl|0 fnt
|faint|p1a: Grimmsnarl
|
|-weather|Hail|[upkeep]
|-damage|p2a: Bronzong|2/100|[from] Hail
|-heal|p2a: Bronzong|8/100|[from] item: Leftovers
|upkeep
|
|t:|1665894772
|switch|p1a: Kartana|Kartana|100/100
|turn|25
|
|t:|1665894778
|switch|p2a: Landorus|Landorus-Therian, M|100/100
|-ability|p2a: Landorus|Intimidate|boost
|-unboost|p1a: Kartana|atk|1
|move|p1a: Kartana|Sacred Sword|p2a: Landorus
|-resisted|p2a: Landorus
|-damage|p2a: Landorus|88/100
|
|-weather|none
|-heal|p2a: Landorus|94/100|[from] item: Leftovers
|upkeep
|turn|26
|
|t:|1665894789
|switch|p2a: Zapdos|Zapdos|100/100
|move|p1a: Kartana|Swords Dance|p1a: Kartana
|-boost|p1a: Kartana|atk|2
|
|upkeep
|turn|27
|
|t:|1665894806
|move|p1a: Kartana|Knock Off|p2a: Zapdos
|-damage|p2a: Zapdos|47/100
|-enditem|p2a: Zapdos|Heavy-Duty Boots|[from] move: Knock Off|[of] p1a: Kartana
|move|p2a: Zapdos|Hurricane|p1a: Kartana
|-damage|p1a: Kartana|0 fnt
|faint|p1a: Kartana
|
|upkeep
|
|t:|1665894815
|switch|p1a: Cloyster|Cloyster, F|39/100 tox
|turn|28
|c|☆ChandosH|Gg
|
|t:|1665894825
|move|p1a: Cloyster|Ice Shard|p2a: Zapdos
|-supereffective|p2a: Zapdos
|-damage|p2a: Zapdos|22/100
|move|p2a: Zapdos|Volt Switch|p1a: Cloyster
|-supereffective|p1a: Cloyster
|-damage|p1a: Cloyster|0 fnt
|faint|p1a: Cloyster
|
|win|ChandosH
|raw|zrq666's rating: 1365 &rarr; <strong>1349</strong><br />(-16 for losing)
|raw|ChandosH's rating: 1439 &rarr; <strong>1455</strong><br />(+16 for winning)
|l|☆zrq666
|l|☆ChandosH
|j|☆ChandosH
|player|p2|ChandosH|n-masters
