|j|☆MLGxBongHitz
|j|☆2222mm
|player|p1|MLGxBongHitz|2|1324
|player|p2|2222mm|wallace|1320
|teamsize|p1|6
|teamsize|p2|6
|gametype|singles
|gen|8
|tier|[Gen 8] OU
|rated|
|clearpoke
|poke|p1|Seismitoad, M|
|poke|p1|Clefable, M|
|poke|p1|Corviknight, F|
|poke|p1|Aegislash, F|
|poke|p1|Hydreigon, M|
|poke|p1|Haxorus, M|
|poke|p2|Dragapult, F|
|poke|p2|Dugtrio, M|
|poke|p2|Corviknight, F|
|poke|p2|Clefable, F|
|poke|p2|Toxapex, F|
|poke|p2|Aegislash, M|
|rule|Sleep Clause Mod: Limit one foe put to sleep
|rule|Species Clause: Limit one of each Pokémon
|rule|OHKO Clause: OHKO moves are banned
|rule|Evasion Moves Clause: Evasion moves are banned
|rule|Endless Battle Clause: Forcing endless battles is banned
|rule|HP Percentage Mod: HP is shown in percentages
|rule|Dynamax Clause: You cannot dynamax
|teampreview
|
|start
|switch|p1a: Corviknight|Corviknight, F|100/100
|switch|p2a: Clefable|Clefable, F|100/100
|-ability|p1a: Corviknight|Pressure
|turn|1
|
|move|p1a: Corviknight|U-turn|p2a: Clefable
|-resisted|p2a: Clefable
|-damage|p2a: Clefable|92/100
|
|switch|p1a: Seismitoad|Seismitoad, M|100/100|[from]move: U-turn
|move|p2a: Clefable|Stealth Rock|p1a: Seismitoad
|-sidestart|p1: MLGxBongHitz|move: Stealth Rock
|
|-heal|p2a: Clefable|98/100|[from] item: Leftovers
|upkeep
|turn|2
|
|move|p1a: Seismitoad|Stealth Rock|p2a: Clefable
|-sidestart|p2: 2222mm|move: Stealth Rock
|move|p2a: Clefable|Moonblast|p1a: Seismitoad
|-damage|p1a: Seismitoad|67/100
|-unboost|p1a: Seismitoad|spa|1
|
|-heal|p1a: Seismitoad|73/100|[from] item: Leftovers
|-heal|p2a: Clefable|100/100|[from] item: Leftovers
|upkeep
|turn|3
|
|move|p1a: Seismitoad|Scald|p2a: Clefable
|-damage|p2a: Clefable|88/100
|-status|p2a: Clefable|brn
|move|p2a: Clefable|Moonblast|p1a: Seismitoad
|-damage|p1a: Seismitoad|38/100
|-unboost|p1a: Seismitoad|spa|1
|
|-heal|p1a: Seismitoad|44/100|[from] item: Leftovers
|-heal|p2a: Clefable|94/100 brn|[from] item: Leftovers
|upkeep
|turn|4
|
|switch|p1a: Aegislash|Aegislash, F|100/100
|-damage|p1a: Aegislash|95/100|[from] Stealth Rock
|move|p2a: Clefable|Moonblast|p1a: Aegislash
|-resisted|p1a: Aegislash
|-damage|p1a: Aegislash|80/100
|-unboost|p1a: Aegislash|spa|1
|
|-heal|p2a: Clefable|100/100 brn|[from] item: Leftovers
|upkeep
|turn|5
|
|move|p2a: Clefable|Protect|p2a: Clefable
|-singleturn|p2a: Clefable|Protect
|-formechange|p1a: Aegislash|Aegislash-Blade||[from] ability: Stance Change
|move|p1a: Aegislash|Iron Head|p2a: Clefable
|-activate|p2a: Clefable|move: Protect
|
|upkeep
|turn|6
|
|switch|p2a: Toxapex|Toxapex, F|100/100
|-damage|p2a: Toxapex|88/100|[from] Stealth Rock
|move|p1a: Aegislash|Iron Head|p2a: Toxapex
|-resisted|p2a: Toxapex
|-damage|p2a: Toxapex|68/100
|
|-heal|p2a: Toxapex|75/100|[from] item: Black Sludge
|upkeep
|turn|7
|
|switch|p1a: Corviknight|Corviknight, F|100/100
|-damage|p1a: Corviknight|88/100|[from] Stealth Rock
|-ability|p1a: Corviknight|Pressure
|move|p2a: Toxapex|Scald|p1a: Corviknight
|-damage|p1a: Corviknight|76/100
|-status|p1a: Corviknight|brn
|
|-heal|p1a: Corviknight|82/100 brn|[from] item: Leftovers
|-heal|p2a: Toxapex|81/100|[from] item: Black Sludge
|-damage|p1a: Corviknight|76/100 brn|[from] brn
|upkeep
|turn|8
|
|switch|p2a: Dragapult|Dragapult, F|100/100
|-damage|p2a: Dragapult|88/100|[from] Stealth Rock
|move|p1a: Corviknight|Brave Bird|p2a: Dragapult
|-damage|p2a: Dragapult|62/100
|-damage|p1a: Corviknight|69/100 brn|[from] Recoil
|
|-heal|p1a: Corviknight|75/100 brn|[from] item: Leftovers
|-damage|p1a: Corviknight|69/100 brn|[from] brn
|upkeep
|turn|9
|
|move|p2a: Dragapult|U-turn|p1a: Corviknight
|-resisted|p1a: Corviknight
|-damage|p1a: Corviknight|66/100 brn
|
|switch|p2a: Corviknight|Corviknight, F|100/100|[from]move: U-turn
|-damage|p2a: Corviknight|88/100|[from] Stealth Rock
|-ability|p2a: Corviknight|Pressure
|move|p1a: Corviknight|Roost|p1a: Corviknight
|-heal|p1a: Corviknight|100/100 brn
|-singleturn|p1a: Corviknight|move: Roost
|
|-heal|p2a: Corviknight|94/100|[from] item: Leftovers
|-damage|p1a: Corviknight|94/100 brn|[from] brn
|upkeep
|turn|10
|
|move|p1a: Corviknight|U-turn|p2a: Corviknight
|-resisted|p2a: Corviknight
|-damage|p2a: Corviknight|93/100
|
|switch|p1a: Clefable|Clefable, M|100/100|[from]move: U-turn
|move|p2a: Corviknight|Defog|p1a: Clefable
|-unboost|p1a: Clefable|evasion|1
|-sideend|p1: MLGxBongHitz|Stealth Rock|[from] move: Defog|[of] p2a: Corviknight
|-sideend|p2: 2222mm|Stealth Rock|[from] move: Defog|[of] p2a: Corviknight
|
|-heal|p2a: Corviknight|99/100|[from] item: Leftovers
|upkeep
|turn|11
|
|switch|p2a: Clefable|Clefable, F|100/100 brn
|move|p1a: Clefable|Thunderbolt|p2a: Clefable
|-damage|p2a: Clefable|76/100 brn
|
|-heal|p2a: Clefable|82/100 brn|[from] item: Leftovers
|upkeep
|turn|12
|
|switch|p1a: Corviknight|Corviknight, F|94/100 brn
|-ability|p1a: Corviknight|Pressure
|move|p2a: Clefable|Moonblast|p1a: Corviknight
|-resisted|p1a: Corviknight
|-damage|p1a: Corviknight|83/100 brn
|-unboost|p1a: Corviknight|spa|1
|
|-heal|p1a: Corviknight|90/100 brn|[from] item: Leftovers
|-heal|p2a: Clefable|88/100 brn|[from] item: Leftovers
|-damage|p1a: Corviknight|83/100 brn|[from] brn
|upkeep
|turn|13
|
|move|p1a: Corviknight|U-turn|p2a: Clefable
|-resisted|p2a: Clefable
|-damage|p2a: Clefable|84/100 brn
|
|switch|p1a: Aegislash|Aegislash, F|80/100|[from]move: U-turn
|move|p2a: Clefable|Wish|p2a: Clefable
|
|-heal|p2a: Clefable|90/100 brn|[from] item: Leftovers
|upkeep
|turn|14
|
|switch|p2a: Corviknight|Corviknight, F|99/100
|-ability|p2a: Corviknight|Pressure
|-formechange|p1a: Aegislash|Aegislash-Blade||[from] ability: Stance Change
|move|p1a: Aegislash|Iron Head|p2a: Corviknight
|-resisted|p2a: Corviknight
|-damage|p2a: Corviknight|71/100
|
|-heal|p2a: Corviknight|100/100|[from] move: Wish|[wisher] Clefable
|upkeep
|turn|15
|
|switch|p1a: Corviknight|Corviknight, F|83/100 brn
|-ability|p1a: Corviknight|Pressure
|move|p2a: Corviknight|U-turn|p1a: Corviknight
|-resisted|p1a: Corviknight
|-damage|p1a: Corviknight|80/100 brn
|
|switch|p2a: Dragapult|Dragapult, F|62/100|[from]move: U-turn
|
|-heal|p1a: Corviknight|87/100 brn|[from] item: Leftovers
|-damage|p1a: Corviknight|80/100 brn|[from] brn
|upkeep
|turn|16
|
|move|p2a: Dragapult|Flamethrower|p1a: Corviknight
|-supereffective|p1a: Corviknight
|-damage|p1a: Corviknight|26/100 brn
|move|p1a: Corviknight|U-turn|p2a: Dragapult
|-resisted|p2a: Dragapult
|-damage|p2a: Dragapult|58/100
|
|switch|p1a: Hydreigon|Hydreigon, M|100/100|[from]move: U-turn
|
|upkeep
|turn|17
|
|switch|p2a: Clefable|Clefable, F|90/100 brn
|move|p1a: Hydreigon|Draco Meteor|p2a: Clefable
|-immune|p2a: Clefable
|
|-heal|p2a: Clefable|96/100 brn|[from] item: Leftovers
|upkeep
|turn|18
|
|switch|p1a: Corviknight|Corviknight, F|26/100 brn
|-ability|p1a: Corviknight|Pressure
|move|p2a: Clefable|Stealth Rock|p1a: Corviknight
|-sidestart|p1: MLGxBongHitz|move: Stealth Rock
|
|-heal|p1a: Corviknight|33/100 brn|[from] item: Leftovers
|-heal|p2a: Clefable|100/100 brn|[from] item: Leftovers
|-damage|p1a: Corviknight|26/100 brn|[from] brn
|upkeep
|turn|19
|
|switch|p2a: Aegislash|Aegislash, M|100/100
|move|p1a: Corviknight|Roost|p1a: Corviknight
|-heal|p1a: Corviknight|76/100 brn
|-singleturn|p1a: Corviknight|move: Roost
|
|-heal|p1a: Corviknight|83/100 brn|[from] item: Leftovers
|-damage|p1a: Corviknight|76/100 brn|[from] brn
|upkeep
|turn|20
|
|-formechange|p2a: Aegislash|Aegislash-Blade||[from] ability: Stance Change
|move|p2a: Aegislash|Shadow Claw|p1a: Corviknight
|-damage|p1a: Corviknight|23/100 brn
|move|p1a: Corviknight|Defog|p2a: Aegislash
|-unboost|p2a: Aegislash|evasion|1
|-sideend|p1: MLGxBongHitz|Stealth Rock|[from] move: Defog|[of] p1a: Corviknight
|
|-heal|p1a: Corviknight|29/100 brn|[from] item: Leftovers
|-damage|p1a: Corviknight|23/100 brn|[from] brn
|upkeep
|turn|21
|
|switch|p1a: Seismitoad|Seismitoad, M|44/100
|move|p2a: Aegislash|Shadow Claw|p1a: Seismitoad
|-damage|p1a: Seismitoad|0 fnt
|faint|p1a: Seismitoad
|
|upkeep
|
|switch|p1a: Aegislash|Aegislash, F|80/100
|turn|22
|
|-formechange|p1a: Aegislash|Aegislash-Blade||[from] ability: Stance Change
|move|p1a: Aegislash|Shadow Sneak|p2a: Aegislash
|-supereffective|p2a: Aegislash
|-damage|p2a: Aegislash|0 fnt
|faint|p2a: Aegislash
|
|upkeep
|
|switch|p2a: Toxapex|Toxapex, F|100/100
|turn|23
|
|switch|p1a: Corviknight|Corviknight, F|23/100 brn
|-ability|p1a: Corviknight|Pressure
|move|p2a: Toxapex|Scald|p1a: Corviknight
|-damage|p1a: Corviknight|12/100 brn
|
|-heal|p1a: Corviknight|18/100 brn|[from] item: Leftovers
|-damage|p1a: Corviknight|12/100 brn|[from] brn
|upkeep
|turn|24
|
|switch|p2a: Dragapult|Dragapult, F|58/100
|move|p1a: Corviknight|Roost|p1a: Corviknight
|-heal|p1a: Corviknight|62/100 brn
|-singleturn|p1a: Corviknight|move: Roost
|
|-heal|p1a: Corviknight|68/100 brn|[from] item: Leftovers
|-damage|p1a: Corviknight|62/100 brn|[from] brn
|upkeep
|turn|25
|
|move|p2a: Dragapult|U-turn|p1a: Corviknight
|-resisted|p1a: Corviknight
|-damage|p1a: Corviknight|58/100 brn
|
|switch|p2a: Toxapex|Toxapex, F|100/100|[from]move: U-turn
|move|p1a: Corviknight|U-turn|p2a: Toxapex
|-resisted|p2a: Toxapex
|-damage|p2a: Toxapex|99/100
|
|switch|p1a: Haxorus|Haxorus, M, shiny|100/100|[from]move: U-turn
|-ability|p1a: Haxorus|Mold Breaker
|
|-heal|p2a: Toxapex|100/100|[from] item: Black Sludge
|upkeep
|turn|26
|
|move|p1a: Haxorus|Dragon Dance|p1a: Haxorus
|-boost|p1a: Haxorus|atk|1
|-boost|p1a: Haxorus|spe|1
|move|p2a: Toxapex|Scald|p1a: Haxorus
|-resisted|p1a: Haxorus
|-damage|p1a: Haxorus|86/100
|
|upkeep
|turn|27
|
|move|p1a: Haxorus|Earthquake|p2a: Toxapex
|-supereffective|p2a: Toxapex
|-damage|p2a: Toxapex|12/100
|-damage|p1a: Haxorus|76/100|[from] item: Life Orb
|move|p2a: Toxapex|Haze|p2a: Toxapex
|-clearallboost
|
|-heal|p2a: Toxapex|19/100|[from] item: Black Sludge
|upkeep
|turn|28
|
|switch|p2a: Corviknight|Corviknight, F|100/100
|-ability|p2a: Corviknight|Pressure
|move|p1a: Haxorus|Close Combat|p2a: Corviknight
|-damage|p2a: Corviknight|48/100
|-unboost|p1a: Haxorus|def|1
|-unboost|p1a: Haxorus|spd|1
|-damage|p1a: Haxorus|66/100|[from] item: Life Orb
|
|-heal|p2a: Corviknight|54/100|[from] item: Leftovers
|upkeep
|turn|29
|
|switch|p1a: Clefable|Clefable, M|100/100
|move|p2a: Corviknight|Roost|p2a: Corviknight
|-heal|p2a: Corviknight|100/100
|-singleturn|p2a: Corviknight|move: Roost
|
|upkeep
|turn|30
|
|switch|p2a: Clefable|Clefable, F|100/100 brn
|move|p1a: Clefable|Calm Mind|p1a: Clefable
|-boost|p1a: Clefable|spa|1
|-boost|p1a: Clefable|spd|1
|
|upkeep
|turn|31
|
|switch|p2a: Dugtrio|Dugtrio, M|100/100
|move|p1a: Clefable|Calm Mind|p1a: Clefable
|-boost|p1a: Clefable|spa|1
|-boost|p1a: Clefable|spd|1
|
|upkeep
|turn|32
|
|move|p2a: Dugtrio|Earthquake|p1a: Clefable
|-damage|p1a: Clefable|17/100
|move|p1a: Clefable|Moonblast|p2a: Dugtrio
|-damage|p2a: Dugtrio|0 fnt
|faint|p2a: Dugtrio
|
|upkeep
|
|switch|p2a: Dragapult|Dragapult, F|58/100
|turn|33
|
|move|p2a: Dragapult|Shadow Ball|p1a: Clefable
|-damage|p1a: Clefable|0 fnt
|faint|p1a: Clefable
|
|upkeep
|
|switch|p1a: Aegislash|Aegislash, F|80/100
|turn|34
|
|switch|p2a: Corviknight|Corviknight, F|100/100
|-ability|p2a: Corviknight|Pressure
|-formechange|p1a: Aegislash|Aegislash-Blade||[from] ability: Stance Change
|move|p1a: Aegislash|Shadow Sneak|p2a: Corviknight
|-damage|p2a: Corviknight|74/100
|
|-heal|p2a: Corviknight|80/100|[from] item: Leftovers
|upkeep
|turn|35
|
|switch|p1a: Corviknight|Corviknight, F|58/100 brn
|-ability|p1a: Corviknight|Pressure
|move|p2a: Corviknight|U-turn|p1a: Corviknight
|-resisted|p1a: Corviknight
|-damage|p1a: Corviknight|55/100 brn
|
|switch|p2a: Dragapult|Dragapult, F|58/100|[from]move: U-turn
|
|-heal|p1a: Corviknight|61/100 brn|[from] item: Leftovers
|-damage|p1a: Corviknight|55/100 brn|[from] brn
|upkeep
|turn|36
|
|move|p2a: Dragapult|U-turn|p1a: Corviknight
|-resisted|p1a: Corviknight
|-damage|p1a: Corviknight|52/100 brn
|
|switch|p2a: Toxapex|Toxapex, F|52/100|[from]move: U-turn
|move|p1a: Corviknight|U-turn|p2a: Toxapex
|-resisted|p2a: Toxapex
|-damage|p2a: Toxapex|50/100
|
|switch|p1a: Haxorus|Haxorus, M, shiny|66/100|[from]move: U-turn
|-ability|p1a: Haxorus|Mold Breaker
|
|-heal|p2a: Toxapex|56/100|[from] item: Black Sludge
|upkeep
|turn|37
|
|switch|p2a: Clefable|Clefable, F|100/100 brn
|move|p1a: Haxorus|Earthquake|p2a: Clefable
|-damage|p2a: Clefable|44/100 brn
|-damage|p1a: Haxorus|57/100|[from] item: Life Orb
|
|-heal|p2a: Clefable|50/100 brn|[from] item: Leftovers
|upkeep
|turn|38
|
|switch|p2a: Corviknight|Corviknight, F|80/100
|-ability|p2a: Corviknight|Pressure
|move|p1a: Haxorus|Poison Jab|p2a: Corviknight
|-immune|p2a: Corviknight
|
|-heal|p2a: Corviknight|86/100|[from] item: Leftovers
|upkeep
|turn|39
|
|switch|p1a: Corviknight|Corviknight, F|52/100 brn
|-ability|p1a: Corviknight|Pressure
|move|p2a: Corviknight|Brave Bird|p1a: Corviknight
|-resisted|p1a: Corviknight
|-damage|p1a: Corviknight|37/100 brn
|-damage|p2a: Corviknight|82/100|[from] Recoil
|
|-heal|p1a: Corviknight|43/100 brn|[from] item: Leftovers
|-heal|p2a: Corviknight|88/100|[from] item: Leftovers
|-damage|p1a: Corviknight|37/100 brn|[from] brn
|upkeep
|turn|40
|
|move|p1a: Corviknight|Roost|p1a: Corviknight
|-heal|p1a: Corviknight|87/100 brn
|-singleturn|p1a: Corviknight|move: Roost
|move|p2a: Corviknight|U-turn|p1a: Corviknight
|-resisted|p1a: Corviknight
|-damage|p1a: Corviknight|81/100 brn
|
|switch|p2a: Clefable|Clefable, F|50/100 brn|[from]move: U-turn
|
|-heal|p1a: Corviknight|87/100 brn|[from] item: Leftovers
|-heal|p2a: Clefable|56/100 brn|[from] item: Leftovers
|-damage|p1a: Corviknight|81/100 brn|[from] brn
|upkeep
|turn|41
|
|move|p1a: Corviknight|Brave Bird|p2a: Clefable
|-damage|p2a: Clefable|37/100 brn
|-damage|p1a: Corviknight|75/100 brn|[from] Recoil
|move|p2a: Clefable|Wish|p2a: Clefable
|
|-heal|p1a: Corviknight|81/100 brn|[from] item: Leftovers
|-heal|p2a: Clefable|43/100 brn|[from] item: Leftovers
|-damage|p1a: Corviknight|75/100 brn|[from] brn
|upkeep
|turn|42
|
|move|p1a: Corviknight|U-turn|p2a: Clefable
|-resisted|p2a: Clefable
|-damage|p2a: Clefable|39/100 brn
|
|switch|p1a: Aegislash|Aegislash, F|80/100|[from]move: U-turn
|move|p2a: Clefable|Stealth Rock|p1a: Aegislash
|-sidestart|p1: MLGxBongHitz|move: Stealth Rock
|
|-heal|p2a: Clefable|89/100 brn|[from] move: Wish|[wisher] Clefable
|-heal|p2a: Clefable|95/100 brn|[from] item: Leftovers
|upkeep
|turn|43
|
|move|p2a: Clefable|Protect|p2a: Clefable
|-singleturn|p2a: Clefable|Protect
|-formechange|p1a: Aegislash|Aegislash-Blade||[from] ability: Stance Change
|move|p1a: Aegislash|Iron Head|p2a: Clefable
|-activate|p2a: Clefable|move: Protect
|
|-heal|p2a: Clefable|100/100 brn|[from] item: Leftovers
|upkeep
|turn|44
|
|switch|p1a: Haxorus|Haxorus, M, shiny|57/100
|-damage|p1a: Haxorus|44/100|[from] Stealth Rock
|-ability|p1a: Haxorus|Mold Breaker
|switch|p2a: Corviknight|Corviknight, F|88/100
|-ability|p2a: Corviknight|Pressure
|
|-heal|p2a: Corviknight|94/100|[from] item: Leftovers
|upkeep
|turn|45
|
|switch|p1a: Corviknight|Corviknight, F|75/100 brn
|-damage|p1a: Corviknight|62/100 brn|[from] Stealth Rock
|-ability|p1a: Corviknight|Pressure
|move|p2a: Corviknight|Brave Bird|p1a: Corviknight
|-resisted|p1a: Corviknight
|-damage|p1a: Corviknight|47/100 brn
|-damage|p2a: Corviknight|89/100|[from] Recoil
|
|-heal|p1a: Corviknight|54/100 brn|[from] item: Leftovers
|-heal|p2a: Corviknight|95/100|[from] item: Leftovers
|-damage|p1a: Corviknight|47/100 brn|[from] brn
|upkeep
|turn|46
|
|move|p1a: Corviknight|Defog|p2a: Corviknight
|-unboost|p2a: Corviknight|evasion|1
|-sideend|p1: MLGxBongHitz|Stealth Rock|[from] move: Defog|[of] p1a: Corviknight
|move|p2a: Corviknight|U-turn|p1a: Corviknight
|-resisted|p1a: Corviknight
|-damage|p1a: Corviknight|44/100 brn
|
|switch|p2a: Dragapult|Dragapult, F|58/100|[from]move: U-turn
|
|-heal|p1a: Corviknight|51/100 brn|[from] item: Leftovers
|-damage|p1a: Corviknight|44/100 brn|[from] brn
|upkeep
|turn|47
|
|switch|p1a: Hydreigon|Hydreigon, M|100/100
|move|p2a: Dragapult|Flamethrower|p1a: Hydreigon
|-resisted|p1a: Hydreigon
|-damage|p1a: Hydreigon|78/100
|
|upkeep
|turn|48
|
|switch|p2a: Clefable|Clefable, F|100/100 brn
|move|p1a: Hydreigon|Draco Meteor|p2a: Clefable
|-immune|p2a: Clefable
|
|upkeep
|turn|49
|
|switch|p1a: Corviknight|Corviknight, F|44/100 brn
|-ability|p1a: Corviknight|Pressure
|move|p2a: Clefable|Moonblast|p1a: Corviknight
|-resisted|p1a: Corviknight
|-damage|p1a: Corviknight|32/100 brn
|
|-heal|p1a: Corviknight|39/100 brn|[from] item: Leftovers
|-damage|p1a: Corviknight|32/100 brn|[from] brn
|upkeep
|turn|50
|
|move|p1a: Corviknight|Roost|p1a: Corviknight
|-heal|p1a: Corviknight|82/100 brn
|-singleturn|p1a: Corviknight|move: Roost
|move|p2a: Clefable|Stealth Rock|p1a: Corviknight
|-sidestart|p1: MLGxBongHitz|move: Stealth Rock
|
|-heal|p1a: Corviknight|89/100 brn|[from] item: Leftovers
|-damage|p1a: Corviknight|82/100 brn|[from] brn
|upkeep
|turn|51
|
|move|p1a: Corviknight|Defog|p2a: Clefable
|-unboost|p2a: Clefable|evasion|1
|-sideend|p1: MLGxBongHitz|Stealth Rock|[from] move: Defog|[of] p1a: Corviknight
|move|p2a: Clefable|Wish|p2a: Clefable
|
|-heal|p1a: Corviknight|89/100 brn|[from] item: Leftovers
|-damage|p1a: Corviknight|82/100 brn|[from] brn
|upkeep
|turn|52
|
|switch|p2a: Dragapult|Dragapult, F|58/100
|move|p1a: Corviknight|Brave Bird|p2a: Dragapult
|-damage|p2a: Dragapult|32/100
|-damage|p1a: Corviknight|76/100 brn|[from] Recoil
|
|-heal|p2a: Dragapult|94/100|[from] move: Wish|[wisher] Clefable
|-heal|p1a: Corviknight|82/100 brn|[from] item: Leftovers
|-damage|p1a: Corviknight|76/100 brn|[from] brn
|upkeep
|turn|53
|
|move|p2a: Dragapult|Shadow Ball|p1a: Corviknight
|-damage|p1a: Corviknight|35/100 brn
|move|p1a: Corviknight|U-turn|p2a: Dragapult
|-resisted|p2a: Dragapult
|-damage|p2a: Dragapult|89/100
|
|switch|p1a: Hydreigon|Hydreigon, M|78/100|[from]move: U-turn
|
|upkeep
|turn|54
|
|switch|p2a: Clefable|Clefable, F|100/100 brn
|move|p1a: Hydreigon|Dark Pulse|p2a: Clefable
|-resisted|p2a: Clefable
|-damage|p2a: Clefable|88/100 brn
|
|-heal|p2a: Clefable|94/100 brn|[from] item: Leftovers
|upkeep
|turn|55
|
|switch|p1a: Corviknight|Corviknight, F|35/100 brn
|-ability|p1a: Corviknight|Pressure
|move|p2a: Clefable|Moonblast|p1a: Corviknight
|-resisted|p1a: Corviknight
|-damage|p1a: Corviknight|25/100 brn
|
|-heal|p1a: Corviknight|31/100 brn|[from] item: Leftovers
|-heal|p2a: Clefable|99/100 brn|[from] item: Leftovers
|-damage|p1a: Corviknight|25/100 brn|[from] brn
|upkeep
|turn|56
|
|move|p1a: Corviknight|Roost|p1a: Corviknight
|-heal|p1a: Corviknight|75/100 brn
|-singleturn|p1a: Corviknight|move: Roost
|move|p2a: Clefable|Stealth Rock|p1a: Corviknight
|-sidestart|p1: MLGxBongHitz|move: Stealth Rock
|
|-heal|p1a: Corviknight|81/100 brn|[from] item: Leftovers
|-heal|p2a: Clefable|100/100 brn|[from] item: Leftovers
|-damage|p1a: Corviknight|75/100 brn|[from] brn
|upkeep
|turn|57
|
|switch|p2a: Dragapult|Dragapult, F|89/100
|move|p1a: Corviknight|Brave Bird|p2a: Dragapult
|-damage|p2a: Dragapult|63/100
|-damage|p1a: Corviknight|68/100 brn|[from] Recoil
|
|-heal|p1a: Corviknight|74/100 brn|[from] item: Leftovers
|-damage|p1a: Corviknight|68/100 brn|[from] brn
|upkeep
|turn|58
|
|move|p2a: Dragapult|Flamethrower|p1a: Corviknight
|-supereffective|p1a: Corviknight
|-damage|p1a: Corviknight|13/100 brn
|move|p1a: Corviknight|Roost|p1a: Corviknight
|-heal|p1a: Corviknight|63/100 brn
|-singleturn|p1a: Corviknight|move: Roost
|
|-heal|p1a: Corviknight|69/100 brn|[from] item: Leftovers
|-damage|p1a: Corviknight|63/100 brn|[from] brn
|upkeep
|turn|59
|
|move|p2a: Dragapult|Flamethrower|p1a: Corviknight
|-supereffective|p1a: Corviknight
|-damage|p1a: Corviknight|0 fnt
|faint|p1a: Corviknight
|
|upkeep
|
|switch|p1a: Aegislash|Aegislash, F|80/100
|-damage|p1a: Aegislash|74/100|[from] Stealth Rock
|turn|60
|
|switch|p2a: Corviknight|Corviknight, F|95/100
|-ability|p2a: Corviknight|Pressure
|-formechange|p1a: Aegislash|Aegislash-Blade||[from] ability: Stance Change
|move|p1a: Aegislash|Shadow Sneak|p2a: Corviknight
|-damage|p2a: Corviknight|70/100
|
|-heal|p2a: Corviknight|77/100|[from] item: Leftovers
|upkeep
|turn|61
|
|switch|p1a: Hydreigon|Hydreigon, M|78/100
|-damage|p1a: Hydreigon|65/100|[from] Stealth Rock
|move|p2a: Corviknight|U-turn|p1a: Hydreigon
|-supereffective|p1a: Hydreigon
|-damage|p1a: Hydreigon|33/100
|
|switch|p2a: Clefable|Clefable, F|100/100 brn|[from]move: U-turn
|
|upkeep
|turn|62
|
|move|p1a: Hydreigon|U-turn|p2a: Clefable
|-resisted|p2a: Clefable
|-damage|p2a: Clefable|91/100 brn
|
|switch|p1a: Haxorus|Haxorus, M, shiny|44/100|[from]move: U-turn
|-damage|p1a: Haxorus|32/100|[from] Stealth Rock
|-ability|p1a: Haxorus|Mold Breaker
|move|p2a: Clefable|Moonblast|p1a: Haxorus
|-supereffective|p1a: Haxorus
|-damage|p1a: Haxorus|0 fnt
|faint|p1a: Haxorus
|
|-heal|p2a: Clefable|97/100 brn|[from] item: Leftovers
|upkeep
|-message|MLGxBongHitz forfeited.
|
|win|2222mm
|l|☆MLGxBongHitz
|raw|MLGxBongHitz's rating: 1304 &rarr; <strong>1285</strong><br />(-19 for losing)
|raw|2222mm's rating: 1321 &rarr; <strong>1340</strong><br />(+19 for winning)
