|j|☆Storm Zone
|j|☆Meroz
|player|p1|Storm Zone|lusamine-nihilego|1969
|player|p2|Meroz|101|1880
|teamsize|p1|6
|teamsize|p2|6
|gametype|singles
|gen|8
|tier|[Gen 8] OU
|rated|
|clearpoke
|poke|p1|Torkoal, M|
|poke|p1|Venusaur, M|
|poke|p1|Cinderace, M|
|poke|p1|Togekiss, M|
|poke|p1|Diggersby, M|
|poke|p1|Kyurem|
|poke|p2|Urshifu-*, F|
|poke|p2|Amoonguss, M|
|poke|p2|Mandibuzz, F|
|poke|p2|Excadrill, M|
|poke|p2|Clefable, F|
|poke|p2|Dragapult, F|
|rule|Sleep Clause Mod: Limit one foe put to sleep
|rule|Species Clause: Limit one of each Pokémon
|rule|OHKO Clause: OHKO moves are banned
|rule|Evasion Moves Clause: Evasion moves are banned
|rule|Endless Battle Clause: Forcing endless battles is banned
|rule|HP Percentage Mod: HP is shown in percentages
|rule|Dynamax Clause: You cannot dynamax
|teampreview
|j| MiseryClout
|c|☆Storm Zone|hf
|
|start
|switch|p1a: Liberacy|Cinderace, M|100/100
|switch|p2a: Dragapult|Dragapult, F|100/100
|turn|1
|
|switch|p2a: Clefable|Clefable, F|100/100
|move|p1a: Liberacy|U-turn|p2a: Clefable
|-start|p1a: Liberacy|typechange|Bug|[from] ability: Libero
|-resisted|p2a: Clefable
|-damage|p2a: Clefable|84/100
|
|switch|p1a: Kazame|Torkoal, M|100/100|[from]move: U-turn
|-weather|SunnyDay|[from] ability: Drought|[of] p1a: Kazame
|
|-weather|SunnyDay|[upkeep]
|-heal|p2a: Clefable|90/100|[from] item: Leftovers
|upkeep
|turn|2
|j| PKS CER0PR
|
|move|p2a: Clefable|Thunder Wave|p1a: Kazame
|-status|p1a: Kazame|par
|move|p1a: Kazame|Stealth Rock|p2a: Clefable
|-sidestart|p2: Meroz|move: Stealth Rock
|
|-weather|SunnyDay|[upkeep]
|-heal|p2a: Clefable|96/100|[from] item: Leftovers
|upkeep
|turn|3
|
|switch|p1a: Lumberjack|Diggersby, M|100/100
|move|p2a: Clefable|Knock Off|p1a: Lumberjack
|-damage|p1a: Lumberjack|82/100
|-enditem|p1a: Lumberjack|Life Orb|[from] move: Knock Off|[of] p2a: Clefable
|
|-weather|SunnyDay|[upkeep]
|-heal|p2a: Clefable|100/100|[from] item: Leftovers
|upkeep
|turn|4
|j| RysPicz
|j| Padox
|
|switch|p2a: Urshifu|Urshifu, F|100/100
|-damage|p2a: Urshifu|94/100|[from] Stealth Rock
|move|p1a: Lumberjack|Swords Dance|p1a: Lumberjack
|-boost|p1a: Lumberjack|atk|2
|
|-weather|SunnyDay|[upkeep]
|-heal|p2a: Urshifu|100/100|[from] item: Leftovers
|upkeep
|turn|5
|
|move|p1a: Lumberjack|Quick Attack|p2a: Urshifu
|-damage|p2a: Urshifu|49/100
|move|p2a: Urshifu|Drain Punch|p1a: Lumberjack
|-supereffective|p1a: Lumberjack
|-crit|p1a: Lumberjack
|-damage|p1a: Lumberjack|0 fnt
|-heal|p2a: Urshifu|87/100|[from] drain|[of] p1a: Lumberjack
|faint|p1a: Lumberjack
|
|-weather|SunnyDay|[upkeep]
|-heal|p2a: Urshifu|93/100|[from] item: Leftovers
|upkeep
|l| MiseryClout
|
|switch|p1a: Cloud n1n3|Togekiss, M|100/100
|turn|6
|
|switch|p2a: Clefable|Clefable, F|100/100
|move|p1a: Cloud n1n3|Trick|p2a: Clefable
|-activate|p1a: Cloud n1n3|move: Trick|[of] p2a: Clefable
|-item|p2a: Clefable|Choice Scarf|[from] move: Trick
|-item|p1a: Cloud n1n3|Leftovers|[from] move: Trick
|
|-weather|SunnyDay|[upkeep]
|upkeep
|turn|7
|
|move|p1a: Cloud n1n3|Air Slash|p2a: Clefable
|-damage|p2a: Clefable|73/100
|move|p2a: Clefable|Thunder Wave|p1a: Cloud n1n3
|-status|p1a: Cloud n1n3|par
|
|-weather|SunnyDay|[upkeep]
|upkeep
|turn|8
|
|move|p2a: Clefable|Thunder Wave|p1a: Cloud n1n3
|-fail|p1a: Cloud n1n3|par
|move|p1a: Cloud n1n3|Flamethrower|p2a: Clefable
|-damage|p2a: Clefable|41/100
|
|-weather|none
|upkeep
|turn|9
|
|switch|p2a: Excadrill|Excadrill, M|100/100
|-damage|p2a: Excadrill|97/100|[from] Stealth Rock
|-ability|p2a: Excadrill|Mold Breaker
|move|p1a: Cloud n1n3|Flamethrower|p2a: Excadrill
|-supereffective|p2a: Excadrill
|-damage|p2a: Excadrill|31/100
|
|-heal|p2a: Excadrill|37/100|[from] item: Leftovers
|upkeep
|turn|10
|
|move|p2a: Excadrill|Stealth Rock|p1a: Cloud n1n3
|-sidestart|p1: Storm Zone|move: Stealth Rock
|move|p1a: Cloud n1n3|Flamethrower|p2a: Excadrill
|-supereffective|p2a: Excadrill
|-damage|p2a: Excadrill|0 fnt
|faint|p2a: Excadrill
|
|upkeep
|
|switch|p2a: Dragapult|Dragapult, F|100/100
|-damage|p2a: Dragapult|88/100|[from] Stealth Rock
|turn|11
|
|move|p2a: Dragapult|Hex|p1a: Cloud n1n3
|-damage|p1a: Cloud n1n3|6/100 par
|move|p1a: Cloud n1n3|Dazzling Gleam|p2a: Dragapult
|-supereffective|p2a: Dragapult
|-damage|p2a: Dragapult|0 fnt
|faint|p2a: Dragapult
|
|-heal|p1a: Cloud n1n3|12/100 par|[from] item: Leftovers
|upkeep
|
|switch|p2a: Urshifu|Urshifu, F|93/100
|-damage|p2a: Urshifu|87/100|[from] Stealth Rock
|turn|12
|
|move|p2a: Urshifu|Wicked Blow|p1a: Cloud n1n3
|-resisted|p1a: Cloud n1n3
|-crit|p1a: Cloud n1n3
|-damage|p1a: Cloud n1n3|0 fnt
|faint|p1a: Cloud n1n3
|
|-heal|p2a: Urshifu|93/100|[from] item: Leftovers
|upkeep
|
|switch|p1a: Kazame|Torkoal, M|100/100 par
|-damage|p1a: Kazame|75/100 par|[from] Stealth Rock
|-weather|SunnyDay|[from] ability: Drought|[of] p1a: Kazame
|turn|13
|
|switch|p2a: Clefable|Clefable, F|41/100
|move|p1a: Kazame|Lava Plume|p2a: Clefable
|-damage|p2a: Clefable|14/100
|-status|p2a: Clefable|brn
|
|-weather|SunnyDay|[upkeep]
|upkeep
|turn|14
|
|move|p2a: Clefable|Thunder Wave|p1a: Kazame
|-fail|p1a: Kazame|par
|cant|p1a: Kazame|par
|
|-weather|SunnyDay|[upkeep]
|upkeep
|turn|15
|
|move|p2a: Clefable|Thunder Wave|p1a: Kazame
|-fail|p1a: Kazame|par
|move|p1a: Kazame|Rapid Spin|p2a: Clefable
|-damage|p2a: Clefable|6/100 brn
|-boost|p1a: Kazame|spe|1
|-sideend|p1: Storm Zone|Stealth Rock|[from] move: Rapid Spin|[of] p1a: Kazame
|
|-weather|SunnyDay|[upkeep]
|upkeep
|turn|16
|
|move|p2a: Clefable|Thunder Wave|p1a: Kazame
|-fail|p1a: Kazame|par
|move|p1a: Kazame|Lava Plume|p2a: Clefable
|-damage|p2a: Clefable|0 fnt
|faint|p2a: Clefable
|
|-weather|SunnyDay|[upkeep]
|upkeep
|j| Calv Akatsuki
|
|switch|p2a: Mandibuzz|Mandibuzz, F|100/100
|turn|17
|
|move|p2a: Mandibuzz|Defog|p1a: Kazame
|-unboost|p1a: Kazame|evasion|1
|-sideend|p2: Meroz|Stealth Rock|[from] move: Defog|[of] p2a: Mandibuzz
|move|p1a: Kazame|Toxic|p2a: Mandibuzz
|-status|p2a: Mandibuzz|tox
|
|-weather|SunnyDay|[upkeep]
|-damage|p2a: Mandibuzz|94/100 tox|[from] psn
|upkeep
|turn|18
|
|move|p2a: Mandibuzz|Foul Play|p1a: Kazame
|-damage|p1a: Kazame|63/100 par
|move|p1a: Kazame|Lava Plume|p2a: Mandibuzz
|-damage|p2a: Mandibuzz|63/100 tox
|
|-weather|SunnyDay|[upkeep]
|-damage|p2a: Mandibuzz|51/100 tox|[from] psn
|upkeep
|turn|19
|
|switch|p1a: Kyotaro|Kyurem, shiny|100/100
|-ability|p1a: Kyotaro|Pressure
|move|p2a: Mandibuzz|Foul Play|p1a: Kyotaro
|-damage|p1a: Kyotaro|70/100
|
|-weather|SunnyDay|[upkeep]
|-damage|p2a: Mandibuzz|32/100 tox|[from] psn
|upkeep
|turn|20
|
|move|p1a: Kyotaro|Ice Beam|p2a: Mandibuzz
|-supereffective|p2a: Mandibuzz
|-damage|p2a: Mandibuzz|0 fnt
|faint|p2a: Mandibuzz
|
|-weather|none
|upkeep
|
|switch|p2a: Urshifu|Urshifu, F|93/100
|turn|21
|
|move|p1a: Kyotaro|Ice Beam|p2a: Urshifu
|-damage|p2a: Urshifu|25/100
|move|p2a: Urshifu|Drain Punch|p1a: Kyotaro
|-supereffective|p1a: Kyotaro
|-damage|p1a: Kyotaro|2/100
|-heal|p2a: Urshifu|64/100|[from] drain|[of] p1a: Kyotaro
|
|-heal|p2a: Urshifu|70/100|[from] item: Leftovers
|upkeep
|turn|22
|
|move|p1a: Kyotaro|Ice Beam|p2a: Urshifu
|-damage|p2a: Urshifu|8/100
|move|p2a: Urshifu|Drain Punch|p1a: Kyotaro
|-supereffective|p1a: Kyotaro
|-damage|p1a: Kyotaro|0 fnt
|-heal|p2a: Urshifu|9/100|[from] drain|[of] p1a: Kyotaro
|faint|p1a: Kyotaro
|
|-heal|p2a: Urshifu|15/100|[from] item: Leftovers
|upkeep
|
|switch|p1a: Liberacy|Cinderace, M|100/100
|turn|23
|j| Humulius
|
|move|p1a: Liberacy|U-turn|p2a: Urshifu
|-start|p1a: Liberacy|typechange|Bug|[from] ability: Libero
|-damage|p2a: Urshifu|0 fnt
|faint|p2a: Urshifu
|
|switch|p1a: Kazame|Torkoal, M|63/100 par|[from]move: U-turn
|-weather|SunnyDay|[from] ability: Drought|[of] p1a: Kazame
|
|-weather|SunnyDay|[upkeep]
|upkeep
|-message|Meroz forfeited.
|
|win|Storm Zone
|l|☆Meroz
