|raw|<div class="broadcast-blue"><strong>This battle is required to be public due to a player having a name starting with 'lt93oq'.</div>
|j|☆Plasmeek
|j|☆LT93OQ Strat
|t:|1661009250
|gametype|singles
|player|p1|Plasmeek|youngster-gen4dp|1872
|player|p2|LT93OQ Strat|ghetsis|1878
|teamsize|p1|6
|teamsize|p2|6
|gen|8
|tier|[Gen 8] OU
|rated|
|rule|Sleep Clause Mod: Limit one foe put to sleep
|rule|Species Clause: Limit one of each Pokémon
|rule|OHKO Clause: OHKO moves are banned
|rule|Evasion Items Clause: Evasion items are banned
|rule|Evasion Moves Clause: Evasion moves are banned
|rule|Endless Battle Clause: Forcing endless battles is banned
|rule|HP Percentage Mod: HP is shown in percentages
|rule|Dynamax Clause: You cannot dynamax
|clearpoke
|poke|p1|Victini|
|poke|p1|Zapdos|
|poke|p1|Tapu Fini|
|poke|p1|Ferrothorn, M|
|poke|p1|Dragapult, M|
|poke|p1|Landorus-Therian, M|
|poke|p2|Nidoking, M|
|poke|p2|Hydreigon, F|
|poke|p2|Melmetal|
|poke|p2|Volcarona, M|
|poke|p2|Urshifu-*, M|
|poke|p2|Dragapult, F|
|teampreview
|inactive|Battle timer is ON: inactive players will automatically lose when time's up. (requested by Plasmeek)
|
|t:|1661009278
|start
|switch|p1a: Tapu Fini|Tapu Fini|100/100
|switch|p2a: Hydreigon|Hydreigon, F, shiny|100/100
|-fieldstart|move: Misty Terrain|[from] ability: Misty Surge|[of] p1a: Tapu Fini
|turn|1
|
|t:|1661009281
|move|p2a: Hydreigon|U-turn|p1a: Tapu Fini
|-resisted|p1a: Tapu Fini
|-damage|p1a: Tapu Fini|94/100
|
|t:|1661009283
|switch|p2a: Nidoking|Nidoking, M, shiny|100/100|[from]move: U-turn
|move|p1a: Tapu Fini|Moonblast|p2a: Nidoking
|-resisted|p2a: Nidoking
|-damage|p2a: Nidoking|77/100
|
|upkeep
|turn|2
|j| Swag like Ohio
|j| GeoSTX1
|l| GeoSTX1
|
|t:|1661009302
|switch|p1a: Dragapult|Dragapult, M|100/100
|move|p2a: Nidoking|Stealth Rock|p1a: Dragapult
|-sidestart|p1: Plasmeek|move: Stealth Rock
|
|upkeep
|turn|3
|j| lt93oq fenomeno
|j| Z6MC
|j| catgirl meows
|
|t:|1661009310
|switch|p2a: Melmetal|Melmetal|100/100
|move|p1a: Dragapult|Shadow Ball|p2a: Melmetal
|-damage|p2a: Melmetal|39/100
|
|upkeep
|turn|4
|j| LT93OQ Harshal
|j| LT93OQ SERPI
|
|t:|1661009321
|switch|p2a: Hydreigon|Hydreigon, F, shiny|100/100
|move|p1a: Dragapult|Shadow Ball|p2a: Hydreigon
|-resisted|p2a: Hydreigon
|-damage|p2a: Hydreigon|66/100
|
|upkeep
|turn|5
|
|t:|1661009329
|switch|p1a: Tapu Fini|Tapu Fini|94/100
|-damage|p1a: Tapu Fini|81/100|[from] Stealth Rock
|move|p2a: Hydreigon|U-turn|p1a: Tapu Fini
|-resisted|p1a: Tapu Fini
|-damage|p1a: Tapu Fini|75/100
|
|t:|1661009337
|switch|p2a: Nidoking|Nidoking, M, shiny|77/100|[from]move: U-turn
|
|-fieldend|Misty Terrain
|upkeep
|turn|6
|
|t:|1661009340
|move|p1a: Tapu Fini|Scald|p2a: Nidoking
|-supereffective|p2a: Nidoking
|-damage|p2a: Nidoking|0 fnt
|faint|p2a: Nidoking
|
|upkeep
|
|t:|1661009349
|switch|p2a: Dragapult|Dragapult, F|100/100
|turn|7
|l| catgirl meows
|j| LT93OQ Gray
|
|t:|1661009357
|switch|p1a: Landorus|Landorus-Therian, M|100/100
|-damage|p1a: Landorus|88/100|[from] Stealth Rock
|-ability|p1a: Landorus|Intimidate|boost
|-unboost|p2a: Dragapult|atk|1
|move|p2a: Dragapult|Shadow Ball|p1a: Landorus
|-damage|p1a: Landorus|40/100
|
|-heal|p1a: Landorus|46/100|[from] item: Leftovers
|upkeep
|turn|8
|
|t:|1661009362
|move|p2a: Dragapult|Shadow Ball|p1a: Landorus
|-damage|p1a: Landorus|1/100
|move|p1a: Landorus|Knock Off|p2a: Dragapult
|-supereffective|p2a: Dragapult
|-damage|p2a: Dragapult|11/100
|-enditem|p2a: Dragapult|Choice Specs|[from] move: Knock Off|[of] p1a: Landorus
|
|-heal|p1a: Landorus|7/100|[from] item: Leftovers
|upkeep
|turn|9
|j| Plrsnop
|
|t:|1661009375
|switch|p1a: Zapdos|Zapdos|100/100
|move|p2a: Dragapult|Shadow Ball|p1a: Zapdos
|-damage|p1a: Zapdos|62/100
|
|upkeep
|turn|10
|
|t:|1661009379
|move|p2a: Dragapult|U-turn|p1a: Zapdos
|-resisted|p1a: Zapdos
|-damage|p1a: Zapdos|56/100
|
|t:|1661009382
|switch|p2a: Hydreigon|Hydreigon, F, shiny|66/100|[from]move: U-turn
|move|p1a: Zapdos|Roost|p1a: Zapdos
|-heal|p1a: Zapdos|100/100
|-singleturn|p1a: Zapdos|move: Roost
|
|upkeep
|turn|11
|j| LT93OQ im garbage
|
|t:|1661009387
|move|p2a: Hydreigon|Dark Pulse|p1a: Zapdos
|-damage|p1a: Zapdos|59/100
|move|p1a: Zapdos|Roost|p1a: Zapdos
|-heal|p1a: Zapdos|100/100
|-singleturn|p1a: Zapdos|move: Roost
|
|upkeep
|turn|12
|l| LT93OQ im garbage
|
|t:|1661009407
|switch|p2a: Urshifu|Urshifu-Rapid-Strike, M|100/100
|move|p1a: Zapdos|Volt Switch|p2a: Urshifu
|-supereffective|p2a: Urshifu
|-damage|p2a: Urshifu|0 fnt
|faint|p2a: Urshifu
|
|t:|1661009418
|switch|p1a: Tapu Fini|Tapu Fini|75/100|[from]move: Volt Switch
|-damage|p1a: Tapu Fini|62/100|[from] Stealth Rock
|-fieldstart|move: Misty Terrain|[from] ability: Misty Surge|[of] p1a: Tapu Fini
|
|upkeep
|
|t:|1661009427
|switch|p2a: Melmetal|Melmetal|39/100
|turn|13
|
|t:|1661009433
|switch|p1a: Landorus|Landorus-Therian, M|7/100
|-damage|p1a: Landorus|0 fnt|[from] Stealth Rock
|faint|p1a: Landorus
|move|p2a: Melmetal|Double Iron Bash|p1: Landorus|[notarget]
|-fail|p2a: Melmetal
|
|upkeep
|
|t:|1661009439
|switch|p1a: Victini|Victini|100/100
|turn|14
|
|t:|1661009444
|move|p1a: Victini|V-create|p2a: Melmetal
|-supereffective|p2a: Melmetal
|-damage|p2a: Melmetal|0 fnt
|-unboost|p1a: Victini|spe|1
|-unboost|p1a: Victini|def|1
|-unboost|p1a: Victini|spd|1
|faint|p2a: Melmetal
|
|upkeep
|
|t:|1661009450
|switch|p2a: Dragapult|Dragapult, F|11/100
|turn|15
|
|t:|1661009454
|switch|p1a: Zapdos|Zapdos|100/100
|move|p2a: Dragapult|Shadow Ball|p1a: Zapdos
|-damage|p1a: Zapdos|64/100
|
|upkeep
|turn|16
|
|t:|1661009455
|move|p2a: Dragapult|Draco Meteor|p1a: Zapdos
|-damage|p1a: Zapdos|7/100
|-unboost|p2a: Dragapult|spa|2
|move|p1a: Zapdos|Volt Switch|p2a: Dragapult
|-resisted|p2a: Dragapult
|-damage|p2a: Dragapult|0 fnt
|faint|p2a: Dragapult
|
|t:|1661009463
|switch|p1a: Tapu Fini|Tapu Fini|62/100|[from]move: Volt Switch
|-damage|p1a: Tapu Fini|50/100|[from] Stealth Rock
|
|-fieldend|Misty Terrain
|upkeep
|
|t:|1661009467
|switch|p2a: Volcarona|Volcarona, M|100/100
|turn|17
|j| LT93OQ ivyz
|
|t:|1661009469
|switch|p2a: Hydreigon|Hydreigon, F, shiny|66/100
|move|p1a: Tapu Fini|Trick|p2a: Hydreigon
|-activate|p1a: Tapu Fini|move: Trick|[of] p2a: Hydreigon
|-item|p2a: Hydreigon|Choice Scarf|[from] move: Trick
|-item|p1a: Tapu Fini|Choice Scarf|[from] move: Trick
|
|upkeep
|turn|18
|l| LT93OQ ivyz
|
|t:|1661009478
|move|p2a: Hydreigon|Draco Meteor|p1a: Tapu Fini
|-immune|p1a: Tapu Fini
|move|p1a: Tapu Fini|Moonblast|p2a: Hydreigon
|-supereffective|p2a: Hydreigon
|-damage|p2a: Hydreigon|0 fnt
|faint|p2a: Hydreigon
|
|upkeep
|
|t:|1661009480
|switch|p2a: Volcarona|Volcarona, M|100/100
|turn|19
|
|t:|1661009482
|switch|p1a: Victini|Victini|100/100
|move|p2a: Volcarona|Quiver Dance|p2a: Volcarona
|-boost|p2a: Volcarona|spa|1
|-boost|p2a: Volcarona|spd|1
|-boost|p2a: Volcarona|spe|1
|
|upkeep
|turn|20
|
|t:|1661009485
|move|p2a: Volcarona|Quiver Dance|p2a: Volcarona
|-boost|p2a: Volcarona|spa|1
|-boost|p2a: Volcarona|spd|1
|-boost|p2a: Volcarona|spe|1
|move|p1a: Victini|V-create|p2a: Volcarona
|-damage|p2a: Volcarona|0 fnt
|-unboost|p1a: Victini|spe|1
|-unboost|p1a: Victini|def|1
|-unboost|p1a: Victini|spd|1
|faint|p2a: Volcarona
|
|win|Plasmeek
|raw|Plasmeek's rating: 1872 &rarr; <strong>1892</strong><br />(+20 for winning)
|raw|LT93OQ Strat's rating: 1878 &rarr; <strong>1858</strong><br />(-20 for losing)
|l|☆LT93OQ Strat
|l|☆Plasmeek
|l| LT93OQ Harshal
||Ladder isn't responding, score probably updated but might not have (Request timeout).
|l| Z6MC
|l| lt93oq fenomeno
|j| lt93oq fenomeno
|l| Plrsnop
