|j|☆big boss 447
|j|☆Escavalier
|player|p1|big boss 447|n|1806
|player|p2|Escavalier|2|1749
|teamsize|p1|6
|teamsize|p2|6
|gametype|singles
|gen|8
|tier|[Gen 8] OU
|rated|
|clearpoke
|poke|p1|Mimikyu, M|
|poke|p1|Hippowdon, F|
|poke|p1|Excadrill, F|
|poke|p1|Diggersby, M|
|poke|p1|Hydreigon, F|
|poke|p1|Clefable, M|
|poke|p2|Dragapult, F|
|poke|p2|Corviknight, F|
|poke|p2|Clefable, F|
|poke|p2|Conkeldurr, F|
|poke|p2|Seismitoad, F|
|poke|p2|Aegislash, F|
|rule|Sleep Clause Mod: Limit one foe put to sleep
|rule|Species Clause: Limit one of each Pokémon
|rule|OHKO Clause: OHKO moves are banned
|rule|Evasion Moves Clause: Evasion moves are banned
|rule|Endless Battle Clause: Forcing endless battles is banned
|rule|HP Percentage Mod: HP is shown in percentages
|rule|Dynamax Clause: You cannot dynamax
|teampreview
|j| cancer02
|j| frozen sledge
|j| dat1aznkid
|
|start
|switch|p1a: Clefable|Clefable, M|100/100
|switch|p2a: Seismitoad|Seismitoad, F|100/100
|turn|1
|j| mdng
|
|switch|p2a: Clefable|Clefable, F|100/100
|move|p1a: Clefable|Moonblast|p2a: Clefable
|-damage|p2a: Clefable|63/100
|
|-heal|p2a: Clefable|70/100|[from] item: Leftovers
|upkeep
|turn|2
|
|move|p1a: Clefable|Moonblast|p2a: Clefable
|-damage|p2a: Clefable|31/100
|move|p2a: Clefable|Wish|p2a: Clefable
|
|-heal|p2a: Clefable|37/100|[from] item: Leftovers
|upkeep
|turn|3
|
|move|p2a: Clefable|Protect|p2a: Clefable
|-singleturn|p2a: Clefable|Protect
|move|p1a: Clefable|Calm Mind|p1a: Clefable
|-boost|p1a: Clefable|spa|1
|-boost|p1a: Clefable|spd|1
|
|-heal|p2a: Clefable|87/100|[from] move: Wish|[wisher] Clefable
|-heal|p2a: Clefable|93/100|[from] item: Leftovers
|upkeep
|turn|4
|j| zjdxg
|
|move|p1a: Clefable|Moonblast|p2a: Clefable
|-damage|p2a: Clefable|33/100
|-unboost|p2a: Clefable|spa|1
|move|p2a: Clefable|Teleport|p2a: Clefable
|
|switch|p2a: Dragapult|Dragapult, F|100/100|[from]move: Teleport
|
|upkeep
|turn|5
|
|move|p2a: Dragapult|Thunder Wave|p1a: Clefable
|-status|p1a: Clefable|par
|cant|p1a: Clefable|par
|
|upkeep
|turn|6
|
|switch|p2a: Aegislash|Aegislash, F|100/100
|cant|p1a: Clefable|par
|
|upkeep
|turn|7
|
|switch|p1a: Hippowdon|Hippowdon, F|100/100
|-weather|Sandstorm|[from] ability: Sand Stream|[of] p1a: Hippowdon
|-formechange|p2a: Aegislash|Aegislash-Blade||[from] ability: Stance Change
|move|p2a: Aegislash|Iron Head|p1a: Hippowdon
|-damage|p1a: Hippowdon|62/100
|
|-weather|Sandstorm|[upkeep]
|upkeep
|turn|8
|
|switch|p2a: Seismitoad|Seismitoad, F|100/100
|move|p1a: Hippowdon|Stealth Rock|p2a: Seismitoad
|-sidestart|p2: Escavalier|move: Stealth Rock
|
|-weather|Sandstorm|[upkeep]
|upkeep
|turn|9
|
|switch|p1a: Clefable|Clefable, M|100/100 par
|move|p2a: Seismitoad|Stealth Rock|p1a: Clefable
|-sidestart|p1: big boss 447|move: Stealth Rock
|
|-weather|Sandstorm|[upkeep]
|upkeep
|turn|10
|
|switch|p2a: Aegislash|Aegislash, F|100/100
|-damage|p2a: Aegislash|94/100|[from] Stealth Rock
|move|p1a: Clefable|Flamethrower|p2a: Aegislash
|-supereffective|p2a: Aegislash
|-damage|p2a: Aegislash|22/100
|
|-weather|Sandstorm|[upkeep]
|upkeep
|turn|11
|
|switch|p1a: Hippowdon|Hippowdon, F|62/100
|-damage|p1a: Hippowdon|56/100|[from] Stealth Rock
|-formechange|p2a: Aegislash|Aegislash-Blade||[from] ability: Stance Change
|move|p2a: Aegislash|Iron Head|p1a: Hippowdon
|-damage|p1a: Hippowdon|18/100
|
|-weather|Sandstorm|[upkeep]
|upkeep
|turn|12
|j| Rased & Bedpilled
|
|move|p2a: Aegislash|Iron Head|p1a: Hippowdon
|-damage|p1a: Hippowdon|0 fnt
|faint|p1a: Hippowdon
|
|-weather|Sandstorm|[upkeep]
|upkeep
|
|switch|p1a: Excadrill|Excadrill, F|100/100
|-damage|p1a: Excadrill|97/100|[from] Stealth Rock
|turn|13
|
|switch|p2a: Corviknight|Corviknight, F|100/100
|-damage|p2a: Corviknight|88/100|[from] Stealth Rock
|-ability|p2a: Corviknight|Pressure
|move|p1a: Excadrill|Swords Dance|p1a: Excadrill
|-boost|p1a: Excadrill|atk|2
|
|-weather|Sandstorm|[upkeep]
|-heal|p2a: Corviknight|94/100|[from] item: Leftovers
|upkeep
|turn|14
|j| your stepbro
|j| HeavenStar
|
|switch|p2a: Clefable|Clefable, F|33/100
|move|p1a: Excadrill|Rock Slide|p2a: Clefable|[miss]
|-miss|p1a: Excadrill|p2a: Clefable
|
|-weather|none
|-heal|p2a: Clefable|40/100|[from] item: Leftovers
|upkeep
|turn|15
|
|move|p1a: Excadrill|Iron Head|p2a: Clefable
|-supereffective|p2a: Clefable
|-damage|p2a: Clefable|0 fnt
|-damage|p1a: Excadrill|87/100|[from] item: Life Orb
|faint|p2a: Clefable
|
|upkeep
|l| frozen sledge
|
|switch|p2a: Aegislash|Aegislash, F|22/100
|-damage|p2a: Aegislash|15/100|[from] Stealth Rock
|turn|16
|
|-formechange|p2a: Aegislash|Aegislash-Blade||[from] ability: Stance Change
|move|p2a: Aegislash|Shadow Sneak|p1a: Excadrill
|-damage|p1a: Excadrill|31/100
|move|p1a: Excadrill|Earthquake|p2a: Aegislash
|-supereffective|p2a: Aegislash
|-damage|p2a: Aegislash|0 fnt
|-damage|p1a: Excadrill|21/100|[from] item: Life Orb
|faint|p2a: Aegislash
|
|upkeep
|
|switch|p2a: Dragapult|Dragapult, F|100/100
|-damage|p2a: Dragapult|88/100|[from] Stealth Rock
|turn|17
|
|move|p2a: Dragapult|Hex|p1a: Excadrill
|-damage|p1a: Excadrill|0 fnt
|faint|p1a: Excadrill
|
|-heal|p2a: Dragapult|94/100|[from] item: Leftovers
|upkeep
|
|switch|p1a: Clefable|Clefable, M|100/100 par
|turn|18
|
|switch|p2a: Seismitoad|Seismitoad, F|100/100
|-damage|p2a: Seismitoad|94/100|[from] Stealth Rock
|cant|p1a: Clefable|par
|
|-heal|p2a: Seismitoad|100/100|[from] item: Leftovers
|upkeep
|turn|19
|
|move|p2a: Seismitoad|Earthquake|p1a: Clefable
|-damage|p1a: Clefable|55/100 par
|move|p1a: Clefable|Moonblast|p2a: Seismitoad
|-damage|p2a: Seismitoad|41/100
|
|-heal|p2a: Seismitoad|47/100|[from] item: Leftovers
|upkeep
|turn|20
|
|move|p2a: Seismitoad|Earthquake|p1a: Clefable
|-damage|p1a: Clefable|10/100 par
|move|p1a: Clefable|Moonblast|p2a: Seismitoad
|-crit|p2a: Seismitoad
|-damage|p2a: Seismitoad|0 fnt
|faint|p2a: Seismitoad
|
|upkeep
|l| your stepbro
|
|switch|p2a: Dragapult|Dragapult, F|94/100
|-damage|p2a: Dragapult|82/100|[from] Stealth Rock
|turn|21
|
|move|p2a: Dragapult|Hex|p1a: Clefable
|-damage|p1a: Clefable|0 fnt
|faint|p1a: Clefable
|
|-heal|p2a: Dragapult|88/100|[from] item: Leftovers
|upkeep
|
|switch|p1a: Hydreigon|Hydreigon, F|100/100
|-damage|p1a: Hydreigon|88/100|[from] Stealth Rock
|turn|22
|
|move|p1a: Hydreigon|Flamethrower|p2a: Dragapult
|-resisted|p2a: Dragapult
|-damage|p2a: Dragapult|64/100
|move|p2a: Dragapult|Draco Meteor|p1a: Hydreigon
|-supereffective|p1a: Hydreigon
|-damage|p1a: Hydreigon|0 fnt
|-unboost|p2a: Dragapult|spa|2
|faint|p1a: Hydreigon
|
|-heal|p2a: Dragapult|70/100|[from] item: Leftovers
|upkeep
|
|switch|p1a: Diggersby|Diggersby, M|100/100
|-damage|p1a: Diggersby|94/100|[from] Stealth Rock
|turn|23
|
|move|p2a: Dragapult|Will-O-Wisp|p1a: Diggersby
|-status|p1a: Diggersby|brn
|move|p1a: Diggersby|Swords Dance|p1a: Diggersby
|-boost|p1a: Diggersby|atk|2
|
|-heal|p2a: Dragapult|76/100|[from] item: Leftovers
|-damage|p1a: Diggersby|88/100 brn|[from] brn
|upkeep
|turn|24
|
|switch|p2a: Conkeldurr|Conkeldurr, F|100/100
|-damage|p2a: Conkeldurr|94/100|[from] Stealth Rock
|move|p1a: Diggersby|Swords Dance|p1a: Diggersby
|-boost|p1a: Diggersby|atk|2
|
|-damage|p1a: Diggersby|82/100 brn|[from] brn
|-status|p2a: Conkeldurr|brn|[from] item: Flame Orb
|upkeep
|turn|25
|
|switch|p1a: Mimikyu|Mimikyu, M|100/100
|-damage|p1a: Mimikyu|88/100|[from] Stealth Rock
|move|p2a: Conkeldurr|Mach Punch|p1a: Mimikyu
|-immune|p1a: Mimikyu
|
|-damage|p2a: Conkeldurr|88/100 brn|[from] brn
|upkeep
|turn|26
|
|move|p1a: Mimikyu|Swords Dance|p1a: Mimikyu
|-boost|p1a: Mimikyu|atk|2
|move|p2a: Conkeldurr|Knock Off|p1a: Mimikyu
|-activate|p1a: Mimikyu|ability: Disguise
|-damage|p1a: Mimikyu|88/100
|-enditem|p1a: Mimikyu|Life Orb|[from] move: Knock Off|[of] p2a: Conkeldurr
|detailschange|p1a: Mimikyu|Mimikyu-Busted, M
|-damage|p1a: Mimikyu|76/100|[from] pokemon: Mimikyu-Busted
|
|-damage|p2a: Conkeldurr|82/100 brn|[from] brn
|upkeep
|turn|27
|
|move|p1a: Mimikyu|Play Rough|p2a: Conkeldurr
|-supereffective|p2a: Conkeldurr
|-damage|p2a: Conkeldurr|0 fnt
|faint|p2a: Conkeldurr
|
|upkeep
|
|switch|p2a: Corviknight|Corviknight, F|94/100
|-damage|p2a: Corviknight|82/100|[from] Stealth Rock
|-ability|p2a: Corviknight|Pressure
|turn|28
|
|move|p1a: Mimikyu|Shadow Claw|p2a: Corviknight
|-damage|p2a: Corviknight|29/100
|move|p2a: Corviknight|Bulk Up|p2a: Corviknight
|-boost|p2a: Corviknight|atk|1
|-boost|p2a: Corviknight|def|1
|
|-heal|p2a: Corviknight|35/100|[from] item: Leftovers
|upkeep
|turn|29
|
|move|p1a: Mimikyu|Shadow Claw|p2a: Corviknight
|-damage|p2a: Corviknight|0 fnt
|faint|p2a: Corviknight
|
|upkeep
|-message|Escavalier forfeited.
|
|win|big boss 447
|l|☆Escavalier
|raw|big boss 447's rating: 1806 &rarr; <strong>1823</strong><br />(+17 for winning)
|raw|Escavalier's rating: 1749 &rarr; <strong>1733</strong><br />(-16 for losing)
