|j|☆Gurtrant
|j|☆River Crossing
|t:|1634251192
|gametype|singles
|player|p1|Gurtrant|238|1622
|player|p2|River Crossing|erika-gen2|1664
|teamsize|p1|6
|teamsize|p2|6
|gen|8
|tier|[Gen 8] OU
|rated|
|rule|Sleep Clause Mod: Limit one foe put to sleep
|rule|Species Clause: Limit one of each Pokémon
|rule|OHKO Clause: OHKO moves are banned
|rule|Evasion Moves Clause: Evasion moves are banned
|rule|Endless Battle Clause: Forcing endless battles is banned
|rule|HP Percentage Mod: HP is shown in percentages
|rule|Dynamax Clause: You cannot dynamax
|clearpoke
|poke|p1|Pelipper, M|
|poke|p1|Heliolisk, F|
|poke|p1|Seismitoad, M|
|poke|p1|Barraskewda, M|
|poke|p1|Ferrothorn, M|
|poke|p1|Zapdos|
|poke|p2|Victini|
|poke|p2|Toxapex, M|
|poke|p2|Tyranitar, M|
|poke|p2|Clefable, F|
|poke|p2|Corviknight, F|
|poke|p2|Landorus-Therian, M|
|teampreview
|inactive|Battle timer is ON: inactive players will automatically lose when time's up. (requested by Gurtrant)
|
|t:|1634251219
|start
|switch|p1a: Pelipper|Pelipper, M|100/100
|switch|p2a: Tyranitar|Tyranitar, M|100/100
|-weather|RainDance|[from] ability: Drizzle|[of] p1a: Pelipper
|-weather|Sandstorm|[from] ability: Sand Stream|[of] p2a: Tyranitar
|turn|1
|j| SlowbroButFemale
|inactive|Gurtrant has 120 seconds left.
|
|t:|1634251264
|move|p1a: Pelipper|U-turn|p2a: Tyranitar
|-supereffective|p2a: Tyranitar
|-damage|p2a: Tyranitar|87/100
|
|t:|1634251266
|switch|p1a: Ferrothorn|Ferrothorn, M|100/100|[from]move: U-turn
|move|p2a: Tyranitar|Stealth Rock|p1a: Ferrothorn
|-sidestart|p1: Gurtrant|move: Stealth Rock
|
|-weather|Sandstorm|[upkeep]
|-heal|p2a: Tyranitar|93/100|[from] item: Leftovers
|upkeep
|turn|2
|
|t:|1634251273
|switch|p2a: Clefable|Clefable, F|100/100
|move|p1a: Ferrothorn|Spikes|p2a: Clefable
|-sidestart|p2: River Crossing|Spikes
|
|-weather|Sandstorm|[upkeep]
|upkeep
|turn|3
|
|t:|1634251277
|move|p2a: Clefable|Trick|p1a: Ferrothorn
|-activate|p2a: Clefable|move: Trick|[of] p1a: Ferrothorn
|-item|p1a: Ferrothorn|Choice Scarf|[from] move: Trick
|-item|p2a: Clefable|Leftovers|[from] move: Trick
|move|p1a: Ferrothorn|Knock Off|p2a: Clefable
|-resisted|p2a: Clefable
|-damage|p2a: Clefable|92/100
|-enditem|p2a: Clefable|Leftovers|[from] move: Knock Off|[of] p1a: Ferrothorn
|
|-weather|Sandstorm|[upkeep]
|upkeep
|turn|4
|
|t:|1634251288
|switch|p1a: Heliolisk|Heliolisk, F, shiny|100/100
|-damage|p1a: Heliolisk|88/100|[from] Stealth Rock
|move|p2a: Clefable|Moonblast|p1a: Heliolisk
|-damage|p1a: Heliolisk|44/100
|
|-weather|Sandstorm|[upkeep]
|-damage|p1a: Heliolisk|38/100|[from] Sandstorm
|upkeep
|turn|5
|
|t:|1634251300
|move|p1a: Heliolisk|Volt Switch|p2a: Clefable
|-damage|p2a: Clefable|52/100
|-damage|p1a: Heliolisk|28/100|[from] item: Life Orb
|inactive|Gurtrant has 120 seconds left.
|
|t:|1634251334
|switch|p1a: Ferrothorn|Ferrothorn, M|100/100|[from]move: Volt Switch
|-damage|p1a: Ferrothorn|94/100|[from] Stealth Rock
|move|p2a: Clefable|Moonblast|p1a: Ferrothorn
|-resisted|p1a: Ferrothorn
|-damage|p1a: Ferrothorn|85/100
|
|-weather|none
|upkeep
|turn|6
|
|t:|1634251343
|switch|p2a: Corviknight|Corviknight, F|100/100
|-ability|p2a: Corviknight|Pressure
|move|p1a: Ferrothorn|Gyro Ball|p2a: Corviknight
|-resisted|p2a: Corviknight
|-damage|p2a: Corviknight|93/100
|-damage|p1a: Ferrothorn|68/100|[from] item: Rocky Helmet|[of] p2a: Corviknight
|
|upkeep
|turn|7
|inactive|Gurtrant has 120 seconds left.
|
|t:|1634251357
|switch|p1a: Zapdos|Zapdos|100/100
|move|p2a: Corviknight|U-turn|p1a: Zapdos
|-resisted|p1a: Zapdos
|-damage|p1a: Zapdos|96/100
|
|t:|1634251362
|switch|p2a: Tyranitar|Tyranitar, M|93/100|[from]move: U-turn
|-damage|p2a: Tyranitar|80/100|[from] Spikes
|-weather|Sandstorm|[from] ability: Sand Stream|[of] p2a: Tyranitar
|
|-weather|Sandstorm|[upkeep]
|-damage|p1a: Zapdos|89/100|[from] Sandstorm
|-heal|p2a: Tyranitar|87/100|[from] item: Leftovers
|upkeep
|turn|8
|
|t:|1634251367
|move|p1a: Zapdos|U-turn|p2a: Tyranitar
|-supereffective|p2a: Tyranitar
|-damage|p2a: Tyranitar|64/100
|
|t:|1634251369
|switch|p1a: Ferrothorn|Ferrothorn, M|68/100|[from]move: U-turn
|-damage|p1a: Ferrothorn|62/100|[from] Stealth Rock
|move|p2a: Tyranitar|Rock Blast|p1a: Ferrothorn
|-resisted|p1a: Ferrothorn
|-damage|p1a: Ferrothorn|58/100
|-resisted|p1a: Ferrothorn
|-damage|p1a: Ferrothorn|53/100
|-resisted|p1a: Ferrothorn
|-damage|p1a: Ferrothorn|49/100
|-hitcount|p1a: Ferrothorn|3
|
|-weather|Sandstorm|[upkeep]
|-heal|p2a: Tyranitar|70/100|[from] item: Leftovers
|upkeep
|turn|9
|
|t:|1634251377
|switch|p2a: Corviknight|Corviknight, F|93/100
|-ability|p2a: Corviknight|Pressure
|move|p1a: Ferrothorn|Knock Off|p2a: Corviknight
|-damage|p2a: Corviknight|80/100
|-damage|p1a: Ferrothorn|33/100|[from] item: Rocky Helmet|[of] p2a: Corviknight
|-enditem|p2a: Corviknight|Rocky Helmet|[from] move: Knock Off|[of] p1a: Ferrothorn
|
|-weather|Sandstorm|[upkeep]
|upkeep
|turn|10
|
|t:|1634251384
|switch|p1a: Zapdos|Zapdos|89/100
|move|p2a: Corviknight|Defog|p1a: Zapdos
|-unboost|p1a: Zapdos|evasion|1
|-sideend|p1: Gurtrant|Stealth Rock|[from] move: Defog|[of] p2a: Corviknight
|-sideend|p2: River Crossing|Spikes|[from] move: Defog|[of] p2a: Corviknight
|
|-weather|Sandstorm|[upkeep]
|-damage|p1a: Zapdos|83/100|[from] Sandstorm
|upkeep
|turn|11
|
|t:|1634251388
|switch|p2a: Landorus|Landorus-Therian, M|100/100
|-ability|p2a: Landorus|Intimidate|boost
|-unboost|p1a: Zapdos|atk|1
|move|p1a: Zapdos|U-turn|p2a: Landorus
|-resisted|p2a: Landorus
|-damage|p2a: Landorus|95/100
|
|t:|1634251390
|switch|p1a: Pelipper|Pelipper, M|100/100|[from]move: U-turn
|-weather|RainDance|[from] ability: Drizzle|[of] p1a: Pelipper
|
|-weather|RainDance|[upkeep]
|upkeep
|turn|12
|
|t:|1634251393
|move|p2a: Landorus|U-turn|p1a: Pelipper
|-resisted|p1a: Pelipper
|-damage|p1a: Pelipper|90/100
|
|t:|1634251396
|switch|p2a: Toxapex|Toxapex, M|100/100|[from]move: U-turn
|move|p1a: Pelipper|U-turn|p2a: Toxapex
|-resisted|p2a: Toxapex
|-damage|p2a: Toxapex|98/100
|-damage|p1a: Pelipper|73/100|[from] item: Rocky Helmet|[of] p2a: Toxapex
|
|t:|1634251399
|switch|p1a: Heliolisk|Heliolisk, F, shiny|28/100|[from]move: U-turn
|
|-weather|RainDance|[upkeep]
|-heal|p1a: Heliolisk|40/100|[from] ability: Dry Skin
|upkeep
|turn|13
|
|t:|1634251411
|switch|p2a: Landorus|Landorus-Therian, M|95/100
|-ability|p2a: Landorus|Intimidate|boost
|-unboost|p1a: Heliolisk|atk|1
|move|p1a: Heliolisk|Thunder|p2a: Landorus
|-immune|p2a: Landorus
|
|-weather|RainDance|[upkeep]
|-heal|p1a: Heliolisk|53/100|[from] ability: Dry Skin
|upkeep
|turn|14
|
|t:|1634251418
|switch|p1a: Zapdos|Zapdos|83/100
|move|p2a: Landorus|U-turn|p1a: Zapdos
|-resisted|p1a: Zapdos
|-damage|p1a: Zapdos|74/100
|
|t:|1634251420
|switch|p2a: Tyranitar|Tyranitar, M|70/100|[from]move: U-turn
|-weather|Sandstorm|[from] ability: Sand Stream|[of] p2a: Tyranitar
|
|-weather|Sandstorm|[upkeep]
|-damage|p1a: Zapdos|68/100|[from] Sandstorm
|-heal|p2a: Tyranitar|76/100|[from] item: Leftovers
|upkeep
|turn|15
|inactive|Gurtrant has 120 seconds left.
|inactive|River Crossing has 120 seconds left.
|inactive|Gurtrant has 90 seconds left.
|
|t:|1634251484
|move|p1a: Zapdos|U-turn|p2a: Tyranitar
|-supereffective|p2a: Tyranitar
|-damage|p2a: Tyranitar|55/100
|
|t:|1634251489
|switch|p1a: Ferrothorn|Ferrothorn, M|33/100|[from]move: U-turn
|move|p2a: Tyranitar|Rock Blast|p1a: Ferrothorn
|-resisted|p1a: Ferrothorn
|-damage|p1a: Ferrothorn|28/100
|-resisted|p1a: Ferrothorn
|-damage|p1a: Ferrothorn|24/100
|-hitcount|p1a: Ferrothorn|2
|
|-weather|Sandstorm|[upkeep]
|-heal|p2a: Tyranitar|62/100|[from] item: Leftovers
|upkeep
|turn|16
|
|t:|1634251496
|switch|p2a: Victini|Victini|100/100
|move|p1a: Ferrothorn|Leech Seed|p2a: Victini
|-start|p2a: Victini|move: Leech Seed
|
|-weather|Sandstorm|[upkeep]
|-damage|p2a: Victini|94/100|[from] Sandstorm
|-damage|p2a: Victini|82/100|[from] Leech Seed|[of] p1a: Ferrothorn
|-heal|p1a: Ferrothorn|36/100|[silent]
|upkeep
|turn|17
|inactive|River Crossing has 120 seconds left.
|
|t:|1634251530
|switch|p1a: Seismitoad|Seismitoad, M|100/100
|move|p2a: Victini|V-create|p1a: Seismitoad
|-resisted|p1a: Seismitoad
|-damage|p1a: Seismitoad|31/100
|-unboost|p2a: Victini|spe|1
|-unboost|p2a: Victini|def|1
|-unboost|p2a: Victini|spd|1
|
|-weather|Sandstorm|[upkeep]
|-damage|p2a: Victini|76/100|[from] Sandstorm
|-damage|p2a: Victini|64/100|[from] Leech Seed|[of] p1a: Seismitoad
|-heal|p1a: Seismitoad|43/100|[silent]
|upkeep
|turn|18
|
|t:|1634251536
|switch|p1a: Pelipper|Pelipper, M|73/100
|-weather|RainDance|[from] ability: Drizzle|[of] p1a: Pelipper
|switch|p2a: Corviknight|Corviknight, F|80/100
|-ability|p2a: Corviknight|Pressure
|
|-weather|RainDance|[upkeep]
|upkeep
|turn|19
|
|t:|1634251540
|move|p2a: Corviknight|U-turn|p1a: Pelipper
|-resisted|p1a: Pelipper
|-damage|p1a: Pelipper|67/100
|
|t:|1634251547
|switch|p2a: Tyranitar|Tyranitar, M|62/100|[from]move: U-turn
|-weather|Sandstorm|[from] ability: Sand Stream|[of] p2a: Tyranitar
|move|p1a: Pelipper|U-turn|p2a: Tyranitar
|-supereffective|p2a: Tyranitar
|-damage|p2a: Tyranitar|48/100
|
|t:|1634251550
|switch|p1a: Barraskewda|Barraskewda, M|100/100|[from]move: U-turn
|
|-weather|Sandstorm|[upkeep]
|-damage|p1a: Barraskewda|94/100|[from] Sandstorm
|-heal|p2a: Tyranitar|54/100|[from] item: Leftovers
|upkeep
|turn|20
|
|t:|1634251553
|switch|p2a: Toxapex|Toxapex, M|100/100
|move|p1a: Barraskewda|Flip Turn|p2a: Toxapex
|-resisted|p2a: Toxapex
|-damage|p2a: Toxapex|86/100
|-damage|p1a: Barraskewda|78/100|[from] item: Rocky Helmet|[of] p2a: Toxapex
|
|t:|1634251558
|switch|p1a: Pelipper|Pelipper, M|67/100|[from]move: Flip Turn
|-weather|RainDance|[from] ability: Drizzle|[of] p1a: Pelipper
|
|-weather|RainDance|[upkeep]
|upkeep
|turn|21
|
|t:|1634251565
|switch|p1a: Ferrothorn|Ferrothorn, M|36/100
|move|p2a: Toxapex|Toxic Spikes|p1a: Ferrothorn
|-sidestart|p1: Gurtrant|move: Toxic Spikes
|
|-weather|RainDance|[upkeep]
|upkeep
|turn|22
|
|t:|1634251588
|switch|p2a: Victini|Victini|64/100
|move|p1a: Ferrothorn|Knock Off|p2a: Victini
|-supereffective|p2a: Victini
|-damage|p2a: Victini|22/100
|-enditem|p2a: Victini|Choice Band|[from] move: Knock Off|[of] p1a: Ferrothorn
|
|-weather|RainDance|[upkeep]
|upkeep
|turn|23
|inactive|River Crossing has 120 seconds left.
|inactive|River Crossing has 90 seconds left.
|j| Tabata Toxapex
|inactive|River Crossing has 60 seconds left.
|
|t:|1634251675
|switch|p1a: Zapdos|Zapdos|68/100
|move|p2a: Victini|V-create|p1a: Zapdos
|-damage|p1a: Zapdos|41/100
|-unboost|p2a: Victini|spe|1
|-unboost|p2a: Victini|def|1
|-unboost|p2a: Victini|spd|1
|
|-weather|RainDance|[upkeep]
|upkeep
|turn|24
|inactive|River Crossing has 60 seconds left.
|
|t:|1634251688
|switch|p2a: Tyranitar|Tyranitar, M|54/100
|-weather|Sandstorm|[from] ability: Sand Stream|[of] p2a: Tyranitar
|move|p1a: Zapdos|Roost|p1a: Zapdos
|-heal|p1a: Zapdos|91/100
|-singleturn|p1a: Zapdos|move: Roost
|
|-weather|Sandstorm|[upkeep]
|-damage|p1a: Zapdos|85/100|[from] Sandstorm
|-heal|p2a: Tyranitar|60/100|[from] item: Leftovers
|upkeep
|turn|25
|inactive|River Crossing has 60 seconds left.
|
|t:|1634251707
|switch|p1a: Ferrothorn|Ferrothorn, M|36/100
|move|p2a: Tyranitar|Ice Beam|p1a: Ferrothorn
|-damage|p1a: Ferrothorn|25/100
|
|-weather|Sandstorm|[upkeep]
|-heal|p2a: Tyranitar|66/100|[from] item: Leftovers
|upkeep
|turn|26
|inactive|River Crossing has 60 seconds left.
|
|t:|1634251733
|switch|p2a: Clefable|Clefable, F|52/100
|move|p1a: Ferrothorn|Knock Off|p2a: Clefable
|-resisted|p2a: Clefable
|-damage|p2a: Clefable|46/100
|
|-weather|Sandstorm|[upkeep]
|upkeep
|turn|27
|
|t:|1634251746
|switch|p1a: Pelipper|Pelipper, M|67/100
|-weather|RainDance|[from] ability: Drizzle|[of] p1a: Pelipper
|move|p2a: Clefable|Moonblast|p1a: Pelipper
|-crit|p1a: Pelipper
|-damage|p1a: Pelipper|6/100
|
|-weather|RainDance|[upkeep]
|upkeep
|turn|28
|
|t:|1634251753
|switch|p1a: Zapdos|Zapdos|85/100
|move|p2a: Clefable|Moonblast|p1a: Zapdos
|-damage|p1a: Zapdos|55/100
|
|-weather|RainDance|[upkeep]
|upkeep
|turn|29
|inactive|River Crossing has 60 seconds left.
|
|t:|1634251761
|move|p1a: Zapdos|Defog|p2a: Clefable
|-unboost|p2a: Clefable|evasion|1
|-sideend|p1: Gurtrant|Toxic Spikes|[from] move: Defog|[of] p1a: Zapdos
|move|p2a: Clefable|Moonblast|p1a: Zapdos
|-damage|p1a: Zapdos|26/100
|-unboost|p1a: Zapdos|spa|1
|
|-weather|RainDance|[upkeep]
|upkeep
|turn|30
|
|t:|1634251769
|switch|p2a: Tyranitar|Tyranitar, M|66/100
|-weather|Sandstorm|[from] ability: Sand Stream|[of] p2a: Tyranitar
|move|p1a: Zapdos|Roost|p1a: Zapdos
|-heal|p1a: Zapdos|76/100
|-singleturn|p1a: Zapdos|move: Roost
|
|-weather|Sandstorm|[upkeep]
|-damage|p1a: Zapdos|70/100|[from] Sandstorm
|-heal|p2a: Tyranitar|73/100|[from] item: Leftovers
|upkeep
|turn|31
|
|t:|1634251782
|move|p1a: Zapdos|U-turn|p2a: Tyranitar
|-supereffective|p2a: Tyranitar
|-damage|p2a: Tyranitar|53/100
|l| SlowbroButFemale
|
|t:|1634251784
|switch|p1a: Ferrothorn|Ferrothorn, M|25/100|[from]move: U-turn
|move|p2a: Tyranitar|Rock Blast|p1a: Ferrothorn
|-resisted|p1a: Ferrothorn
|-damage|p1a: Ferrothorn|20/100
|-resisted|p1a: Ferrothorn
|-damage|p1a: Ferrothorn|16/100
|-hitcount|p1a: Ferrothorn|2
|
|-weather|Sandstorm|[upkeep]
|-heal|p2a: Tyranitar|59/100|[from] item: Leftovers
|upkeep
|turn|32
|
|t:|1634251796
|move|p2a: Tyranitar|Earthquake|p1a: Ferrothorn
|-damage|p1a: Ferrothorn|0 fnt
|faint|p1a: Ferrothorn
|
|-weather|Sandstorm|[upkeep]
|-heal|p2a: Tyranitar|65/100|[from] item: Leftovers
|upkeep
|
|t:|1634251820
|switch|p1a: Pelipper|Pelipper, M|6/100
|-weather|RainDance|[from] ability: Drizzle|[of] p1a: Pelipper
|turn|33
|
|t:|1634251827
|switch|p2a: Victini|Victini|22/100
|move|p1a: Pelipper|Roost|p1a: Pelipper
|-heal|p1a: Pelipper|56/100
|-singleturn|p1a: Pelipper|move: Roost
|
|-weather|RainDance|[upkeep]
|upkeep
|turn|34
|
|t:|1634251844
|switch|p1a: Seismitoad|Seismitoad, M|43/100
|move|p2a: Victini|U-turn|p1a: Seismitoad
|-damage|p1a: Seismitoad|19/100
|
|t:|1634251849
|switch|p2a: Tyranitar|Tyranitar, M|65/100|[from]move: U-turn
|-weather|Sandstorm|[from] ability: Sand Stream|[of] p2a: Tyranitar
|
|-weather|Sandstorm|[upkeep]
|-heal|p2a: Tyranitar|71/100|[from] item: Leftovers
|upkeep
|turn|35
|
|t:|1634251858
|switch|p2a: Clefable|Clefable, F|46/100
|move|p1a: Seismitoad|Earth Power|p2a: Clefable
|-damage|p2a: Clefable|0 fnt
|faint|p2a: Clefable
|-damage|p1a: Seismitoad|9/100|[from] item: Life Orb
|
|-weather|Sandstorm|[upkeep]
|upkeep
|inactive|River Crossing has 90 seconds left.
|
|t:|1634251874
|switch|p2a: Victini|Victini|22/100
|turn|36
|inactive|River Crossing has 90 seconds left.
|
|t:|1634251892
|move|p2a: Victini|Glaciate|p1a: Seismitoad
|-damage|p1a: Seismitoad|0 fnt
|faint|p1a: Seismitoad
|
|-weather|Sandstorm|[upkeep]
|-damage|p2a: Victini|16/100|[from] Sandstorm
|upkeep
|
|t:|1634251900
|switch|p1a: Barraskewda|Barraskewda, M|78/100
|turn|37
|inactive|River Crossing has 90 seconds left.
|
|t:|1634251917
|switch|p2a: Corviknight|Corviknight, F|80/100
|-ability|p2a: Corviknight|Pressure
|move|p1a: Barraskewda|Flip Turn|p2a: Corviknight
|-damage|p2a: Corviknight|49/100
|
|t:|1634251924
|switch|p1a: Pelipper|Pelipper, M|56/100|[from]move: Flip Turn
|-weather|RainDance|[from] ability: Drizzle|[of] p1a: Pelipper
|
|-weather|RainDance|[upkeep]
|upkeep
|turn|38
|
|t:|1634251932
|move|p2a: Corviknight|Roost|p2a: Corviknight
|-heal|p2a: Corviknight|99/100
|-singleturn|p2a: Corviknight|move: Roost
|move|p1a: Pelipper|U-turn|p2a: Corviknight
|-resisted|p2a: Corviknight
|-damage|p2a: Corviknight|96/100
|
|t:|1634251936
|switch|p1a: Heliolisk|Heliolisk, F, shiny|53/100|[from]move: U-turn
|
|-weather|RainDance|[upkeep]
|-heal|p1a: Heliolisk|65/100|[from] ability: Dry Skin
|upkeep
|turn|39
|
|t:|1634251945
|move|p1a: Heliolisk|Thunder|p2a: Corviknight
|-supereffective|p2a: Corviknight
|-crit|p2a: Corviknight
|-damage|p2a: Corviknight|0 fnt
|faint|p2a: Corviknight
|-damage|p1a: Heliolisk|56/100|[from] item: Life Orb
|
|-weather|RainDance|[upkeep]
|-heal|p1a: Heliolisk|68/100|[from] ability: Dry Skin
|upkeep
|
|t:|1634251948
|switch|p2a: Tyranitar|Tyranitar, M|71/100
|-weather|Sandstorm|[from] ability: Sand Stream|[of] p2a: Tyranitar
|turn|40
|
|t:|1634251974
|switch|p2a: Victini|Victini|16/100
|move|p1a: Heliolisk|Focus Blast|p2a: Victini
|-resisted|p2a: Victini
|-damage|p2a: Victini|0 fnt
|faint|p2a: Victini
|-damage|p1a: Heliolisk|58/100|[from] item: Life Orb
|
|-weather|Sandstorm|[upkeep]
|-damage|p1a: Heliolisk|52/100|[from] Sandstorm
|upkeep
|
|t:|1634251979
|switch|p2a: Landorus|Landorus-Therian, M|95/100
|-ability|p2a: Landorus|Intimidate|boost
|-unboost|p1a: Heliolisk|atk|1
|turn|41
|
|t:|1634251985
|switch|p1a: Pelipper|Pelipper, M|56/100
|-weather|RainDance|[from] ability: Drizzle|[of] p1a: Pelipper
|move|p2a: Landorus|Stone Edge|p1a: Pelipper|[miss]
|-miss|p2a: Landorus|p1a: Pelipper
|
|-weather|RainDance|[upkeep]
|upkeep
|turn|42
|
|t:|1634251996
|switch|p1a: Zapdos|Zapdos|70/100
|move|p2a: Landorus|Stone Edge|p1a: Zapdos
|-supereffective|p1a: Zapdos
|-damage|p1a: Zapdos|20/100
|
|-weather|RainDance|[upkeep]
|upkeep
|turn|43
|
|t:|1634252003
|move|p2a: Landorus|Stone Edge|p1a: Zapdos
|-supereffective|p1a: Zapdos
|-damage|p1a: Zapdos|0 fnt
|faint|p1a: Zapdos
|
|-weather|RainDance|[upkeep]
|upkeep
|
|t:|1634252008
|switch|p1a: Barraskewda|Barraskewda, M|78/100
|turn|44
|
|t:|1634252014
|switch|p2a: Toxapex|Toxapex, M|100/100
|move|p1a: Barraskewda|Flip Turn|p2a: Toxapex
|-resisted|p2a: Toxapex
|-damage|p2a: Toxapex|78/100
|-damage|p1a: Barraskewda|62/100|[from] item: Rocky Helmet|[of] p2a: Toxapex
|
|t:|1634252016
|switch|p1a: Heliolisk|Heliolisk, F, shiny|52/100|[from]move: Flip Turn
|
|-weather|RainDance|[upkeep]
|-heal|p1a: Heliolisk|65/100|[from] ability: Dry Skin
|upkeep
|turn|45
|j| westcottike
|j| possession (full)
|j| HaplessHax
|l| possession (full)
|inactive|River Crossing has 120 seconds left.
|
|t:|1634252046
|move|p1a: Heliolisk|Surf|p2a: Toxapex
|-resisted|p2a: Toxapex
|-damage|p2a: Toxapex|57/100
|-damage|p1a: Heliolisk|55/100|[from] item: Life Orb
|move|p2a: Toxapex|Knock Off|p1a: Heliolisk
|-damage|p1a: Heliolisk|27/100
|-enditem|p1a: Heliolisk|Life Orb|[from] move: Knock Off|[of] p2a: Toxapex
|
|-weather|RainDance|[upkeep]
|-heal|p1a: Heliolisk|39/100|[from] ability: Dry Skin
|upkeep
|turn|46
|inactive|River Crossing has 120 seconds left.
|inactive|River Crossing has 90 seconds left.
|
|t:|1634252095
|switch|p2a: Tyranitar|Tyranitar, M|71/100
|-weather|Sandstorm|[from] ability: Sand Stream|[of] p2a: Tyranitar
|move|p1a: Heliolisk|Surf|p2a: Tyranitar
|-supereffective|p2a: Tyranitar
|-damage|p2a: Tyranitar|48/100
|
|-weather|Sandstorm|[upkeep]
|-damage|p1a: Heliolisk|33/100|[from] Sandstorm
|-heal|p2a: Tyranitar|54/100|[from] item: Leftovers
|upkeep
|turn|47
|inactive|River Crossing has 90 seconds left.
|
|t:|1634252119
|switch|p2a: Toxapex|Toxapex, M|90/100
|move|p1a: Heliolisk|Focus Blast|p2a: Toxapex|[miss]
|-miss|p1a: Heliolisk|p2a: Toxapex
|
|-weather|Sandstorm|[upkeep]
|-damage|p1a: Heliolisk|27/100|[from] Sandstorm
|-damage|p2a: Toxapex|84/100|[from] Sandstorm
|upkeep
|turn|48
|inactive|River Crossing has 60 seconds left.
|l| HaplessHax
|
|t:|1634252158
|switch|p2a: Landorus|Landorus-Therian, M|95/100
|-ability|p2a: Landorus|Intimidate|boost
|-unboost|p1a: Heliolisk|atk|1
|move|p1a: Heliolisk|Volt Switch|p2a: Landorus
|-immune|p2a: Landorus
|
|-weather|Sandstorm|[upkeep]
|-damage|p1a: Heliolisk|21/100|[from] Sandstorm
|upkeep
|turn|49
|
|t:|1634252178
|switch|p1a: Pelipper|Pelipper, M|56/100
|-weather|RainDance|[from] ability: Drizzle|[of] p1a: Pelipper
|move|p2a: Landorus|U-turn|p1a: Pelipper
|-resisted|p1a: Pelipper
|-damage|p1a: Pelipper|47/100
|
|t:|1634252180
|switch|p2a: Tyranitar|Tyranitar, M|54/100|[from]move: U-turn
|-weather|Sandstorm|[from] ability: Sand Stream|[of] p2a: Tyranitar
|
|-weather|Sandstorm|[upkeep]
|-damage|p1a: Pelipper|41/100|[from] Sandstorm
|-heal|p2a: Tyranitar|60/100|[from] item: Leftovers
|upkeep
|turn|50
|
|t:|1634252186
|move|p1a: Pelipper|Scald|p2a: Tyranitar
|-supereffective|p2a: Tyranitar
|-damage|p2a: Tyranitar|38/100
|-status|p2a: Tyranitar|brn
|move|p2a: Tyranitar|Rock Blast|p1a: Pelipper
|-supereffective|p1a: Pelipper
|-damage|p1a: Pelipper|32/100
|-supereffective|p1a: Pelipper
|-crit|p1a: Pelipper
|-damage|p1a: Pelipper|19/100
|-hitcount|p1a: Pelipper|2
|
|-weather|Sandstorm|[upkeep]
|-damage|p1a: Pelipper|13/100|[from] Sandstorm
|-heal|p2a: Tyranitar|44/100 brn|[from] item: Leftovers
|-damage|p2a: Tyranitar|38/100 brn|[from] brn
|upkeep
|turn|51
|inactive|River Crossing has 60 seconds left.
|
|t:|1634252194
|switch|p2a: Landorus|Landorus-Therian, M|95/100
|-ability|p2a: Landorus|Intimidate|boost
|-unboost|p1a: Pelipper|atk|1
|move|p1a: Pelipper|Roost|p1a: Pelipper
|-heal|p1a: Pelipper|63/100
|-singleturn|p1a: Pelipper|move: Roost
|
|-weather|Sandstorm|[upkeep]
|-damage|p1a: Pelipper|57/100|[from] Sandstorm
|upkeep
|turn|52
|
|t:|1634252206
|switch|p1a: Heliolisk|Heliolisk, F, shiny|21/100
|move|p2a: Landorus|Stone Edge|p1a: Heliolisk
|-damage|p1a: Heliolisk|0 fnt
|faint|p1a: Heliolisk
|
|-weather|Sandstorm|[upkeep]
|upkeep
|
|t:|1634252209
|switch|p1a: Pelipper|Pelipper, M|57/100
|-weather|RainDance|[from] ability: Drizzle|[of] p1a: Pelipper
|turn|53
|
|t:|1634252217
|move|p2a: Landorus|Stone Edge|p1a: Pelipper|[miss]
|-miss|p2a: Landorus|p1a: Pelipper
|move|p1a: Pelipper|U-turn|p2a: Landorus
|-resisted|p2a: Landorus
|-damage|p2a: Landorus|91/100
|c|☆River Crossing|ok
|
|t:|1634252221
|switch|p1a: Barraskewda|Barraskewda, M|62/100|[from]move: U-turn
|
|-weather|RainDance|[upkeep]
|upkeep
|turn|54
|
|t:|1634252226
|switch|p2a: Toxapex|Toxapex, M|100/100
|move|p1a: Barraskewda|Liquidation|p2a: Toxapex
|-resisted|p2a: Toxapex
|-damage|p2a: Toxapex|69/100
|-damage|p1a: Barraskewda|45/100|[from] item: Rocky Helmet|[of] p2a: Toxapex
|
|-weather|RainDance|[upkeep]
|upkeep
|turn|55
|
|t:|1634252235
|move|p1a: Barraskewda|Liquidation|p2a: Toxapex
|-resisted|p2a: Toxapex
|-damage|p2a: Toxapex|39/100
|-unboost|p2a: Toxapex|def|1
|-damage|p1a: Barraskewda|29/100|[from] item: Rocky Helmet|[of] p2a: Toxapex
|move|p2a: Toxapex|Recover|p2a: Toxapex
|-heal|p2a: Toxapex|89/100
|
|-weather|RainDance|[upkeep]
|upkeep
|turn|56
|-message|Gurtrant forfeited.
|
|win|River Crossing
|raw|Gurtrant's rating: 1622 &rarr; <strong>1604</strong><br />(-18 for losing)
|raw|River Crossing's rating: 1664 &rarr; <strong>1682</strong><br />(+18 for winning)
|l|☆Gurtrant
|l|☆River Crossing
|l| westcottike
|j|☆River Crossing
|player|p2|River Crossing|erika-gen2
