|j|☆zhuxun
|j|☆firepunch917
|t:|1664203692
|gametype|singles
|player|p1|zhuxun|giovanni|1383
|player|p2|firepunch917|101|1418
|teamsize|p1|6
|teamsize|p2|6
|gen|8
|tier|[Gen 8] OU
|rated|
|rule|Sleep Clause Mod: Limit one foe put to sleep
|rule|Species Clause: Limit one of each Pokémon
|rule|OHKO Clause: OHKO moves are banned
|rule|Evasion Items Clause: Evasion items are banned
|rule|Evasion Moves Clause: Evasion moves are banned
|rule|Endless Battle Clause: Forcing endless battles is banned
|rule|HP Percentage Mod: HP is shown in percentages
|rule|Dynamax Clause: You cannot dynamax
|clearpoke
|poke|p1|Blaziken, F|
|poke|p1|Garchomp, F|
|poke|p1|Heatran, M|
|poke|p1|Dragapult, M|
|poke|p1|Ninetales-Alola, M|
|poke|p1|Arctozolt|
|poke|p2|Weavile, M|
|poke|p2|Corviknight, F|
|poke|p2|Magnezone|
|poke|p2|Rillaboom, F|
|poke|p2|Slowking-Galar, F|
|poke|p2|Urshifu-*, M|
|teampreview
|
|t:|1664203701
|start
|switch|p1a: Blaziken|Blaziken, F|100/100
|switch|p2a: Slowking|Slowking-Galar, F|100/100
|-item|p1a: Blaziken|Air Balloon
|turn|1
|inactive|Battle timer is ON: inactive players will automatically lose when time's up. (requested by zhuxun)
|inactiveoff|Battle timer is now OFF.
|
|t:|1664203715
|switch|p1a: Ninetales|Ninetales-Alola, M|100/100
|-weather|Hail|[from] ability: Snow Warning|[of] p1a: Ninetales
|move|p2a: Slowking|Future Sight|p1a: Ninetales
|-start|p2a: Slowking|move: Future Sight
|
|-weather|Hail|[upkeep]
|-damage|p2a: Slowking|94/100|[from] Hail
|upkeep
|turn|2
|
|t:|1664203717
|move|p1a: Ninetales|Aurora Veil|p1a: Ninetales
|-sidestart|p1: zhuxun|move: Aurora Veil
|move|p2a: Slowking|Sludge Bomb|p1a: Ninetales
|-supereffective|p1a: Ninetales
|-damage|p1a: Ninetales|65/100
|
|-weather|Hail|[upkeep]
|-damage|p2a: Slowking|88/100|[from] Hail
|upkeep
|turn|3
|
|t:|1664203724
|move|p1a: Ninetales|Hypnosis|p2a: Slowking|[miss]
|-miss|p1a: Ninetales|p2a: Slowking
|move|p2a: Slowking|Sludge Bomb|p1a: Ninetales
|-supereffective|p1a: Ninetales
|-damage|p1a: Ninetales|32/100
|
|-weather|Hail|[upkeep]
|-damage|p2a: Slowking|82/100|[from] Hail
|-end|p1a: Ninetales|move: Future Sight
|-crit|p1a: Ninetales
|-damage|p1a: Ninetales|0 fnt
|faint|p1a: Ninetales
|upkeep
|
|t:|1664203726
|switch|p1a: Arctozolt|Arctozolt|100/100
|turn|4
|
|t:|1664203731
|switch|p2a: Magnezone|Magnezone|100/100
|-item|p2a: Magnezone|Air Balloon
|move|p1a: Arctozolt|Bolt Beak|p2a: Magnezone
|-resisted|p2a: Magnezone
|-damage|p2a: Magnezone|77/100
|-enditem|p2a: Magnezone|Air Balloon
|
|-weather|Hail|[upkeep]
|-damage|p2a: Magnezone|71/100|[from] Hail
|upkeep
|turn|5
|
|t:|1664203735
|move|p1a: Arctozolt|Low Kick|p2a: Magnezone
|-supereffective|p2a: Magnezone
|-damage|p2a: Magnezone|34/100
|move|p2a: Magnezone|Body Press|p1a: Arctozolt
|-supereffective|p1a: Arctozolt
|-damage|p1a: Arctozolt|69/100
|
|-weather|Hail|[upkeep]
|-damage|p2a: Magnezone|28/100|[from] Hail
|upkeep
|turn|6
|
|t:|1664203740
|switch|p2a: Corviknight|Corviknight, F|100/100
|-ability|p2a: Corviknight|Pressure
|move|p1a: Arctozolt|Low Kick|p2a: Corviknight
|-damage|p2a: Corviknight|86/100
|
|-weather|Hail|[upkeep]
|-damage|p2a: Corviknight|80/100|[from] Hail
|-heal|p2a: Corviknight|86/100|[from] item: Leftovers
|-sideend|p1: zhuxun|move: Aurora Veil
|upkeep
|turn|7
|
|t:|1664203745
|move|p1a: Arctozolt|Bolt Beak|p2a: Corviknight
|-supereffective|p2a: Corviknight
|-crit|p2a: Corviknight
|-damage|p2a: Corviknight|0 fnt
|faint|p2a: Corviknight
|
|-weather|Hail|[upkeep]
|upkeep
|
|t:|1664203749
|switch|p2a: Rillaboom|Rillaboom, F|100/100
|-fieldstart|move: Grassy Terrain|[from] ability: Grassy Surge|[of] p2a: Rillaboom
|turn|8
|
|t:|1664203753
|move|p2a: Rillaboom|Grassy Glide|p1a: Arctozolt
|-damage|p1a: Arctozolt|0 fnt
|faint|p1a: Arctozolt
|
|-weather|none
|upkeep
|
|t:|1664203757
|switch|p1a: Blaziken|Blaziken, F|100/100
|-item|p1a: Blaziken|Air Balloon
|turn|9
|
|t:|1664203760
|move|p2a: Rillaboom|Grassy Glide|p1a: Blaziken
|-resisted|p1a: Blaziken
|-damage|p1a: Blaziken|38/100
|-enditem|p1a: Blaziken|Air Balloon
|move|p1a: Blaziken|Flare Blitz|p2a: Rillaboom
|-supereffective|p2a: Rillaboom
|-damage|p2a: Rillaboom|0 fnt
|faint|p2a: Rillaboom
|-damage|p1a: Blaziken|0 fnt|[from] Recoil
|faint|p1a: Blaziken
|
|upkeep
|
|t:|1664203765
|switch|p2a: Urshifu|Urshifu-Rapid-Strike, M|100/100
|switch|p1a: Dragapult|Dragapult, M|100/100
|turn|10
|
|t:|1664203769
|move|p2a: Urshifu|U-turn|p1a: Dragapult
|-resisted|p1a: Dragapult
|-damage|p1a: Dragapult|83/100
|
|t:|1664203770
|switch|p2a: Magnezone|Magnezone|28/100|[from]move: U-turn
|move|p1a: Dragapult|Dragon Darts|p2a: Magnezone
|-resisted|p2a: Magnezone
|-damage|p2a: Magnezone|15/100
|-anim|p1a: Dragapult|Dragon Darts|p2a: Magnezone
|-resisted|p2a: Magnezone
|-damage|p2a: Magnezone|2/100
|
|-heal|p1a: Dragapult|89/100|[from] Grassy Terrain
|-heal|p2a: Magnezone|8/100|[from] Grassy Terrain
|upkeep
|turn|11
|
|t:|1664203773
|move|p1a: Dragapult|Dragon Darts|p2a: Magnezone
|-resisted|p2a: Magnezone
|-damage|p2a: Magnezone|0 fnt
|faint|p2a: Magnezone
|
|-heal|p1a: Dragapult|95/100|[from] Grassy Terrain
|upkeep
|
|t:|1664203779
|switch|p2a: Weavile|Weavile, M|100/100
|-ability|p2a: Weavile|Pressure
|turn|12
|
|t:|1664203781
|switch|p1a: Heatran|Heatran, M|100/100
|-item|p1a: Heatran|Air Balloon
|move|p2a: Weavile|Knock Off|p1a: Heatran
|-damage|p1a: Heatran|55/100
|-enditem|p1a: Heatran|Air Balloon
|
|-heal|p1a: Heatran|61/100|[from] Grassy Terrain
|-fieldend|move: Grassy Terrain
|upkeep
|turn|13
|
|t:|1664203785
|switch|p2a: Slowking|Slowking-Galar, F|100/100
|move|p1a: Heatran|Magma Storm|p2a: Slowking|[miss]
|-miss|p1a: Heatran|p2a: Slowking
|
|upkeep
|turn|14
|
|t:|1664203788
|switch|p1a: Garchomp|Garchomp, F|100/100
|move|p2a: Slowking|Earthquake|p1a: Garchomp
|-damage|p1a: Garchomp|85/100
|
|upkeep
|turn|15
|
|t:|1664203791
|move|p1a: Garchomp|Swords Dance|p1a: Garchomp
|-boost|p1a: Garchomp|atk|2
|move|p2a: Slowking|Future Sight|p1a: Garchomp
|-start|p2a: Slowking|move: Future Sight
|
|upkeep
|turn|16
|
|t:|1664203795
|move|p1a: Garchomp|Scale Shot|p2a: Slowking
|-damage|p2a: Slowking|74/100
|-damage|p2a: Slowking|47/100
|-damage|p2a: Slowking|20/100
|-damage|p2a: Slowking|0 fnt
|faint|p2a: Slowking
|-hitcount|p2: Slowking|4
|-unboost|p1a: Garchomp|def|1
|-boost|p1a: Garchomp|spe|1
|
|upkeep
|
|t:|1664203797
|switch|p2a: Weavile|Weavile, M|100/100
|-ability|p2a: Weavile|Pressure
|turn|17
|
|t:|1664203799
|move|p2a: Weavile|Ice Shard|p1a: Garchomp
|-supereffective|p1a: Garchomp
|-damage|p1a: Garchomp|0 fnt
|faint|p1a: Garchomp
|
|-hint|Future Sight did not hit because the target is fainted.
|upkeep
|
|t:|1664203802
|switch|p1a: Heatran|Heatran, M|61/100
|turn|18
|
|t:|1664203805
|switch|p2a: Urshifu|Urshifu-Rapid-Strike, M|100/100
|move|p1a: Heatran|Magma Storm|p2a: Urshifu|[miss]
|-miss|p1a: Heatran|p2a: Urshifu
|
|upkeep
|turn|19
|
|t:|1664203810
|move|p2a: Urshifu|Surging Strikes|p1a: Heatran
|-supereffective|p1a: Heatran
|-crit|p1a: Heatran
|-damage|p1a: Heatran|22/100
|-supereffective|p1a: Heatran
|-crit|p1a: Heatran
|-damage|p1a: Heatran|0 fnt
|faint|p1a: Heatran
|-hitcount|p1: Heatran|2
|
|upkeep
|
|t:|1664203811
|switch|p1a: Dragapult|Dragapult, M|95/100
|turn|20
|
|t:|1664203813
|switch|p2a: Weavile|Weavile, M|100/100
|-ability|p2a: Weavile|Pressure
|move|p1a: Dragapult|Dragon Darts|p2a: Weavile
|-crit|p2a: Weavile
|-damage|p2a: Weavile|4/100
|-anim|p1a: Dragapult|Dragon Darts|p2a: Weavile
|-damage|p2a: Weavile|0 fnt
|faint|p2a: Weavile
|
|upkeep
|
|t:|1664203815
|switch|p2a: Urshifu|Urshifu-Rapid-Strike, M|100/100
|turn|21
|
|t:|1664203817
|move|p2a: Urshifu|Ice Punch|p1a: Dragapult
|-supereffective|p1a: Dragapult
|-damage|p1a: Dragapult|19/100
|move|p1a: Dragapult|Dragon Darts|p2a: Urshifu
|-damage|p2a: Urshifu|61/100
|-anim|p1a: Dragapult|Dragon Darts|p2a: Urshifu
|-damage|p2a: Urshifu|25/100
|
|upkeep
|turn|22
|
|t:|1664203820
|move|p2a: Urshifu|Ice Punch|p1a: Dragapult
|-supereffective|p1a: Dragapult
|-damage|p1a: Dragapult|0 fnt
|faint|p1a: Dragapult
|
|win|firepunch917
|raw|zhuxun's rating: 1383 &rarr; <strong>1365</strong><br />(-18 for losing)
|raw|firepunch917's rating: 1418 &rarr; <strong>1436</strong><br />(+18 for winning)
|l|☆firepunch917
