|html|<div class="broadcast-blue"><strong>[Gen 8] OU is currently suspecting Melmetal! For information on how to participate check out the <a href="https://www.smogon.com/forums/threads/np-ss-ou-suspect-process-round-12-monster-mash.3709234/">suspect thread</a>.</strong></div>
|j|☆Shozika
|j|☆HQSTest
|t:|1665987808
|gametype|singles
|player|p1|Shozika|170|1596
|player|p2|HQSTest|veteranf|1703
|teamsize|p1|6
|teamsize|p2|6
|gen|8
|tier|[Gen 8] OU
|rated|
|rule|Sleep Clause Mod: Limit one foe put to sleep
|rule|Species Clause: Limit one of each Pokémon
|rule|OHKO Clause: OHKO moves are banned
|rule|Evasion Items Clause: Evasion items are banned
|rule|Evasion Moves Clause: Evasion moves are banned
|rule|Endless Battle Clause: Forcing endless battles is banned
|rule|HP Percentage Mod: HP is shown in percentages
|rule|Dynamax Clause: You cannot dynamax
|clearpoke
|poke|p1|Urshifu-*, F|
|poke|p1|Heatran, M|
|poke|p1|Rotom-Wash|
|poke|p1|Landorus-Therian, M|
|poke|p1|Tapu Lele|
|poke|p1|Kartana|
|poke|p2|Dragapult, F|
|poke|p2|Rillaboom, F|
|poke|p2|Volcarona, M|
|poke|p2|Mew|
|poke|p2|Moltres-Galar|
|poke|p2|Zeraora|
|teampreview
|inactive|Battle timer is ON: inactive players will automatically lose when time's up. (requested by Shozika)
|c|☆Shozika|Hey
|
|t:|1665987837
|start
|switch|p1a: Heatran|Heatran, M|100/100
|switch|p2a: Mew|Mew|100/100
|-item|p1a: Heatran|Air Balloon
|turn|1
|
|t:|1665987840
|move|p2a: Mew|Taunt|p1a: Heatran
|-start|p1a: Heatran|move: Taunt
|move|p1a: Heatran|Magma Storm|p2a: Mew
|-damage|p2a: Mew|53/100
|-activate|p2a: Mew|move: Magma Storm|[of] p1a: Heatran
|-enditem|p2a: Mew|Red Card|[of] p1a: Heatran
|drag|p1a: Kartana|Kartana, shiny|100/100
|
|-end|p2a: Mew|Magma Storm|[partiallytrapped]|[silent]
|upkeep
|turn|2
|
|t:|1665987852
|switch|p1a: Heatran|Heatran, M|100/100
|-item|p1a: Heatran|Air Balloon
|switch|p2a: Moltres|Moltres-Galar|100/100
|
|upkeep
|turn|3
|
|t:|1665987874
|move|p1a: Heatran|Magma Storm|p2a: Moltres
|-damage|p2a: Moltres|58/100
|-activate|p2a: Moltres|move: Magma Storm|[of] p1a: Heatran
|move|p2a: Moltres|Nasty Plot|p2a: Moltres
|-boost|p2a: Moltres|spa|2
|
|-damage|p2a: Moltres|46/100|[from] move: Magma Storm|[partiallytrapped]
|upkeep
|turn|4
|
|t:|1665987882
|move|p1a: Heatran|Magma Storm|p2a: Moltres
|-damage|p2a: Moltres|0 fnt
|faint|p2a: Moltres
|
|upkeep
|
|t:|1665987885
|switch|p2a: Mew|Mew|53/100
|turn|5
|
|t:|1665987894
|move|p2a: Mew|Stealth Rock|p1a: Heatran
|-sidestart|p1: Shozika|move: Stealth Rock
|move|p1a: Heatran|Magma Storm|p2a: Mew|[miss]
|-miss|p1a: Heatran|p2a: Mew
|
|upkeep
|turn|6
|
|t:|1665987897
|move|p2a: Mew|Spikes|p1a: Heatran
|-sidestart|p1: Shozika|Spikes
|move|p1a: Heatran|Stealth Rock|p2a: Mew
|-sidestart|p2: HQSTest|move: Stealth Rock
|
|upkeep
|turn|7
|
|t:|1665987901
|move|p2a: Mew|Spikes|p1a: Heatran
|-sidestart|p1: Shozika|Spikes
|move|p1a: Heatran|Magma Storm|p2a: Mew
|-damage|p2a: Mew|9/100
|-activate|p2a: Mew|move: Magma Storm|[of] p1a: Heatran
|
|-damage|p2a: Mew|0 fnt|[from] move: Magma Storm|[partiallytrapped]
|faint|p2a: Mew
|upkeep
|
|t:|1665987912
|switch|p2a: Zeraora|Zeraora|100/100
|-damage|p2a: Zeraora|88/100|[from] Stealth Rock
|turn|8
|
|t:|1665987914
|switch|p1a: Landorus|Landorus-Therian, M|100/100
|-damage|p1a: Landorus|88/100|[from] Stealth Rock
|-ability|p1a: Landorus|Intimidate|boost
|-unboost|p2a: Zeraora|atk|1
|move|p2a: Zeraora|Knock Off|p1a: Landorus
|-damage|p1a: Landorus|63/100
|-enditem|p1a: Landorus|Leftovers|[from] move: Knock Off|[of] p2a: Zeraora
|-damage|p2a: Zeraora|78/100|[from] item: Life Orb
|
|upkeep
|turn|9
|
|t:|1665987920
|switch|p2a: Rillaboom|Rillaboom, F|100/100
|-damage|p2a: Rillaboom|88/100|[from] Stealth Rock
|-fieldstart|move: Grassy Terrain|[from] ability: Grassy Surge|[of] p2a: Rillaboom
|move|p1a: Landorus|Defog|p2a: Rillaboom
|-unboost|p2a: Rillaboom|evasion|1
|-sideend|p2: HQSTest|Stealth Rock|[from] move: Defog|[of] p1a: Landorus
|-sideend|p1: Shozika|Spikes|[from] move: Defog|[of] p1a: Landorus
|-sideend|p1: Shozika|Stealth Rock|[from] move: Defog|[of] p1a: Landorus
|-fieldend|move: Grassy Terrain
|
|upkeep
|turn|10
|
|t:|1665987924
|switch|p1a: Heatran|Heatran, M|100/100
|-item|p1a: Heatran|Air Balloon
|move|p2a: Rillaboom|Swords Dance|p2a: Rillaboom
|-boost|p2a: Rillaboom|atk|2
|
|upkeep
|turn|11
|
|t:|1665987931
|move|p1a: Heatran|Magma Storm|p2a: Rillaboom
|-supereffective|p2a: Rillaboom
|-damage|p2a: Rillaboom|0 fnt
|faint|p2a: Rillaboom
|
|upkeep
|
|t:|1665987933
|switch|p2a: Dragapult|Dragapult, F|100/100
|turn|12
|
|t:|1665987938
|switch|p1a: Rotom|Rotom-Wash, shiny|100/100
|move|p2a: Dragapult|Dragon Dance|p2a: Dragapult
|-boost|p2a: Dragapult|atk|1
|-boost|p2a: Dragapult|spe|1
|
|upkeep
|turn|13
|
|t:|1665987940
|move|p2a: Dragapult|Substitute|p2a: Dragapult
|-start|p2a: Dragapult|Substitute
|-damage|p2a: Dragapult|76/100
|move|p1a: Rotom|Thunder Wave||[still]
|-fail|p1a: Rotom
|
|-heal|p2a: Dragapult|82/100|[from] item: Leftovers
|upkeep
|turn|14
|
|t:|1665987944
|move|p2a: Dragapult|Dragon Dance|p2a: Dragapult
|-boost|p2a: Dragapult|atk|1
|-boost|p2a: Dragapult|spe|1
|move|p1a: Rotom|Pain Split||[still]
|-fail|p1a: Rotom
|
|-heal|p2a: Dragapult|88/100|[from] item: Leftovers
|upkeep
|turn|15
|
|t:|1665987950
|move|p2a: Dragapult|Dragon Dance|p2a: Dragapult
|-boost|p2a: Dragapult|atk|1
|-boost|p2a: Dragapult|spe|1
|move|p1a: Rotom|Volt Switch|p2a: Dragapult
|-resisted|p2a: Dragapult
|-activate|p2a: Dragapult|move: Substitute|[damage]
|
|t:|1665987954
|switch|p1a: Landorus|Landorus-Therian, M|63/100|[from]move: Volt Switch
|-ability|p1a: Landorus|Intimidate|boost
|-immune|p2a: Dragapult
|
|-heal|p2a: Dragapult|94/100|[from] item: Leftovers
|upkeep
|turn|16
|
|t:|1665987960
|move|p2a: Dragapult|Phantom Force||[still]
|-prepare|p2a: Dragapult|Phantom Force
|move|p1a: Landorus|Knock Off|p2a: Dragapult|[miss]
|-miss|p1a: Landorus|p2a: Dragapult
|
|-heal|p2a: Dragapult|100/100|[from] item: Leftovers
|upkeep
|turn|17
|
|t:|1665987966
|move|p2a: Dragapult|Phantom Force|p1a: Landorus|[from]lockedmove
|-damage|p1a: Landorus|0 fnt
|faint|p1a: Landorus
|
|upkeep
|
|t:|1665987972
|switch|p1a: Rotom|Rotom-Wash, shiny|100/100
|turn|18
|
|t:|1665987978
|move|p2a: Dragapult|Dragon Darts|p1a: Rotom
|-damage|p1a: Rotom|35/100
|-anim|p2a: Dragapult|Dragon Darts|p1a: Rotom
|-damage|p1a: Rotom|0 fnt
|faint|p1a: Rotom
|
|upkeep
|
|t:|1665987981
|switch|p1a: Kartana|Kartana, shiny|100/100
|turn|19
|
|t:|1665987986
|move|p2a: Dragapult|Phantom Force||[still]
|-prepare|p2a: Dragapult|Phantom Force
|move|p1a: Kartana|Knock Off|p2a: Dragapult|[miss]
|-miss|p1a: Kartana|p2a: Dragapult
|
|upkeep
|turn|20
|
|t:|1665987989
|move|p2a: Dragapult|Phantom Force|p1a: Kartana|[from]lockedmove
|-damage|p1a: Kartana|0 fnt
|faint|p1a: Kartana
|
|upkeep
|
|t:|1665987993
|switch|p1a: Urshifu|Urshifu-Rapid-Strike, F|100/100
|turn|21
|
|t:|1665988001
|move|p1a: Urshifu|Aqua Jet|p2a: Dragapult
|-resisted|p2a: Dragapult
|-end|p2a: Dragapult|Substitute
|move|p2a: Dragapult|Dragon Darts|p1a: Urshifu
|-damage|p1a: Urshifu|36/100
|-anim|p2a: Dragapult|Dragon Darts|p1a: Urshifu
|-crit|p1a: Urshifu
|-damage|p1a: Urshifu|0 fnt
|faint|p1a: Urshifu
|
|upkeep
|
|t:|1665988006
|switch|p1a: Heatran|Heatran, M|100/100
|-item|p1a: Heatran|Air Balloon
|turn|22
|
|t:|1665988014
|move|p2a: Dragapult|Phantom Force||[still]
|-prepare|p2a: Dragapult|Phantom Force
|move|p1a: Heatran|Magma Storm|p2a: Dragapult|[miss]
|-miss|p1a: Heatran|p2a: Dragapult
|
|upkeep
|turn|23
|
|t:|1665988017
|move|p2a: Dragapult|Phantom Force|p1a: Heatran|[from]lockedmove
|-damage|p1a: Heatran|0 fnt
|-enditem|p1a: Heatran|Air Balloon
|faint|p1a: Heatran
|
|upkeep
|-message|Shozika forfeited.
|
|win|HQSTest
|raw|Shozika's rating: 1596 &rarr; <strong>1582</strong><br />(-14 for losing)
|raw|HQSTest's rating: 1703 &rarr; <strong>1717</strong><br />(+14 for winning)
|l|☆Shozika
