|j|☆testotesto321
|j|☆robopoke5
|player|p1|testotesto321|bellelba|1727
|player|p2|robopoke5|169|1732
|teamsize|p1|6
|teamsize|p2|6
|gametype|singles
|gen|8
|tier|[Gen 8] OU
|rated|
|clearpoke
|poke|p1|Alakazam, F|
|poke|p1|Magearna|
|poke|p1|Cinderace, F|
|poke|p1|Chansey, F|
|poke|p1|Mandibuzz, F|
|poke|p1|Toxapex, F|
|poke|p2|Magnezone|
|poke|p2|Ninetales-Alola, F|
|poke|p2|Magearna|
|poke|p2|Druddigon, M|
|poke|p2|Haxorus, F|
|poke|p2|Centiskorch, M|
|rule|Sleep Clause Mod: Limit one foe put to sleep
|rule|Species Clause: Limit one of each Pokémon
|rule|OHKO Clause: OHKO moves are banned
|rule|Evasion Moves Clause: Evasion moves are banned
|rule|Endless Battle Clause: Forcing endless battles is banned
|rule|HP Percentage Mod: HP is shown in percentages
|rule|Dynamax Clause: You cannot dynamax
|teampreview
|
|start
|switch|p1a: Chansey|Chansey, F|100/100
|switch|p2a: Druddigon|Druddigon, M|100/100
|-ability|p2a: Druddigon|Mold Breaker
|turn|1
|inactive|Battle timer is ON: inactive players will automatically lose when time's up. (requested by robopoke5)
|
|move|p2a: Druddigon|Stealth Rock|p1a: Chansey
|-sidestart|p1: testotesto321|move: Stealth Rock
|move|p1a: Chansey|Stealth Rock|p2a: Druddigon
|-sidestart|p2: robopoke5|move: Stealth Rock
|
|upkeep
|turn|2
|
|move|p1a: Chansey|Seismic Toss|p2a: Druddigon
|-damage|p2a: Druddigon|67/100
|move|p2a: Druddigon|Dragon Tail|p1a: Chansey
|-crit|p1a: Chansey
|-damage|p1a: Chansey|68/100
|drag|p1a: Alakazam|Alakazam, F|100/100
|
|upkeep
|turn|3
|
|move|p1a: Alakazam|Dazzling Gleam|p2a: Druddigon
|-supereffective|p2a: Druddigon
|-crit|p2a: Druddigon
|-damage|p2a: Druddigon|0 fnt
|faint|p2a: Druddigon
|
|upkeep
|
|switch|p2a: Centiskorch|Centiskorch, M|100/100
|turn|4
|
|switch|p1a: Mandibuzz|Mandibuzz, F|100/100
|move|p2a: Centiskorch|Fire Lash|p1a: Mandibuzz
|-damage|p1a: Mandibuzz|80/100
|-unboost|p1a: Mandibuzz|def|1
|
|upkeep
|turn|5
|
|move|p1a: Mandibuzz|Foul Play|p2a: Centiskorch
|-crit|p2a: Centiskorch
|-damage|p2a: Centiskorch|23/100
|move|p2a: Centiskorch|Knock Off|p1a: Mandibuzz
|-resisted|p1a: Mandibuzz
|-damage|p1a: Mandibuzz|68/100
|-enditem|p1a: Mandibuzz|Heavy-Duty Boots|[from] move: Knock Off|[of] p2a: Centiskorch
|
|upkeep
|turn|6
|
|switch|p2a: Magnezone|Magnezone|100/100
|-damage|p2a: Magnezone|94/100|[from] Stealth Rock
|move|p1a: Mandibuzz|Foul Play|p2a: Magnezone
|-damage|p2a: Magnezone|76/100
|
|upkeep
|turn|7
|
|switch|p1a: Chansey|Chansey, F|68/100
|-damage|p1a: Chansey|56/100|[from] Stealth Rock
|move|p2a: Magnezone|Volt Switch|p1a: Chansey
|-damage|p1a: Chansey|36/100
|
|switch|p2a: Centiskorch|Centiskorch, M|23/100|[from]move: Volt Switch
|
|upkeep
|turn|8
|
|move|p2a: Centiskorch|Knock Off|p1a: Chansey
|-damage|p1a: Chansey|18/100
|-enditem|p1a: Chansey|Eviolite|[from] move: Knock Off|[of] p2a: Centiskorch
|move|p1a: Chansey|Soft-Boiled|p1a: Chansey
|-heal|p1a: Chansey|68/100
|
|upkeep
|turn|9
|
|switch|p1a: Mandibuzz|Mandibuzz, F|68/100
|-damage|p1a: Mandibuzz|44/100|[from] Stealth Rock
|move|p2a: Centiskorch|Rest|p2a: Centiskorch
|-status|p2a: Centiskorch|slp|[from] move: Rest
|-heal|p2a: Centiskorch|100/100 slp|[silent]
|
|upkeep
|turn|10
|
|switch|p2a: Magnezone|Magnezone|76/100
|-damage|p2a: Magnezone|70/100|[from] Stealth Rock
|move|p1a: Mandibuzz|Foul Play|p2a: Magnezone
|-damage|p2a: Magnezone|50/100
|
|upkeep
|turn|11
|
|switch|p1a: Chansey|Chansey, F|68/100
|-damage|p1a: Chansey|56/100|[from] Stealth Rock
|move|p2a: Magnezone|Volt Switch|p1a: Chansey
|-damage|p1a: Chansey|25/100
|
|switch|p2a: Haxorus|Haxorus, F|100/100|[from]move: Volt Switch
|-damage|p2a: Haxorus|88/100|[from] Stealth Rock
|-ability|p2a: Haxorus|Mold Breaker
|
|-heal|p2a: Haxorus|94/100|[from] item: Leftovers
|upkeep
|turn|12
|
|move|p2a: Haxorus|Substitute|p2a: Haxorus
|-start|p2a: Haxorus|Substitute
|-damage|p2a: Haxorus|69/100
|move|p1a: Chansey|Toxic||[still]
|-fail|p1a: Chansey
|
|-heal|p2a: Haxorus|76/100|[from] item: Leftovers
|upkeep
|turn|13
|
|switch|p1a: Toxapex|Toxapex, F, shiny|100/100
|-damage|p1a: Toxapex|88/100|[from] Stealth Rock
|move|p2a: Haxorus|Swords Dance|p2a: Haxorus
|-boost|p2a: Haxorus|atk|2
|
|-heal|p2a: Haxorus|82/100|[from] item: Leftovers
|upkeep
|turn|14
|
|move|p2a: Haxorus|Earthquake|p1a: Toxapex
|-supereffective|p1a: Toxapex
|-damage|p1a: Toxapex|0 fnt
|faint|p1a: Toxapex
|
|-heal|p2a: Haxorus|88/100|[from] item: Leftovers
|upkeep
|j| Storm Zone
|
|switch|p1a: Mandibuzz|Mandibuzz, F|44/100
|-damage|p1a: Mandibuzz|19/100|[from] Stealth Rock
|turn|15
|
|move|p2a: Haxorus|Scale Shot|p1a: Mandibuzz
|-damage|p1a: Mandibuzz|2/100
|-damage|p1a: Mandibuzz|0 fnt
|-hitcount|p1a: Mandibuzz|2
|-unboost|p2a: Haxorus|def|1
|-boost|p2a: Haxorus|spe|1
|faint|p1a: Mandibuzz
|
|-heal|p2a: Haxorus|94/100|[from] item: Leftovers
|upkeep
|-message|testotesto321 forfeited.
|
|win|robopoke5
|l|☆testotesto321
|raw|testotesto321's rating: 1727 &rarr; <strong>1707</strong><br />(-20 for losing)
|raw|robopoke5's rating: 1732 &rarr; <strong>1752</strong><br />(+20 for winning)
