|j|☆El Stefano
|j|☆myaku
|t:|1651738584
|gametype|singles
|player|p1|El Stefano|169|1504
|player|p2|myaku|waitress|1479
|teamsize|p1|6
|teamsize|p2|6
|gen|8
|tier|[Gen 8] OU
|rated|
|rule|Sleep Clause Mod: Limit one foe put to sleep
|rule|Species Clause: Limit one of each Pokémon
|rule|OHKO Clause: OHKO moves are banned
|rule|Evasion Moves Clause: Evasion moves are banned
|rule|Endless Battle Clause: Forcing endless battles is banned
|rule|HP Percentage Mod: HP is shown in percentages
|rule|Dynamax Clause: You cannot dynamax
|clearpoke
|poke|p1|Tapu Koko|
|poke|p1|Torkoal, M|
|poke|p1|Venusaur, F|
|poke|p1|Heatran, M|
|poke|p1|Rillaboom, F|
|poke|p1|Weavile, M|
|poke|p2|Zeraora|
|poke|p2|Heatran, M|
|poke|p2|Landorus-Therian, M|
|poke|p2|Tapu Fini|
|poke|p2|Tornadus-Therian, M|
|poke|p2|Melmetal|
|teampreview
|
|t:|1651738596
|start
|switch|p1a: Torkoal|Torkoal, M|100/100
|switch|p2a: Heatran|Heatran, M|100/100
|-item|p2a: Heatran|Air Balloon
|-weather|SunnyDay|[from] ability: Drought|[of] p1a: Torkoal
|turn|1
|
|t:|1651738602
|switch|p1a: Rillaboom|Rillaboom, F|100/100
|-fieldstart|move: Grassy Terrain|[from] ability: Grassy Surge|[of] p1a: Rillaboom
|move|p2a: Heatran|Stealth Rock|p1a: Rillaboom
|-sidestart|p1: El Stefano|move: Stealth Rock
|
|-weather|SunnyDay|[upkeep]
|upkeep
|turn|2
|
|t:|1651738608
|move|p1a: Rillaboom|U-turn|p2a: Heatran
|-resisted|p2a: Heatran
|-damage|p2a: Heatran|91/100
|-enditem|p2a: Heatran|Air Balloon
|
|t:|1651738612
|switch|p1a: Heatran|Heatran, M|100/100|[from]move: U-turn
|-damage|p1a: Heatran|88/100|[from] Stealth Rock
|move|p2a: Heatran|Magma Storm|p1a: Heatran
|-start|p1a: Heatran|ability: Flash Fire
|
|-weather|SunnyDay|[upkeep]
|-heal|p2a: Heatran|97/100|[from] Grassy Terrain
|-heal|p1a: Heatran|94/100|[from] Grassy Terrain
|upkeep
|turn|3
|
|t:|1651738623
|move|p1a: Heatran|Eruption|p2a: Heatran
|-start|p2a: Heatran|ability: Flash Fire
|move|p2a: Heatran|Earth Power|p1a: Heatran
|-supereffective|p1a: Heatran
|-crit|p1a: Heatran
|-damage|p1a: Heatran|0 fnt
|faint|p1a: Heatran
|
|-weather|SunnyDay|[upkeep]
|-heal|p2a: Heatran|100/100|[from] Grassy Terrain
|upkeep
|
|t:|1651738628
|switch|p1a: Venusaur|Venusaur, F|100/100
|-damage|p1a: Venusaur|88/100|[from] Stealth Rock
|turn|4
|
|t:|1651738636
|move|p1a: Venusaur|Earth Power|p2a: Heatran
|-supereffective|p2a: Heatran
|-damage|p2a: Heatran|0 fnt
|faint|p2a: Heatran
|-damage|p1a: Venusaur|78/100|[from] item: Life Orb
|
|-weather|SunnyDay|[upkeep]
|-heal|p1a: Venusaur|84/100|[from] Grassy Terrain
|upkeep
|
|t:|1651738643
|switch|p2a: Tornadus|Tornadus-Therian, M|100/100
|turn|5
|
|t:|1651738646
|switch|p1a: Tapu Koko|Tapu Koko|100/100
|-damage|p1a: Tapu Koko|88/100|[from] Stealth Rock
|-fieldstart|move: Electric Terrain|[from] ability: Electric Surge|[of] p1a: Tapu Koko
|move|p2a: Tornadus|Heat Wave|p1a: Tapu Koko
|-damage|p1a: Tapu Koko|36/100
|
|-weather|SunnyDay|[upkeep]
|-heal|p1a: Tapu Koko|42/100|[from] item: Leftovers
|upkeep
|turn|6
|
|t:|1651738657
|switch|p2a: Zeraora|Zeraora|100/100
|move|p1a: Tapu Koko|Defog|p2a: Zeraora
|-unboost|p2a: Zeraora|evasion|1
|-sideend|p1: El Stefano|Stealth Rock|[from] move: Defog|[of] p1a: Tapu Koko
|-fieldend|move: Electric Terrain
|
|-weather|SunnyDay|[upkeep]
|-heal|p1a: Tapu Koko|48/100|[from] item: Leftovers
|upkeep
|turn|7
|
|t:|1651738674
|switch|p1a: Rillaboom|Rillaboom, F|100/100
|-fieldstart|move: Grassy Terrain|[from] ability: Grassy Surge|[of] p1a: Rillaboom
|move|p2a: Zeraora|Plasma Fists|p1a: Rillaboom
|-resisted|p1a: Rillaboom
|-damage|p1a: Rillaboom|74/100
|-fieldactivate|move: Ion Deluge
|-hint|Normal-type moves become Electric-type after using Plasma Fists.
|
|-weather|SunnyDay|[upkeep]
|-heal|p1a: Rillaboom|81/100|[from] Grassy Terrain
|upkeep
|turn|8
|
|t:|1651738688
|switch|p2a: Tornadus|Tornadus-Therian, M|100/100
|move|p1a: Rillaboom|U-turn|p2a: Tornadus
|-resisted|p2a: Tornadus
|-damage|p2a: Tornadus|79/100
|
|t:|1651738691
|switch|p1a: Tapu Koko|Tapu Koko|48/100|[from]move: U-turn
|-fieldstart|move: Electric Terrain|[from] ability: Electric Surge|[of] p1a: Tapu Koko
|
|-weather|none
|-heal|p1a: Tapu Koko|54/100|[from] item: Leftovers
|upkeep
|turn|9
|
|t:|1651738701
|switch|p2a: Landorus|Landorus-Therian, M|100/100
|-ability|p2a: Landorus|Intimidate|boost
|-unboost|p1a: Tapu Koko|atk|1
|move|p1a: Tapu Koko|U-turn|p2a: Landorus
|-resisted|p2a: Landorus
|-damage|p2a: Landorus|95/100
|
|t:|1651738705
|switch|p1a: Weavile|Weavile, M|100/100|[from]move: U-turn
|
|-heal|p2a: Landorus|100/100|[from] item: Leftovers
|upkeep
|turn|10
|
|t:|1651738716
|switch|p2a: Tapu Fini|Tapu Fini|100/100
|-fieldstart|move: Misty Terrain|[from] ability: Misty Surge|[of] p2a: Tapu Fini
|move|p1a: Weavile|Knock Off|p2a: Tapu Fini
|-resisted|p2a: Tapu Fini
|-damage|p2a: Tapu Fini|82/100
|-enditem|p2a: Tapu Fini|Leftovers|[from] move: Knock Off|[of] p1a: Weavile
|
|upkeep
|turn|11
|
|t:|1651738724
|switch|p1a: Torkoal|Torkoal, M|100/100
|-weather|SunnyDay|[from] ability: Drought|[of] p1a: Torkoal
|move|p2a: Tapu Fini|Calm Mind|p2a: Tapu Fini
|-boost|p2a: Tapu Fini|spa|1
|-boost|p2a: Tapu Fini|spd|1
|
|-weather|SunnyDay|[upkeep]
|upkeep
|turn|12
|
|t:|1651738731
|switch|p1a: Venusaur|Venusaur, F|84/100
|move|p2a: Tapu Fini|Taunt|p1a: Venusaur
|-start|p1a: Venusaur|move: Taunt
|
|-weather|SunnyDay|[upkeep]
|upkeep
|turn|13
|
|t:|1651738737
|switch|p2a: Tornadus|Tornadus-Therian, M|100/100
|move|p1a: Venusaur|Giga Drain|p2a: Tornadus
|-resisted|p2a: Tornadus
|-crit|p2a: Tornadus
|-damage|p2a: Tornadus|79/100
|-heal|p1a: Venusaur|97/100|[from] drain|[of] p2a: Tornadus
|-damage|p1a: Venusaur|87/100|[from] item: Life Orb
|
|-weather|SunnyDay|[upkeep]
|upkeep
|turn|14
|
|t:|1651738741
|switch|p1a: Tapu Koko|Tapu Koko|54/100
|-fieldstart|move: Electric Terrain|[from] ability: Electric Surge|[of] p1a: Tapu Koko
|move|p2a: Tornadus|Heat Wave|p1a: Tapu Koko
|-damage|p1a: Tapu Koko|0 fnt
|faint|p1a: Tapu Koko
|
|-weather|SunnyDay|[upkeep]
|upkeep
|
|t:|1651738744
|switch|p1a: Weavile|Weavile, M|100/100
|turn|15
|
|t:|1651738752
|switch|p2a: Tapu Fini|Tapu Fini|82/100
|-fieldstart|move: Misty Terrain|[from] ability: Misty Surge|[of] p2a: Tapu Fini
|switch|p1a: Venusaur|Venusaur, F|87/100
|
|-weather|SunnyDay|[upkeep]
|upkeep
|turn|16
|
|t:|1651738768
|switch|p2a: Tornadus|Tornadus-Therian, M|100/100
|move|p1a: Venusaur|Growth|p1a: Venusaur
|-boost|p1a: Venusaur|atk|2
|-boost|p1a: Venusaur|spa|2
|
|-weather|SunnyDay|[upkeep]
|upkeep
|turn|17
|
|t:|1651738770
|move|p1a: Venusaur|Weather Ball|p2a: Tornadus
|-damage|p2a: Tornadus|23/100
|-damage|p1a: Venusaur|77/100|[from] item: Life Orb
|move|p2a: Tornadus|Heat Wave|p1a: Venusaur
|-supereffective|p1a: Venusaur
|-damage|p1a: Venusaur|0 fnt
|faint|p1a: Venusaur
|
|-weather|SunnyDay|[upkeep]
|upkeep
|
|t:|1651738778
|switch|p1a: Rillaboom|Rillaboom, F|81/100
|-fieldstart|move: Grassy Terrain|[from] ability: Grassy Surge|[of] p1a: Rillaboom
|turn|18
|
|t:|1651738793
|switch|p2a: Landorus|Landorus-Therian, M|100/100
|-ability|p2a: Landorus|Intimidate|boost
|-unboost|p1a: Rillaboom|atk|1
|move|p1a: Rillaboom|Superpower|p2a: Landorus
|-resisted|p2a: Landorus
|-damage|p2a: Landorus|78/100
|-unboost|p1a: Rillaboom|atk|1
|-unboost|p1a: Rillaboom|def|1
|
|-weather|none
|-heal|p1a: Rillaboom|87/100|[from] Grassy Terrain
|-heal|p2a: Landorus|84/100|[from] item: Leftovers
|upkeep
|turn|19
|
|t:|1651738801
|switch|p1a: Torkoal|Torkoal, M|100/100
|-weather|SunnyDay|[from] ability: Drought|[of] p1a: Torkoal
|move|p2a: Landorus|U-turn|p1a: Torkoal
|-resisted|p1a: Torkoal
|-damage|p1a: Torkoal|94/100
|
|t:|1651738810
|switch|p2a: Tapu Fini|Tapu Fini|82/100|[from]move: U-turn
|-fieldstart|move: Misty Terrain|[from] ability: Misty Surge|[of] p2a: Tapu Fini
|
|-weather|SunnyDay|[upkeep]
|upkeep
|turn|20
|
|t:|1651738818
|switch|p1a: Rillaboom|Rillaboom, F|87/100
|-fieldstart|move: Grassy Terrain|[from] ability: Grassy Surge|[of] p1a: Rillaboom
|move|p2a: Tapu Fini|Taunt|p1a: Rillaboom
|-start|p1a: Rillaboom|move: Taunt
|
|-weather|SunnyDay|[upkeep]
|-heal|p1a: Rillaboom|93/100|[from] Grassy Terrain
|-heal|p2a: Tapu Fini|88/100|[from] Grassy Terrain
|upkeep
|turn|21
|
|t:|1651738829
|switch|p2a: Landorus|Landorus-Therian, M|84/100
|-ability|p2a: Landorus|Intimidate|boost
|-unboost|p1a: Rillaboom|atk|1
|move|p1a: Rillaboom|U-turn|p2a: Landorus
|-resisted|p2a: Landorus
|-damage|p2a: Landorus|72/100
|
|t:|1651738832
|switch|p1a: Weavile|Weavile, M|100/100|[from]move: U-turn
|
|-weather|SunnyDay|[upkeep]
|-heal|p2a: Landorus|79/100|[from] item: Leftovers
|upkeep
|turn|22
|
|t:|1651738840
|switch|p1a: Rillaboom|Rillaboom, F|93/100
|move|p2a: Landorus|U-turn|p1a: Rillaboom
|-supereffective|p1a: Rillaboom
|-damage|p1a: Rillaboom|48/100
|
|t:|1651738847
|switch|p2a: Tornadus|Tornadus-Therian, M|56/100|[from]move: U-turn
|
|-weather|SunnyDay|[upkeep]
|-heal|p1a: Rillaboom|54/100|[from] Grassy Terrain
|upkeep
|turn|23
|
|t:|1651738858
|move|p2a: Tornadus|Heat Wave|p1a: Rillaboom
|-supereffective|p1a: Rillaboom
|-damage|p1a: Rillaboom|0 fnt
|faint|p1a: Rillaboom
|
|-weather|SunnyDay|[upkeep]
|upkeep
|
|t:|1651738861
|switch|p1a: Weavile|Weavile, M|100/100
|turn|24
|
|t:|1651738867
|move|p2a: Tornadus|Heat Wave|p1a: Weavile
|-supereffective|p1a: Weavile
|-enditem|p1a: Weavile|Focus Sash
|-damage|p1a: Weavile|1/100
|move|p1a: Weavile|Swords Dance|p1a: Weavile
|-boost|p1a: Weavile|atk|2
|
|-weather|SunnyDay|[upkeep]
|-heal|p1a: Weavile|7/100|[from] Grassy Terrain
|-fieldend|move: Grassy Terrain
|upkeep
|turn|25
|inactive|Battle timer is ON: inactive players will automatically lose when time's up. (requested by El Stefano)
|
|t:|1651738899
|move|p1a: Weavile|Ice Shard|p2a: Tornadus
|-supereffective|p2a: Tornadus
|-damage|p2a: Tornadus|0 fnt
|faint|p2a: Tornadus
|
|-weather|SunnyDay|[upkeep]
|upkeep
|
|t:|1651738905
|switch|p2a: Zeraora|Zeraora|100/100
|turn|26
|
|t:|1651738908
|move|p1a: Weavile|Ice Shard|p2a: Zeraora
|-damage|p2a: Zeraora|36/100
|move|p2a: Zeraora|Plasma Fists|p1a: Weavile
|-damage|p1a: Weavile|0 fnt
|-fieldactivate|move: Ion Deluge
|-hint|Normal-type moves become Electric-type after using Plasma Fists.
|faint|p1a: Weavile
|
|-weather|none
|upkeep
|
|t:|1651738911
|switch|p1a: Torkoal|Torkoal, M|94/100
|-weather|SunnyDay|[from] ability: Drought|[of] p1a: Torkoal
|turn|27
|
|t:|1651738913
|move|p2a: Zeraora|Plasma Fists|p1a: Torkoal
|-damage|p1a: Torkoal|68/100
|-fieldactivate|move: Ion Deluge
|-hint|Normal-type moves become Electric-type after using Plasma Fists.
|move|p1a: Torkoal|Lava Plume|p2a: Zeraora
|-damage|p2a: Zeraora|0 fnt
|faint|p2a: Zeraora
|
|-weather|SunnyDay|[upkeep]
|upkeep
|-message|El Stefano forfeited.
|
|win|myaku
|raw|El Stefano's rating: 1504 &rarr; <strong>1483</strong><br />(-21 for losing)
|raw|myaku's rating: 1479 &rarr; <strong>1500</strong><br />(+21 for winning)
|l|☆El Stefano
