|raw|<div class="broadcast-blue"><strong>This battle is required to be public due to a player having a name starting with 'lt94je'.</div>
|j|☆LT94JE Lolcat
|j|☆Plasmeek
|t:|1661360290
|gametype|singles
|player|p1|LT94JE Lolcat|170|1767
|player|p2|Plasmeek|265|1834
|teamsize|p1|6
|teamsize|p2|6
|gen|8
|tier|[Gen 8] OU
|rated|
|rule|Sleep Clause Mod: Limit one foe put to sleep
|rule|Species Clause: Limit one of each Pokémon
|rule|OHKO Clause: OHKO moves are banned
|rule|Evasion Items Clause: Evasion items are banned
|rule|Evasion Moves Clause: Evasion moves are banned
|rule|Endless Battle Clause: Forcing endless battles is banned
|rule|HP Percentage Mod: HP is shown in percentages
|rule|Dynamax Clause: You cannot dynamax
|clearpoke
|poke|p1|Victini|
|poke|p1|Zapdos|
|poke|p1|Tapu Fini|
|poke|p1|Ferrothorn, M|
|poke|p1|Dragapult, M|
|poke|p1|Landorus-Therian, M|
|poke|p2|Urshifu-*, M|
|poke|p2|Zapdos|
|poke|p2|Tyranitar, M|
|poke|p2|Tapu Lele|
|poke|p2|Tangrowth, F|
|poke|p2|Excadrill, F|
|teampreview
|inactive|Battle timer is ON: inactive players will automatically lose when time's up. (requested by Plasmeek)
|
|t:|1661360310
|start
|switch|p1a: Dragapult|Dragapult, M|100/100
|switch|p2a: Tangrowth|Tangrowth, F, shiny|100/100
|turn|1
|
|t:|1661360314
|switch|p2a: Tyranitar|Tyranitar, M|100/100
|-weather|Sandstorm|[from] ability: Sand Stream|[of] p2a: Tyranitar
|move|p1a: Dragapult|Draco Meteor|p2a: Tyranitar
|-damage|p2a: Tyranitar|62/100
|-unboost|p1a: Dragapult|spa|2
|
|-weather|Sandstorm|[upkeep]
|-damage|p1a: Dragapult|95/100|[from] Sandstorm
|-heal|p2a: Tyranitar|68/100|[from] item: Leftovers
|upkeep
|turn|2
|
|t:|1661360321
|switch|p1a: Landorus|Landorus-Therian, M|100/100
|-ability|p1a: Landorus|Intimidate|boost
|-unboost|p2a: Tyranitar|atk|1
|move|p2a: Tyranitar|Stealth Rock|p1a: Landorus
|-sidestart|p1: LT94JE Lolcat|move: Stealth Rock
|
|-weather|Sandstorm|[upkeep]
|-heal|p2a: Tyranitar|74/100|[from] item: Leftovers
|upkeep
|turn|3
|
|t:|1661360333
|switch|p2a: Urshifu|Urshifu-Rapid-Strike, M|100/100
|move|p1a: Landorus|Knock Off|p2a: Urshifu
|-resisted|p2a: Urshifu
|-damage|p2a: Urshifu|84/100
|-enditem|p2a: Urshifu|Protective Pads|[from] move: Knock Off|[of] p1a: Landorus
|
|-weather|Sandstorm|[upkeep]
|-damage|p2a: Urshifu|78/100|[from] Sandstorm
|upkeep
|turn|4
|j| croissantdaddy
|
|t:|1661360340
|switch|p1a: Zapdos|Zapdos|100/100
|move|p2a: Urshifu|U-turn|p1a: Zapdos
|-resisted|p1a: Zapdos
|-damage|p1a: Zapdos|89/100
|-status|p2a: Urshifu|par|[from] ability: Static|[of] p1a: Zapdos
|
|t:|1661360345
|switch|p2a: Tapu Lele|Tapu Lele|100/100|[from]move: U-turn
|-fieldstart|move: Psychic Terrain|[from] ability: Psychic Surge|[of] p2a: Tapu Lele
|
|-weather|Sandstorm|[upkeep]
|-damage|p2a: Tapu Lele|94/100|[from] Sandstorm
|-damage|p1a: Zapdos|83/100|[from] Sandstorm
|upkeep
|turn|5
|inactive|LT94JE Lolcat has 120 seconds left.
|
|t:|1661360376
|switch|p1a: Ferrothorn|Ferrothorn, M|100/100
|-damage|p1a: Ferrothorn|95/100|[from] Stealth Rock
|move|p2a: Tapu Lele|Psychic|p1a: Ferrothorn
|-resisted|p1a: Ferrothorn
|-damage|p1a: Ferrothorn|59/100
|
|-weather|none
|-heal|p1a: Ferrothorn|65/100|[from] item: Leftovers
|upkeep
|turn|6
|
|t:|1661360383
|switch|p2a: Tangrowth|Tangrowth, F, shiny|100/100
|move|p1a: Ferrothorn|Spikes|p2a: Tangrowth
|-sidestart|p2: Plasmeek|Spikes
|
|-heal|p1a: Ferrothorn|71/100|[from] item: Leftovers
|upkeep
|turn|7
|j| LT94JE YsK
|
|t:|1661360387
|switch|p1a: Zapdos|Zapdos|83/100
|move|p2a: Tangrowth|Knock Off|p1a: Zapdos
|-damage|p1a: Zapdos|60/100
|-enditem|p1a: Zapdos|Heavy-Duty Boots|[from] move: Knock Off|[of] p2a: Tangrowth
|
|upkeep
|turn|8
|
|t:|1661360392
|switch|p2a: Excadrill|Excadrill, F|100/100
|-damage|p2a: Excadrill|88/100|[from] Spikes
|move|p1a: Zapdos|Roost|p1a: Zapdos
|-heal|p1a: Zapdos|100/100
|-singleturn|p1a: Zapdos|move: Roost
|
|-heal|p2a: Excadrill|94/100|[from] item: Leftovers
|-fieldend|move: Psychic Terrain
|upkeep
|turn|9
|
|t:|1661360397
|switch|p2a: Zapdos|Zapdos|100/100
|switch|p1a: Landorus|Landorus-Therian, M|100/100
|-damage|p1a: Landorus|88/100|[from] Stealth Rock
|-ability|p1a: Landorus|Intimidate|boost
|-unboost|p2a: Zapdos|atk|1
|
|-heal|p1a: Landorus|94/100|[from] item: Leftovers
|upkeep
|turn|10
|
|t:|1661360402
|switch|p2a: Urshifu|Urshifu-Rapid-Strike, M|78/100 par
|-damage|p2a: Urshifu|66/100 par|[from] Spikes
|move|p1a: Landorus|Knock Off|p2a: Urshifu
|-resisted|p2a: Urshifu
|-damage|p2a: Urshifu|56/100 par
|
|-heal|p1a: Landorus|99/100|[from] item: Leftovers
|upkeep
|turn|11
|
|t:|1661360407
|move|p1a: Landorus|U-turn|p2a: Urshifu
|-resisted|p2a: Urshifu
|-damage|p2a: Urshifu|46/100 par
|
|t:|1661360413
|switch|p1a: Ferrothorn|Ferrothorn, M|71/100|[from]move: U-turn
|-damage|p1a: Ferrothorn|65/100|[from] Stealth Rock
|move|p2a: Urshifu|Surging Strikes|p1a: Ferrothorn
|-resisted|p1a: Ferrothorn
|-crit|p1a: Ferrothorn
|-damage|p1a: Ferrothorn|58/100
|-damage|p2a: Urshifu|33/100 par|[from] ability: Iron Barbs|[of] p1a: Ferrothorn
|-resisted|p1a: Ferrothorn
|-crit|p1a: Ferrothorn
|-damage|p1a: Ferrothorn|50/100
|-damage|p2a: Urshifu|21/100 par|[from] ability: Iron Barbs|[of] p1a: Ferrothorn
|-resisted|p1a: Ferrothorn
|-crit|p1a: Ferrothorn
|-damage|p1a: Ferrothorn|42/100
|-damage|p2a: Urshifu|9/100 par|[from] ability: Iron Barbs|[of] p1a: Ferrothorn
|-hitcount|p1a: Ferrothorn|3
|
|-heal|p1a: Ferrothorn|48/100|[from] item: Leftovers
|upkeep
|turn|12
|
|t:|1661360421
|switch|p1a: Zapdos|Zapdos|100/100
|-damage|p1a: Zapdos|76/100|[from] Stealth Rock
|move|p2a: Urshifu|U-turn|p1a: Zapdos
|-resisted|p1a: Zapdos
|-damage|p1a: Zapdos|62/100
|
|t:|1661360424
|switch|p2a: Tapu Lele|Tapu Lele|94/100|[from]move: U-turn
|-damage|p2a: Tapu Lele|82/100|[from] Spikes
|-fieldstart|move: Psychic Terrain|[from] ability: Psychic Surge|[of] p2a: Tapu Lele
|
|upkeep
|turn|13
|
|t:|1661360432
|switch|p1a: Victini|Victini|100/100
|move|p2a: Tapu Lele|Psychic|p1a: Victini
|-resisted|p1a: Victini
|-damage|p1a: Victini|46/100
|-unboost|p1a: Victini|spd|1
|
|upkeep
|turn|14
|j| Mollymiltoast
|
|t:|1661360439
|switch|p2a: Urshifu|Urshifu-Rapid-Strike, M|9/100 par
|-damage|p2a: Urshifu|0 fnt|[from] Spikes
|faint|p2a: Urshifu
|move|p1a: Victini|V-create|p2: Urshifu|[notarget]
|-fail|p1a: Victini
|
|upkeep
|
|t:|1661360444
|switch|p2a: Zapdos|Zapdos|100/100
|turn|15
|
|t:|1661360448
|switch|p1a: Landorus|Landorus-Therian, M|99/100
|-damage|p1a: Landorus|88/100|[from] Stealth Rock
|-ability|p1a: Landorus|Intimidate|boost
|-unboost|p2a: Zapdos|atk|1
|move|p2a: Zapdos|Hurricane|p1a: Landorus|[miss]
|-miss|p2a: Zapdos|p1a: Landorus
|
|-heal|p1a: Landorus|94/100|[from] item: Leftovers
|upkeep
|turn|16
|
|t:|1661360453
|move|p2a: Zapdos|Hurricane|p1a: Landorus
|-damage|p1a: Landorus|61/100
|-start|p1a: Landorus|confusion
|-activate|p1a: Landorus|confusion
|move|p1a: Landorus|Knock Off|p2a: Zapdos
|-damage|p2a: Zapdos|80/100
|-enditem|p2a: Zapdos|Heavy-Duty Boots|[from] move: Knock Off|[of] p1a: Landorus
|
|-heal|p1a: Landorus|67/100|[from] item: Leftovers
|-fieldend|move: Psychic Terrain
|upkeep
|turn|17
|j| LT94JE Ahsan
|
|t:|1661360458
|move|p2a: Zapdos|Roost|p2a: Zapdos
|-heal|p2a: Zapdos|100/100
|-singleturn|p2a: Zapdos|move: Roost
|-activate|p1a: Landorus|confusion
|move|p1a: Landorus|Stealth Rock|p2a: Zapdos
|-sidestart|p2: Plasmeek|move: Stealth Rock
|
|-heal|p1a: Landorus|73/100|[from] item: Leftovers
|upkeep
|turn|18
|j| zebcd
|
|t:|1661360464
|move|p2a: Zapdos|Hurricane|p1a: Landorus
|-damage|p1a: Landorus|36/100
|-end|p1a: Landorus|confusion
|move|p1a: Landorus|U-turn|p2a: Zapdos
|-resisted|p2a: Zapdos
|-damage|p2a: Zapdos|92/100
|j| wadadadadadaw
|
|t:|1661360473
|switch|p1a: Dragapult|Dragapult, M|95/100|[from]move: U-turn
|-damage|p1a: Dragapult|82/100|[from] Stealth Rock
|
|upkeep
|turn|19
|
|t:|1661360475
|move|p1a: Dragapult|Shadow Ball|p2a: Zapdos
|-damage|p2a: Zapdos|37/100
|move|p2a: Zapdos|Roost|p2a: Zapdos
|-heal|p2a: Zapdos|87/100
|-singleturn|p2a: Zapdos|move: Roost
|
|upkeep
|turn|20
|j| cypherstest
|
|t:|1661360480
|switch|p2a: Tyranitar|Tyranitar, M|74/100
|-damage|p2a: Tyranitar|62/100|[from] Spikes
|-damage|p2a: Tyranitar|50/100|[from] Stealth Rock
|-weather|Sandstorm|[from] ability: Sand Stream|[of] p2a: Tyranitar
|move|p1a: Dragapult|Shadow Ball|p2a: Tyranitar
|-resisted|p2a: Tyranitar
|-damage|p2a: Tyranitar|39/100
|
|-weather|Sandstorm|[upkeep]
|-damage|p1a: Dragapult|76/100|[from] Sandstorm
|-heal|p2a: Tyranitar|45/100|[from] item: Leftovers
|upkeep
|turn|21
|
|t:|1661360489
|switch|p1a: Landorus|Landorus-Therian, M|36/100
|-damage|p1a: Landorus|23/100|[from] Stealth Rock
|-ability|p1a: Landorus|Intimidate|boost
|-unboost|p2a: Tyranitar|atk|1
|move|p2a: Tyranitar|Rock Blast|p1a: Landorus
|-damage|p1a: Landorus|16/100
|-damage|p1a: Landorus|9/100
|-damage|p1a: Landorus|2/100
|-hitcount|p1a: Landorus|3
|
|-weather|Sandstorm|[upkeep]
|-heal|p1a: Landorus|8/100|[from] item: Leftovers
|-heal|p2a: Tyranitar|51/100|[from] item: Leftovers
|upkeep
|turn|22
|
|t:|1661360494
|switch|p2a: Tangrowth|Tangrowth, F, shiny|100/100
|-damage|p2a: Tangrowth|88/100|[from] Spikes
|-damage|p2a: Tangrowth|76/100|[from] Stealth Rock
|move|p1a: Landorus|U-turn|p2a: Tangrowth
|-supereffective|p2a: Tangrowth
|-damage|p2a: Tangrowth|52/100
|-damage|p1a: Landorus|0 fnt|[from] item: Rocky Helmet|[of] p2a: Tangrowth
|faint|p1a: Landorus
|
|-weather|Sandstorm|[upkeep]
|-damage|p2a: Tangrowth|46/100|[from] Sandstorm
|upkeep
|
|t:|1661360500
|switch|p1a: Dragapult|Dragapult, M|76/100
|-damage|p1a: Dragapult|64/100|[from] Stealth Rock
|turn|23
|
|t:|1661360508
|move|p1a: Dragapult|Shadow Ball|p2a: Tangrowth
|-damage|p2a: Tangrowth|0 fnt
|faint|p2a: Tangrowth
|
|-weather|Sandstorm|[upkeep]
|-damage|p1a: Dragapult|58/100|[from] Sandstorm
|upkeep
|
|t:|1661360510
|switch|p2a: Excadrill|Excadrill, F|94/100
|-damage|p2a: Excadrill|82/100|[from] Spikes
|-damage|p2a: Excadrill|79/100|[from] Stealth Rock
|turn|24
|
|t:|1661360519
|switch|p1a: Zapdos|Zapdos|62/100
|-damage|p1a: Zapdos|37/100|[from] Stealth Rock
|move|p2a: Excadrill|Earthquake|p1a: Zapdos
|-immune|p1a: Zapdos
|
|-weather|none
|-heal|p2a: Excadrill|85/100|[from] item: Leftovers
|upkeep
|turn|25
|j| Santiago Bernabeu
|
|t:|1661360530
|switch|p1a: Tapu Fini|Tapu Fini|100/100
|-damage|p1a: Tapu Fini|88/100|[from] Stealth Rock
|-fieldstart|move: Misty Terrain|[from] ability: Misty Surge|[of] p1a: Tapu Fini
|move|p2a: Excadrill|Rapid Spin|p1a: Tapu Fini
|-damage|p1a: Tapu Fini|72/100
|-boost|p2a: Excadrill|spe|1
|-sideend|p2: Plasmeek|Spikes|[from] move: Rapid Spin|[of] p2a: Excadrill
|-sideend|p2: Plasmeek|Stealth Rock|[from] move: Rapid Spin|[of] p2a: Excadrill
|
|-heal|p2a: Excadrill|91/100|[from] item: Leftovers
|upkeep
|turn|26
|
|t:|1661360539
|switch|p2a: Tapu Lele|Tapu Lele|82/100
|-fieldstart|move: Psychic Terrain|[from] ability: Psychic Surge|[of] p2a: Tapu Lele
|move|p1a: Tapu Fini|Scald|p2a: Tapu Lele
|-damage|p2a: Tapu Lele|55/100
|
|upkeep
|turn|27
|
|t:|1661360549
|switch|p1a: Zapdos|Zapdos|37/100
|-damage|p1a: Zapdos|13/100|[from] Stealth Rock
|move|p2a: Tapu Lele|Psychic|p1a: Zapdos
|-damage|p1a: Zapdos|0 fnt
|faint|p1a: Zapdos
|
|upkeep
|
|t:|1661360553
|switch|p1a: Dragapult|Dragapult, M|58/100
|-damage|p1a: Dragapult|46/100|[from] Stealth Rock
|turn|28
|
|t:|1661360560
|move|p1a: Dragapult|U-turn|p2a: Tapu Lele
|-damage|p2a: Tapu Lele|27/100
|
|t:|1661360561
|switch|p1a: Ferrothorn|Ferrothorn, M|48/100|[from]move: U-turn
|-damage|p1a: Ferrothorn|42/100|[from] Stealth Rock
|move|p2a: Tapu Lele|Psychic|p1a: Ferrothorn
|-resisted|p1a: Ferrothorn
|-damage|p1a: Ferrothorn|8/100
|
|-heal|p1a: Ferrothorn|14/100|[from] item: Leftovers
|upkeep
|turn|29
|
|t:|1661360564
|move|p2a: Tapu Lele|Psychic|p1a: Ferrothorn
|-resisted|p1a: Ferrothorn
|-damage|p1a: Ferrothorn|0 fnt
|faint|p1a: Ferrothorn
|
|upkeep
|
|t:|1661360570
|switch|p1a: Victini|Victini|46/100
|turn|30
|
|t:|1661360582
|switch|p2a: Tyranitar|Tyranitar, M|51/100
|-weather|Sandstorm|[from] ability: Sand Stream|[of] p2a: Tyranitar
|move|p1a: Victini|U-turn|p2a: Tyranitar
|-supereffective|p2a: Tyranitar
|-damage|p2a: Tyranitar|18/100
|
|t:|1661360586
|switch|p1a: Dragapult|Dragapult, M|46/100|[from]move: U-turn
|-damage|p1a: Dragapult|33/100|[from] Stealth Rock
|
|-weather|Sandstorm|[upkeep]
|-damage|p1a: Dragapult|27/100|[from] Sandstorm
|-heal|p2a: Tyranitar|24/100|[from] item: Leftovers
|-fieldend|move: Psychic Terrain
|upkeep
|turn|31
|
|t:|1661360589
|switch|p2a: Tapu Lele|Tapu Lele|27/100
|-fieldstart|move: Psychic Terrain|[from] ability: Psychic Surge|[of] p2a: Tapu Lele
|move|p1a: Dragapult|U-turn|p2a: Tapu Lele
|-damage|p2a: Tapu Lele|1/100
|
|t:|1661360597
|switch|p1a: Victini|Victini|46/100|[from]move: U-turn
|
|-weather|Sandstorm|[upkeep]
|-damage|p1a: Victini|40/100|[from] Sandstorm
|-damage|p2a: Tapu Lele|0 fnt|[from] Sandstorm
|faint|p2a: Tapu Lele
|upkeep
|
|t:|1661360601
|switch|p2a: Excadrill|Excadrill, F|91/100
|turn|32
|l| Mollymiltoast
|
|t:|1661360603
|move|p2a: Excadrill|Earthquake|p1a: Victini
|-supereffective|p1a: Victini
|-damage|p1a: Victini|0 fnt
|faint|p1a: Victini
|
|-weather|Sandstorm|[upkeep]
|-heal|p2a: Excadrill|97/100|[from] item: Leftovers
|upkeep
|
|t:|1661360605
|switch|p1a: Tapu Fini|Tapu Fini|72/100
|-damage|p1a: Tapu Fini|59/100|[from] Stealth Rock
|-fieldstart|move: Misty Terrain|[from] ability: Misty Surge|[of] p1a: Tapu Fini
|turn|33
|
|t:|1661360610
|move|p2a: Excadrill|Earthquake|p1a: Tapu Fini
|-damage|p1a: Tapu Fini|13/100
|move|p1a: Tapu Fini|Scald|p2a: Excadrill
|-supereffective|p2a: Excadrill
|-damage|p2a: Excadrill|25/100
|
|-weather|Sandstorm|[upkeep]
|-damage|p1a: Tapu Fini|7/100|[from] Sandstorm
|-heal|p2a: Excadrill|31/100|[from] item: Leftovers
|upkeep
|turn|34
|-message|LT94JE Lolcat forfeited.
|
|win|Plasmeek
|raw|LT94JE Lolcat's rating: 1767 &rarr; <strong>1751</strong><br />(-16 for losing)
|raw|Plasmeek's rating: 1834 &rarr; <strong>1850</strong><br />(+16 for winning)
|l|☆LT94JE Lolcat
|l| wadadadadadaw
|l| Santiago Bernabeu
||Ladder isn't responding, score probably updated but might not have (Request timeout).
