|j|☆yung_iznamakin
|j|☆Flarelda
|t:|1647702454
|gametype|singles
|player|p1|yung_iznamakin|ninjaboy|1371
|player|p2|Flarelda|hilda|1330
|teamsize|p1|6
|teamsize|p2|6
|gen|8
|tier|[Gen 8] OU
|rated|
|rule|Sleep Clause Mod: Limit one foe put to sleep
|rule|Species Clause: Limit one of each Pokémon
|rule|OHKO Clause: OHKO moves are banned
|rule|Evasion Moves Clause: Evasion moves are banned
|rule|Endless Battle Clause: Forcing endless battles is banned
|rule|HP Percentage Mod: HP is shown in percentages
|rule|Dynamax Clause: You cannot dynamax
|clearpoke
|poke|p1|Kommo-o, M|
|poke|p1|Corviknight, F|
|poke|p1|Slowking-Galar, M|
|poke|p1|Weavile, M|
|poke|p1|Tapu Koko|
|poke|p1|Landorus-Therian, M|
|poke|p2|Landorus-Therian, M|
|poke|p2|Zapdos|
|poke|p2|Primarina, F|
|poke|p2|Blacephalon|
|poke|p2|Ferrothorn, M|
|poke|p2|Garchomp, M|
|teampreview
|inactive|Battle timer is ON: inactive players will automatically lose when time's up. (requested by Flarelda)
|inactive|yung_iznamakin has 120 seconds left.
|
|t:|1647702490
|start
|switch|p1a: Tapu Koko|Tapu Koko|100/100
|switch|p2a: Zapdos|Zapdos|100/100
|-fieldstart|move: Electric Terrain|[from] ability: Electric Surge|[of] p1a: Tapu Koko
|turn|1
|
|t:|1647702498
|switch|p1a: Slowking|Slowking-Galar, M|100/100
|move|p2a: Zapdos|Heat Wave|p1a: Slowking
|-damage|p1a: Slowking|88/100
|
|upkeep
|turn|2
|
|t:|1647702504
|move|p2a: Zapdos|Volt Switch|p1a: Slowking
|-damage|p1a: Slowking|75/100
|
|t:|1647702511
|switch|p2a: Garchomp|Garchomp, M|100/100|[from]move: Volt Switch
|move|p1a: Slowking|Future Sight|p2a: Garchomp
|-start|p1a: Slowking|move: Future Sight
|
|upkeep
|turn|3
|
|t:|1647702521
|switch|p2a: Blacephalon|Blacephalon|100/100
|switch|p1a: Landorus|Landorus-Therian, M|100/100
|-ability|p1a: Landorus|Intimidate|boost
|-unboost|p2a: Blacephalon|atk|1
|
|upkeep
|turn|4
|
|t:|1647702529
|switch|p2a: Gaïa|Landorus-Therian, M, shiny|100/100
|-ability|p2a: Gaïa|Intimidate|boost
|-unboost|p1a: Landorus|atk|1
|move|p1a: Landorus|Earthquake|p2a: Gaïa
|-immune|p2a: Gaïa
|
|-end|p2a: Gaïa|move: Future Sight
|-damage|p2a: Gaïa|32/100
|upkeep
|turn|5
|
|t:|1647702542
|switch|p1a: Corviknight|Corviknight, F|100/100
|-ability|p1a: Corviknight|Pressure
|move|p2a: Gaïa|Stealth Rock|p1a: Corviknight
|-sidestart|p1: yung_iznamakin|move: Stealth Rock
|
|-fieldend|move: Electric Terrain
|upkeep
|turn|6
|
|t:|1647702550
|move|p2a: Gaïa|U-turn|p1a: Corviknight
|-resisted|p1a: Corviknight
|-damage|p1a: Corviknight|96/100
|-damage|p2a: Gaïa|15/100|[from] item: Rocky Helmet|[of] p1a: Corviknight
|
|t:|1647702552
|switch|p2a: Blacephalon|Blacephalon|100/100|[from]move: U-turn
|move|p1a: Corviknight|Defog|p2a: Blacephalon
|-unboost|p2a: Blacephalon|evasion|1
|-sideend|p1: yung_iznamakin|Stealth Rock|[from] move: Defog|[of] p1a: Corviknight
|
|upkeep
|turn|7
|
|t:|1647702560
|switch|p1a: Kommo-o|Kommo-o, M|100/100
|move|p2a: Blacephalon|Trick|p1a: Kommo-o
|-activate|p2a: Blacephalon|move: Trick|[of] p1a: Kommo-o
|-item|p1a: Kommo-o|Choice Scarf|[from] move: Trick
|-item|p2a: Blacephalon|Leftovers|[from] move: Trick
|
|upkeep
|turn|8
|
|t:|1647702568
|switch|p2a: Zapdos|Zapdos|100/100
|move|p1a: Kommo-o|Stealth Rock|p2a: Zapdos
|-sidestart|p2: Flarelda|move: Stealth Rock
|
|upkeep
|turn|9
|
|t:|1647702575
|switch|p1a: Slowking|Slowking-Galar, M|100/100
|move|p2a: Zapdos|Defog|p1a: Slowking
|-unboost|p1a: Slowking|evasion|1
|-sideend|p2: Flarelda|Stealth Rock|[from] move: Defog|[of] p2a: Zapdos
|
|upkeep
|turn|10
|
|t:|1647702581
|move|p2a: Zapdos|Volt Switch|p1a: Slowking
|-crit|p1a: Slowking
|-damage|p1a: Slowking|81/100
|
|t:|1647702584
|switch|p2a: Gaïa|Landorus-Therian, M, shiny|15/100|[from]move: Volt Switch
|-ability|p2a: Gaïa|Intimidate|boost
|-unboost|p1a: Slowking|atk|1
|move|p1a: Slowking|Future Sight|p2a: Gaïa
|-start|p1a: Slowking|move: Future Sight
|
|upkeep
|turn|11
|
|t:|1647702590
|switch|p1a: Landorus|Landorus-Therian, M|100/100
|-ability|p1a: Landorus|Intimidate|boost
|-unboost|p2a: Gaïa|atk|1
|move|p2a: Gaïa|Stealth Rock|p1a: Landorus
|-sidestart|p1: yung_iznamakin|move: Stealth Rock
|
|upkeep
|turn|12
|
|t:|1647702598
|switch|p2a: Ferrothorn|Ferrothorn, M|100/100
|move|p1a: Landorus|Substitute|p1a: Landorus
|-start|p1a: Landorus|Substitute
|-damage|p1a: Landorus|76/100
|
|-end|p2a: Ferrothorn|move: Future Sight
|-resisted|p2a: Ferrothorn
|-damage|p2a: Ferrothorn|85/100
|-heal|p2a: Ferrothorn|91/100|[from] item: Leftovers
|upkeep
|turn|13
|
|t:|1647702607
|move|p1a: Landorus|Swords Dance|p1a: Landorus
|-boost|p1a: Landorus|atk|2
|move|p2a: Ferrothorn|Gyro Ball|p1a: Landorus
|-end|p1a: Landorus|Substitute
|
|-heal|p2a: Ferrothorn|98/100|[from] item: Leftovers
|upkeep
|turn|14
|
|t:|1647702613
|move|p1a: Landorus|Swords Dance|p1a: Landorus
|-boost|p1a: Landorus|atk|2
|move|p2a: Ferrothorn|Gyro Ball|p1a: Landorus
|-damage|p1a: Landorus|17/100
|
|-heal|p2a: Ferrothorn|100/100|[from] item: Leftovers
|upkeep
|turn|15
|
|t:|1647702620
|switch|p2a: Gaïa|Landorus-Therian, M, shiny|15/100
|-ability|p2a: Gaïa|Intimidate|boost
|-unboost|p1a: Landorus|atk|1
|move|p1a: Landorus|Stone Edge|p2a: Gaïa
|-damage|p2a: Gaïa|0 fnt
|faint|p2a: Gaïa
|
|upkeep
|
|t:|1647702624
|switch|p2a: Blacephalon|Blacephalon|100/100
|turn|16
|
|t:|1647702632
|switch|p1a: Kommo-o|Kommo-o, M|100/100
|-damage|p1a: Kommo-o|94/100|[from] Stealth Rock
|move|p2a: Blacephalon|Shadow Ball|p1a: Kommo-o
|-immune|p1a: Kommo-o|[from] ability: Bulletproof
|
|upkeep
|turn|17
|
|t:|1647702639
|move|p2a: Blacephalon|Trick|p1a: Kommo-o
|-activate|p2a: Blacephalon|move: Trick|[of] p1a: Kommo-o
|-item|p1a: Kommo-o|Leftovers|[from] move: Trick
|-item|p2a: Blacephalon|Choice Scarf|[from] move: Trick
|move|p1a: Kommo-o|Toxic|p2a: Blacephalon|[miss]
|-miss|p1a: Kommo-o|p2a: Blacephalon
|
|-heal|p1a: Kommo-o|100/100|[from] item: Leftovers
|upkeep
|turn|18
|c|☆Flarelda|Oups
|c|☆Flarelda|Missclick
|c|☆yung_iznamakin|thanks
|
|t:|1647702655
|move|p1a: Kommo-o|Protect|p1a: Kommo-o
|-singleturn|p1a: Kommo-o|Protect
|move|p2a: Blacephalon|Trick|p1a: Kommo-o
|-activate|p1a: Kommo-o|move: Protect
|
|upkeep
|turn|19
|
|t:|1647702664
|switch|p1a: Landorus|Landorus-Therian, M|17/100
|-damage|p1a: Landorus|5/100|[from] Stealth Rock
|-ability|p1a: Landorus|Intimidate|boost
|-unboost|p2a: Blacephalon|atk|1
|move|p2a: Blacephalon|Trick|p1a: Landorus
|-activate|p2a: Blacephalon|move: Trick|[of] p1a: Landorus
|-item|p1a: Landorus|Choice Scarf|[from] move: Trick
|-item|p2a: Blacephalon|Soft Sand|[from] move: Trick
|
|upkeep
|turn|20
|
|t:|1647702673
|switch|p2a: Zapdos|Zapdos|100/100
|move|p1a: Landorus|Earthquake|p2a: Zapdos
|-immune|p2a: Zapdos
|
|upkeep
|turn|21
|
|t:|1647702679
|switch|p1a: Slowking|Slowking-Galar, M|100/100
|-damage|p1a: Slowking|88/100|[from] Stealth Rock
|move|p2a: Zapdos|Volt Switch|p1a: Slowking
|-damage|p1a: Slowking|75/100
|
|t:|1647702683
|switch|p2a: Garchomp|Garchomp, M|100/100|[from]move: Volt Switch
|
|upkeep
|turn|22
|
|t:|1647702688
|switch|p1a: Landorus|Landorus-Therian, M|5/100
|-damage|p1a: Landorus|0 fnt|[from] Stealth Rock
|faint|p1a: Landorus
|move|p2a: Garchomp|Swords Dance|p2a: Garchomp
|-boost|p2a: Garchomp|atk|2
|
|upkeep
|
|t:|1647702694
|switch|p1a: Weavile|Weavile, M|100/100
|-damage|p1a: Weavile|76/100|[from] Stealth Rock
|-ability|p1a: Weavile|Pressure
|turn|23
|
|t:|1647702700
|switch|p2a: Marine|Primarina, F, shiny|100/100
|move|p1a: Weavile|Knock Off|p2a: Marine
|-resisted|p2a: Marine
|-damage|p2a: Marine|72/100
|-enditem|p2a: Marine|Leftovers|[from] move: Knock Off|[of] p1a: Weavile
|
|upkeep
|turn|24
|
|t:|1647702707
|switch|p1a: Slowking|Slowking-Galar, M|100/100
|-damage|p1a: Slowking|88/100|[from] Stealth Rock
|switch|p2a: Garchomp|Garchomp, M|100/100
|
|upkeep
|turn|25
|
|t:|1647702714
|move|p2a: Garchomp|Earthquake|p1a: Slowking
|-supereffective|p1a: Slowking
|-damage|p1a: Slowking|0 fnt
|faint|p1a: Slowking
|
|upkeep
|
|t:|1647702719
|switch|p1a: Tapu Koko|Tapu Koko|100/100
|-fieldstart|move: Electric Terrain|[from] ability: Electric Surge|[of] p1a: Tapu Koko
|turn|26
|
|t:|1647702723
|switch|p2a: Ferrothorn|Ferrothorn, M|100/100
|move|p1a: Tapu Koko|Dazzling Gleam|p2a: Ferrothorn
|-resisted|p2a: Ferrothorn
|-damage|p2a: Ferrothorn|90/100
|
|-heal|p2a: Ferrothorn|96/100|[from] item: Leftovers
|upkeep
|turn|27
|
|t:|1647702731
|switch|p1a: Kommo-o|Kommo-o, M|100/100
|-damage|p1a: Kommo-o|94/100|[from] Stealth Rock
|move|p2a: Ferrothorn|Knock Off|p1a: Kommo-o
|-resisted|p1a: Kommo-o
|-damage|p1a: Kommo-o|87/100
|-enditem|p1a: Kommo-o|Leftovers|[from] move: Knock Off|[of] p2a: Ferrothorn
|
|-heal|p2a: Ferrothorn|100/100|[from] item: Leftovers
|upkeep
|turn|28
|
|t:|1647702741
|switch|p2a: Zapdos|Zapdos|100/100
|move|p1a: Kommo-o|Stealth Rock|p2a: Zapdos
|-sidestart|p2: Flarelda|move: Stealth Rock
|
|upkeep
|turn|29
|
|t:|1647702745
|move|p2a: Zapdos|Volt Switch|p1a: Kommo-o
|-resisted|p1a: Kommo-o
|-damage|p1a: Kommo-o|74/100
|
|t:|1647702749
|switch|p2a: Ferrothorn|Ferrothorn, M|100/100|[from]move: Volt Switch
|-damage|p2a: Ferrothorn|94/100|[from] Stealth Rock
|move|p1a: Kommo-o|Toxic|p2a: Ferrothorn
|-immune|p2a: Ferrothorn
|
|-heal|p2a: Ferrothorn|100/100|[from] item: Leftovers
|upkeep
|turn|30
|
|t:|1647702756
|switch|p2a: Marine|Primarina, F, shiny|72/100
|-damage|p2a: Marine|60/100|[from] Stealth Rock
|move|p1a: Kommo-o|Body Press|p2a: Marine
|-resisted|p2a: Marine
|-damage|p2a: Marine|45/100
|
|-fieldend|move: Electric Terrain
|upkeep
|turn|31
|
|t:|1647702763
|move|p1a: Kommo-o|Protect|p1a: Kommo-o
|-singleturn|p1a: Kommo-o|Protect
|move|p2a: Marine|Substitute|p2a: Marine
|-start|p2a: Marine|Substitute
|-damage|p2a: Marine|20/100
|
|upkeep
|turn|32
|
|t:|1647702768
|move|p1a: Kommo-o|Body Press|p2a: Marine
|-resisted|p2a: Marine
|-activate|p2a: Marine|move: Substitute|[damage]
|move|p2a: Marine|Moonblast|p1a: Kommo-o
|-supereffective|p1a: Kommo-o
|-damage|p1a: Kommo-o|0 fnt
|faint|p1a: Kommo-o
|
|upkeep
|
|t:|1647702775
|switch|p1a: Tapu Koko|Tapu Koko|100/100
|-fieldstart|move: Electric Terrain|[from] ability: Electric Surge|[of] p1a: Tapu Koko
|turn|33
|
|t:|1647702779
|move|p1a: Tapu Koko|U-turn|p2a: Marine
|-resisted|p2a: Marine
|-activate|p2a: Marine|move: Substitute|[damage]
|
|t:|1647702782
|switch|p1a: Corviknight|Corviknight, F|96/100|[from]move: U-turn
|-damage|p1a: Corviknight|84/100|[from] Stealth Rock
|-ability|p1a: Corviknight|Pressure
|move|p2a: Marine|Scald|p1a: Corviknight
|-damage|p1a: Corviknight|37/100
|
|upkeep
|turn|34
|
|t:|1647702791
|move|p1a: Corviknight|U-turn|p2a: Marine
|-resisted|p2a: Marine
|-end|p2a: Marine|Substitute
|
|t:|1647702794
|switch|p1a: Tapu Koko|Tapu Koko|100/100|[from]move: U-turn
|move|p2a: Marine|Scald|p1a: Tapu Koko
|-damage|p1a: Tapu Koko|19/100
|
|upkeep
|turn|35
|
|t:|1647702800
|move|p1a: Tapu Koko|Roost|p1a: Tapu Koko
|-heal|p1a: Tapu Koko|69/100
|-singleturn|p1a: Tapu Koko|move: Roost
|move|p2a: Marine|Scald|p1a: Tapu Koko
|-damage|p1a: Tapu Koko|0 fnt
|faint|p1a: Tapu Koko
|
|upkeep
|-message|yung_iznamakin forfeited.
|
|win|Flarelda
|raw|yung_iznamakin's rating: 1371 &rarr; <strong>1349</strong><br />(-22 for losing)
|raw|Flarelda's rating: 1330 &rarr; <strong>1352</strong><br />(+22 for winning)
|l|☆yung_iznamakin
||Ladder isn't responding, score probably updated but might not have (Request timeout).
