|raw|<div class="broadcast-blue"><strong>This battle is required to be public due to a player having a name starting with 'lt84jm'.</div>
|j|☆KFC Chizza
|j|☆LT84JMsorryimtoxic
|t:|1627627942
|gametype|singles
|player|p1|KFC Chizza|unknown|1801
|player|p2|LT84JMsorryimtoxic|lucas|1911
|teamsize|p1|6
|teamsize|p2|6
|gen|8
|tier|[Gen 8] OU
|rated|
|rule|Sleep Clause Mod: Limit one foe put to sleep
|rule|Species Clause: Limit one of each Pokémon
|rule|OHKO Clause: OHKO moves are banned
|rule|Evasion Moves Clause: Evasion moves are banned
|rule|Endless Battle Clause: Forcing endless battles is banned
|rule|HP Percentage Mod: HP is shown in percentages
|rule|Dynamax Clause: You cannot dynamax
|clearpoke
|poke|p1|Hippowdon, F|
|poke|p1|Corviknight, F|
|poke|p1|Toxapex, M|
|poke|p1|Clefable, F|
|poke|p1|Tornadus-Therian, M|
|poke|p1|Blissey, F|
|poke|p2|Xatu, F|
|poke|p2|Toxapex, F|
|poke|p2|Chansey, F|
|poke|p2|Corviknight, F|
|poke|p2|Hippowdon, F|
|poke|p2|Buzzwole|
|teampreview
|j| LT84JM asiancy
|inactive|Battle timer is ON: inactive players will automatically lose when time's up. (requested by KFC Chizza)
|j| lt84jm cryinghard
|j| LT84JMM
|l| LT84JM asiancy
|j| IPF
|l| IPF
|j| passthatj
|j| cutie cute 1234
|inactive|LT84JMsorryimtoxic has 120 seconds left.
|j| LT84JM Analytic
|
|t:|1627627987
|start
|switch|p1a: Toxapex|Toxapex, M|100/100
|switch|p2a: Toxapex|Toxapex, F|100/100
|turn|1
|
|t:|1627627997
|move|p2a: Toxapex|Knock Off|p1a: Toxapex
|-damage|p1a: Toxapex|93/100
|-enditem|p1a: Toxapex|Shed Shell|[from] move: Knock Off|[of] p2a: Toxapex
|move|p1a: Toxapex|Scald|p2a: Toxapex
|-resisted|p2a: Toxapex
|-damage|p2a: Toxapex|94/100
|
|upkeep
|turn|2
|j| boiboi2323
|c| boiboi2323|HI YOUTUBE
|
|t:|1627628008
|switch|p1a: Hippowdon|Hippowdon, F|100/100
|-weather|Sandstorm|[from] ability: Sand Stream|[of] p1a: Hippowdon
|move|p2a: Toxapex|Toxic Spikes|p1a: Hippowdon
|-sidestart|p1: KFC Chizza|move: Toxic Spikes
|
|-weather|Sandstorm|[upkeep]
|-damage|p2a: Toxapex|88/100|[from] Sandstorm
|upkeep
|turn|3
|
|t:|1627628015
|switch|p1a: Toxapex|Toxapex, M|100/100
|-sideend|p1: KFC Chizza|move: Toxic Spikes|[of] p1a: Toxapex
|switch|p2a: Hippowdon|Hippowdon, F|100/100
|
|-weather|Sandstorm|[upkeep]
|-damage|p1a: Toxapex|95/100|[from] Sandstorm
|upkeep
|turn|4
|
|t:|1627628020
|switch|p2a: Chansey|Chansey, F|100/100
|move|p1a: Toxapex|Knock Off|p2a: Chansey
|-damage|p2a: Chansey|89/100
|-enditem|p2a: Chansey|Eviolite|[from] move: Knock Off|[of] p1a: Toxapex
|
|-weather|Sandstorm|[upkeep]
|-damage|p2a: Chansey|83/100|[from] Sandstorm
|-damage|p1a: Toxapex|89/100|[from] Sandstorm
|upkeep
|turn|5
|
|t:|1627628025
|switch|p2a: Toxapex|Toxapex, F|100/100
|move|p1a: Toxapex|Poison Jab|p2a: Toxapex
|-resisted|p2a: Toxapex
|-damage|p2a: Toxapex|95/100
|
|-weather|Sandstorm|[upkeep]
|-damage|p2a: Toxapex|89/100|[from] Sandstorm
|-damage|p1a: Toxapex|83/100|[from] Sandstorm
|upkeep
|turn|6
|j| kani baru
|j| SpookyZ
|
|t:|1627628030
|switch|p2a: Chansey|Chansey, F|83/100
|move|p1a: Toxapex|Scald|p2a: Chansey
|-damage|p2a: Chansey|76/100
|-status|p2a: Chansey|brn
|
|-weather|none
|-damage|p2a: Chansey|70/100 brn|[from] brn
|upkeep
|turn|7
|l| LT84JMM
|
|t:|1627628035
|switch|p2a: Toxapex|Toxapex, F|100/100
|switch|p1a: Hippowdon|Hippowdon, F|100/100
|-weather|Sandstorm|[from] ability: Sand Stream|[of] p1a: Hippowdon
|
|-weather|Sandstorm|[upkeep]
|-damage|p2a: Toxapex|95/100|[from] Sandstorm
|upkeep
|turn|8
|j| king of spycrabs
|
|t:|1627628042
|switch|p1a: Tornadus|Tornadus-Therian, M, shiny|100/100
|move|p2a: Toxapex|Light Screen|p2a: Toxapex
|-sidestart|p2: LT84JMsorryimtoxic|move: Light Screen
|
|-weather|Sandstorm|[upkeep]
|-damage|p1a: Tornadus|94/100|[from] Sandstorm
|-damage|p2a: Toxapex|89/100|[from] Sandstorm
|upkeep
|turn|9
|j| O Capo'
|
|t:|1627628067
|switch|p1a: Toxapex|Toxapex, M|100/100
|move|p2a: Toxapex|Knock Off|p1a: Toxapex
|-damage|p1a: Toxapex|95/100
|
|-weather|Sandstorm|[upkeep]
|-damage|p2a: Toxapex|83/100|[from] Sandstorm
|-damage|p1a: Toxapex|89/100|[from] Sandstorm
|upkeep
|turn|10
|
|t:|1627628075
|move|p2a: Toxapex|Knock Off|p1a: Toxapex
|-damage|p1a: Toxapex|84/100
|move|p1a: Toxapex|Scald|p2a: Toxapex
|-resisted|p2a: Toxapex
|-damage|p2a: Toxapex|80/100
|-status|p2a: Toxapex|brn
|
|-weather|Sandstorm|[upkeep]
|-damage|p2a: Toxapex|74/100 brn|[from] Sandstorm
|-damage|p1a: Toxapex|78/100|[from] Sandstorm
|-damage|p2a: Toxapex|68/100 brn|[from] brn
|upkeep
|turn|11
|l| O Capo'
|l| lt84jm cryinghard
|j| StitChuu
|
|t:|1627628084
|move|p2a: Toxapex|Knock Off|p1a: Toxapex
|-damage|p1a: Toxapex|75/100
|move|p1a: Toxapex|Knock Off|p2a: Toxapex
|-damage|p2a: Toxapex|59/100 brn
|-enditem|p2a: Toxapex|Shed Shell|[from] move: Knock Off|[of] p1a: Toxapex
|
|-weather|none
|-damage|p2a: Toxapex|53/100 brn|[from] brn
|upkeep
|turn|12
|
|t:|1627628089
|switch|p1a: Tornadus|Tornadus-Therian, M, shiny|100/100
|move|p2a: Toxapex|Knock Off|p1a: Tornadus
|-damage|p1a: Tornadus|94/100
|-enditem|p1a: Tornadus|Heavy-Duty Boots|[from] move: Knock Off|[of] p2a: Toxapex
|
|-damage|p2a: Toxapex|47/100 brn|[from] brn
|-sideend|p2: LT84JMsorryimtoxic|move: Light Screen
|upkeep
|turn|13
|j| SOG TanTanDeDie
|
|t:|1627628093
|switch|p2a: Corviknight|Corviknight, F|100/100
|-ability|p2a: Corviknight|Pressure
|move|p1a: Tornadus|Taunt|p2a: Corviknight
|-start|p2a: Corviknight|move: Taunt
|
|upkeep
|turn|14
|
|t:|1627628097
|switch|p2a: Xatu|Xatu, F|100/100
|move|p1a: Tornadus|Nasty Plot|p1a: Tornadus
|-boost|p1a: Tornadus|spa|2
|
|upkeep
|turn|15
|
|t:|1627628100
|move|p1a: Tornadus|Nasty Plot|p1a: Tornadus
|-boost|p1a: Tornadus|spa|2
|move|p2a: Xatu|Toxic|p1a: Tornadus|[miss]
|-miss|p2a: Xatu|p1a: Tornadus
|
|upkeep
|turn|16
|
|t:|1627628111
|move|p1a: Tornadus|Hurricane|p2a: Xatu
|-damage|p2a: Xatu|0 fnt
|faint|p2a: Xatu
|
|upkeep
|-message|LT84JMsorryimtoxic forfeited.
|
|win|KFC Chizza
|raw|KFC Chizza's rating: 1801 &rarr; <strong>1827</strong><br />(+26 for winning)
|raw|LT84JMsorryimtoxic's rating: 1911 &rarr; <strong>1885</strong><br />(-26 for losing)
|l|☆LT84JMsorryimtoxic
