|j|☆Tirkys
|j|☆Onmyiphone11
|t:|1631386116
|gametype|singles
|player|p1|Tirkys|hilda|1471
|player|p2|Onmyiphone11|101|1493
|teamsize|p1|6
|teamsize|p2|6
|gen|8
|tier|[Gen 8] OU
|rated|
|rule|Sleep Clause Mod: Limit one foe put to sleep
|rule|Species Clause: Limit one of each Pokémon
|rule|OHKO Clause: OHKO moves are banned
|rule|Evasion Moves Clause: Evasion moves are banned
|rule|Endless Battle Clause: Forcing endless battles is banned
|rule|HP Percentage Mod: HP is shown in percentages
|rule|Dynamax Clause: You cannot dynamax
|clearpoke
|poke|p1|Volcarona, F|
|poke|p1|Quagsire, F|
|poke|p1|Xatu, M|
|poke|p1|Mantine, F|
|poke|p1|Bronzong|
|poke|p1|Ninetales-Alola, F|
|poke|p2|Landorus-Therian, M|
|poke|p2|Arctozolt|
|poke|p2|Ninetales-Alola, F|
|poke|p2|Volcanion|
|poke|p2|Corviknight, F|
|poke|p2|Nihilego|
|teampreview
|inactive|Battle timer is ON: inactive players will automatically lose when time's up. (requested by Onmyiphone11)
|
|t:|1631386131
|start
|switch|p1a: Metallica|Bronzong|100/100
|switch|p2a: Volcanion|Volcanion|100/100
|turn|1
|
|t:|1631386137
|switch|p1a: CatchTheRainbow|Mantine, F|100/100
|move|p2a: Volcanion|Steam Eruption|p1a: CatchTheRainbow
|-immune|p1a: CatchTheRainbow|[from] ability: Water Absorb
|
|upkeep
|turn|2
|
|t:|1631386148
|switch|p2a: Corviknight|Corviknight, F|100/100
|-ability|p2a: Corviknight|Pressure
|move|p1a: CatchTheRainbow|Toxic|p2a: Corviknight
|-immune|p2a: Corviknight
|
|upkeep
|turn|3
|
|t:|1631386156
|switch|p1a: Magician'sRed|Volcarona, F|100/100
|move|p2a: Corviknight|U-turn|p1a: Magician'sRed
|-resisted|p1a: Magician'sRed
|-damage|p1a: Magician'sRed|93/100
|
|t:|1631386161
|switch|p2a: Nihilego|Nihilego|100/100|[from]move: U-turn
|
|-heal|p1a: Magician'sRed|99/100|[from] item: Leftovers
|upkeep
|turn|4
|
|t:|1631386164
|switch|p1a: Metallica|Bronzong|100/100
|move|p2a: Nihilego|Power Gem|p1a: Metallica
|-resisted|p1a: Metallica
|-damage|p1a: Metallica|88/100
|
|upkeep
|turn|5
|
|t:|1631386179
|switch|p2a: Corviknight|Corviknight, F|100/100
|-ability|p2a: Corviknight|Pressure
|move|p1a: Metallica|Trick|p2a: Corviknight
|-activate|p1a: Metallica|move: Trick|[of] p2a: Corviknight
|-item|p2a: Corviknight|Toxic Orb|[from] move: Trick
|-item|p1a: Metallica|Rocky Helmet|[from] move: Trick
|
|upkeep
|turn|6
|
|t:|1631386184
|move|p2a: Corviknight|U-turn|p1a: Metallica
|-damage|p1a: Metallica|75/100
|-damage|p2a: Corviknight|84/100|[from] item: Rocky Helmet|[of] p1a: Metallica
|
|t:|1631386204
|switch|p2a: Landorus|Landorus-Therian, M|100/100|[from]move: U-turn
|-ability|p2a: Landorus|Intimidate|boost
|-unboost|p1a: Metallica|atk|1
|move|p1a: Metallica|Trick|p2a: Landorus
|-activate|p1a: Metallica|move: Trick|[of] p2a: Landorus
|-item|p2a: Landorus|Rocky Helmet|[from] move: Trick
|-item|p1a: Metallica|Choice Scarf|[from] move: Trick
|
|upkeep
|turn|7
|
|t:|1631386211
|switch|p1a: ManInTheMirror|Xatu, M|100/100
|move|p2a: Landorus|Earthquake|p1a: ManInTheMirror
|-immune|p1a: ManInTheMirror
|
|upkeep
|turn|8
|
|t:|1631386219
|move|p2a: Landorus|U-turn|p1a: ManInTheMirror
|-damage|p1a: ManInTheMirror|73/100
|-damage|p2a: Landorus|84/100|[from] item: Rocky Helmet|[of] p1a: ManInTheMirror
|
|t:|1631386225
|switch|p2a: Ninetales|Ninetales-Alola, F|100/100|[from]move: U-turn
|-weather|Hail|[from] ability: Snow Warning|[of] p2a: Ninetales
|move|p1a: ManInTheMirror|Heat Wave|p2a: Ninetales
|-supereffective|p2a: Ninetales
|-damage|p2a: Ninetales|60/100
|
|-weather|Hail|[upkeep]
|-damage|p1a: ManInTheMirror|67/100|[from] Hail
|upkeep
|turn|9
|
|t:|1631386230
|switch|p1a: Metallica|Bronzong|75/100
|move|p2a: Ninetales|Aurora Veil|p2a: Ninetales
|-sidestart|p2: Onmyiphone11|move: Aurora Veil
|
|-weather|Hail|[upkeep]
|-damage|p1a: Metallica|69/100|[from] Hail
|upkeep
|turn|10
|
|t:|1631386243
|switch|p2a: Corviknight|Corviknight, F|84/100
|-ability|p2a: Corviknight|Pressure
|move|p1a: Metallica|Trick|p2a: Corviknight
|-activate|p1a: Metallica|move: Trick|[of] p2a: Corviknight
|-item|p2a: Corviknight|Choice Scarf|[from] move: Trick
|-item|p1a: Metallica|Toxic Orb|[from] move: Trick
|
|-weather|Hail|[upkeep]
|-damage|p2a: Corviknight|78/100|[from] Hail
|-damage|p1a: Metallica|62/100|[from] Hail
|upkeep
|turn|11
|
|t:|1631386252
|move|p2a: Corviknight|U-turn|p1a: Metallica
|-damage|p1a: Metallica|49/100
|
|t:|1631386259
|switch|p2a: Landorus|Landorus-Therian, M|84/100|[from]move: U-turn
|-ability|p2a: Landorus|Intimidate|boost
|-unboost|p1a: Metallica|atk|1
|move|p1a: Metallica|Trick|p2a: Landorus
|-activate|p1a: Metallica|move: Trick|[of] p2a: Landorus
|-item|p2a: Landorus|Toxic Orb|[from] move: Trick
|-item|p1a: Metallica|Rocky Helmet|[from] move: Trick
|
|-weather|Hail|[upkeep]
|-damage|p2a: Landorus|78/100|[from] Hail
|-damage|p1a: Metallica|43/100|[from] Hail
|-status|p2a: Landorus|tox|[from] item: Toxic Orb
|upkeep
|turn|12
|
|t:|1631386277
|switch|p1a: ManInTheMirror|Xatu, M|67/100
|move|p2a: Landorus|Earthquake|p1a: ManInTheMirror
|-immune|p1a: ManInTheMirror
|
|-weather|Hail|[upkeep]
|-damage|p2a: Landorus|72/100 tox|[from] Hail
|-damage|p1a: ManInTheMirror|61/100|[from] Hail
|-damage|p2a: Landorus|66/100 tox|[from] psn
|upkeep
|turn|13
|
|t:|1631386281
|move|p2a: Landorus|Explosion|p1a: ManInTheMirror
|-damage|p1a: ManInTheMirror|0 fnt
|faint|p2a: Landorus
|faint|p1a: ManInTheMirror
|
|-weather|Hail|[upkeep]
|-sideend|p2: Onmyiphone11|move: Aurora Veil
|upkeep
|
|t:|1631386297
|switch|p2a: Arctozolt|Arctozolt|100/100
|switch|p1a: Metallica|Bronzong|43/100
|turn|14
|
|t:|1631386302
|switch|p1a: Magician'sRed|Volcarona, F|99/100
|move|p2a: Arctozolt|Substitute|p2a: Arctozolt
|-start|p2a: Arctozolt|Substitute
|-damage|p2a: Arctozolt|76/100
|
|-weather|Hail|[upkeep]
|-damage|p1a: Magician'sRed|93/100|[from] Hail
|-heal|p1a: Magician'sRed|99/100|[from] item: Leftovers
|upkeep
|turn|15
|
|t:|1631386306
|move|p2a: Arctozolt|Bolt Beak|p1a: Magician'sRed
|-damage|p1a: Magician'sRed|38/100
|move|p1a: Magician'sRed|Bug Buzz|p2a: Arctozolt
|-damage|p2a: Arctozolt|20/100
|
|-weather|none
|-heal|p1a: Magician'sRed|44/100|[from] item: Leftovers
|upkeep
|turn|16
|
|t:|1631386320
|switch|p1a: StarPlatinum|Quagsire, F, shiny|100/100
|switch|p2a: Ninetales|Ninetales-Alola, F|60/100
|-weather|Hail|[from] ability: Snow Warning|[of] p2a: Ninetales
|
|-weather|Hail|[upkeep]
|-damage|p1a: StarPlatinum|94/100|[from] Hail
|-heal|p1a: StarPlatinum|100/100|[from] item: Leftovers
|upkeep
|turn|17
|
|t:|1631386340
|switch|p1a: Magician'sRed|Volcarona, F|44/100
|move|p2a: Ninetales|Freeze-Dry|p1a: Magician'sRed
|-resisted|p1a: Magician'sRed
|-damage|p1a: Magician'sRed|36/100
|
|-weather|Hail|[upkeep]
|-damage|p1a: Magician'sRed|29/100|[from] Hail
|-heal|p1a: Magician'sRed|36/100|[from] item: Leftovers
|upkeep
|turn|18
|
|t:|1631386357
|switch|p2a: Nihilego|Nihilego|100/100
|move|p1a: Magician'sRed|Roost|p1a: Magician'sRed
|-heal|p1a: Magician'sRed|86/100
|-singleturn|p1a: Magician'sRed|move: Roost
|
|-weather|Hail|[upkeep]
|-damage|p2a: Nihilego|94/100|[from] Hail
|-damage|p1a: Magician'sRed|80/100|[from] Hail
|-heal|p1a: Magician'sRed|86/100|[from] item: Leftovers
|upkeep
|turn|19
|
|t:|1631386377
|switch|p1a: Metallica|Bronzong|43/100
|move|p2a: Nihilego|Meteor Beam||[still]
|-prepare|p2a: Nihilego|Meteor Beam
|-boost|p2a: Nihilego|spa|1
|-enditem|p2a: Nihilego|Power Herb
|-anim|p2a: Nihilego|Meteor Beam|p1a: Metallica
|-resisted|p1a: Metallica
|-damage|p1a: Metallica|14/100
|
|-weather|Hail|[upkeep]
|-damage|p2a: Nihilego|88/100|[from] Hail
|-damage|p1a: Metallica|8/100|[from] Hail
|upkeep
|turn|20
|
|t:|1631386387
|move|p2a: Nihilego|Thunderbolt|p1a: Metallica
|-damage|p1a: Metallica|0 fnt
|faint|p1a: Metallica
|-ability|p2a: Nihilego|Beast Boost|boost
|-boost|p2a: Nihilego|spa|1
|
|-weather|Hail|[upkeep]
|-damage|p2a: Nihilego|82/100|[from] Hail
|upkeep
|l|☆Tirkys
|inactive|Tirkys disconnected and has a minute to reconnect!
|player|p1|
|j|☆Tirkys
|inactive|Tirkys reconnected and has 130 seconds left.
|player|p1|Tirkys|hilda
|
|t:|1631386412
|switch|p1a: StarPlatinum|Quagsire, F, shiny|100/100
|turn|21
|l|☆Onmyiphone11
|inactive|Onmyiphone11 disconnected and has a minute to reconnect!
|player|p2|
|j|☆Onmyiphone11
|inactive|Onmyiphone11 reconnected and has 125 seconds left.
|player|p2|Onmyiphone11|101
|inactive|Onmyiphone11 has 120 seconds left.
|
|t:|1631386443
|switch|p2a: Corviknight|Corviknight, F|78/100
|-ability|p2a: Corviknight|Pressure
|move|p1a: StarPlatinum|Scald|p2a: Corviknight
|-damage|p2a: Corviknight|59/100
|
|-weather|Hail|[upkeep]
|-damage|p2a: Corviknight|53/100|[from] Hail
|-damage|p1a: StarPlatinum|94/100|[from] Hail
|-heal|p1a: StarPlatinum|100/100|[from] item: Leftovers
|upkeep
|turn|22
|
|t:|1631386446
|move|p2a: Corviknight|Roost|p2a: Corviknight
|-heal|p2a: Corviknight|100/100
|-singleturn|p2a: Corviknight|move: Roost
|move|p1a: StarPlatinum|Scald|p2a: Corviknight
|-damage|p2a: Corviknight|80/100
|
|-weather|Hail|[upkeep]
|-damage|p2a: Corviknight|74/100|[from] Hail
|-damage|p1a: StarPlatinum|94/100|[from] Hail
|-heal|p1a: StarPlatinum|100/100|[from] item: Leftovers
|upkeep
|turn|23
|
|t:|1631386459
|move|p2a: Corviknight|Roost|p2a: Corviknight
|-heal|p2a: Corviknight|100/100
|-singleturn|p2a: Corviknight|move: Roost
|move|p1a: StarPlatinum|Scald|p2a: Corviknight
|-damage|p2a: Corviknight|81/100
|
|-weather|none
|upkeep
|turn|24
|
|t:|1631386465
|switch|p2a: Ninetales|Ninetales-Alola, F|60/100
|-weather|Hail|[from] ability: Snow Warning|[of] p2a: Ninetales
|move|p1a: StarPlatinum|Scald|p2a: Ninetales
|-damage|p2a: Ninetales|41/100
|-status|p2a: Ninetales|brn
|
|-weather|Hail|[upkeep]
|-damage|p1a: StarPlatinum|94/100|[from] Hail
|-heal|p1a: StarPlatinum|100/100|[from] item: Leftovers
|-damage|p2a: Ninetales|35/100 brn|[from] brn
|upkeep
|turn|25
|
|t:|1631386472
|switch|p1a: Magician'sRed|Volcarona, F|86/100
|move|p2a: Ninetales|Aurora Veil|p2a: Ninetales
|-sidestart|p2: Onmyiphone11|move: Aurora Veil
|
|-weather|Hail|[upkeep]
|-damage|p1a: Magician'sRed|80/100|[from] Hail
|-heal|p1a: Magician'sRed|86/100|[from] item: Leftovers
|-damage|p2a: Ninetales|29/100 brn|[from] brn
|upkeep
|turn|26
|
|t:|1631386476
|switch|p2a: Volcanion|Volcanion|100/100
|move|p1a: Magician'sRed|Fiery Dance|p2a: Volcanion
|-resisted|p2a: Volcanion
|-damage|p2a: Volcanion|96/100
|-boost|p1a: Magician'sRed|spa|1
|
|-weather|Hail|[upkeep]
|-damage|p1a: Magician'sRed|80/100|[from] Hail
|-damage|p2a: Volcanion|90/100|[from] Hail
|-heal|p1a: Magician'sRed|86/100|[from] item: Leftovers
|upkeep
|turn|27
|
|t:|1631386488
|switch|p1a: CatchTheRainbow|Mantine, F|100/100
|move|p2a: Volcanion|Sludge Wave|p1a: CatchTheRainbow
|-damage|p1a: CatchTheRainbow|67/100
|
|-weather|Hail|[upkeep]
|-damage|p1a: CatchTheRainbow|61/100|[from] Hail
|-damage|p2a: Volcanion|84/100|[from] Hail
|-heal|p1a: CatchTheRainbow|67/100|[from] item: Leftovers
|upkeep
|turn|28
|
|t:|1631386499
|move|p1a: CatchTheRainbow|Roost|p1a: CatchTheRainbow
|-heal|p1a: CatchTheRainbow|100/100
|-singleturn|p1a: CatchTheRainbow|move: Roost
|move|p2a: Volcanion|Sludge Wave|p1a: CatchTheRainbow
|-damage|p1a: CatchTheRainbow|67/100
|-status|p1a: CatchTheRainbow|psn
|
|-weather|Hail|[upkeep]
|-damage|p2a: Volcanion|78/100|[from] Hail
|-damage|p1a: CatchTheRainbow|61/100 psn|[from] Hail
|-heal|p1a: CatchTheRainbow|67/100 psn|[from] item: Leftovers
|-damage|p1a: CatchTheRainbow|55/100 psn|[from] psn
|upkeep
|turn|29
|
|t:|1631386505
|switch|p2a: Nihilego|Nihilego|82/100
|move|p1a: CatchTheRainbow|Roost|p1a: CatchTheRainbow
|-heal|p1a: CatchTheRainbow|100/100 psn
|-singleturn|p1a: CatchTheRainbow|move: Roost
|
|-weather|Hail|[upkeep]
|-damage|p2a: Nihilego|76/100|[from] Hail
|-damage|p1a: CatchTheRainbow|94/100 psn|[from] Hail
|-heal|p1a: CatchTheRainbow|100/100 psn|[from] item: Leftovers
|-damage|p1a: CatchTheRainbow|88/100 psn|[from] psn
|-sideend|p2: Onmyiphone11|move: Aurora Veil
|upkeep
|turn|30
|
|t:|1631386512
|switch|p1a: StarPlatinum|Quagsire, F, shiny|100/100
|move|p2a: Nihilego|Power Gem|p1a: StarPlatinum
|-resisted|p1a: StarPlatinum
|-damage|p1a: StarPlatinum|75/100
|
|-weather|Hail|[upkeep]
|-damage|p2a: Nihilego|70/100|[from] Hail
|-damage|p1a: StarPlatinum|69/100|[from] Hail
|-heal|p1a: StarPlatinum|75/100|[from] item: Leftovers
|upkeep
|turn|31
|
|t:|1631386523
|move|p2a: Nihilego|Sludge Bomb|p1a: StarPlatinum
|-resisted|p1a: StarPlatinum
|-damage|p1a: StarPlatinum|48/100
|-status|p1a: StarPlatinum|psn
|move|p1a: StarPlatinum|Scald|p2a: Nihilego
|-supereffective|p2a: Nihilego
|-damage|p2a: Nihilego|41/100
|
|-weather|none
|-heal|p1a: StarPlatinum|54/100 psn|[from] item: Leftovers
|-damage|p1a: StarPlatinum|42/100 psn|[from] psn
|upkeep
|turn|32
|
|t:|1631386540
|switch|p2a: Volcanion|Volcanion|78/100
|move|p1a: StarPlatinum|Recover|p1a: StarPlatinum
|-heal|p1a: StarPlatinum|92/100 psn
|
|-heal|p1a: StarPlatinum|98/100 psn|[from] item: Leftovers
|-damage|p1a: StarPlatinum|86/100 psn|[from] psn
|upkeep
|turn|33
|
|t:|1631386548
|switch|p1a: CatchTheRainbow|Mantine, F|88/100 psn
|move|p2a: Volcanion|Steam Eruption|p1a: CatchTheRainbow
|-heal|p1a: CatchTheRainbow|100/100 psn|[from] ability: Water Absorb|[of] p2a: Volcanion
|
|-damage|p1a: CatchTheRainbow|88/100 psn|[from] psn
|upkeep
|turn|34
|
|t:|1631386552
|switch|p2a: Ninetales|Ninetales-Alola, F|29/100 brn
|-weather|Hail|[from] ability: Snow Warning|[of] p2a: Ninetales
|move|p1a: CatchTheRainbow|Toxic|p2a: Ninetales|[miss]
|-miss|p1a: CatchTheRainbow|p2a: Ninetales
|
|-weather|Hail|[upkeep]
|-damage|p1a: CatchTheRainbow|82/100 psn|[from] Hail
|-heal|p1a: CatchTheRainbow|88/100 psn|[from] item: Leftovers
|-damage|p1a: CatchTheRainbow|76/100 psn|[from] psn
|-damage|p2a: Ninetales|23/100 brn|[from] brn
|upkeep
|turn|35
|
|t:|1631386559
|switch|p1a: Magician'sRed|Volcarona, F|86/100
|move|p2a: Ninetales|Freeze-Dry|p1a: Magician'sRed
|-resisted|p1a: Magician'sRed
|-damage|p1a: Magician'sRed|78/100
|
|-weather|Hail|[upkeep]
|-damage|p1a: Magician'sRed|72/100|[from] Hail
|-heal|p1a: Magician'sRed|78/100|[from] item: Leftovers
|-damage|p2a: Ninetales|17/100 brn|[from] brn
|upkeep
|turn|36
|
|t:|1631386565
|switch|p2a: Volcanion|Volcanion|78/100
|move|p1a: Magician'sRed|Bug Buzz|p2a: Volcanion
|-resisted|p2a: Volcanion
|-damage|p2a: Volcanion|58/100
|
|-weather|Hail|[upkeep]
|-damage|p1a: Magician'sRed|72/100|[from] Hail
|-damage|p2a: Volcanion|52/100|[from] Hail
|-heal|p1a: Magician'sRed|78/100|[from] item: Leftovers
|upkeep
|turn|37
|
|t:|1631386573
|move|p1a: Magician'sRed|Bug Buzz|p2a: Volcanion
|-resisted|p2a: Volcanion
|-damage|p2a: Volcanion|31/100
|move|p2a: Volcanion|Steam Eruption|p1a: Magician'sRed
|-supereffective|p1a: Magician'sRed
|-damage|p1a: Magician'sRed|0 fnt
|faint|p1a: Magician'sRed
|
|-weather|Hail|[upkeep]
|-damage|p2a: Volcanion|25/100|[from] Hail
|upkeep
|
|t:|1631386576
|switch|p1a: WhiteAlbum|Ninetales-Alola, F|100/100
|turn|38
|
|t:|1631386585
|move|p1a: WhiteAlbum|Dark Pulse|p2a: Volcanion
|-damage|p2a: Volcanion|4/100
|cant|p2a: Volcanion|flinch
|
|-weather|Hail|[upkeep]
|-damage|p2a: Volcanion|0 fnt|[from] Hail
|faint|p2a: Volcanion
|upkeep
|
|t:|1631386596
|switch|p2a: Nihilego|Nihilego|41/100
|turn|39
|
|t:|1631386600
|move|p1a: WhiteAlbum|Dark Pulse|p2a: Nihilego
|-damage|p2a: Nihilego|25/100
|move|p2a: Nihilego|Power Gem|p1a: WhiteAlbum
|-supereffective|p1a: WhiteAlbum
|-damage|p1a: WhiteAlbum|9/100
|
|-weather|Hail|[upkeep]
|-damage|p2a: Nihilego|19/100|[from] Hail
|upkeep
|turn|40
|
|t:|1631386608
|switch|p1a: StarPlatinum|Quagsire, F, shiny|86/100 psn
|move|p2a: Nihilego|Power Gem|p1a: StarPlatinum
|-resisted|p1a: StarPlatinum
|-damage|p1a: StarPlatinum|61/100 psn
|
|-weather|Hail|[upkeep]
|-damage|p2a: Nihilego|12/100|[from] Hail
|-damage|p1a: StarPlatinum|55/100 psn|[from] Hail
|-heal|p1a: StarPlatinum|61/100 psn|[from] item: Leftovers
|-damage|p1a: StarPlatinum|49/100 psn|[from] psn
|upkeep
|turn|41
|
|t:|1631386616
|move|p2a: Nihilego|Power Gem|p1a: StarPlatinum
|-resisted|p1a: StarPlatinum
|-damage|p1a: StarPlatinum|24/100 psn
|move|p1a: StarPlatinum|Rest|p1a: StarPlatinum
|-status|p1a: StarPlatinum|slp|[from] move: Rest
|-heal|p1a: StarPlatinum|100/100 slp|[silent]
|
|-weather|none
|upkeep
|turn|42
|
|t:|1631386624
|switch|p2a: Ninetales|Ninetales-Alola, F|17/100 brn
|-weather|Hail|[from] ability: Snow Warning|[of] p2a: Ninetales
|cant|p1a: StarPlatinum|slp
|
|-weather|Hail|[upkeep]
|-damage|p1a: StarPlatinum|94/100 slp|[from] Hail
|-heal|p1a: StarPlatinum|100/100 slp|[from] item: Leftovers
|-damage|p2a: Ninetales|11/100 brn|[from] brn
|upkeep
|turn|43
|
|t:|1631386628
|switch|p1a: CatchTheRainbow|Mantine, F|76/100 psn
|move|p2a: Ninetales|Freeze-Dry|p1a: CatchTheRainbow
|-supereffective|p1a: CatchTheRainbow
|-damage|p1a: CatchTheRainbow|27/100 psn
|
|-weather|Hail|[upkeep]
|-damage|p1a: CatchTheRainbow|21/100 psn|[from] Hail
|-heal|p1a: CatchTheRainbow|27/100 psn|[from] item: Leftovers
|-damage|p1a: CatchTheRainbow|14/100 psn|[from] psn
|-damage|p2a: Ninetales|5/100 brn|[from] brn
|upkeep
|turn|44
|
|t:|1631386636
|move|p2a: Ninetales|Freeze-Dry|p1a: CatchTheRainbow
|-supereffective|p1a: CatchTheRainbow
|-damage|p1a: CatchTheRainbow|0 fnt
|faint|p1a: CatchTheRainbow
|
|-weather|Hail|[upkeep]
|-damage|p2a: Ninetales|0 fnt|[from] brn
|faint|p2a: Ninetales
|upkeep
|
|t:|1631386650
|switch|p2a: Arctozolt|Arctozolt|20/100
|switch|p1a: StarPlatinum|Quagsire, F, shiny|100/100 slp
|turn|45
|
|t:|1631386656
|move|p2a: Arctozolt|Blizzard|p1a: StarPlatinum
|-damage|p1a: StarPlatinum|58/100 slp
|cant|p1a: StarPlatinum|slp
|
|-weather|Hail|[upkeep]
|-damage|p1a: StarPlatinum|52/100 slp|[from] Hail
|-heal|p1a: StarPlatinum|58/100 slp|[from] item: Leftovers
|upkeep
|turn|46
|
|t:|1631386660
|move|p2a: Arctozolt|Blizzard|p1a: StarPlatinum
|-damage|p1a: StarPlatinum|14/100 slp
|-curestatus|p1a: StarPlatinum|slp|[msg]
|move|p1a: StarPlatinum|Recover|p1a: StarPlatinum
|-heal|p1a: StarPlatinum|64/100
|
|-weather|Hail|[upkeep]
|-damage|p1a: StarPlatinum|58/100|[from] Hail
|-heal|p1a: StarPlatinum|64/100|[from] item: Leftovers
|upkeep
|turn|47
|
|t:|1631386666
|move|p2a: Arctozolt|Blizzard|p1a: StarPlatinum
|-damage|p1a: StarPlatinum|20/100
|-status|p1a: StarPlatinum|frz
|cant|p1a: StarPlatinum|frz
|
|-weather|Hail|[upkeep]
|-damage|p1a: StarPlatinum|14/100 frz|[from] Hail
|-heal|p1a: StarPlatinum|20/100 frz|[from] item: Leftovers
|upkeep
|turn|48
|
|t:|1631386670
|move|p2a: Arctozolt|Blizzard|p1a: StarPlatinum
|-damage|p1a: StarPlatinum|0 fnt
|faint|p1a: StarPlatinum
|
|-weather|Hail|[upkeep]
|upkeep
|
|t:|1631386672
|switch|p1a: WhiteAlbum|Ninetales-Alola, F|9/100
|turn|49
|
|t:|1631386674
|move|p1a: WhiteAlbum|Blizzard|p2a: Arctozolt
|-resisted|p2a: Arctozolt
|-damage|p2a: Arctozolt|0 fnt
|faint|p2a: Arctozolt
|
|-weather|none
|upkeep
|
|t:|1631386678
|switch|p2a: Corviknight|Corviknight, F|81/100
|-ability|p2a: Corviknight|Pressure
|turn|50
|
|t:|1631386679
|move|p1a: WhiteAlbum|Blizzard|p2a: Corviknight
|-damage|p2a: Corviknight|44/100
|-status|p2a: Corviknight|frz
|cant|p2a: Corviknight|frz
|
|upkeep
|turn|51
|
|t:|1631386682
|move|p1a: WhiteAlbum|Blizzard|p2a: Corviknight|[miss]
|-miss|p1a: WhiteAlbum|p2a: Corviknight
|cant|p2a: Corviknight|frz
|
|upkeep
|turn|52
|
|t:|1631386685
|move|p1a: WhiteAlbum|Blizzard|p2a: Corviknight
|-damage|p2a: Corviknight|2/100 frz
|cant|p2a: Corviknight|frz
|
|upkeep
|turn|53
|
|t:|1631386689
|move|p1a: WhiteAlbum|Blizzard|p2a: Corviknight
|-damage|p2a: Corviknight|0 fnt
|faint|p2a: Corviknight
|
|upkeep
|
|t:|1631386691
|switch|p2a: Nihilego|Nihilego|12/100
|turn|54
|
|t:|1631386692
|-activate|p1a: WhiteAlbum|move: Struggle
|move|p1a: WhiteAlbum|Struggle|p2a: Nihilego
|-damage|p2a: Nihilego|2/100
|-damage|p1a: WhiteAlbum|0 fnt|[from] recoil
|faint|p1a: WhiteAlbum
|
|win|Onmyiphone11
|raw|Tirkys's rating: 1471 &rarr; <strong>1452</strong><br />(-19 for losing)
|raw|Onmyiphone11's rating: 1493 &rarr; <strong>1512</strong><br />(+19 for winning)
|l|☆Tirkys
|c|☆Onmyiphone11|Gg so close lol
