|j|☆Pok et Glace
|j|☆Evoisbad
|inactive|Battle timer is ON: inactive players will automatically lose when time's up.
|t:|1664641890
|gametype|singles
|player|p1|Pok et Glace|cynthia-masters|
|player|p2|Evoisbad|adaman|
|teamsize|p1|3
|teamsize|p2|3
|gen|8
|tier|[Gen 8] OU
|rated|Tournament battle
|rule|Sleep Clause Mod: Limit one foe put to sleep
|rule|Species Clause: Limit one of each Pokémon
|rule|OHKO Clause: OHKO moves are banned
|rule|Evasion Items Clause: Evasion items are banned
|rule|Evasion Moves Clause: Evasion moves are banned
|rule|Endless Battle Clause: Forcing endless battles is banned
|rule|HP Percentage Mod: HP is shown in percentages
|rule|Dynamax Clause: You cannot dynamax
|clearpoke
|poke|p1|Toxapex, F|
|poke|p1|Togekiss, M|
|poke|p1|Garchomp, M|
|poke|p2|Porygon-Z|
|poke|p2|Cloyster, F|
|poke|p2|Salamence, F|
|teampreview
|j|*Lady Monita
|inactive|Evoisbad also wants the timer to be on.
|j| Koolcreatorx
|j| Colour21
|c|☆Evoisbad|gl
|j| Sabby60>!!>
|c|☆Pok et Glace|gl
|j| Outerfell
|j| TRowePrice
|
|t:|1664641901
|start
|switch|p1a: Toxapex|Toxapex, F|100/100
|switch|p2a: Salamence|Salamence, F|100/100
|-ability|p2a: Salamence|Intimidate|boost
|-unboost|p1a: Toxapex|atk|1
|turn|1
|
|t:|1664641908
|move|p2a: Salamence|Earthquake|p1a: Toxapex
|-supereffective|p1a: Toxapex
|-damage|p1a: Toxapex|63/100
|move|p1a: Toxapex|Toxic Spikes|p2a: Salamence
|-sidestart|p2: Evoisbad|move: Toxic Spikes
|
|upkeep
|turn|2
|j| Huinj
|
|t:|1664641915
|switch|p1a: Togekiss|Togekiss, M|100/100
|move|p2a: Salamence|Defog|p1a: Togekiss
|-unboost|p1a: Togekiss|evasion|1
|-sideend|p2: Evoisbad|Toxic Spikes|[from] move: Defog|[of] p2a: Salamence
|
|upkeep
|turn|3
|j| Boyca
|j| Shuckle15
|j| Tboltrider
|l| Tboltrider
|inactive|Evoisbad has 120 seconds left.
|j| ghostchimpdamage
|
|t:|1664641966
|move|p1a: Togekiss|Air Slash|p2a: Salamence
|-damage|p2a: Salamence|73/100
|move|p2a: Salamence|Toxic|p1a: Togekiss
|-status|p1a: Togekiss|tox
|
|-damage|p1a: Togekiss|94/100 tox|[from] psn
|upkeep
|turn|4
|inactive|Pok et Glace has 120 seconds left.
|j| CivilLem319
|
|t:|1664642011
|move|p1a: Togekiss|Nasty Plot|p1a: Togekiss
|-boost|p1a: Togekiss|spa|2
|move|p2a: Salamence|Roost|p2a: Salamence
|-heal|p2a: Salamence|100/100
|-singleturn|p2a: Salamence|move: Roost
|
|-heal|p1a: Togekiss|100/100 tox|[from] item: Leftovers
|-damage|p1a: Togekiss|88/100 tox|[from] psn
|upkeep
|turn|5
|
|t:|1664642029
|switch|p2a: Porygon-Z|Porygon-Z, shiny|100/100
|move|p1a: Togekiss|Air Slash|p2a: Porygon-Z
|-damage|p2a: Porygon-Z|6/100
|
|-heal|p1a: Togekiss|94/100 tox|[from] item: Leftovers
|-damage|p1a: Togekiss|76/100 tox|[from] psn
|upkeep
|turn|6
|inactive|Pok et Glace has 120 seconds left.
|
|t:|1664642039
|move|p2a: Porygon-Z|Tri Attack|p1a: Togekiss
|-damage|p1a: Togekiss|0 fnt
|faint|p1a: Togekiss
|
|upkeep
|inactive|Pok et Glace has 120 seconds left.
|
|t:|1664642047
|switch|p1a: Garchomp|Garchomp, M|100/100
|turn|7
|
|t:|1664642051
|switch|p2a: Salamence|Salamence, F|100/100
|-ability|p2a: Salamence|Intimidate|boost
|-unboost|p1a: Garchomp|atk|1
|move|p1a: Garchomp|Earthquake|p2a: Salamence
|-immune|p2a: Salamence
|
|upkeep
|turn|8
|
|t:|1664642058
|switch|p1a: Toxapex|Toxapex, F|96/100
|move|p2a: Salamence|Toxic|p1a: Toxapex|[miss]
|-miss|p2a: Salamence|p1a: Toxapex
|
|upkeep
|turn|9
|j| Dragonair2Fair
|
|t:|1664642063
|switch|p2a: Cloyster|Cloyster, F, shiny|100/100
|move|p1a: Toxapex|Toxic Spikes|p2a: Cloyster
|-sidestart|p2: Evoisbad|move: Toxic Spikes
|
|upkeep
|turn|10
|
|t:|1664642067
|move|p2a: Cloyster|Shell Smash|p2a: Cloyster
|-unboost|p2a: Cloyster|def|1
|-unboost|p2a: Cloyster|spd|1
|-boost|p2a: Cloyster|atk|2
|-boost|p2a: Cloyster|spa|2
|-boost|p2a: Cloyster|spe|2
|move|p1a: Toxapex|Scald|p2a: Cloyster
|-resisted|p2a: Cloyster
|-damage|p2a: Cloyster|69/100
|-status|p2a: Cloyster|brn
|
|-damage|p2a: Cloyster|63/100 brn|[from] brn
|upkeep
|turn|11
|j| hanxu
|l| hanxu
|
|t:|1664642088
|move|p2a: Cloyster|Rock Blast|p1a: Toxapex
|-damage|p1a: Toxapex|92/100
|-damage|p1a: Toxapex|87/100
|-damage|p1a: Toxapex|82/100
|-damage|p1a: Toxapex|77/100
|-damage|p1a: Toxapex|73/100
|-hitcount|p1a: Toxapex|5
|move|p1a: Toxapex|Haze|p1a: Toxapex
|-clearallboost
|
|-damage|p2a: Cloyster|57/100 brn|[from] brn
|upkeep
|turn|12
|
|t:|1664642096
|switch|p2a: Salamence|Salamence, F|100/100
|-ability|p2a: Salamence|Intimidate|boost
|-unboost|p1a: Toxapex|atk|1
|move|p1a: Toxapex|Recover|p1a: Toxapex
|-heal|p1a: Toxapex|100/100
|
|upkeep
|turn|13
|
|t:|1664642100
|move|p2a: Salamence|Defog|p1a: Toxapex
|-unboost|p1a: Toxapex|evasion|1
|-sideend|p2: Evoisbad|Toxic Spikes|[from] move: Defog|[of] p2a: Salamence
|move|p1a: Toxapex|Scald|p2a: Salamence
|-resisted|p2a: Salamence
|-damage|p2a: Salamence|95/100
|
|upkeep
|turn|14
|
|t:|1664642105
|move|p2a: Salamence|Earthquake|p1a: Toxapex
|-supereffective|p1a: Toxapex
|-damage|p1a: Toxapex|59/100
|move|p1a: Toxapex|Scald|p2a: Salamence
|-resisted|p2a: Salamence
|-damage|p2a: Salamence|89/100
|-status|p2a: Salamence|brn
|
|-damage|p2a: Salamence|82/100 brn|[from] brn
|upkeep
|turn|15
|
|t:|1664642111
|move|p2a: Salamence|Defog|p1a: Toxapex
|-unboost|p1a: Toxapex|evasion|1
|move|p1a: Toxapex|Scald|p2a: Salamence
|-resisted|p2a: Salamence
|-damage|p2a: Salamence|77/100 brn
|
|-damage|p2a: Salamence|71/100 brn|[from] brn
|upkeep
|turn|16
|
|t:|1664642121
|move|p2a: Salamence|Earthquake|p1a: Toxapex
|-supereffective|p1a: Toxapex
|-damage|p1a: Toxapex|39/100
|move|p1a: Toxapex|Toxic Spikes|p2a: Salamence
|-sidestart|p2: Evoisbad|move: Toxic Spikes
|
|-damage|p2a: Salamence|65/100 brn|[from] brn
|upkeep
|turn|17
|l| Dragonair2Fair
|
|t:|1664642127
|switch|p1a: Garchomp|Garchomp, M|100/100
|move|p2a: Salamence|Earthquake|p1a: Garchomp
|-damage|p1a: Garchomp|85/100
|
|-damage|p2a: Salamence|59/100 brn|[from] brn
|upkeep
|turn|18
|
|t:|1664642132
|move|p1a: Garchomp|Swords Dance|p1a: Garchomp
|-boost|p1a: Garchomp|atk|2
|move|p2a: Salamence|Toxic|p1a: Garchomp
|-status|p1a: Garchomp|tox
|
|-damage|p1a: Garchomp|79/100 tox|[from] psn
|-damage|p2a: Salamence|53/100 brn|[from] brn
|upkeep
|turn|19
|j| Tboltrider
|l| Boyca
|
|t:|1664642137
|switch|p2a: Cloyster|Cloyster, F, shiny|57/100 brn
|move|p1a: Garchomp|Scale Shot|p2a: Cloyster
|-damage|p2a: Cloyster|33/100 brn
|-damage|p2a: Cloyster|10/100 brn
|-damage|p2a: Cloyster|0 fnt
|faint|p2a: Cloyster
|-hitcount|p2: Cloyster|3
|-unboost|p1a: Garchomp|def|1
|-boost|p1a: Garchomp|spe|1
|
|-damage|p1a: Garchomp|67/100 tox|[from] psn
|upkeep
|
|t:|1664642139
|switch|p2a: Salamence|Salamence, F|53/100 brn
|-ability|p2a: Salamence|Intimidate|boost
|-unboost|p1a: Garchomp|atk|1
|turn|20
|
|t:|1664642146
|move|p1a: Garchomp|Scale Shot|p2a: Salamence
|-supereffective|p2a: Salamence
|-damage|p2a: Salamence|11/100 brn
|-supereffective|p2a: Salamence
|-damage|p2a: Salamence|0 fnt
|faint|p2a: Salamence
|-hitcount|p2: Salamence|2
|-unboost|p1a: Garchomp|def|1
|-boost|p1a: Garchomp|spe|1
|
|-damage|p1a: Garchomp|48/100 tox|[from] psn
|upkeep
|
|t:|1664642148
|switch|p2a: Porygon-Z|Porygon-Z, shiny|6/100
|-status|p2a: Porygon-Z|psn
|turn|21
|
|t:|1664642151
|move|p1a: Garchomp|Earthquake|p2a: Porygon-Z
|-damage|p2a: Porygon-Z|0 fnt
|faint|p2a: Porygon-Z
|
|win|Pok et Glace
|n|☆Pok et Glace|poketglace
|n|☆Evoisbad|evoisbad
|n|*Lady Monita|ladymonita
|n| Koolcreatorx|koolcreatorx
|n| Colour21|colour21
|n| Sabby60>!!>|sabby60
|n| Outerfell|outerfell
|n| TRowePrice|troweprice
|n| Huinj|huinj
|n| Shuckle15|shuckle15
|n| ghostchimpdamage|ghostchimpdamage
|n| CivilLem319|civillem319
|n| Tboltrider|tboltrider
