|html|<div class="broadcast-blue"><strong>[Gen 8] OU is currently suspecting Zamazenta-Crowned! For information on how to participate check out the <a href="https://www.smogon.com/forums/threads/np-ss-ou-suspect-process-round-10-royals.3681787/">suspect thread</a>.</strong></div>
|j|☆Justin UA
|j|☆BurningLion
|t:|1618201221
|gametype|singles
|player|p1|Justin UA|ethan|1577
|player|p2|BurningLion|265|1581
|teamsize|p1|6
|teamsize|p2|6
|gen|8
|tier|[Gen 8] OU
|rated|
|clearpoke
|poke|p1|Garchomp, M|
|poke|p1|Tapu Lele|
|poke|p1|Corviknight, M|
|poke|p1|Blissey, F|
|poke|p1|Heatran, M|
|poke|p1|Dragapult, M|
|poke|p2|Zamazenta-Crowned|
|poke|p2|Tapu Fini|
|poke|p2|Blissey, F|
|poke|p2|Kyurem|
|poke|p2|Archen, F|
|poke|p2|Zapdos|
|rule|Sleep Clause Mod: Limit one foe put to sleep
|rule|Species Clause: Limit one of each Pokémon
|rule|OHKO Clause: OHKO moves are banned
|rule|Evasion Moves Clause: Evasion moves are banned
|rule|Endless Battle Clause: Forcing endless battles is banned
|rule|HP Percentage Mod: HP is shown in percentages
|rule|Dynamax Clause: You cannot dynamax
|teampreview
|inactive|Battle timer is ON: inactive players will automatically lose when time's up. (requested by Justin UA)
|j| BlackBlurSpidey
|j| Cgnnjii
|
|t:|1618201250
|start
|switch|p1a: Dragapult|Dragapult, M, shiny|100/100
|switch|p2a: Archen|Archen, F|100/100
|turn|1
|j| Meditate Golisopod
|j| MagicToyota
|j| Inspector Boy
|
|t:|1618201279
|move|p1a: Dragapult|Shadow Ball|p2a: Archen
|-enditem|p2a: Archen|Focus Sash
|-damage|p2a: Archen|1/100
|-unboost|p2a: Archen|spd|1
|move|p2a: Archen|Stealth Rock|p1a: Dragapult
|-sidestart|p1: Justin UA|move: Stealth Rock
|
|upkeep
|turn|2
|c| Inspector Boy|wtf
|j| IU BURNT MY STEAK
|c| Meditate Golisopod|lmfao
|
|t:|1618201295
|switch|p1a: Heatran|Heatran, M|100/100
|-damage|p1a: Heatran|88/100|[from] Stealth Rock
|switch|p2a: Blissey|Blissey, F|100/100
|
|-heal|p1a: Heatran|94/100|[from] item: Leftovers
|upkeep
|turn|3
|c| Inspector Boy|that sativa must be hittin different
|c|☆Justin UA|im saying
|c|☆Justin UA|wtf is this
|
|t:|1618201316
|switch|p2a: Tapu Fini|Tapu Fini|100/100
|-fieldstart|move: Misty Terrain|[from] ability: Misty Surge|[of] p2a: Tapu Fini
|move|p1a: Heatran|Magma Storm|p2a: Tapu Fini
|-resisted|p2a: Tapu Fini
|-damage|p2a: Tapu Fini|80/100
|-activate|p2a: Tapu Fini|move: Magma Storm|[of] p1a: Heatran
|
|-heal|p2a: Tapu Fini|87/100|[from] item: Leftovers
|-heal|p1a: Heatran|100/100|[from] item: Leftovers
|-damage|p2a: Tapu Fini|74/100|[from] move: Magma Storm|[partiallytrapped]
|upkeep
|turn|4
|
|t:|1618201323
|switch|p1a: Blissey|Blissey, F|100/100
|move|p2a: Tapu Fini|Taunt|p1a: Blissey
|-start|p1a: Blissey|move: Taunt
|
|-heal|p2a: Tapu Fini|80/100|[from] item: Leftovers
|-end|p2a: Tapu Fini|Magma Storm|[partiallytrapped]|[silent]
|upkeep
|turn|5
|c| Meditate Golisopod|what are your bets its only move is stealth rox
|c| Inspector Boy|oh you thought aerodactyl was a suicide lead
|
|t:|1618201354
|switch|p2a: Zamazenta|Zamazenta-Crowned|100/100
|-ability|p2a: Zamazenta|Dauntless Shield|boost
|-boost|p2a: Zamazenta|def|1
|switch|p1a: Corviknight|Corviknight, M|100/100
|-damage|p1a: Corviknight|88/100|[from] Stealth Rock
|-ability|p1a: Corviknight|Pressure
|
|upkeep
|turn|6
|c| Inspector Boy|oh boy you dont know about achen
|
|t:|1618201361
|switch|p2a: Archen|Archen, F|1/100
|move|p1a: Corviknight|Roost|p1a: Corviknight
|-heal|p1a: Corviknight|100/100
|-singleturn|p1a: Corviknight|move: Roost
|
|upkeep
|turn|7
|
|t:|1618201363
|move|p2a: Archen|Endeavor|p1a: Corviknight
|-damage|p1a: Corviknight|1/100
|-damage|p2a: Archen|0 fnt|[from] item: Rocky Helmet|[of] p1a: Corviknight
|faint|p2a: Archen
|move|p1a: Corviknight|U-turn|p2: Archen|[notarget]
|-fail|p1a: Corviknight
|
|-fieldend|Misty Terrain
|upkeep
|
|t:|1618201371
|switch|p2a: Kyurem|Kyurem|100/100
|-ability|p2a: Kyurem|Pressure
|turn|8
|c| Inspector Boy|BRUH
|c| Meditate Golisopod|I'm dissapointed
|
|t:|1618201377
|switch|p1a: Blissey|Blissey, F|100/100
|move|p2a: Kyurem|Ice Beam|p1a: Blissey
|-damage|p1a: Blissey|74/100
|
|upkeep
|turn|9
|c|☆Justin UA|bro i thought its speed was halved
|
|t:|1618201394
|switch|p2a: Tapu Fini|Tapu Fini|80/100
|-fieldstart|move: Misty Terrain|[from] ability: Misty Surge|[of] p2a: Tapu Fini
|move|p1a: Blissey|Teleport|p1a: Blissey
|c| Inspector Boy|just attack and sp.at
|c|☆Justin UA|rip
|inactive|Justin UA has 120 seconds left.
|
|t:|1618201418
|switch|p1a: Tapu Lele|Tapu Lele|100/100|[from]move: Teleport
|-damage|p1a: Tapu Lele|88/100|[from] Stealth Rock
|-fieldstart|move: Psychic Terrain|[from] ability: Psychic Surge|[of] p1a: Tapu Lele
|
|-heal|p2a: Tapu Fini|86/100|[from] item: Leftovers
|upkeep
|turn|10
|inactive|Justin UA has 120 seconds left.
|
|t:|1618201429
|switch|p1a: Garchomp|Garchomp, M|100/100
|-damage|p1a: Garchomp|94/100|[from] Stealth Rock
|switch|p2a: Zamazenta|Zamazenta-Crowned|100/100
|-ability|p2a: Zamazenta|Dauntless Shield|boost
|-boost|p2a: Zamazenta|def|1
|
|upkeep
|turn|11
|inactive|BurningLion has 120 seconds left.
|j| podtastic1
|
|t:|1618201463
|move|p2a: Zamazenta|Close Combat|p1a: Garchomp
|-damage|p1a: Garchomp|55/100
|-unboost|p2a: Zamazenta|def|1
|-unboost|p2a: Zamazenta|spd|1
|-damage|p2a: Zamazenta|88/100|[from] ability: Rough Skin|[of] p1a: Garchomp
|-damage|p2a: Zamazenta|72/100|[from] item: Rocky Helmet|[of] p1a: Garchomp
|move|p1a: Garchomp|Stealth Rock|p2a: Zamazenta
|-sidestart|p2: BurningLion|move: Stealth Rock
|
|upkeep
|turn|12
|
|t:|1618201471
|switch|p2a: Zapdos|Zapdos|100/100
|move|p1a: Garchomp|Earthquake|p2a: Zapdos
|-immune|p2a: Zapdos
|
|upkeep
|turn|13
|
|t:|1618201476
|move|p1a: Garchomp|Toxic|p2a: Zapdos
|-status|p2a: Zapdos|tox
|move|p2a: Zapdos|Heat Wave|p1a: Garchomp
|-resisted|p1a: Garchomp
|-damage|p1a: Garchomp|43/100
|
|-damage|p2a: Zapdos|94/100 tox|[from] psn
|-fieldend|move: Psychic Terrain
|upkeep
|turn|14
|
|t:|1618201483
|switch|p1a: Blissey|Blissey, F|74/100
|switch|p2a: Tapu Fini|Tapu Fini|86/100
|-damage|p2a: Tapu Fini|74/100|[from] Stealth Rock
|-fieldstart|move: Misty Terrain|[from] ability: Misty Surge|[of] p2a: Tapu Fini
|
|-heal|p2a: Tapu Fini|80/100|[from] item: Leftovers
|upkeep
|turn|15
|
|t:|1618201492
|move|p2a: Tapu Fini|Calm Mind|p2a: Tapu Fini
|-boost|p2a: Tapu Fini|spa|1
|-boost|p2a: Tapu Fini|spd|1
|move|p1a: Blissey|Seismic Toss|p2a: Tapu Fini
|-damage|p2a: Tapu Fini|51/100
|
|-heal|p2a: Tapu Fini|57/100|[from] item: Leftovers
|upkeep
|turn|16
|
|t:|1618201499
|move|p2a: Tapu Fini|Calm Mind|p2a: Tapu Fini
|-boost|p2a: Tapu Fini|spa|1
|-boost|p2a: Tapu Fini|spd|1
|move|p1a: Blissey|Seismic Toss|p2a: Tapu Fini
|-damage|p2a: Tapu Fini|28/100
|
|-heal|p2a: Tapu Fini|34/100|[from] item: Leftovers
|upkeep
|turn|17
|
|t:|1618201502
|move|p2a: Tapu Fini|Draining Kiss|p1a: Blissey
|-damage|p1a: Blissey|61/100
|-heal|p2a: Tapu Fini|54/100|[from] drain|[of] p1a: Blissey
|move|p1a: Blissey|Seismic Toss|p2a: Tapu Fini
|-damage|p2a: Tapu Fini|25/100
|
|-heal|p2a: Tapu Fini|31/100|[from] item: Leftovers
|upkeep
|turn|18
|
|t:|1618201510
|move|p2a: Tapu Fini|Draining Kiss|p1a: Blissey
|-damage|p1a: Blissey|48/100
|-heal|p2a: Tapu Fini|52/100|[from] drain|[of] p1a: Blissey
|move|p1a: Blissey|Seismic Toss|p2a: Tapu Fini
|-damage|p2a: Tapu Fini|23/100
|
|-heal|p2a: Tapu Fini|29/100|[from] item: Leftovers
|-fieldend|Misty Terrain
|upkeep
|turn|19
|c| Inspector Boy|does tapu fini got that ass?
|c| Inspector Boy|is it already over?
|c|☆Justin UA|hell no
|
|t:|1618201532
|move|p2a: Tapu Fini|Taunt|p1a: Blissey
|-start|p1a: Blissey|move: Taunt
|cant|p1a: Blissey|move: Taunt|Soft-Boiled
|
|-heal|p2a: Tapu Fini|35/100|[from] item: Leftovers
|upkeep
|turn|20
|c| Meditate Golisopod|definitely not
|
|t:|1618201537
|move|p2a: Tapu Fini|Draining Kiss|p1a: Blissey
|-damage|p1a: Blissey|36/100
|-heal|p2a: Tapu Fini|53/100|[from] drain|[of] p1a: Blissey
|move|p1a: Blissey|Seismic Toss|p2a: Tapu Fini
|-damage|p2a: Tapu Fini|24/100
|
|-heal|p2a: Tapu Fini|30/100|[from] item: Leftovers
|upkeep
|turn|21
|
|t:|1618201546
|move|p2a: Tapu Fini|Draining Kiss|p1a: Blissey
|-damage|p1a: Blissey|24/100
|-heal|p2a: Tapu Fini|48/100|[from] drain|[of] p1a: Blissey
|move|p1a: Blissey|Seismic Toss|p2a: Tapu Fini
|-damage|p2a: Tapu Fini|19/100
|
|-heal|p2a: Tapu Fini|25/100|[from] item: Leftovers
|-end|p1a: Blissey|move: Taunt
|upkeep
|turn|22
|
|t:|1618201554
|switch|p1a: Tapu Lele|Tapu Lele|88/100
|-damage|p1a: Tapu Lele|76/100|[from] Stealth Rock
|-fieldstart|move: Psychic Terrain|[from] ability: Psychic Surge|[of] p1a: Tapu Lele
|move|p2a: Tapu Fini|Draining Kiss|p1a: Tapu Lele
|-damage|p1a: Tapu Lele|40/100
|-heal|p2a: Tapu Fini|47/100|[from] drain|[of] p1a: Tapu Lele
|
|-heal|p2a: Tapu Fini|53/100|[from] item: Leftovers
|upkeep
|turn|23
|c| Meditate Golisopod|that was prime corv swap time
|inactive|BurningLion has 120 seconds left.
|c|☆Justin UA|it was also prime taunt
|
|t:|1618201610
|switch|p1a: Corviknight|Corviknight, M|1/100
|-damage|p1a: Corviknight|0 fnt|[from] Stealth Rock
|faint|p1a: Corviknight
|switch|p2a: Zamazenta|Zamazenta-Crowned|72/100
|-damage|p2a: Zamazenta|68/100|[from] Stealth Rock
|-ability|p2a: Zamazenta|Dauntless Shield|boost
|-boost|p2a: Zamazenta|def|1
|
|upkeep
|
|t:|1618201616
|switch|p1a: Garchomp|Garchomp, M|43/100
|-damage|p1a: Garchomp|37/100|[from] Stealth Rock
|turn|24
|c| Inspector Boy|Bruuuuuuuuuuuuh
|c| Meditate Golisopod|my soul
|
|t:|1618201624
|move|p2a: Zamazenta|Howl|p2a: Zamazenta
|-boost|p2a: Zamazenta|atk|1
|move|p1a: Garchomp|Rest|p1a: Garchomp
|-status|p1a: Garchomp|slp|[from] move: Rest
|-heal|p1a: Garchomp|100/100 slp|[silent]
|
|upkeep
|turn|25
|
|t:|1618201628
|move|p2a: Zamazenta|Close Combat|p1a: Garchomp
|-damage|p1a: Garchomp|38/100 slp
|-unboost|p2a: Zamazenta|def|1
|-unboost|p2a: Zamazenta|spd|1
|-damage|p2a: Zamazenta|56/100|[from] ability: Rough Skin|[of] p1a: Garchomp
|-damage|p2a: Zamazenta|40/100|[from] item: Rocky Helmet|[of] p1a: Garchomp
|cant|p1a: Garchomp|slp
|
|upkeep
|turn|26
|c| Inspector Boy|i cant believe that just happened
|
|t:|1618201631
|move|p2a: Zamazenta|Close Combat|p1a: Garchomp
|-damage|p1a: Garchomp|0 fnt
|-unboost|p2a: Zamazenta|def|1
|-unboost|p2a: Zamazenta|spd|1
|-damage|p2a: Zamazenta|27/100|[from] ability: Rough Skin|[of] p1a: Garchomp
|-damage|p2a: Zamazenta|11/100|[from] item: Rocky Helmet|[of] p1a: Garchomp
|faint|p1a: Garchomp
|
|-fieldend|move: Psychic Terrain
|upkeep
|
|t:|1618201640
|switch|p1a: Dragapult|Dragapult, M, shiny|100/100
|-damage|p1a: Dragapult|88/100|[from] Stealth Rock
|turn|27
|
|t:|1618201645
|switch|p2a: Blissey|Blissey, F|100/100
|move|p1a: Dragapult|Flamethrower|p2a: Blissey
|-damage|p2a: Blissey|86/100
|
|upkeep
|turn|28
|
|t:|1618201658
|switch|p1a: Heatran|Heatran, M|100/100
|-damage|p1a: Heatran|88/100|[from] Stealth Rock
|move|p2a: Blissey|Thunder Wave|p1a: Heatran
|-status|p1a: Heatran|par
|
|-heal|p1a: Heatran|94/100 par|[from] item: Leftovers
|upkeep
|turn|29
|c| Inspector Boy|i just realized, once zenta dies
|c| Inspector Boy|blissey got that ass
|
|t:|1618201680
|switch|p2a: Tapu Fini|Tapu Fini|53/100
|-damage|p2a: Tapu Fini|41/100|[from] Stealth Rock
|-fieldstart|move: Misty Terrain|[from] ability: Misty Surge|[of] p2a: Tapu Fini
|cant|p1a: Heatran|par
|
|-heal|p2a: Tapu Fini|47/100|[from] item: Leftovers
|-heal|p1a: Heatran|100/100 par|[from] item: Leftovers
|upkeep
|turn|30
|
|t:|1618201698
|switch|p1a: Tapu Lele|Tapu Lele|40/100
|-damage|p1a: Tapu Lele|28/100|[from] Stealth Rock
|-fieldstart|move: Psychic Terrain|[from] ability: Psychic Surge|[of] p1a: Tapu Lele
|move|p2a: Tapu Fini|Calm Mind|p2a: Tapu Fini
|-boost|p2a: Tapu Fini|spa|1
|-boost|p2a: Tapu Fini|spd|1
|
|-heal|p2a: Tapu Fini|53/100|[from] item: Leftovers
|upkeep
|turn|31
|inactive|Justin UA has 120 seconds left.
|inactive|Justin UA has 90 seconds left.
|
|t:|1618201770
|move|p1a: Tapu Lele|Thunderbolt|p2a: Tapu Fini
|-supereffective|p2a: Tapu Fini
|-damage|p2a: Tapu Fini|7/100
|move|p2a: Tapu Fini|Draining Kiss|p1a: Tapu Lele
|-damage|p1a: Tapu Lele|2/100
|-heal|p2a: Tapu Fini|22/100|[from] drain|[of] p1a: Tapu Lele
|
|-heal|p2a: Tapu Fini|28/100|[from] item: Leftovers
|upkeep
|turn|32
|c| Meditate Golisopod|rip
|inactive|BurningLion has 120 seconds left.
|c| Inspector Boy|was that min damage
|c| Inspector Boy|feels like it lmao
|c|☆Justin UA|close to min
|
|t:|1618201809
|switch|p2a: Kyurem|Kyurem|100/100
|-damage|p2a: Kyurem|76/100|[from] Stealth Rock
|-ability|p2a: Kyurem|Pressure
|move|p1a: Tapu Lele|Thunderbolt|p2a: Kyurem
|-resisted|p2a: Kyurem
|-damage|p2a: Kyurem|52/100
|
|upkeep
|turn|33
|c| Meditate Golisopod|was wondering what the calc on that was
|
|t:|1618201817
|move|p2a: Kyurem|Ice Beam|p1a: Tapu Lele
|-damage|p1a: Tapu Lele|0 fnt
|faint|p1a: Tapu Lele
|
|upkeep
|inactive|Justin UA has 90 seconds left.
|
|t:|1618201845
|switch|p1a: Heatran|Heatran, M|100/100 par
|-damage|p1a: Heatran|88/100 par|[from] Stealth Rock
|turn|34
|
|t:|1618201851
|switch|p2a: Tapu Fini|Tapu Fini|28/100
|-damage|p2a: Tapu Fini|16/100|[from] Stealth Rock
|-fieldstart|move: Misty Terrain|[from] ability: Misty Surge|[of] p2a: Tapu Fini
|switch|p1a: Blissey|Blissey, F|24/100
|
|-heal|p2a: Tapu Fini|22/100|[from] item: Leftovers
|upkeep
|turn|35
|
|t:|1618201865
|move|p2a: Tapu Fini|Draining Kiss|p1a: Blissey
|-damage|p1a: Blissey|18/100
|-heal|p2a: Tapu Fini|32/100|[from] drain|[of] p1a: Blissey
|move|p1a: Blissey|Seismic Toss|p2a: Tapu Fini
|-damage|p2a: Tapu Fini|3/100
|
|-heal|p2a: Tapu Fini|9/100|[from] item: Leftovers
|upkeep
|turn|36
|
|t:|1618201870
|move|p2a: Tapu Fini|Draining Kiss|p1a: Blissey
|-damage|p1a: Blissey|11/100
|-heal|p2a: Tapu Fini|19/100|[from] drain|[of] p1a: Blissey
|move|p1a: Blissey|Soft-Boiled|p1a: Blissey
|-heal|p1a: Blissey|61/100
|
|-heal|p2a: Tapu Fini|25/100|[from] item: Leftovers
|upkeep
|turn|37
|c|☆Justin UA|bruh
|
|t:|1618201880
|move|p2a: Tapu Fini|Taunt|p1a: Blissey
|-start|p1a: Blissey|move: Taunt
|cant|p1a: Blissey|move: Taunt|Soft-Boiled
|
|-heal|p2a: Tapu Fini|32/100|[from] item: Leftovers
|upkeep
|turn|38
|
|t:|1618201883
|move|p2a: Tapu Fini|Calm Mind|p2a: Tapu Fini
|-boost|p2a: Tapu Fini|spa|1
|-boost|p2a: Tapu Fini|spd|1
|move|p1a: Blissey|Seismic Toss|p2a: Tapu Fini
|-damage|p2a: Tapu Fini|3/100
|
|-heal|p2a: Tapu Fini|9/100|[from] item: Leftovers
|-fieldend|Misty Terrain
|upkeep
|turn|39
|
|t:|1618201886
|move|p2a: Tapu Fini|Draining Kiss|p1a: Blissey
|-damage|p1a: Blissey|52/100
|-heal|p2a: Tapu Fini|23/100|[from] drain|[of] p1a: Blissey
|move|p1a: Blissey|Seismic Toss|p2a: Tapu Fini
|-damage|p2a: Tapu Fini|0 fnt
|faint|p2a: Tapu Fini
|
|-end|p1a: Blissey|move: Taunt
|upkeep
|c| Meditate Golisopod|so strange
|
|t:|1618201900
|switch|p2a: Zamazenta|Zamazenta-Crowned|11/100
|-damage|p2a: Zamazenta|8/100|[from] Stealth Rock
|-ability|p2a: Zamazenta|Dauntless Shield|boost
|-boost|p2a: Zamazenta|def|1
|turn|40
|c| Inspector Boy|is he bashing or cc'ing
|inactive|Justin UA has 120 seconds left.
|
|t:|1618201919
|switch|p1a: Heatran|Heatran, M|88/100 par
|-damage|p1a: Heatran|76/100 par|[from] Stealth Rock
|move|p2a: Zamazenta|Behemoth Bash|p1a: Heatran
|-resisted|p1a: Heatran
|-damage|p1a: Heatran|65/100 par
|
|-heal|p1a: Heatran|71/100 par|[from] item: Leftovers
|upkeep
|turn|41
|l| podtastic1
|
|t:|1618201928
|switch|p1a: Dragapult|Dragapult, M, shiny|88/100
|-damage|p1a: Dragapult|76/100|[from] Stealth Rock
|move|p2a: Zamazenta|Behemoth Bash|p1a: Dragapult
|-damage|p1a: Dragapult|9/100
|
|upkeep
|turn|42
|
|t:|1618201931
|switch|p2a: Blissey|Blissey, F|86/100
|move|p1a: Dragapult|Flamethrower|p2a: Blissey
|-damage|p2a: Blissey|70/100
|
|upkeep
|turn|43
|c| Inspector Boy|oh my gooooooooood
|
|t:|1618201937
|switch|p1a: Heatran|Heatran, M|71/100 par
|-damage|p1a: Heatran|59/100 par|[from] Stealth Rock
|switch|p2a: Zapdos|Zapdos|94/100 tox
|
|-heal|p1a: Heatran|65/100 par|[from] item: Leftovers
|-damage|p2a: Zapdos|88/100 tox|[from] psn
|upkeep
|turn|44
|
|t:|1618201940
|move|p2a: Zapdos|Defog|p1a: Heatran
|-unboost|p1a: Heatran|evasion|1
|-sideend|p1: Justin UA|Stealth Rock|[from] move: Defog|[of] p2a: Zapdos
|-sideend|p2: BurningLion|Stealth Rock|[from] move: Defog|[of] p2a: Zapdos
|move|p1a: Heatran|Magma Storm|p2a: Zapdos
|-damage|p2a: Zapdos|38/100 tox
|-activate|p2a: Zapdos|move: Magma Storm|[of] p1a: Heatran
|
|-heal|p1a: Heatran|71/100 par|[from] item: Leftovers
|-damage|p2a: Zapdos|26/100 tox|[from] psn
|-damage|p2a: Zapdos|14/100 tox|[from] move: Magma Storm|[partiallytrapped]
|upkeep
|turn|45
|
|t:|1618201948
|move|p2a: Zapdos|Roost|p2a: Zapdos
|-heal|p2a: Zapdos|64/100 tox
|-singleturn|p2a: Zapdos|move: Roost
|move|p1a: Heatran|Earth Power|p2a: Zapdos
|-supereffective|p2a: Zapdos
|-crit|p2a: Zapdos
|-damage|p2a: Zapdos|0 fnt
|faint|p2a: Zapdos
|
|-heal|p1a: Heatran|78/100 par|[from] item: Leftovers
|upkeep
|
|t:|1618201961
|switch|p2a: Zamazenta|Zamazenta-Crowned|8/100
|-ability|p2a: Zamazenta|Dauntless Shield|boost
|-boost|p2a: Zamazenta|def|1
|turn|46
|
|t:|1618201970
|move|p2a: Zamazenta|Close Combat|p1a: Heatran
|-supereffective|p1a: Heatran
|-damage|p1a: Heatran|0 fnt
|-unboost|p2a: Zamazenta|def|1
|-unboost|p2a: Zamazenta|spd|1
|faint|p1a: Heatran
|
|upkeep
|
|t:|1618201974
|switch|p1a: Dragapult|Dragapult, M, shiny|9/100
|turn|47
|
|t:|1618201980
|switch|p2a: Blissey|Blissey, F|70/100
|move|p1a: Dragapult|U-turn|p2a: Blissey
|-damage|p2a: Blissey|55/100
|
|t:|1618201983
|switch|p1a: Blissey|Blissey, F|52/100|[from]move: U-turn
|
|upkeep
|turn|48
|
|t:|1618201987
|move|p2a: Blissey|Soft-Boiled|p2a: Blissey
|-heal|p2a: Blissey|100/100
|move|p1a: Blissey|Seismic Toss|p2a: Blissey
|-damage|p2a: Blissey|86/100
|
|upkeep
|turn|49
|
|t:|1618201992
|move|p2a: Blissey|Wish|p2a: Blissey
|move|p1a: Blissey|Toxic|p2a: Blissey
|-status|p2a: Blissey|tox
|
|-damage|p2a: Blissey|80/100 tox|[from] psn
|upkeep
|turn|50
|l| Inspector Boy
|
|t:|1618201996
|move|p2a: Blissey|Thunder Wave|p1a: Blissey
|-status|p1a: Blissey|par
|move|p1a: Blissey|Teleport|p1a: Blissey
|
|t:|1618201999
|switch|p1a: Dragapult|Dragapult, M, shiny|9/100|[from]move: Teleport
|
|-heal|p2a: Blissey|100/100 tox|[from] move: Wish|[wisher] Blissey
|-damage|p2a: Blissey|88/100 tox|[from] psn
|upkeep
|turn|51
|
|t:|1618202004
|move|p1a: Dragapult|U-turn|p2a: Blissey
|-damage|p2a: Blissey|74/100 tox
|
|t:|1618202007
|switch|p1a: Blissey|Blissey, F|52/100|[from]move: U-turn
|move|p2a: Blissey|Thunder Wave|p1a: Blissey|[miss]
|-miss|p2a: Blissey|p1a: Blissey
|
|-damage|p2a: Blissey|55/100 tox|[from] psn
|upkeep
|turn|52
|
|t:|1618202012
|switch|p2a: Kyurem|Kyurem|52/100
|-ability|p2a: Kyurem|Pressure
|move|p1a: Blissey|Seismic Toss|p2a: Kyurem
|-damage|p2a: Kyurem|26/100
|
|upkeep
|turn|53
|
|t:|1618202021
|move|p2a: Kyurem|Ice Beam|p1a: Blissey
|-damage|p1a: Blissey|29/100
|move|p1a: Blissey|Soft-Boiled|p1a: Blissey
|-heal|p1a: Blissey|79/100
|
|upkeep
|turn|54
|
|t:|1618202028
|move|p2a: Kyurem|Ice Beam|p1a: Blissey
|-damage|p1a: Blissey|50/100
|move|p1a: Blissey|Seismic Toss|p2a: Kyurem
|-damage|p2a: Kyurem|0 fnt
|faint|p2a: Kyurem
|
|upkeep
|
|t:|1618202032
|switch|p2a: Zamazenta|Zamazenta-Crowned|8/100
|-ability|p2a: Zamazenta|Dauntless Shield|boost
|-boost|p2a: Zamazenta|def|1
|turn|55
|j| Inspector Boy
|c|☆BurningLion|well shit
|c| Inspector Boy|50/50
|inactive|BurningLion has 120 seconds left.
|c| Inspector Boy|cc or bash
|c| Meditate Golisopod|I take it the calcs aren't in your favor
|inactive|Justin UA has 120 seconds left.
|inactive|BurningLion has 90 seconds left.
|c|☆BurningLion|bb is not guranteed
|c| Meditate Golisopod|flip a coin
|
|t:|1618202120
|move|p2a: Zamazenta|Close Combat|p1a: Blissey
|-supereffective|p1a: Blissey
|-damage|p1a: Blissey|0 fnt
|-unboost|p2a: Zamazenta|def|1
|-unboost|p2a: Zamazenta|spd|1
|faint|p1a: Blissey
|
|upkeep
|
|t:|1618202123
|switch|p1a: Dragapult|Dragapult, M, shiny|9/100
|turn|56
|c| Inspector Boy|oh my god
|c| Meditate Golisopod|gg
|c| Inspector Boy|he cc'd
|c| Inspector Boy|gg
|c|☆BurningLion|gg
|c|☆Justin UA|bruh
|
|t:|1618202131
|switch|p2a: Blissey|Blissey, F|55/100
|move|p1a: Dragapult|Draco Meteor|p2a: Blissey
|-damage|p2a: Blissey|25/100
|-unboost|p1a: Dragapult|spa|2
|
|upkeep
|turn|57
|
|t:|1618202136
|move|p1a: Dragapult|Draco Meteor|p2a: Blissey
|-damage|p2a: Blissey|9/100
|-unboost|p1a: Dragapult|spa|2
|move|p2a: Blissey|Soft-Boiled|p2a: Blissey
|-heal|p2a: Blissey|59/100
|
|upkeep
|turn|58
|-message|Justin UA forfeited.
|
|win|BurningLion
|raw|Justin UA's rating: 1577 &rarr; <strong>1557</strong><br />(-20 for losing)
|raw|BurningLion's rating: 1581 &rarr; <strong>1601</strong><br />(+20 for winning)
|l|☆Justin UA
|l| Meditate Golisopod
|l| MagicToyota
|l| Inspector Boy
