|j|☆beergoggles
|j|☆Pinks1ip
|t:|1667363104
|gametype|singles
|player|p1|beergoggles|pokekid|1407
|player|p2|Pinks1ip|skierf|1505
|teamsize|p1|6
|teamsize|p2|6
|gen|8
|tier|[Gen 8] OU
|rated|
|rule|Sleep Clause Mod: Limit one foe put to sleep
|rule|Species Clause: Limit one of each Pokémon
|rule|OHKO Clause: OHKO moves are banned
|rule|Evasion Items Clause: Evasion items are banned
|rule|Evasion Moves Clause: Evasion moves are banned
|rule|Endless Battle Clause: Forcing endless battles is banned
|rule|HP Percentage Mod: HP is shown in percentages
|rule|Dynamax Clause: You cannot dynamax
|clearpoke
|poke|p1|Hawlucha, M|
|poke|p1|Victini|
|poke|p1|Tapu Koko|
|poke|p1|Ninetales-Alola, M|
|poke|p1|Azelf|
|poke|p1|Weavile, M|
|poke|p2|Garchomp, M|
|poke|p2|Weavile, M|
|poke|p2|Blacephalon|
|poke|p2|Mew|
|poke|p2|Azumarill, M|
|poke|p2|Celesteela|
|teampreview
|inactive|Battle timer is ON: inactive players will automatically lose when time's up. (requested by beergoggles)
|
|t:|1667363117
|start
|switch|p1a: Azelf|Azelf|100/100
|switch|p2a: Celesteela|Celesteela|100/100
|turn|1
|
|t:|1667363125
|move|p1a: Azelf|Taunt|p2a: Celesteela
|-start|p2a: Celesteela|move: Taunt
|cant|p2a: Celesteela|move: Taunt|Autotomize
|
|upkeep
|turn|2
|
|t:|1667363131
|move|p1a: Azelf|Stealth Rock|p2a: Celesteela
|-sidestart|p2: Pinks1ip|move: Stealth Rock
|move|p2a: Celesteela|Air Slash|p1a: Azelf|[miss]
|-miss|p2a: Celesteela|p1a: Azelf
|
|upkeep
|turn|3
|
|t:|1667363137
|switch|p2a: Blacephalon|Blacephalon|100/100
|-damage|p2a: Blacephalon|76/100|[from] Stealth Rock
|move|p1a: Azelf|Knock Off|p2a: Blacephalon
|-supereffective|p2a: Blacephalon
|-damage|p2a: Blacephalon|0 fnt
|-enditem|p2a: Blacephalon|Choice Scarf|[from] move: Knock Off|[of] p1a: Azelf
|faint|p2a: Blacephalon
|
|upkeep
|
|t:|1667363154
|switch|p2a: Azumarill|Azumarill, M|100/100
|-damage|p2a: Azumarill|88/100|[from] Stealth Rock
|turn|4
|
|t:|1667363179
|move|p1a: Azelf|Explosion|p2a: Azumarill
|-damage|p2a: Azumarill|0 fnt
|faint|p1a: Azelf
|faint|p2a: Azumarill
|
|upkeep
|inactive|beergoggles has 120 seconds left.
|
|t:|1667363205
|switch|p1a: Weavile|Weavile, M|100/100
|switch|p2a: Mew|Mew|100/100
|-ability|p1a: Weavile|Pressure
|-damage|p2a: Mew|88/100|[from] Stealth Rock
|turn|5
|
|t:|1667363223
|move|p1a: Weavile|Knock Off|p2a: Mew
|-supereffective|p2a: Mew
|-damage|p2a: Mew|6/100
|-enditem|p2a: Mew|Focus Sash|[from] move: Knock Off|[of] p1a: Weavile
|move|p2a: Mew|Stealth Rock|p1a: Weavile
|-sidestart|p1: beergoggles|move: Stealth Rock
|
|upkeep
|turn|6
|inactive|beergoggles has 120 seconds left.
|inactive|beergoggles has 90 seconds left.
|
|t:|1667363275
|move|p1a: Weavile|Knock Off|p2a: Mew
|-supereffective|p2a: Mew
|-damage|p2a: Mew|0 fnt
|faint|p2a: Mew
|
|upkeep
|
|t:|1667363286
|switch|p2a: Weavile|Weavile, M|100/100
|-damage|p2a: Weavile|76/100|[from] Stealth Rock
|-ability|p2a: Weavile|Pressure
|turn|7
|
|t:|1667363291
|move|p1a: Weavile|Low Kick|p2a: Weavile
|-supereffective|p2a: Weavile
|-damage|p2a: Weavile|0 fnt
|faint|p2a: Weavile
|
|upkeep
|
|t:|1667363296
|switch|p2a: Celesteela|Celesteela|100/100
|-damage|p2a: Celesteela|88/100|[from] Stealth Rock
|turn|8
|
|t:|1667363303
|move|p1a: Weavile|Knock Off|p2a: Celesteela
|-damage|p2a: Celesteela|40/100
|-enditem|p2a: Celesteela|Power Herb|[from] move: Knock Off|[of] p1a: Weavile
|move|p2a: Celesteela|Autotomize|p2a: Celesteela
|-boost|p2a: Celesteela|spe|2
|-start|p2a: Celesteela|Autotomize
|
|upkeep
|turn|9
|
|t:|1667363316
|move|p1a: Weavile|Ice Shard|p2a: Celesteela
|-damage|p2a: Celesteela|18/100
|move|p2a: Celesteela|Flamethrower|p1a: Weavile
|-supereffective|p1a: Weavile
|-damage|p1a: Weavile|21/100
|
|upkeep
|turn|10
|
|t:|1667363322
|move|p1a: Weavile|Ice Shard|p2a: Celesteela
|-damage|p2a: Celesteela|0 fnt
|faint|p2a: Celesteela
|
|upkeep
|-message|Pinks1ip forfeited.
|
|win|beergoggles
|raw|beergoggles's rating: 1407 &rarr; <strong>1431</strong><br />(+24 for winning)
|raw|Pinks1ip's rating: 1485 &rarr; <strong>1461</strong><br />(-24 for losing)
|l|☆Pinks1ip
