|html|<div class="broadcast-blue"><strong>[Gen 8] OU is currently suspecting Melmetal! For information on how to participate check out the <a href="https://www.smogon.com/forums/threads/np-ss-ou-suspect-process-round-12-monster-mash.3709234/">suspect thread</a>.</strong></div>
|j|☆ChandosH
|j|☆2(H2O)
|t:|1666814011
|gametype|singles
|player|p1|ChandosH|n-masters|1731
|player|p2|2(H2O)|chase|1781
|teamsize|p1|6
|teamsize|p2|6
|gen|8
|tier|[Gen 8] OU
|rated|
|rule|Sleep Clause Mod: Limit one foe put to sleep
|rule|Species Clause: Limit one of each Pokémon
|rule|OHKO Clause: OHKO moves are banned
|rule|Evasion Items Clause: Evasion items are banned
|rule|Evasion Moves Clause: Evasion moves are banned
|rule|Endless Battle Clause: Forcing endless battles is banned
|rule|HP Percentage Mod: HP is shown in percentages
|rule|Dynamax Clause: You cannot dynamax
|clearpoke
|poke|p1|Toxapex, F|
|poke|p1|Skarmory, F|
|poke|p1|Clefable, M|
|poke|p1|Tapu Koko|
|poke|p1|Hippowdon, M|
|poke|p1|Reuniclus, M|
|poke|p2|Tapu Koko|
|poke|p2|Decidueye, M|
|poke|p2|Slowbro, M|
|poke|p2|Landorus-Therian, M|
|poke|p2|Tyranitar, M|
|poke|p2|Corviknight, M|
|teampreview
|inactive|Battle timer is ON: inactive players will automatically lose when time's up. (requested by 2(H2O))
|inactive|ChandosH has 120 seconds left.
|inactive|2(H2O) has 120 seconds left.
|c|☆ChandosH|o cool name
|inactive|ChandosH has 90 seconds left.
|inactive|2(H2O) has 90 seconds left.
|
|t:|1666814090
|start
|switch|p1a: Skarmory|Skarmory, F|100/100
|switch|p2a: Landorus|Landorus-Therian, M|100/100
|-ability|p2a: Landorus|Intimidate|boost
|-unboost|p1a: Skarmory|atk|1
|turn|1
|c|☆2(H2O)|thanks
|j| TheMightyDRE
|
|t:|1666814100
|switch|p2a: Corviknight|Corviknight, M|100/100
|-ability|p2a: Corviknight|Pressure
|move|p1a: Skarmory|Spikes|p2a: Corviknight
|-sidestart|p2: 2(H2O)|Spikes
|
|upkeep
|turn|2
|l| TheMightyDRE
|
|t:|1666814107
|move|p1a: Skarmory|Spikes|p2a: Corviknight
|-sidestart|p2: 2(H2O)|Spikes
|move|p2a: Corviknight|Defog|p1a: Skarmory
|-unboost|p1a: Skarmory|evasion|1
|-sideend|p2: 2(H2O)|Spikes|[from] move: Defog|[of] p2a: Corviknight
|
|upkeep
|turn|3
|
|t:|1666814113
|move|p1a: Skarmory|Spikes|p2a: Corviknight
|-sidestart|p2: 2(H2O)|Spikes
|move|p2a: Corviknight|Defog|p1a: Skarmory
|-unboost|p1a: Skarmory|evasion|1
|-sideend|p2: 2(H2O)|Spikes|[from] move: Defog|[of] p2a: Corviknight
|
|upkeep
|turn|4
|
|t:|1666814125
|move|p1a: Skarmory|Spikes|p2a: Corviknight
|-sidestart|p2: 2(H2O)|Spikes
|move|p2a: Corviknight|U-turn|p1a: Skarmory
|-resisted|p1a: Skarmory
|-damage|p1a: Skarmory|98/100
|-damage|p2a: Corviknight|84/100|[from] item: Rocky Helmet|[of] p1a: Skarmory
|
|t:|1666814130
|switch|p2a: Slowbro|Slowbro, M|100/100|[from]move: U-turn
|
|upkeep
|turn|5
|j| outdhnnh
|j| LT_Alt1
|inactive|ChandosH has 120 seconds left.
|
|t:|1666814167
|switch|p1a: Reuniclus|Reuniclus, M|100/100
|move|p2a: Slowbro|Teleport|p2a: Slowbro
|
|t:|1666814173
|switch|p2a: Corviknight|Corviknight, M|84/100|[from]move: Teleport
|-ability|p2a: Corviknight|Pressure
|
|upkeep
|turn|6
|j| lowelofunn
|
|t:|1666814178
|move|p2a: Corviknight|Defog|p1a: Reuniclus
|-unboost|p1a: Reuniclus|evasion|1
|-sideend|p2: 2(H2O)|Spikes|[from] move: Defog|[of] p2a: Corviknight
|move|p1a: Reuniclus|Calm Mind|p1a: Reuniclus
|-boost|p1a: Reuniclus|spa|1
|-boost|p1a: Reuniclus|spd|1
|
|upkeep
|turn|7
|j| hoodieboiactive
|
|t:|1666814185
|move|p2a: Corviknight|Roost|p2a: Corviknight
|-heal|p2a: Corviknight|100/100
|-singleturn|p2a: Corviknight|move: Roost
|move|p1a: Reuniclus|Psyshock|p2a: Corviknight
|-resisted|p2a: Corviknight
|-damage|p2a: Corviknight|84/100
|
|upkeep
|turn|8
|
|t:|1666814190
|move|p2a: Corviknight|U-turn|p1a: Reuniclus
|-supereffective|p1a: Reuniclus
|-damage|p1a: Reuniclus|78/100
|
|t:|1666814193
|switch|p2a: Tyranitar|Tyranitar, M|100/100|[from]move: U-turn
|-weather|Sandstorm|[from] ability: Sand Stream|[of] p2a: Tyranitar
|move|p1a: Reuniclus|Calm Mind|p1a: Reuniclus
|-boost|p1a: Reuniclus|spa|1
|-boost|p1a: Reuniclus|spd|1
|
|-weather|Sandstorm|[upkeep]
|-heal|p1a: Reuniclus|84/100|[from] item: Leftovers
|upkeep
|turn|9
|j| DaveTheNakedGuy
|
|t:|1666814200
|switch|p1a: Skarmory|Skarmory, F|98/100
|move|p2a: Tyranitar|Crunch|p1a: Skarmory
|-damage|p1a: Skarmory|55/100
|-unboost|p1a: Skarmory|def|1
|-damage|p2a: Tyranitar|84/100|[from] item: Rocky Helmet|[of] p1a: Skarmory
|
|-weather|Sandstorm|[upkeep]
|upkeep
|turn|10
|
|t:|1666814222
|switch|p1a: Clefable|Clefable, M|100/100
|move|p2a: Tyranitar|Crunch|p1a: Clefable
|-resisted|p1a: Clefable
|-damage|p1a: Clefable|73/100
|
|-weather|Sandstorm|[upkeep]
|-heal|p1a: Clefable|79/100|[from] item: Leftovers
|upkeep
|turn|11
|l| DaveTheNakedGuy
|
|t:|1666814232
|switch|p2a: Slowbro|Slowbro, M|100/100
|move|p1a: Clefable|Moonblast|p2a: Slowbro
|-damage|p2a: Slowbro|67/100
|-unboost|p2a: Slowbro|spa|1
|
|-weather|Sandstorm|[upkeep]
|-damage|p2a: Slowbro|61/100|[from] Sandstorm
|-heal|p1a: Clefable|85/100|[from] item: Leftovers
|upkeep
|turn|12
|j| Venositile
|
|t:|1666814252
|move|p1a: Clefable|Calm Mind|p1a: Clefable
|-boost|p1a: Clefable|spa|1
|-boost|p1a: Clefable|spd|1
|move|p2a: Slowbro|Teleport|p2a: Slowbro
|
|t:|1666814256
|switch|p2a: Decidueye|Decidueye, M|100/100|[from]move: Teleport
|
|-weather|none
|-heal|p1a: Clefable|91/100|[from] item: Leftovers
|upkeep
|turn|13
|l| lowelofunn
|inactive|ChandosH has 120 seconds left.
|
|t:|1666814280
|switch|p1a: Toxapex|Toxapex, F|100/100
|move|p2a: Decidueye|Poltergeist|p1a: Toxapex
|-activate|p1a: Toxapex|move: Poltergeist|Rocky Helmet
|-damage|p1a: Toxapex|49/100
|
|upkeep
|turn|14
|c|☆ChandosH|ummm
|inactive|ChandosH has 120 seconds left.
|c|☆2(H2O)|shit hits hard
|inactive|ChandosH has 90 seconds left.
|c|☆ChandosH|especially when someone doesnt have a ghost resistant lol
|c|☆2(H2O)|yep
|j| sack2005
|inactive|ChandosH has 60 seconds left.
|
|t:|1666814358
|move|p2a: Decidueye|Poltergeist|p1a: Toxapex
|-activate|p1a: Toxapex|move: Poltergeist|Rocky Helmet
|-damage|p1a: Toxapex|3/100
|move|p1a: Toxapex|Knock Off|p2a: Decidueye
|-supereffective|p2a: Decidueye
|-damage|p2a: Decidueye|58/100
|-enditem|p2a: Decidueye|Choice Band|[from] move: Knock Off|[of] p1a: Toxapex
|
|upkeep
|turn|15
|inactive|ChandosH has 60 seconds left.
|c|☆ChandosH|o
|c|☆ChandosH|sorry
|c|☆ChandosH|you should of killed
|c|☆2(H2O)|its okay
|inactive|ChandosH has 30 seconds left.
|inactive|ChandosH has 20 seconds left.
|inactive|ChandosH has 15 seconds left.
|
|t:|1666814410
|switch|p1a: Skarmory|Skarmory, F|55/100
|move|p2a: Decidueye|Poltergeist|p1a: Skarmory
|-activate|p1a: Skarmory|move: Poltergeist|Rocky Helmet
|-damage|p1a: Skarmory|25/100
|
|upkeep
|turn|16
|inactive|ChandosH has 25 seconds left this turn.
|inactive|ChandosH has 20 seconds left.
|inactive|ChandosH has 15 seconds left.
|inactive|ChandosH has 10 seconds left.
|inactive|ChandosH has 5 seconds left.
|
|t:|1666814431
|switch|p1a: Hippowdon|Hippowdon, M|100/100
|-weather|Sandstorm|[from] ability: Sand Stream|[of] p1a: Hippowdon
|move|p2a: Decidueye|Poltergeist|p1a: Hippowdon
|-activate|p1a: Hippowdon|move: Poltergeist|Leftovers
|-damage|p1a: Hippowdon|65/100
|
|-weather|Sandstorm|[upkeep]
|-damage|p2a: Decidueye|52/100|[from] Sandstorm
|-heal|p1a: Hippowdon|71/100|[from] item: Leftovers
|upkeep
|turn|17
|inactive|ChandosH has 15 seconds left this turn.
|inactive|ChandosH has 10 seconds left.
|
|t:|1666814439
|switch|p1a: Skarmory|Skarmory, F|25/100
|move|p2a: Decidueye|Leaf Blade|p1a: Skarmory
|-resisted|p1a: Skarmory
|-damage|p1a: Skarmory|19/100
|
|-weather|Sandstorm|[upkeep]
|-damage|p2a: Decidueye|46/100|[from] Sandstorm
|upkeep
|turn|18
|inactive|ChandosH has 20 seconds left this turn.
|inactive|ChandosH has 15 seconds left.
|
|t:|1666814446
|move|p2a: Decidueye|Poltergeist|p1a: Skarmory
|-activate|p1a: Skarmory|move: Poltergeist|Rocky Helmet
|-damage|p1a: Skarmory|0 fnt
|faint|p1a: Skarmory
|
|-weather|Sandstorm|[upkeep]
|-damage|p2a: Decidueye|40/100|[from] Sandstorm
|upkeep
|inactive|ChandosH has 20 seconds left this turn.
|
|t:|1666814450
|switch|p1a: Tapu Koko|Tapu Koko|100/100
|-fieldstart|move: Electric Terrain|[from] ability: Electric Surge|[of] p1a: Tapu Koko
|turn|19
|inactive|ChandosH has 30 seconds left this turn.
|l| LT_Alt1
|inactive|ChandosH has 20 seconds left.
|
|t:|1666814461
|switch|p2a: Landorus|Landorus-Therian, M|100/100
|-ability|p2a: Landorus|Intimidate|boost
|-unboost|p1a: Tapu Koko|atk|1
|move|p1a: Tapu Koko|Volt Switch|p2a: Landorus
|-immune|p2a: Landorus
|
|-weather|Sandstorm|[upkeep]
|-damage|p1a: Tapu Koko|94/100|[from] Sandstorm
|upkeep
|turn|20
|inactive|ChandosH has 30 seconds left this turn.
|
|t:|1666814468
|switch|p1a: Hippowdon|Hippowdon, M|71/100
|move|p2a: Landorus|Stealth Rock|p1a: Hippowdon
|-sidestart|p1: ChandosH|move: Stealth Rock
|
|-weather|none
|-heal|p1a: Hippowdon|77/100|[from] item: Leftovers
|upkeep
|turn|21
|
|t:|1666814472
|move|p2a: Landorus|Toxic|p1a: Hippowdon
|-status|p1a: Hippowdon|tox
|move|p1a: Hippowdon|Stealth Rock|p2a: Landorus
|-sidestart|p2: 2(H2O)|move: Stealth Rock
|
|-heal|p1a: Hippowdon|83/100 tox|[from] item: Leftovers
|-damage|p1a: Hippowdon|77/100 tox|[from] psn
|upkeep
|turn|22
|
|t:|1666814477
|move|p2a: Landorus|U-turn|p1a: Hippowdon
|-damage|p1a: Hippowdon|63/100 tox
|
|t:|1666814485
|switch|p2a: Corviknight|Corviknight, M|84/100|[from]move: U-turn
|-ability|p2a: Corviknight|Pressure
|move|p1a: Hippowdon|Toxic|p2a: Corviknight
|-immune|p2a: Corviknight
|
|-heal|p1a: Hippowdon|69/100 tox|[from] item: Leftovers
|-damage|p1a: Hippowdon|57/100 tox|[from] psn
|upkeep
|turn|23
|
|t:|1666814490
|move|p2a: Corviknight|U-turn|p1a: Hippowdon
|-damage|p1a: Hippowdon|46/100 tox
|
|t:|1666814493
|switch|p2a: Slowbro|Slowbro, M|94/100|[from]move: U-turn
|move|p1a: Hippowdon|Slack Off|p1a: Hippowdon
|-heal|p1a: Hippowdon|96/100 tox
|
|-heal|p1a: Hippowdon|100/100 tox|[from] item: Leftovers
|-damage|p1a: Hippowdon|82/100 tox|[from] psn
|-fieldend|move: Electric Terrain
|upkeep
|turn|24
|j| Omari P alt
|inactive|ChandosH has 60 seconds left.
|
|t:|1666814528
|switch|p1a: Reuniclus|Reuniclus, M|84/100
|move|p2a: Slowbro|Future Sight|p1a: Reuniclus
|-start|p2a: Slowbro|move: Future Sight
|
|-heal|p1a: Reuniclus|91/100|[from] item: Leftovers
|upkeep
|turn|25
|j| ClimbingMachine3.0
|j| Jongruenwald
|
|t:|1666814539
|move|p1a: Reuniclus|Thunder|p2a: Slowbro
|-supereffective|p2a: Slowbro
|-damage|p2a: Slowbro|32/100
|move|p2a: Slowbro|Teleport|p2a: Slowbro
|
|t:|1666814545
|switch|p2a: Decidueye|Decidueye, M|40/100|[from]move: Teleport
|-damage|p2a: Decidueye|28/100|[from] Stealth Rock
|
|-heal|p1a: Reuniclus|97/100|[from] item: Leftovers
|upkeep
|turn|26
|
|t:|1666814551
|switch|p1a: Toxapex|Toxapex, F|37/100
|-damage|p1a: Toxapex|24/100|[from] Stealth Rock
|move|p2a: Decidueye|Poltergeist|p1a: Toxapex
|-activate|p1a: Toxapex|move: Poltergeist|Rocky Helmet
|-damage|p1a: Toxapex|0 fnt
|faint|p1a: Toxapex
|
|-hint|Future Sight did not hit because the target is fainted.
|upkeep
|l| Venositile
|
|t:|1666814563
|switch|p1a: Tapu Koko|Tapu Koko|94/100
|-fieldstart|move: Electric Terrain|[from] ability: Electric Surge|[of] p1a: Tapu Koko
|turn|27
|
|t:|1666814570
|switch|p2a: Landorus|Landorus-Therian, M|100/100
|-damage|p2a: Landorus|88/100|[from] Stealth Rock
|-ability|p2a: Landorus|Intimidate|boost
|-unboost|p1a: Tapu Koko|atk|1
|move|p1a: Tapu Koko|Dazzling Gleam|p2a: Landorus
|-damage|p2a: Landorus|63/100
|
|-heal|p2a: Landorus|69/100|[from] item: Leftovers
|upkeep
|turn|28
|
|t:|1666814578
|switch|p1a: Clefable|Clefable, M|91/100
|move|p2a: Landorus|Earthquake|p1a: Clefable
|-damage|p1a: Clefable|55/100
|
|-heal|p2a: Landorus|75/100|[from] item: Leftovers
|-heal|p1a: Clefable|61/100|[from] item: Leftovers
|upkeep
|turn|29
|
|t:|1666814583
|move|p2a: Landorus|U-turn|p1a: Clefable
|-resisted|p1a: Clefable
|-damage|p1a: Clefable|52/100
|
|t:|1666814586
|switch|p2a: Tyranitar|Tyranitar, M|84/100|[from]move: U-turn
|-damage|p2a: Tyranitar|72/100|[from] Stealth Rock
|-weather|Sandstorm|[from] ability: Sand Stream|[of] p2a: Tyranitar
|move|p1a: Clefable|Soft-Boiled|p1a: Clefable
|-heal|p1a: Clefable|100/100
|
|-weather|Sandstorm|[upkeep]
|upkeep
|turn|30
|
|t:|1666814596
|switch|p1a: Hippowdon|Hippowdon, M|82/100 tox
|-damage|p1a: Hippowdon|76/100 tox|[from] Stealth Rock
|move|p2a: Tyranitar|Stone Edge|p1a: Hippowdon|[miss]
|-miss|p2a: Tyranitar|p1a: Hippowdon
|
|-weather|Sandstorm|[upkeep]
|-heal|p1a: Hippowdon|82/100 tox|[from] item: Leftovers
|-damage|p1a: Hippowdon|76/100 tox|[from] psn
|upkeep
|turn|31
|j| SnippyTheDingler
|
|t:|1666814608
|switch|p2a: Slowbro|Slowbro, M|65/100
|switch|p1a: Tapu Koko|Tapu Koko|94/100
|
|-weather|Sandstorm|[upkeep]
|-damage|p1a: Tapu Koko|88/100|[from] Sandstorm
|-damage|p2a: Slowbro|59/100|[from] Sandstorm
|-fieldend|move: Electric Terrain
|upkeep
|turn|32
|
|t:|1666814614
|move|p1a: Tapu Koko|Dazzling Gleam|p2a: Slowbro
|-crit|p2a: Slowbro
|-damage|p2a: Slowbro|11/100
|move|p2a: Slowbro|Teleport|p2a: Slowbro
|
|t:|1666814618
|switch|p2a: Landorus|Landorus-Therian, M|75/100|[from]move: Teleport
|-damage|p2a: Landorus|63/100|[from] Stealth Rock
|-ability|p2a: Landorus|Intimidate|boost
|-unboost|p1a: Tapu Koko|atk|1
|
|-weather|Sandstorm|[upkeep]
|-damage|p1a: Tapu Koko|82/100|[from] Sandstorm
|-heal|p2a: Landorus|69/100|[from] item: Leftovers
|upkeep
|turn|33
|j| LT_Alt1
|
|t:|1666814625
|switch|p1a: Clefable|Clefable, M|100/100
|move|p2a: Landorus|U-turn|p1a: Clefable
|-resisted|p1a: Clefable
|-damage|p1a: Clefable|92/100
|
|t:|1666814637
|switch|p2a: Tyranitar|Tyranitar, M|72/100|[from]move: U-turn
|-damage|p2a: Tyranitar|59/100|[from] Stealth Rock
|
|-weather|none
|-heal|p1a: Clefable|98/100|[from] item: Leftovers
|upkeep
|turn|34
|inactive|ChandosH has 90 seconds left.
|l| sack2005
|j| tapu moxo
|j| sack2005
|
|t:|1666814675
|move|p1a: Clefable|Moonblast|p2a: Tyranitar
|-supereffective|p2a: Tyranitar
|-damage|p2a: Tyranitar|3/100
|move|p2a: Tyranitar|Stone Edge|p1a: Clefable
|-damage|p1a: Clefable|24/100
|
|-heal|p1a: Clefable|30/100|[from] item: Leftovers
|upkeep
|turn|35
|
|t:|1666814683
|move|p1a: Clefable|Soft-Boiled|p1a: Clefable
|-heal|p1a: Clefable|80/100
|move|p2a: Tyranitar|Stone Edge|p1a: Clefable
|-damage|p1a: Clefable|10/100
|
|-heal|p1a: Clefable|16/100|[from] item: Leftovers
|upkeep
|turn|36
|
|t:|1666814687
|move|p1a: Clefable|Soft-Boiled|p1a: Clefable
|-heal|p1a: Clefable|66/100
|move|p2a: Tyranitar|Stone Edge|p1a: Clefable
|-damage|p1a: Clefable|2/100
|
|-heal|p1a: Clefable|8/100|[from] item: Leftovers
|upkeep
|turn|37
|
|t:|1666814692
|move|p1a: Clefable|Soft-Boiled|p1a: Clefable
|-heal|p1a: Clefable|58/100
|move|p2a: Tyranitar|Stone Edge|p1a: Clefable|[miss]
|-miss|p2a: Tyranitar|p1a: Clefable
|
|-heal|p1a: Clefable|64/100|[from] item: Leftovers
|upkeep
|turn|38
|
|t:|1666814700
|switch|p1a: Hippowdon|Hippowdon, M|76/100 tox
|-damage|p1a: Hippowdon|70/100 tox|[from] Stealth Rock
|-weather|Sandstorm|[from] ability: Sand Stream|[of] p1a: Hippowdon
|move|p2a: Tyranitar|Stone Edge|p1a: Hippowdon|[miss]
|-miss|p2a: Tyranitar|p1a: Hippowdon
|
|-weather|Sandstorm|[upkeep]
|-heal|p1a: Hippowdon|76/100 tox|[from] item: Leftovers
|-damage|p1a: Hippowdon|70/100 tox|[from] psn
|upkeep
|turn|39
|c| ClimbingMachine3.0|damn
|c| ClimbingMachine3.0|such a bold move
|inactive|ChandosH has 90 seconds left.
|c|☆ChandosH|i had to
|c| ClimbingMachine3.0|yes
|c| Omari P alt|the chadosh dude has no other choice
|
|t:|1666814728
|switch|p2a: Corviknight|Corviknight, M|84/100
|-ability|p2a: Corviknight|Pressure
|move|p1a: Hippowdon|Earthquake|p2a: Corviknight
|-immune|p2a: Corviknight
|
|-weather|Sandstorm|[upkeep]
|-heal|p1a: Hippowdon|76/100 tox|[from] item: Leftovers
|-damage|p1a: Hippowdon|63/100 tox|[from] psn
|upkeep
|turn|40
|c| Omari P alt|but to go for randoms
|
|t:|1666814736
|switch|p1a: Tapu Koko|Tapu Koko|82/100
|-fieldstart|move: Electric Terrain|[from] ability: Electric Surge|[of] p1a: Tapu Koko
|move|p2a: Corviknight|Defog|p1a: Tapu Koko
|-unboost|p1a: Tapu Koko|evasion|1
|-sideend|p1: ChandosH|Stealth Rock|[from] move: Defog|[of] p2a: Corviknight
|-sideend|p2: 2(H2O)|Stealth Rock|[from] move: Defog|[of] p2a: Corviknight
|-fieldend|move: Electric Terrain
|
|-weather|Sandstorm|[upkeep]
|-damage|p1a: Tapu Koko|76/100|[from] Sandstorm
|upkeep
|turn|41
|c| ClimbingMachine3.0|yes i know
|inactive|ChandosH has 90 seconds left.
|
|t:|1666814756
|switch|p1a: Clefable|Clefable, M|64/100
|move|p2a: Corviknight|U-turn|p1a: Clefable
|-resisted|p1a: Clefable
|-damage|p1a: Clefable|58/100
|
|t:|1666814761
|switch|p2a: Decidueye|Decidueye, M|28/100|[from]move: U-turn
|
|-weather|Sandstorm|[upkeep]
|-damage|p2a: Decidueye|22/100|[from] Sandstorm
|-heal|p1a: Clefable|64/100|[from] item: Leftovers
|upkeep
|turn|42
|inactive|ChandosH has 90 seconds left.
|
|t:|1666814768
|move|p2a: Decidueye|Poltergeist|p1a: Clefable
|-activate|p1a: Clefable|move: Poltergeist|Leftovers
|-damage|p1a: Clefable|17/100
|move|p1a: Clefable|Soft-Boiled|p1a: Clefable
|-heal|p1a: Clefable|67/100
|
|-weather|none
|-heal|p1a: Clefable|73/100|[from] item: Leftovers
|upkeep
|turn|43
|
|t:|1666814773
|move|p2a: Decidueye|Leaf Blade|p1a: Clefable
|-damage|p1a: Clefable|37/100
|move|p1a: Clefable|Soft-Boiled|p1a: Clefable
|-heal|p1a: Clefable|87/100
|
|-heal|p1a: Clefable|93/100|[from] item: Leftovers
|upkeep
|turn|44
|
|t:|1666814781
|move|p2a: Decidueye|Poltergeist|p1a: Clefable|[miss]
|-miss|p2a: Decidueye|p1a: Clefable
|move|p1a: Clefable|Calm Mind|p1a: Clefable
|-boost|p1a: Clefable|spa|1
|-boost|p1a: Clefable|spd|1
|
|-heal|p1a: Clefable|99/100|[from] item: Leftovers
|upkeep
|turn|45
|inactive|ChandosH has 90 seconds left.
|
|t:|1666814806
|move|p2a: Decidueye|Leaf Blade|p1a: Clefable
|-damage|p1a: Clefable|63/100
|move|p1a: Clefable|Calm Mind|p1a: Clefable
|-boost|p1a: Clefable|spa|1
|-boost|p1a: Clefable|spd|1
|
|-heal|p1a: Clefable|69/100|[from] item: Leftovers
|upkeep
|turn|46
|inactive|ChandosH has 90 seconds left.
|
|t:|1666814811
|move|p2a: Decidueye|Leaf Blade|p1a: Clefable
|-damage|p1a: Clefable|34/100
|move|p1a: Clefable|Soft-Boiled|p1a: Clefable
|-heal|p1a: Clefable|84/100
|
|-heal|p1a: Clefable|90/100|[from] item: Leftovers
|upkeep
|turn|47
|
|t:|1666814818
|move|p2a: Decidueye|Leaf Blade|p1a: Clefable
|-damage|p1a: Clefable|52/100
|move|p1a: Clefable|Soft-Boiled|p1a: Clefable
|-heal|p1a: Clefable|100/100
|
|upkeep
|turn|48
|
|t:|1666814823
|move|p2a: Decidueye|Leaf Blade|p1a: Clefable
|-damage|p1a: Clefable|63/100
|move|p1a: Clefable|Moonblast|p2a: Decidueye
|-damage|p2a: Decidueye|0 fnt
|faint|p2a: Decidueye
|
|-heal|p1a: Clefable|69/100|[from] item: Leftovers
|upkeep
|
|t:|1666814828
|switch|p2a: Landorus|Landorus-Therian, M|69/100
|-ability|p2a: Landorus|Intimidate|boost
|-unboost|p1a: Clefable|atk|1
|turn|49
|
|t:|1666814831
|move|p2a: Landorus|Earthquake|p1a: Clefable
|-damage|p1a: Clefable|29/100
|move|p1a: Clefable|Soft-Boiled|p1a: Clefable
|-heal|p1a: Clefable|79/100
|
|-heal|p2a: Landorus|75/100|[from] item: Leftovers
|-heal|p1a: Clefable|85/100|[from] item: Leftovers
|upkeep
|turn|50
|
|t:|1666814838
|move|p2a: Landorus|Earthquake|p1a: Clefable
|-damage|p1a: Clefable|47/100
|move|p1a: Clefable|Soft-Boiled|p1a: Clefable
|-heal|p1a: Clefable|97/100
|
|-heal|p2a: Landorus|81/100|[from] item: Leftovers
|-heal|p1a: Clefable|100/100|[from] item: Leftovers
|upkeep
|turn|51
|j| Finnyiii
|
|t:|1666814850
|move|p2a: Landorus|Earthquake|p1a: Clefable
|-damage|p1a: Clefable|60/100
|move|p1a: Clefable|Calm Mind|p1a: Clefable
|-boost|p1a: Clefable|spa|1
|-boost|p1a: Clefable|spd|1
|
|-heal|p2a: Landorus|87/100|[from] item: Leftovers
|-heal|p1a: Clefable|66/100|[from] item: Leftovers
|upkeep
|turn|52
|
|t:|1666814855
|move|p2a: Landorus|Earthquake|p1a: Clefable
|-damage|p1a: Clefable|27/100
|move|p1a: Clefable|Soft-Boiled|p1a: Clefable
|-heal|p1a: Clefable|77/100
|
|-heal|p2a: Landorus|93/100|[from] item: Leftovers
|-heal|p1a: Clefable|83/100|[from] item: Leftovers
|upkeep
|turn|53
|
|t:|1666814859
|move|p2a: Landorus|Earthquake|p1a: Clefable
|-damage|p1a: Clefable|46/100
|move|p1a: Clefable|Soft-Boiled|p1a: Clefable
|-heal|p1a: Clefable|96/100
|
|-heal|p2a: Landorus|99/100|[from] item: Leftovers
|-heal|p1a: Clefable|100/100|[from] item: Leftovers
|upkeep
|turn|54
|
|t:|1666814864
|move|p2a: Landorus|Earthquake|p1a: Clefable
|-damage|p1a: Clefable|60/100
|move|p1a: Clefable|Moonblast|p2a: Landorus
|-damage|p2a: Landorus|45/100
|
|-heal|p2a: Landorus|51/100|[from] item: Leftovers
|-heal|p1a: Clefable|66/100|[from] item: Leftovers
|upkeep
|turn|55
|
|t:|1666814872
|move|p2a: Landorus|U-turn|p1a: Clefable
|-resisted|p1a: Clefable
|-damage|p1a: Clefable|58/100
|
|t:|1666814875
|switch|p2a: Corviknight|Corviknight, M|84/100|[from]move: U-turn
|-ability|p2a: Corviknight|Pressure
|move|p1a: Clefable|Soft-Boiled|p1a: Clefable
|-heal|p1a: Clefable|100/100
|
|upkeep
|turn|56
|
|t:|1666814879
|move|p1a: Clefable|Calm Mind|p1a: Clefable
|-boost|p1a: Clefable|spa|1
|-boost|p1a: Clefable|spd|1
|move|p2a: Corviknight|Brave Bird|p1a: Clefable
|-damage|p1a: Clefable|71/100
|-damage|p2a: Corviknight|75/100|[from] Recoil
|
|-heal|p1a: Clefable|77/100|[from] item: Leftovers
|upkeep
|turn|57
|
|t:|1666814889
|move|p1a: Clefable|Flamethrower|p2a: Corviknight
|-supereffective|p2a: Corviknight
|-damage|p2a: Corviknight|0 fnt
|faint|p2a: Corviknight
|
|-heal|p1a: Clefable|83/100|[from] item: Leftovers
|upkeep
|
|t:|1666814893
|switch|p2a: Landorus|Landorus-Therian, M|51/100
|-ability|p2a: Landorus|Intimidate|boost
|-unboost|p1a: Clefable|atk|1
|turn|58
|
|t:|1666814901
|move|p2a: Landorus|Earthquake|p1a: Clefable
|-damage|p1a: Clefable|48/100
|move|p1a: Clefable|Soft-Boiled|p1a: Clefable
|-heal|p1a: Clefable|98/100
|
|-heal|p2a: Landorus|57/100|[from] item: Leftovers
|-heal|p1a: Clefable|100/100|[from] item: Leftovers
|upkeep
|turn|59
|
|t:|1666814908
|move|p2a: Landorus|U-turn|p1a: Clefable
|-resisted|p1a: Clefable
|-damage|p1a: Clefable|92/100
|
|t:|1666814910
|switch|p2a: Tyranitar|Tyranitar, M|3/100|[from]move: U-turn
|-weather|Sandstorm|[from] ability: Sand Stream|[of] p2a: Tyranitar
|move|p1a: Clefable|Moonblast|p2a: Tyranitar
|-supereffective|p2a: Tyranitar
|-damage|p2a: Tyranitar|0 fnt
|faint|p2a: Tyranitar
|
|-weather|Sandstorm|[upkeep]
|-heal|p1a: Clefable|98/100|[from] item: Leftovers
|upkeep
|
|t:|1666814912
|switch|p2a: Landorus|Landorus-Therian, M|57/100
|-ability|p2a: Landorus|Intimidate|boost
|-unboost|p1a: Clefable|atk|1
|turn|60
|
|t:|1666814919
|move|p2a: Landorus|Earthquake|p1a: Clefable
|-damage|p1a: Clefable|58/100
|move|p1a: Clefable|Moonblast|p2a: Landorus
|-damage|p2a: Landorus|0 fnt
|faint|p2a: Landorus
|
|-weather|Sandstorm|[upkeep]
|-heal|p1a: Clefable|64/100|[from] item: Leftovers
|upkeep
|j| BabyPigsAreLaughin
|
|t:|1666814924
|switch|p2a: Tapu Koko|Tapu Koko|100/100
|-fieldstart|move: Electric Terrain|[from] ability: Electric Surge|[of] p2a: Tapu Koko
|turn|61
|c|☆ChandosH|man
|
|t:|1666814934
|move|p2a: Tapu Koko|Thunderbolt|p1a: Clefable
|-damage|p1a: Clefable|49/100
|move|p1a: Clefable|Soft-Boiled|p1a: Clefable
|-heal|p1a: Clefable|99/100
|
|-weather|Sandstorm|[upkeep]
|-damage|p2a: Tapu Koko|94/100|[from] Sandstorm
|-heal|p1a: Clefable|100/100|[from] item: Leftovers
|upkeep
|turn|62
|
|t:|1666814940
|move|p2a: Tapu Koko|Thunderbolt|p1a: Clefable
|-damage|p1a: Clefable|86/100
|move|p1a: Clefable|Moonblast|p2a: Tapu Koko
|-damage|p2a: Tapu Koko|0 fnt
|faint|p2a: Tapu Koko
|
|-weather|Sandstorm|[upkeep]
|-heal|p1a: Clefable|92/100|[from] item: Leftovers
|upkeep
|
|t:|1666814947
|switch|p2a: Slowbro|Slowbro, M|44/100
|turn|63
|c|☆ChandosH|Gg
|c|☆2(H2O)|gg
|c|☆2(H2O)|wp
|
|t:|1666814953
|move|p1a: Clefable|Moonblast|p2a: Slowbro
|-damage|p2a: Slowbro|0 fnt
|faint|p2a: Slowbro
|
|win|ChandosH
|raw|ChandosH's rating: 1731 &rarr; <strong>1754</strong><br />(+23 for winning)
|raw|2(H2O)'s rating: 1781 &rarr; <strong>1758</strong><br />(-23 for losing)
|c|☆ChandosH|ty
|l|☆2(H2O)
|c|☆ChandosH|you too man
|c| ClimbingMachine3.0|was a very good gmae
|c|☆ChandosH|it was a very tough game
|c|☆ChandosH|he prob would of won
||Ladder isn't responding, score probably updated but might not have (Request timeout).
