|j|☆iopkj09
|j|☆Adel19
|t:|1664944928
|gametype|singles
|player|p1|iopkj09|nate|1792
|player|p2|Adel19|101|1927
|teamsize|p1|6
|teamsize|p2|6
|gen|8
|tier|[Gen 8] OU
|rated|
|rule|Sleep Clause Mod: Limit one foe put to sleep
|rule|Species Clause: Limit one of each Pokémon
|rule|OHKO Clause: OHKO moves are banned
|rule|Evasion Items Clause: Evasion items are banned
|rule|Evasion Moves Clause: Evasion moves are banned
|rule|Endless Battle Clause: Forcing endless battles is banned
|rule|HP Percentage Mod: HP is shown in percentages
|rule|Dynamax Clause: You cannot dynamax
|clearpoke
|poke|p1|Garchomp, M|
|poke|p1|Zapdos|
|poke|p1|Rillaboom, M|
|poke|p1|Tapu Lele|
|poke|p1|Volcanion|
|poke|p1|Weavile, F|
|poke|p2|Landorus-Therian, M|
|poke|p2|Tapu Fini|
|poke|p2|Zapdos|
|poke|p2|Blissey, F|
|poke|p2|Kartana|
|poke|p2|Hydreigon, F|
|teampreview
|inactive|Battle timer is ON: inactive players will automatically lose when time's up. (requested by iopkj09)
|
|t:|1664944940
|start
|switch|p1a: Weavile|Weavile, F|100/100
|switch|p2a: Hydreigon|Hydreigon, F|100/100
|-ability|p1a: Weavile|Pressure
|turn|1
|
|t:|1664944954
|switch|p2a: Tapu Fini|Tapu Fini|100/100
|-fieldstart|move: Misty Terrain|[from] ability: Misty Surge|[of] p2a: Tapu Fini
|move|p1a: Weavile|Swords Dance|p1a: Weavile
|-boost|p1a: Weavile|atk|2
|
|upkeep
|turn|2
|
|t:|1664944960
|move|p1a: Weavile|Swords Dance|p1a: Weavile
|-boost|p1a: Weavile|atk|2
|move|p2a: Tapu Fini|Moonblast|p1a: Weavile
|-supereffective|p1a: Weavile
|-damage|p1a: Weavile|3/100
|
|upkeep
|turn|3
|
|t:|1664944964
|move|p1a: Weavile|Knock Off|p2a: Tapu Fini
|-resisted|p2a: Tapu Fini
|-damage|p2a: Tapu Fini|47/100
|-enditem|p2a: Tapu Fini|Leftovers|[from] move: Knock Off|[of] p1a: Weavile
|move|p2a: Tapu Fini|Moonblast|p1a: Weavile
|-supereffective|p1a: Weavile
|-damage|p1a: Weavile|0 fnt
|faint|p1a: Weavile
|
|upkeep
|
|t:|1664944969
|switch|p1a: Tapu Lele|Tapu Lele|100/100
|-fieldstart|move: Psychic Terrain|[from] ability: Psychic Surge|[of] p1a: Tapu Lele
|turn|4
|j| Frostytheswoleman
|
|t:|1664944978
|switch|p2a: Blissey|Blissey, F|100/100
|move|p1a: Tapu Lele|Moonblast|p2a: Blissey
|-crit|p2a: Blissey
|-damage|p2a: Blissey|52/100
|
|upkeep
|turn|5
|
|t:|1664944987
|switch|p1a: Rillaboom|Rillaboom, M|100/100
|-fieldstart|move: Grassy Terrain|[from] ability: Grassy Surge|[of] p1a: Rillaboom
|move|p2a: Blissey|Soft-Boiled|p2a: Blissey
|-heal|p2a: Blissey|100/100
|
|upkeep
|turn|6
|
|t:|1664944990
|switch|p2a: Zapdos|Zapdos|100/100
|move|p1a: Rillaboom|Swords Dance|p1a: Rillaboom
|-boost|p1a: Rillaboom|atk|2
|
|upkeep
|turn|7
|
|t:|1664944994
|move|p1a: Rillaboom|Grassy Glide|p2a: Zapdos
|-resisted|p2a: Zapdos
|-damage|p2a: Zapdos|52/100
|-damage|p1a: Rillaboom|91/100|[from] item: Life Orb
|move|p2a: Zapdos|Hurricane|p1a: Rillaboom
|-supereffective|p1a: Rillaboom
|-damage|p1a: Rillaboom|0 fnt
|faint|p1a: Rillaboom
|
|upkeep
|
|t:|1664944998
|switch|p1a: Tapu Lele|Tapu Lele|100/100
|-fieldstart|move: Psychic Terrain|[from] ability: Psychic Surge|[of] p1a: Tapu Lele
|turn|8
|
|t:|1664945001
|switch|p2a: Blissey|Blissey, F|100/100
|move|p1a: Tapu Lele|Psyshock|p2a: Blissey
|-damage|p2a: Blissey|25/100
|
|upkeep
|turn|9
|
|t:|1664945009
|switch|p1a: Zapdos|Zapdos, shiny|100/100
|move|p2a: Blissey|Soft-Boiled|p2a: Blissey
|-heal|p2a: Blissey|75/100
|
|upkeep
|turn|10
|
|t:|1664945016
|move|p1a: Zapdos|Hurricane|p2a: Blissey
|-damage|p2a: Blissey|54/100
|move|p2a: Blissey|Toxic|p1a: Zapdos
|-status|p1a: Zapdos|tox
|
|-damage|p1a: Zapdos|94/100 tox|[from] psn
|upkeep
|turn|11
|
|t:|1664945019
|switch|p1a: Tapu Lele|Tapu Lele|100/100
|move|p2a: Blissey|Soft-Boiled|p2a: Blissey
|-heal|p2a: Blissey|100/100
|
|upkeep
|turn|12
|
|t:|1664945023
|move|p1a: Tapu Lele|Moonblast|p2a: Blissey
|-damage|p2a: Blissey|72/100
|-unboost|p2a: Blissey|spa|1
|move|p2a: Blissey|Soft-Boiled|p2a: Blissey
|-heal|p2a: Blissey|100/100
|
|-fieldend|move: Psychic Terrain
|upkeep
|turn|13
|
|t:|1664945028
|move|p1a: Tapu Lele|Moonblast|p2a: Blissey
|-damage|p2a: Blissey|68/100
|move|p2a: Blissey|Toxic|p1a: Tapu Lele
|-status|p1a: Tapu Lele|tox
|
|-damage|p1a: Tapu Lele|94/100 tox|[from] psn
|upkeep
|turn|14
|-message|iopkj09 forfeited.
|
|win|Adel19
|raw|iopkj09's rating: 1792 &rarr; <strong>1779</strong><br />(-13 for losing)
|raw|Adel19's rating: 1927 &rarr; <strong>1940</strong><br />(+13 for winning)
|l|☆iopkj09
