|j|☆Gotmyvanson
|j|☆alakazamguru
|t:|1643319356
|gametype|singles
|player|p1|Gotmyvanson|101|1553
|player|p2|alakazamguru|265|1623
|teamsize|p1|6
|teamsize|p2|6
|gen|8
|tier|[Gen 8] OU
|rated|
|rule|Sleep Clause Mod: Limit one foe put to sleep
|rule|Species Clause: Limit one of each Pokémon
|rule|OHKO Clause: OHKO moves are banned
|rule|Evasion Moves Clause: Evasion moves are banned
|rule|Endless Battle Clause: Forcing endless battles is banned
|rule|HP Percentage Mod: HP is shown in percentages
|rule|Dynamax Clause: You cannot dynamax
|clearpoke
|poke|p1|Clefable, M|
|poke|p1|Slowbro, M|
|poke|p1|Magnezone|
|poke|p1|Urshifu-*, M|
|poke|p1|Rillaboom, F|
|poke|p1|Dragonite, F|
|poke|p2|Pelipper, F|
|poke|p2|Barraskewda, M|
|poke|p2|Porygon-Z|
|poke|p2|Ferrothorn, M|
|poke|p2|Tapu Lele|
|poke|p2|Seismitoad, M|
|teampreview
|
|t:|1643319389
|start
|switch|p1a: Clefable|Clefable, M|100/100
|switch|p2a: Pelipper|Pelipper, F|100/100
|-weather|RainDance|[from] ability: Drizzle|[of] p2a: Pelipper
|turn|1
|
|t:|1643319393
|move|p2a: Pelipper|U-turn|p1a: Clefable
|-resisted|p1a: Clefable
|-crit|p1a: Clefable
|-damage|p1a: Clefable|94/100
|
|t:|1643319397
|switch|p2a: Barraskewda|Barraskewda, M|100/100|[from]move: U-turn
|move|p1a: Clefable|Stealth Rock|p2a: Barraskewda
|-sidestart|p2: alakazamguru|move: Stealth Rock
|
|-weather|RainDance|[upkeep]
|upkeep
|turn|2
|
|t:|1643319401
|move|p2a: Barraskewda|Flip Turn|p1a: Clefable
|-damage|p1a: Clefable|10/100
|
|t:|1643319408
|switch|p2a: Pelipper|Pelipper, F|100/100|[from]move: Flip Turn
|-damage|p2a: Pelipper|76/100|[from] Stealth Rock
|move|p1a: Clefable|Moonblast|p2a: Pelipper
|-damage|p2a: Pelipper|18/100
|-unboost|p2a: Pelipper|spa|1
|
|-weather|RainDance|[upkeep]
|upkeep
|turn|3
|
|t:|1643319416
|move|p2a: Pelipper|Scald|p1a: Clefable
|-damage|p1a: Clefable|0 fnt
|faint|p1a: Clefable
|
|-weather|RainDance|[upkeep]
|upkeep
|inactive|Battle timer is ON: inactive players will automatically lose when time's up. (requested by alakazamguru)
|
|t:|1643319452
|switch|p1a: Urshifu|Urshifu-Rapid-Strike, M|100/100
|turn|4
|
|t:|1643319459
|move|p1a: Urshifu|U-turn|p2a: Pelipper
|-resisted|p2a: Pelipper
|-damage|p2a: Pelipper|0 fnt
|faint|p2a: Pelipper
|
|t:|1643319477
|switch|p1a: Slowbro|Slowbro, M|100/100|[from]move: U-turn
|
|-weather|RainDance|[upkeep]
|upkeep
|
|t:|1643319484
|switch|p2a: Porygon-Z|Porygon-Z|100/100
|-damage|p2a: Porygon-Z|88/100|[from] Stealth Rock
|-ability|p2a: Porygon-Z|Download|boost
|-boost|p2a: Porygon-Z|spa|1
|turn|5
|
|t:|1643319491
|switch|p1a: Magnezone|Magnezone|100/100
|move|p2a: Porygon-Z|Thunderbolt|p1a: Magnezone
|-resisted|p1a: Magnezone
|-damage|p1a: Magnezone|48/100
|
|-weather|RainDance|[upkeep]
|upkeep
|turn|6
|
|t:|1643319498
|move|p2a: Porygon-Z|Thunderbolt|p1a: Magnezone
|-resisted|p1a: Magnezone
|-damage|p1a: Magnezone|0 fnt
|faint|p1a: Magnezone
|
|-weather|RainDance|[upkeep]
|upkeep
|
|t:|1643319510
|switch|p1a: Rillaboom|Rillaboom, F|100/100
|-fieldstart|move: Grassy Terrain|[from] ability: Grassy Surge|[of] p1a: Rillaboom
|turn|7
|
|t:|1643319515
|move|p1a: Rillaboom|Knock Off|p2a: Porygon-Z
|-damage|p2a: Porygon-Z|27/100
|-enditem|p2a: Porygon-Z|Choice Specs|[from] move: Knock Off|[of] p1a: Rillaboom
|-damage|p1a: Rillaboom|91/100|[from] item: Life Orb
|move|p2a: Porygon-Z|Thunderbolt|p1a: Rillaboom
|-resisted|p1a: Rillaboom
|-damage|p1a: Rillaboom|55/100
|
|-weather|RainDance|[upkeep]
|-heal|p1a: Rillaboom|61/100|[from] Grassy Terrain
|-heal|p2a: Porygon-Z|33/100|[from] Grassy Terrain
|upkeep
|turn|8
|
|t:|1643319521
|move|p1a: Rillaboom|Grassy Glide|p2a: Porygon-Z
|-damage|p2a: Porygon-Z|0 fnt
|faint|p2a: Porygon-Z
|-damage|p1a: Rillaboom|51/100|[from] item: Life Orb
|
|-weather|none
|-heal|p1a: Rillaboom|57/100|[from] Grassy Terrain
|upkeep
|
|t:|1643319523
|switch|p2a: Ferrothorn|Ferrothorn, M|100/100
|-damage|p2a: Ferrothorn|95/100|[from] Stealth Rock
|turn|9
|
|t:|1643319531
|move|p1a: Rillaboom|Swords Dance|p1a: Rillaboom
|-boost|p1a: Rillaboom|atk|2
|move|p2a: Ferrothorn|Body Press|p1a: Rillaboom
|-damage|p1a: Rillaboom|20/100
|
|-heal|p1a: Rillaboom|27/100|[from] Grassy Terrain
|-heal|p2a: Ferrothorn|100/100|[from] Grassy Terrain
|upkeep
|turn|10
|
|t:|1643319535
|move|p1a: Rillaboom|Superpower|p2a: Ferrothorn
|-supereffective|p2a: Ferrothorn
|-damage|p2a: Ferrothorn|0 fnt
|-unboost|p1a: Rillaboom|atk|1
|-unboost|p1a: Rillaboom|def|1
|-damage|p1a: Rillaboom|14/100|[from] ability: Iron Barbs|[of] p2a: Ferrothorn
|-damage|p1a: Rillaboom|0 fnt|[from] item: Rocky Helmet|[of] p2a: Ferrothorn
|faint|p2a: Ferrothorn
|faint|p1a: Rillaboom
|
|upkeep
|
|t:|1643319550
|switch|p1a: Urshifu|Urshifu-Rapid-Strike, M|100/100
|switch|p2a: Tapu Lele|Tapu Lele|100/100
|-damage|p2a: Tapu Lele|88/100|[from] Stealth Rock
|-fieldstart|move: Psychic Terrain|[from] ability: Psychic Surge|[of] p2a: Tapu Lele
|turn|11
|
|t:|1643319562
|move|p2a: Tapu Lele|Moonblast|p1a: Urshifu
|-supereffective|p1a: Urshifu
|-damage|p1a: Urshifu|0 fnt
|faint|p1a: Urshifu
|
|upkeep
|
|t:|1643319564
|switch|p1a: Slowbro|Slowbro, M|100/100
|turn|12
|
|t:|1643319569
|move|p2a: Tapu Lele|Moonblast|p1a: Slowbro
|-damage|p1a: Slowbro|43/100
|move|p1a: Slowbro|Future Sight|p2a: Tapu Lele
|-start|p1a: Slowbro|move: Future Sight
|
|upkeep
|turn|13
|
|t:|1643319572
|move|p2a: Tapu Lele|Moonblast|p1a: Slowbro
|-damage|p1a: Slowbro|0 fnt
|faint|p1a: Slowbro
|
|upkeep
|
|t:|1643319574
|switch|p1a: Dragonite|Dragonite, F|100/100
|turn|14
|
|t:|1643319576
|move|p2a: Tapu Lele|Moonblast|p1a: Dragonite
|-supereffective|p1a: Dragonite
|-damage|p1a: Dragonite|43/100
|-unboost|p1a: Dragonite|spa|1
|move|p1a: Dragonite|Dragon Dance|p1a: Dragonite
|-boost|p1a: Dragonite|atk|1
|-boost|p1a: Dragonite|spe|1
|
|-end|p2a: Tapu Lele|move: Future Sight
|-resisted|p2a: Tapu Lele
|-crit|p2a: Tapu Lele
|-damage|p2a: Tapu Lele|47/100
|upkeep
|turn|15
|
|t:|1643319581
|move|p2a: Tapu Lele|Moonblast|p1a: Dragonite
|-supereffective|p1a: Dragonite
|-damage|p1a: Dragonite|0 fnt
|faint|p1a: Dragonite
|
|win|alakazamguru
|raw|Gotmyvanson's rating: 1553 &rarr; <strong>1537</strong><br />(-16 for losing)
|raw|alakazamguru's rating: 1623 &rarr; <strong>1639</strong><br />(+16 for winning)
|l|☆Gotmyvanson
|c|☆alakazamguru|ggwp
