|j|☆Hoehoehoenn
|j|☆ArcanineSquad
|t:|1607158054
|player|p1|Hoehoehoenn|drayden|1567
|player|p2|ArcanineSquad|cynthia-gen4|1583
|teamsize|p1|6
|teamsize|p2|6
|gametype|singles
|gen|8
|tier|[Gen 8] OU
|rated|
|clearpoke
|poke|p1|Nidoking, M|
|poke|p1|Mandibuzz, F|
|poke|p1|Magearna|
|poke|p1|Volcarona, F|
|poke|p1|Urshifu-*, F|
|poke|p1|Kartana|
|poke|p2|Landorus-Therian, M|
|poke|p2|Nihilego|
|poke|p2|Torkoal, M|
|poke|p2|Venusaur, M|
|poke|p2|Heatran, F|
|poke|p2|Zarude|
|rule|Sleep Clause Mod: Limit one foe put to sleep
|rule|Species Clause: Limit one of each Pokémon
|rule|OHKO Clause: OHKO moves are banned
|rule|Evasion Moves Clause: Evasion moves are banned
|rule|Endless Battle Clause: Forcing endless battles is banned
|rule|HP Percentage Mod: HP is shown in percentages
|rule|Dynamax Clause: You cannot dynamax
|teampreview
|inactive|Battle timer is ON: inactive players will automatically lose when time's up. (requested by ArcanineSquad)
|
|t:|1607158076
|start
|switch|p1a: Magearna|Magearna|100/100
|switch|p2a: Landorus|Landorus-Therian, M|100/100
|-ability|p2a: Landorus|Intimidate|boost
|-unboost|p1a: Magearna|atk|1
|turn|1
|
|t:|1607158084
|move|p2a: Landorus|Stealth Rock|p1a: Magearna
|-sidestart|p1: Hoehoehoenn|move: Stealth Rock
|move|p1a: Magearna|Volt Switch|p2a: Landorus
|-immune|p2a: Landorus
|
|upkeep
|turn|2
|
|t:|1607158093
|move|p2a: Landorus|Earthquake|p1a: Magearna
|-supereffective|p1a: Magearna
|-enditem|p1a: Magearna|Shuca Berry|[eat]
|-enditem|p1a: Magearna|Shuca Berry|[weaken]
|-damage|p1a: Magearna|72/100
|move|p1a: Magearna|Ice Beam|p2a: Landorus
|-supereffective|p2a: Landorus
|-damage|p2a: Landorus|0 fnt
|faint|p2a: Landorus
|-ability|p1a: Magearna|Soul-Heart|boost
|-boost|p1a: Magearna|spa|1
|
|upkeep
|
|t:|1607158101
|switch|p2a: Heatran|Heatran, F|100/100
|turn|3
|
|t:|1607158104
|move|p2a: Heatran|Eruption|p1a: Magearna
|-supereffective|p1a: Magearna
|-damage|p1a: Magearna|0 fnt
|faint|p1a: Magearna
|
|upkeep
|
|t:|1607158111
|switch|p1a: Urshifu|Urshifu-Rapid-Strike, F|100/100
|-damage|p1a: Urshifu|94/100|[from] Stealth Rock
|turn|4
|
|t:|1607158117
|switch|p2a: Zarude|Zarude|100/100
|move|p1a: Urshifu|Close Combat|p2a: Zarude
|-supereffective|p2a: Zarude
|-damage|p2a: Zarude|0 fnt
|-unboost|p1a: Urshifu|def|1
|-unboost|p1a: Urshifu|spd|1
|faint|p2a: Zarude
|
|upkeep
|
|t:|1607158125
|switch|p2a: Nihilego|Nihilego|100/100
|turn|5
|
|t:|1607158132
|switch|p1a: Nidoqueer|Nidoking, M, shiny|100/100
|-damage|p1a: Nidoqueer|95/100|[from] Stealth Rock
|move|p2a: Nihilego|Power Gem|p1a: Nidoqueer
|-resisted|p1a: Nidoqueer
|-damage|p1a: Nidoqueer|67/100
|
|upkeep
|turn|6
|
|t:|1607158144
|move|p2a: Nihilego|Power Gem|p1a: Nidoqueer
|-resisted|p1a: Nidoqueer
|-damage|p1a: Nidoqueer|38/100
|move|p1a: Nidoqueer|Earth Power|p2a: Nihilego
|-supereffective|p2a: Nihilego
|-damage|p2a: Nihilego|0 fnt
|faint|p2a: Nihilego
|
|upkeep
|
|t:|1607158149
|switch|p2a: Torkoal|Torkoal, M|100/100
|-weather|SunnyDay|[from] ability: Drought|[of] p2a: Torkoal
|turn|7
|
|t:|1607158154
|switch|p2a: Venusaur|Venusaur, M|100/100
|move|p1a: Nidoqueer|Earth Power|p2a: Venusaur
|-damage|p2a: Venusaur|29/100
|
|-weather|SunnyDay|[upkeep]
|upkeep
|turn|8
|
|t:|1607158162
|switch|p1a: Mandibuzz|Mandibuzz, F|100/100
|move|p2a: Venusaur|Growth|p2a: Venusaur
|-boost|p2a: Venusaur|atk|2
|-boost|p2a: Venusaur|spa|2
|
|-weather|SunnyDay|[upkeep]
|upkeep
|turn|9
|
|t:|1607158173
|move|p2a: Venusaur|Sludge Bomb|p1a: Mandibuzz
|-damage|p1a: Mandibuzz|34/100
|-status|p1a: Mandibuzz|psn
|-damage|p2a: Venusaur|19/100|[from] item: Life Orb
|move|p1a: Mandibuzz|Foul Play|p2a: Venusaur
|-damage|p2a: Venusaur|0 fnt
|faint|p2a: Venusaur
|
|-weather|SunnyDay|[upkeep]
|-damage|p1a: Mandibuzz|21/100 psn|[from] psn
|upkeep
|
|t:|1607158181
|switch|p2a: Heatran|Heatran, F|100/100
|turn|10
|
|t:|1607158184
|move|p2a: Heatran|Eruption|p1a: Mandibuzz
|-damage|p1a: Mandibuzz|0 fnt
|faint|p1a: Mandibuzz
|
|-weather|SunnyDay|[upkeep]
|upkeep
|
|t:|1607158188
|switch|p1a: Kartana|Kartana, shiny|100/100
|-damage|p1a: Kartana|94/100|[from] Stealth Rock
|turn|11
|
|t:|1607158192
|move|p1a: Kartana|Knock Off|p2a: Heatran
|-damage|p2a: Heatran|60/100
|-enditem|p2a: Heatran|Choice Scarf|[from] move: Knock Off|[of] p1a: Kartana
|move|p2a: Heatran|Eruption|p1a: Kartana
|-supereffective|p1a: Kartana
|-damage|p1a: Kartana|0 fnt
|faint|p1a: Kartana
|
|-weather|SunnyDay|[upkeep]
|upkeep
|
|t:|1607158200
|switch|p1a: Urshifu|Urshifu-Rapid-Strike, F|94/100
|-damage|p1a: Urshifu|88/100|[from] Stealth Rock
|turn|12
|
|t:|1607158212
|switch|p2a: Torkoal|Torkoal, M|100/100
|move|p1a: Urshifu|Close Combat|p2a: Torkoal
|-damage|p2a: Torkoal|38/100
|-unboost|p1a: Urshifu|def|1
|-unboost|p1a: Urshifu|spd|1
|
|-weather|SunnyDay|[upkeep]
|upkeep
|turn|13
|c|☆Hoehoehoenn|Gg
|
|t:|1607158218
|move|p1a: Urshifu|Close Combat|p2a: Torkoal
|-damage|p2a: Torkoal|0 fnt
|-unboost|p1a: Urshifu|def|1
|-unboost|p1a: Urshifu|spd|1
|faint|p2a: Torkoal
|
|-weather|SunnyDay|[upkeep]
|upkeep
|
|t:|1607158220
|switch|p2a: Heatran|Heatran, F|60/100
|turn|14
|
|t:|1607158222
|move|p1a: Urshifu|Close Combat|p2a: Heatran
|-supereffective|p2a: Heatran
|-damage|p2a: Heatran|0 fnt
|-unboost|p1a: Urshifu|def|1
|-unboost|p1a: Urshifu|spd|1
|faint|p2a: Heatran
|
|win|Hoehoehoenn
|raw|Hoehoehoenn's rating: 1567 &rarr; <strong>1588</strong><br />(+21 for winning)
|raw|ArcanineSquad's rating: 1583 &rarr; <strong>1562</strong><br />(-21 for losing)
|c|☆ArcanineSquad|Gg
|l|☆ArcanineSquad
