|j|☆BossManSwag
|j|☆A
|player|p1|BossManSwag|102|1704
|player|p2|A|clemont|1726
|teamsize|p1|6
|teamsize|p2|6
|gametype|singles
|gen|8
|tier|[Gen 8] OU
|rated|
|clearpoke
|poke|p1|Dracovish|
|poke|p1|Clefable, M|
|poke|p1|Bisharp, M|
|poke|p1|Hippowdon, M|
|poke|p1|Tyranitar, M|
|poke|p1|Excadrill, M|
|poke|p2|Dracovish|
|poke|p2|Hydreigon, M|
|poke|p2|Mew|
|poke|p2|Clefable, F|
|poke|p2|Jirachi|
|poke|p2|Conkeldurr, F|
|rule|Sleep Clause Mod: Limit one foe put to sleep
|rule|Species Clause: Limit one of each Pokémon
|rule|OHKO Clause: OHKO moves are banned
|rule|Evasion Moves Clause: Evasion moves are banned
|rule|Endless Battle Clause: Forcing endless battles is banned
|rule|HP Percentage Mod: HP is shown in percentages
|rule|Dynamax Clause: You cannot dynamax
|teampreview
|inactive|Battle timer is ON: inactive players will automatically lose when time's up. (requested by A)
|
|start
|switch|p1a: Dracovish|Dracovish|100/100
|switch|p2a: SLEEPY BABY|Clefable, F|100/100
|turn|1
|
|move|p2a: SLEEPY BABY|Moonblast|p1a: Dracovish
|-supereffective|p1a: Dracovish
|-crit|p1a: Dracovish
|-damage|p1a: Dracovish|0 fnt
|faint|p1a: Dracovish
|
|upkeep
|j| A Voyager
|
|switch|p1a: Excadrill|Excadrill, M|100/100
|turn|2
|
|switch|p2a: THE WEEKDAY|Conkeldurr, F|100/100
|move|p1a: Excadrill|Earthquake|p2a: THE WEEKDAY
|-damage|p2a: THE WEEKDAY|64/100
|
|-heal|p2a: THE WEEKDAY|70/100|[from] item: Leftovers
|upkeep
|turn|3
|
|switch|p1a: Hippowdon|Hippowdon, M|100/100
|-weather|Sandstorm|[from] ability: Sand Stream|[of] p1a: Hippowdon
|move|p2a: THE WEEKDAY|Knock Off|p1a: Hippowdon
|-damage|p1a: Hippowdon|85/100
|-enditem|p1a: Hippowdon|Smooth Rock|[from] move: Knock Off|[of] p2a: THE WEEKDAY
|
|-weather|Sandstorm|[upkeep]
|-damage|p2a: THE WEEKDAY|64/100|[from] Sandstorm
|-heal|p2a: THE WEEKDAY|70/100|[from] item: Leftovers
|upkeep
|turn|4
|j|‽itsmvp
|
|switch|p2a: REAL MANS|Dracovish, shiny|100/100
|move|p1a: Hippowdon|Toxic|p2a: REAL MANS
|-status|p2a: REAL MANS|tox
|
|-weather|Sandstorm|[upkeep]
|-damage|p2a: REAL MANS|94/100 tox|[from] Sandstorm
|-damage|p2a: REAL MANS|88/100 tox|[from] psn
|upkeep
|turn|5
|
|move|p2a: REAL MANS|Fishious Rend|p1a: Hippowdon
|-supereffective|p1a: Hippowdon
|-damage|p1a: Hippowdon|0 fnt
|faint|p1a: Hippowdon
|
|-weather|Sandstorm|[upkeep]
|-damage|p2a: REAL MANS|82/100 tox|[from] Sandstorm
|-damage|p2a: REAL MANS|69/100 tox|[from] psn
|upkeep
|
|switch|p1a: Excadrill|Excadrill, M|100/100
|turn|6
|
|switch|p2a: TellEM TELL EM|Hydreigon, M|100/100
|move|p1a: Excadrill|Earthquake|p2a: TellEM TELL EM
|-immune|p2a: TellEM TELL EM|[from] ability: Levitate
|
|-weather|Sandstorm|[upkeep]
|-damage|p2a: TellEM TELL EM|94/100|[from] Sandstorm
|upkeep
|turn|7
|
|switch|p2a: KALEIDOSCOPE|Mew|100/100
|move|p1a: Excadrill|Iron Head|p2a: KALEIDOSCOPE
|-damage|p2a: KALEIDOSCOPE|65/100
|
|-weather|Sandstorm|[upkeep]
|-damage|p2a: KALEIDOSCOPE|58/100|[from] Sandstorm
|-heal|p2a: KALEIDOSCOPE|65/100|[from] item: Leftovers
|upkeep
|turn|8
|
|switch|p1a: Bisharp|Bisharp, M|100/100
|move|p2a: KALEIDOSCOPE|Will-O-Wisp|p1a: Bisharp
|-status|p1a: Bisharp|brn
|
|-weather|Sandstorm|[upkeep]
|-damage|p2a: KALEIDOSCOPE|58/100|[from] Sandstorm
|-heal|p2a: KALEIDOSCOPE|65/100|[from] item: Leftovers
|-damage|p1a: Bisharp|95/100 brn|[from] brn
|upkeep
|turn|9
|
|switch|p2a: THE WEEKDAY|Conkeldurr, F|70/100
|move|p1a: Bisharp|Knock Off|p2a: THE WEEKDAY
|-resisted|p2a: THE WEEKDAY
|-damage|p2a: THE WEEKDAY|59/100
|-enditem|p2a: THE WEEKDAY|Leftovers|[from] move: Knock Off|[of] p1a: Bisharp
|-damage|p1a: Bisharp|85/100 brn|[from] item: Life Orb
|
|-weather|Sandstorm|[upkeep]
|-damage|p2a: THE WEEKDAY|52/100|[from] Sandstorm
|-damage|p1a: Bisharp|79/100 brn|[from] brn
|upkeep
|turn|10
|
|switch|p1a: Clefable|Clefable, M|100/100
|move|p2a: THE WEEKDAY|Drain Punch|p1a: Clefable
|-resisted|p1a: Clefable
|-damage|p1a: Clefable|80/100
|-heal|p2a: THE WEEKDAY|62/100|[from] drain|[of] p1a: Clefable
|
|-weather|none
|-heal|p1a: Clefable|86/100|[from] item: Leftovers
|upkeep
|turn|11
|
|switch|p2a: SLEEPY BABY|Clefable, F|100/100
|move|p1a: Clefable|Teleport|p1a: Clefable
|
|switch|p1a: Excadrill|Excadrill, M|100/100|[from]move: Teleport
|
|upkeep
|turn|12
|
|switch|p2a: KALEIDOSCOPE|Mew|65/100
|move|p1a: Excadrill|Iron Head|p2a: KALEIDOSCOPE
|-crit|p2a: KALEIDOSCOPE
|-damage|p2a: KALEIDOSCOPE|2/100
|
|-heal|p2a: KALEIDOSCOPE|9/100|[from] item: Leftovers
|upkeep
|turn|13
|
|switch|p1a: Bisharp|Bisharp, M|79/100 brn
|move|p2a: KALEIDOSCOPE|Roost|p2a: KALEIDOSCOPE
|-heal|p2a: KALEIDOSCOPE|59/100
|-singleturn|p2a: KALEIDOSCOPE|move: Roost
|
|-heal|p2a: KALEIDOSCOPE|65/100|[from] item: Leftovers
|-damage|p1a: Bisharp|73/100 brn|[from] brn
|upkeep
|turn|14
|l| A Voyager
|
|switch|p2a: TellEM TELL EM|Hydreigon, M|94/100
|switch|p1a: Clefable|Clefable, M|86/100
|
|-heal|p1a: Clefable|92/100|[from] item: Leftovers
|upkeep
|turn|15
|
|move|p2a: TellEM TELL EM|U-turn|p1a: Clefable
|-resisted|p1a: Clefable
|-damage|p1a: Clefable|84/100
|
|switch|p2a: SLEEPY BABY|Clefable, F|100/100|[from]move: U-turn
|move|p1a: Clefable|Teleport|p1a: Clefable
|
|switch|p1a: Excadrill|Excadrill, M|100/100|[from]move: Teleport
|
|upkeep
|turn|16
|
|switch|p2a: KALEIDOSCOPE|Mew|65/100
|move|p1a: Excadrill|Earthquake|p2a: KALEIDOSCOPE
|-damage|p2a: KALEIDOSCOPE|18/100
|
|-heal|p2a: KALEIDOSCOPE|24/100|[from] item: Leftovers
|upkeep
|turn|17
|
|move|p2a: KALEIDOSCOPE|Roost|p2a: KALEIDOSCOPE
|-heal|p2a: KALEIDOSCOPE|74/100
|-singleturn|p2a: KALEIDOSCOPE|move: Roost
|move|p1a: Excadrill|Iron Head|p2a: KALEIDOSCOPE
|-damage|p2a: KALEIDOSCOPE|34/100
|
|-heal|p2a: KALEIDOSCOPE|40/100|[from] item: Leftovers
|upkeep
|turn|18
|
|switch|p1a: Clefable|Clefable, M|84/100
|move|p2a: KALEIDOSCOPE|Will-O-Wisp|p1a: Clefable
|-status|p1a: Clefable|brn
|
|-heal|p2a: KALEIDOSCOPE|46/100|[from] item: Leftovers
|-heal|p1a: Clefable|90/100 brn|[from] item: Leftovers
|upkeep
|turn|19
|
|move|p2a: KALEIDOSCOPE|Roost|p2a: KALEIDOSCOPE
|-heal|p2a: KALEIDOSCOPE|97/100
|-singleturn|p2a: KALEIDOSCOPE|move: Roost
|move|p1a: Clefable|Teleport|p1a: Clefable
|
|switch|p1a: Tyranitar|Tyranitar, M|100/100|[from]move: Teleport
|-weather|Sandstorm|[from] ability: Sand Stream|[of] p1a: Tyranitar
|
|-weather|Sandstorm|[upkeep]
|-damage|p2a: KALEIDOSCOPE|90/100|[from] Sandstorm
|-heal|p2a: KALEIDOSCOPE|97/100|[from] item: Leftovers
|upkeep
|turn|20
|
|move|p2a: KALEIDOSCOPE|Will-O-Wisp|p1a: Tyranitar|[miss]
|-miss|p2a: KALEIDOSCOPE|p1a: Tyranitar
|move|p1a: Tyranitar|Stealth Rock|p2a: KALEIDOSCOPE
|-sidestart|p2: A|move: Stealth Rock
|
|-weather|Sandstorm|[upkeep]
|-damage|p2a: KALEIDOSCOPE|90/100|[from] Sandstorm
|-heal|p2a: KALEIDOSCOPE|97/100|[from] item: Leftovers
|upkeep
|turn|21
|
|switch|p1a: Clefable|Clefable, M|90/100 brn
|move|p2a: KALEIDOSCOPE|Will-O-Wisp|p1a: Clefable|[miss]
|-miss|p2a: KALEIDOSCOPE|p1a: Clefable
|
|-weather|Sandstorm|[upkeep]
|-damage|p2a: KALEIDOSCOPE|90/100|[from] Sandstorm
|-heal|p2a: KALEIDOSCOPE|97/100|[from] item: Leftovers
|-heal|p1a: Clefable|96/100 brn|[from] item: Leftovers
|upkeep
|turn|22
|
|move|p2a: KALEIDOSCOPE|Spikes|p1a: Clefable
|-sidestart|p1: BossManSwag|Spikes
|move|p1a: Clefable|Teleport|p1a: Clefable
|
|switch|p1a: Bisharp|Bisharp, M|73/100 brn|[from]move: Teleport
|-damage|p1a: Bisharp|60/100 brn|[from] Spikes
|
|-weather|Sandstorm|[upkeep]
|-damage|p2a: KALEIDOSCOPE|90/100|[from] Sandstorm
|-heal|p2a: KALEIDOSCOPE|97/100|[from] item: Leftovers
|-damage|p1a: Bisharp|54/100 brn|[from] brn
|upkeep
|turn|23
|
|switch|p2a: SLEEPY BABY|Clefable, F|100/100
|switch|p1a: Excadrill|Excadrill, M|100/100
|-damage|p1a: Excadrill|88/100|[from] Spikes
|
|-weather|Sandstorm|[upkeep]
|upkeep
|turn|24
|
|switch|p2a: KALEIDOSCOPE|Mew|97/100
|-damage|p2a: KALEIDOSCOPE|84/100|[from] Stealth Rock
|move|p1a: Excadrill|Swords Dance|p1a: Excadrill
|-boost|p1a: Excadrill|atk|2
|
|-weather|Sandstorm|[upkeep]
|-damage|p2a: KALEIDOSCOPE|78/100|[from] Sandstorm
|-heal|p2a: KALEIDOSCOPE|84/100|[from] item: Leftovers
|upkeep
|turn|25
|
|move|p1a: Excadrill|Iron Head|p2a: KALEIDOSCOPE
|-damage|p2a: KALEIDOSCOPE|2/100
|move|p2a: KALEIDOSCOPE|Will-O-Wisp|p1a: Excadrill|[miss]
|-miss|p2a: KALEIDOSCOPE|p1a: Excadrill
|
|-weather|Sandstorm|[upkeep]
|-damage|p2a: KALEIDOSCOPE|0 fnt|[from] Sandstorm
|faint|p2a: KALEIDOSCOPE
|upkeep
|
|switch|p2a: THE WEEKDAY|Conkeldurr, F|62/100
|-damage|p2a: THE WEEKDAY|56/100|[from] Stealth Rock
|turn|26
|
|move|p2a: THE WEEKDAY|Mach Punch|p1a: Excadrill
|-supereffective|p1a: Excadrill
|-damage|p1a: Excadrill|38/100
|move|p1a: Excadrill|Earthquake|p2a: THE WEEKDAY
|-damage|p2a: THE WEEKDAY|0 fnt
|faint|p2a: THE WEEKDAY
|
|-weather|none
|upkeep
|
|switch|p2a: TellEM TELL EM|Hydreigon, M|94/100
|-damage|p2a: TellEM TELL EM|82/100|[from] Stealth Rock
|turn|27
|
|switch|p1a: Clefable|Clefable, M|96/100 brn
|move|p2a: TellEM TELL EM|U-turn|p1a: Clefable
|-resisted|p1a: Clefable
|-damage|p1a: Clefable|88/100 brn
|
|switch|p2a: REAL MANS|Dracovish, shiny|69/100 tox|[from]move: U-turn
|-damage|p2a: REAL MANS|57/100 tox|[from] Stealth Rock
|
|-heal|p1a: Clefable|94/100 brn|[from] item: Leftovers
|-damage|p2a: REAL MANS|51/100 tox|[from] psn
|upkeep
|turn|28
|
|move|p1a: Clefable|Protect|p1a: Clefable
|-singleturn|p1a: Clefable|Protect
|move|p2a: REAL MANS|Fishious Rend|p1a: Clefable
|-activate|p1a: Clefable|move: Protect
|
|-heal|p1a: Clefable|99/100 brn|[from] item: Leftovers
|-damage|p2a: REAL MANS|38/100 tox|[from] psn
|upkeep
|turn|29
|j| dfvjpovfojvfjo
|c|☆A|double miss >_>
|
|switch|p1a: Bisharp|Bisharp, M|54/100 brn
|-damage|p1a: Bisharp|42/100 brn|[from] Spikes
|move|p2a: REAL MANS|Fishious Rend|p1a: Bisharp
|-crit|p1a: Bisharp
|-damage|p1a: Bisharp|0 fnt
|faint|p1a: Bisharp
|
|-damage|p2a: REAL MANS|20/100 tox|[from] psn
|upkeep
|
|switch|p1a: Excadrill|Excadrill, M|38/100
|-damage|p1a: Excadrill|26/100|[from] Spikes
|turn|30
|
|move|p1a: Excadrill|Earthquake|p2a: REAL MANS
|-damage|p2a: REAL MANS|0 fnt
|faint|p2a: REAL MANS
|
|upkeep
|
|switch|p2a: TellEM TELL EM|Hydreigon, M|82/100
|-damage|p2a: TellEM TELL EM|70/100|[from] Stealth Rock
|turn|31
|
|switch|p1a: Clefable|Clefable, M|99/100 brn
|move|p2a: TellEM TELL EM|U-turn|p1a: Clefable
|-resisted|p1a: Clefable
|-damage|p1a: Clefable|92/100 brn
|j| wutsdisthang
|
|switch|p2a: UH OH STINKY|Jirachi|100/100|[from]move: U-turn
|-damage|p2a: UH OH STINKY|94/100|[from] Stealth Rock
|
|-heal|p2a: UH OH STINKY|100/100|[from] item: Leftovers
|-heal|p1a: Clefable|98/100 brn|[from] item: Leftovers
|upkeep
|turn|32
|
|switch|p1a: Tyranitar|Tyranitar, M|100/100
|-damage|p1a: Tyranitar|88/100|[from] Spikes
|-weather|Sandstorm|[from] ability: Sand Stream|[of] p1a: Tyranitar
|move|p2a: UH OH STINKY|Calm Mind|p2a: UH OH STINKY
|-boost|p2a: UH OH STINKY|spa|1
|-boost|p2a: UH OH STINKY|spd|1
|
|-weather|Sandstorm|[upkeep]
|upkeep
|turn|33
|
|move|p2a: UH OH STINKY|Aura Sphere|p1a: Tyranitar
|-supereffective|p1a: Tyranitar
|-damage|p1a: Tyranitar|34/100
|move|p1a: Tyranitar|Dragon Tail|p2a: UH OH STINKY
|-resisted|p2a: UH OH STINKY
|-damage|p2a: UH OH STINKY|92/100
|drag|p2a: SLEEPY BABY|Clefable, F|100/100
|
|-weather|Sandstorm|[upkeep]
|upkeep
|turn|34
|j| Forresterr
|
|move|p2a: SLEEPY BABY|Moonblast|p1a: Tyranitar
|-supereffective|p1a: Tyranitar
|-damage|p1a: Tyranitar|0 fnt
|faint|p1a: Tyranitar
|
|-weather|Sandstorm|[upkeep]
|upkeep
|
|switch|p1a: Excadrill|Excadrill, M|26/100
|-damage|p1a: Excadrill|13/100|[from] Spikes
|turn|35
|
|move|p1a: Excadrill|Iron Head|p2a: SLEEPY BABY
|-supereffective|p2a: SLEEPY BABY
|-damage|p2a: SLEEPY BABY|0 fnt
|faint|p2a: SLEEPY BABY
|
|-weather|Sandstorm|[upkeep]
|upkeep
|
|switch|p2a: TellEM TELL EM|Hydreigon, M|70/100
|-damage|p2a: TellEM TELL EM|57/100|[from] Stealth Rock
|turn|36
|
|move|p1a: Excadrill|Iron Head|p2a: TellEM TELL EM
|-damage|p2a: TellEM TELL EM|5/100
|cant|p2a: TellEM TELL EM|flinch
|
|-weather|Sandstorm|[upkeep]
|-damage|p2a: TellEM TELL EM|0 fnt|[from] Sandstorm
|faint|p2a: TellEM TELL EM
|upkeep
|
|switch|p2a: UH OH STINKY|Jirachi|92/100
|-damage|p2a: UH OH STINKY|86/100|[from] Stealth Rock
|turn|37
|c|☆A|nice luck
|j| pjnlf
|-message|A forfeited.
|
|win|BossManSwag
|l|☆A
|l| pjnlf
|raw|BossManSwag's rating: 1685 &rarr; <strong>1707</strong><br />(+22 for winning)
|raw|A's rating: 1726 &rarr; <strong>1703</strong><br />(-23 for losing)
