|j|☆DirtylittleAnimal
|j|☆BugCatcherWeevil
|t:|1649673041
|gametype|singles
|player|p1|DirtylittleAnimal|peonia|1728
|player|p2|BugCatcherWeevil|170|1781
|teamsize|p1|6
|teamsize|p2|6
|gen|8
|tier|[Gen 8] OU
|rated|
|rule|Sleep Clause Mod: Limit one foe put to sleep
|rule|Species Clause: Limit one of each Pokémon
|rule|OHKO Clause: OHKO moves are banned
|rule|Evasion Moves Clause: Evasion moves are banned
|rule|Endless Battle Clause: Forcing endless battles is banned
|rule|HP Percentage Mod: HP is shown in percentages
|rule|Dynamax Clause: You cannot dynamax
|clearpoke
|poke|p1|Ninetales-Alola, F|
|poke|p1|Garchomp, F|
|poke|p1|Slowbro-Galar, F|
|poke|p1|Scizor, M|
|poke|p1|Blaziken, M|
|poke|p1|Obstagoon, M|
|poke|p2|Ninetales-Alola, F|
|poke|p2|Arctozolt|
|poke|p2|Landorus-Therian, M|
|poke|p2|Corviknight, F|
|poke|p2|Tornadus-Therian, M|
|poke|p2|Volcanion|
|teampreview
|
|t:|1649673046
|start
|switch|p1a: Ninetales|Ninetales-Alola, F|100/100
|switch|p2a: Tornadus|Tornadus-Therian, M|100/100
|-weather|Hail|[from] ability: Snow Warning|[of] p1a: Ninetales
|turn|1
|inactive|Battle timer is ON: inactive players will automatically lose when time's up. (requested by BugCatcherWeevil)
|
|t:|1649673056
|move|p2a: Tornadus|Knock Off|p1a: Ninetales
|-resisted|p1a: Ninetales
|-damage|p1a: Ninetales|89/100
|-enditem|p1a: Ninetales|Light Clay|[from] move: Knock Off|[of] p2a: Tornadus
|move|p1a: Ninetales|Aurora Veil|p1a: Ninetales
|-sidestart|p1: DirtylittleAnimal|move: Aurora Veil
|
|-weather|Hail|[upkeep]
|-damage|p2a: Tornadus|94/100|[from] Hail
|upkeep
|turn|2
|
|t:|1649673076
|move|p2a: Tornadus|U-turn|p1a: Ninetales
|-resisted|p1a: Ninetales
|-damage|p1a: Ninetales|84/100
|
|t:|1649673079
|switch|p2a: Arctozolt|Arctozolt|100/100|[from]move: U-turn
|move|p1a: Ninetales|Freeze-Dry|p2a: Arctozolt
|-resisted|p2a: Arctozolt
|-damage|p2a: Arctozolt|86/100
|
|-weather|Hail|[upkeep]
|-heal|p2a: Arctozolt|92/100|[from] item: Leftovers
|upkeep
|turn|3
|j| Exp22
|
|t:|1649673092
|switch|p1a: Scizor|Scizor, M|100/100
|move|p2a: Arctozolt|Bolt Beak|p1a: Scizor
|-damage|p1a: Scizor|60/100
|
|-weather|Hail|[upkeep]
|-damage|p1a: Scizor|54/100|[from] Hail
|-heal|p2a: Arctozolt|98/100|[from] item: Leftovers
|upkeep
|turn|4
|j| DA COME UP ♛
|j| Urdnot wren
|
|t:|1649673103
|switch|p2a: Volcanion|Volcanion|100/100
|move|p1a: Scizor|Knock Off|p2a: Volcanion
|-damage|p2a: Volcanion|68/100
|-enditem|p2a: Volcanion|Choice Specs|[from] move: Knock Off|[of] p1a: Scizor
|
|-weather|Hail|[upkeep]
|-damage|p2a: Volcanion|62/100|[from] Hail
|-damage|p1a: Scizor|48/100|[from] Hail
|upkeep
|turn|5
|
|t:|1649673111
|switch|p1a: Garchomp|Garchomp, F|100/100
|move|p2a: Volcanion|Steam Eruption|p1a: Garchomp
|-damage|p1a: Garchomp|68/100
|
|-weather|none
|-heal|p1a: Garchomp|74/100|[from] item: Leftovers
|-sideend|p1: DirtylittleAnimal|move: Aurora Veil
|upkeep
|turn|6
|j| Marquesa-10%
|
|t:|1649673136
|switch|p2a: Corviknight|Corviknight, F|100/100
|-ability|p2a: Corviknight|Pressure
|move|p1a: Garchomp|Stealth Rock|p2a: Corviknight
|-sidestart|p2: BugCatcherWeevil|move: Stealth Rock
|
|-heal|p1a: Garchomp|80/100|[from] item: Leftovers
|upkeep
|turn|7
|
|t:|1649673144
|move|p1a: Garchomp|Swords Dance|p1a: Garchomp
|-boost|p1a: Garchomp|atk|2
|move|p2a: Corviknight|Defog|p1a: Garchomp
|-unboost|p1a: Garchomp|evasion|1
|-sideend|p2: BugCatcherWeevil|Stealth Rock|[from] move: Defog|[of] p2a: Corviknight
|
|-heal|p1a: Garchomp|86/100|[from] item: Leftovers
|upkeep
|turn|8
|
|t:|1649673155
|switch|p2a: Ninetales|Ninetales-Alola, F|100/100
|-weather|Hail|[from] ability: Snow Warning|[of] p2a: Ninetales
|move|p1a: Garchomp|Stealth Rock|p2a: Ninetales
|-sidestart|p2: BugCatcherWeevil|move: Stealth Rock
|
|-weather|Hail|[upkeep]
|-damage|p1a: Garchomp|80/100|[from] Hail
|-heal|p1a: Garchomp|86/100|[from] item: Leftovers
|upkeep
|turn|9
|
|t:|1649673159
|switch|p1a: Ninetales|Ninetales-Alola, F|84/100
|move|p2a: Ninetales|Aurora Veil|p2a: Ninetales
|-sidestart|p2: BugCatcherWeevil|move: Aurora Veil
|
|-weather|Hail|[upkeep]
|upkeep
|turn|10
|
|t:|1649673164
|switch|p2a: Corviknight|Corviknight, F|100/100
|-damage|p2a: Corviknight|88/100|[from] Stealth Rock
|-ability|p2a: Corviknight|Pressure
|move|p1a: Ninetales|Aurora Veil|p1a: Ninetales
|-sidestart|p1: DirtylittleAnimal|move: Aurora Veil
|
|-weather|Hail|[upkeep]
|-damage|p2a: Corviknight|82/100|[from] Hail
|upkeep
|turn|11
|
|t:|1649673168
|move|p1a: Ninetales|Hypnosis|p2a: Corviknight
|-status|p2a: Corviknight|slp|[from] move: Hypnosis
|cant|p2a: Corviknight|slp
|
|-weather|Hail|[upkeep]
|-damage|p2a: Corviknight|75/100 slp|[from] Hail
|upkeep
|turn|12
|
|t:|1649673178
|switch|p1a: Blaziken|Blaziken, M|100/100
|switch|p2a: Tornadus|Tornadus-Therian, M|100/100
|-damage|p2a: Tornadus|76/100|[from] Stealth Rock
|
|-weather|Hail|[upkeep]
|-damage|p2a: Tornadus|69/100|[from] Hail
|-damage|p1a: Blaziken|95/100|[from] Hail
|upkeep
|turn|13
|
|t:|1649673183
|move|p2a: Tornadus|U-turn|p1a: Blaziken
|-resisted|p1a: Blaziken
|-damage|p1a: Blaziken|92/100
|l| Exp22
|
|t:|1649673188
|switch|p2a: Landorus|Landorus-Therian, M|100/100|[from]move: U-turn
|-damage|p2a: Landorus|88/100|[from] Stealth Rock
|-ability|p2a: Landorus|Intimidate|boost
|-unboost|p1a: Blaziken|atk|1
|move|p1a: Blaziken|Swords Dance|p1a: Blaziken
|-boost|p1a: Blaziken|atk|2
|
|-weather|Hail|[upkeep]
|-damage|p1a: Blaziken|86/100|[from] Hail
|-damage|p2a: Landorus|82/100|[from] Hail
|-heal|p2a: Landorus|88/100|[from] item: Leftovers
|-sideend|p2: BugCatcherWeevil|move: Aurora Veil
|-ability|p1a: Blaziken|Speed Boost|boost
|-boost|p1a: Blaziken|spe|1
|upkeep
|turn|14
|
|t:|1649673197
|move|p1a: Blaziken|Flare Blitz|p2a: Landorus
|-damage|p2a: Landorus|0 fnt
|faint|p2a: Landorus
|-damage|p1a: Blaziken|49/100|[from] Recoil
|-damage|p1a: Blaziken|39/100|[from] item: Life Orb
|
|-weather|Hail|[upkeep]
|-damage|p1a: Blaziken|33/100|[from] Hail
|-sideend|p1: DirtylittleAnimal|move: Aurora Veil
|-ability|p1a: Blaziken|Speed Boost|boost
|-boost|p1a: Blaziken|spe|1
|upkeep
|j| Exp22
|
|t:|1649673211
|switch|p2a: Tornadus|Tornadus-Therian, M|100/100
|-damage|p2a: Tornadus|76/100|[from] Stealth Rock
|turn|15
|j| LT_Alt1
|
|t:|1649673214
|switch|p2a: Corviknight|Corviknight, F|75/100 slp
|-damage|p2a: Corviknight|63/100 slp|[from] Stealth Rock
|-ability|p2a: Corviknight|Pressure
|move|p1a: Blaziken|Thunder Punch|p2a: Corviknight
|-supereffective|p2a: Corviknight
|-damage|p2a: Corviknight|0 fnt
|-damage|p1a: Blaziken|17/100|[from] item: Rocky Helmet|[of] p2a: Corviknight
|faint|p2a: Corviknight
|-damage|p1a: Blaziken|7/100|[from] item: Life Orb
|
|-weather|none
|-ability|p1a: Blaziken|Speed Boost|boost
|-boost|p1a: Blaziken|spe|1
|upkeep
|
|t:|1649673229
|switch|p2a: Ninetales|Ninetales-Alola, F|100/100
|-damage|p2a: Ninetales|76/100|[from] Stealth Rock
|-weather|Hail|[from] ability: Snow Warning|[of] p2a: Ninetales
|turn|16
|
|t:|1649673240
|switch|p1a: Ninetales|Ninetales-Alola, F|84/100
|switch|p2a: Volcanion|Volcanion|62/100
|-damage|p2a: Volcanion|37/100|[from] Stealth Rock
|
|-weather|Hail|[upkeep]
|-damage|p2a: Volcanion|31/100|[from] Hail
|upkeep
|turn|17
|
|t:|1649673248
|switch|p2a: Arctozolt|Arctozolt|98/100
|-damage|p2a: Arctozolt|73/100|[from] Stealth Rock
|move|p1a: Ninetales|Aurora Veil|p1a: Ninetales
|-sidestart|p1: DirtylittleAnimal|move: Aurora Veil
|
|-weather|Hail|[upkeep]
|-heal|p2a: Arctozolt|79/100|[from] item: Leftovers
|upkeep
|turn|18
|
|t:|1649673270
|switch|p1a: Slowbro|Slowbro-Galar, F|100/100
|move|p2a: Arctozolt|Substitute|p2a: Arctozolt
|-start|p2a: Arctozolt|Substitute
|-damage|p2a: Arctozolt|54/100
|
|-weather|Hail|[upkeep]
|-damage|p1a: Slowbro|94/100|[from] Hail
|-heal|p2a: Arctozolt|61/100|[from] item: Leftovers
|upkeep
|turn|19
|-activate|p1a: Slowbro|item: Quick Claw
|
|t:|1649673275
|move|p1a: Slowbro|Psyshock|p2a: Arctozolt
|-crit|p2a: Arctozolt
|-end|p2a: Arctozolt|Substitute
|move|p2a: Arctozolt|Bolt Beak|p1a: Slowbro
|-damage|p1a: Slowbro|78/100
|
|-weather|Hail|[upkeep]
|-damage|p1a: Slowbro|71/100|[from] Hail
|-heal|p2a: Arctozolt|67/100|[from] item: Leftovers
|upkeep
|turn|20
|j| a43.4oe6yu798crsss
|
|t:|1649673287
|switch|p2a: Tornadus|Tornadus-Therian, M|100/100
|-damage|p2a: Tornadus|76/100|[from] Stealth Rock
|move|p1a: Slowbro|Nasty Plot|p1a: Slowbro
|-boost|p1a: Slowbro|spa|2
|
|-weather|Hail|[upkeep]
|-damage|p2a: Tornadus|69/100|[from] Hail
|-damage|p1a: Slowbro|65/100|[from] Hail
|upkeep
|turn|21
|-activate|p1a: Slowbro|item: Quick Claw
|
|t:|1649673302
|move|p1a: Slowbro|Ice Beam|p2a: Tornadus
|-supereffective|p2a: Tornadus
|-damage|p2a: Tornadus|0 fnt
|faint|p2a: Tornadus
|
|-weather|Hail|[upkeep]
|-damage|p1a: Slowbro|59/100|[from] Hail
|-sideend|p1: DirtylittleAnimal|move: Aurora Veil
|upkeep
|
|t:|1649673305
|switch|p2a: Volcanion|Volcanion|31/100
|-damage|p2a: Volcanion|6/100|[from] Stealth Rock
|turn|22
|-activate|p1a: Slowbro|ability: Quick Draw
|
|t:|1649673310
|move|p1a: Slowbro|Psyshock|p2a: Volcanion
|-damage|p2a: Volcanion|0 fnt
|faint|p2a: Volcanion
|
|-weather|Hail|[upkeep]
|-damage|p1a: Slowbro|53/100|[from] Hail
|upkeep
|
|t:|1649673321
|switch|p2a: Arctozolt|Arctozolt|67/100
|-damage|p2a: Arctozolt|42/100|[from] Stealth Rock
|turn|23
|
|t:|1649673324
|move|p2a: Arctozolt|Bolt Beak|p1a: Slowbro
|-damage|p1a: Slowbro|0 fnt
|faint|p1a: Slowbro
|
|-weather|none
|-heal|p2a: Arctozolt|48/100|[from] item: Leftovers
|upkeep
|
|t:|1649673328
|switch|p1a: Obstagoon|Obstagoon, M|100/100
|turn|24
|
|t:|1649673332
|switch|p2a: Ninetales|Ninetales-Alola, F|76/100
|-damage|p2a: Ninetales|51/100|[from] Stealth Rock
|-weather|Hail|[from] ability: Snow Warning|[of] p2a: Ninetales
|move|p1a: Obstagoon|Double-Edge|p2a: Ninetales
|-damage|p2a: Ninetales|0 fnt
|faint|p2a: Ninetales
|-damage|p1a: Obstagoon|83/100|[from] Recoil
|
|-weather|Hail|[upkeep]
|-damage|p1a: Obstagoon|77/100|[from] Hail
|upkeep
|
|t:|1649673334
|switch|p2a: Arctozolt|Arctozolt|48/100
|-damage|p2a: Arctozolt|23/100|[from] Stealth Rock
|turn|25
|
|t:|1649673341
|move|p1a: Obstagoon|Double-Edge|p2a: Arctozolt
|-damage|p2a: Arctozolt|0 fnt
|faint|p2a: Arctozolt
|-damage|p1a: Obstagoon|69/100|[from] Recoil
|
|win|DirtylittleAnimal
|raw|DirtylittleAnimal's rating: 1728 &rarr; <strong>1751</strong><br />(+23 for winning)
|raw|BugCatcherWeevil's rating: 1781 &rarr; <strong>1758</strong><br />(-23 for losing)
|c|☆DirtylittleAnimal|gg
|l| Marquesa-10%
|l| Exp22
|l| DA COME UP ♛
|l|☆DirtylittleAnimal
|l| Urdnot wren
|l| a43.4oe6yu798crsss
