|j|☆Fifufjfjdi
|j|☆Colonel Rivai
|t:|1653481913
|gametype|singles
|player|p1|Fifufjfjdi|2|1812
|player|p2|Colonel Rivai|2|1710
|teamsize|p1|6
|teamsize|p2|6
|gen|8
|tier|[Gen 8] OU
|rated|
|rule|Sleep Clause Mod: Limit one foe put to sleep
|rule|Species Clause: Limit one of each Pokémon
|rule|OHKO Clause: OHKO moves are banned
|rule|Evasion Moves Clause: Evasion moves are banned
|rule|Endless Battle Clause: Forcing endless battles is banned
|rule|HP Percentage Mod: HP is shown in percentages
|rule|Dynamax Clause: You cannot dynamax
|clearpoke
|poke|p1|Tapu Koko|
|poke|p1|Hippowdon, M|
|poke|p1|Starmie|
|poke|p1|Excadrill, M|
|poke|p1|Ferrothorn, M|
|poke|p1|Dragonite, F|
|poke|p2|Hydreigon, M|
|poke|p2|Kartana|
|poke|p2|Blacephalon|
|poke|p2|Landorus-Therian, M|
|poke|p2|Melmetal|
|poke|p2|Toxapex, F|
|teampreview
|
|t:|1653481919
|start
|switch|p1a: Hippowdon|Hippowdon, M|100/100
|switch|p2a: Hydreigon|Hydreigon, M|100/100
|-weather|Sandstorm|[from] ability: Sand Stream|[of] p1a: Hippowdon
|turn|1
|inactive|Battle timer is ON: inactive players will automatically lose when time's up. (requested by Colonel Rivai)
|
|t:|1653481923
|move|p2a: Hydreigon|Beat Up|p1a: Hippowdon
|-damage|p1a: Hippowdon|92/100
|-damage|p1a: Hippowdon|79/100
|-damage|p1a: Hippowdon|71/100
|-damage|p1a: Hippowdon|60/100
|-damage|p1a: Hippowdon|51/100
|-damage|p1a: Hippowdon|45/100
|-hitcount|p1a: Hippowdon|6
|move|p1a: Hippowdon|Stealth Rock|p2a: Hydreigon
|-sidestart|p2: Colonel Rivai|move: Stealth Rock
|
|-weather|Sandstorm|[upkeep]
|-damage|p2a: Hydreigon|94/100|[from] Sandstorm
|-heal|p1a: Hippowdon|51/100|[from] item: Leftovers
|upkeep
|turn|2
|
|t:|1653481929
|switch|p1a: Tapu Koko|Tapu Koko|100/100
|-fieldstart|move: Electric Terrain|[from] ability: Electric Surge|[of] p1a: Tapu Koko
|move|p2a: Hydreigon|Beat Up|p1a: Tapu Koko
|-resisted|p1a: Tapu Koko
|-damage|p1a: Tapu Koko|93/100
|-resisted|p1a: Tapu Koko
|-damage|p1a: Tapu Koko|82/100
|-resisted|p1a: Tapu Koko
|-damage|p1a: Tapu Koko|73/100
|-resisted|p1a: Tapu Koko
|-damage|p1a: Tapu Koko|64/100
|-resisted|p1a: Tapu Koko
|-damage|p1a: Tapu Koko|54/100
|-resisted|p1a: Tapu Koko
|-damage|p1a: Tapu Koko|48/100
|-hitcount|p1a: Tapu Koko|6
|
|-weather|Sandstorm|[upkeep]
|-damage|p1a: Tapu Koko|42/100|[from] Sandstorm
|-damage|p2a: Hydreigon|88/100|[from] Sandstorm
|upkeep
|turn|3
|
|t:|1653481933
|switch|p2a: Landorus|Landorus-Therian, M|100/100
|-damage|p2a: Landorus|88/100|[from] Stealth Rock
|-ability|p2a: Landorus|Intimidate|boost
|-unboost|p1a: Tapu Koko|atk|1
|move|p1a: Tapu Koko|U-turn|p2a: Landorus
|-resisted|p2a: Landorus
|-damage|p2a: Landorus|83/100
|
|t:|1653481936
|switch|p1a: Starmie|Starmie|100/100|[from]move: U-turn
|
|-weather|Sandstorm|[upkeep]
|-damage|p1a: Starmie|95/100|[from] Sandstorm
|-heal|p2a: Landorus|89/100|[from] item: Leftovers
|upkeep
|turn|4
|
|t:|1653481938
|switch|p2a: Melmetal|Melmetal|100/100
|-damage|p2a: Melmetal|94/100|[from] Stealth Rock
|move|p1a: Starmie|Scald|p2a: Melmetal
|-damage|p2a: Melmetal|68/100
|-status|p2a: Melmetal|brn
|
|-weather|Sandstorm|[upkeep]
|-damage|p1a: Starmie|89/100|[from] Sandstorm
|-damage|p2a: Melmetal|62/100 brn|[from] brn
|upkeep
|turn|5
|
|t:|1653481942
|switch|p1a: Ferrothorn|Ferrothorn, M|100/100
|switch|p2a: Landorus|Landorus-Therian, M|89/100
|-damage|p2a: Landorus|76/100|[from] Stealth Rock
|-ability|p2a: Landorus|Intimidate|boost
|-unboost|p1a: Ferrothorn|atk|1
|
|-weather|none
|-heal|p2a: Landorus|82/100|[from] item: Leftovers
|upkeep
|turn|6
|
|t:|1653481944
|move|p2a: Landorus|Defog|p1a: Ferrothorn
|-unboost|p1a: Ferrothorn|evasion|1
|-sideend|p2: Colonel Rivai|Stealth Rock|[from] move: Defog|[of] p2a: Landorus
|-fieldend|move: Electric Terrain
|move|p1a: Ferrothorn|Knock Off|p2a: Landorus
|-damage|p2a: Landorus|68/100
|-enditem|p2a: Landorus|Leftovers|[from] move: Knock Off|[of] p1a: Ferrothorn
|
|upkeep
|turn|7
|
|t:|1653481947
|move|p2a: Landorus|U-turn|p1a: Ferrothorn
|-damage|p1a: Ferrothorn|87/100
|-damage|p2a: Landorus|56/100|[from] ability: Iron Barbs|[of] p1a: Ferrothorn
|
|t:|1653481950
|switch|p2a: Blacephalon|Blacephalon|100/100|[from]move: U-turn
|move|p1a: Ferrothorn|Knock Off|p2a: Blacephalon
|-supereffective|p2a: Blacephalon
|-damage|p2a: Blacephalon|37/100
|-enditem|p2a: Blacephalon|Choice Scarf|[from] move: Knock Off|[of] p1a: Ferrothorn
|
|-heal|p1a: Ferrothorn|94/100|[from] item: Leftovers
|upkeep
|turn|8
|
|t:|1653481962
|switch|p1a: Dragonite|Dragonite, F|100/100
|move|p2a: Blacephalon|Shadow Ball|p1a: Dragonite
|-damage|p1a: Dragonite|79/100
|
|upkeep
|turn|9
|j| Ctannn
|
|t:|1653481972
|move|p2a: Blacephalon|Trick|p1a: Dragonite
|-activate|p2a: Blacephalon|move: Trick|[of] p1a: Dragonite
|-enditem|p1a: Dragonite|Heavy-Duty Boots|[silent]|[from] move: Trick
|-item|p2a: Blacephalon|Heavy-Duty Boots|[from] move: Trick
|move|p1a: Dragonite|Dragon Dance|p1a: Dragonite
|-boost|p1a: Dragonite|atk|1
|-boost|p1a: Dragonite|spe|1
|
|upkeep
|turn|10
|
|t:|1653481977
|switch|p2a: Landorus|Landorus-Therian, M|56/100
|-ability|p2a: Landorus|Intimidate|boost
|-unboost|p1a: Dragonite|atk|1
|move|p1a: Dragonite|Dragon Dance|p1a: Dragonite
|-boost|p1a: Dragonite|atk|1
|-boost|p1a: Dragonite|spe|1
|
|upkeep
|turn|11
|
|t:|1653481980
|switch|p2a: Toxapex|Toxapex, F|100/100
|move|p1a: Dragonite|Ice Punch|p2a: Toxapex
|-resisted|p2a: Toxapex
|-damage|p2a: Toxapex|89/100
|-damage|p1a: Dragonite|62/100|[from] item: Rocky Helmet|[of] p2a: Toxapex
|
|upkeep
|turn|12
|
|t:|1653481983
|move|p1a: Dragonite|Earthquake|p2a: Toxapex
|-supereffective|p2a: Toxapex
|-damage|p2a: Toxapex|26/100
|move|p2a: Toxapex|Haze|p2a: Toxapex
|-clearallboost
|
|upkeep
|turn|13
|
|t:|1653481989
|switch|p1a: Starmie|Starmie|89/100
|move|p2a: Toxapex|Toxic|p1a: Starmie
|-status|p1a: Starmie|tox
|
|-damage|p1a: Starmie|83/100 tox|[from] psn
|upkeep
|turn|14
|
|t:|1653481996
|switch|p2a: Melmetal|Melmetal|62/100 brn
|move|p1a: Starmie|Scald|p2a: Melmetal
|-damage|p2a: Melmetal|36/100 brn
|
|-damage|p1a: Starmie|71/100 tox|[from] psn
|-damage|p2a: Melmetal|30/100 brn|[from] brn
|upkeep
|turn|15
|
|t:|1653482002
|switch|p1a: Ferrothorn|Ferrothorn, M|94/100
|switch|p2a: Blacephalon|Blacephalon|37/100
|
|-heal|p1a: Ferrothorn|99/100|[from] item: Leftovers
|upkeep
|turn|16
|
|t:|1653482005
|switch|p1a: Hippowdon|Hippowdon, M|51/100
|-weather|Sandstorm|[from] ability: Sand Stream|[of] p1a: Hippowdon
|move|p2a: Blacephalon|Flamethrower|p1a: Hippowdon
|-damage|p1a: Hippowdon|10/100
|
|-weather|Sandstorm|[upkeep]
|-damage|p2a: Blacephalon|31/100|[from] Sandstorm
|-heal|p1a: Hippowdon|16/100|[from] item: Leftovers
|upkeep
|turn|17
|
|t:|1653482017
|switch|p1a: Tapu Koko|Tapu Koko|42/100
|-fieldstart|move: Electric Terrain|[from] ability: Electric Surge|[of] p1a: Tapu Koko
|move|p2a: Blacephalon|Shadow Ball|p1a: Tapu Koko
|-damage|p1a: Tapu Koko|0 fnt
|faint|p1a: Tapu Koko
|-ability|p2a: Blacephalon|Beast Boost|boost
|-boost|p2a: Blacephalon|spa|1
|
|-weather|Sandstorm|[upkeep]
|-damage|p2a: Blacephalon|25/100|[from] Sandstorm
|upkeep
|
|t:|1653482020
|switch|p1a: Excadrill|Excadrill, M|100/100
|turn|18
|
|t:|1653482024
|move|p1a: Excadrill|Iron Head|p2a: Blacephalon
|-resisted|p2a: Blacephalon
|-damage|p2a: Blacephalon|0 fnt
|faint|p2a: Blacephalon
|
|-weather|Sandstorm|[upkeep]
|upkeep
|
|t:|1653482026
|switch|p2a: Kartana|Kartana|100/100
|turn|19
|
|t:|1653482030
|switch|p1a: Ferrothorn|Ferrothorn, M|99/100
|move|p2a: Kartana|Sacred Sword|p1a: Ferrothorn
|-supereffective|p1a: Ferrothorn
|-damage|p1a: Ferrothorn|33/100
|-damage|p2a: Kartana|88/100|[from] ability: Iron Barbs|[of] p1a: Ferrothorn
|
|-weather|Sandstorm|[upkeep]
|-heal|p1a: Ferrothorn|39/100|[from] item: Leftovers
|upkeep
|turn|20
|inactive|Fifufjfjdi has 120 seconds left.
|
|t:|1653482072
|switch|p2a: Toxapex|Toxapex, F|59/100
|switch|p1a: Hippowdon|Hippowdon, M|16/100
|
|-weather|none
|-heal|p1a: Hippowdon|23/100|[from] item: Leftovers
|upkeep
|turn|21
|
|t:|1653482084
|move|p1a: Hippowdon|Slack Off|p1a: Hippowdon
|-heal|p1a: Hippowdon|73/100
|move|p2a: Toxapex|Toxic|p1a: Hippowdon
|-status|p1a: Hippowdon|tox
|
|-heal|p1a: Hippowdon|79/100 tox|[from] item: Leftovers
|-damage|p1a: Hippowdon|73/100 tox|[from] psn
|-fieldend|move: Electric Terrain
|upkeep
|turn|22
|
|t:|1653482087
|switch|p2a: Landorus|Landorus-Therian, M|56/100
|-ability|p2a: Landorus|Intimidate|boost
|-unboost|p1a: Hippowdon|atk|1
|move|p1a: Hippowdon|Stealth Rock|p2a: Landorus
|-sidestart|p2: Colonel Rivai|move: Stealth Rock
|
|-heal|p1a: Hippowdon|79/100 tox|[from] item: Leftovers
|-damage|p1a: Hippowdon|67/100 tox|[from] psn
|upkeep
|turn|23
|
|t:|1653482091
|move|p2a: Landorus|Defog|p1a: Hippowdon
|-unboost|p1a: Hippowdon|evasion|1
|-sideend|p2: Colonel Rivai|Stealth Rock|[from] move: Defog|[of] p2a: Landorus
|move|p1a: Hippowdon|Toxic|p2a: Landorus
|-status|p2a: Landorus|tox
|
|-heal|p1a: Hippowdon|73/100 tox|[from] item: Leftovers
|-damage|p2a: Landorus|50/100 tox|[from] psn
|-damage|p1a: Hippowdon|54/100 tox|[from] psn
|upkeep
|turn|24
|
|t:|1653482097
|move|p2a: Landorus|Stealth Rock|p1a: Hippowdon
|-sidestart|p1: Fifufjfjdi|move: Stealth Rock
|move|p1a: Hippowdon|Stealth Rock|p2a: Landorus
|-sidestart|p2: Colonel Rivai|move: Stealth Rock
|
|-heal|p1a: Hippowdon|61/100 tox|[from] item: Leftovers
|-damage|p2a: Landorus|38/100 tox|[from] psn
|-damage|p1a: Hippowdon|36/100 tox|[from] psn
|upkeep
|turn|25
|
|t:|1653482100
|move|p2a: Landorus|Earthquake|p1a: Hippowdon
|-damage|p1a: Hippowdon|4/100 tox
|move|p1a: Hippowdon|Slack Off|p1a: Hippowdon
|-heal|p1a: Hippowdon|54/100 tox
|
|-heal|p1a: Hippowdon|60/100 tox|[from] item: Leftovers
|-damage|p2a: Landorus|19/100 tox|[from] psn
|-damage|p1a: Hippowdon|30/100 tox|[from] psn
|upkeep
|turn|26
|
|t:|1653482112
|move|p2a: Landorus|Earthquake|p1a: Hippowdon
|-damage|p1a: Hippowdon|0 fnt
|faint|p1a: Hippowdon
|
|-damage|p2a: Landorus|0 fnt|[from] psn
|faint|p2a: Landorus
|upkeep
|
|t:|1653482122
|switch|p2a: Kartana|Kartana|88/100
|switch|p1a: Dragonite|Dragonite, F|62/100
|-damage|p2a: Kartana|82/100|[from] Stealth Rock
|-damage|p1a: Dragonite|37/100|[from] Stealth Rock
|turn|27
|
|t:|1653482128
|move|p2a: Kartana|Aerial Ace|p1a: Dragonite
|-damage|p1a: Dragonite|0 fnt
|faint|p1a: Dragonite
|-ability|p2a: Kartana|Beast Boost|boost
|-boost|p2a: Kartana|atk|1
|
|upkeep
|
|t:|1653482131
|switch|p1a: Excadrill|Excadrill, M|100/100
|-damage|p1a: Excadrill|97/100|[from] Stealth Rock
|turn|28
|
|t:|1653482136
|switch|p2a: Hydreigon|Hydreigon, M|88/100
|-damage|p2a: Hydreigon|76/100|[from] Stealth Rock
|move|p1a: Excadrill|Rapid Spin|p2a: Hydreigon
|-damage|p2a: Hydreigon|44/100
|-boost|p1a: Excadrill|spe|1
|-sideend|p1: Fifufjfjdi|Stealth Rock|[from] move: Rapid Spin|[of] p1a: Excadrill
|
|upkeep
|turn|29
|
|t:|1653482148
|move|p1a: Excadrill|Rapid Spin|p2a: Hydreigon
|-damage|p2a: Hydreigon|11/100
|-boost|p1a: Excadrill|spe|1
|move|p2a: Hydreigon|Superpower|p1a: Excadrill
|-supereffective|p1a: Excadrill
|-damage|p1a: Excadrill|0 fnt
|-unboost|p2a: Hydreigon|atk|1
|-unboost|p2a: Hydreigon|def|1
|faint|p1a: Excadrill
|
|upkeep
|j| user1_ou
|
|t:|1653482152
|switch|p1a: Starmie|Starmie|71/100 tox
|turn|30
|
|t:|1653482157
|move|p1a: Starmie|Thunderbolt|p2a: Hydreigon
|-resisted|p2a: Hydreigon
|-damage|p2a: Hydreigon|0 fnt
|faint|p2a: Hydreigon
|
|-damage|p1a: Starmie|65/100 tox|[from] psn
|upkeep
|
|t:|1653482162
|switch|p2a: Melmetal|Melmetal|30/100 brn
|-damage|p2a: Melmetal|24/100 brn|[from] Stealth Rock
|turn|31
|
|t:|1653482168
|switch|p1a: Ferrothorn|Ferrothorn, M|39/100
|move|p2a: Melmetal|Thunder Punch|p1a: Ferrothorn
|-resisted|p1a: Ferrothorn
|-damage|p1a: Ferrothorn|34/100
|-damage|p2a: Melmetal|12/100 brn|[from] ability: Iron Barbs|[of] p1a: Ferrothorn
|
|-heal|p1a: Ferrothorn|40/100|[from] item: Leftovers
|-damage|p2a: Melmetal|6/100 brn|[from] brn
|upkeep
|turn|32
|
|t:|1653482170
|move|p2a: Melmetal|Superpower|p1a: Ferrothorn
|-supereffective|p1a: Ferrothorn
|-damage|p1a: Ferrothorn|10/100
|-unboost|p2a: Melmetal|atk|1
|-unboost|p2a: Melmetal|def|1
|-damage|p2a: Melmetal|0 fnt|[from] ability: Iron Barbs|[of] p1a: Ferrothorn
|faint|p2a: Melmetal
|move|p1a: Ferrothorn|Spikes|p2: Melmetal
|-sidestart|p2: Colonel Rivai|Spikes
|
|-heal|p1a: Ferrothorn|17/100|[from] item: Leftovers
|upkeep
|
|t:|1653482175
|switch|p2a: Kartana|Kartana|82/100
|-damage|p2a: Kartana|76/100|[from] Stealth Rock
|-damage|p2a: Kartana|63/100|[from] Spikes
|turn|33
|
|t:|1653482181
|move|p2a: Kartana|Knock Off|p1a: Ferrothorn
|-damage|p1a: Ferrothorn|0 fnt
|-damage|p2a: Kartana|51/100|[from] ability: Iron Barbs|[of] p1a: Ferrothorn
|-enditem|p1a: Ferrothorn|Leftovers|[from] move: Knock Off|[of] p2a: Kartana
|faint|p1a: Ferrothorn
|-ability|p2a: Kartana|Beast Boost|boost
|-boost|p2a: Kartana|atk|1
|
|upkeep
|
|t:|1653482182
|switch|p1a: Starmie|Starmie|65/100 tox
|turn|34
|
|t:|1653482184
|move|p1a: Starmie|Ice Beam|p2a: Kartana
|-damage|p2a: Kartana|0 fnt
|faint|p2a: Kartana
|
|-damage|p1a: Starmie|59/100 tox|[from] psn
|upkeep
|
|t:|1653482187
|switch|p2a: Toxapex|Toxapex, F|92/100
|-damage|p2a: Toxapex|80/100|[from] Stealth Rock
|-damage|p2a: Toxapex|68/100|[from] Spikes
|turn|35
|
|t:|1653482190
|move|p1a: Starmie|Thunderbolt|p2a: Toxapex
|-supereffective|p2a: Toxapex
|-damage|p2a: Toxapex|28/100
|move|p2a: Toxapex|Recover|p2a: Toxapex
|-heal|p2a: Toxapex|78/100
|
|-damage|p1a: Starmie|47/100 tox|[from] psn
|upkeep
|turn|36
|
|t:|1653482205
|move|p1a: Starmie|Thunderbolt|p2a: Toxapex
|-supereffective|p2a: Toxapex
|-damage|p2a: Toxapex|34/100
|move|p2a: Toxapex|Knock Off|p1a: Starmie
|-supereffective|p1a: Starmie
|-damage|p1a: Starmie|2/100 tox
|-enditem|p1a: Starmie|Weakness Policy
|-boost|p1a: Starmie|atk|2|[from] item: Weakness Policy
|-boost|p1a: Starmie|spa|2|[from] item: Weakness Policy
|
|-damage|p1a: Starmie|0 fnt|[from] psn
|faint|p1a: Starmie
|
|win|Colonel Rivai
|upkeep
|raw|Fifufjfjdi's rating: 1812 &rarr; <strong>1786</strong><br />(-26 for losing)
|raw|Colonel Rivai's rating: 1710 &rarr; <strong>1736</strong><br />(+26 for winning)
|l|☆Fifufjfjdi
