|raw|<div class="broadcast-blue"><strong>This battle is required to be public due to a player having a name starting with 'lt81yl'.</div>
|j|☆BestixL
|j|☆LT81YL maxou1239
|t:|1625268547
|gametype|singles
|player|p1|BestixL|aromalady-gen3|1834
|player|p2|LT81YL maxou1239|lance|1874
|teamsize|p1|6
|teamsize|p2|6
|gen|8
|tier|[Gen 8] OU
|rated|
|rule|Sleep Clause Mod: Limit one foe put to sleep
|rule|Species Clause: Limit one of each Pokémon
|rule|OHKO Clause: OHKO moves are banned
|rule|Evasion Moves Clause: Evasion moves are banned
|rule|Endless Battle Clause: Forcing endless battles is banned
|rule|HP Percentage Mod: HP is shown in percentages
|rule|Dynamax Clause: You cannot dynamax
|clearpoke
|poke|p1|Slowking-Galar, M|
|poke|p1|Weavile, F|
|poke|p1|Landorus-Therian, M|
|poke|p1|Toxapex, M|
|poke|p1|Tapu Fini|
|poke|p1|Corviknight, M|
|poke|p2|Bisharp, F|
|poke|p2|Dragonite, M|
|poke|p2|Blacephalon|
|poke|p2|Mew|
|poke|p2|Cloyster, M|
|poke|p2|Latias, F|
|teampreview
|inactive|Battle timer is ON: inactive players will automatically lose when time's up. (requested by LT81YL maxou1239)
|j| egalvanc
|
|t:|1625268553
|start
|switch|p1a: no space|Landorus-Therian, M|100/100
|switch|p2a: Mew|Mew|100/100
|-ability|p1a: no space|Intimidate|boost
|-unboost|p2a: Mew|atk|1
|turn|1
|
|t:|1625268559
|move|p1a: no space|Stealth Rock|p2a: Mew
|-sidestart|p2: LT81YL maxou1239|move: Stealth Rock
|move|p2a: Mew|Counter||[still]
|-fail|p2a: Mew
|
|upkeep
|turn|2
|j| pliang888
|
|t:|1625268563
|switch|p1a: Itsuki|Tapu Fini|100/100
|-fieldstart|move: Misty Terrain|[from] ability: Misty Surge|[of] p1a: Itsuki
|move|p2a: Mew|Counter||[still]
|-fail|p2a: Mew
|
|upkeep
|turn|3
|
|t:|1625268566
|switch|p2a: Blacephalon|Blacephalon|100/100
|-damage|p2a: Blacephalon|76/100|[from] Stealth Rock
|move|p1a: Itsuki|Calm Mind|p1a: Itsuki
|-boost|p1a: Itsuki|spa|1
|-boost|p1a: Itsuki|spd|1
|
|upkeep
|turn|4
|j| John W
|
|t:|1625268577
|switch|p1a: 2 soon|Slowking-Galar, M|100/100
|move|p2a: Blacephalon|Trick|p1a: 2 soon
|-activate|p2a: Blacephalon|move: Trick|[of] p1a: 2 soon
|-item|p1a: 2 soon|Choice Scarf|[from] move: Trick
|-item|p2a: Blacephalon|Assault Vest|[from] move: Trick
|
|upkeep
|turn|5
|j| Heracrossed Up
|
|t:|1625268582
|switch|p1a: just friends|Toxapex, M|100/100
|move|p2a: Blacephalon|Shadow Ball|p1a: just friends
|-damage|p1a: just friends|70/100
|-unboost|p1a: just friends|spd|1
|
|upkeep
|turn|6
|j| LT81YL spooky
|
|t:|1625268603
|switch|p1a: 2 soon|Slowking-Galar, M|100/100
|move|p2a: Blacephalon|Shadow Ball|p1a: 2 soon
|-supereffective|p1a: 2 soon
|-crit|p1a: 2 soon
|-damage|p1a: 2 soon|17/100
|
|-fieldend|Misty Terrain
|upkeep
|turn|7
|
|t:|1625268611
|switch|p2a: Bisharp|Bisharp, F|100/100
|-damage|p2a: Bisharp|95/100|[from] Stealth Rock
|switch|p1a: just friends|Toxapex, M|100/100
|
|upkeep
|turn|8
|j| the pharoah
|
|t:|1625268616
|switch|p1a: the reaper|Corviknight, M|100/100
|-ability|p1a: the reaper|Pressure
|move|p2a: Bisharp|Swords Dance|p2a: Bisharp
|-boost|p2a: Bisharp|atk|2
|
|upkeep
|turn|9
|
|t:|1625268618
|move|p2a: Bisharp|Knock Off|p1a: the reaper
|-damage|p1a: the reaper|29/100
|-enditem|p1a: the reaper|Leftovers|[from] move: Knock Off|[of] p2a: Bisharp
|move|p1a: the reaper|Body Press|p2a: Bisharp
|-supereffective|p2a: Bisharp
|-damage|p2a: Bisharp|0 fnt
|faint|p2a: Bisharp
|
|upkeep
|j| We Three Kings
|
|t:|1625268626
|switch|p2a: Blacephalon|Blacephalon|76/100
|-damage|p2a: Blacephalon|51/100|[from] Stealth Rock
|turn|10
|l| We Three Kings
|
|t:|1625268631
|switch|p1a: just friends|Toxapex, M|100/100
|move|p2a: Blacephalon|Shadow Ball|p1a: just friends
|-damage|p1a: just friends|68/100
|
|upkeep
|turn|11
|
|t:|1625268634
|move|p2a: Blacephalon|Shadow Ball|p1a: just friends
|-damage|p1a: just friends|38/100
|move|p1a: just friends|Knock Off|p2a: Blacephalon
|-supereffective|p2a: Blacephalon
|-damage|p2a: Blacephalon|0 fnt
|-enditem|p2a: Blacephalon|Assault Vest|[from] move: Knock Off|[of] p1a: just friends
|faint|p2a: Blacephalon
|
|upkeep
|
|t:|1625268639
|switch|p2a: Mew|Mew|100/100
|-damage|p2a: Mew|88/100|[from] Stealth Rock
|turn|12
|
|t:|1625268643
|switch|p1a: Itsuki|Tapu Fini|100/100
|-fieldstart|move: Misty Terrain|[from] ability: Misty Surge|[of] p1a: Itsuki
|move|p2a: Mew|Taunt|p1a: Itsuki
|-start|p1a: Itsuki|move: Taunt
|
|upkeep
|turn|13
|
|t:|1625268648
|move|p2a: Mew|Spikes|p1a: Itsuki
|-sidestart|p1: BestixL|Spikes
|move|p1a: Itsuki|Scald|p2a: Mew
|-crit|p2a: Mew
|-damage|p2a: Mew|52/100
|
|upkeep
|turn|14
|
|t:|1625268653
|switch|p1a: Yotsuba|Weavile, F|100/100
|-ability|p1a: Yotsuba|Pressure
|move|p2a: Mew|Spikes|p1a: Yotsuba
|-sidestart|p1: BestixL|Spikes
|
|upkeep
|turn|15
|
|t:|1625268659
|move|p1a: Yotsuba|Knock Off|p2a: Mew
|-supereffective|p2a: Mew
|-damage|p2a: Mew|0 fnt
|-enditem|p2a: Mew|Focus Sash|[from] move: Knock Off|[of] p1a: Yotsuba
|faint|p2a: Mew
|
|upkeep
|
|t:|1625268665
|switch|p2a: Cloyster|Cloyster, M|100/100
|-damage|p2a: Cloyster|76/100|[from] Stealth Rock
|turn|16
|j| bulletclaw
|l| bulletclaw
|j| bulletclaw
|
|t:|1625268683
|switch|p1a: no space|Landorus-Therian, M|100/100
|-ability|p1a: no space|Intimidate|boost
|-unboost|p2a: Cloyster|atk|1
|move|p2a: Cloyster|Shell Smash|p2a: Cloyster
|-unboost|p2a: Cloyster|def|1
|-unboost|p2a: Cloyster|spd|1
|-boost|p2a: Cloyster|atk|2
|-boost|p2a: Cloyster|spa|2
|-boost|p2a: Cloyster|spe|2
|
|-fieldend|Misty Terrain
|upkeep
|turn|17
|
|t:|1625268689
|switch|p1a: the reaper|Corviknight, M|29/100
|-ability|p1a: the reaper|Pressure
|move|p2a: Cloyster|Icicle Spear|p1a: the reaper
|-damage|p1a: the reaper|20/100
|-damage|p1a: the reaper|10/100
|-damage|p1a: the reaper|0 fnt
|faint|p1a: the reaper
|-hitcount|p1: the reaper|3
|
|upkeep
|
|t:|1625268693
|switch|p1a: Itsuki|Tapu Fini|100/100
|-damage|p1a: Itsuki|84/100|[from] Spikes
|-fieldstart|move: Misty Terrain|[from] ability: Misty Surge|[of] p1a: Itsuki
|turn|18
|
|t:|1625268696
|move|p2a: Cloyster|Icicle Spear|p1a: Itsuki
|-resisted|p1a: Itsuki
|-damage|p1a: Itsuki|77/100
|-resisted|p1a: Itsuki
|-damage|p1a: Itsuki|71/100
|-resisted|p1a: Itsuki
|-damage|p1a: Itsuki|66/100
|-resisted|p1a: Itsuki
|-damage|p1a: Itsuki|61/100
|-resisted|p1a: Itsuki
|-damage|p1a: Itsuki|54/100
|-hitcount|p1a: Itsuki|5
|move|p1a: Itsuki|Draining Kiss|p2a: Cloyster
|-damage|p2a: Cloyster|6/100
|-heal|p1a: Itsuki|91/100|[from] drain|[of] p2a: Cloyster
|
|-heal|p1a: Itsuki|97/100|[from] item: Leftovers
|upkeep
|turn|19
|j| LT81YL Ruby
|j| im a pos 12 yo
|
|t:|1625268719
|move|p2a: Cloyster|Rock Blast|p1a: Itsuki
|-damage|p1a: Itsuki|89/100
|-damage|p1a: Itsuki|81/100
|-damage|p1a: Itsuki|73/100
|-crit|p1a: Itsuki
|-damage|p1a: Itsuki|61/100
|-damage|p1a: Itsuki|54/100
|-hitcount|p1a: Itsuki|5
|move|p1a: Itsuki|Draining Kiss|p2a: Cloyster
|-damage|p2a: Cloyster|0 fnt
|-heal|p1a: Itsuki|57/100|[from] drain|[of] p2a: Cloyster
|faint|p2a: Cloyster
|
|-heal|p1a: Itsuki|63/100|[from] item: Leftovers
|upkeep
|
|t:|1625268729
|switch|p2a: Latias|Latias, F|100/100
|-damage|p2a: Latias|88/100|[from] Stealth Rock
|turn|20
|
|t:|1625268733
|switch|p1a: no space|Landorus-Therian, M|100/100
|-ability|p1a: no space|Intimidate|boost
|-unboost|p2a: Latias|atk|1
|move|p2a: Latias|Agility|p2a: Latias
|-boost|p2a: Latias|spe|2
|
|upkeep
|turn|21
|
|t:|1625268734
|move|p2a: Latias|Calm Mind|p2a: Latias
|-boost|p2a: Latias|spa|1
|-boost|p2a: Latias|spd|1
|move|p1a: no space|U-turn|p2a: Latias
|-supereffective|p2a: Latias
|-damage|p2a: Latias|41/100
|-enditem|p2a: Latias|Weakness Policy
|-boost|p2a: Latias|atk|2|[from] item: Weakness Policy
|-boost|p2a: Latias|spa|2|[from] item: Weakness Policy
|
|t:|1625268740
|switch|p1a: Yotsuba|Weavile, F|100/100|[from]move: U-turn
|-ability|p1a: Yotsuba|Pressure
|
|upkeep
|turn|22
|j| LT81YL ChatiZ
|
|t:|1625268742
|move|p1a: Yotsuba|Ice Shard|p2a: Latias
|-supereffective|p2a: Latias
|-damage|p2a: Latias|0 fnt
|faint|p2a: Latias
|
|-fieldend|Misty Terrain
|upkeep
|c|☆BestixL|gggggggggg
|
|t:|1625268744
|switch|p2a: Dragonite|Dragonite, M|100/100
|turn|23
|j| baloor
|
|t:|1625268753
|switch|p1a: no space|Landorus-Therian, M|100/100
|-ability|p1a: no space|Intimidate|boost
|-unboost|p2a: Dragonite|atk|1
|move|p2a: Dragonite|Iron Head|p1a: no space
|-damage|p1a: no space|82/100
|
|-heal|p1a: no space|88/100|[from] item: Leftovers
|upkeep
|turn|24
|
|t:|1625268757
|move|p2a: Dragonite|Ice Punch|p1a: no space
|-supereffective|p1a: no space
|-damage|p1a: no space|18/100
|move|p1a: no space|U-turn|p2a: Dragonite
|-resisted|p2a: Dragonite
|-damage|p2a: Dragonite|94/100
|-message|LT81YL maxou1239 forfeited.
|
|win|BestixL
|raw|BestixL's rating: 1834 &rarr; <strong>1856</strong><br />(+22 for winning)
|raw|LT81YL maxou1239's rating: 1874 &rarr; <strong>1852</strong><br />(-22 for losing)
|l|☆LT81YL maxou1239
|l| im a pos 12 yo
|l| LT81YL ChatiZ
