|j|‽cump4
|j|☆Kwaga
|t:|1648437387
|gametype|singles
|player|p1|cump4|gentleman-gen4|1468
|player|p2|Kwaga|preschooler|1550
|teamsize|p1|6
|teamsize|p2|6
|gen|8
|tier|[Gen 8] OU
|rated|
|rule|Sleep Clause Mod: Limit one foe put to sleep
|rule|Species Clause: Limit one of each Pokémon
|rule|OHKO Clause: OHKO moves are banned
|rule|Evasion Moves Clause: Evasion moves are banned
|rule|Endless Battle Clause: Forcing endless battles is banned
|rule|HP Percentage Mod: HP is shown in percentages
|rule|Dynamax Clause: You cannot dynamax
|clearpoke
|poke|p1|Landorus-Therian, M|
|poke|p1|Urshifu-*, M|
|poke|p1|Dragapult, F|
|poke|p1|Corviknight, F|
|poke|p1|Heatran, F|
|poke|p1|Tapu Lele|
|poke|p2|Garchomp, F|
|poke|p2|Ferrothorn, F|
|poke|p2|Clefable, F|
|poke|p2|Rotom-Wash|
|poke|p2|Tornadus-Therian, M|
|poke|p2|Weavile, M|
|teampreview
|inactive|Battle timer is ON: inactive players will automatically lose when time's up. (requested by Kwaga)
|
|t:|1648437444
|start
|switch|p1a: Urshifu|Urshifu-Rapid-Strike, M|100/100
|switch|p2a: Clefable|Clefable, F|100/100
|turn|1
|
|t:|1648437452
|move|p1a: Urshifu|U-turn|p2a: Clefable
|-resisted|p2a: Clefable
|-damage|p2a: Clefable|87/100
|
|t:|1648437473
|switch|p1a: Heatran|Heatran, F|100/100|[from]move: U-turn
|move|p2a: Clefable|Thunder|p1a: Heatran
|-crit|p1a: Heatran
|-damage|p1a: Heatran|74/100
|
|-heal|p1a: Heatran|80/100|[from] item: Leftovers
|upkeep
|turn|2
|
|t:|1648437481
|switch|p2a: Garchomp|Garchomp, F|100/100
|move|p1a: Heatran|Magma Storm|p2a: Garchomp
|-resisted|p2a: Garchomp
|-damage|p2a: Garchomp|76/100
|-activate|p2a: Garchomp|move: Magma Storm|[of] p1a: Heatran
|
|-heal|p2a: Garchomp|82/100|[from] item: Leftovers
|-heal|p1a: Heatran|86/100|[from] item: Leftovers
|-damage|p2a: Garchomp|70/100|[from] move: Magma Storm|[partiallytrapped]
|upkeep
|turn|3
|
|t:|1648437496
|switch|p1a: Corviknight|Corviknight, F, shiny|100/100
|-ability|p1a: Corviknight|Pressure
|move|p2a: Garchomp|Stealth Rock|p1a: Corviknight
|-sidestart|p1: cump4|move: Stealth Rock
|
|-heal|p2a: Garchomp|76/100|[from] item: Leftovers
|-end|p2a: Garchomp|Magma Storm|[partiallytrapped]|[silent]
|upkeep
|turn|4
|
|t:|1648437505
|switch|p2a: Rotom|Rotom-Wash|100/100
|move|p1a: Corviknight|Defog|p2a: Rotom
|-unboost|p2a: Rotom|evasion|1
|-sideend|p1: cump4|Stealth Rock|[from] move: Defog|[of] p1a: Corviknight
|
|upkeep
|turn|5
|
|t:|1648437519
|move|p2a: Rotom|Volt Switch|p1a: Corviknight
|-supereffective|p1a: Corviknight
|-damage|p1a: Corviknight|55/100
|
|t:|1648437525
|switch|p2a: Ferrothorn|Ferrothorn, F|100/100|[from]move: Volt Switch
|move|p1a: Corviknight|U-turn|p2a: Ferrothorn
|-damage|p2a: Ferrothorn|92/100
|-damage|p1a: Corviknight|42/100|[from] ability: Iron Barbs|[of] p2a: Ferrothorn
|
|t:|1648437528
|switch|p1a: Heatran|Heatran, F|86/100|[from]move: U-turn
|
|-heal|p1a: Heatran|92/100|[from] item: Leftovers
|-heal|p2a: Ferrothorn|98/100|[from] item: Leftovers
|upkeep
|turn|6
|
|t:|1648437531
|switch|p2a: Garchomp|Garchomp, F|76/100
|move|p1a: Heatran|Magma Storm|p2a: Garchomp
|-resisted|p2a: Garchomp
|-damage|p2a: Garchomp|54/100
|-activate|p2a: Garchomp|move: Magma Storm|[of] p1a: Heatran
|
|-heal|p2a: Garchomp|60/100|[from] item: Leftovers
|-heal|p1a: Heatran|98/100|[from] item: Leftovers
|-damage|p2a: Garchomp|48/100|[from] move: Magma Storm|[partiallytrapped]
|upkeep
|turn|7
|
|t:|1648437539
|switch|p1a: Corviknight|Corviknight, F, shiny|42/100
|-ability|p1a: Corviknight|Pressure
|move|p2a: Garchomp|Stealth Rock|p1a: Corviknight
|-sidestart|p1: cump4|move: Stealth Rock
|
|-heal|p2a: Garchomp|54/100|[from] item: Leftovers
|-end|p2a: Garchomp|Magma Storm|[partiallytrapped]|[silent]
|upkeep
|turn|8
|
|t:|1648437551
|switch|p2a: Ferrothorn|Ferrothorn, F|98/100
|move|p1a: Corviknight|Roost|p1a: Corviknight
|-heal|p1a: Corviknight|92/100
|-singleturn|p1a: Corviknight|move: Roost
|
|-heal|p2a: Ferrothorn|100/100|[from] item: Leftovers
|upkeep
|turn|9
|
|t:|1648437553
|switch|p1a: Heatran|Heatran, F|98/100
|-damage|p1a: Heatran|86/100|[from] Stealth Rock
|move|p2a: Ferrothorn|Knock Off|p1a: Heatran
|-damage|p1a: Heatran|67/100
|-enditem|p1a: Heatran|Leftovers|[from] move: Knock Off|[of] p2a: Ferrothorn
|
|upkeep
|turn|10
|
|t:|1648437560
|switch|p2a: Rotom|Rotom-Wash|100/100
|move|p1a: Heatran|Magma Storm|p2a: Rotom
|-resisted|p2a: Rotom
|-damage|p2a: Rotom|82/100
|-activate|p2a: Rotom|move: Magma Storm|[of] p1a: Heatran
|
|-heal|p2a: Rotom|88/100|[from] item: Leftovers
|-damage|p2a: Rotom|75/100|[from] move: Magma Storm|[partiallytrapped]
|upkeep
|turn|11
|
|t:|1648437565
|switch|p1a: Dragapult|Dragapult, F|100/100
|-damage|p1a: Dragapult|88/100|[from] Stealth Rock
|move|p2a: Rotom|Hydro Pump|p1a: Dragapult
|-resisted|p1a: Dragapult
|-damage|p1a: Dragapult|62/100
|
|-heal|p2a: Rotom|81/100|[from] item: Leftovers
|-end|p2a: Rotom|Magma Storm|[partiallytrapped]|[silent]
|upkeep
|turn|12
|
|t:|1648437575
|switch|p2a: Clefable|Clefable, F|87/100
|move|p1a: Dragapult|Dragon Darts|p2a: Clefable
|-immune|p2a: Clefable
|
|upkeep
|turn|13
|
|t:|1648437581
|switch|p1a: Corviknight|Corviknight, F, shiny|92/100
|-damage|p1a: Corviknight|80/100|[from] Stealth Rock
|-ability|p1a: Corviknight|Pressure
|switch|p2a: Garchomp|Garchomp, F|54/100
|
|-heal|p2a: Garchomp|60/100|[from] item: Leftovers
|upkeep
|turn|14
|
|t:|1648437586
|switch|p2a: Ferrothorn|Ferrothorn, F|100/100
|move|p1a: Corviknight|Defog|p2a: Ferrothorn
|-unboost|p2a: Ferrothorn|evasion|1
|-sideend|p1: cump4|Stealth Rock|[from] move: Defog|[of] p1a: Corviknight
|
|upkeep
|turn|15
|
|t:|1648437589
|switch|p1a: Heatran|Heatran, F|67/100
|move|p2a: Ferrothorn|Leech Seed|p1a: Heatran|[miss]
|-miss|p2a: Ferrothorn|p1a: Heatran
|
|upkeep
|turn|16
|
|t:|1648437593
|switch|p2a: Garchomp|Garchomp, F|60/100
|move|p1a: Heatran|Toxic|p2a: Garchomp
|-status|p2a: Garchomp|tox
|
|-heal|p2a: Garchomp|66/100 tox|[from] item: Leftovers
|-damage|p2a: Garchomp|60/100 tox|[from] psn
|upkeep
|turn|17
|
|t:|1648437597
|switch|p1a: Corviknight|Corviknight, F, shiny|80/100
|-ability|p1a: Corviknight|Pressure
|move|p2a: Garchomp|Earthquake|p1a: Corviknight
|-immune|p1a: Corviknight
|
|-heal|p2a: Garchomp|66/100 tox|[from] item: Leftovers
|-damage|p2a: Garchomp|54/100 tox|[from] psn
|upkeep
|turn|18
|
|t:|1648437600
|switch|p2a: Ferrothorn|Ferrothorn, F|100/100
|move|p1a: Corviknight|U-turn|p2a: Ferrothorn
|-damage|p2a: Ferrothorn|92/100
|-damage|p1a: Corviknight|67/100|[from] ability: Iron Barbs|[of] p2a: Ferrothorn
|
|t:|1648437602
|switch|p1a: Heatran|Heatran, F|67/100|[from]move: U-turn
|
|-heal|p2a: Ferrothorn|98/100|[from] item: Leftovers
|upkeep
|turn|19
|
|t:|1648437605
|switch|p2a: Rotom|Rotom-Wash|81/100
|move|p1a: Heatran|Magma Storm|p2a: Rotom
|-resisted|p2a: Rotom
|-crit|p2a: Rotom
|-damage|p2a: Rotom|54/100
|-activate|p2a: Rotom|move: Magma Storm|[of] p1a: Heatran
|
|-heal|p2a: Rotom|60/100|[from] item: Leftovers
|-damage|p2a: Rotom|47/100|[from] move: Magma Storm|[partiallytrapped]
|upkeep
|turn|20
|
|t:|1648437608
|switch|p1a: Dragapult|Dragapult, F|62/100
|move|p2a: Rotom|Thunder Wave|p1a: Dragapult
|-status|p1a: Dragapult|par
|
|-heal|p2a: Rotom|53/100|[from] item: Leftovers
|-end|p2a: Rotom|Magma Storm|[partiallytrapped]|[silent]
|upkeep
|turn|21
|
|t:|1648437613
|move|p2a: Rotom|Volt Switch|p1a: Dragapult
|-resisted|p1a: Dragapult
|-damage|p1a: Dragapult|43/100 par
|
|t:|1648437616
|switch|p2a: Clefable|Clefable, F|87/100|[from]move: Volt Switch
|move|p1a: Dragapult|U-turn|p2a: Clefable
|-resisted|p2a: Clefable
|-crit|p2a: Clefable
|-damage|p2a: Clefable|66/100
|
|t:|1648437620
|switch|p1a: Urshifu|Urshifu-Rapid-Strike, M|100/100|[from]move: U-turn
|
|upkeep
|turn|22
|c|☆Kwaga|plz stop critting me
|c|☆Kwaga|ty
|
|t:|1648437630
|move|p1a: Urshifu|U-turn|p2a: Clefable
|-resisted|p2a: Clefable
|-damage|p2a: Clefable|50/100
|
|t:|1648437634
|switch|p1a: Corviknight|Corviknight, F, shiny|67/100|[from]move: U-turn
|-ability|p1a: Corviknight|Pressure
|move|p2a: Clefable|Soft-Boiled|p2a: Clefable
|-heal|p2a: Clefable|99/100
|
|upkeep
|turn|23
|
|t:|1648437637
|move|p2a: Clefable|Thunder|p1a: Corviknight|[miss]
|-miss|p2a: Clefable|p1a: Corviknight
|move|p1a: Corviknight|Roost|p1a: Corviknight
|-heal|p1a: Corviknight|100/100
|-singleturn|p1a: Corviknight|move: Roost
|
|upkeep
|turn|24
|
|t:|1648437645
|switch|p1a: Landorus|Landorus-Therian, M|100/100
|-ability|p1a: Landorus|Intimidate|boost
|-unboost|p2a: Clefable|atk|1
|move|p2a: Clefable|Calm Mind|p2a: Clefable
|-boost|p2a: Clefable|spa|1
|-boost|p2a: Clefable|spd|1
|
|upkeep
|turn|25
|
|t:|1648437649
|move|p1a: Landorus|Earthquake|p2a: Clefable
|-crit|p2a: Clefable
|-damage|p2a: Clefable|40/100
|move|p2a: Clefable|Moonblast|p1a: Landorus
|-damage|p1a: Landorus|51/100
|
|-heal|p1a: Landorus|57/100|[from] item: Leftovers
|upkeep
|turn|26
|c|☆Kwaga|yo stop
|
|t:|1648437656
|move|p1a: Landorus|Earthquake|p2a: Clefable
|-damage|p2a: Clefable|2/100
|move|p2a: Clefable|Soft-Boiled|p2a: Clefable
|-heal|p2a: Clefable|52/100
|
|-heal|p1a: Landorus|63/100|[from] item: Leftovers
|upkeep
|turn|27
|
|t:|1648437660
|move|p1a: Landorus|U-turn|p2a: Clefable
|-resisted|p2a: Clefable
|-damage|p2a: Clefable|42/100
|
|t:|1648437668
|switch|p1a: Tapu Lele|Tapu Lele, shiny|100/100|[from]move: U-turn
|-fieldstart|move: Psychic Terrain|[from] ability: Psychic Surge|[of] p1a: Tapu Lele
|move|p2a: Clefable|Soft-Boiled|p2a: Clefable
|-heal|p2a: Clefable|92/100
|
|upkeep
|turn|28
|
|t:|1648437677
|switch|p2a: Weavile|Weavile, M|100/100
|-ability|p2a: Weavile|Pressure
|move|p1a: Tapu Lele|Psyshock|p2a: Weavile
|-immune|p2a: Weavile
|
|upkeep
|turn|29
|
|t:|1648437683
|switch|p1a: Corviknight|Corviknight, F, shiny|100/100
|-ability|p1a: Corviknight|Pressure
|move|p2a: Weavile|Knock Off|p1a: Corviknight
|-damage|p1a: Corviknight|57/100
|-damage|p2a: Weavile|84/100|[from] item: Rocky Helmet|[of] p1a: Corviknight
|-enditem|p1a: Corviknight|Rocky Helmet|[from] move: Knock Off|[of] p2a: Weavile
|
|upkeep
|turn|30
|
|t:|1648437693
|switch|p2a: Ferrothorn|Ferrothorn, F|98/100
|switch|p1a: Heatran|Heatran, F|67/100
|
|-heal|p2a: Ferrothorn|100/100|[from] item: Leftovers
|upkeep
|turn|31
|
|t:|1648437698
|switch|p2a: Rotom|Rotom-Wash|53/100
|move|p1a: Heatran|Magma Storm|p2a: Rotom
|-resisted|p2a: Rotom
|-damage|p2a: Rotom|34/100
|-activate|p2a: Rotom|move: Magma Storm|[of] p1a: Heatran
|
|-heal|p2a: Rotom|40/100|[from] item: Leftovers
|-damage|p2a: Rotom|28/100|[from] move: Magma Storm|[partiallytrapped]
|-fieldend|move: Psychic Terrain
|upkeep
|turn|32
|
|t:|1648437705
|switch|p1a: Corviknight|Corviknight, F, shiny|57/100
|-ability|p1a: Corviknight|Pressure
|move|p2a: Rotom|Pain Split|p1a: Corviknight
|-sethp|p1a: Corviknight|39/100|[from] move: Pain Split|[silent]
|-sethp|p2a: Rotom|52/100|[from] move: Pain Split
|
|-heal|p2a: Rotom|58/100|[from] item: Leftovers
|-end|p2a: Rotom|Magma Storm|[partiallytrapped]|[silent]
|upkeep
|turn|33
|
|t:|1648437735
|move|p2a: Rotom|Volt Switch|p1a: Corviknight
|-supereffective|p1a: Corviknight
|-damage|p1a: Corviknight|0 fnt
|faint|p1a: Corviknight
|
|t:|1648437742
|switch|p2a: Tornadus|Tornadus-Therian, M|100/100|[from]move: Volt Switch
|
|upkeep
|
|t:|1648437746
|switch|p1a: Tapu Lele|Tapu Lele, shiny|100/100
|-fieldstart|move: Psychic Terrain|[from] ability: Psychic Surge|[of] p1a: Tapu Lele
|turn|34
|
|t:|1648437750
|move|p1a: Tapu Lele|Thunder|p2a: Tornadus
|-supereffective|p2a: Tornadus
|-damage|p2a: Tornadus|20/100
|move|p2a: Tornadus|U-turn|p1a: Tapu Lele
|-damage|p1a: Tapu Lele|79/100
|
|t:|1648437755
|switch|p2a: Garchomp|Garchomp, F|54/100 tox|[from]move: U-turn
|
|-heal|p2a: Garchomp|60/100 tox|[from] item: Leftovers
|-damage|p2a: Garchomp|54/100 tox|[from] psn
|upkeep
|turn|35
|
|t:|1648437758
|switch|p1a: Landorus|Landorus-Therian, M|63/100
|-ability|p1a: Landorus|Intimidate|boost
|-unboost|p2a: Garchomp|atk|1
|move|p2a: Garchomp|Stealth Rock|p1a: Landorus
|-sidestart|p1: cump4|move: Stealth Rock
|
|-heal|p2a: Garchomp|60/100 tox|[from] item: Leftovers
|-heal|p1a: Landorus|70/100|[from] item: Leftovers
|-damage|p2a: Garchomp|48/100 tox|[from] psn
|upkeep
|turn|36
|
|t:|1648437766
|switch|p2a: Ferrothorn|Ferrothorn, F|100/100
|move|p1a: Landorus|Toxic|p2a: Ferrothorn
|-immune|p2a: Ferrothorn
|
|-heal|p1a: Landorus|76/100|[from] item: Leftovers
|upkeep
|turn|37
|
|t:|1648437770
|move|p1a: Landorus|Stealth Rock|p2a: Ferrothorn
|-sidestart|p2: Kwaga|move: Stealth Rock
|move|p2a: Ferrothorn|Leech Seed|p1a: Landorus
|-start|p1a: Landorus|move: Leech Seed
|
|-heal|p1a: Landorus|82/100|[from] item: Leftovers
|-damage|p1a: Landorus|69/100|[from] Leech Seed|[of] p2a: Ferrothorn
|upkeep
|turn|38
|
|t:|1648437774
|switch|p1a: Heatran|Heatran, F|67/100
|-damage|p1a: Heatran|55/100|[from] Stealth Rock
|move|p2a: Ferrothorn|Leech Seed|p1a: Heatran
|-start|p1a: Heatran|move: Leech Seed
|
|-damage|p1a: Heatran|42/100|[from] Leech Seed|[of] p2a: Ferrothorn
|-fieldend|move: Psychic Terrain
|upkeep
|turn|39
|
|t:|1648437780
|switch|p2a: Garchomp|Garchomp, F|48/100 tox
|-damage|p2a: Garchomp|41/100 tox|[from] Stealth Rock
|move|p1a: Heatran|Toxic|p2a: Garchomp
|-fail|p2a: Garchomp|tox
|
|-heal|p2a: Garchomp|48/100 tox|[from] item: Leftovers
|-damage|p1a: Heatran|30/100|[from] Leech Seed|[of] p2a: Garchomp
|-heal|p2a: Garchomp|61/100 tox|[silent]
|-damage|p2a: Garchomp|55/100 tox|[from] psn
|upkeep
|turn|40
|-message|cump4 forfeited.
|
|win|Kwaga
|raw|cump4's rating: 1490 &rarr; <strong>1473</strong><br />(-17 for losing)
|raw|Kwaga's rating: 1550 &rarr; <strong>1567</strong><br />(+17 for winning)
|l|‽cump4
