|j|☆Sww-Suwa
|j|☆cogonahorse
|inactive|Battle timer is ON: inactive players will automatically lose when time's up.
|t:|1658677375
|gametype|singles
|player|p1|Sww-Suwa|lisia|
|player|p2|cogonahorse|hilbert-wonderlauncher|
|teamsize|p1|6
|teamsize|p2|6
|gen|8
|tier|[Gen 8] OU
|rated|Tournament battle
|rule|Sleep Clause Mod: Limit one foe put to sleep
|rule|Species Clause: Limit one of each Pokémon
|rule|OHKO Clause: OHKO moves are banned
|rule|Evasion Moves Clause: Evasion moves are banned
|rule|Endless Battle Clause: Forcing endless battles is banned
|rule|HP Percentage Mod: HP is shown in percentages
|rule|Dynamax Clause: You cannot dynamax
|clearpoke
|poke|p1|Weavile, M|
|poke|p1|Hawlucha, F|
|poke|p1|Regieleki|
|poke|p1|Zeraora|
|poke|p1|Tapu Koko|
|poke|p1|Azelf|
|poke|p2|Ninetales-Alola, M|
|poke|p2|Heatran, M|
|poke|p2|Dragapult, M|
|poke|p2|Hawlucha, F|
|poke|p2|Garchomp, M|
|poke|p2|Cloyster, F|
|teampreview
|c|☆Sww-Suwa|hf
|j| BT89
|c|☆cogonahorse|hf
|c| BT89|reveal scarf azelf
|
|t:|1658677396
|start
|switch|p1a: Azelf|Azelf|100/100
|switch|p2a: Cloyster|Cloyster, F|100/100
|turn|1
|
|t:|1658677406
|move|p1a: Azelf|Taunt|p2a: Cloyster
|-start|p2a: Cloyster|move: Taunt
|cant|p2a: Cloyster|move: Taunt|Shell Smash
|
|upkeep
|turn|2
|
|t:|1658677408
|move|p1a: Azelf|Stealth Rock|p2a: Cloyster
|-sidestart|p2: cogonahorse|move: Stealth Rock
|move|p2a: Cloyster|Icicle Spear|p1a: Azelf
|-enditem|p2a: Cloyster|Ice Gem|[from] gem
|-damage|p1a: Azelf|77/100
|-damage|p1a: Azelf|53/100
|-damage|p1a: Azelf|30/100
|-damage|p1a: Azelf|7/100
|-damage|p1a: Azelf|0 fnt
|faint|p1a: Azelf
|-hitcount|p1: Azelf|5
|
|upkeep
|j| innovamania
|c|☆Sww-Suwa|damn that's strong af
|c| BT89|YOO
|c| BT89|that goes hard
|j| Ad.... 067 ツ
|inactive|Sww-Suwa has 120 seconds left.
|l| BT89
|l| Ad.... 067 ツ
|
|t:|1658677454
|switch|p1a: Tapu Koko|Tapu Koko, shiny|100/100
|-fieldstart|move: Electric Terrain|[from] ability: Electric Surge|[of] p1a: Tapu Koko
|turn|3
|j| pikablu007
|l| pikablu007
|
|t:|1658677479
|move|p1a: Tapu Koko|Calm Mind|p1a: Tapu Koko
|-boost|p1a: Tapu Koko|spa|1
|-boost|p1a: Tapu Koko|spd|1
|move|p2a: Cloyster|Icicle Spear|p1a: Tapu Koko
|-damage|p1a: Tapu Koko|85/100
|-damage|p1a: Tapu Koko|69/100
|-crit|p1a: Tapu Koko
|-damage|p1a: Tapu Koko|46/100
|-damage|p1a: Tapu Koko|29/100
|-damage|p1a: Tapu Koko|12/100
|-hitcount|p1a: Tapu Koko|5
|
|-end|p2a: Cloyster|move: Taunt
|upkeep
|turn|4
|inactive|Sww-Suwa has 120 seconds left.
|
|t:|1658677490
|move|p1a: Tapu Koko|Thunderbolt|p2a: Cloyster
|-supereffective|p2a: Cloyster
|-damage|p2a: Cloyster|0 fnt
|faint|p2a: Cloyster
|
|upkeep
|c|☆Sww-Suwa|thankfully
|
|t:|1658677495
|switch|p2a: Heatran|Heatran, M|100/100
|-damage|p2a: Heatran|88/100|[from] Stealth Rock
|turn|5
|c|☆Sww-Suwa|that wasnt shard
|
|t:|1658677512
|move|p1a: Tapu Koko|Thunderbolt|p2a: Heatran
|-damage|p2a: Heatran|20/100
|move|p2a: Heatran|Eruption|p1a: Tapu Koko
|-enditem|p2a: Heatran|Fire Gem|[from] gem
|-damage|p1a: Tapu Koko|0 fnt
|faint|p1a: Tapu Koko
|
|upkeep
|inactive|Sww-Suwa has 120 seconds left.
|c| innovamania|thats a lot of electric types
|
|t:|1658677537
|switch|p1a: Regieleki|Regieleki|100/100
|turn|6
|
|t:|1658677543
|move|p1a: Regieleki|Wild Charge|p2a: Heatran
|-damage|p2a: Heatran|0 fnt
|faint|p2a: Heatran
|-damage|p1a: Regieleki|95/100|[from] Recoil
|
|upkeep
|c|☆cogonahorse|cool
|
|t:|1658677564
|switch|p2a: Garchomp|Garchomp, M|100/100
|-damage|p2a: Garchomp|94/100|[from] Stealth Rock
|turn|7
|inactive|cogonahorse has 120 seconds left.
|
|t:|1658677582
|switch|p2a: Dragapult|Dragapult, M|100/100
|-damage|p2a: Dragapult|88/100|[from] Stealth Rock
|move|p1a: Regieleki|Explosion|p2a: Dragapult
|-immune|p2a: Dragapult
|faint|p1a: Regieleki
|
|-fieldend|move: Electric Terrain
|upkeep
|c|☆Sww-Suwa|was that so obvious?
|
|t:|1658677592
|switch|p1a: Zeraora|Zeraora, shiny|100/100
|turn|8
|c|☆cogonahorse|i wasn''t sure
|c|☆cogonahorse|so i just happened to guess right
|
|t:|1658677604
|switch|p2a: Garchomp|Garchomp, M|94/100
|-damage|p2a: Garchomp|88/100|[from] Stealth Rock
|move|p1a: Zeraora|Bulk Up|p1a: Zeraora
|-boost|p1a: Zeraora|atk|1
|-boost|p1a: Zeraora|def|1
|
|upkeep
|turn|9
|j| Fitzcarraldo
|
|t:|1658677615
|switch|p1a: Hawlucha|Hawlucha, F|100/100
|move|p2a: Garchomp|Scale Shot|p1a: Hawlucha|[miss]
|-miss|p2a: Garchomp|p1a: Hawlucha
|
|upkeep
|turn|10
|c|☆Sww-Suwa|o dam
|inactive|cogonahorse has 120 seconds left.
|inactive|cogonahorse has 90 seconds left.
|
|t:|1658677674
|move|p1a: Hawlucha|Acrobatics|p2a: Garchomp
|-enditem|p1a: Hawlucha|Flying Gem|[from] gem
|-damage|p2a: Garchomp|27/100
|-damage|p1a: Hawlucha|88/100|[from] ability: Rough Skin|[of] p2a: Garchomp
|move|p2a: Garchomp|Aqua Tail|p1a: Hawlucha
|-enditem|p2a: Garchomp|Water Gem|[from] gem
|-damage|p1a: Hawlucha|33/100
|
|upkeep
|turn|11
|
|t:|1658677685
|move|p1a: Hawlucha|Acrobatics|p2a: Garchomp
|-damage|p2a: Garchomp|0 fnt
|-damage|p1a: Hawlucha|21/100|[from] ability: Rough Skin|[of] p2a: Garchomp
|faint|p2a: Garchomp
|
|upkeep
|
|t:|1658677688
|switch|p2a: Ninetales|Ninetales-Alola, M|100/100
|-damage|p2a: Ninetales|76/100|[from] Stealth Rock
|-weather|Hail|[from] ability: Snow Warning|[of] p2a: Ninetales
|turn|12
|
|t:|1658677693
|move|p1a: Hawlucha|Close Combat|p2a: Ninetales
|-damage|p2a: Ninetales|14/100
|-unboost|p1a: Hawlucha|def|1
|-unboost|p1a: Hawlucha|spd|1
|move|p2a: Ninetales|Freeze-Dry|p1a: Hawlucha
|-enditem|p2a: Ninetales|Ice Gem|[from] gem
|-supereffective|p1a: Hawlucha
|-damage|p1a: Hawlucha|0 fnt
|faint|p1a: Hawlucha
|
|-weather|Hail|[upkeep]
|upkeep
|
|t:|1658677708
|switch|p1a: Weavile|Weavile, M|100/100
|turn|13
|
|t:|1658677714
|move|p1a: Weavile|Knock Off|p2a: Ninetales
|-resisted|p2a: Ninetales
|-damage|p2a: Ninetales|0 fnt
|faint|p2a: Ninetales
|
|-weather|Hail|[upkeep]
|upkeep
|
|t:|1658677717
|switch|p2a: Dragapult|Dragapult, M|88/100
|-damage|p2a: Dragapult|76/100|[from] Stealth Rock
|turn|14
|inactive|cogonahorse has 90 seconds left.
|
|t:|1658677752
|move|p1a: Weavile|Ice Shard|p2a: Dragapult
|-enditem|p1a: Weavile|Ice Gem|[from] gem
|-supereffective|p2a: Dragapult
|-damage|p2a: Dragapult|0 fnt
|faint|p2a: Dragapult
|
|-weather|Hail|[upkeep]
|upkeep
|
|t:|1658677755
|switch|p2a: Hawlucha|Hawlucha, F|100/100
|-damage|p2a: Hawlucha|88/100|[from] Stealth Rock
|turn|15
|
|t:|1658677772
|move|p1a: Weavile|Ice Shard|p2a: Hawlucha
|-supereffective|p2a: Hawlucha
|-damage|p2a: Hawlucha|35/100
|move|p2a: Hawlucha|Acrobatics|p1a: Weavile
|-enditem|p2a: Hawlucha|Flying Gem|[from] gem
|-damage|p1a: Weavile|0 fnt
|faint|p1a: Weavile
|
|-weather|Hail|[upkeep]
|-damage|p2a: Hawlucha|29/100|[from] Hail
|upkeep
|
|t:|1658677774
|switch|p1a: Zeraora|Zeraora, shiny|100/100
|turn|16
|
|t:|1658677778
|move|p2a: Hawlucha|Close Combat|p1a: Zeraora
|-damage|p1a: Zeraora|30/100
|-unboost|p2a: Hawlucha|def|1
|-unboost|p2a: Hawlucha|spd|1
|move|p1a: Zeraora|Plasma Fists|p2a: Hawlucha
|-supereffective|p2a: Hawlucha
|-damage|p2a: Hawlucha|0 fnt
|-fieldactivate|move: Ion Deluge
|-hint|Normal-type moves become Electric-type after using Plasma Fists.
|faint|p2a: Hawlucha
|
|win|Sww-Suwa
|n|☆Sww-Suwa|swwsuwa
|n|☆cogonahorse|cogonahorse
|n| innovamania|innovamania
|n| Fitzcarraldo|fitzcarraldo
|c|☆cogonahorse|gg
|c|☆Sww-Suwa|rip srry
|l|☆Sww-Suwa
|c|☆cogonahorse|no big deal, I don't think the rng mattered too much
