|j|☆im tofa
|j|☆Gurtrant
|t:|1629563895
|gametype|singles
|player|p1|im tofa|battlegirl-gen4|1620
|player|p2|Gurtrant|238|1623
|teamsize|p1|6
|teamsize|p2|6
|gen|8
|tier|[Gen 8] OU
|rated|
|rule|Sleep Clause Mod: Limit one foe put to sleep
|rule|Species Clause: Limit one of each Pokémon
|rule|OHKO Clause: OHKO moves are banned
|rule|Evasion Moves Clause: Evasion moves are banned
|rule|Endless Battle Clause: Forcing endless battles is banned
|rule|HP Percentage Mod: HP is shown in percentages
|rule|Dynamax Clause: You cannot dynamax
|clearpoke
|poke|p1|Tyranitar, F|
|poke|p1|Ferrothorn, F|
|poke|p1|Excadrill, F|
|poke|p1|Buzzwole|
|poke|p1|Slowking, M|
|poke|p1|Magnezone|
|poke|p2|Pelipper, F|
|poke|p2|Heliolisk, M|
|poke|p2|Seismitoad, M|
|poke|p2|Barraskewda, M|
|poke|p2|Ferrothorn, F|
|poke|p2|Zapdos|
|teampreview
|inactive|Battle timer is ON: inactive players will automatically lose when time's up. (requested by Gurtrant)
|inactive|im tofa also wants the timer to be on.
|j| BGMT
|inactive|im tofa has 120 seconds left.
|inactive|Gurtrant has 120 seconds left.
|
|t:|1629563936
|start
|switch|p1a: Ferrothorn|Ferrothorn, F|100/100
|switch|p2a: Pelipper|Pelipper, F|100/100
|-weather|RainDance|[from] ability: Drizzle|[of] p2a: Pelipper
|turn|1
|
|t:|1629563949
|switch|p2a: Ferrothorn|Ferrothorn, F|100/100
|move|p1a: Ferrothorn|Knock Off|p2a: Ferrothorn
|-damage|p2a: Ferrothorn|85/100
|-damage|p1a: Ferrothorn|88/100|[from] ability: Iron Barbs|[of] p2a: Ferrothorn
|-enditem|p2a: Ferrothorn|Leftovers|[from] move: Knock Off|[of] p1a: Ferrothorn
|
|-weather|RainDance|[upkeep]
|-heal|p1a: Ferrothorn|94/100|[from] item: Leftovers
|upkeep
|turn|2
|inactive|Gurtrant has 120 seconds left.
|
|t:|1629564001
|move|p1a: Ferrothorn|Knock Off|p2a: Ferrothorn
|-damage|p2a: Ferrothorn|73/100
|-damage|p1a: Ferrothorn|82/100|[from] ability: Iron Barbs|[of] p2a: Ferrothorn
|move|p2a: Ferrothorn|Knock Off|p1a: Ferrothorn
|-damage|p1a: Ferrothorn|67/100
|-damage|p2a: Ferrothorn|61/100|[from] ability: Iron Barbs|[of] p1a: Ferrothorn
|-enditem|p1a: Ferrothorn|Leftovers|[from] move: Knock Off|[of] p2a: Ferrothorn
|
|-weather|RainDance|[upkeep]
|upkeep
|turn|3
|
|t:|1629564004
|move|p1a: Ferrothorn|Spikes|p2a: Ferrothorn
|-sidestart|p2: Gurtrant|Spikes
|move|p2a: Ferrothorn|Spikes|p1a: Ferrothorn
|-sidestart|p1: im tofa|Spikes
|
|-weather|RainDance|[upkeep]
|upkeep
|turn|4
|
|t:|1629564013
|switch|p2a: Zapdos|Zapdos|100/100
|move|p1a: Ferrothorn|Spikes|p2a: Zapdos
|-sidestart|p2: Gurtrant|Spikes
|
|-weather|RainDance|[upkeep]
|upkeep
|turn|5
|
|t:|1629564019
|switch|p1a: Tyranitar|Tyranitar, F|100/100
|-damage|p1a: Tyranitar|88/100|[from] Spikes
|-weather|Sandstorm|[from] ability: Sand Stream|[of] p1a: Tyranitar
|move|p2a: Zapdos|Defog|p1a: Tyranitar
|-unboost|p1a: Tyranitar|evasion|1
|-sideend|p1: im tofa|Spikes|[from] move: Defog|[of] p2a: Zapdos
|-sideend|p2: Gurtrant|Spikes|[from] move: Defog|[of] p2a: Zapdos
|
|-weather|Sandstorm|[upkeep]
|-damage|p2a: Zapdos|94/100|[from] Sandstorm
|-heal|p1a: Tyranitar|94/100|[from] item: Leftovers
|upkeep
|turn|6
|
|t:|1629564027
|switch|p2a: Ferrothorn|Ferrothorn, F|61/100
|move|p1a: Tyranitar|Stealth Rock|p2a: Ferrothorn
|-sidestart|p2: Gurtrant|move: Stealth Rock
|
|-weather|Sandstorm|[upkeep]
|-heal|p1a: Tyranitar|100/100|[from] item: Leftovers
|upkeep
|turn|7
|
|t:|1629564033
|switch|p1a: Magnezone|Magnezone|100/100
|move|p2a: Ferrothorn|Knock Off|p1a: Magnezone
|-damage|p1a: Magnezone|77/100
|-enditem|p1a: Magnezone|Expert Belt|[from] move: Knock Off|[of] p2a: Ferrothorn
|
|-weather|Sandstorm|[upkeep]
|upkeep
|turn|8
|
|t:|1629564037
|move|p1a: Magnezone|Iron Defense|p1a: Magnezone
|-boost|p1a: Magnezone|def|2
|move|p2a: Ferrothorn|Spikes|p1a: Magnezone
|-sidestart|p1: im tofa|Spikes
|
|-weather|Sandstorm|[upkeep]
|upkeep
|turn|9
|
|t:|1629564063
|move|p1a: Magnezone|Body Press|p2a: Ferrothorn
|-supereffective|p2a: Ferrothorn
|-damage|p2a: Ferrothorn|0 fnt
|-damage|p1a: Magnezone|65/100|[from] ability: Iron Barbs|[of] p2a: Ferrothorn
|faint|p2a: Ferrothorn
|
|-weather|none
|upkeep
|
|t:|1629564074
|switch|p2a: Seismitoad|Seismitoad, M|100/100
|-damage|p2a: Seismitoad|94/100|[from] Stealth Rock
|turn|10
|
|t:|1629564085
|switch|p1a: Slowking|Slowking, M|100/100
|move|p2a: Seismitoad|Earth Power|p1a: Slowking
|-damage|p1a: Slowking|59/100
|-damage|p2a: Seismitoad|84/100|[from] item: Life Orb
|
|upkeep
|turn|11
|
|t:|1629564109
|switch|p2a: Pelipper|Pelipper, F|100/100
|-damage|p2a: Pelipper|75/100|[from] Stealth Rock
|-weather|RainDance|[from] ability: Drizzle|[of] p2a: Pelipper
|move|p1a: Slowking|Slack Off|p1a: Slowking
|-heal|p1a: Slowking|100/100
|
|-weather|RainDance|[upkeep]
|upkeep
|turn|12
|
|t:|1629564118
|move|p2a: Pelipper|U-turn|p1a: Slowking
|-supereffective|p1a: Slowking
|-damage|p1a: Slowking|89/100
|
|t:|1629564121
|switch|p2a: Heliolisk|Heliolisk, M, shiny|100/100|[from]move: U-turn
|-damage|p2a: Heliolisk|88/100|[from] Stealth Rock
|move|p1a: Slowking|Future Sight|p2a: Heliolisk
|-start|p1a: Slowking|move: Future Sight
|
|-weather|RainDance|[upkeep]
|-heal|p2a: Heliolisk|100/100|[from] ability: Dry Skin
|upkeep
|turn|13
|
|t:|1629564139
|switch|p1a: Magnezone|Magnezone|65/100
|-damage|p1a: Magnezone|52/100|[from] Spikes
|move|p2a: Heliolisk|Thunder|p1a: Magnezone
|-resisted|p1a: Magnezone
|-damage|p1a: Magnezone|6/100
|-damage|p2a: Heliolisk|91/100|[from] item: Life Orb
|
|-weather|RainDance|[upkeep]
|-heal|p2a: Heliolisk|100/100|[from] ability: Dry Skin
|upkeep
|turn|14
|
|t:|1629564146
|move|p2a: Heliolisk|Surf|p1a: Magnezone
|-damage|p1a: Magnezone|0 fnt
|faint|p1a: Magnezone
|-damage|p2a: Heliolisk|91/100|[from] item: Life Orb
|
|-weather|RainDance|[upkeep]
|-heal|p2a: Heliolisk|100/100|[from] ability: Dry Skin
|-end|p2a: Heliolisk|move: Future Sight
|-damage|p2a: Heliolisk|49/100
|upkeep
|
|t:|1629564150
|switch|p1a: Tyranitar|Tyranitar, F|100/100
|-damage|p1a: Tyranitar|88/100|[from] Spikes
|-weather|Sandstorm|[from] ability: Sand Stream|[of] p1a: Tyranitar
|turn|15
|
|t:|1629564167
|switch|p2a: Zapdos|Zapdos|94/100
|move|p1a: Tyranitar|Rock Blast|p2a: Zapdos
|-supereffective|p2a: Zapdos
|-damage|p2a: Zapdos|79/100
|-supereffective|p2a: Zapdos
|-damage|p2a: Zapdos|61/100
|-supereffective|p2a: Zapdos
|-damage|p2a: Zapdos|46/100
|-hitcount|p2a: Zapdos|3
|
|-weather|Sandstorm|[upkeep]
|-damage|p2a: Zapdos|40/100|[from] Sandstorm
|-heal|p1a: Tyranitar|94/100|[from] item: Leftovers
|upkeep
|turn|16
|
|t:|1629564181
|move|p2a: Zapdos|Roost|p2a: Zapdos
|-heal|p2a: Zapdos|90/100
|-singleturn|p2a: Zapdos|move: Roost
|move|p1a: Tyranitar|Rock Blast|p2a: Zapdos
|-damage|p2a: Zapdos|82/100
|-damage|p2a: Zapdos|74/100
|-damage|p2a: Zapdos|66/100
|-damage|p2a: Zapdos|58/100
|-damage|p2a: Zapdos|50/100
|-hitcount|p2a: Zapdos|5
|
|-weather|Sandstorm|[upkeep]
|-damage|p2a: Zapdos|44/100|[from] Sandstorm
|-heal|p1a: Tyranitar|100/100|[from] item: Leftovers
|upkeep
|turn|17
|
|t:|1629564206
|switch|p1a: Excadrill|Excadrill, F|100/100
|-damage|p1a: Excadrill|88/100|[from] Spikes
|move|p2a: Zapdos|Roost|p2a: Zapdos
|-heal|p2a: Zapdos|94/100
|-singleturn|p2a: Zapdos|move: Roost
|
|-weather|Sandstorm|[upkeep]
|-damage|p2a: Zapdos|87/100|[from] Sandstorm
|-heal|p1a: Excadrill|94/100|[from] item: Leftovers
|upkeep
|turn|18
|inactive|Gurtrant has 120 seconds left.
|inactive|Gurtrant has 90 seconds left.
|
|t:|1629564280
|move|p1a: Excadrill|Toxic|p2a: Zapdos
|-status|p2a: Zapdos|tox
|move|p2a: Zapdos|Defog|p1a: Excadrill
|-unboost|p1a: Excadrill|evasion|1
|-sideend|p1: im tofa|Spikes|[from] move: Defog|[of] p2a: Zapdos
|-sideend|p2: Gurtrant|Stealth Rock|[from] move: Defog|[of] p2a: Zapdos
|
|-weather|Sandstorm|[upkeep]
|-damage|p2a: Zapdos|81/100 tox|[from] Sandstorm
|-heal|p1a: Excadrill|100/100|[from] item: Leftovers
|-damage|p2a: Zapdos|75/100 tox|[from] psn
|upkeep
|turn|19
|
|t:|1629564299
|move|p1a: Excadrill|Toxic|p2a: Zapdos
|-fail|p2a: Zapdos|tox
|move|p2a: Zapdos|U-turn|p1a: Excadrill
|-resisted|p1a: Excadrill
|-damage|p1a: Excadrill|91/100
|
|t:|1629564301
|switch|p2a: Pelipper|Pelipper, F|75/100|[from]move: U-turn
|-weather|RainDance|[from] ability: Drizzle|[of] p2a: Pelipper
|
|-weather|RainDance|[upkeep]
|-heal|p1a: Excadrill|97/100|[from] item: Leftovers
|upkeep
|turn|20
|
|t:|1629564310
|switch|p1a: Tyranitar|Tyranitar, F|100/100
|-weather|Sandstorm|[from] ability: Sand Stream|[of] p1a: Tyranitar
|move|p2a: Pelipper|Scald|p1a: Tyranitar
|-supereffective|p1a: Tyranitar
|-damage|p1a: Tyranitar|76/100
|-status|p1a: Tyranitar|brn
|
|-weather|Sandstorm|[upkeep]
|-damage|p2a: Pelipper|69/100|[from] Sandstorm
|-heal|p1a: Tyranitar|82/100 brn|[from] item: Leftovers
|-damage|p1a: Tyranitar|76/100 brn|[from] brn
|upkeep
|turn|21
|
|t:|1629564322
|move|p2a: Pelipper|U-turn|p1a: Tyranitar
|-supereffective|p1a: Tyranitar
|-damage|p1a: Tyranitar|62/100 brn
|
|t:|1629564327
|switch|p2a: Seismitoad|Seismitoad, M|84/100|[from]move: U-turn
|move|p1a: Tyranitar|Stealth Rock|p2a: Seismitoad
|-sidestart|p2: Gurtrant|move: Stealth Rock
|
|-weather|Sandstorm|[upkeep]
|-heal|p1a: Tyranitar|69/100 brn|[from] item: Leftovers
|-damage|p1a: Tyranitar|62/100 brn|[from] brn
|upkeep
|turn|22
|
|t:|1629564333
|switch|p1a: Slowking|Slowking, M|100/100
|move|p2a: Seismitoad|Stealth Rock|p1a: Slowking
|-sidestart|p1: im tofa|move: Stealth Rock
|
|-weather|Sandstorm|[upkeep]
|-damage|p1a: Slowking|94/100|[from] Sandstorm
|upkeep
|turn|23
|
|t:|1629564346
|move|p2a: Seismitoad|Earth Power|p1a: Slowking
|-damage|p1a: Slowking|52/100
|-damage|p2a: Seismitoad|74/100|[from] item: Life Orb
|move|p1a: Slowking|Future Sight|p2a: Seismitoad
|-start|p1a: Slowking|move: Future Sight
|
|-weather|Sandstorm|[upkeep]
|-damage|p1a: Slowking|46/100|[from] Sandstorm
|upkeep
|turn|24
|
|t:|1629564365
|move|p2a: Seismitoad|Earth Power|p1a: Slowking
|-damage|p1a: Slowking|7/100
|-damage|p2a: Seismitoad|64/100|[from] item: Life Orb
|move|p1a: Slowking|Slack Off|p1a: Slowking
|-heal|p1a: Slowking|57/100
|
|-weather|none
|upkeep
|turn|25
|-message|Gurtrant forfeited.
|
|win|im tofa
|l|☆Gurtrant
|raw|im tofa's rating: 1620 &rarr; <strong>1640</strong><br />(+20 for winning)
|raw|Gurtrant's rating: 1623 &rarr; <strong>1603</strong><br />(-20 for losing)
