|j|☆Batataplays
|j|☆RaynningOutside
|inactive|Battle timer is ON: inactive players will automatically lose when time's up.
|t:|1654993796
|gametype|singles
|player|p1|Batataplays|sonia|
|player|p2|RaynningOutside|ethan|
|teamsize|p1|6
|teamsize|p2|6
|gen|8
|tier|[Gen 8] OU
|rated|Tournament battle
|rule|Sleep Clause Mod: Limit one foe put to sleep
|rule|Species Clause: Limit one of each Pokémon
|rule|OHKO Clause: OHKO moves are banned
|rule|Evasion Moves Clause: Evasion moves are banned
|rule|Endless Battle Clause: Forcing endless battles is banned
|rule|HP Percentage Mod: HP is shown in percentages
|rule|Dynamax Clause: You cannot dynamax
|clearpoke
|poke|p1|Lanturn, M|
|poke|p1|Pelipper, F|
|poke|p1|Tapu Koko|
|poke|p1|Corviknight, M|
|poke|p1|Chansey, F|
|poke|p1|Beartic, M|
|poke|p2|Hippowdon, F|
|poke|p2|Excadrill, M|
|poke|p2|Dracozolt|
|poke|p2|Volcanion|
|poke|p2|Clefable, F|
|poke|p2|Skarmory, M|
|teampreview
|j| SR.bonnie
|j| nyacanm
|j| isa200bela-¬
|c|☆RaynningOutside|batatas
|j| UnstableMachinery
|c|☆RaynningOutside|voce por aqui
|c|☆Batataplays|traidor
|c|☆RaynningOutside|WEATHER WAR
|c|☆Batataplays|bem que eu sabia que vc tava andando mt com o
|c|☆Batataplays|Mde
|j| PaoTopSUS
|c| SR.bonnie|Vai pessoa q estiver ganhando
|inactive|RaynningOutside has 120 seconds left.
|c|☆RaynningOutside|e você acha q n vi
|c|☆RaynningOutside|tu andando com
|inactive|Batataplays has 120 seconds left.
|
|t:|1654993842
|start
|switch|p1a: Tapu Koko|Tapu Koko, shiny|100/100
|switch|p2a: Leg day|Dracozolt|100/100
|-fieldstart|move: Electric Terrain|[from] ability: Electric Surge|[of] p1a: Tapu Koko
|turn|1
|c|☆RaynningOutside|lesgo
|c|☆RaynningOutside|ih ala tapu koko
|c|☆Batataplays|Com quem
|c|☆Batataplays|me deixou curioso
|
|t:|1654993856
|switch|p2a: Saarah|Hippowdon, F|100/100
|-weather|Sandstorm|[from] ability: Sand Stream|[of] p2a: Saarah
|move|p1a: Tapu Koko|Dazzling Gleam|p2a: Saarah
|-damage|p2a: Saarah|67/100
|
|-weather|Sandstorm|[upkeep]
|-damage|p1a: Tapu Koko|94/100|[from] Sandstorm
|upkeep
|turn|2
|c|☆Batataplays|KKKKJ
|c| PaoTopSUS|aposto no batata
|c|☆RaynningOutside|com
|
|t:|1654993862
|switch|p1a: Pelipper|Pelipper, F|100/100
|-weather|RainDance|[from] ability: Drizzle|[of] p1a: Pelipper
|move|p2a: Saarah|Slack Off|p2a: Saarah
|-heal|p2a: Saarah|100/100
|
|-weather|RainDance|[upkeep]
|upkeep
|turn|3
|
|t:|1654993868
|switch|p2a: Granus|Volcanion|100/100
|move|p1a: Pelipper|U-turn|p2a: Granus
|-resisted|p2a: Granus
|-damage|p2a: Granus|96/100
|c|☆RaynningOutside|aposta em mim pf
|c|☆RaynningOutside|pfv
|
|t:|1654993875
|switch|p1a: Chansey|Chansey, F|100/100|[from]move: U-turn
|
|-weather|RainDance|[upkeep]
|upkeep
|turn|4
|c|☆RaynningOutside|pra perder dinheiro
|c| PaoTopSUS|safado
|c| SR.bonnie|Eu aposto em quem estiver ganhando
|c|☆RaynningOutside|tenho fobia de chansey
|c|☆Batataplays|pior q esse volcanion é chato
|
|t:|1654993897
|switch|p2a: Leg day|Dracozolt|100/100
|move|p1a: Chansey|Toxic|p2a: Leg day|[miss]
|-miss|p1a: Chansey|p2a: Leg day
|
|-weather|RainDance|[upkeep]
|upkeep
|turn|5
|c|☆RaynningOutside|eba
|
|t:|1654993904
|move|p2a: Leg day|Bolt Beak|p1a: Chansey
|-damage|p1a: Chansey|35/100
|move|p1a: Chansey|Stealth Rock|p2a: Leg day
|-sidestart|p2: RaynningOutside|move: Stealth Rock
|
|-weather|RainDance|[upkeep]
|-fieldend|move: Electric Terrain
|upkeep
|turn|6
|c|☆RaynningOutside|nice
|
|t:|1654993910
|switch|p1a: Lanturn|Lanturn, M|100/100
|move|p2a: Leg day|Bolt Beak|p1a: Lanturn
|-immune|p1a: Lanturn|[from] ability: Volt Absorb
|
|-weather|RainDance|[upkeep]
|upkeep
|turn|7
|c|☆RaynningOutside|eita
|c|☆RaynningOutside|lanturn meta
|c|☆Batataplays|faça
|c|☆Batataplays|eu sei que vc quer
|j| AkumaAK
|c|☆RaynningOutside|vc acha
|c|☆RaynningOutside|q n fao
|c|☆RaynningOutside|faço?
|c|☆RaynningOutside|volcanion
|c|☆RaynningOutside|agora
|c|☆RaynningOutside|duvida?
|c|☆Batataplays|pior que eu acho que nn
|inactive|RaynningOutside has 120 seconds left.
|c|☆RaynningOutside|DUVIDAS?
|j| uranio enriquecido
|c|☆Batataplays|vc nn seria capaz
|c| uranio enriquecido|RaynningOutside
|
|t:|1654993948
|switch|p2a: Saarah|Hippowdon, F|100/100
|-damage|p2a: Saarah|94/100|[from] Stealth Rock
|-weather|Sandstorm|[from] ability: Sand Stream|[of] p2a: Saarah
|move|p1a: Lanturn|Ice Beam|p2a: Saarah
|-supereffective|p2a: Saarah
|-damage|p2a: Saarah|39/100
|
|-weather|Sandstorm|[upkeep]
|-damage|p1a: Lanturn|94/100|[from] Sandstorm
|upkeep
|turn|8
|c| AkumaAK|nao sei o que é pior
|c|☆RaynningOutside|eu concordo
|inactive|RaynningOutside has 120 seconds left.
|c|☆RaynningOutside|SAFADO
|c|☆Batataplays|po era oq eu queria msm KKK
|c|☆RaynningOutside|ELE CONFIOU
|c| SR.bonnie|Kkkkkkkk
|
|t:|1654993960
|switch|p2a: Granus|Volcanion|96/100
|move|p1a: Lanturn|Ice Beam|p2a: Granus
|-resisted|p2a: Granus
|-damage|p2a: Granus|86/100
|
|-weather|Sandstorm|[upkeep]
|-damage|p2a: Granus|80/100|[from] Sandstorm
|-damage|p1a: Lanturn|88/100|[from] Sandstorm
|upkeep
|turn|9
|c| AkumaAK|se é o luturn ou o beartic
|inactive|RaynningOutside has 120 seconds left.
|c|☆RaynningOutside|droga meu amigo confio em mim
|c|☆RaynningOutside|como ousa
|
|t:|1654993977
|move|p2a: Granus|Weather Ball|p1a: Lanturn
|-damage|p1a: Lanturn|53/100
|move|p1a: Lanturn|Ice Beam|p2a: Granus
|-resisted|p2a: Granus
|-damage|p2a: Granus|69/100
|
|-weather|Sandstorm|[upkeep]
|-damage|p2a: Granus|63/100|[from] Sandstorm
|-damage|p1a: Lanturn|47/100|[from] Sandstorm
|upkeep
|turn|10
|
|t:|1654993982
|switch|p1a: Corviknight|Corviknight, M, shiny|100/100
|-ability|p1a: Corviknight|Pressure
|move|p2a: Granus|Steam Eruption|p1a: Corviknight
|-damage|p1a: Corviknight|52/100
|
|-weather|Sandstorm|[upkeep]
|-damage|p2a: Granus|57/100|[from] Sandstorm
|upkeep
|turn|11
|c|☆RaynningOutside|tendi
|inactive|RaynningOutside has 120 seconds left.
|c| UnstableMachinery|q isso vanessaur
|
|t:|1654993993
|switch|p1a: Tapu Koko|Tapu Koko, shiny|94/100
|-fieldstart|move: Electric Terrain|[from] ability: Electric Surge|[of] p1a: Tapu Koko
|move|p2a: Granus|Flamethrower|p1a: Tapu Koko
|-damage|p1a: Tapu Koko|23/100
|
|-weather|Sandstorm|[upkeep]
|-damage|p1a: Tapu Koko|17/100|[from] Sandstorm
|-damage|p2a: Granus|51/100|[from] Sandstorm
|upkeep
|turn|12
|inactive|RaynningOutside has 120 seconds left.
|c|☆RaynningOutside|brabo
|c| PaoTopSUS|ta preula
|
|t:|1654994010
|switch|p2a: Leg day|Dracozolt|100/100
|-damage|p2a: Leg day|88/100|[from] Stealth Rock
|move|p1a: Tapu Koko|Dazzling Gleam|p2a: Leg day
|-supereffective|p2a: Leg day
|-damage|p2a: Leg day|0 fnt
|faint|p2a: Leg day
|
|-weather|Sandstorm|[upkeep]
|-damage|p1a: Tapu Koko|10/100|[from] Sandstorm
|upkeep
|c|☆RaynningOutside|oh no
|c| SR.bonnie|Potente
|
|t:|1654994017
|switch|p2a: Guacamole|Excadrill, M|100/100
|-damage|p2a: Guacamole|97/100|[from] Stealth Rock
|turn|13
|
|t:|1654994023
|switch|p1a: Corviknight|Corviknight, M, shiny|52/100
|-ability|p1a: Corviknight|Pressure
|move|p2a: Guacamole|Iron Head|p1a: Corviknight
|-resisted|p1a: Corviknight
|-damage|p1a: Corviknight|38/100
|
|-weather|Sandstorm|[upkeep]
|-heal|p2a: Guacamole|100/100|[from] item: Leftovers
|upkeep
|turn|14
|c|☆RaynningOutside|guacamole
|
|t:|1654994031
|move|p2a: Guacamole|Earthquake|p1a: Corviknight
|-immune|p1a: Corviknight
|move|p1a: Corviknight|Roost|p1a: Corviknight
|-heal|p1a: Corviknight|88/100
|-singleturn|p1a: Corviknight|move: Roost
|
|-weather|none
|upkeep
|turn|15
|c|☆RaynningOutside|pq
|c|☆RaynningOutside|que eu
|c|☆RaynningOutside|sou mais rapido
|c|☆RaynningOutside|quem decidiu isso
|c| UnstableMachinery|sand rush
|c|☆Batataplays|uai corvo é lerdo
|c|☆Batataplays|KKKJ
|
|t:|1654994046
|switch|p2a: Tink|Skarmory, M|100/100
|-damage|p2a: Tink|88/100|[from] Stealth Rock
|move|p1a: Corviknight|Body Press|p2a: Tink
|-damage|p2a: Tink|73/100
|-damage|p1a: Corviknight|72/100|[from] item: Rocky Helmet|[of] p2a: Tink
|
|-fieldend|move: Electric Terrain
|upkeep
|turn|16
|c| SR.bonnie|Kkkkkkk
|c| UnstableMachinery|e corvo é lerdo
|
|t:|1654994054
|switch|p1a: Pelipper|Pelipper, F|100/100
|-weather|RainDance|[from] ability: Drizzle|[of] p1a: Pelipper
|move|p2a: Tink|Spikes|p1a: Pelipper
|-sidestart|p1: Batataplays|Spikes
|
|-weather|RainDance|[upkeep]
|upkeep
|turn|17
|l| uranio enriquecido
|
|t:|1654994058
|move|p2a: Tink|Roost|p2a: Tink
|-heal|p2a: Tink|100/100
|-singleturn|p2a: Tink|move: Roost
|move|p1a: Pelipper|Scald|p2a: Tink
|-damage|p2a: Tink|51/100
|
|-weather|RainDance|[upkeep]
|upkeep
|turn|18
|
|t:|1654994062
|move|p2a: Tink|Roost|p2a: Tink
|-heal|p2a: Tink|100/100
|-singleturn|p2a: Tink|move: Roost
|move|p1a: Pelipper|U-turn|p2a: Tink
|-resisted|p2a: Tink
|-damage|p2a: Tink|98/100
|-damage|p1a: Pelipper|84/100|[from] item: Rocky Helmet|[of] p2a: Tink
|c| AkumaAK|como toma
|
|t:|1654994065
|switch|p1a: Lanturn|Lanturn, M|47/100|[from]move: U-turn
|-damage|p1a: Lanturn|35/100|[from] Spikes
|
|-weather|RainDance|[upkeep]
|upkeep
|turn|19
|c| AkumaAK|flamethorer
|c|☆RaynningOutside|tapu koko nao ironicamente um problema
|c| AkumaAK|de graça
|c|☆RaynningOutside|duvidas
|c| SR.bonnie|Os cara gosta de cheiro de terra molhada
|c| UnstableMachinery|mas é bom msm o cheiro
|inactive|RaynningOutside has 120 seconds left.
|
|t:|1654994098
|switch|p2a: Saarah|Hippowdon, F|39/100
|-damage|p2a: Saarah|33/100|[from] Stealth Rock
|-weather|Sandstorm|[from] ability: Sand Stream|[of] p2a: Saarah
|move|p1a: Lanturn|Ice Beam|p2a: Saarah
|-supereffective|p2a: Saarah
|-damage|p2a: Saarah|0 fnt
|faint|p2a: Saarah
|
|-weather|Sandstorm|[upkeep]
|-damage|p1a: Lanturn|29/100|[from] Sandstorm
|upkeep
|inactive|RaynningOutside has 120 seconds left.
|c|☆Batataplays|amem
|c|☆RaynningOutside|safado cachorro
|c| UnstableMachinery|eita sem mais sand
|c| PaoTopSUS|hippo morreu
|c|☆RaynningOutside|perdemo
|
|t:|1654994119
|switch|p2a: Lua|Clefable, F|100/100
|turn|20
|c|☆RaynningOutside|ou
|c|☆RaynningOutside|ou sera
|
|t:|1654994125
|switch|p1a: Pelipper|Pelipper, F|84/100
|-weather|RainDance|[from] ability: Drizzle|[of] p1a: Pelipper
|move|p2a: Lua|Calm Mind|p2a: Lua
|-boost|p2a: Lua|spa|1
|-boost|p2a: Lua|spd|1
|
|-weather|RainDance|[upkeep]
|upkeep
|turn|21
|c| AkumaAK|gg
|inactive|RaynningOutside has 120 seconds left.
|
|t:|1654994132
|move|p1a: Pelipper|Toxic|p2a: Lua
|-status|p2a: Lua|tox
|move|p2a: Lua|Calm Mind|p2a: Lua
|-boost|p2a: Lua|spa|1
|-boost|p2a: Lua|spd|1
|
|-weather|RainDance|[upkeep]
|upkeep
|turn|22
|c| AkumaAK|rain é roubado demais
|
|t:|1654994139
|switch|p1a: Corviknight|Corviknight, M, shiny|72/100
|-ability|p1a: Corviknight|Pressure
|move|p2a: Lua|Calm Mind|p2a: Lua
|-boost|p2a: Lua|spa|1
|-boost|p2a: Lua|spd|1
|
|-weather|RainDance|[upkeep]
|upkeep
|turn|23
|c|☆RaynningOutside|magic guard boys
|c| UnstableMachinery|opo batata
|c| AkumaAK|etaa a salvaçao
|
|t:|1654994146
|move|p1a: Corviknight|Defog|p2a: Lua
|-unboost|p2a: Lua|evasion|1
|-sideend|p2: RaynningOutside|Stealth Rock|[from] move: Defog|[of] p1a: Corviknight
|-sideend|p1: Batataplays|Spikes|[from] move: Defog|[of] p1a: Corviknight
|move|p2a: Lua|Calm Mind|p2a: Lua
|-boost|p2a: Lua|spa|1
|-boost|p2a: Lua|spd|1
|
|-weather|RainDance|[upkeep]
|upkeep
|turn|24
|c| UnstableMachinery|ele n tomou dano de rocks
|
|t:|1654994150
|switch|p1a: Tapu Koko|Tapu Koko, shiny|10/100
|-fieldstart|move: Electric Terrain|[from] ability: Electric Surge|[of] p1a: Tapu Koko
|move|p2a: Lua|Thunderbolt|p1a: Tapu Koko
|-resisted|p1a: Tapu Koko
|-damage|p1a: Tapu Koko|0 fnt
|faint|p1a: Tapu Koko
|
|-weather|RainDance|[upkeep]
|upkeep
|c| SR.bonnie|Uia
|
|t:|1654994153
|switch|p1a: Lanturn|Lanturn, M|29/100
|turn|25
|
|t:|1654994155
|move|p1a: Lanturn|Rising Voltage|p2a: Lua
|-hint|Rising Voltage's BP doubled on grounded target.
|-damage|p2a: Lua|64/100 tox
|move|p2a: Lua|Moonblast|p1a: Lanturn
|-damage|p1a: Lanturn|0 fnt
|faint|p1a: Lanturn
|
|-weather|RainDance|[upkeep]
|-heal|p2a: Lua|70/100 tox|[from] item: Leftovers
|upkeep
|c|☆RaynningOutside|venga
|c| UnstableMachinery|se ligar when
|
|t:|1654994160
|switch|p1a: Beartic|Beartic, M, shiny|100/100
|turn|26
|c| AkumaAK|sso beartic
|c|☆Batataplays|perdemo
|c| AkumaAK|salva
|c|☆RaynningOutside|ih rapaz
|c|☆RaynningOutside|olha o choke do pai
|c| SR.bonnie|Clefsweep
|
|t:|1654994178
|move|p1a: Beartic|Icicle Crash|p2a: Lua
|-damage|p2a: Lua|33/100 tox
|move|p2a: Lua|Moonblast|p1a: Beartic
|-damage|p1a: Beartic|0 fnt
|faint|p1a: Beartic
|
|-weather|RainDance|[upkeep]
|-heal|p2a: Lua|39/100 tox|[from] item: Leftovers
|upkeep
|c|☆Batataplays|UnstableMachinery choquei mas é pq eu tenho raiva de unaware
|c|☆Batataplays|KKKJ
|c|☆RaynningOutside|graças
|c|☆RaynningOutside|a tudo
|c|☆RaynningOutside|KKKKK
|c|☆RaynningOutside|eu quase
|c|☆Batataplays|RaynningOutside
|c|☆Batataplays|cara
|c|☆RaynningOutside|coloquei unaware
|c|☆RaynningOutside|juro
|c|☆Batataplays|ou coroa?
|c|☆RaynningOutside|coroa
|c|☆RaynningOutside|joga ai
|c| AkumaAK|chansy
|c|☆Batataplays|!pick cara, coroa
|c| Batataplays|/raw <div class="infobox"><em>We randomly picked:</em> cara</div>
|inactive|Batataplays has 120 seconds left.
|c| AkumaAK|que ve
|c|☆RaynningOutside|oh no
|c|☆Batataplays|vai ter q forfeitar meu mano
|c|☆RaynningOutside|melhor de tres
|c|☆Batataplays|ahhh
|c|☆Batataplays|cra
|c|☆Batataplays|cara
|j|+be7
|c|☆RaynningOutside|po mas eu perdi
|c|☆RaynningOutside|KKKKKK
|c|☆Batataplays|1-1
|c|+be7|batata
|c|+be7|'-'
|c|☆RaynningOutside|blz
|c| SR.bonnie|Kkkkkk
|c|+be7|pq
|c|☆RaynningOutside|COROA
|inactive|Batataplays has 90 seconds left.
|c|☆Batataplays|!pick cara, coroa
|c| Batataplays|/raw <div class="infobox"><em>We randomly picked:</em> coroa</div>
|c|☆Batataplays|NOOOOOOOOOOO
|c|☆RaynningOutside|NICE
|c| UnstableMachinery|oi be7 confirmas q eu te surrei com esse time ne
|c|☆Batataplays|vou ter que aceitar
|c|+be7|confirmo
|c| AkumaAK|vai ser
|c| UnstableMachinery|eu cctz n ganhei pq vc misclicko
|c| AkumaAK|coroa
|c|☆Batataplays|ser sweepado pela fada
|c| AkumaAK|na proxima
|
|t:|1654994254
|switch|p1a: Chansey|Chansey, F|35/100
|turn|27
|
|t:|1654994258
|move|p2a: Lua|Moonblast|p1a: Chansey
|-damage|p1a: Chansey|4/100
|-unboost|p1a: Chansey|spa|1
|move|p1a: Chansey|Soft-Boiled|p1a: Chansey
|-heal|p1a: Chansey|55/100
|
|-weather|none
|-heal|p2a: Lua|45/100 tox|[from] item: Leftovers
|upkeep
|turn|28
|c|+be7|KKKKKKKKK
|c|+be7|Q RIDÍCULO
|c|☆RaynningOutside|chansey
|c|☆RaynningOutside|e uma
|c|☆RaynningOutside|doença
|c|☆RaynningOutside|na sociedade
|
|t:|1654994273
|move|p2a: Lua|Soft-Boiled|p2a: Lua
|-heal|p2a: Lua|95/100 tox
|move|p1a: Chansey|Soft-Boiled|p1a: Chansey
|-heal|p1a: Chansey|100/100
|
|-heal|p2a: Lua|100/100 tox|[from] item: Leftovers
|-fieldend|move: Electric Terrain
|upkeep
|turn|29
|c| UnstableMachinery|clefable tbm é
|c| AkumaAK|concordo
|
|t:|1654994276
|move|p2a: Lua|Calm Mind|p2a: Lua
|-boost|p2a: Lua|spa|1
|-boost|p2a: Lua|spd|1
|move|p1a: Chansey|Stealth Rock|p2a: Lua
|-sidestart|p2: RaynningOutside|move: Stealth Rock
|
|upkeep
|turn|30
|c|☆RaynningOutside|n vem ao caso
|c|☆RaynningOutside|machinery
|c| SR.bonnie|Kkkkkkkk
|
|t:|1654994285
|move|p2a: Lua|Calm Mind|p2a: Lua
|-boost|p2a: Lua|spa|1
|-boost|p2a: Lua|spd|1
|move|p1a: Chansey|Seismic Toss|p2a: Lua
|-damage|p2a: Lua|75/100 tox
|
|-heal|p2a: Lua|81/100 tox|[from] item: Leftovers
|upkeep
|turn|31
|
|t:|1654994291
|move|p2a: Lua|Moonblast|p1a: Chansey
|-damage|p1a: Chansey|60/100
|move|p1a: Chansey|Seismic Toss|p2a: Lua
|-damage|p2a: Lua|56/100 tox
|
|-heal|p2a: Lua|62/100 tox|[from] item: Leftovers
|upkeep
|turn|32
|c|☆RaynningOutside|top 10 lutas dos animes
|
|t:|1654994299
|move|p2a: Lua|Thunderbolt|p1a: Chansey
|-damage|p1a: Chansey|35/100
|-status|p1a: Chansey|par
|cant|p1a: Chansey|par
|
|-heal|p2a: Lua|68/100 tox|[from] item: Leftovers
|upkeep
|turn|33
|c|☆RaynningOutside|NICE
|c| PaoTopSUS|nooooooooooo
|c| UnstableMachinery|vsf
|c| AkumaAK|batalha de bola
|c| AkumaAK|rosa
|c|☆RaynningOutside|LUA EU TE AMO
|c| UnstableMachinery|perdemos
|
|t:|1654994308
|move|p2a: Lua|Moonblast|p1a: Chansey
|-damage|p1a: Chansey|0 fnt
|faint|p1a: Chansey
|
|-heal|p2a: Lua|74/100 tox|[from] item: Leftovers
|upkeep
|c|☆Batataplays|UnstableMachinery ai tu ve
|c| PaoTopSUS|kkkkkkkkkkkkkkkkkkk
|c|☆Batataplays|q o cara é melhor q eu
|c|☆RaynningOutside|a minha bola rosa
|c|☆Batataplays|mas ele é gente boa
|c|☆Batataplays|merece
|c|☆RaynningOutside|menos redonda supremacy
|l|+be7
|c| SR.bonnie|O  o  hax
|
|t:|1654994323
|switch|p1a: Pelipper|Pelipper, F|84/100
|-weather|RainDance|[from] ability: Drizzle|[of] p1a: Pelipper
|turn|34
|c|☆RaynningOutside|eba obg batata
|c|☆RaynningOutside|tu tbm
|c| nyacanm|kkkkkk
|c|☆Batataplays|se vc for bom RaynningOutside
|c|☆Batataplays|vc troca
|c| AkumaAK|relaxa
|c| AkumaAK|o pelliper
|c|☆RaynningOutside|ih rapaz
|c| AkumaAK|critica
|
|t:|1654994336
|move|p1a: Pelipper|U-turn|p2a: Lua
|-resisted|p2a: Lua
|-damage|p2a: Lua|71/100 tox
|c|☆RaynningOutside|agora me tentou
|
|t:|1654994340
|switch|p1a: Corviknight|Corviknight, M, shiny|72/100|[from]move: U-turn
|-ability|p1a: Corviknight|Pressure
|move|p2a: Lua|Thunderbolt|p1a: Corviknight
|-supereffective|p1a: Corviknight
|-damage|p1a: Corviknight|0 fnt
|faint|p1a: Corviknight
|
|-weather|RainDance|[upkeep]
|-heal|p2a: Lua|77/100 tox|[from] item: Leftovers
|upkeep
|
|t:|1654994342
|switch|p1a: Pelipper|Pelipper, F|84/100
|turn|35
|c|☆Batataplays|trocar when
|c|☆RaynningOutside|fechando com meu mano je
|c| AkumaAK|pelliper vai crita
|c|☆RaynningOutside|tentação n chega a mim
|c|☆Batataplays|troca ai
|
|t:|1654994359
|switch|p2a: Granus|Volcanion|51/100
|move|p1a: Pelipper|Toxic|p2a: Granus
|-status|p2a: Granus|tox
|
|-weather|RainDance|[upkeep]
|-damage|p2a: Granus|45/100 tox|[from] psn
|upkeep
|turn|36
|
|t:|1654994365
|move|p2a: Granus|Weather Ball|p1a: Pelipper
|-resisted|p1a: Pelipper
|-crit|p1a: Pelipper
|-damage|p1a: Pelipper|0 fnt
|faint|p1a: Pelipper
|
|win|RaynningOutside
|n|☆Batataplays|batataplays
|n|☆RaynningOutside|raynningoutside
|n| SR.bonnie|srbonnie
|n| nyacanm|nyacanm
|n| isa200bela-¬|isa200bela
|n| UnstableMachinery|unstablemachinery
|n| PaoTopSUS|paotopsus
|n| AkumaAK|akumaak
