|html|<div class="broadcast-blue"><strong>[Gen 8] OU is currently suspecting Melmetal! For information on how to participate check out the <a href="https://www.smogon.com/forums/threads/np-ss-ou-suspect-process-round-12-monster-mash.3709234/">suspect thread</a>.</strong></div>
|j|☆Dynamania
|j|☆ChandosH
|t:|1665983195
|gametype|singles
|player|p1|Dynamania|169|1627
|player|p2|ChandosH|n-masters|1605
|teamsize|p1|6
|teamsize|p2|6
|gen|8
|tier|[Gen 8] OU
|rated|
|rule|Sleep Clause Mod: Limit one foe put to sleep
|rule|Species Clause: Limit one of each Pokémon
|rule|OHKO Clause: OHKO moves are banned
|rule|Evasion Items Clause: Evasion items are banned
|rule|Evasion Moves Clause: Evasion moves are banned
|rule|Endless Battle Clause: Forcing endless battles is banned
|rule|HP Percentage Mod: HP is shown in percentages
|rule|Dynamax Clause: You cannot dynamax
|clearpoke
|poke|p1|Seismitoad, F|
|poke|p1|Weavile, F|
|poke|p1|Zapdos|
|poke|p1|Buzzwole|
|poke|p1|Tapu Lele|
|poke|p1|Heatran, M|
|poke|p2|Keldeo-Resolute|
|poke|p2|Tapu Lele|
|poke|p2|Dragapult, F|
|poke|p2|Ferrothorn, M|
|poke|p2|Landorus-Therian, M|
|poke|p2|Heatran, F|
|teampreview
|inactive|Battle timer is ON: inactive players will automatically lose when time's up. (requested by Dynamania)
|
|t:|1665983231
|start
|switch|p1a: Seismitoad|Seismitoad, F|100/100
|switch|p2a: Dragapult|Dragapult, F|100/100
|turn|1
|
|t:|1665983237
|move|p2a: Dragapult|U-turn|p1a: Seismitoad
|-damage|p1a: Seismitoad|62/100
|
|t:|1665983240
|switch|p2a: Ferrothorn|Ferrothorn, M|100/100|[from]move: U-turn
|move|p1a: Seismitoad|Earthquake|p2a: Ferrothorn
|-damage|p2a: Ferrothorn|75/100
|
|-heal|p1a: Seismitoad|68/100|[from] item: Leftovers
|-heal|p2a: Ferrothorn|81/100|[from] item: Leftovers
|upkeep
|turn|2
|
|t:|1665983247
|switch|p1a: Zapdos|Zapdos|100/100
|move|p2a: Ferrothorn|Spikes|p1a: Zapdos
|-sidestart|p1: Dynamania|Spikes
|
|-heal|p2a: Ferrothorn|87/100|[from] item: Leftovers
|upkeep
|turn|3
|
|t:|1665983250
|switch|p2a: Landorus|Landorus-Therian, M|100/100
|-ability|p2a: Landorus|Intimidate|boost
|-unboost|p1a: Zapdos|atk|1
|move|p1a: Zapdos|Hurricane|p2a: Landorus
|-damage|p2a: Landorus|55/100
|-start|p2a: Landorus|confusion
|
|-heal|p2a: Landorus|61/100|[from] item: Leftovers
|upkeep
|turn|4
|
|t:|1665983254
|move|p1a: Zapdos|Hurricane|p2a: Landorus
|-damage|p2a: Landorus|14/100
|-activate|p2a: Landorus|confusion
|move|p2a: Landorus|Toxic|p1a: Zapdos
|-status|p1a: Zapdos|tox
|
|-heal|p2a: Landorus|20/100|[from] item: Leftovers
|-damage|p1a: Zapdos|94/100 tox|[from] psn
|upkeep
|turn|5
|
|t:|1665983261
|move|p1a: Zapdos|Hurricane|p2a: Landorus
|-damage|p2a: Landorus|0 fnt
|faint|p2a: Landorus
|
|-damage|p1a: Zapdos|82/100 tox|[from] psn
|upkeep
|
|t:|1665983271
|switch|p2a: Ferrothorn|Ferrothorn, M|87/100
|turn|6
|
|t:|1665983289
|move|p1a: Zapdos|Hurricane|p2a: Ferrothorn
|-damage|p2a: Ferrothorn|50/100
|move|p2a: Ferrothorn|Leech Seed|p1a: Zapdos|[miss]
|-miss|p2a: Ferrothorn|p1a: Zapdos
|
|-heal|p2a: Ferrothorn|57/100|[from] item: Leftovers
|-damage|p1a: Zapdos|64/100 tox|[from] psn
|upkeep
|turn|7
|c|☆ChandosH|no guard zapdos lmao
|
|t:|1665983311
|move|p1a: Zapdos|Hurricane|p2a: Ferrothorn|[miss]
|-miss|p1a: Zapdos|p2a: Ferrothorn
|move|p2a: Ferrothorn|Leech Seed|p1a: Zapdos
|-start|p1a: Zapdos|move: Leech Seed
|
|-heal|p2a: Ferrothorn|63/100|[from] item: Leftovers
|-damage|p1a: Zapdos|52/100 tox|[from] Leech Seed|[of] p2a: Ferrothorn
|-heal|p2a: Ferrothorn|76/100|[silent]
|-damage|p1a: Zapdos|28/100 tox|[from] psn
|upkeep
|turn|8
|
|t:|1665983318
|move|p1a: Zapdos|Volt Switch|p2a: Ferrothorn
|-resisted|p2a: Ferrothorn
|-damage|p2a: Ferrothorn|64/100
|
|t:|1665983321
|switch|p1a: Heatran|Heatran, M|100/100|[from]move: Volt Switch
|-damage|p1a: Heatran|88/100|[from] Spikes
|move|p2a: Ferrothorn|Knock Off|p1a: Heatran
|-damage|p1a: Heatran|70/100
|-enditem|p1a: Heatran|Leftovers|[from] move: Knock Off|[of] p2a: Ferrothorn
|
|-heal|p2a: Ferrothorn|70/100|[from] item: Leftovers
|upkeep
|turn|9
|
|t:|1665983327
|switch|p2a: Keldeo|Keldeo-Resolute|100/100
|move|p1a: Heatran|Earth Power|p2a: Keldeo
|-damage|p2a: Keldeo|71/100
|
|-heal|p2a: Keldeo|77/100|[from] item: Leftovers
|upkeep
|turn|10
|
|t:|1665983335
|move|p2a: Keldeo|Secret Sword|p1a: Heatran
|-supereffective|p1a: Heatran
|-damage|p1a: Heatran|0 fnt
|faint|p1a: Heatran
|
|-heal|p2a: Keldeo|83/100|[from] item: Leftovers
|upkeep
|
|t:|1665983352
|switch|p1a: Tapu Lele|Tapu Lele|100/100
|-damage|p1a: Tapu Lele|88/100|[from] Spikes
|-fieldstart|move: Psychic Terrain|[from] ability: Psychic Surge|[of] p1a: Tapu Lele
|turn|11
|j| Brungulus
|
|t:|1665983372
|switch|p2a: Ferrothorn|Ferrothorn, M|70/100
|move|p1a: Tapu Lele|Focus Blast|p2a: Ferrothorn
|-supereffective|p2a: Ferrothorn
|-damage|p2a: Ferrothorn|19/100
|
|-heal|p2a: Ferrothorn|25/100|[from] item: Leftovers
|upkeep
|turn|12
|
|t:|1665983381
|switch|p2a: Dragapult|Dragapult, F|100/100
|move|p1a: Tapu Lele|Focus Blast|p2a: Dragapult
|-immune|p2a: Dragapult
|
|upkeep
|turn|13
|
|t:|1665983386
|switch|p1a: Weavile|Weavile, F|100/100
|-ability|p1a: Weavile|Pressure
|move|p2a: Dragapult|Dragon Darts|p1a: Weavile
|-damage|p1a: Weavile|31/100
|-anim|p2a: Dragapult|Dragon Darts|p1a: Weavile
|-damage|p1a: Weavile|0 fnt
|faint|p1a: Weavile
|
|upkeep
|
|t:|1665983388
|switch|p1a: Tapu Lele|Tapu Lele|88/100
|-damage|p1a: Tapu Lele|76/100|[from] Spikes
|turn|14
|
|t:|1665983395
|switch|p2a: Heatran|Heatran, F|100/100
|move|p1a: Tapu Lele|Focus Blast|p2a: Heatran
|-supereffective|p2a: Heatran
|-damage|p2a: Heatran|21/100
|-unboost|p2a: Heatran|spd|1
|
|-heal|p2a: Heatran|27/100|[from] item: Leftovers
|upkeep
|turn|15
|
|t:|1665983406
|switch|p1a: Seismitoad|Seismitoad, F|68/100
|-damage|p1a: Seismitoad|56/100|[from] Spikes
|move|p2a: Heatran|Magma Storm|p1a: Seismitoad
|-resisted|p1a: Seismitoad
|-damage|p1a: Seismitoad|37/100
|-activate|p1a: Seismitoad|move: Magma Storm|[of] p2a: Heatran
|
|-heal|p2a: Heatran|33/100|[from] item: Leftovers
|-heal|p1a: Seismitoad|43/100|[from] item: Leftovers
|-damage|p1a: Seismitoad|31/100|[from] move: Magma Storm|[partiallytrapped]
|-fieldend|move: Psychic Terrain
|upkeep
|turn|16
|j| Kyurem
|
|t:|1665983433
|move|p2a: Heatran|Stealth Rock|p1a: Seismitoad
|-sidestart|p1: Dynamania|move: Stealth Rock
|move|p1a: Seismitoad|Earthquake|p2a: Heatran
|-supereffective|p2a: Heatran
|-damage|p2a: Heatran|0 fnt
|faint|p2a: Heatran
|
|-heal|p1a: Seismitoad|37/100|[from] item: Leftovers
|-end|p1a: Seismitoad|Magma Storm|[partiallytrapped]|[silent]
|upkeep
|inactive|ChandosH has 120 seconds left.
|
|t:|1665983445
|switch|p2a: Keldeo|Keldeo-Resolute|83/100
|turn|17
|
|t:|1665983448
|move|p2a: Keldeo|Secret Sword|p1a: Seismitoad
|-damage|p1a: Seismitoad|0 fnt
|faint|p1a: Seismitoad
|
|-heal|p2a: Keldeo|90/100|[from] item: Leftovers
|upkeep
|
|t:|1665983457
|switch|p1a: Tapu Lele|Tapu Lele|76/100
|-damage|p1a: Tapu Lele|63/100|[from] Spikes
|-damage|p1a: Tapu Lele|51/100|[from] Stealth Rock
|-fieldstart|move: Psychic Terrain|[from] ability: Psychic Surge|[of] p1a: Tapu Lele
|turn|18
|
|t:|1665983461
|switch|p2a: Ferrothorn|Ferrothorn, M|25/100
|move|p1a: Tapu Lele|Moonblast|p2a: Ferrothorn
|-resisted|p2a: Ferrothorn
|-damage|p2a: Ferrothorn|10/100
|
|-heal|p2a: Ferrothorn|16/100|[from] item: Leftovers
|upkeep
|turn|19
|
|t:|1665983469
|move|p1a: Tapu Lele|Moonblast|p2a: Ferrothorn
|-resisted|p2a: Ferrothorn
|-damage|p2a: Ferrothorn|0 fnt
|faint|p2a: Ferrothorn
|
|upkeep
|
|t:|1665983473
|switch|p2a: Tapu Lele|Tapu Lele|100/100
|turn|20
|
|t:|1665983478
|move|p1a: Tapu Lele|Moonblast|p2a: Tapu Lele
|-damage|p2a: Tapu Lele|52/100
|move|p2a: Tapu Lele|Moonblast|p1a: Tapu Lele
|-damage|p1a: Tapu Lele|0 fnt
|faint|p1a: Tapu Lele
|
|upkeep
|-message|Dynamania forfeited.
|
|win|ChandosH
|raw|Dynamania's rating: 1627 &rarr; <strong>1606</strong><br />(-21 for losing)
|raw|ChandosH's rating: 1605 &rarr; <strong>1626</strong><br />(+21 for winning)
|l|☆Dynamania
|c|☆ChandosH|Gg
