|raw|<div class="broadcast-blue"><strong>This battle is required to be public due to a player having a name starting with 'lt92pf'.</div>
|j|☆dmt dreams
|j|☆LT92PFcry
|t:|1659681086
|gametype|singles
|player|p1|dmt dreams|101|1948
|player|p2|LT92PFcry|#dpppl2022luckylucarios|1903
|teamsize|p1|6
|teamsize|p2|6
|gen|8
|tier|[Gen 8] OU
|rated|
|rule|Sleep Clause Mod: Limit one foe put to sleep
|rule|Species Clause: Limit one of each Pokémon
|rule|OHKO Clause: OHKO moves are banned
|rule|Evasion Items Clause: Evasion items are banned
|rule|Evasion Moves Clause: Evasion moves are banned
|rule|Endless Battle Clause: Forcing endless battles is banned
|rule|HP Percentage Mod: HP is shown in percentages
|rule|Dynamax Clause: You cannot dynamax
|clearpoke
|poke|p1|Nihilego|
|poke|p1|Zeraora|
|poke|p1|Landorus-Therian, M|
|poke|p1|Melmetal|
|poke|p1|Kartana|
|poke|p1|Blacephalon|
|poke|p2|Clefable, M|
|poke|p2|Urshifu-*, M|
|poke|p2|Melmetal|
|poke|p2|Zapdos|
|poke|p2|Landorus-Therian, M|
|poke|p2|Slowking-Galar, M|
|teampreview
|inactive|Battle timer is ON: inactive players will automatically lose when time's up. (requested by LT92PFcry)
|
|t:|1659681095
|start
|switch|p1a: Kartana|Kartana|100/100
|switch|p2a: Urshifu|Urshifu-Rapid-Strike, M|100/100
|turn|1
|
|t:|1659681100
|switch|p2a: Zapdos|Zapdos|100/100
|move|p1a: Kartana|Leaf Blade|p2a: Zapdos
|-resisted|p2a: Zapdos
|-damage|p2a: Zapdos|79/100
|
|upkeep
|turn|2
|
|t:|1659681103
|move|p1a: Kartana|Leaf Blade|p2a: Zapdos
|-resisted|p2a: Zapdos
|-damage|p2a: Zapdos|56/100
|move|p2a: Zapdos|Hurricane|p1a: Kartana
|-damage|p1a: Kartana|0 fnt
|faint|p1a: Kartana
|
|upkeep
|
|t:|1659681105
|switch|p1a: Blacephalon|Blacephalon|100/100
|turn|3
|
|t:|1659681116
|switch|p2a: Clefable|Clefable, M|100/100
|move|p1a: Blacephalon|Shadow Ball|p2a: Clefable
|-damage|p2a: Clefable|56/100
|-unboost|p2a: Clefable|spd|1
|
|-heal|p2a: Clefable|62/100|[from] item: Leftovers
|upkeep
|turn|4
|
|t:|1659681121
|move|p1a: Blacephalon|Shadow Ball|p2a: Clefable
|-damage|p2a: Clefable|0 fnt
|faint|p2a: Clefable
|-ability|p1a: Blacephalon|Beast Boost|boost
|-boost|p1a: Blacephalon|spa|1
|
|upkeep
|
|t:|1659681126
|switch|p2a: Landorus|Landorus-Therian, M|100/100
|-ability|p2a: Landorus|Intimidate|boost
|-unboost|p1a: Blacephalon|atk|1
|turn|5
|
|t:|1659681128
|switch|p1a: Landorus|Landorus-Therian, M|100/100
|-ability|p1a: Landorus|Intimidate|boost
|-unboost|p2a: Landorus|atk|1
|move|p2a: Landorus|Earthquake|p1a: Landorus
|-immune|p1a: Landorus
|
|upkeep
|turn|6
|
|t:|1659681138
|move|p2a: Landorus|Toxic|p1a: Landorus|[miss]
|-miss|p2a: Landorus|p1a: Landorus
|move|p1a: Landorus|Stealth Rock|p2a: Landorus
|-sidestart|p2: LT92PFcry|move: Stealth Rock
|
|upkeep
|turn|7
|
|t:|1659681140
|move|p2a: Landorus|Toxic|p1a: Landorus|[miss]
|-miss|p2a: Landorus|p1a: Landorus
|move|p1a: Landorus|Toxic|p2a: Landorus
|-status|p2a: Landorus|tox
|
|-damage|p2a: Landorus|94/100 tox|[from] psn
|upkeep
|turn|8
|
|t:|1659681142
|move|p2a: Landorus|Toxic|p1a: Landorus
|-status|p1a: Landorus|tox
|move|p1a: Landorus|U-turn|p2a: Landorus
|-resisted|p2a: Landorus
|-damage|p2a: Landorus|84/100 tox
|j| LT92PF yeatfan
|
|t:|1659681145
|switch|p1a: Melmetal|Melmetal|100/100|[from]move: U-turn
|
|-heal|p2a: Landorus|90/100 tox|[from] item: Leftovers
|-damage|p2a: Landorus|78/100 tox|[from] psn
|upkeep
|turn|9
|j| LT92PF fb
|
|t:|1659681147
|move|p2a: Landorus|U-turn|p1a: Melmetal
|-resisted|p1a: Melmetal
|-damage|p1a: Melmetal|96/100
|
|t:|1659681148
|switch|p2a: Zapdos|Zapdos|56/100|[from]move: U-turn
|move|p1a: Melmetal|Double Iron Bash|p2a: Zapdos
|-resisted|p2a: Zapdos
|-damage|p2a: Zapdos|41/100
|-status|p1a: Melmetal|par|[from] ability: Static|[of] p2a: Zapdos
|-resisted|p2a: Zapdos
|-damage|p2a: Zapdos|26/100
|-hitcount|p2a: Zapdos|2
|
|-heal|p1a: Melmetal|100/100 par|[from] item: Leftovers
|upkeep
|turn|10
|
|t:|1659681152
|switch|p1a: Blacephalon|Blacephalon|100/100
|move|p2a: Zapdos|Defog|p1a: Blacephalon
|-unboost|p1a: Blacephalon|evasion|1
|-sideend|p2: LT92PFcry|Stealth Rock|[from] move: Defog|[of] p2a: Zapdos
|
|upkeep
|turn|11
|j| LT92PF Futility
|j| Lt92pf suf
|j| sandmemers
|
|t:|1659681168
|switch|p2a: Urshifu|Urshifu-Rapid-Strike, M|100/100
|move|p1a: Blacephalon|Shadow Ball|p2a: Urshifu
|-damage|p2a: Urshifu|0 fnt
|faint|p2a: Urshifu
|-ability|p1a: Blacephalon|Beast Boost|boost
|-boost|p1a: Blacephalon|spa|1
|
|upkeep
|
|t:|1659681171
|switch|p2a: Landorus|Landorus-Therian, M|78/100 tox
|-ability|p2a: Landorus|Intimidate|boost
|-unboost|p1a: Blacephalon|atk|1
|turn|12
|j| LT92PF Pachito
|l| LT92PF Pachito
|j| Pallet Town Thug
|inactive|dmt dreams has 120 seconds left.
|
|t:|1659681203
|switch|p1a: Landorus|Landorus-Therian, M|100/100 tox
|-ability|p1a: Landorus|Intimidate|boost
|-unboost|p2a: Landorus|atk|1
|move|p2a: Landorus|U-turn|p1a: Landorus
|-resisted|p1a: Landorus
|-damage|p1a: Landorus|93/100 tox
|
|t:|1659681210
|switch|p2a: Zapdos|Zapdos|26/100|[from]move: U-turn
|
|-heal|p1a: Landorus|99/100 tox|[from] item: Leftovers
|-damage|p1a: Landorus|93/100 tox|[from] psn
|upkeep
|turn|13
|
|t:|1659681212
|move|p2a: Zapdos|Roost|p2a: Zapdos
|-heal|p2a: Zapdos|76/100
|-singleturn|p2a: Zapdos|move: Roost
|move|p1a: Landorus|Toxic|p2a: Zapdos
|-status|p2a: Zapdos|tox
|
|-heal|p1a: Landorus|99/100 tox|[from] item: Leftovers
|-damage|p2a: Zapdos|70/100 tox|[from] psn
|-damage|p1a: Landorus|87/100 tox|[from] psn
|upkeep
|turn|14
|
|t:|1659681216
|move|p2a: Zapdos|Hurricane|p1a: Landorus
|-damage|p1a: Landorus|53/100 tox
|move|p1a: Landorus|Stealth Rock|p2a: Zapdos
|-sidestart|p2: LT92PFcry|move: Stealth Rock
|
|-heal|p1a: Landorus|59/100 tox|[from] item: Leftovers
|-damage|p2a: Zapdos|58/100 tox|[from] psn
|-damage|p1a: Landorus|41/100 tox|[from] psn
|upkeep
|turn|15
|j| Keblar
|
|t:|1659681221
|move|p2a: Zapdos|Defog|p1a: Landorus
|-unboost|p1a: Landorus|evasion|1
|-sideend|p2: LT92PFcry|Stealth Rock|[from] move: Defog|[of] p2a: Zapdos
|move|p1a: Landorus|Stealth Rock|p2a: Zapdos
|-sidestart|p2: LT92PFcry|move: Stealth Rock
|
|-heal|p1a: Landorus|47/100 tox|[from] item: Leftovers
|-damage|p2a: Zapdos|40/100 tox|[from] psn
|-damage|p1a: Landorus|23/100 tox|[from] psn
|upkeep
|turn|16
|j| 303abc
|
|t:|1659681224
|move|p2a: Zapdos|Roost|p2a: Zapdos
|-heal|p2a: Zapdos|90/100 tox
|-singleturn|p2a: Zapdos|move: Roost
|move|p1a: Landorus|Stealth Rock||[still]
|-fail|p1a: Landorus
|
|-heal|p1a: Landorus|29/100 tox|[from] item: Leftovers
|-damage|p2a: Zapdos|66/100 tox|[from] psn
|-damage|p1a: Landorus|0 fnt|[from] psn
|faint|p1a: Landorus
|upkeep
|l| Pallet Town Thug
|
|t:|1659681226
|switch|p1a: Blacephalon|Blacephalon|100/100
|turn|17
|
|t:|1659681230
|move|p1a: Blacephalon|Shadow Ball|p2a: Zapdos
|-damage|p2a: Zapdos|0 fnt
|faint|p2a: Zapdos
|-ability|p1a: Blacephalon|Beast Boost|boost
|-boost|p1a: Blacephalon|spa|1
|
|upkeep
|
|t:|1659681232
|switch|p2a: Landorus|Landorus-Therian, M|78/100 tox
|-damage|p2a: Landorus|66/100 tox|[from] Stealth Rock
|-ability|p2a: Landorus|Intimidate|boost
|-unboost|p1a: Blacephalon|atk|1
|turn|18
|
|t:|1659681240
|move|p1a: Blacephalon|Shadow Ball|p2a: Landorus
|-damage|p2a: Landorus|0 fnt
|faint|p2a: Landorus
|-ability|p1a: Blacephalon|Beast Boost|boost
|-boost|p1a: Blacephalon|spa|1
|
|upkeep
|j| Pallet Town Thug
|-message|LT92PFcry forfeited.
|
|win|dmt dreams
|raw|dmt dreams's rating: 1948 &rarr; <strong>1964</strong><br />(+16 for winning)
|raw|LT92PFcry's rating: 1874 &rarr; <strong>1858</strong><br />(-16 for losing)
|j| altcuzimbad
|l|☆LT92PFcry
