|j|☆eromangagaki
|j|☆2(H2O)-Alt
|t:|1663543876
|gametype|singles
|player|p1|eromangagaki|1|1874
|player|p2|2(H2O)-Alt|chase|1751
|teamsize|p1|6
|teamsize|p2|6
|gen|8
|tier|[Gen 8] OU
|rated|
|rule|Sleep Clause Mod: Limit one foe put to sleep
|rule|Species Clause: Limit one of each Pokémon
|rule|OHKO Clause: OHKO moves are banned
|rule|Evasion Items Clause: Evasion items are banned
|rule|Evasion Moves Clause: Evasion moves are banned
|rule|Endless Battle Clause: Forcing endless battles is banned
|rule|HP Percentage Mod: HP is shown in percentages
|rule|Dynamax Clause: You cannot dynamax
|clearpoke
|poke|p1|Volcarona, F|
|poke|p1|Zapdos|
|poke|p1|Polteageist|
|poke|p1|Heatran, F|
|poke|p1|Obstagoon, F|
|poke|p1|Klefki, F|
|poke|p2|Zeraora|
|poke|p2|Volcanion|
|poke|p2|Landorus-Therian, M|
|poke|p2|Volcarona, F|
|poke|p2|Blacephalon|
|poke|p2|Moltres-Galar|
|teampreview
|
|t:|1663543893
|start
|switch|p1a: Klefki|Klefki, F|100/100
|switch|p2a: Landorus|Landorus-Therian, M|100/100
|-ability|p2a: Landorus|Intimidate|boost
|-unboost|p1a: Klefki|atk|1
|turn|1
|inactive|Battle timer is ON: inactive players will automatically lose when time's up. (requested by 2(H2O)-Alt)
|inactive|eromangagaki has 120 seconds left.
|
|t:|1663543935
|move|p1a: Klefki|Spikes|p2a: Landorus
|-sidestart|p2: 2(H2O)-Alt|Spikes
|move|p2a: Landorus|Earthquake|p1a: Klefki
|-supereffective|p1a: Klefki
|-damage|p1a: Klefki|0 fnt
|faint|p1a: Klefki
|
|upkeep
|
|t:|1663543938
|switch|p1a: Obstagoon|Obstagoon, F|100/100
|turn|2
|
|t:|1663543944
|move|p1a: Obstagoon|Trick|p2a: Landorus
|-activate|p1a: Obstagoon|move: Trick|[of] p2a: Landorus
|-item|p2a: Landorus|Flame Orb|[from] move: Trick
|-item|p1a: Obstagoon|Normal Gem|[from] move: Trick
|move|p2a: Landorus|Explosion|p1a: Obstagoon
|-damage|p1a: Obstagoon|0 fnt
|faint|p2a: Landorus
|faint|p1a: Obstagoon
|
|upkeep
|c|☆eromangagaki|Completely unintentional
|
|t:|1663543967
|switch|p1a: Heatran|Heatran, F|100/100
|switch|p2a: Volcanion|Volcanion|100/100
|turn|3
|
|t:|1663543971
|move|p1a: Heatran|Toxic|p2a: Volcanion
|-status|p2a: Volcanion|tox
|move|p2a: Volcanion|Steam Eruption|p1a: Heatran
|-supereffective|p1a: Heatran
|-damage|p1a: Heatran|0 fnt
|faint|p1a: Heatran
|
|-damage|p2a: Volcanion|94/100 tox|[from] psn
|upkeep
|
|t:|1663543976
|switch|p1a: Zapdos|Zapdos|100/100
|-ability|p1a: Zapdos|Pressure
|turn|4
|
|t:|1663543978
|move|p1a: Zapdos|Charge|p1a: Zapdos
|-boost|p1a: Zapdos|spd|1
|-activate|p1a: Zapdos|move: Charge
|move|p2a: Volcanion|Steam Eruption|p1a: Zapdos
|-damage|p1a: Zapdos|57/100
|
|-heal|p1a: Zapdos|64/100|[from] item: Leftovers
|-damage|p2a: Volcanion|82/100 tox|[from] psn
|upkeep
|turn|5
|
|t:|1663543984
|move|p1a: Zapdos|Discharge|p2a: Volcanion
|-supereffective|p2a: Volcanion
|-damage|p2a: Volcanion|0 fnt
|faint|p2a: Volcanion
|
|-heal|p1a: Zapdos|70/100|[from] item: Leftovers
|upkeep
|
|t:|1663543996
|switch|p2a: Zeraora|Zeraora|100/100
|-damage|p2a: Zeraora|88/100|[from] Spikes
|turn|6
|
|t:|1663544000
|move|p2a: Zeraora|Bulk Up|p2a: Zeraora
|-boost|p2a: Zeraora|atk|1
|-boost|p2a: Zeraora|def|1
|move|p1a: Zapdos|Roost|p1a: Zapdos
|-heal|p1a: Zapdos|100/100
|-singleturn|p1a: Zapdos|move: Roost
|
|-heal|p2a: Zeraora|94/100|[from] item: Leftovers
|upkeep
|turn|7
|
|t:|1663544005
|switch|p1a: Volcarona|Volcarona, F|100/100
|move|p2a: Zeraora|Plasma Fists|p1a: Volcarona
|-damage|p1a: Volcarona|34/100
|-fieldactivate|move: Ion Deluge
|-hint|Normal-type moves become Electric-type after using Plasma Fists.
|
|-heal|p2a: Zeraora|99/100|[from] item: Leftovers
|upkeep
|turn|8
|
|t:|1663544008
|move|p2a: Zeraora|Plasma Fists|p1a: Volcarona
|-damage|p1a: Volcarona|0 fnt
|-fieldactivate|move: Ion Deluge
|-hint|Normal-type moves become Electric-type after using Plasma Fists.
|faint|p1a: Volcarona
|
|-heal|p2a: Zeraora|100/100|[from] item: Leftovers
|upkeep
|j|+Dragonillis
|-message|eromangagaki forfeited.
|
|win|2(H2O)-Alt
|raw|eromangagaki's rating: 1874 &rarr; <strong>1847</strong><br />(-27 for losing)
|raw|2(H2O)-Alt's rating: 1751 &rarr; <strong>1778</strong><br />(+27 for winning)
|l|☆eromangagaki
|l|☆2(H2O)-Alt
