|j|☆rthtfhngy
|j|☆minimax_ai
|t:|1662531118
|gametype|singles
|player|p1|rthtfhngy|rosa|1555
|player|p2|minimax_ai|lusamine-nihilego|1534
|teamsize|p1|6
|teamsize|p2|6
|gen|8
|tier|[Gen 8] OU
|rated|
|rule|Sleep Clause Mod: Limit one foe put to sleep
|rule|Species Clause: Limit one of each Pokémon
|rule|OHKO Clause: OHKO moves are banned
|rule|Evasion Items Clause: Evasion items are banned
|rule|Evasion Moves Clause: Evasion moves are banned
|rule|Endless Battle Clause: Forcing endless battles is banned
|rule|HP Percentage Mod: HP is shown in percentages
|rule|Dynamax Clause: You cannot dynamax
|clearpoke
|poke|p1|Latias, F|
|poke|p1|Hawlucha, F|
|poke|p1|Tapu Fini|
|poke|p1|Reuniclus, F|
|poke|p1|Bisharp, F|
|poke|p1|Kartana|
|poke|p2|Rotom-Wash|
|poke|p2|Weavile, M|
|poke|p2|Landorus-Therian, M|
|poke|p2|Heatran, M|
|poke|p2|Tangrowth, M|
|poke|p2|Melmetal|
|teampreview
|
|t:|1662531120
|start
|switch|p1a: Tapu Fini|Tapu Fini|100/100
|switch|p2a: Melmetal|Melmetal|100/100
|-fieldstart|move: Misty Terrain|[from] ability: Misty Surge|[of] p1a: Tapu Fini
|turn|1
|c|☆minimax_ai|hf
|inactive|Battle timer is ON: inactive players will automatically lose when time's up. (requested by minimax_ai)
|
|t:|1662531126
|move|p1a: Tapu Fini|Reflect|p1a: Tapu Fini
|-sidestart|p1: rthtfhngy|Reflect
|move|p2a: Melmetal|Double Iron Bash|p1a: Tapu Fini
|-damage|p1a: Tapu Fini|87/100
|-damage|p1a: Tapu Fini|71/100
|-hitcount|p1a: Tapu Fini|2
|
|upkeep
|turn|2
|
|t:|1662531132
|switch|p1a: Kartana|Kartana|100/100
|move|p2a: Melmetal|Double Iron Bash|p1a: Kartana
|-resisted|p1a: Kartana
|-damage|p1a: Kartana|91/100
|-resisted|p1a: Kartana
|-damage|p1a: Kartana|83/100
|-hitcount|p1a: Kartana|2
|
|upkeep
|turn|3
|
|t:|1662531139
|switch|p2a: Tangrowth|Tangrowth, M|100/100
|move|p1a: Kartana|Swords Dance|p1a: Kartana
|-boost|p1a: Kartana|atk|2
|
|upkeep
|turn|4
|
|t:|1662531145
|move|p1a: Kartana|Knock Off|p2a: Tangrowth
|-damage|p2a: Tangrowth|53/100
|-damage|p1a: Kartana|66/100|[from] item: Rocky Helmet|[of] p2a: Tangrowth
|-enditem|p2a: Tangrowth|Rocky Helmet|[from] move: Knock Off|[of] p1a: Kartana
|-damage|p1a: Kartana|56/100|[from] item: Life Orb
|move|p2a: Tangrowth|Focus Blast|p1a: Kartana
|-supereffective|p1a: Kartana
|-damage|p1a: Kartana|0 fnt
|faint|p1a: Kartana
|
|upkeep
|
|t:|1662531154
|switch|p1a: Hawlucha|Hawlucha, F|100/100
|-enditem|p1a: Hawlucha|Misty Seed
|-boost|p1a: Hawlucha|spd|1|[from] item: Misty Seed
|turn|5
|
|t:|1662531158
|move|p1a: Hawlucha|Substitute|p1a: Hawlucha
|-start|p1a: Hawlucha|Substitute
|-damage|p1a: Hawlucha|76/100
|move|p2a: Tangrowth|Sleep Powder|p1a: Hawlucha|[miss]
|-miss|p2a: Tangrowth|p1a: Hawlucha
|
|-fieldend|Misty Terrain
|upkeep
|turn|6
|
|t:|1662531165
|switch|p2a: landorustherian|Landorus-Therian, M|100/100
|-ability|p2a: landorustherian|Intimidate|boost
|-immune|p1a: Hawlucha
|move|p1a: Hawlucha|Swords Dance|p1a: Hawlucha
|-boost|p1a: Hawlucha|atk|2
|
|upkeep
|turn|7
|
|t:|1662531171
|switch|p2a: Tangrowth|Tangrowth, M|87/100
|move|p1a: Hawlucha|Swords Dance|p1a: Hawlucha
|-boost|p1a: Hawlucha|atk|2
|
|upkeep
|turn|8
|
|t:|1662531178
|switch|p2a: Melmetal|Melmetal|100/100
|move|p1a: Hawlucha|Acrobatics|p2a: Melmetal
|-resisted|p2a: Melmetal
|-damage|p2a: Melmetal|62/100
|
|-sideend|p1: rthtfhngy|Reflect
|upkeep
|turn|9
|
|t:|1662531185
|move|p1a: Hawlucha|Close Combat|p2a: Melmetal
|-supereffective|p2a: Melmetal
|-damage|p2a: Melmetal|0 fnt
|-unboost|p1a: Hawlucha|def|1
|-unboost|p1a: Hawlucha|spd|1
|faint|p2a: Melmetal
|
|upkeep
|
|t:|1662531185
|switch|p2a: Weavile|Weavile, M|100/100
|-ability|p2a: Weavile|Pressure
|turn|10
|
|t:|1662531194
|move|p2a: Weavile|Ice Shard|p1a: Hawlucha
|-supereffective|p1a: Hawlucha
|-end|p1a: Hawlucha|Substitute
|move|p1a: Hawlucha|Close Combat|p2a: Weavile
|-supereffective|p2a: Weavile
|-damage|p2a: Weavile|0 fnt
|-unboost|p1a: Hawlucha|def|1
|-unboost|p1a: Hawlucha|spd|1
|faint|p2a: Weavile
|
|upkeep
|
|t:|1662531194
|switch|p2a: landorustherian|Landorus-Therian, M|100/100
|-ability|p2a: landorustherian|Intimidate|boost
|-unboost|p1a: Hawlucha|atk|1
|turn|11
|
|t:|1662531205
|switch|p2a: rotomwash|Rotom-Wash|100/100
|move|p1a: Hawlucha|Substitute|p1a: Hawlucha
|-start|p1a: Hawlucha|Substitute
|-damage|p1a: Hawlucha|51/100
|
|upkeep
|turn|12
|
|t:|1662531211
|move|p1a: Hawlucha|Swords Dance|p1a: Hawlucha
|-boost|p1a: Hawlucha|atk|2
|move|p2a: rotomwash|Thunderbolt|p1a: Hawlucha
|-supereffective|p1a: Hawlucha
|-end|p1a: Hawlucha|Substitute
|
|upkeep
|turn|13
|
|t:|1662531217
|move|p1a: Hawlucha|Close Combat|p2a: rotomwash
|-damage|p2a: rotomwash|0 fnt
|-unboost|p1a: Hawlucha|def|1
|-unboost|p1a: Hawlucha|spd|1
|faint|p2a: rotomwash
|
|upkeep
|
|t:|1662531217
|switch|p2a: landorustherian|Landorus-Therian, M|100/100
|-ability|p2a: landorustherian|Intimidate|boost
|-unboost|p1a: Hawlucha|atk|1
|turn|14
|
|t:|1662531225
|move|p1a: Hawlucha|Acrobatics|p2a: landorustherian
|-damage|p2a: landorustherian|0 fnt
|faint|p2a: landorustherian
|
|upkeep
|
|t:|1662531226
|switch|p2a: Heatran|Heatran, M|100/100
|-item|p2a: Heatran|Air Balloon
|turn|15
|
|t:|1662531232
|move|p1a: Hawlucha|Close Combat|p2a: Heatran
|-supereffective|p2a: Heatran
|-damage|p2a: Heatran|0 fnt
|-unboost|p1a: Hawlucha|def|1
|-unboost|p1a: Hawlucha|spd|1
|-enditem|p2a: Heatran|Air Balloon
|faint|p2a: Heatran
|
|upkeep
|
|t:|1662531232
|switch|p2a: Tangrowth|Tangrowth, M|100/100
|turn|16
|
|t:|1662531240
|move|p1a: Hawlucha|Acrobatics|p2a: Tangrowth
|-supereffective|p2a: Tangrowth
|-damage|p2a: Tangrowth|0 fnt
|faint|p2a: Tangrowth
|
|win|rthtfhngy
|raw|rthtfhngy's rating: 1555 &rarr; <strong>1574</strong><br />(+19 for winning)
|raw|minimax_ai's rating: 1534 &rarr; <strong>1515</strong><br />(-19 for losing)
|c|☆minimax_ai|gg
|l|☆minimax_ai
