|j|☆user_1 ou
|j|☆Nox Aeternus
|player|p1|user_1 ou|eusine|1663
|player|p2|Nox Aeternus|lucy-gen3|1800
|teamsize|p1|6
|teamsize|p2|6
|gametype|singles
|gen|8
|tier|[Gen 8] OU
|rated|
|clearpoke
|poke|p1|Excadrill, M|
|poke|p1|Froslass, F|
|poke|p1|Polteageist|
|poke|p1|Cloyster, F|
|poke|p1|Barbaracle, F|
|poke|p1|Dugtrio, F|
|poke|p2|Dragapult, M|
|poke|p2|Obstagoon, M|
|poke|p2|Ferrothorn, M|
|poke|p2|Rotom-Heat|
|poke|p2|Hippowdon, F|
|poke|p2|Hatterene, F|
|rule|Sleep Clause Mod: Limit one foe put to sleep
|rule|Species Clause: Limit one of each Pokémon
|rule|OHKO Clause: OHKO moves are banned
|rule|Evasion Moves Clause: Evasion moves are banned
|rule|Endless Battle Clause: Forcing endless battles is banned
|rule|HP Percentage Mod: HP is shown in percentages
|rule|Dynamax Clause: You cannot dynamax
|teampreview
|
|start
|switch|p1a: Excadrill|Excadrill, M|100/100
|switch|p2a: Hippowdon|Hippowdon, F|100/100
|-ability|p1a: Excadrill|Mold Breaker
|-weather|Sandstorm|[from] ability: Sand Stream|[of] p2a: Hippowdon
|turn|1
|
|move|p1a: Excadrill|Stealth Rock|p2a: Hippowdon
|-sidestart|p2: Nox Aeternus|move: Stealth Rock
|move|p2a: Hippowdon|Earthquake|p1a: Excadrill
|-supereffective|p1a: Excadrill
|-enditem|p1a: Excadrill|Focus Sash
|-damage|p1a: Excadrill|1/100
|
|-weather|Sandstorm|[upkeep]
|upkeep
|turn|2
|
|move|p1a: Excadrill|Earthquake|p2a: Hippowdon
|-damage|p2a: Hippowdon|64/100
|move|p2a: Hippowdon|Stealth Rock|p1a: Excadrill
|-sidestart|p1: user_1 ou|move: Stealth Rock
|
|-weather|Sandstorm|[upkeep]
|-heal|p2a: Hippowdon|70/100|[from] item: Leftovers
|upkeep
|turn|3
|
|switch|p2a: Dragapult|Dragapult, M|100/100
|-damage|p2a: Dragapult|88/100|[from] Stealth Rock
|move|p1a: Excadrill|Earthquake|p2a: Dragapult
|-damage|p2a: Dragapult|11/100
|
|-weather|Sandstorm|[upkeep]
|-damage|p2a: Dragapult|5/100|[from] Sandstorm
|upkeep
|turn|4
|
|move|p2a: Dragapult|Shadow Ball|p1a: Excadrill
|-damage|p1a: Excadrill|0 fnt
|faint|p1a: Excadrill
|
|-weather|Sandstorm|[upkeep]
|-damage|p2a: Dragapult|0 fnt|[from] Sandstorm
|faint|p2a: Dragapult
|upkeep
|
|switch|p2a: Rotom|Rotom-Heat|100/100
|switch|p1a: Dugtrio|Dugtrio, F|100/100
|-damage|p1a: Dugtrio|94/100|[from] Stealth Rock
|turn|5
|
|move|p1a: Dugtrio|Stone Edge|p2a: Rotom
|-supereffective|p2a: Rotom
|-damage|p2a: Rotom|38/100
|move|p2a: Rotom|Overheat|p1a: Dugtrio
|-damage|p1a: Dugtrio|0 fnt
|-unboost|p2a: Rotom|spa|2
|faint|p1a: Dugtrio
|
|-weather|none
|upkeep
|
|switch|p1a: Froslass|Froslass, F|100/100
|-damage|p1a: Froslass|75/100|[from] Stealth Rock
|turn|6
|
|move|p1a: Froslass|Shadow Ball|p2a: Rotom
|-damage|p2a: Rotom|14/100
|-unboost|p2a: Rotom|spd|1
|move|p2a: Rotom|Thunder Wave|p1a: Froslass
|-status|p1a: Froslass|par
|
|upkeep
|turn|7
|
|switch|p2a: Obstagoon|Obstagoon, M|100/100
|-damage|p2a: Obstagoon|88/100|[from] Stealth Rock
|move|p1a: Froslass|Shadow Ball|p2a: Obstagoon
|-immune|p2a: Obstagoon
|
|-status|p2a: Obstagoon|brn|[from] item: Flame Orb
|upkeep
|turn|8
|
|move|p2a: Obstagoon|Knock Off|p1a: Froslass
|-supereffective|p1a: Froslass
|-damage|p1a: Froslass|0 fnt
|-enditem|p1a: Froslass|Focus Sash|[from] move: Knock Off|[of] p2a: Obstagoon
|faint|p1a: Froslass
|
|-damage|p2a: Obstagoon|82/100 brn|[from] brn
|upkeep
|
|switch|p1a: Barbaracle|Barbaracle, F|100/100
|-damage|p1a: Barbaracle|88/100|[from] Stealth Rock
|turn|9
|
|move|p2a: Obstagoon|Close Combat|p1a: Barbaracle
|-supereffective|p1a: Barbaracle
|-damage|p1a: Barbaracle|0 fnt
|-unboost|p2a: Obstagoon|def|1
|-unboost|p2a: Obstagoon|spd|1
|faint|p1a: Barbaracle
|
|-damage|p2a: Obstagoon|76/100 brn|[from] brn
|upkeep
|
|switch|p1a: Cloyster|Cloyster, F|100/100
|-damage|p1a: Cloyster|76/100|[from] Stealth Rock
|turn|10
|j| Jonoboyo
|
|move|p2a: Obstagoon|Close Combat|p1a: Cloyster
|-supereffective|p1a: Cloyster
|-damage|p1a: Cloyster|0 fnt
|-unboost|p2a: Obstagoon|def|1
|-unboost|p2a: Obstagoon|spd|1
|faint|p1a: Cloyster
|
|-damage|p2a: Obstagoon|70/100 brn|[from] brn
|upkeep
|
|switch|p1a: Polteageist|Polteageist|100/100
|-damage|p1a: Polteageist|88/100|[from] Stealth Rock
|turn|11
|
|move|p2a: Obstagoon|Knock Off|p1a: Polteageist
|-supereffective|p1a: Polteageist
|-damage|p1a: Polteageist|0 fnt
|-enditem|p1a: Polteageist|Focus Sash|[from] move: Knock Off|[of] p2a: Obstagoon
|faint|p1a: Polteageist
|
|win|Nox Aeternus
|l|☆user_1 ou
|raw|user_1 ou's rating: 1663 &rarr; <strong>1650</strong><br />(-13 for losing)
|raw|Nox Aeternus's rating: 1800 &rarr; <strong>1812</strong><br />(+12 for winning)
