|j|☆dudebonez
|j|☆firepunch917
|t:|1665023760
|gametype|singles
|player|p1|dudebonez|firebreather|1439
|player|p2|firepunch917|170|1391
|teamsize|p1|6
|teamsize|p2|6
|gen|8
|tier|[Gen 8] OU
|rated|
|rule|Sleep Clause Mod: Limit one foe put to sleep
|rule|Species Clause: Limit one of each Pokémon
|rule|OHKO Clause: OHKO moves are banned
|rule|Evasion Items Clause: Evasion items are banned
|rule|Evasion Moves Clause: Evasion moves are banned
|rule|Endless Battle Clause: Forcing endless battles is banned
|rule|HP Percentage Mod: HP is shown in percentages
|rule|Dynamax Clause: You cannot dynamax
|clearpoke
|poke|p1|Clefable, M|
|poke|p1|Melmetal|
|poke|p1|Landorus-Therian, M|
|poke|p1|Toxapex, M|
|poke|p1|Urshifu-*, F|
|poke|p1|Dragapult, M|
|poke|p2|Weavile, M|
|poke|p2|Heatran, M|
|poke|p2|Clefable, M|
|poke|p2|Tapu Koko|
|poke|p2|Buzzwole|
|poke|p2|Dragonite, F|
|teampreview
|
|t:|1665023764
|start
|switch|p1a: Clefable|Clefable, M, shiny|100/100
|switch|p2a: Weavile|Weavile, M|100/100
|-ability|p2a: Weavile|Pressure
|turn|1
|
|t:|1665023770
|switch|p2a: Clefable|Clefable, M|100/100
|move|p1a: Clefable|Knock Off|p2a: Clefable
|-resisted|p2a: Clefable
|-damage|p2a: Clefable|93/100
|-enditem|p2a: Clefable|Sticky Barb|[from] move: Knock Off|[of] p1a: Clefable
|
|upkeep
|turn|2
|
|t:|1665023774
|switch|p1a: Melmetal|Melmetal, shiny|100/100
|move|p2a: Clefable|Thunder Wave|p1a: Melmetal
|-status|p1a: Melmetal|par
|
|upkeep
|turn|3
|
|t:|1665023778
|switch|p2a: Buzzwole|Buzzwole|100/100
|move|p1a: Melmetal|Superpower|p2a: Buzzwole
|-resisted|p2a: Buzzwole
|-crit|p2a: Buzzwole
|-damage|p2a: Buzzwole|87/100
|-unboost|p1a: Melmetal|atk|1
|-unboost|p1a: Melmetal|def|1
|-damage|p1a: Melmetal|84/100 par|[from] item: Rocky Helmet|[of] p2a: Buzzwole
|
|upkeep
|turn|4
|
|t:|1665023785
|switch|p1a: Clefable|Clefable, M, shiny|100/100
|move|p2a: Buzzwole|Toxic|p1a: Clefable|[miss]
|-miss|p2a: Buzzwole|p1a: Clefable
|
|upkeep
|turn|5
|
|t:|1665023787
|switch|p2a: Clefable|Clefable, M|93/100
|move|p1a: Clefable|Stealth Rock|p2a: Clefable
|-sidestart|p2: firepunch917|move: Stealth Rock
|
|upkeep
|turn|6
|
|t:|1665023791
|switch|p1a: Melmetal|Melmetal, shiny|84/100 par
|move|p2a: Clefable|Trick|p1a: Melmetal
|-activate|p2a: Clefable|move: Trick|[of] p1a: Melmetal
|-enditem|p1a: Melmetal|Assault Vest|[silent]|[from] move: Trick
|-item|p2a: Clefable|Assault Vest|[from] move: Trick
|
|upkeep
|turn|7
|
|t:|1665023795
|switch|p2a: Buzzwole|Buzzwole|87/100
|-damage|p2a: Buzzwole|75/100|[from] Stealth Rock
|switch|p1a: Clefable|Clefable, M, shiny|100/100
|
|upkeep
|turn|8
|
|t:|1665023799
|switch|p2a: Dragonite|Dragonite, F|100/100
|move|p1a: Clefable|Moonblast|p2a: Dragonite
|-supereffective|p2a: Dragonite
|-damage|p2a: Dragonite|82/100
|-unboost|p2a: Dragonite|spa|1
|
|upkeep
|turn|9
|
|t:|1665023803
|move|p2a: Dragonite|Defog|p1a: Clefable
|-unboost|p1a: Clefable|evasion|1
|-sideend|p2: firepunch917|Stealth Rock|[from] move: Defog|[of] p2a: Dragonite
|move|p1a: Clefable|Moonblast|p2a: Dragonite
|-supereffective|p2a: Dragonite
|-damage|p2a: Dragonite|43/100
|
|upkeep
|turn|10
|
|t:|1665023805
|move|p2a: Dragonite|Roost|p2a: Dragonite
|-heal|p2a: Dragonite|93/100
|-singleturn|p2a: Dragonite|move: Roost
|move|p1a: Clefable|Stealth Rock|p2a: Dragonite
|-sidestart|p2: firepunch917|move: Stealth Rock
|
|upkeep
|turn|11
|
|t:|1665023807
|move|p2a: Dragonite|Defog|p1a: Clefable
|-unboost|p1a: Clefable|evasion|1
|-sideend|p2: firepunch917|Stealth Rock|[from] move: Defog|[of] p2a: Dragonite
|move|p1a: Clefable|Knock Off|p2a: Dragonite
|-damage|p2a: Dragonite|79/100
|-enditem|p2a: Dragonite|Heavy-Duty Boots|[from] move: Knock Off|[of] p1a: Clefable
|
|upkeep
|turn|12
|
|t:|1665023810
|move|p2a: Dragonite|Earthquake|p1a: Clefable
|-damage|p1a: Clefable|78/100
|move|p1a: Clefable|Stealth Rock|p2a: Dragonite
|-sidestart|p2: firepunch917|move: Stealth Rock
|
|-heal|p1a: Clefable|84/100|[from] item: Leftovers
|upkeep
|turn|13
|
|t:|1665023812
|move|p2a: Dragonite|Roost|p2a: Dragonite
|-heal|p2a: Dragonite|100/100
|-singleturn|p2a: Dragonite|move: Roost
|move|p1a: Clefable|Moonblast|p2a: Dragonite
|-supereffective|p2a: Dragonite
|-damage|p2a: Dragonite|82/100
|
|-heal|p1a: Clefable|90/100|[from] item: Leftovers
|upkeep
|turn|14
|
|t:|1665023813
|move|p2a: Dragonite|Defog|p1a: Clefable
|-unboost|p1a: Clefable|evasion|1
|-sideend|p2: firepunch917|Stealth Rock|[from] move: Defog|[of] p2a: Dragonite
|move|p1a: Clefable|Moonblast|p2a: Dragonite
|-supereffective|p2a: Dragonite
|-damage|p2a: Dragonite|41/100
|
|-heal|p1a: Clefable|96/100|[from] item: Leftovers
|upkeep
|turn|15
|
|t:|1665023818
|switch|p2a: Heatran|Heatran, M|100/100
|-item|p2a: Heatran|Air Balloon
|move|p1a: Clefable|Moonblast|p2a: Heatran
|-resisted|p2a: Heatran
|-damage|p2a: Heatran|95/100
|-enditem|p2a: Heatran|Air Balloon
|
|-heal|p1a: Clefable|100/100|[from] item: Leftovers
|upkeep
|turn|16
|
|t:|1665023821
|switch|p1a: Landorus|Landorus-Therian, M|100/100
|-ability|p1a: Landorus|Intimidate|boost
|-unboost|p2a: Heatran|atk|1
|move|p2a: Heatran|Magma Storm|p1a: Landorus|[miss]
|-miss|p2a: Heatran|p1a: Landorus
|
|upkeep
|turn|17
|
|t:|1665023826
|switch|p2a: Buzzwole|Buzzwole|75/100
|move|p1a: Landorus|Toxic|p2a: Buzzwole
|-status|p2a: Buzzwole|tox
|
|-damage|p2a: Buzzwole|69/100 tox|[from] psn
|upkeep
|turn|18
|
|t:|1665023828
|switch|p1a: Clefable|Clefable, M, shiny|100/100
|move|p2a: Buzzwole|Roost|p2a: Buzzwole
|-heal|p2a: Buzzwole|100/100 tox
|-singleturn|p2a: Buzzwole|move: Roost
|
|-damage|p2a: Buzzwole|88/100 tox|[from] psn
|upkeep
|turn|19
|
|t:|1665023831
|switch|p2a: Heatran|Heatran, M|95/100
|move|p1a: Clefable|Stealth Rock|p2a: Heatran
|-sidestart|p2: firepunch917|move: Stealth Rock
|
|upkeep
|turn|20
|
|t:|1665023836
|switch|p1a: Landorus|Landorus-Therian, M|100/100
|-ability|p1a: Landorus|Intimidate|boost
|-unboost|p2a: Heatran|atk|1
|move|p2a: Heatran|Stealth Rock|p1a: Landorus
|-sidestart|p1: dudebonez|move: Stealth Rock
|
|upkeep
|turn|21
|
|t:|1665023839
|switch|p2a: Dragonite|Dragonite, F|41/100
|-damage|p2a: Dragonite|17/100|[from] Stealth Rock
|move|p1a: Landorus|Earthquake|p2a: Dragonite
|-immune|p2a: Dragonite
|
|upkeep
|turn|22
|
|t:|1665023845
|switch|p1a: Toxapex|Toxapex, M|100/100
|-damage|p1a: Toxapex|88/100|[from] Stealth Rock
|move|p2a: Dragonite|Roost|p2a: Dragonite
|-heal|p2a: Dragonite|67/100
|-singleturn|p2a: Dragonite|move: Roost
|
|upkeep
|turn|23
|
|t:|1665023847
|move|p2a: Dragonite|Earthquake|p1a: Toxapex
|-supereffective|p1a: Toxapex
|-damage|p1a: Toxapex|52/100
|move|p1a: Toxapex|Toxic|p2a: Dragonite
|-status|p2a: Dragonite|tox
|
|-damage|p2a: Dragonite|60/100 tox|[from] psn
|upkeep
|turn|24
|
|t:|1665023850
|move|p2a: Dragonite|Heal Bell|p2a: Dragonite
|-activate|p2a: Dragonite|move: Heal Bell
|-curestatus|p2a: Dragonite|tox|[msg]
|-curestatus|p2: Buzzwole|tox|[msg]
|move|p1a: Toxapex|Recover|p1a: Toxapex
|-heal|p1a: Toxapex|100/100
|
|upkeep
|turn|25
|
|t:|1665023855
|move|p2a: Dragonite|Roost|p2a: Dragonite
|-heal|p2a: Dragonite|100/100
|-singleturn|p2a: Dragonite|move: Roost
|move|p1a: Toxapex|Toxic|p2a: Dragonite
|-status|p2a: Dragonite|tox
|
|-damage|p2a: Dragonite|94/100 tox|[from] psn
|upkeep
|turn|26
|
|t:|1665023858
|switch|p2a: Tapu Koko|Tapu Koko|100/100
|-fieldstart|move: Electric Terrain|[from] ability: Electric Surge|[of] p2a: Tapu Koko
|switch|p1a: Dragapult|Dragapult, M|100/100
|-damage|p1a: Dragapult|88/100|[from] Stealth Rock
|
|upkeep
|turn|27
|
|t:|1665023861
|move|p1a: Dragapult|U-turn|p2a: Tapu Koko
|-resisted|p2a: Tapu Koko
|-damage|p2a: Tapu Koko|90/100
|
|t:|1665023863
|switch|p1a: Melmetal|Melmetal, shiny|84/100 par|[from]move: U-turn
|-damage|p1a: Melmetal|78/100 par|[from] Stealth Rock
|move|p2a: Tapu Koko|Dazzling Gleam|p1a: Melmetal
|-resisted|p1a: Melmetal
|-damage|p1a: Melmetal|66/100 par
|
|upkeep
|turn|28
|
|t:|1665023871
|switch|p1a: Toxapex|Toxapex, M|100/100
|-damage|p1a: Toxapex|88/100|[from] Stealth Rock
|move|p2a: Tapu Koko|U-turn|p1a: Toxapex
|-resisted|p1a: Toxapex
|-damage|p1a: Toxapex|83/100
|-damage|p2a: Tapu Koko|73/100|[from] item: Rocky Helmet|[of] p1a: Toxapex
|
|t:|1665023875
|switch|p2a: Weavile|Weavile, M|100/100|[from]move: U-turn
|-damage|p2a: Weavile|76/100|[from] Stealth Rock
|-ability|p2a: Weavile|Pressure
|
|upkeep
|turn|29
|
|t:|1665023883
|move|p2a: Weavile|Knock Off|p1a: Toxapex
|-damage|p1a: Toxapex|36/100
|-damage|p2a: Weavile|59/100|[from] item: Rocky Helmet|[of] p1a: Toxapex
|-enditem|p1a: Toxapex|Rocky Helmet|[from] move: Knock Off|[of] p2a: Weavile
|move|p1a: Toxapex|Toxic|p2a: Weavile
|-status|p2a: Weavile|tox
|
|-damage|p2a: Weavile|53/100 tox|[from] psn
|upkeep
|turn|30
|
|t:|1665023887
|switch|p2a: Tapu Koko|Tapu Koko|73/100
|move|p1a: Toxapex|Recover|p1a: Toxapex
|-heal|p1a: Toxapex|86/100
|
|-fieldend|move: Electric Terrain
|upkeep
|turn|31
|
|t:|1665023891
|move|p2a: Tapu Koko|U-turn|p1a: Toxapex
|-resisted|p1a: Toxapex
|-damage|p1a: Toxapex|81/100
|
|t:|1665023894
|switch|p2a: Dragonite|Dragonite, F|94/100 tox|[from]move: U-turn
|-damage|p2a: Dragonite|69/100 tox|[from] Stealth Rock
|move|p1a: Toxapex|Recover|p1a: Toxapex
|-heal|p1a: Toxapex|100/100
|
|-damage|p2a: Dragonite|63/100 tox|[from] psn
|upkeep
|turn|32
|
|t:|1665023903
|switch|p1a: Dragapult|Dragapult, M|88/100
|-damage|p1a: Dragapult|76/100|[from] Stealth Rock
|move|p2a: Dragonite|Heal Bell|p2a: Dragonite
|-activate|p2a: Dragonite|move: Heal Bell
|-curestatus|p2a: Dragonite|tox|[msg]
|-curestatus|p2: Weavile|tox|[msg]
|
|upkeep
|turn|33
|
|t:|1665023906
|switch|p2a: Clefable|Clefable, M|93/100
|move|p1a: Dragapult|Shadow Ball|p2a: Clefable
|-crit|p2a: Clefable
|-damage|p2a: Clefable|53/100
|
|upkeep
|turn|34
|
|t:|1665023910
|move|p1a: Dragapult|Shadow Ball|p2a: Clefable
|-damage|p2a: Clefable|28/100
|move|p2a: Clefable|Moonblast|p1a: Dragapult
|-supereffective|p1a: Dragapult
|-damage|p1a: Dragapult|0 fnt
|faint|p1a: Dragapult
|
|upkeep
|
|t:|1665023914
|switch|p1a: Urshifu|Urshifu-Rapid-Strike, F|100/100
|-damage|p1a: Urshifu|94/100|[from] Stealth Rock
|turn|35
|
|t:|1665023916
|move|p1a: Urshifu|Surging Strikes|p2a: Clefable
|-crit|p2a: Clefable
|-damage|p2a: Clefable|0 fnt
|faint|p2a: Clefable
|-hitcount|p2: Clefable|1
|
|upkeep
|
|t:|1665023919
|switch|p2a: Buzzwole|Buzzwole|88/100
|-damage|p2a: Buzzwole|76/100|[from] Stealth Rock
|turn|36
|
|t:|1665023922
|switch|p1a: Clefable|Clefable, M, shiny|100/100
|move|p2a: Buzzwole|Toxic|p1a: Clefable
|-status|p1a: Clefable|tox
|
|upkeep
|turn|37
|
|t:|1665023930
|switch|p2a: Heatran|Heatran, M|95/100
|-damage|p2a: Heatran|83/100|[from] Stealth Rock
|switch|p1a: Urshifu|Urshifu-Rapid-Strike, F|94/100
|-damage|p1a: Urshifu|88/100|[from] Stealth Rock
|
|upkeep
|turn|38
|
|t:|1665023936
|switch|p2a: Buzzwole|Buzzwole|76/100
|-damage|p2a: Buzzwole|63/100|[from] Stealth Rock
|move|p1a: Urshifu|Close Combat|p2a: Buzzwole
|-resisted|p2a: Buzzwole
|-damage|p2a: Buzzwole|41/100
|-unboost|p1a: Urshifu|def|1
|-unboost|p1a: Urshifu|spd|1
|-damage|p1a: Urshifu|72/100|[from] item: Rocky Helmet|[of] p2a: Buzzwole
|
|upkeep
|turn|39
|
|t:|1665023939
|switch|p1a: Clefable|Clefable, M, shiny|100/100 tox
|move|p2a: Buzzwole|Roost|p2a: Buzzwole
|-heal|p2a: Buzzwole|91/100
|-singleturn|p2a: Buzzwole|move: Roost
|
|upkeep
|turn|40
|
|t:|1665023942
|switch|p2a: Heatran|Heatran, M|83/100
|-damage|p2a: Heatran|70/100|[from] Stealth Rock
|move|p1a: Clefable|Knock Off|p2a: Heatran
|-damage|p2a: Heatran|62/100
|
|upkeep
|turn|41
|
|t:|1665023944
|switch|p1a: Landorus|Landorus-Therian, M|100/100
|-damage|p1a: Landorus|88/100|[from] Stealth Rock
|-ability|p1a: Landorus|Intimidate|boost
|-unboost|p2a: Heatran|atk|1
|move|p2a: Heatran|Magma Storm|p1a: Landorus
|-damage|p1a: Landorus|57/100
|-activate|p1a: Landorus|move: Magma Storm|[of] p2a: Heatran
|
|-heal|p1a: Landorus|63/100|[from] item: Leftovers
|-damage|p1a: Landorus|50/100|[from] move: Magma Storm|[partiallytrapped]
|upkeep
|turn|42
|
|t:|1665023948
|switch|p2a: Dragonite|Dragonite, F|63/100
|-damage|p2a: Dragonite|38/100|[from] Stealth Rock
|move|p1a: Landorus|Earthquake|p2a: Dragonite
|-immune|p2a: Dragonite
|
|-heal|p1a: Landorus|57/100|[from] item: Leftovers
|-end|p1a: Landorus|Magma Storm|[partiallytrapped]|[silent]
|upkeep
|turn|43
|
|t:|1665023952
|move|p1a: Landorus|U-turn|p2a: Dragonite
|-resisted|p2a: Dragonite
|-damage|p2a: Dragonite|28/100
|
|t:|1665023963
|switch|p1a: Clefable|Clefable, M, shiny|100/100 tox|[from]move: U-turn
|move|p2a: Dragonite|Roost|p2a: Dragonite
|-heal|p2a: Dragonite|78/100
|-singleturn|p2a: Dragonite|move: Roost
|
|upkeep
|turn|44
|
|t:|1665023966
|move|p2a: Dragonite|Defog|p1a: Clefable
|-unboost|p1a: Clefable|evasion|1
|-sideend|p1: dudebonez|Stealth Rock|[from] move: Defog|[of] p2a: Dragonite
|-sideend|p2: firepunch917|Stealth Rock|[from] move: Defog|[of] p2a: Dragonite
|move|p1a: Clefable|Moonblast|p2a: Dragonite
|-supereffective|p2a: Dragonite
|-damage|p2a: Dragonite|37/100
|
|upkeep
|turn|45
|
|t:|1665023969
|switch|p2a: Heatran|Heatran, M|62/100
|move|p1a: Clefable|Stealth Rock|p2a: Heatran
|-sidestart|p2: firepunch917|move: Stealth Rock
|
|upkeep
|turn|46
|
|t:|1665023975
|switch|p1a: Landorus|Landorus-Therian, M|57/100
|-ability|p1a: Landorus|Intimidate|boost
|-unboost|p2a: Heatran|atk|1
|move|p2a: Heatran|Magma Storm|p1a: Landorus
|-damage|p1a: Landorus|26/100
|-activate|p1a: Landorus|move: Magma Storm|[of] p2a: Heatran
|
|-heal|p1a: Landorus|32/100|[from] item: Leftovers
|-damage|p1a: Landorus|20/100|[from] move: Magma Storm|[partiallytrapped]
|upkeep
|turn|47
|
|t:|1665023982
|switch|p2a: Buzzwole|Buzzwole|91/100
|-damage|p2a: Buzzwole|78/100|[from] Stealth Rock
|move|p1a: Landorus|U-turn|p2a: Buzzwole
|-resisted|p2a: Buzzwole
|-damage|p2a: Buzzwole|74/100
|-damage|p1a: Landorus|3/100|[from] item: Rocky Helmet|[of] p2a: Buzzwole
|
|t:|1665023984
|switch|p1a: Clefable|Clefable, M, shiny|100/100 tox|[from]move: U-turn
|
|upkeep
|turn|48
|
|t:|1665023988
|switch|p2a: Heatran|Heatran, M|62/100
|-damage|p2a: Heatran|50/100|[from] Stealth Rock
|move|p1a: Clefable|Moonblast|p2a: Heatran
|-resisted|p2a: Heatran
|-damage|p2a: Heatran|45/100
|
|upkeep
|turn|49
|
|t:|1665023991
|switch|p1a: Landorus|Landorus-Therian, M|3/100
|-ability|p1a: Landorus|Intimidate|boost
|-unboost|p2a: Heatran|atk|1
|move|p2a: Heatran|Stealth Rock|p1a: Landorus
|-sidestart|p1: dudebonez|move: Stealth Rock
|
|-heal|p1a: Landorus|9/100|[from] item: Leftovers
|upkeep
|turn|50
|
|t:|1665023995
|switch|p2a: Buzzwole|Buzzwole|74/100
|-damage|p2a: Buzzwole|61/100|[from] Stealth Rock
|move|p1a: Landorus|Earthquake|p2a: Buzzwole
|-resisted|p2a: Buzzwole
|-damage|p2a: Buzzwole|51/100
|
|-heal|p1a: Landorus|15/100|[from] item: Leftovers
|upkeep
|turn|51
|
|t:|1665023998
|move|p1a: Landorus|Toxic|p2a: Buzzwole
|-status|p2a: Buzzwole|tox
|move|p2a: Buzzwole|Roost|p2a: Buzzwole
|-heal|p2a: Buzzwole|100/100 tox
|-singleturn|p2a: Buzzwole|move: Roost
|
|-heal|p1a: Landorus|21/100|[from] item: Leftovers
|-damage|p2a: Buzzwole|94/100 tox|[from] psn
|upkeep
|turn|52
|
|t:|1665024003
|switch|p1a: Clefable|Clefable, M, shiny|100/100 tox
|move|p2a: Buzzwole|Ice Punch|p1a: Clefable
|-damage|p1a: Clefable|83/100 tox
|
|-heal|p1a: Clefable|89/100 tox|[from] item: Leftovers
|-damage|p2a: Buzzwole|82/100 tox|[from] psn
|upkeep
|turn|53
|
|t:|1665024015
|switch|p2a: Weavile|Weavile, M|53/100
|-damage|p2a: Weavile|28/100|[from] Stealth Rock
|-ability|p2a: Weavile|Pressure
|move|p1a: Clefable|Moonblast|p2a: Weavile
|-supereffective|p2a: Weavile
|-damage|p2a: Weavile|0 fnt
|faint|p2a: Weavile
|
|-heal|p1a: Clefable|95/100 tox|[from] item: Leftovers
|upkeep
|
|t:|1665024018
|switch|p2a: Heatran|Heatran, M|45/100
|-damage|p2a: Heatran|32/100|[from] Stealth Rock
|turn|54
|
|t:|1665024022
|switch|p1a: Landorus|Landorus-Therian, M|21/100
|-damage|p1a: Landorus|9/100|[from] Stealth Rock
|-ability|p1a: Landorus|Intimidate|boost
|-unboost|p2a: Heatran|atk|1
|move|p2a: Heatran|Magma Storm|p1a: Landorus
|-damage|p1a: Landorus|0 fnt
|faint|p1a: Landorus
|
|upkeep
|
|t:|1665024029
|switch|p1a: Urshifu|Urshifu-Rapid-Strike, F|72/100
|-damage|p1a: Urshifu|66/100|[from] Stealth Rock
|turn|55
|
|t:|1665024032
|switch|p2a: Buzzwole|Buzzwole|82/100 tox
|-damage|p2a: Buzzwole|69/100 tox|[from] Stealth Rock
|move|p1a: Urshifu|U-turn|p2a: Buzzwole
|-resisted|p2a: Buzzwole
|-damage|p2a: Buzzwole|61/100 tox
|-damage|p1a: Urshifu|49/100|[from] item: Rocky Helmet|[of] p2a: Buzzwole
|
|t:|1665024034
|switch|p1a: Clefable|Clefable, M, shiny|95/100 tox|[from]move: U-turn
|
|-heal|p1a: Clefable|100/100 tox|[from] item: Leftovers
|-damage|p2a: Buzzwole|55/100 tox|[from] psn
|upkeep
|turn|56
|
|t:|1665024039
|switch|p2a: Dragonite|Dragonite, F|37/100
|-damage|p2a: Dragonite|12/100|[from] Stealth Rock
|move|p1a: Clefable|Moonblast|p2a: Dragonite
|-supereffective|p2a: Dragonite
|-damage|p2a: Dragonite|0 fnt
|faint|p2a: Dragonite
|
|upkeep
|
|t:|1665024044
|switch|p2a: Tapu Koko|Tapu Koko|73/100
|-fieldstart|move: Electric Terrain|[from] ability: Electric Surge|[of] p2a: Tapu Koko
|turn|57
|
|t:|1665024051
|switch|p1a: Melmetal|Melmetal, shiny|66/100 par
|-damage|p1a: Melmetal|60/100 par|[from] Stealth Rock
|move|p2a: Tapu Koko|Thunderbolt|p1a: Melmetal
|-damage|p1a: Melmetal|21/100 par
|
|upkeep
|turn|58
|
|t:|1665024057
|move|p2a: Tapu Koko|Thunderbolt|p1a: Melmetal
|-damage|p1a: Melmetal|0 fnt
|faint|p1a: Melmetal
|
|upkeep
|
|t:|1665024060
|switch|p1a: Clefable|Clefable, M, shiny|100/100 tox
|turn|59
|
|t:|1665024063
|move|p2a: Tapu Koko|Thunderbolt|p1a: Clefable
|-damage|p1a: Clefable|53/100 tox
|move|p1a: Clefable|Soft-Boiled|p1a: Clefable
|-heal|p1a: Clefable|100/100 tox
|
|upkeep
|turn|60
|
|t:|1665024068
|move|p2a: Tapu Koko|Roost|p2a: Tapu Koko
|-heal|p2a: Tapu Koko|100/100
|-singleturn|p2a: Tapu Koko|move: Roost
|move|p1a: Clefable|Soft-Boiled||[still]
|-fail|p1a: Clefable|heal
|
|upkeep
|turn|61
|
|t:|1665024071
|move|p2a: Tapu Koko|Thunderbolt|p1a: Clefable
|-damage|p1a: Clefable|56/100 tox
|move|p1a: Clefable|Moonblast|p2a: Tapu Koko
|-damage|p2a: Tapu Koko|50/100
|
|-heal|p1a: Clefable|62/100 tox|[from] item: Leftovers
|-fieldend|move: Electric Terrain
|upkeep
|turn|62
|
|t:|1665024075
|move|p2a: Tapu Koko|U-turn|p1a: Clefable
|-resisted|p1a: Clefable
|-damage|p1a: Clefable|56/100 tox
|
|t:|1665024077
|switch|p2a: Heatran|Heatran, M|32/100|[from]move: U-turn
|-damage|p2a: Heatran|20/100|[from] Stealth Rock
|move|p1a: Clefable|Soft-Boiled|p1a: Clefable
|-heal|p1a: Clefable|100/100 tox
|
|upkeep
|turn|63
|
|t:|1665024079
|switch|p1a: Toxapex|Toxapex, M|100/100
|-damage|p1a: Toxapex|88/100|[from] Stealth Rock
|move|p2a: Heatran|Magma Storm|p1a: Toxapex|[miss]
|-miss|p2a: Heatran|p1a: Toxapex
|
|upkeep
|turn|64
|
|t:|1665024083
|move|p2a: Heatran|Magma Storm|p1a: Toxapex
|-resisted|p1a: Toxapex
|-damage|p1a: Toxapex|69/100
|-activate|p1a: Toxapex|move: Magma Storm|[of] p2a: Heatran
|move|p1a: Toxapex|Scald|p2a: Heatran
|-supereffective|p2a: Heatran
|-damage|p2a: Heatran|0 fnt
|faint|p2a: Heatran
|
|-end|p1a: Toxapex|Magma Storm|[partiallytrapped]|[silent]
|upkeep
|
|t:|1665024085
|switch|p2a: Tapu Koko|Tapu Koko|50/100
|-fieldstart|move: Electric Terrain|[from] ability: Electric Surge|[of] p2a: Tapu Koko
|turn|65
|
|t:|1665024095
|switch|p1a: Urshifu|Urshifu-Rapid-Strike, F|49/100
|-damage|p1a: Urshifu|43/100|[from] Stealth Rock
|move|p2a: Tapu Koko|Thunderbolt|p1a: Urshifu
|-supereffective|p1a: Urshifu
|-damage|p1a: Urshifu|0 fnt
|faint|p1a: Urshifu
|
|upkeep
|
|t:|1665024097
|switch|p1a: Clefable|Clefable, M, shiny|100/100 tox
|turn|66
|
|t:|1665024101
|move|p2a: Tapu Koko|Thunderbolt|p1a: Clefable
|-damage|p1a: Clefable|53/100 tox
|move|p1a: Clefable|Moonblast|p2a: Tapu Koko
|-damage|p2a: Tapu Koko|5/100
|
|-heal|p1a: Clefable|59/100 tox|[from] item: Leftovers
|upkeep
|turn|67
|-message|firepunch917 forfeited.
|
|win|dudebonez
|raw|dudebonez's rating: 1439 &rarr; <strong>1456</strong><br />(+17 for winning)
|raw|firepunch917's rating: 1391 &rarr; <strong>1374</strong><br />(-17 for losing)
|l|☆firepunch917
|c|☆dudebonez|lefties on heatran wins you that game
||Ladder isn't responding, score probably updated but might not have (Request timeout).
