|html|<div class="broadcast-blue"><strong>[Gen 8] OU is currently suspecting Melmetal! For information on how to participate check out the <a href="https://www.smogon.com/forums/threads/np-ss-ou-suspect-process-round-12-monster-mash.3709234/">suspect thread</a>.</strong></div>
|j|☆Spectre Ace
|j|☆wax C
|t:|1666441815
|gametype|singles
|player|p1|Spectre Ace|juggler|1702
|player|p2|wax C|rocketexecutive-gen2|1722
|teamsize|p1|6
|teamsize|p2|6
|gen|8
|tier|[Gen 8] OU
|rated|
|rule|Sleep Clause Mod: Limit one foe put to sleep
|rule|Species Clause: Limit one of each Pokémon
|rule|OHKO Clause: OHKO moves are banned
|rule|Evasion Items Clause: Evasion items are banned
|rule|Evasion Moves Clause: Evasion moves are banned
|rule|Endless Battle Clause: Forcing endless battles is banned
|rule|HP Percentage Mod: HP is shown in percentages
|rule|Dynamax Clause: You cannot dynamax
|clearpoke
|poke|p1|Garchomp, M|
|poke|p1|Mandibuzz, F|
|poke|p1|Ferrothorn, M|
|poke|p1|Primarina, F|
|poke|p1|Raichu-Alola, F|
|poke|p1|Tapu Koko|
|poke|p2|Ferrothorn, M|
|poke|p2|Garchomp, M|
|poke|p2|Tapu Fini|
|poke|p2|Aegislash, M|
|poke|p2|Mandibuzz, F|
|poke|p2|Zapdos-Galar|
|teampreview
|c|☆wax C|hf
|inactive|Battle timer is ON: inactive players will automatically lose when time's up. (requested by Spectre Ace)
|
|t:|1666441850
|start
|switch|p1a: Primarina|Primarina, F|100/100
|switch|p2a: Tapu Fini|Tapu Fini, shiny|100/100
|-fieldstart|move: Misty Terrain|[from] ability: Misty Surge|[of] p2a: Tapu Fini
|turn|1
|
|t:|1666441854
|move|p2a: Tapu Fini|Taunt|p1a: Primarina
|-start|p1a: Primarina|move: Taunt
|move|p1a: Primarina|Hydro Pump|p2a: Tapu Fini
|-resisted|p2a: Tapu Fini
|-damage|p2a: Tapu Fini|65/100
|
|-heal|p2a: Tapu Fini|71/100|[from] item: Leftovers
|upkeep
|turn|2
|
|t:|1666441857
|move|p2a: Tapu Fini|Calm Mind|p2a: Tapu Fini
|-boost|p2a: Tapu Fini|spa|1
|-boost|p2a: Tapu Fini|spd|1
|move|p1a: Primarina|Hydro Pump|p2a: Tapu Fini
|-resisted|p2a: Tapu Fini
|-damage|p2a: Tapu Fini|46/100
|
|-heal|p2a: Tapu Fini|52/100|[from] item: Leftovers
|upkeep
|turn|3
|
|t:|1666441862
|switch|p1a: Tapu Koko|Tapu Koko|100/100
|-fieldstart|move: Electric Terrain|[from] ability: Electric Surge|[of] p1a: Tapu Koko
|move|p2a: Tapu Fini|Calm Mind|p2a: Tapu Fini
|-boost|p2a: Tapu Fini|spa|1
|-boost|p2a: Tapu Fini|spd|1
|
|-heal|p2a: Tapu Fini|58/100|[from] item: Leftovers
|upkeep
|turn|4
|
|t:|1666441865
|move|p1a: Tapu Koko|U-turn|p2a: Tapu Fini
|-resisted|p2a: Tapu Fini
|-damage|p2a: Tapu Fini|50/100
|
|t:|1666441871
|switch|p1a: Ferrothorn|Ferrothorn, M|100/100|[from]move: U-turn
|move|p2a: Tapu Fini|Moonblast|p1a: Ferrothorn
|-resisted|p1a: Ferrothorn
|-damage|p1a: Ferrothorn|77/100
|
|-heal|p2a: Tapu Fini|56/100|[from] item: Leftovers
|-heal|p1a: Ferrothorn|84/100|[from] item: Leftovers
|upkeep
|turn|5
|j| Tokantolov
|
|t:|1666441875
|move|p2a: Tapu Fini|Taunt|p1a: Ferrothorn
|-start|p1a: Ferrothorn|move: Taunt
|move|p1a: Ferrothorn|Gyro Ball|p2a: Tapu Fini
|-damage|p2a: Tapu Fini|14/100
|
|-heal|p2a: Tapu Fini|20/100|[from] item: Leftovers
|-heal|p1a: Ferrothorn|90/100|[from] item: Leftovers
|upkeep
|turn|6
|
|t:|1666441888
|switch|p2a: Ferrothorn|Ferrothorn, M, shiny|100/100
|move|p1a: Ferrothorn|Knock Off|p2a: Ferrothorn
|-damage|p2a: Ferrothorn|88/100
|-damage|p1a: Ferrothorn|77/100|[from] ability: Iron Barbs|[of] p2a: Ferrothorn
|-damage|p1a: Ferrothorn|61/100|[from] item: Rocky Helmet|[of] p2a: Ferrothorn
|-enditem|p2a: Ferrothorn|Rocky Helmet|[from] move: Knock Off|[of] p1a: Ferrothorn
|
|-heal|p1a: Ferrothorn|67/100|[from] item: Leftovers
|upkeep
|turn|7
|
|t:|1666441893
|move|p2a: Ferrothorn|Stealth Rock|p1a: Ferrothorn
|-sidestart|p1: Spectre Ace|move: Stealth Rock
|move|p1a: Ferrothorn|Gyro Ball|p2a: Ferrothorn
|-resisted|p2a: Ferrothorn
|-crit|p2a: Ferrothorn
|-damage|p2a: Ferrothorn|81/100
|-damage|p1a: Ferrothorn|55/100|[from] ability: Iron Barbs|[of] p2a: Ferrothorn
|
|-heal|p1a: Ferrothorn|61/100|[from] item: Leftovers
|-end|p1a: Ferrothorn|move: Taunt
|upkeep
|turn|8
|
|t:|1666441895
|move|p2a: Ferrothorn|Knock Off|p1a: Ferrothorn
|-damage|p1a: Ferrothorn|45/100
|-damage|p2a: Ferrothorn|68/100|[from] ability: Iron Barbs|[of] p1a: Ferrothorn
|-enditem|p1a: Ferrothorn|Leftovers|[from] move: Knock Off|[of] p2a: Ferrothorn
|move|p1a: Ferrothorn|Spikes|p2a: Ferrothorn
|-sidestart|p2: wax C|Spikes
|
|upkeep
|turn|9
|
|t:|1666441909
|switch|p2a: Aegislash|Aegislash, M, shiny|100/100
|-damage|p2a: Aegislash|88/100|[from] Spikes
|move|p1a: Ferrothorn|Spikes|p2a: Aegislash
|-sidestart|p2: wax C|Spikes
|
|upkeep
|turn|10
|
|t:|1666441915
|-formechange|p2a: Aegislash|Aegislash-Blade||[from] ability: Stance Change
|move|p2a: Aegislash|Shadow Ball|p1a: Ferrothorn
|-damage|p1a: Ferrothorn|1/100
|-damage|p2a: Aegislash|78/100|[from] item: Life Orb
|move|p1a: Ferrothorn|Spikes|p2a: Aegislash
|-sidestart|p2: wax C|Spikes
|
|-fieldend|move: Electric Terrain
|upkeep
|turn|11
|
|t:|1666441925
|move|p2a: Aegislash|Shadow Ball|p1a: Ferrothorn
|-damage|p1a: Ferrothorn|0 fnt
|faint|p1a: Ferrothorn
|-damage|p2a: Aegislash|68/100|[from] item: Life Orb
|
|upkeep
|
|t:|1666441926
|switch|p1a: Tapu Koko|Tapu Koko|100/100
|-damage|p1a: Tapu Koko|88/100|[from] Stealth Rock
|-fieldstart|move: Electric Terrain|[from] ability: Electric Surge|[of] p1a: Tapu Koko
|turn|12
|
|t:|1666441931
|switch|p2a: Tapu Fini|Tapu Fini, shiny|20/100
|-damage|p2a: Tapu Fini|0 fnt|[from] Spikes
|faint|p2a: Tapu Fini
|move|p1a: Tapu Koko|Dazzling Gleam|p2: Tapu Fini|[notarget]
|-fail|p1a: Tapu Koko
|
|upkeep
|
|t:|1666441937
|switch|p2a: Ferrothorn|Ferrothorn, M, shiny|68/100
|-damage|p2a: Ferrothorn|44/100|[from] Spikes
|turn|13
|
|t:|1666441943
|move|p1a: Tapu Koko|Thunderbolt|p2a: Ferrothorn
|-resisted|p2a: Ferrothorn
|-damage|p2a: Ferrothorn|24/100
|move|p2a: Ferrothorn|Leech Seed|p1a: Tapu Koko
|-start|p1a: Tapu Koko|move: Leech Seed
|
|-damage|p1a: Tapu Koko|76/100|[from] Leech Seed|[of] p2a: Ferrothorn
|-heal|p2a: Ferrothorn|34/100|[silent]
|upkeep
|turn|14
|
|t:|1666441948
|switch|p1a: Garchomp|Garchomp, M|100/100
|-damage|p1a: Garchomp|94/100|[from] Stealth Rock
|move|p2a: Ferrothorn|Power Whip|p1a: Garchomp
|-damage|p1a: Garchomp|53/100
|-damage|p2a: Ferrothorn|22/100|[from] ability: Rough Skin|[of] p1a: Garchomp
|
|-heal|p1a: Garchomp|59/100|[from] item: Leftovers
|upkeep
|turn|15
|
|t:|1666441951
|move|p1a: Garchomp|Stealth Rock|p2a: Ferrothorn
|-sidestart|p2: wax C|move: Stealth Rock
|move|p2a: Ferrothorn|Leech Seed|p1a: Garchomp
|-start|p1a: Garchomp|move: Leech Seed
|
|-heal|p1a: Garchomp|65/100|[from] item: Leftovers
|-damage|p1a: Garchomp|53/100|[from] Leech Seed|[of] p2a: Ferrothorn
|-heal|p2a: Ferrothorn|34/100|[silent]
|upkeep
|turn|16
|
|t:|1666441953
|switch|p2a: Mandibuzz|Mandibuzz, F, shiny|100/100
|move|p1a: Garchomp|Swords Dance|p1a: Garchomp
|-boost|p1a: Garchomp|atk|2
|
|-heal|p1a: Garchomp|59/100|[from] item: Leftovers
|-damage|p1a: Garchomp|47/100|[from] Leech Seed|[of] p2a: Mandibuzz
|upkeep
|turn|17
|
|t:|1666441958
|move|p1a: Garchomp|Stone Edge|p2a: Mandibuzz
|-supereffective|p2a: Mandibuzz
|-damage|p2a: Mandibuzz|1/100
|move|p2a: Mandibuzz|Defog|p1a: Garchomp
|-unboost|p1a: Garchomp|evasion|1
|-sideend|p1: Spectre Ace|Stealth Rock|[from] move: Defog|[of] p2a: Mandibuzz
|-sideend|p2: wax C|Spikes|[from] move: Defog|[of] p2a: Mandibuzz
|-sideend|p2: wax C|Stealth Rock|[from] move: Defog|[of] p2a: Mandibuzz
|-fieldend|move: Electric Terrain
|
|-heal|p1a: Garchomp|53/100|[from] item: Leftovers
|-damage|p1a: Garchomp|41/100|[from] Leech Seed|[of] p2a: Mandibuzz
|-heal|p2a: Mandibuzz|11/100|[silent]
|upkeep
|turn|18
|
|t:|1666441969
|move|p1a: Garchomp|Stealth Rock|p2a: Mandibuzz
|-sidestart|p2: wax C|move: Stealth Rock
|move|p2a: Mandibuzz|Knock Off|p1a: Garchomp
|-damage|p1a: Garchomp|17/100
|-damage|p2a: Mandibuzz|0 fnt|[from] ability: Rough Skin|[of] p1a: Garchomp
|faint|p2a: Mandibuzz
|
|-heal|p1a: Garchomp|23/100|[from] item: Leftovers
|upkeep
|
|t:|1666441974
|switch|p2a: Zapdos|Zapdos-Galar|100/100
|-damage|p2a: Zapdos|88/100|[from] Stealth Rock
|turn|19
|
|t:|1666441978
|move|p2a: Zapdos|U-turn|p1a: Garchomp
|-damage|p1a: Garchomp|0 fnt
|-damage|p2a: Zapdos|76/100|[from] ability: Rough Skin|[of] p1a: Garchomp
|faint|p1a: Garchomp
|
|t:|1666441987
|switch|p2a: Ferrothorn|Ferrothorn, M, shiny|34/100|[from]move: U-turn
|-damage|p2a: Ferrothorn|28/100|[from] Stealth Rock
|
|upkeep
|
|t:|1666441991
|switch|p1a: Primarina|Primarina, F|100/100
|turn|20
|
|t:|1666441993
|move|p1a: Primarina|Hydro Pump|p2a: Ferrothorn
|-resisted|p2a: Ferrothorn
|-damage|p2a: Ferrothorn|0 fnt
|faint|p2a: Ferrothorn
|
|upkeep
|
|t:|1666441998
|switch|p2a: Aegislash|Aegislash, M, shiny|68/100
|-damage|p2a: Aegislash|62/100|[from] Stealth Rock
|turn|21
|
|t:|1666442004
|switch|p1a: Croft|Mandibuzz, F|100/100
|-formechange|p2a: Aegislash|Aegislash-Blade||[from] ability: Stance Change
|move|p2a: Aegislash|Flash Cannon|p1a: Croft
|-damage|p1a: Croft|53/100
|-damage|p2a: Aegislash|52/100|[from] item: Life Orb
|
|upkeep
|turn|22
|
|t:|1666442009
|switch|p2a: Zapdos|Zapdos-Galar|76/100
|-damage|p2a: Zapdos|63/100|[from] Stealth Rock
|move|p1a: Croft|Foul Play|p2a: Zapdos
|-resisted|p2a: Zapdos
|-damage|p2a: Zapdos|33/100
|
|upkeep
|turn|23
|
|t:|1666442014
|move|p2a: Zapdos|Close Combat|p1a: Croft
|-crit|p1a: Croft
|-damage|p1a: Croft|3/100
|-unboost|p2a: Zapdos|def|1
|-unboost|p2a: Zapdos|spd|1
|move|p1a: Croft|Roost|p1a: Croft
|-heal|p1a: Croft|53/100
|-singleturn|p1a: Croft|move: Roost
|
|upkeep
|turn|24
|
|t:|1666442019
|move|p2a: Zapdos|Close Combat|p1a: Croft
|-damage|p1a: Croft|15/100
|-unboost|p2a: Zapdos|def|1
|-unboost|p2a: Zapdos|spd|1
|move|p1a: Croft|Roost|p1a: Croft
|-heal|p1a: Croft|65/100
|-singleturn|p1a: Croft|move: Roost
|
|upkeep
|turn|25
|
|t:|1666442022
|move|p2a: Zapdos|Close Combat|p1a: Croft
|-damage|p1a: Croft|28/100
|-unboost|p2a: Zapdos|def|1
|-unboost|p2a: Zapdos|spd|1
|move|p1a: Croft|Roost|p1a: Croft
|-heal|p1a: Croft|79/100
|-singleturn|p1a: Croft|move: Roost
|
|upkeep
|turn|26
|
|t:|1666442024
|move|p2a: Zapdos|Close Combat|p1a: Croft
|-damage|p1a: Croft|40/100
|-unboost|p2a: Zapdos|def|1
|-unboost|p2a: Zapdos|spd|1
|move|p1a: Croft|Roost|p1a: Croft
|-heal|p1a: Croft|90/100
|-singleturn|p1a: Croft|move: Roost
|
|upkeep
|turn|27
|
|t:|1666442026
|move|p2a: Zapdos|Close Combat|p1a: Croft
|-damage|p1a: Croft|52/100
|-unboost|p2a: Zapdos|def|1
|-unboost|p2a: Zapdos|spd|1
|move|p1a: Croft|Roost|p1a: Croft
|-heal|p1a: Croft|100/100
|-singleturn|p1a: Croft|move: Roost
|
|upkeep
|turn|28
|
|t:|1666442029
|switch|p2a: Aegislash|Aegislash, M, shiny|52/100
|-damage|p2a: Aegislash|46/100|[from] Stealth Rock
|move|p1a: Croft|Foul Play|p2a: Aegislash
|-supereffective|p2a: Aegislash
|-damage|p2a: Aegislash|7/100
|
|upkeep
|turn|29
|
|t:|1666442031
|-formechange|p2a: Aegislash|Aegislash-Blade||[from] ability: Stance Change
|move|p2a: Aegislash|Flash Cannon|p1a: Croft
|-damage|p1a: Croft|51/100
|-damage|p2a: Aegislash|0 fnt|[from] item: Life Orb
|faint|p2a: Aegislash
|move|p1a: Croft|Foul Play|p2: Aegislash|[notarget]
|-fail|p1a: Croft
|
|upkeep
|
|t:|1666442033
|switch|p2a: Garchomp|Garchomp, M, shiny|100/100
|-damage|p2a: Garchomp|94/100|[from] Stealth Rock
|turn|30
|
|t:|1666442035
|move|p2a: Garchomp|Swords Dance|p2a: Garchomp
|-boost|p2a: Garchomp|atk|2
|move|p1a: Croft|Foul Play|p2a: Garchomp
|-damage|p2a: Garchomp|0 fnt
|-damage|p1a: Croft|38/100|[from] ability: Rough Skin|[of] p2a: Garchomp
|faint|p2a: Garchomp
|
|upkeep
|-message|wax C forfeited.
|
|win|Spectre Ace
|raw|Spectre Ace's rating: 1702 &rarr; <strong>1723</strong><br />(+21 for winning)
|raw|wax C's rating: 1722 &rarr; <strong>1701</strong><br />(-21 for losing)
|l|☆wax C
||Ladder isn't responding, score probably updated but might not have (Request timeout).
|l| Tokantolov
