|j|☆vlx shane
|j|☆GGeorgie◕‿◕
|t:|1668057336
|gametype|singles
|player|p1|vlx shane|lucas|1681
|player|p2|GGeorgie◕‿◕|hiker-gen2|1661
|teamsize|p1|6
|teamsize|p2|6
|gen|8
|tier|[Gen 8] OU
|rated|
|rule|Sleep Clause Mod: Limit one foe put to sleep
|rule|Species Clause: Limit one of each Pokémon
|rule|OHKO Clause: OHKO moves are banned
|rule|Evasion Items Clause: Evasion items are banned
|rule|Evasion Moves Clause: Evasion moves are banned
|rule|Endless Battle Clause: Forcing endless battles is banned
|rule|HP Percentage Mod: HP is shown in percentages
|rule|Dynamax Clause: You cannot dynamax
|clearpoke
|poke|p1|Pelipper, F|
|poke|p1|Seismitoad, M|
|poke|p1|Kingdra, F|
|poke|p1|Zapdos|
|poke|p1|Crawdaunt, M|
|poke|p1|Ferrothorn, F|
|poke|p2|Zapdos|
|poke|p2|Tyranitar, F|
|poke|p2|Landorus-Therian, M|
|poke|p2|Excadrill, M|
|poke|p2|Clefable, M|
|poke|p2|Ferrothorn, M|
|teampreview
|inactive|Battle timer is ON: inactive players will automatically lose when time's up. (requested by GGeorgie◕‿◕)
|
|t:|1668057357
|start
|switch|p1a: Pelipper|Pelipper, F|100/100
|switch|p2a: Zapdos|Zapdos|100/100
|-weather|RainDance|[from] ability: Drizzle|[of] p1a: Pelipper
|turn|1
|
|t:|1668057359
|switch|p1a: Ferrothorn|Ferrothorn, F|100/100
|move|p2a: Zapdos|Hurricane|p1a: Ferrothorn
|-damage|p1a: Ferrothorn|50/100
|-start|p1a: Ferrothorn|confusion
|
|-weather|RainDance|[upkeep]
|-heal|p1a: Ferrothorn|56/100|[from] item: Leftovers
|upkeep
|turn|2
|j| d18l
|
|t:|1668057373
|move|p2a: Zapdos|Hurricane|p1a: Ferrothorn
|-damage|p1a: Ferrothorn|1/100
|-activate|p1a: Ferrothorn|confusion
|move|p1a: Ferrothorn|Gyro Ball|p2a: Zapdos
|-resisted|p2a: Zapdos
|-damage|p2a: Zapdos|70/100
|
|-weather|RainDance|[upkeep]
|-heal|p1a: Ferrothorn|8/100|[from] item: Leftovers
|upkeep
|turn|3
|
|t:|1668057382
|move|p2a: Zapdos|Hurricane|p1a: Ferrothorn
|-damage|p1a: Ferrothorn|0 fnt
|faint|p1a: Ferrothorn
|
|-weather|RainDance|[upkeep]
|upkeep
|
|t:|1668057386
|switch|p1a: Kingdra|Kingdra, F|100/100
|turn|4
|
|t:|1668057412
|switch|p2a: Excadrill|Excadrill, M|100/100
|move|p1a: Kingdra|Hydro Pump|p2a: Excadrill
|-supereffective|p2a: Excadrill
|-damage|p2a: Excadrill|0 fnt
|faint|p2a: Excadrill
|
|-weather|RainDance|[upkeep]
|upkeep
|
|t:|1668057416
|switch|p2a: Tyranitar|Tyranitar, F, shiny|100/100
|-weather|Sandstorm|[from] ability: Sand Stream|[of] p2a: Tyranitar
|turn|5
|c|☆vlx shane|...
|
|t:|1668057425
|switch|p1a: Zapdos|Zapdos|100/100
|switch|p2a: Ferrothorn|Ferrothorn, M, shiny|100/100
|
|-weather|Sandstorm|[upkeep]
|-damage|p1a: Zapdos|94/100|[from] Sandstorm
|upkeep
|turn|6
|
|t:|1668057436
|switch|p1a: Pelipper|Pelipper, F|100/100
|-weather|RainDance|[from] ability: Drizzle|[of] p1a: Pelipper
|switch|p2a: Landorus|Landorus-Therian, M|100/100
|-ability|p2a: Landorus|Intimidate|boost
|-unboost|p1a: Pelipper|atk|1
|
|-weather|RainDance|[upkeep]
|upkeep
|turn|7
|
|t:|1668057440
|move|p2a: Landorus|U-turn|p1a: Pelipper
|-resisted|p1a: Pelipper
|-damage|p1a: Pelipper|90/100
|
|t:|1668057442
|switch|p2a: Tyranitar|Tyranitar, F, shiny|100/100|[from]move: U-turn
|-weather|Sandstorm|[from] ability: Sand Stream|[of] p2a: Tyranitar
|move|p1a: Pelipper|U-turn|p2a: Tyranitar
|-supereffective|p2a: Tyranitar
|-damage|p2a: Tyranitar|88/100
|
|t:|1668057451
|switch|p1a: Kingdra|Kingdra, F|100/100|[from]move: U-turn
|
|-weather|Sandstorm|[upkeep]
|-damage|p1a: Kingdra|94/100|[from] Sandstorm
|upkeep
|turn|8
|
|t:|1668057477
|switch|p2a: Ferrothorn|Ferrothorn, M, shiny|100/100
|move|p1a: Kingdra|Flip Turn|p2a: Ferrothorn
|-resisted|p2a: Ferrothorn
|-crit|p2a: Ferrothorn
|-damage|p2a: Ferrothorn|92/100
|-damage|p1a: Kingdra|82/100|[from] ability: Iron Barbs|[of] p2a: Ferrothorn
|-damage|p1a: Kingdra|65/100|[from] item: Rocky Helmet|[of] p2a: Ferrothorn
|
|t:|1668057497
|switch|p1a: Pelipper|Pelipper, F|90/100|[from]move: Flip Turn
|-weather|RainDance|[from] ability: Drizzle|[of] p1a: Pelipper
|
|-weather|RainDance|[upkeep]
|upkeep
|turn|9
|
|t:|1668057508
|switch|p1a: Zapdos|Zapdos|94/100
|move|p2a: Ferrothorn|Spikes|p1a: Zapdos
|-sidestart|p1: vlx shane|Spikes
|
|-weather|RainDance|[upkeep]
|upkeep
|turn|10
|
|t:|1668057511
|switch|p2a: Tyranitar|Tyranitar, F, shiny|88/100
|-weather|Sandstorm|[from] ability: Sand Stream|[of] p2a: Tyranitar
|move|p1a: Zapdos|Hurricane|p2a: Tyranitar
|-resisted|p2a: Tyranitar
|-damage|p2a: Tyranitar|74/100
|
|-weather|Sandstorm|[upkeep]
|-damage|p1a: Zapdos|88/100|[from] Sandstorm
|upkeep
|turn|11
|
|t:|1668057515
|switch|p2a: Landorus|Landorus-Therian, M|100/100
|-ability|p2a: Landorus|Intimidate|boost
|-unboost|p1a: Zapdos|atk|1
|move|p1a: Zapdos|Volt Switch|p2a: Landorus
|-immune|p2a: Landorus
|
|-weather|Sandstorm|[upkeep]
|-damage|p1a: Zapdos|82/100|[from] Sandstorm
|upkeep
|turn|12
|
|t:|1668057518
|switch|p1a: Pelipper|Pelipper, F|90/100
|-weather|RainDance|[from] ability: Drizzle|[of] p1a: Pelipper
|move|p2a: Landorus|Stone Edge|p1a: Pelipper
|-supereffective|p1a: Pelipper
|-damage|p1a: Pelipper|35/100
|
|-weather|RainDance|[upkeep]
|upkeep
|turn|13
|j| cypherstest
|
|t:|1668057524
|switch|p2a: Tyranitar|Tyranitar, F, shiny|74/100
|-weather|Sandstorm|[from] ability: Sand Stream|[of] p2a: Tyranitar
|switch|p1a: Seismitoad|Seismitoad, M|100/100
|-damage|p1a: Seismitoad|88/100|[from] Spikes
|
|-weather|Sandstorm|[upkeep]
|upkeep
|turn|14
|
|t:|1668057528
|switch|p2a: Landorus|Landorus-Therian, M|100/100
|-ability|p2a: Landorus|Intimidate|boost
|-unboost|p1a: Seismitoad|atk|1
|move|p1a: Seismitoad|Earth Power|p2a: Landorus
|-immune|p2a: Landorus
|
|-weather|Sandstorm|[upkeep]
|upkeep
|turn|15
|
|t:|1668057538
|move|p2a: Landorus|U-turn|p1a: Seismitoad
|-damage|p1a: Seismitoad|55/100
|
|t:|1668057544
|switch|p2a: Ferrothorn|Ferrothorn, M, shiny|92/100|[from]move: U-turn
|move|p1a: Seismitoad|Toxic|p2a: Ferrothorn
|-immune|p2a: Ferrothorn
|
|-weather|Sandstorm|[upkeep]
|upkeep
|turn|16
|
|t:|1668057549
|switch|p1a: Pelipper|Pelipper, F|35/100
|-weather|RainDance|[from] ability: Drizzle|[of] p1a: Pelipper
|switch|p2a: Zapdos|Zapdos|70/100
|
|-weather|RainDance|[upkeep]
|upkeep
|turn|17
|
|t:|1668057558
|switch|p1a: Zapdos|Zapdos|82/100
|move|p2a: Zapdos|Hurricane|p1a: Zapdos
|-resisted|p1a: Zapdos
|-damage|p1a: Zapdos|41/100
|
|-weather|RainDance|[upkeep]
|upkeep
|turn|18
|
|t:|1668057566
|move|p2a: Zapdos|Hurricane|p1a: Zapdos
|-resisted|p1a: Zapdos
|-damage|p1a: Zapdos|4/100
|-start|p1a: Zapdos|confusion
|-activate|p1a: Zapdos|confusion
|move|p1a: Zapdos|Volt Switch|p2a: Zapdos
|-damage|p2a: Zapdos|35/100
|
|t:|1668057578
|switch|p1a: Kingdra|Kingdra, F|65/100|[from]move: Volt Switch
|-damage|p1a: Kingdra|53/100|[from] Spikes
|
|-weather|RainDance|[upkeep]
|upkeep
|turn|19
|
|t:|1668057582
|switch|p2a: Clefable|Clefable, M|100/100
|move|p1a: Kingdra|Hydro Pump|p2a: Clefable
|-damage|p2a: Clefable|0 fnt
|faint|p2a: Clefable
|
|-weather|RainDance|[upkeep]
|upkeep
|
|t:|1668057584
|switch|p2a: Tyranitar|Tyranitar, F, shiny|74/100
|-weather|Sandstorm|[from] ability: Sand Stream|[of] p2a: Tyranitar
|turn|20
|
|t:|1668057587
|switch|p2a: Ferrothorn|Ferrothorn, M, shiny|92/100
|move|p1a: Kingdra|Hydro Pump|p2a: Ferrothorn|[miss]
|-miss|p1a: Kingdra|p2a: Ferrothorn
|
|-weather|Sandstorm|[upkeep]
|-damage|p1a: Kingdra|47/100|[from] Sandstorm
|upkeep
|turn|21
|
|t:|1668057591
|switch|p1a: Pelipper|Pelipper, F|35/100
|-weather|RainDance|[from] ability: Drizzle|[of] p1a: Pelipper
|move|p2a: Ferrothorn|Power Whip|p1a: Pelipper
|-damage|p1a: Pelipper|6/100
|
|-weather|RainDance|[upkeep]
|upkeep
|turn|22
|
|t:|1668057598
|move|p1a: Pelipper|Roost|p1a: Pelipper
|-heal|p1a: Pelipper|57/100
|-singleturn|p1a: Pelipper|move: Roost
|move|p2a: Ferrothorn|Power Whip|p1a: Pelipper
|-supereffective|p1a: Pelipper
|-damage|p1a: Pelipper|0 fnt
|faint|p1a: Pelipper
|
|-weather|RainDance|[upkeep]
|upkeep
|
|t:|1668057606
|switch|p1a: Zapdos|Zapdos|4/100
|turn|23
|
|t:|1668057614
|switch|p2a: Tyranitar|Tyranitar, F, shiny|74/100
|-weather|Sandstorm|[from] ability: Sand Stream|[of] p2a: Tyranitar
|move|p1a: Zapdos|Roost|p1a: Zapdos
|-heal|p1a: Zapdos|54/100
|-singleturn|p1a: Zapdos|move: Roost
|
|-weather|Sandstorm|[upkeep]
|-damage|p1a: Zapdos|48/100|[from] Sandstorm
|upkeep
|turn|24
|
|t:|1668057616
|move|p1a: Zapdos|Roost|p1a: Zapdos
|-heal|p1a: Zapdos|98/100
|-singleturn|p1a: Zapdos|move: Roost
|move|p2a: Tyranitar|Stone Edge|p1a: Zapdos|[miss]
|-miss|p2a: Tyranitar|p1a: Zapdos
|
|-weather|Sandstorm|[upkeep]
|-damage|p1a: Zapdos|92/100|[from] Sandstorm
|upkeep
|turn|25
|
|t:|1668057623
|move|p1a: Zapdos|Volt Switch|p2a: Tyranitar
|-damage|p2a: Tyranitar|54/100
|
|t:|1668057625
|switch|p1a: Seismitoad|Seismitoad, M|55/100|[from]move: Volt Switch
|-damage|p1a: Seismitoad|43/100|[from] Spikes
|move|p2a: Tyranitar|Stone Edge|p1a: Seismitoad|[miss]
|-miss|p2a: Tyranitar|p1a: Seismitoad
|
|-weather|Sandstorm|[upkeep]
|upkeep
|turn|26
|
|t:|1668057636
|switch|p2a: Landorus|Landorus-Therian, M|100/100
|-ability|p2a: Landorus|Intimidate|boost
|-unboost|p1a: Seismitoad|atk|1
|move|p1a: Seismitoad|Stealth Rock|p2a: Landorus
|-sidestart|p2: GGeorgie◕‿◕|move: Stealth Rock
|
|-weather|Sandstorm|[upkeep]
|upkeep
|turn|27
|
|t:|1668057642
|switch|p1a: Zapdos|Zapdos|92/100
|move|p2a: Landorus|Stone Edge|p1a: Zapdos|[miss]
|-miss|p2a: Landorus|p1a: Zapdos
|
|-weather|none
|upkeep
|turn|28
|
|t:|1668057648
|move|p2a: Landorus|Stone Edge|p1a: Zapdos
|-supereffective|p1a: Zapdos
|-damage|p1a: Zapdos|33/100
|move|p1a: Zapdos|Volt Switch|p2a: Landorus
|-immune|p2a: Landorus
|
|upkeep
|turn|29
|
|t:|1668057658
|switch|p1a: Seismitoad|Seismitoad, M|43/100
|-damage|p1a: Seismitoad|30/100|[from] Spikes
|move|p2a: Landorus|Stone Edge|p1a: Seismitoad
|-resisted|p1a: Seismitoad
|-crit|p1a: Seismitoad
|-damage|p1a: Seismitoad|0 fnt
|faint|p1a: Seismitoad
|
|upkeep
|
|t:|1668057665
|switch|p1a: Crawdaunt|Crawdaunt, M|100/100
|-damage|p1a: Crawdaunt|88/100|[from] Spikes
|turn|30
|
|t:|1668057689
|move|p2a: Landorus|Stone Edge|p1a: Crawdaunt
|-damage|p1a: Crawdaunt|30/100
|move|p1a: Crawdaunt|Crabhammer|p2a: Landorus
|-supereffective|p2a: Landorus
|-damage|p2a: Landorus|0 fnt
|faint|p2a: Landorus
|
|upkeep
|
|t:|1668057700
|switch|p2a: Tyranitar|Tyranitar, F, shiny|54/100
|-damage|p2a: Tyranitar|41/100|[from] Stealth Rock
|-weather|Sandstorm|[from] ability: Sand Stream|[of] p2a: Tyranitar
|turn|31
|
|t:|1668057705
|move|p2a: Tyranitar|Earthquake|p1a: Crawdaunt
|-damage|p1a: Crawdaunt|0 fnt
|faint|p1a: Crawdaunt
|
|-weather|Sandstorm|[upkeep]
|upkeep
|
|t:|1668057712
|switch|p1a: Kingdra|Kingdra, F|47/100
|-damage|p1a: Kingdra|35/100|[from] Spikes
|turn|32
|
|t:|1668057715
|switch|p2a: Ferrothorn|Ferrothorn, M, shiny|92/100
|-damage|p2a: Ferrothorn|86/100|[from] Stealth Rock
|move|p1a: Kingdra|Hydro Pump|p2a: Ferrothorn
|-resisted|p2a: Ferrothorn
|-damage|p2a: Ferrothorn|53/100
|
|-weather|Sandstorm|[upkeep]
|-damage|p1a: Kingdra|28/100|[from] Sandstorm
|upkeep
|turn|33
|
|t:|1668057720
|move|p1a: Kingdra|Hydro Pump|p2a: Ferrothorn|[miss]
|-miss|p1a: Kingdra|p2a: Ferrothorn
|move|p2a: Ferrothorn|Leech Seed|p1a: Kingdra
|-start|p1a: Kingdra|move: Leech Seed
|
|-weather|Sandstorm|[upkeep]
|-damage|p1a: Kingdra|22/100|[from] Sandstorm
|-damage|p1a: Kingdra|10/100|[from] Leech Seed|[of] p2a: Ferrothorn
|-heal|p2a: Ferrothorn|63/100|[silent]
|upkeep
|turn|34
|-message|vlx shane forfeited.
|
|win|GGeorgie◕‿◕
|raw|vlx shane's rating: 1681 &rarr; <strong>1659</strong><br />(-22 for losing)
|raw|GGeorgie◕‿◕'s rating: 1646 &rarr; <strong>1668</strong><br />(+22 for winning)
|l|☆vlx shane
|l| d18l
|l| cypherstest
