|j|☆lando expando
|j|☆DriftKingTaisho
|t:|1609113040
|player|p1|lando expando|rocketgrunt|1812
|player|p2|DriftKingTaisho|101|1822
|teamsize|p1|6
|teamsize|p2|6
|gametype|singles
|gen|8
|tier|[Gen 8] OU
|rated|
|clearpoke
|poke|p1|Tyrantrum, M|
|poke|p1|Latios, M|
|poke|p1|Ferrothorn, M|
|poke|p1|Slowking, F|
|poke|p1|Landorus-Therian, M|
|poke|p1|Drapion, M|
|poke|p2|Moltres-Galar|
|poke|p2|Sandslash-Alola, M|
|poke|p2|Ninetales-Alola, F|
|poke|p2|Arctozolt|
|poke|p2|Tapu Koko|
|poke|p2|Victini|
|rule|Sleep Clause Mod: Limit one foe put to sleep
|rule|Species Clause: Limit one of each Pokémon
|rule|OHKO Clause: OHKO moves are banned
|rule|Evasion Moves Clause: Evasion moves are banned
|rule|Endless Battle Clause: Forcing endless battles is banned
|rule|HP Percentage Mod: HP is shown in percentages
|rule|Dynamax Clause: You cannot dynamax
|teampreview
|
|t:|1609113054
|start
|switch|p1a: Landorus|Landorus-Therian, M|100/100
|switch|p2a: Ninetales|Ninetales-Alola, F, shiny|100/100
|-ability|p1a: Landorus|Intimidate|boost
|-unboost|p2a: Ninetales|atk|1
|-weather|Hail|[from] ability: Snow Warning|[of] p2a: Ninetales
|turn|1
|j| captainnaisu
|
|t:|1609113060
|move|p1a: Landorus|U-turn|p2a: Ninetales
|-resisted|p2a: Ninetales
|-damage|p2a: Ninetales|84/100
|
|t:|1609113065
|switch|p1a: Ferrothorn|Ferrothorn, M|100/100|[from]move: U-turn
|move|p2a: Ninetales|Blizzard|p1a: Ferrothorn
|-damage|p1a: Ferrothorn|69/100
|
|-weather|Hail|[upkeep]
|-damage|p1a: Ferrothorn|63/100|[from] Hail
|upkeep
|turn|2
|
|t:|1609113073
|move|p2a: Ninetales|Aurora Veil|p2a: Ninetales
|-sidestart|p2: DriftKingTaisho|move: Aurora Veil
|move|p1a: Ferrothorn|Gyro Ball|p2a: Ninetales
|-supereffective|p2a: Ninetales
|-damage|p2a: Ninetales|0 fnt
|faint|p2a: Ninetales
|
|-weather|Hail|[upkeep]
|-damage|p1a: Ferrothorn|57/100|[from] Hail
|upkeep
|
|t:|1609113080
|switch|p2a: Victini|Victini|100/100
|turn|3
|
|t:|1609113087
|switch|p1a: Drapion|Drapion, M|100/100
|move|p2a: Victini|V-create|p1a: Drapion
|-damage|p1a: Drapion|44/100
|-unboost|p2a: Victini|spe|1
|-unboost|p2a: Victini|def|1
|-unboost|p2a: Victini|spd|1
|-damage|p2a: Victini|84/100|[from] item: Rocky Helmet|[of] p1a: Drapion
|
|-weather|Hail|[upkeep]
|-damage|p2a: Victini|78/100|[from] Hail
|-damage|p1a: Drapion|38/100|[from] Hail
|upkeep
|turn|4
|
|t:|1609113100
|switch|p2a: Sandslash|Sandslash-Alola, M|100/100
|switch|p1a: Slowking|Slowking, F|100/100
|
|-weather|Hail|[upkeep]
|-damage|p1a: Slowking|94/100|[from] Hail
|upkeep
|turn|5
|
|t:|1609113109
|switch|p2a: Tapu Koko|Tapu Koko, shiny|100/100
|-fieldstart|move: Electric Terrain|[from] ability: Electric Surge|[of] p2a: Tapu Koko
|move|p1a: Slowking|Teleport|p1a: Slowking
|
|t:|1609113114
|switch|p1a: Landorus|Landorus-Therian, M|100/100|[from]move: Teleport
|-ability|p1a: Landorus|Intimidate|boost
|-unboost|p2a: Tapu Koko|atk|1
|
|-weather|Hail|[upkeep]
|-damage|p1a: Landorus|95/100|[from] Hail
|-damage|p2a: Tapu Koko|95/100|[from] Hail
|upkeep
|turn|6
|
|t:|1609113122
|move|p1a: Landorus|U-turn|p2a: Tapu Koko
|-resisted|p2a: Tapu Koko
|-damage|p2a: Tapu Koko|86/100
|
|t:|1609113123
|switch|p1a: Ferrothorn|Ferrothorn, M|57/100|[from]move: U-turn
|move|p2a: Tapu Koko|Dazzling Gleam|p1a: Ferrothorn
|-resisted|p1a: Ferrothorn
|-damage|p1a: Ferrothorn|36/100
|
|-weather|Hail|[upkeep]
|-damage|p2a: Tapu Koko|80/100|[from] Hail
|-damage|p1a: Ferrothorn|30/100|[from] Hail
|-sideend|p2: DriftKingTaisho|move: Aurora Veil
|upkeep
|turn|7
|
|t:|1609113132
|switch|p2a: Arctozolt|Arctozolt, shiny|100/100
|move|p1a: Ferrothorn|Stealth Rock|p2a: Arctozolt
|-sidestart|p2: DriftKingTaisho|move: Stealth Rock
|
|-weather|Hail|[upkeep]
|-damage|p1a: Ferrothorn|24/100|[from] Hail
|upkeep
|turn|8
|
|t:|1609113139
|move|p2a: Arctozolt|Substitute|p2a: Arctozolt
|-start|p2a: Arctozolt|Substitute
|-damage|p2a: Arctozolt|76/100
|move|p1a: Ferrothorn|Gyro Ball|p2a: Arctozolt
|-end|p2a: Arctozolt|Substitute
|
|-weather|none
|upkeep
|turn|9
|
|t:|1609113145
|move|p2a: Arctozolt|Freeze-Dry|p1a: Ferrothorn
|-damage|p1a: Ferrothorn|2/100
|-damage|p2a: Arctozolt|66/100|[from] item: Life Orb
|move|p1a: Ferrothorn|Gyro Ball|p2a: Arctozolt
|-damage|p2a: Arctozolt|11/100
|
|-fieldend|move: Electric Terrain
|upkeep
|turn|10
|
|t:|1609113152
|move|p2a: Arctozolt|Bolt Beak|p1a: Ferrothorn
|-resisted|p1a: Ferrothorn
|-damage|p1a: Ferrothorn|0 fnt
|-damage|p2a: Arctozolt|0 fnt|[from] ability: Iron Barbs|[of] p1a: Ferrothorn
|faint|p1a: Ferrothorn
|faint|p2a: Arctozolt
|
|upkeep
|
|t:|1609113161
|switch|p2a: Moltres|Moltres-Galar|100/100
|switch|p1a: Landorus|Landorus-Therian, M|95/100
|-ability|p1a: Landorus|Intimidate|boost
|-unboost|p2a: Moltres|atk|1
|-damage|p2a: Moltres|75/100|[from] Stealth Rock
|turn|11
|
|t:|1609113167
|move|p1a: Landorus|Stone Edge|p2a: Moltres
|-supereffective|p2a: Moltres
|-damage|p2a: Moltres|0 fnt
|faint|p2a: Moltres
|
|upkeep
|
|t:|1609113171
|switch|p2a: Sandslash|Sandslash-Alola, M|100/100
|-damage|p2a: Sandslash|88/100|[from] Stealth Rock
|turn|12
|
|t:|1609113176
|switch|p1a: Drapion|Drapion, M|38/100
|move|p2a: Sandslash|Rapid Spin|p1a: Drapion
|-damage|p1a: Drapion|23/100
|-boost|p2a: Sandslash|spe|1
|-damage|p2a: Sandslash|72/100|[from] item: Rocky Helmet|[of] p1a: Drapion
|-sideend|p2: DriftKingTaisho|Stealth Rock|[from] move: Rapid Spin|[of] p2a: Sandslash
|
|upkeep
|turn|13
|
|t:|1609113184
|switch|p2a: Tapu Koko|Tapu Koko, shiny|80/100
|-fieldstart|move: Electric Terrain|[from] ability: Electric Surge|[of] p2a: Tapu Koko
|move|p1a: Drapion|Earthquake|p2a: Tapu Koko
|-supereffective|p2a: Tapu Koko
|-damage|p2a: Tapu Koko|25/100
|
|upkeep
|turn|14
|
|t:|1609113192
|move|p2a: Tapu Koko|Dazzling Gleam|p1a: Drapion
|-damage|p1a: Drapion|0 fnt
|faint|p1a: Drapion
|
|upkeep
|
|t:|1609113195
|switch|p1a: Landorus|Landorus-Therian, M|95/100
|-ability|p1a: Landorus|Intimidate|boost
|-unboost|p2a: Tapu Koko|atk|1
|turn|15
|
|t:|1609113201
|switch|p2a: Victini|Victini|78/100
|move|p1a: Landorus|Earthquake|p2a: Victini
|-supereffective|p2a: Victini
|-damage|p2a: Victini|0 fnt
|faint|p2a: Victini
|
|upkeep
|
|t:|1609113207
|switch|p2a: Sandslash|Sandslash-Alola, M|72/100
|turn|16
|
|t:|1609113210
|switch|p2a: Tapu Koko|Tapu Koko, shiny|25/100
|move|p1a: Landorus|Earthquake|p2a: Tapu Koko
|-supereffective|p2a: Tapu Koko
|-damage|p2a: Tapu Koko|0 fnt
|faint|p2a: Tapu Koko
|
|upkeep
|
|t:|1609113216
|switch|p2a: Sandslash|Sandslash-Alola, M|72/100
|turn|17
|
|t:|1609113219
|move|p2a: Sandslash|Ice Shard|p1a: Landorus
|-supereffective|p1a: Landorus
|-damage|p1a: Landorus|0 fnt
|faint|p1a: Landorus
|
|-fieldend|move: Electric Terrain
|upkeep
|
|t:|1609113225
|switch|p1a: Tyrantrum|Tyrantrum, M|100/100
|turn|18
|
|t:|1609113227
|move|p2a: Sandslash|Ice Shard|p1a: Tyrantrum
|-supereffective|p1a: Tyrantrum
|-damage|p1a: Tyrantrum|51/100
|move|p1a: Tyrantrum|Close Combat|p2a: Sandslash
|-supereffective|p2a: Sandslash
|-damage|p2a: Sandslash|0 fnt
|-unboost|p1a: Tyrantrum|def|1
|-unboost|p1a: Tyrantrum|spd|1
|faint|p2a: Sandslash
|
|win|lando expando
|l|☆lando expando
|l|☆DriftKingTaisho
|j|☆lando expando
|player|p1|lando expando|rocketgrunt
|raw|lando expando's rating: 1813 &rarr; <strong>1834</strong><br />(+21 for winning)
|raw|DriftKingTaisho's rating: 1822 &rarr; <strong>1802</strong><br />(-20 for losing)
