|j|☆jly8
|j|☆cogonahorse
|t:|1662665851
|gametype|singles
|player|p1|jly8|volkner|1663
|player|p2|cogonahorse|workerice|1678
|teamsize|p1|6
|teamsize|p2|6
|gen|8
|tier|[Gen 8] OU
|rated|
|rule|Sleep Clause Mod: Limit one foe put to sleep
|rule|Species Clause: Limit one of each Pokémon
|rule|OHKO Clause: OHKO moves are banned
|rule|Evasion Items Clause: Evasion items are banned
|rule|Evasion Moves Clause: Evasion moves are banned
|rule|Endless Battle Clause: Forcing endless battles is banned
|rule|HP Percentage Mod: HP is shown in percentages
|rule|Dynamax Clause: You cannot dynamax
|clearpoke
|poke|p1|Rillaboom, M|
|poke|p1|Blaziken, M|
|poke|p1|Melmetal|
|poke|p1|Garchomp, F|
|poke|p1|Slowbro, M|
|poke|p1|Tapu Lele|
|poke|p2|Volcanion|
|poke|p2|Ninetales-Alola, M|
|poke|p2|Corviknight, M|
|poke|p2|Arctozolt|
|poke|p2|Landorus-Therian, M|
|poke|p2|Tornadus-Therian, M|
|teampreview
|j| SchizoLab
|
|t:|1662665869
|start
|switch|p1a: Melmetal|Melmetal|100/100
|switch|p2a: Tornadus|Tornadus-Therian, M|100/100
|turn|1
|
|t:|1662665876
|move|p2a: Tornadus|U-turn|p1a: Melmetal
|-resisted|p1a: Melmetal
|-damage|p1a: Melmetal|96/100
|j| LT_Alt1
|
|t:|1662665880
|switch|p2a: Corviknight|Corviknight, M|100/100|[from]move: U-turn
|-ability|p2a: Corviknight|Pressure
|move|p1a: Melmetal|Thunder Punch|p2a: Corviknight
|-supereffective|p2a: Corviknight
|-damage|p2a: Corviknight|53/100
|-damage|p1a: Melmetal|80/100|[from] item: Rocky Helmet|[of] p2a: Corviknight
|
|-heal|p1a: Melmetal|86/100|[from] item: Leftovers
|upkeep
|turn|2
|
|t:|1662665896
|switch|p1a: Garchomp|Garchomp, F|100/100
|move|p2a: Corviknight|Roost|p2a: Corviknight
|-heal|p2a: Corviknight|100/100
|-singleturn|p2a: Corviknight|move: Roost
|
|upkeep
|turn|3
|j| Eneoceka
|l| Eneoceka
|
|t:|1662665903
|switch|p2a: Ninetales|Ninetales-Alola, M|100/100
|-weather|Hail|[from] ability: Snow Warning|[of] p2a: Ninetales
|move|p1a: Garchomp|Stealth Rock|p2a: Ninetales
|-sidestart|p2: cogonahorse|move: Stealth Rock
|
|-weather|Hail|[upkeep]
|-damage|p1a: Garchomp|94/100|[from] Hail
|-heal|p1a: Garchomp|100/100|[from] item: Leftovers
|upkeep
|turn|4
|
|t:|1662665912
|move|p2a: Ninetales|Aurora Veil|p2a: Ninetales
|-sidestart|p2: cogonahorse|move: Aurora Veil
|move|p1a: Garchomp|Toxic|p2a: Ninetales
|-status|p2a: Ninetales|tox
|
|-weather|Hail|[upkeep]
|-damage|p1a: Garchomp|94/100|[from] Hail
|-heal|p1a: Garchomp|100/100|[from] item: Leftovers
|-damage|p2a: Ninetales|94/100 tox|[from] psn
|upkeep
|turn|5
|
|t:|1662665920
|switch|p2a: Corviknight|Corviknight, M|100/100
|-damage|p2a: Corviknight|88/100|[from] Stealth Rock
|-ability|p2a: Corviknight|Pressure
|move|p1a: Garchomp|Protect||[still]
|-fail|p1a: Garchomp
|
|-weather|Hail|[upkeep]
|-damage|p1a: Garchomp|94/100|[from] Hail
|-damage|p2a: Corviknight|82/100|[from] Hail
|-heal|p1a: Garchomp|100/100|[from] item: Leftovers
|upkeep
|turn|6
|
|t:|1662665932
|move|p1a: Garchomp|Stealth Rock||[still]
|-fail|p1a: Garchomp
|move|p2a: Corviknight|Defog|p1a: Garchomp
|-unboost|p1a: Garchomp|evasion|1
|-sideend|p2: cogonahorse|Stealth Rock|[from] move: Defog|[of] p2a: Corviknight
|
|-weather|Hail|[upkeep]
|-damage|p1a: Garchomp|94/100|[from] Hail
|-damage|p2a: Corviknight|76/100|[from] Hail
|-heal|p1a: Garchomp|100/100|[from] item: Leftovers
|upkeep
|turn|7
|
|t:|1662665940
|switch|p2a: Arctozolt|Arctozolt|100/100
|move|p1a: Garchomp|Stealth Rock|p2a: Arctozolt
|-sidestart|p2: cogonahorse|move: Stealth Rock
|
|-weather|Hail|[upkeep]
|-damage|p1a: Garchomp|94/100|[from] Hail
|-heal|p1a: Garchomp|100/100|[from] item: Leftovers
|upkeep
|turn|8
|
|t:|1662665950
|move|p1a: Garchomp|Protect|p1a: Garchomp
|-singleturn|p1a: Garchomp|Protect
|move|p2a: Arctozolt|Blizzard|p1a: Garchomp
|-activate|p1a: Garchomp|move: Protect
|
|-weather|Hail|[upkeep]
|-damage|p1a: Garchomp|94/100|[from] Hail
|-heal|p1a: Garchomp|100/100|[from] item: Leftovers
|-sideend|p2: cogonahorse|move: Aurora Veil
|upkeep
|turn|9
|
|t:|1662665960
|switch|p1a: Melmetal|Melmetal|86/100
|move|p2a: Arctozolt|Blizzard|p1a: Melmetal
|-resisted|p1a: Melmetal
|-damage|p1a: Melmetal|70/100
|
|-weather|Hail|[upkeep]
|-damage|p1a: Melmetal|64/100|[from] Hail
|-heal|p1a: Melmetal|70/100|[from] item: Leftovers
|upkeep
|turn|10
|
|t:|1662665974
|switch|p2a: Corviknight|Corviknight, M|76/100
|-damage|p2a: Corviknight|64/100|[from] Stealth Rock
|-ability|p2a: Corviknight|Pressure
|switch|p1a: Blaziken|Blaziken, M|100/100
|
|-weather|none
|upkeep
|turn|11
|
|t:|1662665983
|switch|p2a: Landorus|Landorus-Therian, M|100/100
|-damage|p2a: Landorus|88/100|[from] Stealth Rock
|-ability|p2a: Landorus|Intimidate|boost
|-unboost|p1a: Blaziken|atk|1
|move|p1a: Blaziken|Flare Blitz|p2a: Landorus
|-damage|p2a: Landorus|42/100
|-damage|p1a: Blaziken|84/100|[from] Recoil
|
|-heal|p1a: Blaziken|90/100|[from] item: Leftovers
|-heal|p2a: Landorus|49/100|[from] item: Leftovers
|-ability|p1a: Blaziken|Speed Boost|boost
|-boost|p1a: Blaziken|spe|1
|upkeep
|turn|12
|
|t:|1662666002
|switch|p1a: Slowbro|Slowbro, M|100/100
|move|p2a: Landorus|Defog|p1a: Slowbro
|-unboost|p1a: Slowbro|evasion|1
|-sideend|p2: cogonahorse|Stealth Rock|[from] move: Defog|[of] p2a: Landorus
|
|-heal|p2a: Landorus|55/100|[from] item: Leftovers
|upkeep
|turn|13
|
|t:|1662666009
|switch|p2a: Ninetales|Ninetales-Alola, M|94/100 tox
|-weather|Hail|[from] ability: Snow Warning|[of] p2a: Ninetales
|move|p1a: Slowbro|Teleport|p1a: Slowbro
|
|t:|1662666019
|switch|p1a: Melmetal|Melmetal|70/100|[from]move: Teleport
|
|-weather|Hail|[upkeep]
|-damage|p1a: Melmetal|64/100|[from] Hail
|-heal|p1a: Melmetal|70/100|[from] item: Leftovers
|-damage|p2a: Ninetales|88/100 tox|[from] psn
|upkeep
|turn|14
|
|t:|1662666030
|switch|p2a: Volcanion|Volcanion|100/100
|switch|p1a: Blaziken|Blaziken, M|90/100
|
|-weather|Hail|[upkeep]
|-damage|p2a: Volcanion|95/100|[from] Hail
|-damage|p1a: Blaziken|84/100|[from] Hail
|-heal|p1a: Blaziken|90/100|[from] item: Leftovers
|upkeep
|turn|15
|j| KappaHalo
|
|t:|1662666041
|move|p2a: Volcanion|Steam Eruption|p1a: Blaziken
|-supereffective|p1a: Blaziken
|-damage|p1a: Blaziken|0 fnt
|faint|p1a: Blaziken
|
|-weather|Hail|[upkeep]
|-damage|p2a: Volcanion|89/100|[from] Hail
|upkeep
|l| LT_Alt1
|
|t:|1662666047
|switch|p1a: Tapu Lele|Tapu Lele|100/100
|-fieldstart|move: Psychic Terrain|[from] ability: Psychic Surge|[of] p1a: Tapu Lele
|turn|16
|j| LT_Alt1
|
|t:|1662666052
|switch|p2a: Tornadus|Tornadus-Therian, M|100/100
|move|p1a: Tapu Lele|Psychic|p2a: Tornadus
|-damage|p2a: Tornadus|35/100
|
|-weather|Hail|[upkeep]
|-damage|p2a: Tornadus|29/100|[from] Hail
|-damage|p1a: Tapu Lele|94/100|[from] Hail
|upkeep
|turn|17
|
|t:|1662666061
|switch|p2a: Landorus|Landorus-Therian, M|55/100
|-ability|p2a: Landorus|Intimidate|boost
|-unboost|p1a: Tapu Lele|atk|1
|move|p1a: Tapu Lele|Psychic|p2a: Landorus
|-damage|p2a: Landorus|0 fnt
|faint|p2a: Landorus
|
|-weather|Hail|[upkeep]
|-damage|p1a: Tapu Lele|88/100|[from] Hail
|upkeep
|
|t:|1662666069
|switch|p2a: Arctozolt|Arctozolt|100/100
|turn|18
|j| Abcdefp
|
|t:|1662666077
|move|p2a: Arctozolt|Substitute|p2a: Arctozolt
|-start|p2a: Arctozolt|Substitute
|-damage|p2a: Arctozolt|76/100
|move|p1a: Tapu Lele|Psychic|p2a: Arctozolt
|-end|p2a: Arctozolt|Substitute
|
|-weather|Hail|[upkeep]
|-damage|p1a: Tapu Lele|82/100|[from] Hail
|-heal|p2a: Arctozolt|82/100|[from] item: Leftovers
|upkeep
|turn|19
|
|t:|1662666086
|move|p2a: Arctozolt|Bolt Beak|p1a: Tapu Lele
|-damage|p1a: Tapu Lele|0 fnt
|faint|p1a: Tapu Lele
|
|-weather|Hail|[upkeep]
|-heal|p2a: Arctozolt|88/100|[from] item: Leftovers
|upkeep
|
|t:|1662666096
|switch|p1a: Melmetal|Melmetal|70/100
|turn|20
|
|t:|1662666099
|switch|p2a: Corviknight|Corviknight, M|64/100
|-ability|p2a: Corviknight|Pressure
|move|p1a: Melmetal|Thunder Punch|p2a: Corviknight
|-supereffective|p2a: Corviknight
|-damage|p2a: Corviknight|19/100
|-damage|p1a: Melmetal|53/100|[from] item: Rocky Helmet|[of] p2a: Corviknight
|
|-weather|none
|-heal|p1a: Melmetal|60/100|[from] item: Leftovers
|-fieldend|move: Psychic Terrain
|upkeep
|turn|21
|
|t:|1662666108
|move|p2a: Corviknight|Roost|p2a: Corviknight
|-heal|p2a: Corviknight|69/100
|-singleturn|p2a: Corviknight|move: Roost
|move|p1a: Melmetal|Superpower|p2a: Corviknight
|-supereffective|p2a: Corviknight
|-damage|p2a: Corviknight|8/100
|-unboost|p1a: Melmetal|atk|1
|-unboost|p1a: Melmetal|def|1
|-damage|p1a: Melmetal|43/100|[from] item: Rocky Helmet|[of] p2a: Corviknight
|
|-heal|p1a: Melmetal|49/100|[from] item: Leftovers
|upkeep
|turn|22
|l| LT_Alt1
|
|t:|1662666120
|switch|p1a: Rillaboom|Rillaboom, M|100/100
|-fieldstart|move: Grassy Terrain|[from] ability: Grassy Surge|[of] p1a: Rillaboom
|move|p2a: Corviknight|Roost|p2a: Corviknight
|-heal|p2a: Corviknight|58/100
|-singleturn|p2a: Corviknight|move: Roost
|
|-heal|p2a: Corviknight|64/100|[from] Grassy Terrain
|upkeep
|turn|23
|j| LT_Alt1
|
|t:|1662666129
|move|p1a: Rillaboom|Swords Dance|p1a: Rillaboom
|-boost|p1a: Rillaboom|atk|2
|move|p2a: Corviknight|U-turn|p1a: Rillaboom
|-supereffective|p1a: Rillaboom
|-damage|p1a: Rillaboom|71/100
|
|t:|1662666133
|switch|p2a: Tornadus|Tornadus-Therian, M|62/100|[from]move: U-turn
|
|-heal|p1a: Rillaboom|78/100|[from] Grassy Terrain
|-heal|p1a: Rillaboom|84/100|[from] item: Leftovers
|upkeep
|turn|24
|
|t:|1662666139
|switch|p2a: Corviknight|Corviknight, M|64/100
|-ability|p2a: Corviknight|Pressure
|move|p1a: Rillaboom|Grassy Glide|p2a: Corviknight
|-resisted|p2a: Corviknight
|-damage|p2a: Corviknight|49/100
|-damage|p1a: Rillaboom|67/100|[from] item: Rocky Helmet|[of] p2a: Corviknight
|
|-heal|p1a: Rillaboom|74/100|[from] Grassy Terrain
|-heal|p1a: Rillaboom|80/100|[from] item: Leftovers
|upkeep
|turn|25
|
|t:|1662666150
|move|p1a: Rillaboom|Knock Off|p2a: Corviknight
|-damage|p2a: Corviknight|8/100
|-damage|p1a: Rillaboom|63/100|[from] item: Rocky Helmet|[of] p2a: Corviknight
|-enditem|p2a: Corviknight|Rocky Helmet|[from] move: Knock Off|[of] p1a: Rillaboom
|move|p2a: Corviknight|U-turn|p1a: Rillaboom
|-supereffective|p1a: Rillaboom
|-damage|p1a: Rillaboom|38/100
|
|t:|1662666158
|switch|p2a: Tornadus|Tornadus-Therian, M|95/100|[from]move: U-turn
|
|-heal|p1a: Rillaboom|44/100|[from] Grassy Terrain
|-heal|p1a: Rillaboom|50/100|[from] item: Leftovers
|upkeep
|turn|26
|
|t:|1662666164
|move|p1a: Rillaboom|Grassy Glide|p2a: Tornadus
|-resisted|p2a: Tornadus
|-damage|p2a: Tornadus|48/100
|move|p2a: Tornadus|Hurricane|p1a: Rillaboom|[miss]
|-miss|p2a: Tornadus|p1a: Rillaboom
|
|-heal|p1a: Rillaboom|57/100|[from] Grassy Terrain
|-heal|p1a: Rillaboom|63/100|[from] item: Leftovers
|-fieldend|move: Grassy Terrain
|upkeep
|turn|27
|j| AnloveBack
|
|t:|1662666176
|switch|p1a: Melmetal|Melmetal|49/100
|move|p2a: Tornadus|Hurricane|p1a: Melmetal
|-resisted|p1a: Melmetal
|-damage|p1a: Melmetal|31/100
|-start|p1a: Melmetal|confusion
|
|-heal|p1a: Melmetal|37/100|[from] item: Leftovers
|upkeep
|turn|28
|l| AnloveBack
|j| AnloveBack
|l| LT_Alt1
|
|t:|1662666191
|move|p2a: Tornadus|U-turn|p1a: Melmetal
|-resisted|p1a: Melmetal
|-damage|p1a: Melmetal|33/100
|j| Fghhffvg
|
|t:|1662666199
|switch|p2a: Corviknight|Corviknight, M|8/100|[from]move: U-turn
|-ability|p2a: Corviknight|Pressure
|-activate|p1a: Melmetal|confusion
|move|p1a: Melmetal|Double Iron Bash|p2a: Corviknight
|-resisted|p2a: Corviknight
|-crit|p2a: Corviknight
|-damage|p2a: Corviknight|0 fnt
|faint|p2a: Corviknight
|-hitcount|p2: Corviknight|1
|
|-heal|p1a: Melmetal|39/100|[from] item: Leftovers
|upkeep
|
|t:|1662666204
|switch|p2a: Volcanion|Volcanion|89/100
|turn|29
|
|t:|1662666216
|switch|p1a: Garchomp|Garchomp, F|100/100
|move|p2a: Volcanion|Steam Eruption|p1a: Garchomp
|-damage|p1a: Garchomp|40/100
|
|-heal|p1a: Garchomp|46/100|[from] item: Leftovers
|upkeep
|turn|30
|
|t:|1662666224
|switch|p2a: Ninetales|Ninetales-Alola, M|88/100 tox
|-weather|Hail|[from] ability: Snow Warning|[of] p2a: Ninetales
|move|p1a: Garchomp|Stealth Rock|p2a: Ninetales
|-sidestart|p2: cogonahorse|move: Stealth Rock
|
|-weather|Hail|[upkeep]
|-damage|p1a: Garchomp|40/100|[from] Hail
|-heal|p1a: Garchomp|46/100|[from] item: Leftovers
|-damage|p2a: Ninetales|82/100 tox|[from] psn
|upkeep
|turn|31
|
|t:|1662666239
|move|p2a: Ninetales|Aurora Veil|p2a: Ninetales
|-sidestart|p2: cogonahorse|move: Aurora Veil
|move|p1a: Garchomp|Earthquake|p2a: Ninetales
|-damage|p2a: Ninetales|58/100 tox
|
|-weather|Hail|[upkeep]
|-damage|p1a: Garchomp|40/100|[from] Hail
|-heal|p1a: Garchomp|46/100|[from] item: Leftovers
|-damage|p2a: Ninetales|46/100 tox|[from] psn
|upkeep
|turn|32
|
|t:|1662666246
|switch|p2a: Tornadus|Tornadus-Therian, M|81/100
|-damage|p2a: Tornadus|56/100|[from] Stealth Rock
|move|p1a: Garchomp|Protect||[still]
|-fail|p1a: Garchomp
|
|-weather|Hail|[upkeep]
|-damage|p2a: Tornadus|50/100|[from] Hail
|-damage|p1a: Garchomp|40/100|[from] Hail
|-heal|p1a: Garchomp|46/100|[from] item: Leftovers
|upkeep
|turn|33
|
|t:|1662666255
|move|p2a: Tornadus|Hurricane|p1a: Garchomp
|-damage|p1a: Garchomp|22/100
|move|p1a: Garchomp|Toxic|p2a: Tornadus
|-status|p2a: Tornadus|tox
|
|-weather|Hail|[upkeep]
|-damage|p2a: Tornadus|44/100 tox|[from] Hail
|-damage|p1a: Garchomp|15/100|[from] Hail
|-heal|p1a: Garchomp|22/100|[from] item: Leftovers
|-damage|p2a: Tornadus|38/100 tox|[from] psn
|upkeep
|turn|34
|
|t:|1662666265
|switch|p2a: Arctozolt|Arctozolt|88/100
|-damage|p2a: Arctozolt|63/100|[from] Stealth Rock
|move|p1a: Garchomp|Earthquake|p2a: Arctozolt
|-supereffective|p2a: Arctozolt
|-damage|p2a: Arctozolt|11/100
|
|-weather|Hail|[upkeep]
|-damage|p1a: Garchomp|15/100|[from] Hail
|-heal|p2a: Arctozolt|18/100|[from] item: Leftovers
|-heal|p1a: Garchomp|22/100|[from] item: Leftovers
|upkeep
|turn|35
|
|t:|1662666278
|move|p2a: Arctozolt|Blizzard|p1a: Garchomp
|-supereffective|p1a: Garchomp
|-damage|p1a: Garchomp|0 fnt
|faint|p1a: Garchomp
|
|-weather|Hail|[upkeep]
|-heal|p2a: Arctozolt|24/100|[from] item: Leftovers
|-sideend|p2: cogonahorse|move: Aurora Veil
|upkeep
|
|t:|1662666287
|switch|p1a: Rillaboom|Rillaboom, M|63/100
|-fieldstart|move: Grassy Terrain|[from] ability: Grassy Surge|[of] p1a: Rillaboom
|turn|36
|
|t:|1662666292
|move|p1a: Rillaboom|Grassy Glide|p2a: Arctozolt
|-damage|p2a: Arctozolt|0 fnt
|faint|p2a: Arctozolt
|
|-weather|Hail|[upkeep]
|-damage|p1a: Rillaboom|57/100|[from] Hail
|-heal|p1a: Rillaboom|63/100|[from] Grassy Terrain
|-heal|p1a: Rillaboom|69/100|[from] item: Leftovers
|upkeep
|
|t:|1662666295
|switch|p2a: Tornadus|Tornadus-Therian, M|71/100 tox
|-damage|p2a: Tornadus|46/100 tox|[from] Stealth Rock
|turn|37
|
|t:|1662666307
|switch|p1a: Melmetal|Melmetal|39/100
|move|p2a: Tornadus|Hurricane|p1a: Melmetal
|-resisted|p1a: Melmetal
|-damage|p1a: Melmetal|21/100
|
|-weather|none
|-heal|p1a: Melmetal|27/100|[from] Grassy Terrain
|-heal|p1a: Melmetal|33/100|[from] item: Leftovers
|-damage|p2a: Tornadus|40/100 tox|[from] psn
|upkeep
|turn|38
|
|t:|1662666316
|move|p2a: Tornadus|Heat Wave|p1a: Melmetal
|-supereffective|p1a: Melmetal
|-damage|p1a: Melmetal|0 fnt
|faint|p1a: Melmetal
|
|-damage|p2a: Tornadus|28/100 tox|[from] psn
|upkeep
|
|t:|1662666325
|switch|p1a: Rillaboom|Rillaboom, M|69/100
|turn|39
|
|t:|1662666330
|switch|p2a: Ninetales|Ninetales-Alola, M|46/100 tox
|-damage|p2a: Ninetales|21/100 tox|[from] Stealth Rock
|-weather|Hail|[from] ability: Snow Warning|[of] p2a: Ninetales
|move|p1a: Rillaboom|Grassy Glide|p2a: Ninetales
|-damage|p2a: Ninetales|0 fnt
|faint|p2a: Ninetales
|
|-weather|Hail|[upkeep]
|-damage|p1a: Rillaboom|63/100|[from] Hail
|-heal|p1a: Rillaboom|69/100|[from] Grassy Terrain
|-heal|p1a: Rillaboom|75/100|[from] item: Leftovers
|upkeep
|
|t:|1662666334
|switch|p2a: Tornadus|Tornadus-Therian, M|61/100 tox
|-damage|p2a: Tornadus|36/100 tox|[from] Stealth Rock
|turn|40
|
|t:|1662666345
|move|p1a: Rillaboom|Grassy Glide|p2a: Tornadus
|-resisted|p2a: Tornadus
|-damage|p2a: Tornadus|10/100 tox
|move|p2a: Tornadus|Hurricane|p1a: Rillaboom
|-supereffective|p1a: Rillaboom
|-damage|p1a: Rillaboom|0 fnt
|faint|p1a: Rillaboom
|
|-weather|Hail|[upkeep]
|-damage|p2a: Tornadus|4/100 tox|[from] Hail
|-damage|p2a: Tornadus|0 fnt|[from] psn
|faint|p2a: Tornadus
|-fieldend|move: Grassy Terrain
|upkeep
|
|t:|1662666356
|switch|p2a: Volcanion|Volcanion|89/100
|switch|p1a: Slowbro|Slowbro, M|100/100
|-damage|p2a: Volcanion|64/100|[from] Stealth Rock
|turn|41
|
|t:|1662666372
|move|p2a: Volcanion|Sludge Wave|p1a: Slowbro
|-damage|p1a: Slowbro|50/100
|move|p1a: Slowbro|Toxic|p2a: Volcanion
|-status|p2a: Volcanion|tox
|
|-weather|Hail|[upkeep]
|-damage|p2a: Volcanion|58/100 tox|[from] Hail
|-damage|p1a: Slowbro|44/100|[from] Hail
|-damage|p2a: Volcanion|52/100 tox|[from] psn
|upkeep
|turn|42
|
|t:|1662666380
|move|p2a: Volcanion|Sludge Wave|p1a: Slowbro
|-damage|p1a: Slowbro|0 fnt
|faint|p1a: Slowbro
|
|win|cogonahorse
|raw|jly8's rating: 1663 &rarr; <strong>1644</strong><br />(-19 for losing)
|raw|cogonahorse's rating: 1678 &rarr; <strong>1697</strong><br />(+19 for winning)
