|j|☆Seasons In The Sun
|j|☆Candice
|t:|1647250979
|gametype|singles
|player|p1|Seasons In The Sun|wally|1662
|player|p2|Candice|madame-gen4dp|1669
|teamsize|p1|6
|teamsize|p2|6
|gen|8
|tier|[Gen 8] OU
|rated|
|rule|Sleep Clause Mod: Limit one foe put to sleep
|rule|Species Clause: Limit one of each Pokémon
|rule|OHKO Clause: OHKO moves are banned
|rule|Evasion Moves Clause: Evasion moves are banned
|rule|Endless Battle Clause: Forcing endless battles is banned
|rule|HP Percentage Mod: HP is shown in percentages
|rule|Dynamax Clause: You cannot dynamax
|clearpoke
|poke|p1|Talonflame, F|
|poke|p1|Toxapex, F|
|poke|p1|Hippowdon, F|
|poke|p1|Dragapult, M|
|poke|p1|Heatran, F|
|poke|p1|Scizor, F|
|poke|p2|Landorus-Therian, M|
|poke|p2|Dragapult, M|
|poke|p2|Hydreigon, F|
|poke|p2|Aegislash, F|
|poke|p2|Rotom-Wash|
|poke|p2|Ferrothorn, M|
|teampreview
|
|t:|1647250993
|start
|switch|p1a: Talonflame|Talonflame, F|100/100
|switch|p2a: Hydreigon|Hydreigon, F|100/100
|turn|1
|
|t:|1647251002
|switch|p2a: Rotom|Rotom-Wash|100/100
|move|p1a: Talonflame|Will-O-Wisp|p2a: Rotom
|-status|p2a: Rotom|brn
|
|-damage|p2a: Rotom|94/100 brn|[from] brn
|upkeep
|turn|2
|
|t:|1647251024
|switch|p1a: Toxapex|Toxapex, F|100/100
|move|p2a: Rotom|Hydro Pump|p1a: Toxapex
|-resisted|p1a: Toxapex
|-damage|p1a: Toxapex|85/100
|
|-heal|p2a: Rotom|100/100 brn|[from] item: Leftovers
|-damage|p2a: Rotom|94/100 brn|[from] brn
|upkeep
|turn|3
|
|t:|1647251036
|move|p2a: Rotom|Thunder Wave|p1a: Toxapex
|-status|p1a: Toxapex|par
|move|p1a: Toxapex|Knock Off|p2a: Rotom
|-damage|p2a: Rotom|76/100 brn
|-enditem|p2a: Rotom|Leftovers|[from] move: Knock Off|[of] p1a: Toxapex
|
|-damage|p2a: Rotom|70/100 brn|[from] brn
|upkeep
|turn|4
|
|t:|1647251047
|move|p2a: Rotom|Volt Switch|p1a: Toxapex
|-supereffective|p1a: Toxapex
|-crit|p1a: Toxapex
|-damage|p1a: Toxapex|25/100 par
|
|t:|1647251058
|switch|p2a: Ferrothorn|Ferrothorn, M|100/100|[from]move: Volt Switch
|cant|p1a: Toxapex|par
|
|upkeep
|turn|5
|
|t:|1647251065
|switch|p1a: Hippowdon|Hippowdon, F|100/100
|-weather|Sandstorm|[from] ability: Sand Stream|[of] p1a: Hippowdon
|move|p2a: Ferrothorn|Spikes|p1a: Hippowdon
|-sidestart|p1: Seasons In The Sun|Spikes
|
|-weather|Sandstorm|[upkeep]
|upkeep
|turn|6
|
|t:|1647251074
|move|p1a: Hippowdon|Stealth Rock|p2a: Ferrothorn
|-sidestart|p2: Candice|move: Stealth Rock
|move|p2a: Ferrothorn|Spikes|p1a: Hippowdon
|-sidestart|p1: Seasons In The Sun|Spikes
|
|-weather|Sandstorm|[upkeep]
|upkeep
|turn|7
|j| bootleg gengar
|
|t:|1647251092
|switch|p1a: Heatran|Heatran, F|100/100
|-damage|p1a: Heatran|84/100|[from] Spikes
|move|p2a: Ferrothorn|Knock Off|p1a: Heatran
|-damage|p1a: Heatran|65/100
|-enditem|p1a: Heatran|Leftovers|[from] move: Knock Off|[of] p2a: Ferrothorn
|
|-weather|Sandstorm|[upkeep]
|upkeep
|turn|8
|
|t:|1647251098
|switch|p2a: Hydreigon|Hydreigon, F|100/100
|-damage|p2a: Hydreigon|88/100|[from] Stealth Rock
|move|p1a: Heatran|Magma Storm|p2a: Hydreigon|[miss]
|-miss|p1a: Heatran|p2a: Hydreigon
|
|-weather|Sandstorm|[upkeep]
|-damage|p2a: Hydreigon|82/100|[from] Sandstorm
|upkeep
|turn|9
|
|t:|1647251131
|move|p2a: Hydreigon|Nasty Plot|p2a: Hydreigon
|-boost|p2a: Hydreigon|spa|2
|move|p1a: Heatran|Toxic|p2a: Hydreigon
|-status|p2a: Hydreigon|tox
|
|-weather|none
|-damage|p2a: Hydreigon|76/100 tox|[from] psn
|upkeep
|turn|10
|
|t:|1647251144
|switch|p1a: Talonflame|Talonflame, F|100/100
|move|p2a: Hydreigon|Dark Pulse|p1a: Talonflame
|-damage|p1a: Talonflame|4/100
|
|-damage|p2a: Hydreigon|64/100 tox|[from] psn
|upkeep
|turn|11
|j| Doogkemdllfmms
|j| KingSlayer2000
|
|t:|1647251153
|move|p1a: Talonflame|Roost|p1a: Talonflame
|-heal|p1a: Talonflame|55/100
|-singleturn|p1a: Talonflame|move: Roost
|move|p2a: Hydreigon|Dark Pulse|p1a: Talonflame
|-damage|p1a: Talonflame|0 fnt
|faint|p1a: Talonflame
|
|-damage|p2a: Hydreigon|45/100 tox|[from] psn
|upkeep
|
|t:|1647251161
|switch|p1a: Dragapult|Dragapult, M|100/100
|-damage|p1a: Dragapult|84/100|[from] Spikes
|turn|12
|
|t:|1647251167
|switch|p2a: Ferrothorn|Ferrothorn, M|100/100
|-damage|p2a: Ferrothorn|94/100|[from] Stealth Rock
|move|p1a: Dragapult|Fire Blast|p2a: Ferrothorn
|-supereffective|p2a: Ferrothorn
|-damage|p2a: Ferrothorn|0 fnt
|faint|p2a: Ferrothorn
|
|upkeep
|
|t:|1647251171
|switch|p2a: Dragapult|Dragapult, M|100/100
|-damage|p2a: Dragapult|88/100|[from] Stealth Rock
|turn|13
|
|t:|1647251192
|switch|p1a: Toxapex|Toxapex, F|59/100 par
|-damage|p1a: Toxapex|42/100 par|[from] Spikes
|move|p2a: Dragapult|Dragon Darts|p1a: Toxapex
|-damage|p1a: Toxapex|20/100 par
|-anim|p2a: Dragapult|Dragon Darts|p1a: Toxapex
|-damage|p1a: Toxapex|0 fnt
|faint|p1a: Toxapex
|
|upkeep
|
|t:|1647251198
|switch|p1a: Scizor|Scizor, F|100/100
|turn|14
|
|t:|1647251203
|switch|p2a: Rotom|Rotom-Wash|70/100 brn
|-damage|p2a: Rotom|58/100 brn|[from] Stealth Rock
|move|p1a: Scizor|Defog|p2a: Rotom
|-unboost|p2a: Rotom|evasion|1
|-sideend|p2: Candice|Stealth Rock|[from] move: Defog|[of] p1a: Scizor
|-sideend|p1: Seasons In The Sun|Spikes|[from] move: Defog|[of] p1a: Scizor
|
|-damage|p2a: Rotom|51/100 brn|[from] brn
|upkeep
|turn|15
|
|t:|1647251212
|move|p2a: Rotom|Thunder Wave|p1a: Scizor|[miss]
|-miss|p2a: Rotom|p1a: Scizor
|move|p1a: Scizor|U-turn|p2a: Rotom
|-damage|p2a: Rotom|22/100 brn
|
|t:|1647251220
|switch|p1a: Dragapult|Dragapult, M|84/100|[from]move: U-turn
|
|-damage|p2a: Rotom|15/100 brn|[from] brn
|upkeep
|turn|16
|
|t:|1647251231
|move|p1a: Dragapult|Shadow Ball|p2a: Rotom
|-damage|p2a: Rotom|0 fnt
|faint|p2a: Rotom
|
|upkeep
|
|t:|1647251234
|switch|p2a: Dragapult|Dragapult, M|88/100
|turn|17
|
|t:|1647251241
|switch|p1a: Hippowdon|Hippowdon, F|100/100
|-weather|Sandstorm|[from] ability: Sand Stream|[of] p1a: Hippowdon
|move|p2a: Dragapult|U-turn|p1a: Hippowdon
|-damage|p1a: Hippowdon|83/100
|
|t:|1647251251
|switch|p2a: Hydreigon|Hydreigon, F|45/100 tox|[from]move: U-turn
|
|-weather|Sandstorm|[upkeep]
|-damage|p2a: Hydreigon|39/100 tox|[from] Sandstorm
|-heal|p1a: Hippowdon|89/100|[from] item: Leftovers
|-damage|p2a: Hydreigon|33/100 tox|[from] psn
|upkeep
|turn|18
|j| Soldier Of Jesus
|
|t:|1647251264
|switch|p1a: Scizor|Scizor, F|100/100
|move|p2a: Hydreigon|Nasty Plot|p2a: Hydreigon
|-boost|p2a: Hydreigon|spa|2
|
|-weather|Sandstorm|[upkeep]
|-damage|p2a: Hydreigon|27/100 tox|[from] Sandstorm
|-damage|p2a: Hydreigon|14/100 tox|[from] psn
|upkeep
|turn|19
|
|t:|1647251271
|switch|p2a: Landorus|Landorus-Therian, M|100/100
|-ability|p2a: Landorus|Intimidate|boost
|-unboost|p1a: Scizor|atk|1
|move|p1a: Scizor|Bullet Punch|p2a: Landorus
|-damage|p2a: Landorus|87/100
|-damage|p1a: Scizor|84/100|[from] item: Rocky Helmet|[of] p2a: Landorus
|
|-weather|Sandstorm|[upkeep]
|upkeep
|turn|20
|
|t:|1647251277
|move|p2a: Landorus|Stealth Rock|p1a: Scizor
|-sidestart|p1: Seasons In The Sun|move: Stealth Rock
|move|p1a: Scizor|Roost|p1a: Scizor
|-heal|p1a: Scizor|100/100
|-singleturn|p1a: Scizor|move: Roost
|
|-weather|Sandstorm|[upkeep]
|upkeep
|turn|21
|
|t:|1647251288
|move|p2a: Landorus|U-turn|p1a: Scizor
|-resisted|p1a: Scizor
|-damage|p1a: Scizor|91/100
|
|t:|1647251290
|switch|p2a: Aegislash|Aegislash, F|100/100|[from]move: U-turn
|move|p1a: Scizor|Defog|p2a: Aegislash
|-unboost|p2a: Aegislash|evasion|1
|-sideend|p1: Seasons In The Sun|Stealth Rock|[from] move: Defog|[of] p1a: Scizor
|
|-weather|none
|upkeep
|turn|22
|
|t:|1647251304
|move|p2a: Aegislash|Substitute|p2a: Aegislash
|-start|p2a: Aegislash|Substitute
|-damage|p2a: Aegislash|76/100
|move|p1a: Scizor|U-turn|p2a: Aegislash
|-resisted|p2a: Aegislash
|-activate|p2a: Aegislash|move: Substitute|[damage]
|
|t:|1647251310
|switch|p1a: Dragapult|Dragapult, M|84/100|[from]move: U-turn
|
|-heal|p2a: Aegislash|82/100|[from] item: Leftovers
|upkeep
|turn|23
|
|t:|1647251315
|move|p2a: Aegislash|King's Shield|p2a: Aegislash
|-singleturn|p2a: Aegislash|Protect
|move|p1a: Dragapult|Shadow Ball|p2a: Aegislash
|-activate|p2a: Aegislash|move: Protect
|
|-heal|p2a: Aegislash|88/100|[from] item: Leftovers
|upkeep
|turn|24
|
|t:|1647251333
|switch|p2a: Hydreigon|Hydreigon, F|14/100 tox
|move|p1a: Dragapult|Shadow Ball|p2a: Hydreigon
|-resisted|p2a: Hydreigon
|-damage|p2a: Hydreigon|0 fnt
|faint|p2a: Hydreigon
|
|upkeep
|
|t:|1647251335
|switch|p2a: Dragapult|Dragapult, M|88/100
|turn|25
|
|t:|1647251343
|switch|p1a: Hippowdon|Hippowdon, F|89/100
|-weather|Sandstorm|[from] ability: Sand Stream|[of] p1a: Hippowdon
|move|p2a: Dragapult|U-turn|p1a: Hippowdon
|-damage|p1a: Hippowdon|70/100
|
|t:|1647251347
|switch|p2a: Landorus|Landorus-Therian, M|87/100|[from]move: U-turn
|-ability|p2a: Landorus|Intimidate|boost
|-unboost|p1a: Hippowdon|atk|1
|
|-weather|Sandstorm|[upkeep]
|-heal|p1a: Hippowdon|76/100|[from] item: Leftovers
|upkeep
|turn|26
|
|t:|1647251352
|move|p2a: Landorus|Toxic|p1a: Hippowdon
|-status|p1a: Hippowdon|tox
|move|p1a: Hippowdon|Toxic|p2a: Landorus
|-status|p2a: Landorus|tox
|
|-weather|Sandstorm|[upkeep]
|-heal|p1a: Hippowdon|82/100 tox|[from] item: Leftovers
|-damage|p2a: Landorus|81/100 tox|[from] psn
|-damage|p1a: Hippowdon|76/100 tox|[from] psn
|upkeep
|turn|27
|
|t:|1647251358
|move|p2a: Landorus|Stealth Rock|p1a: Hippowdon
|-sidestart|p1: Seasons In The Sun|move: Stealth Rock
|move|p1a: Hippowdon|Stealth Rock|p2a: Landorus
|-sidestart|p2: Candice|move: Stealth Rock
|
|-weather|Sandstorm|[upkeep]
|-heal|p1a: Hippowdon|82/100 tox|[from] item: Leftovers
|-damage|p2a: Landorus|69/100 tox|[from] psn
|-damage|p1a: Hippowdon|70/100 tox|[from] psn
|upkeep
|turn|28
|
|t:|1647251361
|move|p2a: Landorus|Earth Power|p1a: Hippowdon
|-damage|p1a: Hippowdon|36/100 tox
|move|p1a: Hippowdon|Slack Off|p1a: Hippowdon
|-heal|p1a: Hippowdon|86/100 tox
|
|-weather|Sandstorm|[upkeep]
|-heal|p1a: Hippowdon|92/100 tox|[from] item: Leftovers
|-damage|p2a: Landorus|51/100 tox|[from] psn
|-damage|p1a: Hippowdon|74/100 tox|[from] psn
|upkeep
|turn|29
|
|t:|1647251365
|move|p2a: Landorus|Earth Power|p1a: Hippowdon
|-damage|p1a: Hippowdon|44/100 tox
|move|p1a: Hippowdon|Slack Off|p1a: Hippowdon
|-heal|p1a: Hippowdon|94/100 tox
|
|-weather|none
|-heal|p1a: Hippowdon|100/100 tox|[from] item: Leftovers
|-damage|p2a: Landorus|27/100 tox|[from] psn
|-damage|p1a: Hippowdon|76/100 tox|[from] psn
|upkeep
|turn|30
|
|t:|1647251369
|move|p2a: Landorus|Earth Power|p1a: Hippowdon
|-damage|p1a: Hippowdon|44/100 tox
|-unboost|p1a: Hippowdon|spd|1
|move|p1a: Hippowdon|Slack Off|p1a: Hippowdon
|-heal|p1a: Hippowdon|95/100 tox
|
|-heal|p1a: Hippowdon|100/100 tox|[from] item: Leftovers
|-damage|p2a: Landorus|0 fnt|[from] psn
|faint|p2a: Landorus
|-damage|p1a: Hippowdon|69/100 tox|[from] psn
|upkeep
|
|t:|1647251387
|switch|p2a: Dragapult|Dragapult, M|88/100
|-damage|p2a: Dragapult|76/100|[from] Stealth Rock
|turn|31
|
|t:|1647251407
|switch|p1a: Scizor|Scizor, F|91/100
|move|p2a: Dragapult|U-turn|p1a: Scizor
|-resisted|p1a: Scizor
|-damage|p1a: Scizor|73/100
|
|t:|1647251410
|switch|p2a: Aegislash|Aegislash, F|88/100|[from]move: U-turn
|-damage|p2a: Aegislash|82/100|[from] Stealth Rock
|
|-heal|p2a: Aegislash|88/100|[from] item: Leftovers
|upkeep
|turn|32
|
|t:|1647251413
|-formechange|p2a: Aegislash|Aegislash-Blade||[from] ability: Stance Change
|move|p2a: Aegislash|Shadow Ball|p1a: Scizor
|-damage|p1a: Scizor|34/100
|move|p1a: Scizor|U-turn|p2a: Aegislash
|-resisted|p2a: Aegislash
|-damage|p2a: Aegislash|70/100
|-message|Candice forfeited.
|
|win|Seasons In The Sun
|raw|Seasons In The Sun's rating: 1662 &rarr; <strong>1682</strong><br />(+20 for winning)
|raw|Candice's rating: 1669 &rarr; <strong>1649</strong><br />(-20 for losing)
|l|☆Candice
|l| KingSlayer2000
|l| Soldier Of Jesus
