|j|☆pinorska
|j|☆Pinkacross
|inactive|Battle timer is ON: inactive players will automatically lose when time's up.
|t:|1656543214
|gametype|singles
|player|p1|pinorska|jasmine-gen2|
|player|p2|Pinkacross|artist|
|teamsize|p1|6
|teamsize|p2|6
|gen|8
|tier|[Gen 8] OU
|rated|Tournament battle
|rule|Sleep Clause Mod: Limit one foe put to sleep
|rule|Species Clause: Limit one of each Pokémon
|rule|OHKO Clause: OHKO moves are banned
|rule|Evasion Moves Clause: Evasion moves are banned
|rule|Endless Battle Clause: Forcing endless battles is banned
|rule|HP Percentage Mod: HP is shown in percentages
|rule|Dynamax Clause: You cannot dynamax
|clearpoke
|poke|p1|Decidueye, M|
|poke|p1|Slowbro, F|
|poke|p1|Landorus-Therian, M|
|poke|p1|Dragonite, M|
|poke|p1|Heatran, F|
|poke|p1|Weavile, F|
|poke|p2|Nihilego|
|poke|p2|Tapu Lele|
|poke|p2|Ferrothorn, M|
|poke|p2|Diggersby, F|
|poke|p2|Slowbro, F|
|poke|p2|Tornadus-Therian, M|
|teampreview
|inactive|pinorska also wants the timer to be on.
|j| ItsZyphon
|j| Mantine in 1v1
|j| zReptar
|c|☆pinorska|hf goat
|c| Mantine in 1v1|This is going to be goated
|c|☆Pinkacross|hf
|c|☆Pinkacross|love the decidueye
|
|t:|1656543234
|start
|switch|p1a: Heatran|Heatran, F|100/100
|switch|p2a: Tornadus|Tornadus-Therian, M|100/100
|turn|1
|c| Mantine in 1v1|Whoa zreptar
|
|t:|1656543237
|move|p2a: Tornadus|Taunt|p1a: Heatran
|-start|p1a: Heatran|move: Taunt
|move|p1a: Heatran|Magma Storm|p2a: Tornadus
|-damage|p2a: Tornadus|44/100
|-activate|p2a: Tornadus|move: Magma Storm|[of] p1a: Heatran
|
|-damage|p2a: Tornadus|31/100|[from] move: Magma Storm|[partiallytrapped]
|upkeep
|turn|2
|c| Mantine in 1v1|aren’t you call the crew?
|
|t:|1656543241
|move|p2a: Tornadus|U-turn|p1a: Heatran
|-resisted|p1a: Heatran
|-damage|p1a: Heatran|97/100
|-status|p2a: Tornadus|brn|[from] ability: Flame Body|[of] p1a: Heatran
|
|t:|1656543244
|switch|p2a: Slowbro|Slowbro, F|100/100|[from]move: U-turn
|move|p1a: Heatran|Magma Storm|p2a: Slowbro
|-resisted|p2a: Slowbro
|-damage|p2a: Slowbro|80/100
|-activate|p2a: Slowbro|move: Magma Storm|[of] p1a: Heatran
|
|-damage|p2a: Slowbro|67/100|[from] move: Magma Storm|[partiallytrapped]
|upkeep
|turn|3
|
|t:|1656543247
|move|p1a: Heatran|Solar Beam||[still]
|-prepare|p1a: Heatran|Solar Beam
|-enditem|p1a: Heatran|Power Herb
|-anim|p1a: Heatran|Solar Beam|p2a: Slowbro
|-supereffective|p2a: Slowbro
|-damage|p2a: Slowbro|0 fnt
|faint|p2a: Slowbro
|
|-end|p1a: Heatran|move: Taunt
|upkeep
|c| Mantine in 1v1|awesome stall teams I see you using bro
|
|t:|1656543250
|switch|p2a: Diggersby|Diggersby, F|100/100
|turn|4
|c|☆Pinkacross|wow
|
|t:|1656543253
|move|p2a: Diggersby|Body Slam|p1a: Heatran
|-resisted|p1a: Heatran
|-damage|p1a: Heatran|52/100
|-status|p1a: Heatran|par
|move|p1a: Heatran|Magma Storm|p2a: Diggersby
|-damage|p2a: Diggersby|27/100
|-activate|p2a: Diggersby|move: Magma Storm|[of] p1a: Heatran
|
|-damage|p2a: Diggersby|15/100|[from] move: Magma Storm|[partiallytrapped]
|upkeep
|turn|5
|c|☆Pinkacross|the read
|c|☆Pinkacross|jeez
|c|☆Pinkacross|im getting smoked
|c| zReptar|Damn
|
|t:|1656543264
|switch|p1a: Landorus|Landorus-Therian, M|100/100
|-ability|p1a: Landorus|Intimidate|boost
|-unboost|p2a: Diggersby|atk|1
|move|p2a: Diggersby|Body Slam|p1a: Landorus
|-damage|p1a: Landorus|46/100
|-status|p1a: Landorus|par
|
|-heal|p1a: Landorus|52/100 par|[from] item: Leftovers
|-end|p2a: Diggersby|Magma Storm|[partiallytrapped]|[silent]
|upkeep
|turn|6
|j| RedDiamond1024
|
|t:|1656543270
|move|p2a: Diggersby|Body Slam|p1a: Landorus
|-damage|p1a: Landorus|0 fnt
|faint|p1a: Landorus
|
|upkeep
|
|t:|1656543274
|switch|p1a: Weavile|Weavile, F|100/100
|-ability|p1a: Weavile|Pressure
|turn|7
|
|t:|1656543278
|switch|p2a: Ferrothorn|Ferrothorn, M|100/100
|move|p1a: Weavile|Swords Dance|p1a: Weavile
|-boost|p1a: Weavile|atk|2
|
|upkeep
|turn|8
|c| Mantine in 1v1|Pink meets pink
|c| Mantine in 1v1|who is more heat
|c| zReptar|Also mantine thatndependsni could be and i could not be
|
|t:|1656543292
|move|p1a: Weavile|Knock Off|p2a: Ferrothorn
|-damage|p2a: Ferrothorn|47/100
|-damage|p1a: Weavile|88/100|[from] ability: Iron Barbs|[of] p2a: Ferrothorn
|-damage|p1a: Weavile|72/100|[from] item: Rocky Helmet|[of] p2a: Ferrothorn
|-enditem|p2a: Ferrothorn|Rocky Helmet|[from] move: Knock Off|[of] p1a: Weavile
|move|p2a: Ferrothorn|Body Press|p1a: Weavile
|-supereffective|p1a: Weavile
|-damage|p1a: Weavile|0 fnt
|faint|p1a: Weavile
|
|upkeep
|
|t:|1656543297
|switch|p1a: Decidueye|Decidueye, M|100/100
|turn|9
|j| L'chonk2
|j|%Sww-Suwa
|c| Mantine in 1v1|?????
|c| zReptar|Exactlt
|c|☆pinorska|are u build enough to go digg
|
|t:|1656543316
|switch|p2a: Diggersby|Diggersby, F|15/100
|move|p1a: Decidueye|Poltergeist|p2a: Diggersby
|-immune|p2a: Diggersby
|
|upkeep
|turn|10
|c| Mantine in 1v1|Bro I know you are call the crew
|l| ItsZyphon
|c| Mantine in 1v1|you said so when I asked you on the account
|
|t:|1656543325
|move|p2a: Diggersby|Body Slam|p1a: Decidueye
|-immune|p1a: Decidueye
|move|p1a: Decidueye|Poltergeist|p2a: Diggersby
|-immune|p2a: Diggersby
|
|upkeep
|turn|11
|c| Mantine in 1v1|!!
|
|t:|1656543328
|move|p2a: Diggersby|Body Slam|p1a: Decidueye
|-immune|p1a: Decidueye
|move|p1a: Decidueye|Poltergeist|p2a: Diggersby
|-immune|p2a: Diggersby
|
|upkeep
|turn|12
|c| zReptar|Sheesh
|
|t:|1656543334
|switch|p1a: Slowbro|Slowbro, F|100/100
|move|p2a: Diggersby|Body Slam|p1a: Slowbro
|-damage|p1a: Slowbro|53/100
|
|upkeep
|turn|13
|
|t:|1656543337
|move|p2a: Diggersby|Body Slam|p1a: Slowbro
|-damage|p1a: Slowbro|3/100
|move|p1a: Slowbro|Scald|p2a: Diggersby
|-supereffective|p2a: Diggersby
|-crit|p2a: Diggersby
|-damage|p2a: Diggersby|0 fnt
|faint|p2a: Diggersby
|
|upkeep
|c| Mantine in 1v1|Wtf
|
|t:|1656543339
|switch|p2a: Nihilego|Nihilego|100/100
|turn|14
|
|t:|1656543344
|switch|p1a: Heatran|Heatran, F|52/100 par
|move|p2a: Nihilego|Power Gem|p1a: Heatran
|-damage|p1a: Heatran|0 fnt
|faint|p1a: Heatran
|-ability|p2a: Nihilego|Beast Boost|boost
|-boost|p2a: Nihilego|spa|1
|
|upkeep
|
|t:|1656543347
|switch|p1a: Dragonite|Dragonite, M|100/100
|turn|15
|c| Mantine in 1v1|Why did that work
|
|t:|1656543349
|move|p2a: Nihilego|Power Gem|p1a: Dragonite
|-supereffective|p1a: Dragonite
|-damage|p1a: Dragonite|0 fnt
|faint|p1a: Dragonite
|-ability|p2a: Nihilego|Beast Boost|boost
|-boost|p2a: Nihilego|spa|1
|
|upkeep
|c| L'chonk2|honestly that was funny to watch
|c| zReptar|Its over
|c|☆Pinkacross|specs
|c|☆Pinkacross|gg
|c|☆pinorska|why did that
|c| Mantine in 1v1|Bro
|c|☆pinorska|die
|c|☆pinorska|LOL
|c|☆pinorska|NO
|
|t:|1656543358
|switch|p1a: Decidueye|Decidueye, M|100/100
|turn|16
|c|☆Pinkacross|specs nihi is insanely strong
|
|t:|1656543361
|move|p1a: Decidueye|Shadow Sneak|p2a: Nihilego
|-damage|p2a: Nihilego|49/100
|move|p2a: Nihilego|Power Gem|p1a: Decidueye
|-damage|p1a: Decidueye|0 fnt
|faint|p1a: Decidueye
|-ability|p2a: Nihilego|Beast Boost|boost
|-boost|p2a: Nihilego|spa|1
|
|upkeep
|
|t:|1656543363
|switch|p1a: Slowbro|Slowbro, F|36/100
|turn|17
|c| zReptar|Specs nihi power
|
|t:|1656543369
|move|p2a: Nihilego|Power Gem|p1a: Slowbro
|-damage|p1a: Slowbro|0 fnt
|faint|p1a: Slowbro
|
|win|Pinkacross
|n|☆pinorska|pinorska
|n|☆Pinkacross|pinkacross
|n| Mantine in 1v1|mantinein1v1
|n| zReptar|zreptar
|n| RedDiamond1024|reddiamond1024
|n| L'chonk2|lchonk2
|n| Sww-Suwa|swwsuwa
|c|☆pinorska|pinkacross is goated
