|j|☆crescendoww
|j|☆Megadeep
|t:|1667752292
|gametype|singles
|player|p1|crescendoww|falkner|1636
|player|p2|Megadeep|brock|1631
|teamsize|p1|6
|teamsize|p2|6
|gen|8
|tier|[Gen 8] OU
|rated|
|rule|Sleep Clause Mod: Limit one foe put to sleep
|rule|Species Clause: Limit one of each Pokémon
|rule|OHKO Clause: OHKO moves are banned
|rule|Evasion Items Clause: Evasion items are banned
|rule|Evasion Moves Clause: Evasion moves are banned
|rule|Endless Battle Clause: Forcing endless battles is banned
|rule|HP Percentage Mod: HP is shown in percentages
|rule|Dynamax Clause: You cannot dynamax
|clearpoke
|poke|p1|Volcarona, M|
|poke|p1|Zygarde-10%|
|poke|p1|Jirachi|
|poke|p1|Rillaboom, M|
|poke|p1|Tornadus-Therian, M|
|poke|p1|Bisharp, F|
|poke|p2|Gardevoir, M|
|poke|p2|Rotom-Wash|
|poke|p2|Dragapult, M|
|poke|p2|Snorlax, M|
|poke|p2|Excadrill, M|
|poke|p2|Corviknight, M|
|teampreview
|
|t:|1667752301
|start
|switch|p1a: Bisharp|Bisharp, F|100/100
|switch|p2a: Rotom|Rotom-Wash|100/100
|turn|1
|
|t:|1667752308
|switch|p1a: Tornadus|Tornadus-Therian, M|100/100
|move|p2a: Rotom|Trick|p1a: Tornadus
|-activate|p2a: Rotom|move: Trick|[of] p1a: Tornadus
|-item|p1a: Tornadus|Choice Scarf|[from] move: Trick
|-item|p2a: Rotom|Heavy-Duty Boots|[from] move: Trick
|
|upkeep
|turn|2
|
|t:|1667752322
|move|p1a: Tornadus|U-turn|p2a: Rotom
|-damage|p2a: Rotom|87/100
|
|t:|1667752325
|switch|p1a: Zygarde|Zygarde-10%|100/100|[from]move: U-turn
|-ability|p1a: Zygarde|Aura Break
|move|p2a: Rotom|Volt Switch|p1a: Zygarde
|-immune|p1a: Zygarde
|
|upkeep
|turn|3
|
|t:|1667752334
|move|p1a: Zygarde|Thousand Arrows|p2a: Rotom
|-supereffective|p2a: Rotom
|-damage|p2a: Rotom|0 fnt
|faint|p2a: Rotom
|
|upkeep
|
|t:|1667752340
|switch|p2a: Corviknight|Corviknight, M|100/100
|-ability|p2a: Corviknight|Pressure
|turn|4
|
|t:|1667752346
|move|p1a: Zygarde|Thousand Arrows|p2a: Corviknight
|-damage|p2a: Corviknight|67/100
|-start|p2a: Corviknight|Smack Down
|move|p2a: Corviknight|Body Press|p1a: Zygarde
|-damage|p1a: Zygarde|50/100
|
|upkeep
|turn|5
|j| Jongruenwald
|
|t:|1667752354
|move|p1a: Zygarde|Thousand Arrows|p2a: Corviknight
|-supereffective|p2a: Corviknight
|-damage|p2a: Corviknight|2/100
|move|p2a: Corviknight|Body Press|p1a: Zygarde
|-damage|p1a: Zygarde|0 fnt
|faint|p1a: Zygarde
|
|upkeep
|l| Jongruenwald
|j| Jongruenwald
|
|t:|1667752372
|switch|p1a: Volcarona|Volcarona, M|100/100
|turn|6
|
|t:|1667752376
|move|p1a: Volcarona|Fiery Dance|p2a: Corviknight
|-supereffective|p2a: Corviknight
|-damage|p2a: Corviknight|0 fnt
|faint|p2a: Corviknight
|
|upkeep
|
|t:|1667752384
|switch|p2a: Snorlax|Snorlax, M|100/100
|turn|7
|
|t:|1667752388
|move|p1a: Volcarona|Will-O-Wisp|p2a: Snorlax
|-status|p2a: Snorlax|brn
|move|p2a: Snorlax|Body Slam|p1a: Volcarona
|-damage|p1a: Volcarona|82/100
|
|-damage|p2a: Snorlax|94/100 brn|[from] brn
|upkeep
|turn|8
|
|t:|1667752399
|switch|p2a: Gardevoir|Gardevoir, M|100/100
|-ability|p2a: Gardevoir|Flame Body|[from] ability: Trace|[of] p1a: Volcarona
|move|p1a: Volcarona|Quiver Dance|p1a: Volcarona
|-boost|p1a: Volcarona|spa|1
|-boost|p1a: Volcarona|spd|1
|-boost|p1a: Volcarona|spe|1
|
|upkeep
|turn|9
|
|t:|1667752408
|move|p1a: Volcarona|Fiery Dance|p2a: Gardevoir
|-damage|p2a: Gardevoir|48/100
|move|p2a: Gardevoir|Mystical Fire|p1a: Volcarona
|-damage|p1a: Volcarona|67/100
|-unboost|p1a: Volcarona|spa|1
|
|-heal|p2a: Gardevoir|54/100|[from] item: Leftovers
|upkeep
|turn|10
|
|t:|1667752418
|move|p1a: Volcarona|Fiery Dance|p2a: Gardevoir
|-damage|p2a: Gardevoir|18/100
|move|p2a: Gardevoir|Psyshock|p1a: Volcarona
|-damage|p1a: Volcarona|24/100
|
|-heal|p2a: Gardevoir|24/100|[from] item: Leftovers
|upkeep
|turn|11
|
|t:|1667752427
|move|p1a: Volcarona|Fiery Dance|p2a: Gardevoir
|-damage|p2a: Gardevoir|0 fnt
|faint|p2a: Gardevoir
|
|upkeep
|
|t:|1667752432
|switch|p2a: Dragapult|Dragapult, M|100/100
|turn|12
|
|t:|1667752439
|switch|p1a: Bisharp|Bisharp, F|100/100
|move|p2a: Dragapult|Dragon Darts|p1a: Bisharp
|-resisted|p1a: Bisharp
|-damage|p1a: Bisharp|85/100
|-anim|p2a: Dragapult|Dragon Darts|p1a: Bisharp
|-resisted|p1a: Bisharp
|-damage|p1a: Bisharp|68/100
|-damage|p2a: Dragapult|91/100|[from] item: Life Orb
|
|-heal|p1a: Bisharp|74/100|[from] item: Leftovers
|upkeep
|turn|13
|
|t:|1667752451
|switch|p2a: Snorlax|Snorlax, M|94/100 brn
|move|p1a: Bisharp|Knock Off|p2a: Snorlax
|-damage|p2a: Snorlax|64/100 brn
|-enditem|p2a: Snorlax|Iapapa Berry|[from] move: Knock Off|[of] p1a: Bisharp
|
|-heal|p1a: Bisharp|80/100|[from] item: Leftovers
|-damage|p2a: Snorlax|57/100 brn|[from] brn
|upkeep
|turn|14
|
|t:|1667752466
|switch|p1a: Rillaboom|Rillaboom, M|100/100
|-fieldstart|move: Grassy Terrain|[from] ability: Grassy Surge|[of] p1a: Rillaboom
|move|p2a: Snorlax|Earthquake|p1a: Rillaboom
|-resisted|p1a: Rillaboom
|-damage|p1a: Rillaboom|98/100
|
|-heal|p1a: Rillaboom|100/100|[from] Grassy Terrain
|-heal|p2a: Snorlax|64/100 brn|[from] Grassy Terrain
|-damage|p2a: Snorlax|57/100 brn|[from] brn
|upkeep
|turn|15
|
|t:|1667752478
|move|p1a: Rillaboom|U-turn|p2a: Snorlax
|-damage|p2a: Snorlax|42/100 brn
|
|t:|1667752481
|switch|p1a: Volcarona|Volcarona, M|24/100|[from]move: U-turn
|move|p2a: Snorlax|Body Slam|p1a: Volcarona
|-damage|p1a: Volcarona|7/100
|
|-heal|p1a: Volcarona|13/100|[from] Grassy Terrain
|-heal|p2a: Snorlax|48/100 brn|[from] Grassy Terrain
|-damage|p2a: Snorlax|42/100 brn|[from] brn
|upkeep
|turn|16
|
|t:|1667752492
|move|p1a: Volcarona|Roost|p1a: Volcarona
|-heal|p1a: Volcarona|63/100
|-singleturn|p1a: Volcarona|move: Roost
|move|p2a: Snorlax|Body Slam|p1a: Volcarona
|-damage|p1a: Volcarona|45/100
|-status|p1a: Volcarona|par
|
|-heal|p1a: Volcarona|51/100 par|[from] Grassy Terrain
|-heal|p2a: Snorlax|48/100 brn|[from] Grassy Terrain
|-damage|p2a: Snorlax|42/100 brn|[from] brn
|upkeep
|turn|17
|
|t:|1667752504
|switch|p2a: Dragapult|Dragapult, M|91/100
|move|p1a: Volcarona|Roost|p1a: Volcarona
|-heal|p1a: Volcarona|100/100 par
|-singleturn|p1a: Volcarona|move: Roost
|
|-heal|p2a: Dragapult|97/100|[from] Grassy Terrain
|upkeep
|turn|18
|
|t:|1667752514
|move|p2a: Dragapult|Dragon Dance|p2a: Dragapult
|-boost|p2a: Dragapult|atk|1
|-boost|p2a: Dragapult|spe|1
|move|p1a: Volcarona|Will-O-Wisp|p2a: Dragapult
|-status|p2a: Dragapult|brn
|
|-heal|p2a: Dragapult|100/100 brn|[from] Grassy Terrain
|-damage|p2a: Dragapult|95/100 brn|[from] brn
|-fieldend|move: Grassy Terrain
|upkeep
|turn|19
|-message|Megadeep forfeited.
|
|win|crescendoww
|raw|crescendoww's rating: 1636 &rarr; <strong>1656</strong><br />(+20 for winning)
|raw|Megadeep's rating: 1631 &rarr; <strong>1611</strong><br />(-20 for losing)
|l|☆Megadeep
|l| Jongruenwald
