|j|☆d18l
|j|☆2(H2O)-Alt
|t:|1663550929
|gametype|singles
|player|p1|d18l|backpacker|1773
|player|p2|2(H2O)-Alt|chase|1726
|teamsize|p1|6
|teamsize|p2|6
|gen|8
|tier|[Gen 8] OU
|rated|
|rule|Sleep Clause Mod: Limit one foe put to sleep
|rule|Species Clause: Limit one of each Pokémon
|rule|OHKO Clause: OHKO moves are banned
|rule|Evasion Items Clause: Evasion items are banned
|rule|Evasion Moves Clause: Evasion moves are banned
|rule|Endless Battle Clause: Forcing endless battles is banned
|rule|HP Percentage Mod: HP is shown in percentages
|rule|Dynamax Clause: You cannot dynamax
|clearpoke
|poke|p1|Tapu Koko|
|poke|p1|Victini|
|poke|p1|Landorus-Therian, M|
|poke|p1|Tornadus-Therian, M|
|poke|p1|Rotom-Wash|
|poke|p1|Ferrothorn, M|
|poke|p2|Weavile, M|
|poke|p2|Zapdos|
|poke|p2|Melmetal|
|poke|p2|Volcanion|
|poke|p2|Kartana|
|poke|p2|Landorus-Therian, M|
|teampreview
|inactive|Battle timer is ON: inactive players will automatically lose when time's up. (requested by 2(H2O)-Alt)
|
|t:|1663550937
|start
|switch|p1a: Tapu Koko|Tapu Koko|100/100
|switch|p2a: Weavile|Weavile, M|100/100
|-fieldstart|move: Electric Terrain|[from] ability: Electric Surge|[of] p1a: Tapu Koko
|-ability|p2a: Weavile|Pressure
|turn|1
|
|t:|1663550942
|switch|p2a: Landorus|Landorus-Therian, M|100/100
|-ability|p2a: Landorus|Intimidate|boost
|-unboost|p1a: Tapu Koko|atk|1
|move|p1a: Tapu Koko|Dazzling Gleam|p2a: Landorus
|-damage|p2a: Landorus|60/100
|
|-heal|p2a: Landorus|66/100|[from] item: Leftovers
|upkeep
|turn|2
|
|t:|1663550950
|switch|p1a: Rotom|Rotom-Wash|100/100
|switch|p2a: Volcanion|Volcanion|100/100
|
|upkeep
|turn|3
|
|t:|1663550962
|switch|p2a: Landorus|Landorus-Therian, M|66/100
|-ability|p2a: Landorus|Intimidate|boost
|-unboost|p1a: Rotom|atk|1
|move|p1a: Rotom|Volt Switch|p2a: Landorus
|-immune|p2a: Landorus
|
|-heal|p2a: Landorus|72/100|[from] item: Leftovers
|upkeep
|turn|4
|
|t:|1663550971
|move|p1a: Rotom|Will-O-Wisp|p2a: Landorus
|-status|p2a: Landorus|brn
|move|p2a: Landorus|Toxic|p1a: Rotom
|-status|p1a: Rotom|tox
|
|-heal|p2a: Landorus|78/100 brn|[from] item: Leftovers
|-damage|p1a: Rotom|95/100 tox|[from] psn
|-damage|p2a: Landorus|72/100 brn|[from] brn
|upkeep
|turn|5
|
|t:|1663550977
|switch|p2a: Volcanion|Volcanion|100/100
|move|p1a: Rotom|Hydro Pump|p2a: Volcanion
|-immune|p2a: Volcanion|[from] ability: Water Absorb
|
|-heal|p1a: Rotom|100/100 tox|[from] item: Leftovers
|-damage|p1a: Rotom|89/100 tox|[from] psn
|-fieldend|move: Electric Terrain
|upkeep
|turn|6
|
|t:|1663550985
|move|p2a: Volcanion|Sludge Bomb|p1a: Rotom
|-damage|p1a: Rotom|56/100 tox
|move|p1a: Rotom|Volt Switch|p2a: Volcanion
|-supereffective|p2a: Volcanion
|-damage|p2a: Volcanion|36/100
|j| Smash Time steez
|inactive|d18l has 120 seconds left.
|l| Smash Time steez
|inactive|d18l has 90 seconds left.
|
|t:|1663551064
|switch|p1a: Tapu Koko|Tapu Koko|100/100|[from]move: Volt Switch
|-fieldstart|move: Electric Terrain|[from] ability: Electric Surge|[of] p1a: Tapu Koko
|
|upkeep
|turn|7
|
|t:|1663551070
|switch|p2a: Melmetal|Melmetal|100/100
|move|p1a: Tapu Koko|Volt Switch|p2a: Melmetal
|-damage|p2a: Melmetal|69/100
|
|t:|1663551075
|switch|p1a: Victini|Victini|100/100|[from]move: Volt Switch
|
|upkeep
|turn|8
|inactive|d18l has 90 seconds left.
|
|t:|1663551109
|switch|p2a: Zapdos|Zapdos|100/100
|-ability|p2a: Zapdos|Pressure
|move|p1a: Victini|V-create|p2a: Zapdos
|-damage|p2a: Zapdos|37/100
|-unboost|p1a: Victini|spe|1
|-unboost|p1a: Victini|def|1
|-unboost|p1a: Victini|spd|1
|
|upkeep
|turn|9
|j| Saorihhhhhhh
|l| Saorihhhhhhh
|
|t:|1663551117
|switch|p1a: Tapu Koko|Tapu Koko|100/100
|move|p2a: Zapdos|Roost|p2a: Zapdos
|-heal|p2a: Zapdos|87/100
|-singleturn|p2a: Zapdos|move: Roost
|
|upkeep
|turn|10
|
|t:|1663551122
|switch|p2a: Landorus|Landorus-Therian, M|72/100 brn
|-ability|p2a: Landorus|Intimidate|boost
|-unboost|p1a: Tapu Koko|atk|1
|move|p1a: Tapu Koko|Thunderbolt|p2a: Landorus
|-immune|p2a: Landorus
|
|-heal|p2a: Landorus|78/100 brn|[from] item: Leftovers
|-damage|p2a: Landorus|72/100 brn|[from] brn
|-fieldend|move: Electric Terrain
|upkeep
|turn|11
|
|t:|1663551133
|switch|p1a: Landorus|Landorus-Therian, M|100/100
|-ability|p1a: Landorus|Intimidate|boost
|-unboost|p2a: Landorus|atk|1
|move|p2a: Landorus|U-turn|p1a: Landorus
|-resisted|p1a: Landorus
|-damage|p1a: Landorus|97/100
|
|t:|1663551135
|switch|p2a: Volcanion|Volcanion|36/100|[from]move: U-turn
|
|-heal|p1a: Landorus|100/100|[from] item: Leftovers
|upkeep
|turn|12
|
|t:|1663551140
|move|p1a: Landorus|Earthquake|p2a: Volcanion
|-supereffective|p2a: Volcanion
|-damage|p2a: Volcanion|0 fnt
|faint|p2a: Volcanion
|
|upkeep
|
|t:|1663551143
|switch|p2a: Weavile|Weavile, M|100/100
|-ability|p2a: Weavile|Pressure
|turn|13
|
|t:|1663551146
|switch|p1a: Ferrothorn|Ferrothorn, M|100/100
|move|p2a: Weavile|Swords Dance|p2a: Weavile
|-boost|p2a: Weavile|atk|2
|
|upkeep
|turn|14
|
|t:|1663551150
|move|p2a: Weavile|Triple Axel|p1a: Ferrothorn
|-damage|p1a: Ferrothorn|88/100
|-damage|p2a: Weavile|88/100|[from] ability: Iron Barbs|[of] p1a: Ferrothorn
|-damage|p2a: Weavile|72/100|[from] item: Rocky Helmet|[of] p1a: Ferrothorn
|-damage|p1a: Ferrothorn|63/100
|-damage|p2a: Weavile|59/100|[from] ability: Iron Barbs|[of] p1a: Ferrothorn
|-damage|p2a: Weavile|43/100|[from] item: Rocky Helmet|[of] p1a: Ferrothorn
|-damage|p1a: Ferrothorn|28/100
|-damage|p2a: Weavile|30/100|[from] ability: Iron Barbs|[of] p1a: Ferrothorn
|-damage|p2a: Weavile|14/100|[from] item: Rocky Helmet|[of] p1a: Ferrothorn
|-hitcount|p1a: Ferrothorn|3
|move|p1a: Ferrothorn|Body Press|p2a: Weavile
|-supereffective|p2a: Weavile
|-damage|p2a: Weavile|0 fnt
|faint|p2a: Weavile
|
|upkeep
|
|t:|1663551166
|switch|p2a: Zapdos|Zapdos|87/100
|-ability|p2a: Zapdos|Pressure
|turn|15
|inactive|d18l has 120 seconds left.
|
|t:|1663551185
|switch|p1a: Tapu Koko|Tapu Koko|100/100
|-fieldstart|move: Electric Terrain|[from] ability: Electric Surge|[of] p1a: Tapu Koko
|move|p2a: Zapdos|Hurricane|p1a: Tapu Koko|[miss]
|-miss|p2a: Zapdos|p1a: Tapu Koko
|
|upkeep
|turn|16
|
|t:|1663551192
|move|p1a: Tapu Koko|Thunderbolt|p2a: Zapdos
|-crit|p2a: Zapdos
|-damage|p2a: Zapdos|0 fnt
|faint|p2a: Zapdos
|
|upkeep
|-message|2(H2O)-Alt forfeited.
|
|win|d18l
|raw|d18l's rating: 1773 &rarr; <strong>1790</strong><br />(+17 for winning)
|raw|2(H2O)-Alt's rating: 1726 &rarr; <strong>1709</strong><br />(-17 for losing)
|l|☆2(H2O)-Alt
||Ladder isn't responding, score probably updated but might not have (Request timeout).
|j| Vosy
