|j|☆legitteambuilder
|j|☆sword and sht
|t:|1609029758
|player|p1|legitteambuilder|lance|1780
|player|p2|sword and sht|oak-gen1|1881
|teamsize|p1|6
|teamsize|p2|6
|gametype|singles
|gen|8
|tier|[Gen 8] OU
|rated|
|clearpoke
|poke|p1|Azumarill, M|
|poke|p1|Regieleki|
|poke|p1|Buzzwole|
|poke|p1|Spectrier|
|poke|p1|Landorus-Therian, M|
|poke|p1|Kartana|
|poke|p2|Pelipper, F|
|poke|p2|Kingdra, F|
|poke|p2|Crawdaunt, F|
|poke|p2|Scizor, M|
|poke|p2|Ferrothorn, F|
|poke|p2|Thundurus-Therian, M|
|rule|Sleep Clause Mod: Limit one foe put to sleep
|rule|Species Clause: Limit one of each Pokémon
|rule|OHKO Clause: OHKO moves are banned
|rule|Evasion Moves Clause: Evasion moves are banned
|rule|Endless Battle Clause: Forcing endless battles is banned
|rule|HP Percentage Mod: HP is shown in percentages
|rule|Dynamax Clause: You cannot dynamax
|teampreview
|
|t:|1609029777
|start
|switch|p1a: Electro kid|Regieleki|100/100
|switch|p2a: Pelipper|Pelipper, F|100/100
|-weather|RainDance|[from] ability: Drizzle|[of] p2a: Pelipper
|turn|1
|j| fantastone
|
|t:|1609029785
|switch|p2a: Ferrothorn|Ferrothorn, F|100/100
|move|p1a: Electro kid|Light Screen|p1a: Electro kid
|-sidestart|p1: legitteambuilder|move: Light Screen
|
|-weather|RainDance|[upkeep]
|upkeep
|turn|2
|
|t:|1609029787
|move|p1a: Electro kid|Volt Switch|p2a: Ferrothorn
|-resisted|p2a: Ferrothorn
|-damage|p2a: Ferrothorn|85/100
|
|t:|1609029790
|switch|p1a: NBAYB listener|Buzzwole|100/100|[from]move: Volt Switch
|move|p2a: Ferrothorn|Knock Off|p1a: NBAYB listener
|-resisted|p1a: NBAYB listener
|-damage|p1a: NBAYB listener|94/100
|-enditem|p1a: NBAYB listener|Leftovers|[from] move: Knock Off|[of] p2a: Ferrothorn
|
|-weather|RainDance|[upkeep]
|upkeep
|turn|3
|
|t:|1609029794
|move|p1a: NBAYB listener|Bulk Up|p1a: NBAYB listener
|-boost|p1a: NBAYB listener|atk|1
|-boost|p1a: NBAYB listener|def|1
|move|p2a: Ferrothorn|Stealth Rock|p1a: NBAYB listener
|-sidestart|p1: legitteambuilder|move: Stealth Rock
|
|-weather|RainDance|[upkeep]
|upkeep
|turn|4
|
|t:|1609029801
|move|p1a: NBAYB listener|Drain Punch|p2a: Ferrothorn
|-supereffective|p2a: Ferrothorn
|-enditem|p2a: Ferrothorn|Chople Berry|[eat]
|-enditem|p2a: Ferrothorn|Chople Berry|[weaken]
|-damage|p2a: Ferrothorn|38/100
|-heal|p1a: NBAYB listener|100/100|[from] drain|[of] p2a: Ferrothorn
|-damage|p1a: NBAYB listener|88/100|[from] ability: Iron Barbs|[of] p2a: Ferrothorn
|move|p2a: Ferrothorn|Toxic|p1a: NBAYB listener
|-status|p1a: NBAYB listener|tox
|
|-weather|RainDance|[upkeep]
|-damage|p1a: NBAYB listener|82/100 tox|[from] psn
|upkeep
|turn|5
|
|t:|1609029806
|switch|p2a: Pelipper|Pelipper, F|100/100
|move|p1a: NBAYB listener|Drain Punch|p2a: Pelipper
|-resisted|p2a: Pelipper
|-damage|p2a: Pelipper|77/100
|-heal|p1a: NBAYB listener|91/100 tox|[from] drain|[of] p2a: Pelipper
|
|-weather|RainDance|[upkeep]
|-damage|p1a: NBAYB listener|79/100 tox|[from] psn
|upkeep
|turn|6
|
|t:|1609029808
|switch|p2a: Ferrothorn|Ferrothorn, F|38/100
|move|p1a: NBAYB listener|Stone Edge|p2a: Ferrothorn
|-resisted|p2a: Ferrothorn
|-damage|p2a: Ferrothorn|15/100
|
|-weather|RainDance|[upkeep]
|-damage|p1a: NBAYB listener|60/100 tox|[from] psn
|upkeep
|turn|7
|
|t:|1609029810
|move|p1a: NBAYB listener|Drain Punch|p2a: Ferrothorn
|-supereffective|p2a: Ferrothorn
|-damage|p2a: Ferrothorn|0 fnt
|-heal|p1a: NBAYB listener|66/100 tox|[from] drain|[of] p2a: Ferrothorn
|-damage|p1a: NBAYB listener|54/100 tox|[from] ability: Iron Barbs|[of] p2a: Ferrothorn
|faint|p2a: Ferrothorn
|-ability|p1a: NBAYB listener|Beast Boost|boost
|-boost|p1a: NBAYB listener|atk|1
|
|-weather|RainDance|[upkeep]
|-damage|p1a: NBAYB listener|29/100 tox|[from] psn
|upkeep
|
|t:|1609029818
|switch|p2a: Kingdra|Kingdra, F|100/100
|turn|8
|j| Shellnuts
|
|t:|1609029823
|move|p2a: Kingdra|Surf|p1a: NBAYB listener
|-damage|p1a: NBAYB listener|0 fnt
|faint|p1a: NBAYB listener
|
|-weather|none
|-sideend|p1: legitteambuilder|move: Light Screen
|upkeep
|j| Vessev
|l| Shellnuts
|
|t:|1609029856
|switch|p1a: Prince|Spectrier|100/100
|-damage|p1a: Prince|88/100|[from] Stealth Rock
|turn|9
|
|t:|1609029860
|switch|p2a: Scizor|Scizor, M|100/100
|move|p1a: Prince|Substitute|p1a: Prince
|-start|p1a: Prince|Substitute
|-damage|p1a: Prince|63/100
|
|-heal|p1a: Prince|69/100|[from] item: Leftovers
|upkeep
|turn|10
|
|t:|1609029866
|move|p2a: Scizor|Bullet Punch|p1a: Prince
|-end|p1a: Prince|Substitute
|move|p1a: Prince|Will-O-Wisp|p2a: Scizor
|-status|p2a: Scizor|brn
|
|-heal|p1a: Prince|75/100|[from] item: Leftovers
|-damage|p2a: Scizor|94/100 brn|[from] brn
|upkeep
|turn|11
|
|t:|1609029873
|switch|p1a: Electro kid|Regieleki|100/100
|-damage|p1a: Electro kid|88/100|[from] Stealth Rock
|move|p2a: Scizor|Bullet Punch|p1a: Electro kid
|-resisted|p1a: Electro kid
|-damage|p1a: Electro kid|70/100
|
|-damage|p2a: Scizor|88/100 brn|[from] brn
|upkeep
|turn|12
|
|t:|1609029878
|move|p1a: Electro kid|Light Screen|p1a: Electro kid
|-sidestart|p1: legitteambuilder|move: Light Screen
|move|p2a: Scizor|U-turn|p1a: Electro kid
|-damage|p1a: Electro kid|29/100
|
|t:|1609029882
|switch|p2a: Crawdaunt|Crawdaunt, F|100/100|[from]move: U-turn
|
|upkeep
|turn|13
|j| Kpeys
|
|t:|1609029891
|move|p2a: Crawdaunt|Aqua Jet|p1a: Electro kid
|-damage|p1a: Electro kid|0 fnt
|faint|p1a: Electro kid
|
|upkeep
|j| Boi 240
|
|t:|1609029893
|switch|p1a: it's ova|Kartana, shiny|100/100
|-damage|p1a: it's ova|94/100|[from] Stealth Rock
|turn|14
|
|t:|1609029899
|switch|p2a: Pelipper|Pelipper, F|77/100
|-weather|RainDance|[from] ability: Drizzle|[of] p2a: Pelipper
|move|p1a: it's ova|Swords Dance|p1a: it's ova
|-boost|p1a: it's ova|atk|2
|
|-weather|RainDance|[upkeep]
|upkeep
|turn|15
|j| Plsbez
|
|t:|1609029904
|switch|p2a: Scizor|Scizor, M|88/100 brn
|move|p1a: it's ova|Leaf Blade|p2a: Scizor
|-resisted|p2a: Scizor
|-damage|p2a: Scizor|64/100 brn
|
|-weather|RainDance|[upkeep]
|-damage|p2a: Scizor|58/100 brn|[from] brn
|upkeep
|turn|16
|
|t:|1609029907
|move|p1a: it's ova|Knock Off|p2a: Scizor
|-damage|p2a: Scizor|0 fnt
|-enditem|p2a: Scizor|Heavy-Duty Boots|[from] move: Knock Off|[of] p1a: it's ova
|faint|p2a: Scizor
|-ability|p1a: it's ova|Beast Boost|boost
|-boost|p1a: it's ova|spe|1
|
|-weather|RainDance|[upkeep]
|upkeep
|
|t:|1609029909
|switch|p2a: Kingdra|Kingdra, F|100/100
|turn|17
|
|t:|1609029915
|move|p2a: Kingdra|Hurricane|p1a: it's ova
|-damage|p1a: it's ova|46/100
|-start|p1a: it's ova|confusion
|-activate|p1a: it's ova|confusion
|move|p1a: it's ova|Leaf Blade|p2a: Kingdra
|-damage|p2a: Kingdra|0 fnt
|faint|p2a: Kingdra
|-ability|p1a: it's ova|Beast Boost|boost
|-boost|p1a: it's ova|spe|1
|
|-weather|RainDance|[upkeep]
|upkeep
|j| Shellnuts
|
|t:|1609029919
|switch|p2a: Thundurus|Thundurus-Therian, M|100/100
|turn|18
|j| Congwuyu
|
|t:|1609029923
|-activate|p1a: it's ova|confusion
|move|p1a: it's ova|Knock Off|p2a: Thundurus
|-damage|p2a: Thundurus|0 fnt
|-enditem|p2a: Thundurus|Heavy-Duty Boots|[from] move: Knock Off|[of] p1a: it's ova
|faint|p2a: Thundurus
|-ability|p1a: it's ova|Beast Boost|boost
|-boost|p1a: it's ova|spe|1
|
|-weather|RainDance|[upkeep]
|upkeep
|j| purevideo
|c|☆legitteambuilder|gg
|-message|sword and sht forfeited.
|
|win|legitteambuilder
|l|☆sword and sht
|l|☆legitteambuilder
|l| purevideo
|raw|legitteambuilder's rating: 1780 &rarr; <strong>1806</strong><br />(+26 for winning)
|raw|sword and sht's rating: 1881 &rarr; <strong>1855</strong><br />(-26 for losing)
|l| Shellnuts
|l| Kpeys
|l| Plsbez
|l| Congwuyu
