|j|☆goran el draco
|j|☆minimax_ai
|t:|1663827841
|gametype|singles
|player|p1|goran el draco|harlequin|1568
|player|p2|minimax_ai|lusamine-nihilego|1523
|teamsize|p1|6
|teamsize|p2|6
|gen|8
|tier|[Gen 8] OU
|rated|
|rule|Sleep Clause Mod: Limit one foe put to sleep
|rule|Species Clause: Limit one of each Pokémon
|rule|OHKO Clause: OHKO moves are banned
|rule|Evasion Items Clause: Evasion items are banned
|rule|Evasion Moves Clause: Evasion moves are banned
|rule|Endless Battle Clause: Forcing endless battles is banned
|rule|HP Percentage Mod: HP is shown in percentages
|rule|Dynamax Clause: You cannot dynamax
|clearpoke
|poke|p1|Urshifu-*, F|
|poke|p1|Barraskewda, F|
|poke|p1|Tapu Lele|
|poke|p1|Kartana|
|poke|p1|Landorus-Therian, M|
|poke|p1|Volcarona, F|
|poke|p2|Rotom-Wash|
|poke|p2|Weavile, F|
|poke|p2|Landorus-Therian, M|
|poke|p2|Heatran, M|
|poke|p2|Tangrowth, M|
|poke|p2|Melmetal|
|teampreview
|inactive|Battle timer is ON: inactive players will automatically lose when time's up. (requested by goran el draco)
|c|☆minimax_ai|hf
|inactive|minimax_ai also wants the timer to be on.
|
|t:|1663827846
|start
|switch|p1a: Tapu Lele|Tapu Lele|100/100
|switch|p2a: landorustherian|Landorus-Therian, M|100/100
|-fieldstart|move: Psychic Terrain|[from] ability: Psychic Surge|[of] p1a: Tapu Lele
|-ability|p2a: landorustherian|Intimidate|boost
|-unboost|p1a: Tapu Lele|atk|1
|turn|1
|
|t:|1663827850
|move|p1a: Tapu Lele|Future Sight|p2a: landorustherian
|-start|p1a: Tapu Lele|move: Future Sight
|move|p2a: landorustherian|Earthquake|p1a: Tapu Lele
|-damage|p1a: Tapu Lele|33/100
|
|upkeep
|turn|2
|
|t:|1663827855
|switch|p1a: Landorus|Landorus-Therian, M|100/100
|-ability|p1a: Landorus|Intimidate|boost
|-unboost|p2a: landorustherian|atk|1
|move|p2a: landorustherian|Earthquake|p1a: Landorus
|-immune|p1a: Landorus
|
|upkeep
|turn|3
|
|t:|1663827857
|move|p2a: landorustherian|U-turn|p1a: Landorus
|-resisted|p1a: Landorus
|-damage|p1a: Landorus|93/100
|-damage|p2a: landorustherian|84/100|[from] item: Rocky Helmet|[of] p1a: Landorus
|
|t:|1663827857
|switch|p2a: Heatran|Heatran, M|100/100|[from]move: U-turn
|-item|p2a: Heatran|Air Balloon
|move|p1a: Landorus|Stealth Rock|p2a: Heatran
|-sidestart|p2: minimax_ai|move: Stealth Rock
|
|-end|p2a: Heatran|move: Future Sight
|-resisted|p2a: Heatran
|-damage|p2a: Heatran|59/100
|-enditem|p2a: Heatran|Air Balloon
|upkeep
|turn|4
|
|t:|1663827860
|switch|p2a: Tangrowth|Tangrowth, M|100/100
|-damage|p2a: Tangrowth|88/100|[from] Stealth Rock
|move|p1a: Landorus|U-turn|p2a: Tangrowth
|-supereffective|p2a: Tangrowth
|-damage|p2a: Tangrowth|65/100
|-damage|p1a: Landorus|77/100|[from] item: Rocky Helmet|[of] p2a: Tangrowth
|j| TheShyGuyKing
|
|t:|1663827864
|switch|p1a: Tapu Lele|Tapu Lele|33/100|[from]move: U-turn
|
|upkeep
|turn|5
|
|t:|1663827865
|switch|p2a: Melmetal|Melmetal|100/100
|-damage|p2a: Melmetal|94/100|[from] Stealth Rock
|move|p1a: Tapu Lele|Future Sight|p2a: Melmetal
|-start|p1a: Tapu Lele|move: Future Sight
|
|-fieldend|move: Psychic Terrain
|upkeep
|turn|6
|
|t:|1663827868
|move|p1a: Tapu Lele|Focus Blast|p2a: Melmetal
|-supereffective|p2a: Melmetal
|-damage|p2a: Melmetal|44/100
|-unboost|p2a: Melmetal|spd|1
|move|p2a: Melmetal|Thunder Punch|p1a: Tapu Lele
|-damage|p1a: Tapu Lele|0 fnt
|faint|p1a: Tapu Lele
|
|upkeep
|
|t:|1663827875
|switch|p1a: Urshifu|Urshifu-Rapid-Strike, F|100/100
|turn|7
|
|t:|1663827877
|move|p1a: Urshifu|Close Combat|p2a: Melmetal
|-supereffective|p2a: Melmetal
|-damage|p2a: Melmetal|0 fnt
|-unboost|p1a: Urshifu|def|1
|-unboost|p1a: Urshifu|spd|1
|faint|p2a: Melmetal
|
|-hint|Future Sight did not hit because the target is fainted.
|upkeep
|
|t:|1663827877
|switch|p2a: landorustherian|Landorus-Therian, M|84/100
|-damage|p2a: landorustherian|72/100|[from] Stealth Rock
|-ability|p2a: landorustherian|Intimidate|boost
|-unboost|p1a: Urshifu|atk|1
|turn|8
|
|t:|1663827881
|switch|p1a: Landorus|Landorus-Therian, M|77/100
|-ability|p1a: Landorus|Intimidate|boost
|-unboost|p2a: landorustherian|atk|1
|move|p2a: landorustherian|Defog|p1a: Landorus
|-unboost|p1a: Landorus|evasion|1
|-sideend|p2: minimax_ai|Stealth Rock|[from] move: Defog|[of] p2a: landorustherian
|
|-heal|p2a: landorustherian|78/100|[from] item: Leftovers
|upkeep
|turn|9
|
|t:|1663827883
|move|p2a: landorustherian|Toxic|p1a: Landorus
|-status|p1a: Landorus|tox
|move|p1a: Landorus|Stealth Rock|p2a: landorustherian
|-sidestart|p2: minimax_ai|move: Stealth Rock
|
|-heal|p2a: landorustherian|84/100|[from] item: Leftovers
|-damage|p1a: Landorus|71/100 tox|[from] psn
|upkeep
|turn|10
|
|t:|1663827884
|move|p2a: landorustherian|Defog|p1a: Landorus
|-unboost|p1a: Landorus|evasion|1
|-sideend|p2: minimax_ai|Stealth Rock|[from] move: Defog|[of] p2a: landorustherian
|move|p1a: Landorus|U-turn|p2a: landorustherian
|-resisted|p2a: landorustherian
|-damage|p2a: landorustherian|72/100
|
|t:|1663827900
|switch|p1a: Kartana|Kartana|100/100|[from]move: U-turn
|
|-heal|p2a: landorustherian|78/100|[from] item: Leftovers
|upkeep
|turn|11
|
|t:|1663827901
|switch|p2a: Tangrowth|Tangrowth, M|99/100
|move|p1a: Kartana|Knock Off|p2a: Tangrowth
|-damage|p2a: Tangrowth|66/100
|-damage|p1a: Kartana|84/100|[from] item: Rocky Helmet|[of] p2a: Tangrowth
|-enditem|p2a: Tangrowth|Rocky Helmet|[from] move: Knock Off|[of] p1a: Kartana
|
|upkeep
|turn|12
|
|t:|1663827903
|switch|p1a: Landorus|Landorus-Therian, M|71/100 tox
|-ability|p1a: Landorus|Intimidate|boost
|-unboost|p2a: Tangrowth|atk|1
|move|p2a: Tangrowth|Knock Off|p1a: Landorus
|-damage|p1a: Landorus|57/100 tox
|-damage|p2a: Tangrowth|49/100|[from] item: Rocky Helmet|[of] p1a: Landorus
|-enditem|p1a: Landorus|Rocky Helmet|[from] move: Knock Off|[of] p2a: Tangrowth
|
|-damage|p1a: Landorus|51/100 tox|[from] psn
|upkeep
|turn|13
|
|t:|1663827905
|switch|p2a: landorustherian|Landorus-Therian, M|78/100
|-ability|p2a: landorustherian|Intimidate|boost
|-unboost|p1a: Landorus|atk|1
|move|p1a: Landorus|U-turn|p2a: landorustherian
|-resisted|p2a: landorustherian
|-damage|p2a: landorustherian|72/100
|
|t:|1663827910
|switch|p1a: Urshifu|Urshifu-Rapid-Strike, F|100/100|[from]move: U-turn
|
|-heal|p2a: landorustherian|78/100|[from] item: Leftovers
|upkeep
|turn|14
|
|t:|1663827911
|switch|p2a: Tangrowth|Tangrowth, M|82/100
|move|p1a: Urshifu|Close Combat|p2a: Tangrowth
|-damage|p2a: Tangrowth|32/100
|-unboost|p1a: Urshifu|def|1
|-unboost|p1a: Urshifu|spd|1
|
|upkeep
|turn|15
|
|t:|1663827914
|switch|p1a: Barraskewda|Barraskewda, F|100/100
|switch|p2a: landorustherian|Landorus-Therian, M|78/100
|-ability|p2a: landorustherian|Intimidate|boost
|-unboost|p1a: Barraskewda|atk|1
|
|-heal|p2a: landorustherian|84/100|[from] item: Leftovers
|upkeep
|turn|16
|
|t:|1663827916
|switch|p2a: rotomwash|Rotom-Wash|100/100
|move|p1a: Barraskewda|Flip Turn|p2a: rotomwash
|-resisted|p2a: rotomwash
|-damage|p2a: rotomwash|89/100
|
|t:|1663827918
|switch|p1a: Kartana|Kartana|84/100|[from]move: Flip Turn
|
|-heal|p2a: rotomwash|95/100|[from] item: Leftovers
|upkeep
|turn|17
|
|t:|1663827923
|switch|p2a: Tangrowth|Tangrowth, M|65/100
|move|p1a: Kartana|Leaf Blade|p2a: Tangrowth
|-resisted|p2a: Tangrowth
|-damage|p2a: Tangrowth|42/100
|
|upkeep
|turn|18
|
|t:|1663827927
|switch|p1a: Landorus|Landorus-Therian, M|51/100 tox
|-ability|p1a: Landorus|Intimidate|boost
|-unboost|p2a: Tangrowth|atk|1
|move|p2a: Tangrowth|Knock Off|p1a: Landorus
|-damage|p1a: Landorus|41/100 tox
|
|-damage|p1a: Landorus|35/100 tox|[from] psn
|upkeep
|turn|19
|
|t:|1663827930
|switch|p2a: landorustherian|Landorus-Therian, M|84/100
|-ability|p2a: landorustherian|Intimidate|boost
|-unboost|p1a: Landorus|atk|1
|move|p1a: Landorus|U-turn|p2a: landorustherian
|-resisted|p2a: landorustherian
|-damage|p2a: landorustherian|76/100
|
|t:|1663827932
|switch|p1a: Urshifu|Urshifu-Rapid-Strike, F|100/100|[from]move: U-turn
|
|-heal|p2a: landorustherian|82/100|[from] item: Leftovers
|upkeep
|turn|20
|
|t:|1663827934
|switch|p2a: Tangrowth|Tangrowth, M|75/100
|move|p1a: Urshifu|Close Combat|p2a: Tangrowth
|-damage|p2a: Tangrowth|23/100
|-unboost|p1a: Urshifu|def|1
|-unboost|p1a: Urshifu|spd|1
|
|upkeep
|turn|21
|
|t:|1663827941
|switch|p2a: landorustherian|Landorus-Therian, M|82/100
|-ability|p2a: landorustherian|Intimidate|boost
|-unboost|p1a: Urshifu|atk|1
|move|p1a: Urshifu|Close Combat|p2a: landorustherian
|-resisted|p2a: landorustherian
|-damage|p2a: landorustherian|50/100
|-unboost|p1a: Urshifu|def|1
|-unboost|p1a: Urshifu|spd|1
|
|-heal|p2a: landorustherian|56/100|[from] item: Leftovers
|upkeep
|turn|22
|
|t:|1663827943
|switch|p1a: Landorus|Landorus-Therian, M|35/100 tox
|-ability|p1a: Landorus|Intimidate|boost
|-unboost|p2a: landorustherian|atk|1
|move|p2a: landorustherian|U-turn|p1a: Landorus
|-resisted|p1a: Landorus
|-damage|p1a: Landorus|28/100 tox
|
|t:|1663827943
|switch|p2a: rotomwash|Rotom-Wash|95/100|[from]move: U-turn
|
|-heal|p2a: rotomwash|100/100|[from] item: Leftovers
|-damage|p1a: Landorus|22/100 tox|[from] psn
|upkeep
|turn|23
|
|t:|1663827952
|move|p2a: rotomwash|Hydro Pump|p1a: Landorus|[miss]
|-miss|p2a: rotomwash|p1a: Landorus
|move|p1a: Landorus|Stealth Rock|p2a: rotomwash
|-sidestart|p2: minimax_ai|move: Stealth Rock
|
|-damage|p1a: Landorus|10/100 tox|[from] psn
|upkeep
|turn|24
|
|t:|1663827954
|move|p2a: rotomwash|Hydro Pump|p1a: Landorus
|-supereffective|p1a: Landorus
|-damage|p1a: Landorus|0 fnt
|faint|p1a: Landorus
|
|upkeep
|
|t:|1663827955
|switch|p1a: Kartana|Kartana|84/100
|turn|25
|
|t:|1663827959
|switch|p2a: Tangrowth|Tangrowth, M|56/100
|-damage|p2a: Tangrowth|43/100|[from] Stealth Rock
|move|p1a: Kartana|Aerial Ace|p2a: Tangrowth
|-supereffective|p2a: Tangrowth
|-damage|p2a: Tangrowth|0 fnt
|faint|p2a: Tangrowth
|-ability|p1a: Kartana|Beast Boost|boost
|-boost|p1a: Kartana|atk|1
|
|upkeep
|
|t:|1663827959
|switch|p2a: Heatran|Heatran, M|59/100
|-damage|p2a: Heatran|46/100|[from] Stealth Rock
|turn|26
|
|t:|1663827965
|switch|p1a: Urshifu|Urshifu-Rapid-Strike, F|100/100
|switch|p2a: landorustherian|Landorus-Therian, M|56/100
|-damage|p2a: landorustherian|44/100|[from] Stealth Rock
|-ability|p2a: landorustherian|Intimidate|boost
|-unboost|p1a: Urshifu|atk|1
|
|-heal|p2a: landorustherian|50/100|[from] item: Leftovers
|upkeep
|turn|27
|
|t:|1663827968
|move|p1a: Urshifu|Surging Strikes|p2a: landorustherian
|-supereffective|p2a: landorustherian
|-crit|p2a: landorustherian
|-damage|p2a: landorustherian|0 fnt
|faint|p2a: landorustherian
|-hitcount|p2: landorustherian|1
|
|upkeep
|
|t:|1663827968
|switch|p2a: rotomwash|Rotom-Wash|100/100
|-damage|p2a: rotomwash|88/100|[from] Stealth Rock
|turn|28
|
|t:|1663827974
|move|p1a: Urshifu|Surging Strikes|p2a: rotomwash
|-resisted|p2a: rotomwash
|-crit|p2a: rotomwash
|-damage|p2a: rotomwash|72/100
|-resisted|p2a: rotomwash
|-crit|p2a: rotomwash
|-damage|p2a: rotomwash|55/100
|-resisted|p2a: rotomwash
|-crit|p2a: rotomwash
|-damage|p2a: rotomwash|37/100
|-hitcount|p2a: rotomwash|3
|move|p2a: rotomwash|Thunderbolt|p1a: Urshifu
|-supereffective|p1a: Urshifu
|-damage|p1a: Urshifu|0 fnt
|faint|p1a: Urshifu
|
|-heal|p2a: rotomwash|43/100|[from] item: Leftovers
|upkeep
|
|t:|1663827977
|switch|p1a: Kartana|Kartana|84/100
|turn|29
|
|t:|1663827981
|move|p1a: Kartana|Sacred Sword|p2a: rotomwash
|-damage|p2a: rotomwash|0 fnt
|faint|p2a: rotomwash
|-ability|p1a: Kartana|Beast Boost|boost
|-boost|p1a: Kartana|atk|1
|
|upkeep
|
|t:|1663827981
|switch|p2a: Weavile|Weavile, F|100/100
|-damage|p2a: Weavile|76/100|[from] Stealth Rock
|-ability|p2a: Weavile|Pressure
|turn|30
|
|t:|1663827983
|move|p2a: Weavile|Knock Off|p1a: Kartana
|-damage|p1a: Kartana|11/100
|-enditem|p1a: Kartana|Choice Band|[from] move: Knock Off|[of] p2a: Weavile
|move|p1a: Kartana|Sacred Sword|p2a: Weavile
|-supereffective|p2a: Weavile
|-damage|p2a: Weavile|0 fnt
|faint|p2a: Weavile
|-ability|p1a: Kartana|Beast Boost|boost
|-boost|p1a: Kartana|atk|1
|
|upkeep
|
|t:|1663827983
|switch|p2a: Heatran|Heatran, M|46/100
|-damage|p2a: Heatran|34/100|[from] Stealth Rock
|turn|31
|
|t:|1663827984
|move|p1a: Kartana|Sacred Sword|p2a: Heatran
|-supereffective|p2a: Heatran
|-damage|p2a: Heatran|0 fnt
|faint|p2a: Heatran
|
|win|goran el draco
|raw|goran el draco's rating: 1568 &rarr; <strong>1584</strong><br />(+16 for winning)
|raw|minimax_ai's rating: 1503 &rarr; <strong>1487</strong><br />(-16 for losing)
|c|☆minimax_ai|gg
|l|☆minimax_ai
