|j|☆CIJIABEI
|j|☆legitteambuilder
|t:|1652868987
|gametype|singles
|player|p1|CIJIABEI|furisodegirl-black|1617
|player|p2|legitteambuilder|lance|1588
|teamsize|p1|6
|teamsize|p2|6
|gen|8
|tier|[Gen 8] OU
|rated|
|rule|Sleep Clause Mod: Limit one foe put to sleep
|rule|Species Clause: Limit one of each Pokémon
|rule|OHKO Clause: OHKO moves are banned
|rule|Evasion Moves Clause: Evasion moves are banned
|rule|Endless Battle Clause: Forcing endless battles is banned
|rule|HP Percentage Mod: HP is shown in percentages
|rule|Dynamax Clause: You cannot dynamax
|clearpoke
|poke|p1|Torkoal, F|
|poke|p1|Venusaur, M|
|poke|p1|Landorus-Therian, M|
|poke|p1|Tapu Fini|
|poke|p1|Zeraora|
|poke|p1|Rillaboom, M|
|poke|p2|Kartana|
|poke|p2|Nidoking, M|
|poke|p2|Buzzwole|
|poke|p2|Blissey, F|
|poke|p2|Tornadus-Therian, M|
|poke|p2|Slowbro, M|
|teampreview
|inactive|Battle timer is ON: inactive players will automatically lose when time's up. (requested by CIJIABEI)
|
|t:|1652868999
|start
|switch|p1a: Landorus|Landorus-Therian, M|100/100
|switch|p2a: Nidoking|Nidoking, M|100/100
|-ability|p1a: Landorus|Intimidate|boost
|-unboost|p2a: Nidoking|atk|1
|turn|1
|
|t:|1652869009
|switch|p2a: Tornadus|Tornadus-Therian, M|100/100
|move|p1a: Landorus|Earthquake|p2a: Tornadus
|-immune|p2a: Tornadus
|
|upkeep
|turn|2
|
|t:|1652869019
|move|p2a: Tornadus|Knock Off|p1a: Landorus
|-damage|p1a: Landorus|85/100
|-enditem|p1a: Landorus|Leftovers|[from] move: Knock Off|[of] p2a: Tornadus
|move|p1a: Landorus|Stealth Rock|p2a: Tornadus
|-sidestart|p2: legitteambuilder|move: Stealth Rock
|
|upkeep
|turn|3
|
|t:|1652869025
|move|p2a: Tornadus|Defog|p1a: Landorus
|-unboost|p1a: Landorus|evasion|1
|-sideend|p2: legitteambuilder|Stealth Rock|[from] move: Defog|[of] p2a: Tornadus
|move|p1a: Landorus|Smack Down|p2a: Tornadus
|-supereffective|p2a: Tornadus
|-damage|p2a: Tornadus|63/100
|-start|p2a: Tornadus|Smack Down
|
|upkeep
|turn|4
|
|t:|1652869033
|move|p2a: Tornadus|U-turn|p1a: Landorus
|-resisted|p1a: Landorus
|-damage|p1a: Landorus|79/100
|
|t:|1652869040
|switch|p2a: Vilgax|Buzzwole, shiny|100/100|[from]move: U-turn
|move|p1a: Landorus|Toxic|p2a: Vilgax
|-status|p2a: Vilgax|tox
|
|-damage|p2a: Vilgax|94/100 tox|[from] psn
|upkeep
|turn|5
|
|t:|1652869047
|switch|p1a: Tapu Fini|Tapu Fini|100/100
|-fieldstart|move: Misty Terrain|[from] ability: Misty Surge|[of] p1a: Tapu Fini
|move|p2a: Vilgax|Ice Punch|p1a: Tapu Fini
|-resisted|p1a: Tapu Fini
|-crit|p1a: Tapu Fini
|-damage|p1a: Tapu Fini|82/100
|
|-heal|p1a: Tapu Fini|88/100|[from] item: Leftovers
|-damage|p2a: Vilgax|82/100 tox|[from] psn
|upkeep
|turn|6
|
|t:|1652869058
|switch|p2a: Blissey|Blissey, F|100/100
|move|p1a: Tapu Fini|Whirlpool|p2a: Blissey
|-damage|p2a: Blissey|96/100
|-activate|p2a: Blissey|move: Whirlpool|[of] p1a: Tapu Fini
|
|-heal|p1a: Tapu Fini|94/100|[from] item: Leftovers
|-damage|p2a: Blissey|84/100|[from] move: Whirlpool|[partiallytrapped]
|upkeep
|turn|7
|
|t:|1652869067
|move|p1a: Tapu Fini|Whirlpool|p2a: Blissey
|-damage|p2a: Blissey|79/100
|move|p2a: Blissey|Seismic Toss|p1a: Tapu Fini
|-damage|p1a: Tapu Fini|65/100
|
|-heal|p1a: Tapu Fini|71/100|[from] item: Leftovers
|-damage|p2a: Blissey|67/100|[from] move: Whirlpool|[partiallytrapped]
|upkeep
|turn|8
|
|t:|1652869076
|move|p1a: Tapu Fini|Taunt|p2a: Blissey
|-start|p2a: Blissey|move: Taunt
|cant|p2a: Blissey|move: Taunt|Stealth Rock
|
|-heal|p1a: Tapu Fini|78/100|[from] item: Leftovers
|-damage|p2a: Blissey|55/100|[from] move: Whirlpool|[partiallytrapped]
|upkeep
|turn|9
|
|t:|1652869084
|move|p1a: Tapu Fini|Nature's Madness|p2a: Blissey
|-damage|p2a: Blissey|28/100
|move|p2a: Blissey|Seismic Toss|p1a: Tapu Fini
|-damage|p1a: Tapu Fini|48/100
|
|-heal|p1a: Tapu Fini|55/100|[from] item: Leftovers
|-damage|p2a: Blissey|15/100|[from] move: Whirlpool|[partiallytrapped]
|-fieldend|Misty Terrain
|upkeep
|turn|10
|
|t:|1652869094
|move|p1a: Tapu Fini|Moonblast|p2a: Blissey
|-crit|p2a: Blissey
|-damage|p2a: Blissey|0 fnt
|faint|p2a: Blissey
|
|-heal|p1a: Tapu Fini|61/100|[from] item: Leftovers
|upkeep
|
|t:|1652869097
|switch|p2a: Kartana|Kartana|100/100
|turn|11
|j| Punyakoko
|
|t:|1652869106
|switch|p1a: Torkoal|Torkoal, F|100/100
|-weather|SunnyDay|[from] ability: Drought|[of] p1a: Torkoal
|move|p2a: Kartana|Sacred Sword|p1a: Torkoal
|-damage|p1a: Torkoal|66/100
|
|-weather|SunnyDay|[upkeep]
|upkeep
|turn|12
|j| Kapiushon4
|j| Noktuska
|j| A1000dick
|
|t:|1652869121
|switch|p2a: Slowbro|Slowbro, M|100/100
|switch|p1a: Venusaur|Venusaur, M|100/100
|
|-weather|SunnyDay|[upkeep]
|upkeep
|turn|13
|
|t:|1652869130
|move|p1a: Venusaur|Growth|p1a: Venusaur
|-boost|p1a: Venusaur|atk|2
|-boost|p1a: Venusaur|spa|2
|move|p2a: Slowbro|Future Sight|p1a: Venusaur
|-start|p2a: Slowbro|move: Future Sight
|
|-weather|SunnyDay|[upkeep]
|upkeep
|turn|14
|
|t:|1652869154
|switch|p2a: Kartana|Kartana|100/100
|move|p1a: Venusaur|Energy Ball|p2a: Kartana
|-resisted|p2a: Kartana
|-damage|p2a: Kartana|45/100
|
|-weather|SunnyDay|[upkeep]
|upkeep
|turn|15
|
|t:|1652869168
|switch|p1a: Landorus|Landorus-Therian, M|79/100
|-ability|p1a: Landorus|Intimidate|boost
|-unboost|p2a: Kartana|atk|1
|move|p2a: Kartana|Knock Off|p1a: Landorus
|-damage|p1a: Landorus|56/100
|
|-weather|SunnyDay|[upkeep]
|-end|p1a: Landorus|move: Future Sight
|-damage|p1a: Landorus|13/100
|upkeep
|turn|16
|
|t:|1652869186
|move|p2a: Kartana|Knock Off|p1a: Landorus
|-damage|p1a: Landorus|0 fnt
|faint|p1a: Landorus
|-ability|p2a: Kartana|Beast Boost|boost
|-boost|p2a: Kartana|atk|1
|
|-weather|SunnyDay|[upkeep]
|upkeep
|
|t:|1652869192
|switch|p1a: Tapu Fini|Tapu Fini|61/100
|-fieldstart|move: Misty Terrain|[from] ability: Misty Surge|[of] p1a: Tapu Fini
|turn|17
|
|t:|1652869203
|switch|p2a: Tornadus|Tornadus-Therian, M|96/100
|move|p1a: Tapu Fini|Moonblast|p2a: Tornadus
|-damage|p2a: Tornadus|66/100
|
|-weather|SunnyDay|[upkeep]
|-heal|p1a: Tapu Fini|67/100|[from] item: Leftovers
|upkeep
|turn|18
|
|t:|1652869211
|move|p2a: Tornadus|Knock Off|p1a: Tapu Fini
|-resisted|p1a: Tapu Fini
|-damage|p1a: Tapu Fini|58/100
|-enditem|p1a: Tapu Fini|Leftovers|[from] move: Knock Off|[of] p2a: Tornadus
|move|p1a: Tapu Fini|Nature's Madness|p2a: Tornadus
|-damage|p2a: Tornadus|33/100
|
|-weather|none
|upkeep
|turn|19
|inactive|legitteambuilder has 120 seconds left.
|
|t:|1652869249
|move|p2a: Tornadus|Hurricane|p1a: Tapu Fini
|-damage|p1a: Tapu Fini|32/100
|move|p1a: Tapu Fini|Whirlpool|p2a: Tornadus|[miss]
|-miss|p1a: Tapu Fini|p2a: Tornadus
|
|upkeep
|turn|20
|inactive|legitteambuilder has 120 seconds left.
|
|t:|1652869262
|move|p2a: Tornadus|U-turn|p1a: Tapu Fini
|-resisted|p1a: Tapu Fini
|-damage|p1a: Tapu Fini|26/100
|
|t:|1652869263
|switch|p2a: Slowbro|Slowbro, M|100/100|[from]move: U-turn
|move|p1a: Tapu Fini|Moonblast|p2a: Slowbro
|-damage|p2a: Slowbro|70/100
|
|upkeep
|turn|21
|
|t:|1652869271
|move|p1a: Tapu Fini|Nature's Madness|p2a: Slowbro
|-damage|p2a: Slowbro|35/100
|move|p2a: Slowbro|Future Sight|p1a: Tapu Fini
|-start|p2a: Slowbro|move: Future Sight
|
|-fieldend|Misty Terrain
|upkeep
|turn|22
|
|t:|1652869276
|move|p1a: Tapu Fini|Taunt|p2a: Slowbro
|-start|p2a: Slowbro|move: Taunt
|cant|p2a: Slowbro|move: Taunt|Slack Off
|
|upkeep
|turn|23
|
|t:|1652869286
|switch|p2a: Tornadus|Tornadus-Therian, M|67/100
|move|p1a: Tapu Fini|Moonblast|p2a: Tornadus
|-damage|p2a: Tornadus|33/100
|-unboost|p2a: Tornadus|spa|1
|
|-end|p1a: Tapu Fini|move: Future Sight
|-damage|p1a: Tapu Fini|0 fnt
|faint|p1a: Tapu Fini
|upkeep
|
|t:|1652869299
|switch|p1a: Torkoal|Torkoal, F|66/100
|-weather|SunnyDay|[from] ability: Drought|[of] p1a: Torkoal
|turn|24
|
|t:|1652869307
|move|p2a: Tornadus|U-turn|p1a: Torkoal
|-resisted|p1a: Torkoal
|-damage|p1a: Torkoal|62/100
|
|t:|1652869309
|switch|p2a: Slowbro|Slowbro, M|69/100|[from]move: U-turn
|move|p1a: Torkoal|Fire Blast|p2a: Slowbro
|-resisted|p2a: Slowbro
|-damage|p2a: Slowbro|45/100
|
|-weather|SunnyDay|[upkeep]
|upkeep
|turn|25
|
|t:|1652869317
|switch|p1a: Rillaboom|Rillaboom, M|100/100
|-fieldstart|move: Grassy Terrain|[from] ability: Grassy Surge|[of] p1a: Rillaboom
|move|p2a: Slowbro|Future Sight|p1a: Rillaboom
|-start|p2a: Slowbro|move: Future Sight
|
|-weather|SunnyDay|[upkeep]
|-heal|p2a: Slowbro|52/100|[from] Grassy Terrain
|upkeep
|turn|26
|
|t:|1652869327
|switch|p2a: Vilgax|Buzzwole, shiny|82/100 tox
|move|p1a: Rillaboom|U-turn|p2a: Vilgax
|-resisted|p2a: Vilgax
|-damage|p2a: Vilgax|70/100 tox
|
|t:|1652869334
|switch|p1a: Zeraora|Zeraora|100/100|[from]move: U-turn
|
|-weather|SunnyDay|[upkeep]
|-heal|p2a: Vilgax|76/100 tox|[from] Grassy Terrain
|-damage|p2a: Vilgax|70/100 tox|[from] psn
|upkeep
|turn|27
|
|t:|1652869351
|switch|p2a: Slowbro|Slowbro, M|85/100
|move|p1a: Zeraora|Volt Switch|p2a: Slowbro
|-supereffective|p2a: Slowbro
|-damage|p2a: Slowbro|34/100
|
|t:|1652869357
|switch|p1a: Rillaboom|Rillaboom, M|100/100|[from]move: Volt Switch
|
|-weather|SunnyDay|[upkeep]
|-end|p1a: Rillaboom|move: Future Sight
|-damage|p1a: Rillaboom|54/100
|-heal|p1a: Rillaboom|60/100|[from] Grassy Terrain
|-heal|p2a: Slowbro|40/100|[from] Grassy Terrain
|upkeep
|turn|28
|
|t:|1652869365
|move|p1a: Rillaboom|Grassy Glide|p2a: Slowbro
|-supereffective|p2a: Slowbro
|-damage|p2a: Slowbro|0 fnt
|-damage|p1a: Rillaboom|43/100|[from] item: Rocky Helmet|[of] p2a: Slowbro
|faint|p2a: Slowbro
|
|-weather|SunnyDay|[upkeep]
|-heal|p1a: Rillaboom|50/100|[from] Grassy Terrain
|upkeep
|
|t:|1652869372
|switch|p2a: Kartana|Kartana|45/100
|turn|29
|
|t:|1652869384
|move|p1a: Rillaboom|Grassy Glide|p2a: Kartana
|-resisted|p2a: Kartana
|-damage|p2a: Kartana|23/100
|move|p2a: Kartana|Knock Off|p1a: Rillaboom
|-damage|p1a: Rillaboom|0 fnt
|-enditem|p1a: Rillaboom|Choice Band|[from] move: Knock Off|[of] p2a: Kartana
|faint|p1a: Rillaboom
|-ability|p2a: Kartana|Beast Boost|boost
|-boost|p2a: Kartana|atk|1
|
|-weather|SunnyDay|[upkeep]
|-heal|p2a: Kartana|29/100|[from] Grassy Terrain
|-fieldend|move: Grassy Terrain
|upkeep
|
|t:|1652869395
|switch|p1a: Venusaur|Venusaur, M|100/100
|turn|30
|
|t:|1652869399
|switch|p2a: Vilgax|Buzzwole, shiny|70/100 tox
|move|p1a: Venusaur|Weather Ball|p2a: Vilgax
|-supereffective|p2a: Vilgax
|-damage|p2a: Vilgax|0 fnt
|faint|p2a: Vilgax
|
|-weather|SunnyDay|[upkeep]
|upkeep
|
|t:|1652869404
|switch|p2a: Tornadus|Tornadus-Therian, M|66/100
|turn|31
|
|t:|1652869410
|switch|p1a: Zeraora|Zeraora|100/100
|move|p2a: Tornadus|U-turn|p1a: Zeraora
|-damage|p1a: Zeraora|79/100
|
|t:|1652869414
|switch|p2a: Nidoking|Nidoking, M|100/100|[from]move: U-turn
|
|-weather|none
|upkeep
|turn|32
|
|t:|1652869428
|move|p1a: Zeraora|Knock Off|p2a: Nidoking
|-damage|p2a: Nidoking|40/100
|-enditem|p2a: Nidoking|Life Orb|[from] move: Knock Off|[of] p1a: Zeraora
|move|p2a: Nidoking|Ice Beam|p1a: Zeraora
|-damage|p1a: Zeraora|39/100
|
|upkeep
|turn|33
|
|t:|1652869437
|switch|p1a: Torkoal|Torkoal, F|62/100
|-weather|SunnyDay|[from] ability: Drought|[of] p1a: Torkoal
|move|p2a: Nidoking|Earth Power|p1a: Torkoal
|-supereffective|p1a: Torkoal
|-damage|p1a: Torkoal|0 fnt
|faint|p1a: Torkoal
|
|-weather|SunnyDay|[upkeep]
|upkeep
|
|t:|1652869445
|switch|p1a: Venusaur|Venusaur, M|100/100
|turn|34
|
|t:|1652869449
|move|p1a: Venusaur|Weather Ball|p2a: Nidoking
|-damage|p2a: Nidoking|0 fnt
|faint|p2a: Nidoking
|
|-weather|SunnyDay|[upkeep]
|upkeep
|
|t:|1652869462
|switch|p2a: Tornadus|Tornadus-Therian, M|99/100
|turn|35
|
|t:|1652869466
|move|p1a: Venusaur|Growth|p1a: Venusaur
|-boost|p1a: Venusaur|atk|2
|-boost|p1a: Venusaur|spa|2
|move|p2a: Tornadus|Hurricane|p1a: Venusaur|[miss]
|-miss|p2a: Tornadus|p1a: Venusaur
|
|-weather|SunnyDay|[upkeep]
|upkeep
|turn|36
|
|t:|1652869475
|move|p1a: Venusaur|Weather Ball|p2a: Tornadus
|-damage|p2a: Tornadus|9/100
|move|p2a: Tornadus|Hurricane|p1a: Venusaur
|-supereffective|p1a: Venusaur
|-enditem|p1a: Venusaur|Coba Berry|[eat]
|-enditem|p1a: Venusaur|Coba Berry|[weaken]
|-damage|p1a: Venusaur|56/100
|
|-weather|SunnyDay|[upkeep]
|upkeep
|turn|37
|c| A1000dick|LOL ice beam
|c|☆legitteambuilder|oh cool item
|inactive|legitteambuilder has 120 seconds left.
|c|☆legitteambuilder|yeah i thought hed switch to torkoal
|
|t:|1652869517
|move|p1a: Venusaur|Weather Ball|p2a: Tornadus
|-damage|p2a: Tornadus|0 fnt
|faint|p2a: Tornadus
|
|-weather|SunnyDay|[upkeep]
|upkeep
|
|t:|1652869519
|switch|p2a: Kartana|Kartana|29/100
|turn|38
|c|☆legitteambuilder|gg
|
|t:|1652869525
|move|p1a: Venusaur|Weather Ball|p2a: Kartana
|-supereffective|p2a: Kartana
|-damage|p2a: Kartana|0 fnt
|faint|p2a: Kartana
|
|win|CIJIABEI
|raw|CIJIABEI's rating: 1617 &rarr; <strong>1635</strong><br />(+18 for winning)
|raw|legitteambuilder's rating: 1588 &rarr; <strong>1570</strong><br />(-18 for losing)
|c| A1000dick|ice beam to torkoal
|c|☆legitteambuilder|yes
|c|☆legitteambuilder|to stall turns
|l| A1000dick
|l|☆legitteambuilder
