|j|☆Kaleor
|j|☆Chokst du
|t:|1653484036
|gametype|singles
|player|p1|Kaleor|swimmer-gen4dp|1696
|player|p2|Chokst du|266|1733
|teamsize|p1|6
|teamsize|p2|6
|gen|8
|tier|[Gen 8] OU
|rated|
|rule|Sleep Clause Mod: Limit one foe put to sleep
|rule|Species Clause: Limit one of each Pokémon
|rule|OHKO Clause: OHKO moves are banned
|rule|Evasion Moves Clause: Evasion moves are banned
|rule|Endless Battle Clause: Forcing endless battles is banned
|rule|HP Percentage Mod: HP is shown in percentages
|rule|Dynamax Clause: You cannot dynamax
|clearpoke
|poke|p1|Araquanid, F|
|poke|p1|Regieleki|
|poke|p1|Blacephalon|
|poke|p1|Zapdos-Galar|
|poke|p1|Dragonite, F|
|poke|p1|Tornadus, M|
|poke|p2|Dragapult, M|
|poke|p2|Rillaboom, F|
|poke|p2|Corviknight, M|
|poke|p2|Suicune|
|poke|p2|Toxapex, F|
|poke|p2|Hippowdon, F|
|teampreview
|j| 54yhbb rtr
|j| JayKist
|inactive|Battle timer is ON: inactive players will automatically lose when time's up. (requested by Chokst du)
|l| JayKist
|
|t:|1653484096
|start
|switch|p1a: Araquanid|Araquanid, F|100/100
|switch|p2a: Rillaboom|Rillaboom, F|100/100
|-fieldstart|move: Grassy Terrain|[from] ability: Grassy Surge|[of] p2a: Rillaboom
|turn|1
|
|t:|1653484100
|move|p2a: Rillaboom|Wood Hammer|p1a: Araquanid
|-enditem|p1a: Araquanid|Focus Sash
|-damage|p1a: Araquanid|1/100
|-damage|p2a: Rillaboom|74/100|[from] Recoil
|move|p1a: Araquanid|Sticky Web|p2a: Rillaboom
|-sidestart|p2: Chokst du|move: Sticky Web
|
|-heal|p2a: Rillaboom|80/100|[from] Grassy Terrain
|-heal|p1a: Araquanid|7/100|[from] Grassy Terrain
|upkeep
|turn|2
|
|t:|1653484104
|switch|p1a: Zapdos|Zapdos-Galar|100/100
|move|p2a: Rillaboom|Wood Hammer|p1a: Zapdos
|-resisted|p1a: Zapdos
|-damage|p1a: Zapdos|29/100
|-damage|p2a: Rillaboom|58/100|[from] Recoil
|
|-heal|p2a: Rillaboom|64/100|[from] Grassy Terrain
|upkeep
|turn|3
|
|t:|1653484110
|switch|p2a: Toxapex|Toxapex, F|100/100
|-activate|p2a: Toxapex|move: Sticky Web
|-unboost|p2a: Toxapex|spe|1
|move|p1a: Zapdos|U-turn|p2a: Toxapex
|-resisted|p2a: Toxapex
|-crit|p2a: Toxapex
|-damage|p2a: Toxapex|84/100
|
|t:|1653484113
|switch|p1a: Regieleki|Regieleki|100/100|[from]move: U-turn
|
|-heal|p2a: Toxapex|90/100|[from] Grassy Terrain
|upkeep
|turn|4
|
|t:|1653484126
|switch|p1a: Zapdos|Zapdos-Galar|29/100
|switch|p2a: Hippowdon|Hippowdon, F|100/100
|-activate|p2a: Hippowdon|move: Sticky Web
|-unboost|p2a: Hippowdon|spe|1
|-weather|Sandstorm|[from] ability: Sand Stream|[of] p2a: Hippowdon
|
|-weather|Sandstorm|[upkeep]
|-damage|p1a: Zapdos|23/100|[from] Sandstorm
|upkeep
|turn|5
|
|t:|1653484132
|move|p1a: Zapdos|Acrobatics|p2a: Hippowdon
|-damage|p2a: Hippowdon|73/100
|move|p2a: Hippowdon|Stealth Rock|p1a: Zapdos
|-sidestart|p1: Kaleor|move: Stealth Rock
|
|-weather|Sandstorm|[upkeep]
|-damage|p1a: Zapdos|17/100|[from] Sandstorm
|-heal|p2a: Hippowdon|79/100|[from] Grassy Terrain
|-heal|p2a: Hippowdon|85/100|[from] item: Leftovers
|-fieldend|move: Grassy Terrain
|upkeep
|turn|6
|
|t:|1653484138
|move|p1a: Zapdos|Acrobatics|p2a: Hippowdon
|-damage|p2a: Hippowdon|58/100
|move|p2a: Hippowdon|Slack Off|p2a: Hippowdon
|-heal|p2a: Hippowdon|100/100
|
|-weather|Sandstorm|[upkeep]
|-damage|p1a: Zapdos|11/100|[from] Sandstorm
|upkeep
|turn|7
|
|t:|1653484145
|switch|p1a: Tornadus|Tornadus, M|100/100
|-damage|p1a: Tornadus|76/100|[from] Stealth Rock
|move|p2a: Hippowdon|Whirlwind|p1a: Tornadus
|drag|p1a: Dragonite|Dragonite, F|100/100
|
|-weather|Sandstorm|[upkeep]
|-damage|p1a: Dragonite|94/100|[from] Sandstorm
|upkeep
|turn|8
|
|t:|1653484149
|move|p1a: Dragonite|Ice Punch|p2a: Hippowdon
|-supereffective|p2a: Hippowdon
|-damage|p2a: Hippowdon|62/100
|move|p2a: Hippowdon|Whirlwind|p1a: Dragonite
|drag|p1a: Araquanid|Araquanid, F|7/100
|-damage|p1a: Araquanid|0 fnt|[from] Stealth Rock
|faint|p1a: Araquanid
|
|-weather|none
|-heal|p2a: Hippowdon|69/100|[from] item: Leftovers
|upkeep
|
|t:|1653484157
|switch|p1a: Blacephalon|Blacephalon|100/100
|-damage|p1a: Blacephalon|76/100|[from] Stealth Rock
|turn|9
|j| angrrry
|
|t:|1653484161
|move|p1a: Blacephalon|Overheat|p2a: Hippowdon
|-damage|p2a: Hippowdon|16/100
|-unboost|p1a: Blacephalon|spa|2
|move|p2a: Hippowdon|High Horsepower|p1a: Blacephalon
|-supereffective|p1a: Blacephalon
|-damage|p1a: Blacephalon|0 fnt
|faint|p1a: Blacephalon
|
|-heal|p2a: Hippowdon|22/100|[from] item: Leftovers
|upkeep
|
|t:|1653484173
|switch|p1a: Dragonite|Dragonite, F|94/100
|turn|10
|
|t:|1653484179
|switch|p2a: Corviknight|Corviknight, M|100/100
|-ability|p2a: Corviknight|Pressure
|move|p1a: Dragonite|Ice Punch|p2a: Corviknight
|-damage|p2a: Corviknight|84/100
|
|-heal|p2a: Corviknight|90/100|[from] item: Leftovers
|upkeep
|turn|11
|
|t:|1653484184
|switch|p1a: Tornadus|Tornadus, M|76/100
|-damage|p1a: Tornadus|51/100|[from] Stealth Rock
|move|p2a: Corviknight|Iron Defense|p2a: Corviknight
|-boost|p2a: Corviknight|def|2
|
|-heal|p2a: Corviknight|97/100|[from] item: Leftovers
|upkeep
|turn|12
|
|t:|1653484189
|move|p1a: Tornadus|Taunt|p2a: Corviknight
|-start|p2a: Corviknight|move: Taunt
|move|p2a: Corviknight|Body Press|p1a: Tornadus
|-resisted|p1a: Tornadus
|-damage|p1a: Tornadus|15/100
|
|-heal|p2a: Corviknight|100/100|[from] item: Leftovers
|upkeep
|turn|13
|
|t:|1653484197
|move|p1a: Tornadus|U-turn|p2a: Corviknight
|-resisted|p2a: Corviknight
|-damage|p2a: Corviknight|99/100
|
|t:|1653484199
|switch|p1a: Dragonite|Dragonite, F|94/100|[from]move: U-turn
|move|p2a: Corviknight|Body Press|p1a: Dragonite
|-resisted|p1a: Dragonite
|-damage|p1a: Dragonite|65/100
|
|-heal|p2a: Corviknight|100/100|[from] item: Leftovers
|upkeep
|turn|14
|
|t:|1653484201
|move|p1a: Dragonite|Roost|p1a: Dragonite
|-heal|p1a: Dragonite|100/100
|-singleturn|p1a: Dragonite|move: Roost
|move|p2a: Corviknight|Body Press|p1a: Dragonite
|-damage|p1a: Dragonite|73/100
|
|-end|p2a: Corviknight|move: Taunt
|upkeep
|turn|15
|
|t:|1653484207
|switch|p1a: Tornadus|Tornadus, M|15/100
|-damage|p1a: Tornadus|0 fnt|[from] Stealth Rock
|faint|p1a: Tornadus
|move|p2a: Corviknight|Iron Defense|p2a: Corviknight
|-boost|p2a: Corviknight|def|2
|
|upkeep
|
|t:|1653484209
|switch|p1a: Regieleki|Regieleki|100/100
|-damage|p1a: Regieleki|88/100|[from] Stealth Rock
|turn|16
|
|t:|1653484214
|switch|p2a: Hippowdon|Hippowdon, F|22/100
|-activate|p2a: Hippowdon|move: Sticky Web
|-unboost|p2a: Hippowdon|spe|1
|-weather|Sandstorm|[from] ability: Sand Stream|[of] p2a: Hippowdon
|move|p1a: Regieleki|Ancient Power|p2a: Hippowdon
|-resisted|p2a: Hippowdon
|-damage|p2a: Hippowdon|14/100
|
|-weather|Sandstorm|[upkeep]
|-damage|p1a: Regieleki|82/100|[from] Sandstorm
|-heal|p2a: Hippowdon|20/100|[from] item: Leftovers
|upkeep
|turn|17
|
|t:|1653484219
|switch|p1a: Zapdos|Zapdos-Galar|11/100
|-damage|p1a: Zapdos|0 fnt|[from] Stealth Rock
|faint|p1a: Zapdos
|move|p2a: Hippowdon|Slack Off|p2a: Hippowdon
|-heal|p2a: Hippowdon|70/100
|
|-weather|Sandstorm|[upkeep]
|-heal|p2a: Hippowdon|76/100|[from] item: Leftovers
|upkeep
|-message|Kaleor forfeited.
|
|win|Chokst du
|raw|Kaleor's rating: 1696 &rarr; <strong>1678</strong><br />(-18 for losing)
|raw|Chokst du's rating: 1733 &rarr; <strong>1751</strong><br />(+18 for winning)
|l|☆Kaleor
|l| angrrry
|l| 54yhbb rtr
|player|p2|Chokst du|266
||Ladder isn't responding, score probably updated but might not have (Request timeout).
