|j|☆ldailey19
|j|☆Kwaga
|t:|1663987218
|gametype|singles
|player|p1|ldailey19|lance|1650
|player|p2|Kwaga|ginter|1688
|teamsize|p1|6
|teamsize|p2|6
|gen|8
|tier|[Gen 8] OU
|rated|
|rule|Sleep Clause Mod: Limit one foe put to sleep
|rule|Species Clause: Limit one of each Pokémon
|rule|OHKO Clause: OHKO moves are banned
|rule|Evasion Items Clause: Evasion items are banned
|rule|Evasion Moves Clause: Evasion moves are banned
|rule|Endless Battle Clause: Forcing endless battles is banned
|rule|HP Percentage Mod: HP is shown in percentages
|rule|Dynamax Clause: You cannot dynamax
|clearpoke
|poke|p1|Magnezone|
|poke|p1|Weavile, M|
|poke|p1|Urshifu-*, F|
|poke|p1|Heatran, F|
|poke|p1|Landorus-Therian, M|
|poke|p1|Dragapult, F|
|poke|p2|Kartana|
|poke|p2|Tapu Lele|
|poke|p2|Tornadus-Therian, M|
|poke|p2|Hippowdon, F|
|poke|p2|Umbreon, F|
|poke|p2|Toxapex, M|
|teampreview
|inactive|Battle timer is ON: inactive players will automatically lose when time's up. (requested by ldailey19)
|
|t:|1663987239
|start
|switch|p1a: Landorus|Landorus-Therian, M|100/100
|switch|p2a: Tornadus|Tornadus-Therian, M, shiny|100/100
|-ability|p1a: Landorus|Intimidate|boost
|-unboost|p2a: Tornadus|atk|1
|turn|1
|
|t:|1663987242
|move|p2a: Tornadus|Knock Off|p1a: Landorus
|-damage|p1a: Landorus|91/100
|-damage|p2a: Tornadus|84/100|[from] item: Rocky Helmet|[of] p1a: Landorus
|-enditem|p1a: Landorus|Rocky Helmet|[from] move: Knock Off|[of] p2a: Tornadus
|move|p1a: Landorus|Knock Off|p2a: Tornadus
|-damage|p2a: Tornadus|53/100
|-enditem|p2a: Tornadus|Heavy-Duty Boots|[from] move: Knock Off|[of] p1a: Landorus
|
|upkeep
|turn|2
|j| sylvester34
|
|t:|1663987250
|move|p2a: Tornadus|Hurricane|p1a: Landorus|[miss]
|-miss|p2a: Tornadus|p1a: Landorus
|move|p1a: Landorus|Stealth Rock|p2a: Tornadus
|-sidestart|p2: Kwaga|move: Stealth Rock
|
|upkeep
|turn|3
|
|t:|1663987258
|switch|p1a: Magnezone|Magnezone, shiny|100/100
|move|p2a: Tornadus|Defog|p1a: Magnezone
|-unboost|p1a: Magnezone|evasion|1
|-sideend|p2: Kwaga|Stealth Rock|[from] move: Defog|[of] p2a: Tornadus
|
|upkeep
|turn|4
|
|t:|1663987261
|move|p2a: Tornadus|U-turn|p1a: Magnezone
|-resisted|p1a: Magnezone
|-damage|p1a: Magnezone|96/100
|
|t:|1663987263
|switch|p2a: Hippowdon|Hippowdon, F|100/100|[from]move: U-turn
|-weather|Sandstorm|[from] ability: Sand Stream|[of] p2a: Hippowdon
|move|p1a: Magnezone|Flash Cannon|p2a: Hippowdon
|-damage|p2a: Hippowdon|59/100
|
|-weather|Sandstorm|[upkeep]
|-heal|p2a: Hippowdon|65/100|[from] item: Leftovers
|upkeep
|turn|5
|
|t:|1663987270
|switch|p1a: Heatran|Heatran, F, shiny|100/100
|-item|p1a: Heatran|Air Balloon
|move|p2a: Hippowdon|Slack Off|p2a: Hippowdon
|-heal|p2a: Hippowdon|100/100
|
|-weather|Sandstorm|[upkeep]
|upkeep
|turn|6
|
|t:|1663987273
|switch|p2a: Toxapex|Toxapex, M|100/100
|move|p1a: Heatran|Toxic|p2a: Toxapex
|-immune|p2a: Toxapex
|
|-weather|Sandstorm|[upkeep]
|-damage|p2a: Toxapex|95/100|[from] Sandstorm
|upkeep
|turn|7
|
|t:|1663987280
|switch|p1a: Magnezone|Magnezone, shiny|96/100
|move|p2a: Toxapex|Scald|p1a: Magnezone
|-damage|p1a: Magnezone|84/100
|
|-weather|Sandstorm|[upkeep]
|-damage|p2a: Toxapex|89/100|[from] Sandstorm
|upkeep
|turn|8
|
|t:|1663987283
|switch|p2a: Hippowdon|Hippowdon, F|100/100
|move|p1a: Magnezone|Thunderbolt|p2a: Hippowdon
|-immune|p2a: Hippowdon
|
|-weather|none
|upkeep
|turn|9
|
|t:|1663987290
|switch|p1a: Landorus|Landorus-Therian, M|91/100
|-ability|p1a: Landorus|Intimidate|boost
|-unboost|p2a: Hippowdon|atk|1
|move|p2a: Hippowdon|Stealth Rock|p1a: Landorus
|-sidestart|p1: ldailey19|move: Stealth Rock
|
|upkeep
|turn|10
|
|t:|1663987294
|move|p1a: Landorus|Knock Off|p2a: Hippowdon
|-damage|p2a: Hippowdon|78/100
|-enditem|p2a: Hippowdon|Leftovers|[from] move: Knock Off|[of] p1a: Landorus
|move|p2a: Hippowdon|Toxic|p1a: Landorus
|-status|p1a: Landorus|tox
|
|-damage|p1a: Landorus|85/100 tox|[from] psn
|upkeep
|turn|11
|
|t:|1663987302
|move|p1a: Landorus|Defog|p2a: Hippowdon
|-unboost|p2a: Hippowdon|evasion|1
|-sideend|p1: ldailey19|Stealth Rock|[from] move: Defog|[of] p1a: Landorus
|move|p2a: Hippowdon|Slack Off|p2a: Hippowdon
|-heal|p2a: Hippowdon|100/100
|
|-damage|p1a: Landorus|73/100 tox|[from] psn
|upkeep
|turn|12
|
|t:|1663987321
|switch|p1a: Weavile|Weavile, M|100/100
|-ability|p1a: Weavile|Pressure
|move|p2a: Hippowdon|Stealth Rock|p1a: Weavile
|-sidestart|p1: ldailey19|move: Stealth Rock
|
|upkeep
|turn|13
|
|t:|1663987326
|switch|p2a: Umbreon|Umbreon, F|100/100
|move|p1a: Weavile|Knock Off|p2a: Umbreon
|-resisted|p2a: Umbreon
|-damage|p2a: Umbreon|78/100
|-enditem|p2a: Umbreon|Leftovers|[from] move: Knock Off|[of] p1a: Weavile
|
|upkeep
|turn|14
|
|t:|1663987336
|switch|p1a: Landorus|Landorus-Therian, M|73/100 tox
|-damage|p1a: Landorus|61/100 tox|[from] Stealth Rock
|-ability|p1a: Landorus|Intimidate|boost
|-unboost|p2a: Umbreon|atk|1
|move|p2a: Umbreon|Wish|p2a: Umbreon
|
|-damage|p1a: Landorus|55/100 tox|[from] psn
|upkeep
|turn|15
|
|t:|1663987339
|move|p1a: Landorus|Defog|p2a: Umbreon
|-unboost|p2a: Umbreon|evasion|1
|-sideend|p1: ldailey19|Stealth Rock|[from] move: Defog|[of] p1a: Landorus
|move|p2a: Umbreon|Foul Play|p1a: Landorus
|-damage|p1a: Landorus|24/100 tox
|
|-heal|p2a: Umbreon|100/100|[from] move: Wish|[wisher] Umbreon
|-damage|p1a: Landorus|12/100 tox|[from] psn
|upkeep
|turn|16
|
|t:|1663987348
|move|p1a: Landorus|Stealth Rock|p2a: Umbreon
|-sidestart|p2: Kwaga|move: Stealth Rock
|move|p2a: Umbreon|Wish|p2a: Umbreon
|
|-damage|p1a: Landorus|0 fnt|[from] psn
|faint|p1a: Landorus
|upkeep
|j| trisew
|l| trisew
|
|t:|1663987376
|switch|p1a: Magnezone|Magnezone, shiny|84/100
|turn|17
|
|t:|1663987379
|switch|p2a: Hippowdon|Hippowdon, F|100/100
|-damage|p2a: Hippowdon|94/100|[from] Stealth Rock
|-weather|Sandstorm|[from] ability: Sand Stream|[of] p2a: Hippowdon
|move|p1a: Magnezone|Flash Cannon|p2a: Hippowdon
|-damage|p2a: Hippowdon|49/100
|
|-weather|Sandstorm|[upkeep]
|-heal|p2a: Hippowdon|96/100|[from] move: Wish|[wisher] Umbreon
|upkeep
|turn|18
|
|t:|1663987397
|switch|p1a: Heatran|Heatran, F, shiny|100/100
|-item|p1a: Heatran|Air Balloon
|move|p2a: Hippowdon|Stealth Rock|p1a: Heatran
|-sidestart|p1: ldailey19|move: Stealth Rock
|
|-weather|Sandstorm|[upkeep]
|upkeep
|turn|19
|
|t:|1663987400
|switch|p2a: Toxapex|Toxapex, M|100/100
|-damage|p2a: Toxapex|88/100|[from] Stealth Rock
|move|p1a: Heatran|Earth Power|p2a: Toxapex
|-supereffective|p2a: Toxapex
|-damage|p2a: Toxapex|45/100
|
|-weather|Sandstorm|[upkeep]
|-damage|p2a: Toxapex|39/100|[from] Sandstorm
|upkeep
|turn|20
|
|t:|1663987409
|move|p1a: Heatran|Earth Power|p2a: Toxapex
|-supereffective|p2a: Toxapex
|-damage|p2a: Toxapex|0 fnt
|faint|p2a: Toxapex
|
|-weather|Sandstorm|[upkeep]
|upkeep
|
|t:|1663987417
|switch|p2a: Tornadus|Tornadus-Therian, M, shiny|86/100
|-damage|p2a: Tornadus|61/100|[from] Stealth Rock
|turn|21
|
|t:|1663987425
|switch|p1a: Magnezone|Magnezone, shiny|84/100
|-damage|p1a: Magnezone|78/100|[from] Stealth Rock
|move|p2a: Tornadus|Knock Off|p1a: Magnezone
|-damage|p1a: Magnezone|60/100
|-enditem|p1a: Magnezone|Assault Vest|[from] move: Knock Off|[of] p2a: Tornadus
|
|-weather|none
|upkeep
|turn|22
|
|t:|1663987438
|move|p2a: Tornadus|Defog|p1a: Magnezone
|-unboost|p1a: Magnezone|evasion|1
|-sideend|p1: ldailey19|Stealth Rock|[from] move: Defog|[of] p2a: Tornadus
|-sideend|p2: Kwaga|Stealth Rock|[from] move: Defog|[of] p2a: Tornadus
|move|p1a: Magnezone|Flash Cannon|p2a: Tornadus
|-damage|p2a: Tornadus|7/100
|
|upkeep
|turn|23
|
|t:|1663987453
|move|p2a: Tornadus|U-turn|p1a: Magnezone
|-resisted|p1a: Magnezone
|-damage|p1a: Magnezone|54/100
|
|t:|1663987455
|switch|p2a: Hippowdon|Hippowdon, F|96/100|[from]move: U-turn
|-weather|Sandstorm|[from] ability: Sand Stream|[of] p2a: Hippowdon
|move|p1a: Magnezone|Flash Cannon|p2a: Hippowdon
|-damage|p2a: Hippowdon|50/100
|
|-weather|Sandstorm|[upkeep]
|upkeep
|turn|24
|
|t:|1663987471
|move|p1a: Magnezone|Flash Cannon|p2a: Hippowdon
|-damage|p2a: Hippowdon|17/100
|move|p2a: Hippowdon|Slack Off|p2a: Hippowdon
|-heal|p2a: Hippowdon|67/100
|
|-weather|Sandstorm|[upkeep]
|upkeep
|turn|25
|
|t:|1663987478
|switch|p1a: Heatran|Heatran, F, shiny|100/100
|-item|p1a: Heatran|Air Balloon
|move|p2a: Hippowdon|Slack Off|p2a: Hippowdon
|-heal|p2a: Hippowdon|100/100
|
|-weather|Sandstorm|[upkeep]
|upkeep
|turn|26
|
|t:|1663987487
|switch|p2a: Tornadus|Tornadus-Therian, M, shiny|40/100
|move|p1a: Heatran|Toxic|p2a: Tornadus
|-status|p2a: Tornadus|tox
|
|-weather|Sandstorm|[upkeep]
|-damage|p2a: Tornadus|34/100 tox|[from] Sandstorm
|-damage|p2a: Tornadus|28/100 tox|[from] psn
|upkeep
|turn|27
|
|t:|1663987494
|move|p1a: Heatran|Protect|p1a: Heatran
|-singleturn|p1a: Heatran|Protect
|move|p2a: Tornadus|U-turn|p1a: Heatran
|-activate|p1a: Heatran|move: Protect
|
|-weather|none
|-damage|p2a: Tornadus|16/100 tox|[from] psn
|upkeep
|turn|28
|
|t:|1663987503
|switch|p1a: Magnezone|Magnezone, shiny|54/100
|move|p2a: Tornadus|U-turn|p1a: Magnezone
|-resisted|p1a: Magnezone
|-damage|p1a: Magnezone|47/100
|
|t:|1663987508
|switch|p2a: Tapu Lele|Tapu Lele|100/100|[from]move: U-turn
|-fieldstart|move: Psychic Terrain|[from] ability: Psychic Surge|[of] p2a: Tapu Lele
|
|upkeep
|turn|29
|j| nightsuliu
|
|t:|1663987518
|switch|p1a: Dragapult|Dragapult, F, shiny|100/100
|move|p2a: Tapu Lele|Moonblast|p1a: Dragapult
|-supereffective|p1a: Dragapult
|-enditem|p1a: Dragapult|Focus Sash
|-damage|p1a: Dragapult|1/100
|-unboost|p1a: Dragapult|spa|1
|
|upkeep
|turn|30
|j| Valifv
|
|t:|1663987530
|switch|p1a: Magnezone|Magnezone, shiny|47/100
|switch|p2a: Hippowdon|Hippowdon, F|100/100
|-weather|Sandstorm|[from] ability: Sand Stream|[of] p2a: Hippowdon
|
|-weather|Sandstorm|[upkeep]
|upkeep
|turn|31
|
|t:|1663987545
|switch|p1a: Heatran|Heatran, F, shiny|100/100
|-item|p1a: Heatran|Air Balloon
|move|p2a: Hippowdon|Stealth Rock|p1a: Heatran
|-sidestart|p1: ldailey19|move: Stealth Rock
|
|-weather|Sandstorm|[upkeep]
|upkeep
|turn|32
|
|t:|1663987554
|switch|p2a: Tornadus|Tornadus-Therian, M, shiny|49/100 tox
|move|p1a: Heatran|Toxic|p2a: Tornadus
|-fail|p2a: Tornadus|tox
|
|-weather|Sandstorm|[upkeep]
|-damage|p2a: Tornadus|43/100 tox|[from] Sandstorm
|-damage|p2a: Tornadus|37/100 tox|[from] psn
|-fieldend|move: Psychic Terrain
|upkeep
|turn|33
|
|t:|1663987559
|move|p1a: Heatran|Protect|p1a: Heatran
|-singleturn|p1a: Heatran|Protect
|move|p2a: Tornadus|U-turn|p1a: Heatran
|-activate|p1a: Heatran|move: Protect
|
|-weather|Sandstorm|[upkeep]
|-damage|p2a: Tornadus|31/100 tox|[from] Sandstorm
|-damage|p2a: Tornadus|19/100 tox|[from] psn
|upkeep
|turn|34
|
|t:|1663987571
|switch|p1a: Dragapult|Dragapult, F, shiny|1/100
|-damage|p1a: Dragapult|0 fnt|[from] Stealth Rock
|faint|p1a: Dragapult
|move|p2a: Tornadus|U-turn|p1: Dragapult|[notarget]
|-fail|p2a: Tornadus
|
|-weather|none
|-damage|p2a: Tornadus|0 fnt|[from] psn
|faint|p2a: Tornadus
|upkeep
|inactive|ldailey19 has 120 seconds left.
|
|t:|1663987602
|switch|p1a: Magnezone|Magnezone, shiny|47/100
|switch|p2a: Kartana|Kartana|100/100
|-damage|p1a: Magnezone|41/100|[from] Stealth Rock
|turn|35
|j| call the crew
|j| Mitsuki Nagisa
|inactive|ldailey19 has 120 seconds left.
|
|t:|1663987623
|switch|p1a: Urshifu|Urshifu-Rapid-Strike, F|100/100
|-damage|p1a: Urshifu|94/100|[from] Stealth Rock
|move|p2a: Kartana|Sacred Sword|p1a: Urshifu
|-damage|p1a: Urshifu|39/100
|
|upkeep
|turn|36
|
|t:|1663987646
|switch|p2a: Hippowdon|Hippowdon, F|100/100
|-weather|Sandstorm|[from] ability: Sand Stream|[of] p2a: Hippowdon
|move|p1a: Urshifu|Close Combat|p2a: Hippowdon
|-damage|p2a: Hippowdon|58/100
|-unboost|p1a: Urshifu|def|1
|-unboost|p1a: Urshifu|spd|1
|
|-weather|Sandstorm|[upkeep]
|-damage|p1a: Urshifu|33/100|[from] Sandstorm
|upkeep
|turn|37
|
|t:|1663987654
|move|p1a: Urshifu|Surging Strikes|p2a: Hippowdon
|-supereffective|p2a: Hippowdon
|-crit|p2a: Hippowdon
|-damage|p2a: Hippowdon|29/100
|-supereffective|p2a: Hippowdon
|-crit|p2a: Hippowdon
|-damage|p2a: Hippowdon|2/100
|-supereffective|p2a: Hippowdon
|-crit|p2a: Hippowdon
|-damage|p2a: Hippowdon|0 fnt
|faint|p2a: Hippowdon
|-hitcount|p2: Hippowdon|3
|
|-weather|Sandstorm|[upkeep]
|-damage|p1a: Urshifu|27/100|[from] Sandstorm
|upkeep
|
|t:|1663987656
|switch|p2a: Kartana|Kartana|100/100
|turn|38
|
|t:|1663987676
|switch|p1a: Magnezone|Magnezone, shiny|41/100
|-damage|p1a: Magnezone|35/100|[from] Stealth Rock
|move|p2a: Kartana|Sacred Sword|p1a: Magnezone
|-supereffective|p1a: Magnezone
|-damage|p1a: Magnezone|0 fnt
|faint|p1a: Magnezone
|-ability|p2a: Kartana|Beast Boost|boost
|-boost|p2a: Kartana|atk|1
|
|-weather|Sandstorm|[upkeep]
|upkeep
|inactive|ldailey19 has 90 seconds left.
|
|t:|1663987695
|switch|p1a: Weavile|Weavile, M|100/100
|-damage|p1a: Weavile|76/100|[from] Stealth Rock
|-ability|p1a: Weavile|Pressure
|turn|39
|
|t:|1663987702
|switch|p2a: Umbreon|Umbreon, F|100/100
|move|p1a: Weavile|Triple Axel|p2a: Umbreon
|-damage|p2a: Umbreon|91/100
|-damage|p2a: Umbreon|75/100
|-damage|p2a: Umbreon|49/100
|-hitcount|p2a: Umbreon|3
|
|-weather|Sandstorm|[upkeep]
|-damage|p1a: Weavile|70/100|[from] Sandstorm
|-damage|p2a: Umbreon|43/100|[from] Sandstorm
|upkeep
|turn|40
|
|t:|1663987713
|move|p1a: Weavile|Triple Axel|p2a: Umbreon
|-damage|p2a: Umbreon|35/100
|-damage|p2a: Umbreon|19/100
|-damage|p2a: Umbreon|0 fnt
|faint|p2a: Umbreon
|-hitcount|p2: Umbreon|3
|
|-weather|none
|upkeep
|
|t:|1663987715
|switch|p2a: Kartana|Kartana|100/100
|turn|41
|
|t:|1663987728
|move|p1a: Weavile|Triple Axel|p2a: Kartana
|-damage|p2a: Kartana|84/100
|-damage|p2a: Kartana|53/100
|-hitcount|p2a: Kartana|2
|move|p2a: Kartana|Sacred Sword|p1a: Weavile
|-supereffective|p1a: Weavile
|-damage|p1a: Weavile|0 fnt
|faint|p1a: Weavile
|-ability|p2a: Kartana|Beast Boost|boost
|-boost|p2a: Kartana|atk|1
|
|upkeep
|inactive|ldailey19 has 90 seconds left.
|
|t:|1663987744
|switch|p1a: Heatran|Heatran, F, shiny|100/100
|-damage|p1a: Heatran|88/100|[from] Stealth Rock
|-item|p1a: Heatran|Air Balloon
|turn|42
|
|t:|1663987748
|move|p2a: Kartana|Sacred Sword|p1a: Heatran
|-supereffective|p1a: Heatran
|-damage|p1a: Heatran|0 fnt
|-enditem|p1a: Heatran|Air Balloon
|faint|p1a: Heatran
|-ability|p2a: Kartana|Beast Boost|boost
|-boost|p2a: Kartana|atk|1
|
|upkeep
|c|☆ldailey19|gg
|c|☆Kwaga|gg
|-message|ldailey19 forfeited.
|
|win|Kwaga
|raw|ldailey19's rating: 1650 &rarr; <strong>1632</strong><br />(-18 for losing)
|raw|Kwaga's rating: 1688 &rarr; <strong>1706</strong><br />(+18 for winning)
|l|☆ldailey19
