|j|☆Yrrol
|j|☆Colonel Rivai
|t:|1650740358
|gametype|singles
|player|p1|Yrrol|102|1611
|player|p2|Colonel Rivai|265|1622
|teamsize|p1|6
|teamsize|p2|6
|gen|8
|tier|[Gen 8] OU
|rated|
|rule|Sleep Clause Mod: Limit one foe put to sleep
|rule|Species Clause: Limit one of each Pokémon
|rule|OHKO Clause: OHKO moves are banned
|rule|Evasion Moves Clause: Evasion moves are banned
|rule|Endless Battle Clause: Forcing endless battles is banned
|rule|HP Percentage Mod: HP is shown in percentages
|rule|Dynamax Clause: You cannot dynamax
|clearpoke
|poke|p1|Ditto|
|poke|p1|Vileplume, M|
|poke|p1|Tapu Fini|
|poke|p1|Moltres|
|poke|p1|Zygarde-10%|
|poke|p1|Shedinja|
|poke|p2|Hydreigon, M|
|poke|p2|Kartana|
|poke|p2|Blacephalon|
|poke|p2|Landorus-Therian, M|
|poke|p2|Melmetal|
|poke|p2|Toxapex, M|
|teampreview
|
|t:|1650740368
|start
|switch|p1a: Ditto|Ditto|100/100
|switch|p2a: Hydreigon|Hydreigon, M|100/100
|-transform|p1a: Ditto|p2a: Hydreigon|[from] ability: Imposter
|turn|1
|
|t:|1650740378
|switch|p2a: Landorus|Landorus-Therian, M|100/100
|-ability|p2a: Landorus|Intimidate|boost
|-unboost|p1a: Ditto|atk|1
|move|p1a: Ditto|U-turn|p2a: Landorus
|-resisted|p2a: Landorus
|-damage|p2a: Landorus|93/100
|
|t:|1650740389
|switch|p1a: Tapu Fini|Tapu Fini|100/100|[from]move: U-turn
|-fieldstart|move: Misty Terrain|[from] ability: Misty Surge|[of] p1a: Tapu Fini
|
|-heal|p2a: Landorus|99/100|[from] item: Leftovers
|upkeep
|turn|2
|
|t:|1650740392
|switch|p2a: Melmetal|Melmetal|100/100
|move|p1a: Tapu Fini|Hydro Pump|p2a: Melmetal
|-damage|p2a: Melmetal|77/100
|
|upkeep
|turn|3
|
|t:|1650740395
|switch|p1a: I might die|Shedinja|100/100
|switch|p2a: Toxapex|Toxapex, M|100/100
|
|upkeep
|turn|4
|
|t:|1650740399
|switch|p1a: Zygarde|Zygarde-10%|100/100
|-ability|p1a: Zygarde|Aura Break
|move|p2a: Toxapex|Knock Off|p1a: Zygarde
|-damage|p1a: Zygarde|73/100
|-enditem|p1a: Zygarde|Choice Band|[from] move: Knock Off|[of] p2a: Toxapex
|
|upkeep
|turn|5
|
|t:|1650740402
|switch|p2a: Landorus|Landorus-Therian, M|99/100
|-ability|p2a: Landorus|Intimidate|boost
|-unboost|p1a: Zygarde|atk|1
|move|p1a: Zygarde|Thousand Arrows|p2a: Landorus
|-damage|p2a: Landorus|75/100
|-start|p2a: Landorus|Smack Down
|
|-heal|p2a: Landorus|81/100|[from] item: Leftovers
|-fieldend|Misty Terrain
|upkeep
|turn|6
|
|t:|1650740405
|switch|p1a: Vileplume|Vileplume, M|100/100
|move|p2a: Landorus|Stealth Rock|p1a: Vileplume
|-sidestart|p1: Yrrol|move: Stealth Rock
|
|-heal|p2a: Landorus|87/100|[from] item: Leftovers
|upkeep
|turn|7
|
|t:|1650740410
|switch|p2a: Kartana|Kartana|100/100
|move|p1a: Vileplume|Leech Seed|p2a: Kartana
|-immune|p2a: Kartana
|
|upkeep
|turn|8
|
|t:|1650740412
|move|p2a: Kartana|Knock Off|p1a: Vileplume
|-damage|p1a: Vileplume|50/100
|-damage|p2a: Kartana|84/100|[from] item: Rocky Helmet|[of] p1a: Vileplume
|-enditem|p1a: Vileplume|Rocky Helmet|[from] move: Knock Off|[of] p2a: Kartana
|move|p1a: Vileplume|Strength Sap|p2a: Kartana
|-unboost|p2a: Kartana|atk|1
|-heal|p1a: Vileplume|100/100
|
|upkeep
|turn|9
|
|t:|1650740417
|switch|p2a: Toxapex|Toxapex, M|100/100
|switch|p1a: Moltres|Moltres|100/100
|
|upkeep
|turn|10
|
|t:|1650740436
|switch|p1a: Zygarde|Zygarde-10%|73/100
|-damage|p1a: Zygarde|67/100|[from] Stealth Rock
|-ability|p1a: Zygarde|Aura Break
|move|p2a: Toxapex|Knock Off|p1a: Zygarde
|-damage|p1a: Zygarde|48/100
|
|upkeep
|turn|11
|
|t:|1650740452
|switch|p1a: Tapu Fini|Tapu Fini|100/100
|-damage|p1a: Tapu Fini|88/100|[from] Stealth Rock
|-fieldstart|move: Misty Terrain|[from] ability: Misty Surge|[of] p1a: Tapu Fini
|switch|p2a: Landorus|Landorus-Therian, M|87/100
|-ability|p2a: Landorus|Intimidate|boost
|-unboost|p1a: Tapu Fini|atk|1
|
|-heal|p2a: Landorus|93/100|[from] item: Leftovers
|-heal|p1a: Tapu Fini|94/100|[from] item: Leftovers
|upkeep
|turn|12
|
|t:|1650740459
|switch|p2a: Toxapex|Toxapex, M|100/100
|move|p1a: Tapu Fini|Defog|p2a: Toxapex
|-unboost|p2a: Toxapex|evasion|1
|-sideend|p1: Yrrol|Stealth Rock|[from] move: Defog|[of] p1a: Tapu Fini
|-fieldend|Misty Terrain
|
|-heal|p1a: Tapu Fini|100/100|[from] item: Leftovers
|upkeep
|turn|13
|
|t:|1650740468
|switch|p1a: Zygarde|Zygarde-10%|48/100
|-ability|p1a: Zygarde|Aura Break
|switch|p2a: Landorus|Landorus-Therian, M|93/100
|-ability|p2a: Landorus|Intimidate|boost
|-unboost|p1a: Zygarde|atk|1
|
|-heal|p2a: Landorus|99/100|[from] item: Leftovers
|upkeep
|turn|14
|
|t:|1650740479
|switch|p1a: Tapu Fini|Tapu Fini|100/100
|-fieldstart|move: Misty Terrain|[from] ability: Misty Surge|[of] p1a: Tapu Fini
|move|p2a: Landorus|Stealth Rock|p1a: Tapu Fini
|-sidestart|p1: Yrrol|move: Stealth Rock
|
|-heal|p2a: Landorus|100/100|[from] item: Leftovers
|upkeep
|turn|15
|
|t:|1650740482
|move|p2a: Landorus|Earthquake|p1a: Tapu Fini
|-damage|p1a: Tapu Fini|65/100
|move|p1a: Tapu Fini|Defog|p2a: Landorus
|-unboost|p2a: Landorus|evasion|1
|-sideend|p1: Yrrol|Stealth Rock|[from] move: Defog|[of] p1a: Tapu Fini
|-fieldend|Misty Terrain
|
|-heal|p1a: Tapu Fini|71/100|[from] item: Leftovers
|upkeep
|turn|16
|
|t:|1650740485
|move|p2a: Landorus|U-turn|p1a: Tapu Fini
|-resisted|p1a: Tapu Fini
|-damage|p1a: Tapu Fini|63/100
|
|t:|1650740488
|switch|p2a: Toxapex|Toxapex, M|100/100|[from]move: U-turn
|move|p1a: Tapu Fini|Hydro Pump|p2a: Toxapex
|-resisted|p2a: Toxapex
|-damage|p2a: Toxapex|85/100
|
|-heal|p1a: Tapu Fini|69/100|[from] item: Leftovers
|upkeep
|turn|17
|
|t:|1650740494
|move|p1a: Tapu Fini|Hydro Pump|p2a: Toxapex
|-resisted|p2a: Toxapex
|-damage|p2a: Toxapex|68/100
|move|p2a: Toxapex|Toxic|p1a: Tapu Fini
|-status|p1a: Tapu Fini|tox
|
|-heal|p1a: Tapu Fini|75/100 tox|[from] item: Leftovers
|-damage|p1a: Tapu Fini|69/100 tox|[from] psn
|upkeep
|turn|18
|
|t:|1650740501
|switch|p1a: Vileplume|Vileplume, M|100/100
|move|p2a: Toxapex|Knock Off|p1a: Vileplume
|-damage|p1a: Vileplume|92/100
|
|upkeep
|turn|19
|
|t:|1650740513
|switch|p1a: Moltres|Moltres|100/100
|move|p2a: Toxapex|Knock Off|p1a: Moltres
|-damage|p1a: Moltres|85/100
|-enditem|p1a: Moltres|Heavy-Duty Boots|[from] move: Knock Off|[of] p2a: Toxapex
|
|upkeep
|turn|20
|
|t:|1650740518
|move|p1a: Moltres|Scorching Sands|p2a: Toxapex
|-supereffective|p2a: Toxapex
|-damage|p2a: Toxapex|25/100
|move|p2a: Toxapex|Toxic|p1a: Moltres
|-status|p1a: Moltres|tox
|
|-damage|p1a: Moltres|79/100 tox|[from] psn
|upkeep
|turn|21
|
|t:|1650740521
|switch|p2a: Landorus|Landorus-Therian, M|100/100
|-ability|p2a: Landorus|Intimidate|boost
|-unboost|p1a: Moltres|atk|1
|move|p1a: Moltres|Hurricane|p2a: Landorus
|-damage|p2a: Landorus|52/100
|-start|p2a: Landorus|confusion
|
|-heal|p2a: Landorus|58/100|[from] item: Leftovers
|-damage|p1a: Moltres|67/100 tox|[from] psn
|upkeep
|turn|22
|
|t:|1650740529
|switch|p2a: Hydreigon|Hydreigon, M|100/100
|move|p1a: Moltres|Burn Up|p2a: Hydreigon
|-resisted|p2a: Hydreigon
|-damage|p2a: Hydreigon|63/100
|-start|p1a: Moltres|typechange|???/Flying|[from] move: Burn Up
|
|-damage|p1a: Moltres|49/100 tox|[from] psn
|upkeep
|turn|23
|
|t:|1650740538
|move|p2a: Hydreigon|Beat Up|p1a: Moltres
|-damage|p1a: Moltres|38/100 tox
|-damage|p1a: Moltres|31/100 tox
|-damage|p1a: Moltres|17/100 tox
|-damage|p1a: Moltres|3/100 tox
|-damage|p1a: Moltres|0 fnt
|faint|p1a: Moltres
|-hitcount|p1: Moltres|5
|
|upkeep
|j| ppev
|
|t:|1650740548
|switch|p1a: Ditto|Ditto|100/100
|-transform|p1a: Ditto|p2a: Hydreigon|[from] ability: Imposter
|turn|24
|
|t:|1650740554
|move|p1a: Ditto|U-turn|p2a: Hydreigon
|-supereffective|p2a: Hydreigon
|-damage|p2a: Hydreigon|14/100
|
|t:|1650740559
|switch|p1a: Tapu Fini|Tapu Fini|69/100 tox|[from]move: U-turn
|-fieldstart|move: Misty Terrain|[from] ability: Misty Surge|[of] p1a: Tapu Fini
|move|p2a: Hydreigon|Beat Up|p1a: Tapu Fini
|-resisted|p1a: Tapu Fini
|-damage|p1a: Tapu Fini|65/100 tox
|-resisted|p1a: Tapu Fini
|-damage|p1a: Tapu Fini|62/100 tox
|-resisted|p1a: Tapu Fini
|-damage|p1a: Tapu Fini|57/100 tox
|-resisted|p1a: Tapu Fini
|-damage|p1a: Tapu Fini|51/100 tox
|-resisted|p1a: Tapu Fini
|-damage|p1a: Tapu Fini|44/100 tox
|-resisted|p1a: Tapu Fini
|-damage|p1a: Tapu Fini|38/100 tox
|-hitcount|p1a: Tapu Fini|6
|
|-heal|p1a: Tapu Fini|44/100 tox|[from] item: Leftovers
|-damage|p1a: Tapu Fini|38/100 tox|[from] psn
|upkeep
|turn|25
|
|t:|1650740572
|switch|p2a: Toxapex|Toxapex, M|59/100
|move|p1a: Tapu Fini|Draining Kiss|p2a: Toxapex
|-resisted|p2a: Toxapex
|-damage|p2a: Toxapex|51/100
|-heal|p1a: Tapu Fini|43/100 tox|[from] drain|[of] p2a: Toxapex
|-damage|p1a: Tapu Fini|27/100 tox|[from] item: Rocky Helmet|[of] p2a: Toxapex
|
|-heal|p1a: Tapu Fini|33/100 tox|[from] item: Leftovers
|-damage|p1a: Tapu Fini|21/100 tox|[from] psn
|upkeep
|turn|26
|
|t:|1650740586
|switch|p1a: Zygarde|Zygarde-10%|48/100
|-ability|p1a: Zygarde|Aura Break
|switch|p2a: Landorus|Landorus-Therian, M|58/100
|-ability|p2a: Landorus|Intimidate|boost
|-unboost|p1a: Zygarde|atk|1
|
|-heal|p2a: Landorus|64/100|[from] item: Leftovers
|upkeep
|turn|27
|
|t:|1650740594
|switch|p1a: Ditto|Ditto|100/100
|-transform|p1a: Ditto|p2a: Landorus|[from] ability: Imposter
|-ability|p1a: Ditto|Intimidate|boost
|-unboost|p2a: Landorus|atk|1
|move|p2a: Landorus|Stealth Rock|p1a: Ditto
|-sidestart|p1: Yrrol|move: Stealth Rock
|
|-heal|p2a: Landorus|70/100|[from] item: Leftovers
|upkeep
|turn|28
|
|t:|1650740602
|move|p1a: Ditto|Stealth Rock|p2a: Landorus
|-sidestart|p2: Colonel Rivai|move: Stealth Rock
|move|p2a: Landorus|U-turn|p1a: Ditto
|-resisted|p1a: Ditto
|-damage|p1a: Ditto|91/100
|
|t:|1650740612
|switch|p2a: Blacephalon|Blacephalon|100/100|[from]move: U-turn
|-damage|p2a: Blacephalon|76/100|[from] Stealth Rock
|
|-fieldend|Misty Terrain
|upkeep
|turn|29
|l| ppev
|
|t:|1650740630
|switch|p2a: Landorus|Landorus-Therian, M|70/100
|-damage|p2a: Landorus|58/100|[from] Stealth Rock
|-ability|p2a: Landorus|Intimidate|boost
|-unboost|p1a: Ditto|atk|1
|switch|p1a: Tapu Fini|Tapu Fini|21/100 tox
|-damage|p1a: Tapu Fini|8/100 tox|[from] Stealth Rock
|-fieldstart|move: Misty Terrain|[from] ability: Misty Surge|[of] p1a: Tapu Fini
|
|-heal|p2a: Landorus|64/100|[from] item: Leftovers
|-heal|p1a: Tapu Fini|14/100 tox|[from] item: Leftovers
|-damage|p1a: Tapu Fini|8/100 tox|[from] psn
|upkeep
|turn|30
|c|☆Colonel Rivai|missclick
|
|t:|1650740634
|move|p2a: Landorus|Earthquake|p1a: Tapu Fini
|-damage|p1a: Tapu Fini|0 fnt
|faint|p1a: Tapu Fini
|
|-heal|p2a: Landorus|70/100|[from] item: Leftovers
|upkeep
|
|t:|1650740648
|switch|p1a: I might die|Shedinja|100/100
|turn|31
|
|t:|1650740652
|switch|p2a: Toxapex|Toxapex, M|85/100
|-damage|p2a: Toxapex|72/100|[from] Stealth Rock
|move|p1a: I might die|Poltergeist|p2a: Toxapex
|-activate|p2a: Toxapex|move: Poltergeist|Rocky Helmet
|-damage|p2a: Toxapex|45/100
|
|upkeep
|turn|32
|
|t:|1650740669
|switch|p1a: Vileplume|Vileplume, M|92/100
|-damage|p1a: Vileplume|79/100|[from] Stealth Rock
|move|p2a: Toxapex|Recover|p2a: Toxapex
|-heal|p2a: Toxapex|96/100
|
|upkeep
|turn|33
|
|t:|1650740681
|switch|p2a: Blacephalon|Blacephalon|76/100
|-damage|p2a: Blacephalon|51/100|[from] Stealth Rock
|move|p1a: Vileplume|Giga Drain|p2a: Blacephalon
|-resisted|p2a: Blacephalon
|-damage|p2a: Blacephalon|28/100
|-heal|p1a: Vileplume|88/100|[from] drain|[of] p2a: Blacephalon
|
|-fieldend|Misty Terrain
|upkeep
|turn|34
|c|☆Colonel Rivai|ololo missclick again
|
|t:|1650740716
|move|p2a: Blacephalon|Overheat|p1a: Vileplume|[miss]
|-miss|p2a: Blacephalon|p1a: Vileplume
|move|p1a: Vileplume|Sludge Wave|p2a: Blacephalon
|-resisted|p2a: Blacephalon
|-damage|p2a: Blacephalon|0 fnt
|faint|p2a: Blacephalon
|
|upkeep
|c|☆Colonel Rivai|....
|
|t:|1650740723
|switch|p2a: Kartana|Kartana|84/100
|-damage|p2a: Kartana|78/100|[from] Stealth Rock
|turn|35
|
|t:|1650740725
|move|p2a: Kartana|Aerial Ace|p1a: Vileplume
|-supereffective|p1a: Vileplume
|-damage|p1a: Vileplume|26/100
|move|p1a: Vileplume|Strength Sap|p2a: Kartana
|-unboost|p2a: Kartana|atk|1
|-heal|p1a: Vileplume|100/100
|
|upkeep
|turn|36
|c|☆Colonel Rivai|...
|
|t:|1650740739
|switch|p2a: Melmetal|Melmetal|77/100
|-damage|p2a: Melmetal|71/100|[from] Stealth Rock
|move|p1a: Vileplume|Leech Seed|p2a: Melmetal
|-start|p2a: Melmetal|move: Leech Seed
|
|-damage|p2a: Melmetal|59/100|[from] Leech Seed|[of] p1a: Vileplume
|upkeep
|turn|37
|
|t:|1650740758
|switch|p2a: Toxapex|Toxapex, M|100/100
|-damage|p2a: Toxapex|88/100|[from] Stealth Rock
|move|p1a: Vileplume|Giga Drain|p2a: Toxapex
|-damage|p2a: Toxapex|65/100
|
|upkeep
|turn|38
|
|t:|1650740764
|switch|p2a: Kartana|Kartana|78/100
|-damage|p2a: Kartana|72/100|[from] Stealth Rock
|move|p1a: Vileplume|Giga Drain|p2a: Kartana
|-resisted|p2a: Kartana
|-crit|p2a: Kartana
|-damage|p2a: Kartana|39/100
|
|upkeep
|turn|39
|
|t:|1650740770
|move|p2a: Kartana|Aerial Ace|p1a: Vileplume
|-supereffective|p1a: Vileplume
|-damage|p1a: Vileplume|38/100
|move|p1a: Vileplume|Strength Sap|p2a: Kartana
|-unboost|p2a: Kartana|atk|1
|-heal|p1a: Vileplume|100/100
|
|upkeep
|turn|40
|
|t:|1650740772
|switch|p2a: Melmetal|Melmetal|59/100
|-damage|p2a: Melmetal|53/100|[from] Stealth Rock
|move|p1a: Vileplume|Giga Drain|p2a: Melmetal
|-resisted|p2a: Melmetal
|-damage|p2a: Melmetal|45/100
|
|upkeep
|turn|41
|
|t:|1650740780
|switch|p1a: I might die|Shedinja|100/100
|move|p2a: Melmetal|Ice Punch|p1a: I might die
|-immune|p1a: I might die|[from] ability: Wonder Guard
|
|upkeep
|turn|42
|
|t:|1650740785
|switch|p2a: Toxapex|Toxapex, M|98/100
|-damage|p2a: Toxapex|86/100|[from] Stealth Rock
|move|p1a: I might die|Will-O-Wisp|p2a: Toxapex
|-status|p2a: Toxapex|brn
|
|-damage|p2a: Toxapex|80/100 brn|[from] brn
|upkeep
|turn|43
|
|t:|1650740790
|switch|p1a: Vileplume|Vileplume, M|100/100
|-damage|p1a: Vileplume|88/100|[from] Stealth Rock
|switch|p2a: Melmetal|Melmetal|45/100
|-damage|p2a: Melmetal|38/100|[from] Stealth Rock
|
|upkeep
|turn|44
|
|t:|1650740797
|switch|p2a: Kartana|Kartana|39/100
|-damage|p2a: Kartana|33/100|[from] Stealth Rock
|move|p1a: Vileplume|Leech Seed|p2a: Kartana
|-immune|p2a: Kartana
|
|upkeep
|turn|45
|
|t:|1650740800
|move|p2a: Kartana|Aerial Ace|p1a: Vileplume
|-supereffective|p1a: Vileplume
|-damage|p1a: Vileplume|30/100
|move|p1a: Vileplume|Giga Drain|p2a: Kartana
|-resisted|p2a: Kartana
|-damage|p2a: Kartana|12/100
|-heal|p1a: Vileplume|38/100|[from] drain|[of] p2a: Kartana
|
|upkeep
|turn|46
|
|t:|1650740817
|switch|p1a: Zygarde|Zygarde-10%|48/100
|-damage|p1a: Zygarde|42/100|[from] Stealth Rock
|-ability|p1a: Zygarde|Aura Break
|move|p2a: Kartana|Aerial Ace|p1a: Zygarde
|-damage|p1a: Zygarde|0 fnt
|faint|p1a: Zygarde
|-ability|p2a: Kartana|Beast Boost|boost
|-boost|p2a: Kartana|atk|1
|
|upkeep
|
|t:|1650740818
|switch|p1a: Ditto|Ditto|91/100
|-damage|p1a: Ditto|79/100|[from] Stealth Rock
|-transform|p1a: Ditto|p2a: Kartana|[from] ability: Imposter
|turn|47
|
|t:|1650740841
|switch|p2a: Landorus|Landorus-Therian, M|70/100
|-damage|p2a: Landorus|58/100|[from] Stealth Rock
|-ability|p2a: Landorus|Intimidate|boost
|-unboost|p1a: Ditto|atk|1
|move|p1a: Ditto|Leaf Blade|p2a: Landorus
|-damage|p2a: Landorus|0 fnt
|faint|p2a: Landorus
|-ability|p1a: Ditto|Beast Boost|boost
|-boost|p1a: Ditto|atk|1
|
|upkeep
|
|t:|1650740844
|switch|p2a: Toxapex|Toxapex, M|100/100 brn
|-damage|p2a: Toxapex|88/100 brn|[from] Stealth Rock
|turn|48
|j| ppev
|
|t:|1650740848
|move|p1a: Ditto|Leaf Blade|p2a: Toxapex
|-crit|p2a: Toxapex
|-damage|p2a: Toxapex|0 fnt
|-damage|p1a: Ditto|62/100|[from] item: Rocky Helmet|[of] p2a: Toxapex
|faint|p2a: Toxapex
|-ability|p1a: Ditto|Beast Boost|boost
|-boost|p1a: Ditto|atk|1
|
|upkeep
|c|☆Colonel Rivai|ok
|c|☆Colonel Rivai|bye
|l|☆Colonel Rivai
|player|p2|
|inactive|Battle timer is ON: inactive players will automatically lose when time's up. (requested by Yrrol)
|inactive|Colonel Rivai has 30 seconds to reconnect!
|inactive|Colonel Rivai has 20 seconds to reconnect!
|inactive|Colonel Rivai has 15 seconds to reconnect!
|inactive|Colonel Rivai has 10 seconds to reconnect!
|inactive|Colonel Rivai has 5 seconds to reconnect!
|-message|Colonel Rivai lost due to inactivity.
|
|win|Yrrol
|raw|Yrrol's rating: 1611 &rarr; <strong>1632</strong><br />(+21 for winning)
|raw|Colonel Rivai's rating: 1622 &rarr; <strong>1601</strong><br />(-21 for losing)
||Ladder isn't responding, score probably updated but might not have (Request timeout).
|l| ppev
