|j|☆zKally
|j|☆Yorbi
|t:|1616145379
|player|p1|zKally|290|1317
|player|p2|Yorbi|102|1277
|teamsize|p1|6
|teamsize|p2|6
|gametype|singles
|gen|8
|tier|[Gen 8] OU
|rated|
|clearpoke
|poke|p1|Landorus-Therian, M|
|poke|p1|Tapu Koko|
|poke|p1|Hawlucha, M|
|poke|p1|Rillaboom, M|
|poke|p1|Latias, F|
|poke|p1|Blaziken, F|
|poke|p2|Shiftry, F|
|poke|p2|Stakataka|
|poke|p2|Slowking, M|
|poke|p2|Alakazam, F|
|poke|p2|Diggersby, M|
|poke|p2|Mienshao, M|
|rule|Sleep Clause Mod: Limit one foe put to sleep
|rule|Species Clause: Limit one of each Pokémon
|rule|OHKO Clause: OHKO moves are banned
|rule|Evasion Moves Clause: Evasion moves are banned
|rule|Endless Battle Clause: Forcing endless battles is banned
|rule|HP Percentage Mod: HP is shown in percentages
|rule|Dynamax Clause: You cannot dynamax
|teampreview
|inactive|Battle timer is ON: inactive players will automatically lose when time's up. (requested by zKally)
|
|t:|1616145400
|start
|switch|p1a: Landorus|Landorus-Therian, M|100/100
|switch|p2a: Victor|Slowking, M|100/100
|-ability|p1a: Landorus|Intimidate|boost
|-unboost|p2a: Victor|atk|1
|turn|1
|
|t:|1616145410
|move|p1a: Landorus|Stealth Rock|p2a: Victor
|-sidestart|p2: Yorbi|move: Stealth Rock
|move|p2a: Victor|Ice Beam|p1a: Landorus
|-supereffective|p1a: Landorus
|-enditem|p1a: Landorus|Focus Sash
|-damage|p1a: Landorus|1/100
|
|upkeep
|turn|2
|
|t:|1616145425
|switch|p2a: Deepa|Stakataka|100/100
|-damage|p2a: Deepa|94/100|[from] Stealth Rock
|-item|p2a: Deepa|Air Balloon
|move|p1a: Landorus|Explosion|p2a: Deepa
|-resisted|p2a: Deepa
|-damage|p2a: Deepa|83/100
|-enditem|p2a: Deepa|Air Balloon
|faint|p1a: Landorus
|
|upkeep
|
|t:|1616145444
|switch|p1a: Tapu Koko|Tapu Koko|100/100
|-fieldstart|move: Electric Terrain|[from] ability: Electric Surge|[of] p1a: Tapu Koko
|turn|3
|
|t:|1616145454
|move|p1a: Tapu Koko|Reflect|p1a: Tapu Koko
|-sidestart|p1: zKally|Reflect
|move|p2a: Deepa|Gyro Ball|p1a: Tapu Koko
|-damage|p1a: Tapu Koko|51/100
|
|upkeep
|turn|4
|
|t:|1616145461
|move|p1a: Tapu Koko|U-turn|p2a: Deepa
|-resisted|p2a: Deepa
|-damage|p2a: Deepa|78/100
|
|t:|1616145465
|switch|p1a: Hawlucha|Hawlucha, M|100/100|[from]move: U-turn
|-enditem|p1a: Hawlucha|Electric Seed
|-boost|p1a: Hawlucha|def|1|[from] item: Electric Seed
|move|p2a: Deepa|Stealth Rock|p1a: Hawlucha
|-sidestart|p1: zKally|move: Stealth Rock
|
|upkeep
|turn|5
|
|t:|1616145478
|move|p1a: Hawlucha|Swords Dance|p1a: Hawlucha
|-boost|p1a: Hawlucha|atk|2
|move|p2a: Deepa|Gyro Ball|p1a: Hawlucha
|-damage|p1a: Hawlucha|60/100
|
|upkeep
|turn|6
|
|t:|1616145483
|move|p1a: Hawlucha|Close Combat|p2a: Deepa
|-supereffective|p2a: Deepa
|-damage|p2a: Deepa|0 fnt
|-unboost|p1a: Hawlucha|def|1
|-unboost|p1a: Hawlucha|spd|1
|faint|p2a: Deepa
|
|upkeep
|
|t:|1616145503
|switch|p2a: Victor|Slowking, M|100/100
|-damage|p2a: Victor|88/100|[from] Stealth Rock
|turn|7
|c|☆zKally|bring out kashin koji
|
|t:|1616145518
|move|p1a: Hawlucha|Acrobatics|p2a: Victor
|-damage|p2a: Victor|0 fnt
|faint|p2a: Victor
|
|-fieldend|move: Electric Terrain
|upkeep
|inactive|Yorbi has 120 seconds left.
|c|☆Yorbi|only if you cna guess what the name is reference to
|
|t:|1616145572
|switch|p2a: Amado|Alakazam, F|100/100
|turn|8
|
|t:|1616145581
|move|p1a: Hawlucha|Acrobatics|p2a: Amado
|-enditem|p2a: Amado|Focus Sash
|-damage|p2a: Amado|1/100
|move|p2a: Amado|Dazzling Gleam|p1a: Hawlucha
|-supereffective|p1a: Hawlucha
|-damage|p1a: Hawlucha|0 fnt
|faint|p1a: Hawlucha
|
|upkeep
|c|☆zKally|boruto
|c|☆Yorbi|too late
|
|t:|1616145593
|switch|p1a: Tapu Koko|Tapu Koko|51/100
|-damage|p1a: Tapu Koko|39/100|[from] Stealth Rock
|-fieldstart|move: Electric Terrain|[from] ability: Electric Surge|[of] p1a: Tapu Koko
|turn|9
|inactive|Yorbi has 90 seconds left.
|c|☆Yorbi|aslo dont use the internet
|c|☆zKally|huh
|inactive|Yorbi has 60 seconds left.
|c|☆zKally|i read the fucking manga
|c|☆Yorbi|to searh the answer
|c|☆Yorbi|Oh, nvm
|c|☆zKally|kurama dies
|c|☆Yorbi|yes
|c|☆Yorbi|I know
|inactive|Yorbi has 30 seconds left.
|c|☆zKally|big sad
|inactive|Yorbi has 20 seconds left.
|
|t:|1616145692
|move|p1a: Tapu Koko|Light Screen|p1a: Tapu Koko
|-sidestart|p1: zKally|move: Light Screen
|move|p2a: Amado|Dazzling Gleam|p1a: Tapu Koko
|-damage|p1a: Tapu Koko|19/100
|
|upkeep
|turn|10
|inactive|Yorbi has 30 seconds left this turn.
|
|t:|1616145697
|move|p1a: Tapu Koko|U-turn|p2a: Amado
|-supereffective|p2a: Amado
|-damage|p2a: Amado|0 fnt
|faint|p2a: Amado
|
|t:|1616145701
|switch|p1a: Blaziken|Blaziken, F|100/100|[from]move: U-turn
|-damage|p1a: Blaziken|88/100|[from] Stealth Rock
|
|-sideend|p1: zKally|Reflect
|upkeep
|inactive|Yorbi has 30 seconds left.
|inactive|Yorbi has 20 seconds left.
|inactive|Yorbi has 15 seconds left.
|
|t:|1616145727
|switch|p2a: Delta|Mienshao, M|100/100
|-damage|p2a: Delta|95/100|[from] Stealth Rock
|turn|11
|inactive|Yorbi has 25 seconds left this turn.
|inactive|Yorbi has 20 seconds left.
|
|t:|1616145735
|switch|p1a: Latias|Latias, F|100/100
|-damage|p1a: Latias|88/100|[from] Stealth Rock
|move|p2a: Delta|Mega Kick|p1a: Latias
|-crit|p1a: Latias
|-damage|p1a: Latias|0 fnt
|faint|p1a: Latias
|
|upkeep
|inactive|Yorbi has 25 seconds left this turn.
|
|t:|1616145744
|switch|p1a: Tapu Koko|Tapu Koko|19/100
|-damage|p1a: Tapu Koko|7/100|[from] Stealth Rock
|turn|12
|inactive|Yorbi has 30 seconds left.
|inactive|Yorbi has 20 seconds left.
|inactive|Yorbi has 15 seconds left.
|inactive|Yorbi has 10 seconds left.
|
|t:|1616145770
|move|p1a: Tapu Koko|Reflect|p1a: Tapu Koko
|-sidestart|p1: zKally|Reflect
|move|p2a: Delta|Mega Kick|p1a: Tapu Koko|[miss]
|-miss|p2a: Delta|p1a: Tapu Koko
|
|upkeep
|turn|13
|inactive|Yorbi has 20 seconds left this turn.
|
|t:|1616145782
|move|p1a: Tapu Koko|Taunt|p2a: Delta
|-start|p2a: Delta|move: Taunt
|move|p2a: Delta|Mega Kick|p1a: Tapu Koko
|-damage|p1a: Tapu Koko|0 fnt
|faint|p1a: Tapu Koko
|
|-fieldend|move: Electric Terrain
|upkeep
|inactive|Yorbi has 25 seconds left this turn.
|
|t:|1616145792
|switch|p1a: Blaziken|Blaziken, F|88/100
|-damage|p1a: Blaziken|76/100|[from] Stealth Rock
|turn|14
|inactive|Yorbi has 30 seconds left.
|inactive|Yorbi has 20 seconds left.
|
|t:|1616145807
|move|p2a: Delta|Mega Kick|p1a: Blaziken
|-damage|p1a: Blaziken|26/100
|move|p1a: Blaziken|Swords Dance|p1a: Blaziken
|-boost|p1a: Blaziken|atk|2
|
|-ability|p1a: Blaziken|Speed Boost|boost
|-boost|p1a: Blaziken|spe|1
|upkeep
|turn|15
|inactive|Yorbi has 30 seconds left this turn.
|
|t:|1616145817
|move|p1a: Blaziken|Close Combat|p2a: Delta
|-damage|p2a: Delta|0 fnt
|-unboost|p1a: Blaziken|def|1
|-unboost|p1a: Blaziken|spd|1
|-damage|p1a: Blaziken|16/100|[from] item: Life Orb
|faint|p2a: Delta
|
|-ability|p1a: Blaziken|Speed Boost|boost
|-boost|p1a: Blaziken|spe|1
|upkeep
|inactive|Yorbi has 30 seconds left.
|c|☆Yorbi|Delta died
|inactive|Yorbi has 20 seconds left.
|
|t:|1616145836
|switch|p2a: Boro|Diggersby, M|100/100
|-damage|p2a: Boro|94/100|[from] Stealth Rock
|turn|16
|inactive|Yorbi has 30 seconds left this turn.
|
|t:|1616145842
|move|p2a: Boro|Quick Attack|p1a: Blaziken
|-damage|p1a: Blaziken|0 fnt
|faint|p1a: Blaziken
|
|-sideend|p1: zKally|move: Light Screen
|upkeep
|
|t:|1616145847
|switch|p1a: Rillaboom|Rillaboom, M|100/100
|-damage|p1a: Rillaboom|88/100|[from] Stealth Rock
|-fieldstart|move: Grassy Terrain|[from] ability: Grassy Surge|[of] p1a: Rillaboom
|turn|17
|
|t:|1616145855
|move|p2a: Boro|Quick Attack|p1a: Rillaboom
|-damage|p1a: Rillaboom|75/100
|move|p1a: Rillaboom|Grassy Glide|p2a: Boro
|-supereffective|p2a: Boro
|-damage|p2a: Boro|0 fnt
|-damage|p1a: Rillaboom|65/100|[from] item: Life Orb
|faint|p2a: Boro
|
|-heal|p1a: Rillaboom|71/100|[from] Grassy Terrain
|upkeep
|
|t:|1616145861
|switch|p2a: Kajin Koji|Shiftry, F|100/100
|-damage|p2a: Kajin Koji|88/100|[from] Stealth Rock
|turn|18
|c|☆zKally|there he is
|c|☆zKally|fake jiraya
|c|☆Yorbi|but he is cool also
|inactive|Yorbi has 30 seconds left.
|c|☆zKally|yeah ig
|inactive|Yorbi has 20 seconds left.
|c|☆Yorbi|does deepa appear in the mange
|c|☆Yorbi|manga*
|inactive|Yorbi has 15 seconds left.
|
|t:|1616145906
|move|p1a: Rillaboom|Drain Punch|p2a: Kajin Koji
|-supereffective|p2a: Kajin Koji
|-damage|p2a: Kajin Koji|0 fnt
|-heal|p1a: Rillaboom|100/100|[from] drain|[of] p2a: Kajin Koji
|-damage|p1a: Rillaboom|91/100|[from] item: Life Orb
|faint|p2a: Kajin Koji
|
|win|zKally
|inactive|Yorbi has 20 seconds left this turn.
|raw|zKally's rating: 1317 &rarr; <strong>1335</strong><br />(+18 for winning)
|raw|Yorbi's rating: 1277 &rarr; <strong>1255</strong><br />(-22 for losing)
|c|☆Yorbi|?
|l|☆zKally
