|j|☆Datsko
|j|☆Kazt_5
|inactive|Battle timer is ON: inactive players will automatically lose when time's up.
|t:|1614144088
|player|p1|Datsko|aaron|
|player|p2|Kazt_5|dawn|
|teamsize|p1|6
|teamsize|p2|6
|gametype|singles
|gen|8
|tier|[Gen 8] OU
|rated|Tournament battle
|clearpoke
|poke|p1|Blacephalon|
|poke|p1|Urshifu-*, F|
|poke|p1|Tangrowth, F|
|poke|p1|Slowking-Galar, F|
|poke|p1|Landorus-Therian, M|
|poke|p1|Corviknight, F|
|poke|p2|Dragapult, M|
|poke|p2|Clefable, F|
|poke|p2|Moltres-Galar|
|poke|p2|Heatran, F|
|poke|p2|Landorus-Therian, M|
|poke|p2|Rillaboom, F|
|rule|Sleep Clause Mod: Limit one foe put to sleep
|rule|Species Clause: Limit one of each Pokémon
|rule|OHKO Clause: OHKO moves are banned
|rule|Evasion Moves Clause: Evasion moves are banned
|rule|Endless Battle Clause: Forcing endless battles is banned
|rule|HP Percentage Mod: HP is shown in percentages
|rule|Dynamax Clause: You cannot dynamax
|teampreview
|j| Yugizx
|j| vDvniel
|j| justatest123
|c|☆Datsko|hf
|c|☆Kazt_5|hf!
|c|☆Kazt_5|free shoutout is you win
|j| Elephants Remember
|
|t:|1614144115
|start
|switch|p1a: Cassius Clay|Urshifu-Rapid-Strike, F|100/100
|switch|p2a: Rillaboom|Rillaboom, F|100/100
|-fieldstart|move: Grassy Terrain|[from] ability: Grassy Surge|[of] p2a: Rillaboom
|turn|1
|j| njkhbjgbhk
|
|t:|1614144120
|switch|p1a: Vah Medoh|Corviknight, F|100/100
|-ability|p1a: Vah Medoh|Pressure
|move|p2a: Rillaboom|Grassy Glide|p1a: Vah Medoh
|-resisted|p1a: Vah Medoh
|-damage|p1a: Vah Medoh|87/100
|-damage|p2a: Rillaboom|84/100|[from] item: Rocky Helmet|[of] p1a: Vah Medoh
|-damage|p2a: Rillaboom|74/100|[from] item: Life Orb
|
|-heal|p2a: Rillaboom|80/100|[from] Grassy Terrain
|upkeep
|turn|2
|j| prof dankness
|j| Ninja2storm
|
|t:|1614144128
|switch|p2a: Dragapult|Dragapult, M|100/100
|move|p1a: Vah Medoh|U-turn|p2a: Dragapult
|-resisted|p2a: Dragapult
|-crit|p2a: Dragapult
|-damage|p2a: Dragapult|86/100
|j| Jmann3157
|
|t:|1614144131
|switch|p1a: Air Bud|Landorus-Therian, M|100/100|[from]move: U-turn
|-ability|p1a: Air Bud|Intimidate|boost
|-unboost|p2a: Dragapult|atk|1
|
|-heal|p2a: Dragapult|92/100|[from] Grassy Terrain
|-heal|p2a: Dragapult|98/100|[from] item: Leftovers
|upkeep
|turn|3
|c| vDvniel|12 subs
|
|t:|1614144139
|switch|p2a: Landorus|Landorus-Therian, M|100/100
|-ability|p2a: Landorus|Intimidate|boost
|-unboost|p1a: Air Bud|atk|1
|move|p1a: Air Bud|Stealth Rock|p2a: Landorus
|-sidestart|p2: Kazt_5|move: Stealth Rock
|
|upkeep
|turn|4
|c|☆Datsko|huh
|
|t:|1614144143
|move|p2a: Landorus|Knock Off|p1a: Air Bud
|-damage|p1a: Air Bud|80/100
|-enditem|p1a: Air Bud|Leftovers|[from] move: Knock Off|[of] p2a: Landorus
|move|p1a: Air Bud|Toxic|p2a: Landorus
|-status|p2a: Landorus|tox
|
|-damage|p2a: Landorus|94/100 tox|[from] psn
|upkeep
|turn|5
|c| Ninja2storm|Hey datsko is this the team you were talking about
|
|t:|1614144148
|move|p2a: Landorus|Defog|p1a: Air Bud
|-unboost|p1a: Air Bud|evasion|1
|-sideend|p2: Kazt_5|Stealth Rock|[from] move: Defog|[of] p2a: Landorus
|-fieldend|move: Grassy Terrain
|move|p1a: Air Bud|U-turn|p2a: Landorus
|-resisted|p2a: Landorus
|-damage|p2a: Landorus|89/100 tox
|c|☆Datsko|no it was going to be a regirock team but i guess i deleted it
|
|t:|1614144174
|switch|p1a: Cassius Clay|Urshifu-Rapid-Strike, F|100/100|[from]move: U-turn
|
|-heal|p2a: Landorus|95/100 tox|[from] item: Leftovers
|-damage|p2a: Landorus|83/100 tox|[from] psn
|upkeep
|turn|6
|c|☆Kazt_5|F
|
|t:|1614144184
|switch|p2a: Rillaboom|Rillaboom, F|80/100
|-fieldstart|move: Grassy Terrain|[from] ability: Grassy Surge|[of] p2a: Rillaboom
|move|p1a: Cassius Clay|U-turn|p2a: Rillaboom
|-supereffective|p2a: Rillaboom
|-damage|p2a: Rillaboom|0 fnt
|faint|p2a: Rillaboom
|l| Ninja2storm
|j| Ninja2storm
|c| prof dankness|damn
|inactive|Datsko has 120 seconds left.
|c|☆Kazt_5|FFFFFFFFFFF
|
|t:|1614144195
|switch|p1a: Air Bud|Landorus-Therian, M|80/100|[from]move: U-turn
|
|upkeep
|j| whatamidoinng
|
|t:|1614144207
|switch|p2a: Moltres|Moltres-Galar|100/100
|turn|7
|c|☆Datsko|this is jjust me being paranoid of rocky helmet clef tbh
|
|t:|1614144221
|move|p2a: Moltres|Substitute|p2a: Moltres
|-start|p2a: Moltres|Substitute
|-damage|p2a: Moltres|76/100
|move|p1a: Air Bud|Toxic||[still]
|-fail|p1a: Air Bud
|
|-heal|p2a: Moltres|82/100|[from] item: Leftovers
|upkeep
|turn|8
|
|t:|1614144224
|move|p2a: Moltres|Nasty Plot|p2a: Moltres
|-boost|p2a: Moltres|spa|2
|move|p1a: Air Bud|U-turn|p2a: Moltres
|-activate|p2a: Moltres|move: Substitute|[damage]
|
|t:|1614144226
|switch|p1a: Cassius Clay|Urshifu-Rapid-Strike, F|100/100|[from]move: U-turn
|
|-heal|p2a: Moltres|88/100|[from] item: Leftovers
|upkeep
|turn|9
|c| prof dankness|heat
|
|t:|1614144229
|move|p1a: Cassius Clay|Surging Strikes|p2a: Moltres
|-crit|p2a: Moltres
|-end|p2a: Moltres|Substitute
|-crit|p2a: Moltres
|-damage|p2a: Moltres|57/100
|-crit|p2a: Moltres
|-damage|p2a: Moltres|28/100
|-hitcount|p2a: Moltres|3
|-ability|p2a: Moltres|Berserk|boost
|-boost|p2a: Moltres|spa|1
|move|p2a: Moltres|Air Slash|p1a: Cassius Clay
|-supereffective|p1a: Cassius Clay
|-damage|p1a: Cassius Clay|0 fnt
|faint|p1a: Cassius Clay
|
|-heal|p2a: Moltres|34/100|[from] item: Leftovers
|upkeep
|
|t:|1614144241
|switch|p1a: 🤡|Blacephalon|100/100
|turn|10
|
|t:|1614144245
|switch|p2a: Heatran|Heatran, F|100/100
|move|p1a: 🤡|Flamethrower|p2a: Heatran
|-start|p2a: Heatran|ability: Flash Fire
|
|-fieldend|move: Grassy Terrain
|upkeep
|turn|11
|c| prof dankness|no agility
|
|t:|1614144253
|switch|p1a: Pastagirl|Tangrowth, F|100/100
|move|p2a: Heatran|Magma Storm|p1a: Pastagirl
|-supereffective|p1a: Pastagirl
|-damage|p1a: Pastagirl|0 fnt
|faint|p1a: Pastagirl
|
|upkeep
|j| azn 1
|
|t:|1614144255
|switch|p1a: Air Bud|Landorus-Therian, M|80/100
|-ability|p1a: Air Bud|Intimidate|boost
|-unboost|p2a: Heatran|atk|1
|turn|12
|c| Yugizx|good nick for blacephalon
|j| redblueplays
|
|t:|1614144268
|-end|p2a: Heatran|ability: Flash Fire|[silent]
|switch|p2a: Landorus|Landorus-Therian, M|83/100 tox
|-ability|p2a: Landorus|Intimidate|boost
|-unboost|p1a: Air Bud|atk|1
|move|p1a: Air Bud|Stealth Rock|p2a: Landorus
|-sidestart|p2: Kazt_5|move: Stealth Rock
|
|-heal|p2a: Landorus|89/100 tox|[from] item: Leftovers
|-damage|p2a: Landorus|83/100 tox|[from] psn
|upkeep
|turn|13
|l| azn 1
|j| Rukt
|c|☆Datsko|thanks it took my last 3 brain cells to come up w/ it
|
|t:|1614144283
|move|p2a: Landorus|Defog|p1a: Air Bud
|-unboost|p1a: Air Bud|evasion|1
|-sideend|p2: Kazt_5|Stealth Rock|[from] move: Defog|[of] p2a: Landorus
|move|p1a: Air Bud|U-turn|p2a: Landorus
|-resisted|p2a: Landorus
|-damage|p2a: Landorus|77/100 tox
|j| kisian
|
|t:|1614144289
|switch|p1a: Vah Medoh|Corviknight, F|87/100|[from]move: U-turn
|-ability|p1a: Vah Medoh|Pressure
|
|-heal|p2a: Landorus|83/100 tox|[from] item: Leftovers
|-damage|p2a: Landorus|71/100 tox|[from] psn
|upkeep
|turn|14
|
|t:|1614144293
|move|p2a: Landorus|Knock Off|p1a: Vah Medoh
|-damage|p1a: Vah Medoh|62/100
|-damage|p2a: Landorus|55/100 tox|[from] item: Rocky Helmet|[of] p1a: Vah Medoh
|-enditem|p1a: Vah Medoh|Rocky Helmet|[from] move: Knock Off|[of] p2a: Landorus
|move|p1a: Vah Medoh|U-turn|p2a: Landorus
|-resisted|p2a: Landorus
|-damage|p2a: Landorus|49/100 tox
|j| BurlyBear_poke
|
|t:|1614144296
|switch|p1a: 🤡|Blacephalon|100/100|[from]move: U-turn
|
|-heal|p2a: Landorus|55/100 tox|[from] item: Leftovers
|-damage|p2a: Landorus|37/100 tox|[from] psn
|upkeep
|turn|15
|
|t:|1614144305
|switch|p2a: Heatran|Heatran, F|100/100
|move|p1a: 🤡|Shadow Ball|p2a: Heatran
|-damage|p2a: Heatran|71/100
|
|-heal|p2a: Heatran|78/100|[from] item: Leftovers
|upkeep
|turn|16
|
|t:|1614144309
|switch|p1a: GKing the 1st|Slowking-Galar, F|100/100
|move|p2a: Heatran|Toxic|p1a: GKing the 1st
|-immune|p1a: GKing the 1st
|
|-heal|p2a: Heatran|84/100|[from] item: Leftovers
|upkeep
|turn|17
|
|t:|1614144319
|switch|p2a: Landorus|Landorus-Therian, M|37/100 tox
|-ability|p2a: Landorus|Intimidate|boost
|-unboost|p1a: GKing the 1st|atk|1
|move|p1a: GKing the 1st|Future Sight|p2a: Landorus
|-start|p1a: GKing the 1st|move: Future Sight
|
|-heal|p2a: Landorus|43/100 tox|[from] item: Leftovers
|-damage|p2a: Landorus|37/100 tox|[from] psn
|upkeep
|turn|18
|l| justatest123
|
|t:|1614144324
|switch|p1a: Vah Medoh|Corviknight, F|62/100
|-ability|p1a: Vah Medoh|Pressure
|move|p2a: Landorus|U-turn|p1a: Vah Medoh
|-resisted|p1a: Vah Medoh
|-crit|p1a: Vah Medoh
|-damage|p1a: Vah Medoh|56/100
|
|t:|1614144332
|switch|p2a: Heatran|Heatran, F|84/100|[from]move: U-turn
|
|-heal|p2a: Heatran|90/100|[from] item: Leftovers
|upkeep
|turn|19
|
|t:|1614144335
|move|p2a: Heatran|Stealth Rock|p1a: Vah Medoh
|-sidestart|p1: Datsko|move: Stealth Rock
|move|p1a: Vah Medoh|Body Press|p2a: Heatran
|-supereffective|p2a: Heatran
|-damage|p2a: Heatran|59/100
|
|-end|p2a: Heatran|move: Future Sight
|-resisted|p2a: Heatran
|-damage|p2a: Heatran|41/100
|-heal|p2a: Heatran|47/100|[from] item: Leftovers
|upkeep
|turn|20
|
|t:|1614144345
|switch|p2a: Dragapult|Dragapult, M|98/100
|switch|p1a: GKing the 1st|Slowking-Galar, F|100/100
|-damage|p1a: GKing the 1st|88/100|[from] Stealth Rock
|
|-heal|p2a: Dragapult|100/100|[from] item: Leftovers
|upkeep
|turn|21
|
|t:|1614144349
|move|p2a: Dragapult|Thunder Wave|p1a: GKing the 1st
|-status|p1a: GKing the 1st|par
|cant|p1a: GKing the 1st|par
|
|upkeep
|turn|22
|j| Humpty Dumptruck
|
|t:|1614144352
|move|p2a: Dragapult|Hex|p1a: GKing the 1st
|-supereffective|p1a: GKing the 1st
|-damage|p1a: GKing the 1st|41/100 par
|move|p1a: GKing the 1st|Sludge Bomb|p2a: Dragapult
|-resisted|p2a: Dragapult
|-crit|p2a: Dragapult
|-damage|p2a: Dragapult|53/100
|
|-heal|p2a: Dragapult|59/100|[from] item: Leftovers
|upkeep
|turn|23
|
|t:|1614144356
|move|p2a: Dragapult|Hex|p1a: GKing the 1st
|-supereffective|p1a: GKing the 1st
|-damage|p1a: GKing the 1st|0 fnt
|faint|p1a: GKing the 1st
|
|-heal|p2a: Dragapult|65/100|[from] item: Leftovers
|upkeep
|
|t:|1614144357
|switch|p1a: 🤡|Blacephalon|100/100
|-damage|p1a: 🤡|76/100|[from] Stealth Rock
|turn|24
|j| DarkshinobiLadder
|inactive|Kazt_5 has 120 seconds left.
|l| njkhbjgbhk
|c| whatamidoinng|scarf blaceph supremacy
|
|t:|1614144409
|switch|p2a: Landorus|Landorus-Therian, M|37/100 tox
|-ability|p2a: Landorus|Intimidate|boost
|-unboost|p1a: 🤡|atk|1
|move|p1a: 🤡|Shadow Ball|p2a: Landorus
|-damage|p2a: Landorus|0 fnt
|faint|p2a: Landorus
|-ability|p1a: 🤡|Beast Boost|boost
|-boost|p1a: 🤡|spa|1
|
|upkeep
|inactive|Kazt_5 has 90 seconds left.
|
|t:|1614144434
|switch|p2a: Moltres|Moltres-Galar|34/100
|turn|25
|l| Jmann3157
|inactive|Datsko has 120 seconds left.
|
|t:|1614144481
|switch|p1a: Air Bud|Landorus-Therian, M|80/100
|-damage|p1a: Air Bud|67/100|[from] Stealth Rock
|-ability|p1a: Air Bud|Intimidate|boost
|-unboost|p2a: Moltres|atk|1
|move|p2a: Moltres|Fiery Wrath|p1a: Air Bud
|-damage|p1a: Air Bud|29/100
|
|-heal|p2a: Moltres|40/100|[from] item: Leftovers
|upkeep
|turn|26
|
|t:|1614144490
|move|p2a: Moltres|Fiery Wrath|p1a: Air Bud
|-damage|p1a: Air Bud|0 fnt
|faint|p1a: Air Bud
|
|-heal|p2a: Moltres|46/100|[from] item: Leftovers
|upkeep
|j| Awesome Aayush
|
|t:|1614144496
|switch|p1a: Vah Medoh|Corviknight, F|56/100
|-damage|p1a: Vah Medoh|43/100|[from] Stealth Rock
|-ability|p1a: Vah Medoh|Pressure
|turn|27
|l| DarkshinobiLadder
|
|t:|1614144502
|switch|p2a: Heatran|Heatran, F|47/100
|move|p1a: Vah Medoh|Body Press|p2a: Heatran
|-supereffective|p2a: Heatran
|-damage|p2a: Heatran|10/100
|
|-heal|p2a: Heatran|16/100|[from] item: Leftovers
|upkeep
|turn|28
|
|t:|1614144506
|move|p2a: Heatran|Magma Storm|p1a: Vah Medoh|[miss]
|-miss|p2a: Heatran|p1a: Vah Medoh
|move|p1a: Vah Medoh|Body Press|p2a: Heatran
|-supereffective|p2a: Heatran
|-damage|p2a: Heatran|0 fnt
|faint|p2a: Heatran
|
|upkeep
|j| venson04
|c|☆Datsko|sorry
|inactive|Kazt_5 has 120 seconds left.
|
|t:|1614144511
|switch|p2a: Clefable|Clefable, F|100/100
|turn|29
|l| venson04
|c|☆Kazt_5|its ok
|c|☆Kazt_5|this wins
|l| Yugizx
|
|t:|1614144521
|move|p1a: Vah Medoh|U-turn|p2a: Clefable
|-resisted|p2a: Clefable
|-damage|p2a: Clefable|94/100
|
|t:|1614144523
|switch|p1a: 🤡|Blacephalon|76/100|[from]move: U-turn
|-damage|p1a: 🤡|51/100|[from] Stealth Rock
|move|p2a: Clefable|Calm Mind|p2a: Clefable
|-boost|p2a: Clefable|spa|1
|-boost|p2a: Clefable|spd|1
|
|upkeep
|turn|30
|l| Awesome Aayush
|
|t:|1614144528
|move|p1a: 🤡|Fire Blast|p2a: Clefable
|-damage|p2a: Clefable|51/100
|move|p2a: Clefable|Thunderbolt|p1a: 🤡
|-crit|p1a: 🤡
|-damage|p1a: 🤡|0 fnt
|faint|p1a: 🤡
|
|upkeep
|
|t:|1614144532
|switch|p1a: Vah Medoh|Corviknight, F|43/100
|-damage|p1a: Vah Medoh|31/100|[from] Stealth Rock
|-ability|p1a: Vah Medoh|Pressure
|turn|31
|c|☆Datsko|gg
|
|t:|1614144538
|move|p1a: Vah Medoh|Roost|p1a: Vah Medoh
|-heal|p1a: Vah Medoh|81/100
|-singleturn|p1a: Vah Medoh|move: Roost
|move|p2a: Clefable|Thunderbolt|p1a: Vah Medoh
|-damage|p1a: Vah Medoh|57/100
|
|upkeep
|turn|32
|c|☆Kazt_5|ggs
|
|t:|1614144544
|move|p1a: Vah Medoh|Defog|p2a: Clefable
|-unboost|p2a: Clefable|evasion|1
|-sideend|p1: Datsko|Stealth Rock|[from] move: Defog|[of] p1a: Vah Medoh
|move|p2a: Clefable|Soft-Boiled|p2a: Clefable
|-heal|p2a: Clefable|100/100
|
|upkeep
|turn|33
|
|t:|1614144548
|move|p1a: Vah Medoh|Body Press|p2a: Clefable
|-resisted|p2a: Clefable
|-damage|p2a: Clefable|92/100
|move|p2a: Clefable|Calm Mind|p2a: Clefable
|-boost|p2a: Clefable|spa|1
|-boost|p2a: Clefable|spd|1
|
|upkeep
|turn|34
|
|t:|1614144550
|move|p1a: Vah Medoh|Body Press|p2a: Clefable
|-resisted|p2a: Clefable
|-damage|p2a: Clefable|84/100
|move|p2a: Clefable|Calm Mind|p2a: Clefable
|-boost|p2a: Clefable|spa|1
|-boost|p2a: Clefable|spd|1
|
|upkeep
|turn|35
|
|t:|1614144553
|move|p1a: Vah Medoh|Body Press|p2a: Clefable
|-resisted|p2a: Clefable
|-damage|p2a: Clefable|76/100
|move|p2a: Clefable|Thunderbolt|p1a: Vah Medoh
|-supereffective|p1a: Vah Medoh
|-crit|p1a: Vah Medoh
|-damage|p1a: Vah Medoh|0 fnt
|faint|p1a: Vah Medoh
|
|win|Kazt_5
|n|☆Datsko|datsko
|n|☆Kazt_5|kazt5
|n| vDvniel|vdvniel
|n| Elephants Remember|elephantsremember
|n| prof dankness|profdankness
|n| Ninja2storm|ninja2storm
|n| whatamidoinng|whatamidoinng
|n| redblueplays|redblueplays
|n| Rukt|rukt
|n| kisian|kisian
|n| BurlyBear_poke|burlybearpoke
|n| Humpty Dumptruck|humptydumptruck
