|j|☆Sww-Suwa
|j|☆Hisuian Zoroark
|inactive|Battle timer is ON: inactive players will automatically lose when time's up.
|t:|1658526144
|gametype|singles
|player|p1|Sww-Suwa|lisia|
|player|p2|Hisuian Zoroark|#hisuianzoroarkxmas|
|teamsize|p1|3
|teamsize|p2|3
|gen|8
|tier|[Gen 8] OU
|rated|Tournament battle
|rule|Sleep Clause Mod: Limit one foe put to sleep
|rule|OHKO Clause: OHKO moves are banned
|rule|Evasion Moves Clause: Evasion moves are banned
|rule|Endless Battle Clause: Forcing endless battles is banned
|rule|HP Percentage Mod: HP is shown in percentages
|rule|Dynamax Clause: You cannot dynamax
|clearpoke
|poke|p1|Mew|
|poke|p1|Mew|
|poke|p1|Mew|
|poke|p2|Mew|
|poke|p2|Mew|
|poke|p2|Mew|
|teampreview
|inactive|Hisuian Zoroark also wants the timer to be on.
|j| Real Young Thug
|j| rental girls
|j| sendpais
|c|☆Sww-Suwa|hf
|j| CallMePrimal
|c|☆Hisuian Zoroark|u2
|j| TheNewBrends11
|
|t:|1658526162
|start
|switch|p1a: LORDE|Mew|100/100
|switch|p2a: Mew|Mew|100/100
|turn|1
|
|t:|1658526167
|move|p1a: LORDE|Toxic|p2a: Mew
|-status|p2a: Mew|tox
|-activate|p2a: Mew|ability: Synchronize
|-status|p1a: LORDE|tox
|-activate|p1a: LORDE|ability: Synchronize
|-fail|p2a: Mew|tox
|-enditem|p1a: LORDE|Lum Berry|[eat]
|-curestatus|p1a: LORDE|tox|[msg]
|move|p2a: Mew|Stealth Rock|p1a: LORDE
|-sidestart|p1: Sww-Suwa|move: Stealth Rock
|
|-damage|p2a: Mew|94/100 tox|[from] psn
|upkeep
|turn|2
|c| sendpais|how did u get that avatr?
|j| AnimeFox 2007
|c| Real Young Thug|nice u nicknamed them
|
|t:|1658526173
|move|p1a: LORDE|Toxic Spikes|p2a: Mew
|-sidestart|p2: Hisuian Zoroark|move: Toxic Spikes
|move|p2a: Mew|Imprison|p2a: Mew
|-start|p2a: Mew|move: Imprison
|
|-damage|p2a: Mew|82/100 tox|[from] psn
|upkeep
|turn|3
|j| basselhoff
|j| BeastyJ157
|
|t:|1658526178
|move|p1a: LORDE|Spikes|p2a: Mew
|-sidestart|p2: Hisuian Zoroark|Spikes
|move|p2a: Mew|Transform|p1a: LORDE
|-transform|p2a: Mew|p1a: LORDE
|
|-damage|p2a: Mew|63/100 tox|[from] psn
|upkeep
|turn|4
|c| AnimeFox 2007|Oh god
|c| AnimeFox 2007|This is the end
|j|%ian_yo
|
|t:|1658526188
|move|p2a: Mew|Toxic Spikes|p1a: LORDE
|-sidestart|p1: Sww-Suwa|move: Toxic Spikes
|-activate|p1a: LORDE|move: Struggle
|move|p1a: LORDE|Struggle|p2a: Mew
|-damage|p2a: Mew|54/100 tox
|-damage|p1a: LORDE|75/100|[from] recoil
|-enditem|p2a: Mew|Red Card|[of] p1a: LORDE
|drag|p1a: DYNAMITE|Mew|100/100
|-damage|p1a: DYNAMITE|88/100|[from] Stealth Rock
|-status|p1a: DYNAMITE|psn
|-enditem|p1a: DYNAMITE|Lum Berry|[eat]
|-curestatus|p1a: DYNAMITE|psn|[msg]
|
|-damage|p2a: Mew|29/100 tox|[from] psn
|upkeep
|turn|5
|c| Real Young Thug|u didnt block
|c| TheNewBrends11|"no moves" lmao
|c| BeastyJ157|what is this
|
|t:|1658526204
|move|p2a: Mew|Toxic Spikes|p1a: DYNAMITE
|-sidestart|p1: Sww-Suwa|move: Toxic Spikes
|move|p1a: DYNAMITE|Agility|p1a: DYNAMITE
|-boost|p1a: DYNAMITE|spe|2
|
|-damage|p2a: Mew|0 fnt|[from] psn
|faint|p2a: Mew
|upkeep
|c| Real Young Thug|oh cuz u have red card
|
|t:|1658526207
|switch|p2a: Mew|Mew|100/100
|-status|p2a: Mew|psn
|-damage|p2a: Mew|88/100 psn|[from] Spikes
|turn|6
|
|t:|1658526210
|move|p1a: DYNAMITE|Nasty Plot|p1a: DYNAMITE
|-boost|p1a: DYNAMITE|spa|2
|move|p2a: Mew|Encore|p1a: DYNAMITE
|-start|p1a: DYNAMITE|Encore
|
|-damage|p2a: Mew|76/100 psn|[from] psn
|upkeep
|turn|7
|
|t:|1658526214
|move|p1a: DYNAMITE|Nasty Plot|p1a: DYNAMITE
|-boost|p1a: DYNAMITE|spa|2
|move|p2a: Mew|Dragon Dance|p2a: Mew
|-boost|p2a: Mew|atk|1
|-boost|p2a: Mew|spe|1
|
|-damage|p2a: Mew|64/100 psn|[from] psn
|upkeep
|turn|8
|
|t:|1658526216
|move|p1a: DYNAMITE|Nasty Plot|p1a: DYNAMITE
|-boost|p1a: DYNAMITE|spa|2
|move|p2a: Mew|Megahorn|p1a: DYNAMITE
|-supereffective|p1a: DYNAMITE
|-damage|p1a: DYNAMITE|0 fnt
|faint|p1a: DYNAMITE
|
|-damage|p2a: Mew|51/100 psn|[from] psn
|upkeep
|
|t:|1658526224
|switch|p1a: HOMEMADE|Mew|100/100
|-damage|p1a: HOMEMADE|88/100|[from] Stealth Rock
|-status|p1a: HOMEMADE|tox
|turn|9
|
|t:|1658526228
|move|p2a: Mew|Megahorn|p1a: HOMEMADE
|-supereffective|p1a: HOMEMADE
|-damage|p1a: HOMEMADE|0 fnt
|faint|p1a: HOMEMADE
|
|-damage|p2a: Mew|39/100 psn|[from] psn
|upkeep
|
|t:|1658526231
|switch|p1a: LORDE|Mew|75/100
|-damage|p1a: LORDE|63/100|[from] Stealth Rock
|-status|p1a: LORDE|tox
|turn|10
|
|t:|1658526234
|move|p2a: Mew|Darkest Lariat|p1a: LORDE
|-supereffective|p1a: LORDE
|-damage|p1a: LORDE|0 fnt
|faint|p1a: LORDE
|
|win|Hisuian Zoroark
|n|☆Sww-Suwa|swwsuwa
|n|☆Hisuian Zoroark|hisuianzoroark
|n| Real Young Thug|realyoungthug
|n| rental girls|rentalgirls
|n| sendpais|sendpais
|n| CallMePrimal|callmeprimal
|n| TheNewBrends11|thenewbrends11
|n| AnimeFox 2007|animefox2007
|n| basselhoff|basselhoff
|n| BeastyJ157|beastyj157
|n| ian_yo|ianyo
|c|☆Sww-Suwa|ag
|c|☆Sww-Suwa|ff
|c|☆Sww-Suwa|gg
|c|☆Hisuian Zoroark|gg
|l| Real Young Thug
|l| ian_yo
|l|☆Sww-Suwa
|l|☆Hisuian Zoroark
|l| CallMePrimal
|l| rental girls
|l| basselhoff
|l| BeastyJ157
|l| AnimeFox 2007
|j| rental girls
|l| rental girls
|l| sendpais
