|j|☆Daico05
|j|☆JaVpad1spi
|t:|1640214524
|gametype|singles
|player|p1|Daico05|waiter-gen4|
|player|p2|JaVpad1spi|266|
|teamsize|p1|6
|teamsize|p2|6
|gen|8
|tier|[Gen 8] OU
|rule|Sleep Clause Mod: Limit one foe put to sleep
|rule|Species Clause: Limit one of each Pokémon
|rule|OHKO Clause: OHKO moves are banned
|rule|Evasion Moves Clause: Evasion moves are banned
|rule|Endless Battle Clause: Forcing endless battles is banned
|rule|HP Percentage Mod: HP is shown in percentages
|rule|Dynamax Clause: You cannot dynamax
|clearpoke
|poke|p1|Blissey, F|
|poke|p1|Clefable, F|
|poke|p1|Toxapex, F|
|poke|p1|Corviknight, F|
|poke|p1|Quagsire, F|
|poke|p1|Tangrowth, F|
|poke|p2|Tornadus-Therian, M|
|poke|p2|Blissey, F|
|poke|p2|Corviknight, M|
|poke|p2|Landorus-Therian, M|
|poke|p2|Kartana|
|poke|p2|Dragapult, M|
|teampreview
|
|t:|1640214550
|start
|switch|p1a: Blissey|Blissey, F, shiny|100/100
|switch|p2a: Tornadus|Tornadus-Therian, M|100/100
|turn|1
|
|t:|1640214558
|move|p2a: Tornadus|Nasty Plot|p2a: Tornadus
|-boost|p2a: Tornadus|spa|2
|move|p1a: Blissey|Toxic|p2a: Tornadus
|-status|p2a: Tornadus|tox
|
|-damage|p2a: Tornadus|94/100 tox|[from] psn
|upkeep
|turn|2
|inactive|Battle timer is ON: inactive players will automatically lose when time's up. (requested by JaVpad1spi)
|
|t:|1640214596
|move|p2a: Tornadus|Hurricane|p1a: Blissey|[miss]
|-miss|p2a: Tornadus|p1a: Blissey
|move|p1a: Blissey|Soft-Boiled||[still]
|-fail|p1a: Blissey|heal
|
|-damage|p2a: Tornadus|82/100 tox|[from] psn
|upkeep
|turn|3
|
|t:|1640214609
|move|p2a: Tornadus|Nasty Plot|p2a: Tornadus
|-boost|p2a: Tornadus|spa|2
|move|p1a: Blissey|Soft-Boiled||[still]
|-fail|p1a: Blissey|heal
|
|-damage|p2a: Tornadus|64/100 tox|[from] psn
|upkeep
|turn|4
|
|t:|1640214619
|move|p2a: Tornadus|Focus Blast|p1a: Blissey|[miss]
|-miss|p2a: Tornadus|p1a: Blissey
|move|p1a: Blissey|Soft-Boiled||[still]
|-fail|p1a: Blissey|heal
|
|-damage|p2a: Tornadus|40/100 tox|[from] psn
|upkeep
|turn|5
|
|t:|1640214630
|switch|p2a: Blissey|Blissey, F|100/100
|switch|p1a: Toxapex|Toxapex, F|100/100
|
|upkeep
|turn|6
|
|t:|1640214637
|move|p1a: Toxapex|Block|p2a: Blissey
|-activate|p2a: Blissey|trapped
|move|p2a: Blissey|Teleport|p2a: Blissey
|
|t:|1640214640
|switch|p2a: Landorus|Landorus-Therian, M|100/100|[from]move: Teleport
|-ability|p2a: Landorus|Intimidate|boost
|-unboost|p1a: Toxapex|atk|1
|
|upkeep
|turn|7
|inactive|Daico05 has 270 seconds left.
|
|t:|1640214672
|switch|p1a: Tangrowth|Tangrowth, F|100/100
|move|p2a: Landorus|Stealth Rock|p1a: Tangrowth
|-sidestart|p1: Daico05|move: Stealth Rock
|
|upkeep
|turn|8
|inactive|Daico05 has 270 seconds left.
|
|t:|1640214686
|move|p2a: Landorus|Toxic|p1a: Tangrowth
|-status|p1a: Tangrowth|tox
|move|p1a: Tangrowth|Giga Drain|p2a: Landorus
|-damage|p2a: Landorus|66/100
|
|-heal|p2a: Landorus|72/100|[from] item: Leftovers
|-damage|p1a: Tangrowth|94/100 tox|[from] psn
|upkeep
|turn|9
|
|t:|1640214694
|move|p2a: Landorus|U-turn|p1a: Tangrowth
|-supereffective|p1a: Tangrowth
|-damage|p1a: Tangrowth|67/100 tox
|
|t:|1640214696
|switch|p2a: Corviknight|Corviknight, M|100/100|[from]move: U-turn
|move|p1a: Tangrowth|Giga Drain|p2a: Corviknight
|-resisted|p2a: Corviknight
|-crit|p2a: Corviknight
|-damage|p2a: Corviknight|90/100
|-heal|p1a: Tangrowth|72/100 tox|[from] drain|[of] p2a: Corviknight
|
|-heal|p2a: Corviknight|96/100|[from] item: Leftovers
|-damage|p1a: Tangrowth|60/100 tox|[from] psn
|upkeep
|turn|10
|
|t:|1640214709
|switch|p1a: Corviknight|Corviknight, F|100/100
|-damage|p1a: Corviknight|88/100|[from] Stealth Rock
|-ability|p1a: Corviknight|Pressure
|move|p2a: Corviknight|U-turn|p1a: Corviknight
|-resisted|p1a: Corviknight
|-damage|p1a: Corviknight|86/100
|
|t:|1640214715
|switch|p2a: Dragapult|Dragapult, M|100/100|[from]move: U-turn
|
|upkeep
|turn|11
|
|t:|1640214728
|switch|p1a: Tangrowth|Tangrowth, F|93/100 tox
|-damage|p1a: Tangrowth|80/100 tox|[from] Stealth Rock
|move|p2a: Dragapult|Fire Blast|p1a: Tangrowth|[miss]
|-miss|p2a: Dragapult|p1a: Tangrowth
|
|-damage|p1a: Tangrowth|74/100 tox|[from] psn
|upkeep
|turn|12
|
|t:|1640214740
|switch|p1a: Blissey|Blissey, F, shiny|100/100
|move|p2a: Dragapult|U-turn|p1a: Blissey
|-damage|p1a: Blissey|80/100
|
|t:|1640214756
|switch|p2a: Kartana|Kartana|100/100|[from]move: U-turn
|
|upkeep
|turn|13
|
|t:|1640214765
|switch|p1a: Corviknight|Corviknight, F|86/100
|-damage|p1a: Corviknight|73/100|[from] Stealth Rock
|-ability|p1a: Corviknight|Pressure
|move|p2a: Kartana|Swords Dance|p2a: Kartana
|-boost|p2a: Kartana|atk|2
|
|upkeep
|turn|14
|
|t:|1640214774
|move|p2a: Kartana|Knock Off|p1a: Corviknight
|-damage|p1a: Corviknight|30/100
|-enditem|p1a: Corviknight|Shed Shell|[from] move: Knock Off|[of] p2a: Kartana
|move|p1a: Corviknight|Body Press|p2a: Kartana
|-supereffective|p2a: Kartana
|-damage|p2a: Kartana|56/100
|
|upkeep
|turn|15
|
|t:|1640214781
|move|p2a: Kartana|Sacred Sword|p1a: Corviknight
|-damage|p1a: Corviknight|0 fnt
|faint|p1a: Corviknight
|-ability|p2a: Kartana|Beast Boost|boost
|-boost|p2a: Kartana|spe|1
|
|upkeep
|inactive|Daico05 has 270 seconds left.
|inactive|Daico05 has 240 seconds left.
|
|t:|1640214851
|switch|p1a: Tangrowth|Tangrowth, F|100/100 tox
|-damage|p1a: Tangrowth|88/100 tox|[from] Stealth Rock
|turn|16
|inactive|Daico05 has 240 seconds left.
|
|t:|1640214881
|switch|p2a: Dragapult|Dragapult, M|100/100
|switch|p1a: Toxapex|Toxapex, F|100/100
|-damage|p1a: Toxapex|88/100|[from] Stealth Rock
|
|upkeep
|turn|17
|
|t:|1640214887
|switch|p2a: Blissey|Blissey, F|100/100
|move|p1a: Toxapex|Block|p2a: Blissey
|-activate|p2a: Blissey|trapped
|
|upkeep
|turn|18
|
|t:|1640214893
|move|p1a: Toxapex|Knock Off|p2a: Blissey
|-damage|p2a: Blissey|89/100
|-enditem|p2a: Blissey|Leftovers|[from] move: Knock Off|[of] p1a: Toxapex
|move|p2a: Blissey|Teleport|p2a: Blissey
|inactive|JaVpad1spi has 270 seconds left.
|
|t:|1640214921
|switch|p2a: Landorus|Landorus-Therian, M|72/100|[from]move: Teleport
|-ability|p2a: Landorus|Intimidate|boost
|-unboost|p1a: Toxapex|atk|1
|
|-heal|p2a: Landorus|78/100|[from] item: Leftovers
|upkeep
|turn|19
|inactive|Daico05 has 240 seconds left.
|
|t:|1640214929
|switch|p1a: Tangrowth|Tangrowth, F|100/100 tox
|-damage|p1a: Tangrowth|88/100 tox|[from] Stealth Rock
|move|p2a: Landorus|Earthquake|p1a: Tangrowth
|-resisted|p1a: Tangrowth
|-damage|p1a: Tangrowth|74/100 tox
|
|-heal|p2a: Landorus|84/100|[from] item: Leftovers
|-damage|p1a: Tangrowth|68/100 tox|[from] psn
|upkeep
|turn|20
|inactive|Daico05 has 240 seconds left.
|
|t:|1640214946
|move|p2a: Landorus|U-turn|p1a: Tangrowth
|-supereffective|p1a: Tangrowth
|-damage|p1a: Tangrowth|42/100 tox
|
|t:|1640214949
|switch|p2a: Blissey|Blissey, F|89/100|[from]move: U-turn
|move|p1a: Tangrowth|Focus Blast|p2a: Blissey
|-supereffective|p2a: Blissey
|-damage|p2a: Blissey|67/100
|-unboost|p2a: Blissey|spd|1
|
|-damage|p1a: Tangrowth|29/100 tox|[from] psn
|upkeep
|turn|21
|inactive|Daico05 has 240 seconds left.
|
|t:|1640214974
|switch|p1a: Clefable|Clefable, F|100/100
|move|p2a: Blissey|Soft-Boiled|p2a: Blissey
|-heal|p2a: Blissey|100/100
|
|upkeep
|turn|22
|
|t:|1640214981
|move|p1a: Clefable|Aromatherapy|p1a: Clefable
|-activate|p1a: Clefable|move: Aromatherapy
|-curestatus|p1: Tangrowth|tox|[msg]
|move|p2a: Blissey|Teleport|p2a: Blissey
|
|t:|1640214988
|switch|p2a: Tornadus|Tornadus-Therian, M|73/100 tox|[from]move: Teleport
|
|-damage|p2a: Tornadus|67/100 tox|[from] psn
|upkeep
|turn|23
|
|t:|1640215001
|switch|p2a: Blissey|Blissey, F|100/100
|move|p1a: Clefable|Calm Mind|p1a: Clefable
|-boost|p1a: Clefable|spa|1
|-boost|p1a: Clefable|spd|1
|
|upkeep
|turn|24
|
|t:|1640215007
|move|p1a: Clefable|Calm Mind|p1a: Clefable
|-boost|p1a: Clefable|spa|1
|-boost|p1a: Clefable|spd|1
|move|p2a: Blissey|Teleport|p2a: Blissey
|
|t:|1640215015
|switch|p2a: Kartana|Kartana|56/100|[from]move: Teleport
|
|upkeep
|turn|25
|
|t:|1640215026
|switch|p1a: Tangrowth|Tangrowth, F|62/100
|-damage|p1a: Tangrowth|50/100|[from] Stealth Rock
|move|p2a: Kartana|Leaf Blade|p1a: Tangrowth
|-resisted|p1a: Tangrowth
|-damage|p1a: Tangrowth|39/100
|
|upkeep
|turn|26
|
|t:|1640215038
|switch|p2a: Blissey|Blissey, F|100/100
|move|p1a: Tangrowth|Giga Drain|p2a: Blissey
|-damage|p2a: Blissey|90/100
|-heal|p1a: Tangrowth|48/100|[from] drain|[of] p2a: Blissey
|
|upkeep
|turn|27
|
|t:|1640215048
|move|p1a: Tangrowth|Focus Blast|p2a: Blissey|[miss]
|-miss|p1a: Tangrowth|p2a: Blissey
|move|p2a: Blissey|Teleport|p2a: Blissey
|
|t:|1640215051
|switch|p2a: Dragapult|Dragapult, M|100/100|[from]move: Teleport
|
|upkeep
|turn|28
|
|t:|1640215060
|switch|p1a: Quagsire|Quagsire, F|100/100
|-damage|p1a: Quagsire|94/100|[from] Stealth Rock
|move|p2a: Dragapult|U-turn|p1a: Quagsire
|-damage|p1a: Quagsire|77/100
|
|t:|1640215063
|switch|p2a: Kartana|Kartana|56/100|[from]move: U-turn
|
|-heal|p1a: Quagsire|83/100|[from] item: Leftovers
|upkeep
|turn|29
|
|t:|1640215075
|switch|p2a: Tornadus|Tornadus-Therian, M|100/100 tox
|switch|p1a: Tangrowth|Tangrowth, F|81/100
|-damage|p1a: Tangrowth|69/100|[from] Stealth Rock
|
|-damage|p2a: Tornadus|94/100 tox|[from] psn
|upkeep
|turn|30
|
|t:|1640215084
|move|p2a: Tornadus|Nasty Plot|p2a: Tornadus
|-boost|p2a: Tornadus|spa|2
|move|p1a: Tangrowth|Giga Drain|p2a: Tornadus
|-resisted|p2a: Tornadus
|-damage|p2a: Tornadus|77/100 tox
|-heal|p1a: Tangrowth|75/100|[from] drain|[of] p2a: Tornadus
|
|-damage|p2a: Tornadus|65/100 tox|[from] psn
|upkeep
|turn|31
|
|t:|1640215114
|switch|p1a: Quagsire|Quagsire, F|83/100
|-damage|p1a: Quagsire|77/100|[from] Stealth Rock
|move|p2a: Tornadus|Focus Blast|p1a: Quagsire
|-damage|p1a: Quagsire|15/100
|-damage|p2a: Tornadus|55/100 tox|[from] item: Life Orb
|
|-heal|p1a: Quagsire|21/100|[from] item: Leftovers
|-damage|p2a: Tornadus|37/100 tox|[from] psn
|upkeep
|turn|32
|
|t:|1640215124
|move|p2a: Tornadus|Hurricane|p1a: Quagsire
|-damage|p1a: Quagsire|0 fnt
|faint|p1a: Quagsire
|-damage|p2a: Tornadus|28/100 tox|[from] item: Life Orb
|
|-damage|p2a: Tornadus|4/100 tox|[from] psn
|upkeep
|inactive|Daico05 has 270 seconds left.
|
|t:|1640215137
|switch|p1a: Blissey|Blissey, F, shiny|80/100
|turn|33
|
|t:|1640215164
|switch|p2a: Corviknight|Corviknight, M|96/100
|move|p1a: Blissey|Stealth Rock|p2a: Corviknight
|-sidestart|p2: JaVpad1spi|move: Stealth Rock
|
|-heal|p2a: Corviknight|100/100|[from] item: Leftovers
|upkeep
|turn|34
|inactive|JaVpad1spi has 270 seconds left.
|
|t:|1640215205
|move|p2a: Corviknight|Defog|p1a: Blissey
|-unboost|p1a: Blissey|evasion|1
|-sideend|p1: Daico05|Stealth Rock|[from] move: Defog|[of] p2a: Corviknight
|-sideend|p2: JaVpad1spi|Stealth Rock|[from] move: Defog|[of] p2a: Corviknight
|move|p1a: Blissey|Seismic Toss|p2a: Corviknight
|-damage|p2a: Corviknight|75/100
|
|-heal|p2a: Corviknight|82/100|[from] item: Leftovers
|upkeep
|turn|35
|
|t:|1640215215
|move|p2a: Corviknight|U-turn|p1a: Blissey
|-damage|p1a: Blissey|68/100
|
|t:|1640215218
|switch|p2a: Blissey|Blissey, F|90/100|[from]move: U-turn
|move|p1a: Blissey|Stealth Rock|p2a: Blissey
|-sidestart|p2: JaVpad1spi|move: Stealth Rock
|
|upkeep
|turn|36
|
|t:|1640215223
|move|p1a: Blissey|Toxic|p2a: Blissey
|-status|p2a: Blissey|tox
|move|p2a: Blissey|Seismic Toss|p1a: Blissey
|-damage|p1a: Blissey|54/100
|
|-damage|p2a: Blissey|84/100 tox|[from] psn
|upkeep
|turn|37
|
|t:|1640215230
|move|p1a: Blissey|Soft-Boiled|p1a: Blissey
|-heal|p1a: Blissey|100/100
|move|p2a: Blissey|Teleport|p2a: Blissey
|
|t:|1640215232
|-curestatus|p2a: Blissey|tox|[from] ability: Natural Cure
|switch|p2a: Corviknight|Corviknight, M|82/100|[from]move: Teleport
|-damage|p2a: Corviknight|69/100|[from] Stealth Rock
|
|-heal|p2a: Corviknight|75/100|[from] item: Leftovers
|upkeep
|turn|38
|
|t:|1640215239
|move|p2a: Corviknight|Defog|p1a: Blissey
|-unboost|p1a: Blissey|evasion|1
|-sideend|p2: JaVpad1spi|Stealth Rock|[from] move: Defog|[of] p2a: Corviknight
|move|p1a: Blissey|Seismic Toss|p2a: Corviknight
|-damage|p2a: Corviknight|50/100
|
|-heal|p2a: Corviknight|57/100|[from] item: Leftovers
|upkeep
|turn|39
|
|t:|1640215246
|move|p2a: Corviknight|U-turn|p1a: Blissey
|-damage|p1a: Blissey|89/100
|
|t:|1640215248
|switch|p2a: Tornadus|Tornadus-Therian, M|37/100 tox|[from]move: U-turn
|move|p1a: Blissey|Stealth Rock|p2a: Tornadus
|-sidestart|p2: JaVpad1spi|move: Stealth Rock
|
|-damage|p2a: Tornadus|31/100 tox|[from] psn
|upkeep
|turn|40
|
|t:|1640215254
|switch|p2a: Corviknight|Corviknight, M|57/100
|-damage|p2a: Corviknight|44/100|[from] Stealth Rock
|move|p1a: Blissey|Seismic Toss|p2a: Corviknight
|-damage|p2a: Corviknight|19/100
|
|-heal|p2a: Corviknight|25/100|[from] item: Leftovers
|upkeep
|turn|41
|
|t:|1640215278
|move|p2a: Corviknight|Roost|p2a: Corviknight
|-heal|p2a: Corviknight|75/100
|-singleturn|p2a: Corviknight|move: Roost
|move|p1a: Blissey|Seismic Toss|p2a: Corviknight
|-damage|p2a: Corviknight|50/100
|
|-heal|p2a: Corviknight|57/100|[from] item: Leftovers
|upkeep
|turn|42
|
|t:|1640215286
|move|p2a: Corviknight|Defog|p1a: Blissey
|-unboost|p1a: Blissey|evasion|1
|-sideend|p2: JaVpad1spi|Stealth Rock|[from] move: Defog|[of] p2a: Corviknight
|move|p1a: Blissey|Seismic Toss|p2a: Corviknight
|-damage|p2a: Corviknight|32/100
|
|-heal|p2a: Corviknight|38/100|[from] item: Leftovers
|upkeep
|turn|43
|
|t:|1640215293
|move|p2a: Corviknight|Roost|p2a: Corviknight
|-heal|p2a: Corviknight|88/100
|-singleturn|p2a: Corviknight|move: Roost
|move|p1a: Blissey|Seismic Toss|p2a: Corviknight
|-damage|p2a: Corviknight|63/100
|
|-heal|p2a: Corviknight|69/100|[from] item: Leftovers
|upkeep
|turn|44
|
|t:|1640215300
|move|p2a: Corviknight|U-turn|p1a: Blissey
|-damage|p1a: Blissey|77/100
|
|t:|1640215304
|switch|p2a: Kartana|Kartana|56/100|[from]move: U-turn
|move|p1a: Blissey|Seismic Toss|p2a: Kartana
|-damage|p2a: Kartana|19/100
|
|upkeep
|turn|45
|
|t:|1640215312
|move|p2a: Kartana|Sacred Sword|p1a: Blissey
|-supereffective|p1a: Blissey
|-crit|p1a: Blissey
|-damage|p1a: Blissey|0 fnt
|faint|p1a: Blissey
|-ability|p2a: Kartana|Beast Boost|boost
|-boost|p2a: Kartana|spe|1
|
|upkeep
|
|t:|1640215318
|switch|p1a: Tangrowth|Tangrowth, F|100/100
|turn|46
|
|t:|1640215322
|switch|p2a: Blissey|Blissey, F|84/100
|move|p1a: Tangrowth|Sludge Bomb|p2a: Blissey
|-damage|p2a: Blissey|76/100
|
|upkeep
|turn|47
|
|t:|1640215329
|move|p1a: Tangrowth|Focus Blast|p2a: Blissey|[miss]
|-miss|p1a: Tangrowth|p2a: Blissey
|move|p2a: Blissey|Teleport|p2a: Blissey
|
|t:|1640215332
|switch|p2a: Dragapult|Dragapult, M|100/100|[from]move: Teleport
|
|upkeep
|turn|48
|
|t:|1640215339
|switch|p1a: Toxapex|Toxapex, F|100/100
|move|p2a: Dragapult|U-turn|p1a: Toxapex
|-resisted|p1a: Toxapex
|-crit|p1a: Toxapex
|-damage|p1a: Toxapex|91/100
|
|t:|1640215346
|switch|p2a: Landorus|Landorus-Therian, M|84/100|[from]move: U-turn
|-ability|p2a: Landorus|Intimidate|boost
|-unboost|p1a: Toxapex|atk|1
|
|-heal|p2a: Landorus|90/100|[from] item: Leftovers
|upkeep
|turn|49
|
|t:|1640215366
|move|p2a: Landorus|Earthquake|p1a: Toxapex
|-supereffective|p1a: Toxapex
|-damage|p1a: Toxapex|22/100
|move|p1a: Toxapex|Block|p2a: Landorus
|-activate|p2a: Landorus|trapped
|
|-heal|p2a: Landorus|95/100|[from] item: Leftovers
|upkeep
|turn|50
|
|t:|1640215374
|move|p2a: Landorus|Earthquake|p1a: Toxapex
|-supereffective|p1a: Toxapex
|-damage|p1a: Toxapex|0 fnt
|faint|p1a: Toxapex
|
|-heal|p2a: Landorus|100/100|[from] item: Leftovers
|upkeep
|
|t:|1640215380
|switch|p1a: Tangrowth|Tangrowth, F|100/100
|turn|51
|
|t:|1640215386
|move|p2a: Landorus|U-turn|p1a: Tangrowth
|-supereffective|p1a: Tangrowth
|-damage|p1a: Tangrowth|75/100
|
|t:|1640215391
|switch|p2a: Dragapult|Dragapult, M|100/100|[from]move: U-turn
|move|p1a: Tangrowth|Focus Blast|p2a: Dragapult
|-immune|p2a: Dragapult
|
|upkeep
|turn|52
|
|t:|1640215397
|move|p2a: Dragapult|Fire Blast|p1a: Tangrowth
|-supereffective|p1a: Tangrowth
|-damage|p1a: Tangrowth|17/100
|move|p1a: Tangrowth|Giga Drain|p2a: Dragapult
|-resisted|p2a: Dragapult
|-damage|p2a: Dragapult|82/100
|-heal|p1a: Tangrowth|24/100|[from] drain|[of] p2a: Dragapult
|
|upkeep
|turn|53
|
|t:|1640215411
|move|p2a: Dragapult|U-turn|p1a: Tangrowth
|-supereffective|p1a: Tangrowth
|-damage|p1a: Tangrowth|0 fnt
|faint|p1a: Tangrowth
|
|t:|1640215418
|switch|p2a: Kartana|Kartana|19/100|[from]move: U-turn
|
|upkeep
|
|t:|1640215422
|switch|p1a: Clefable|Clefable, F|100/100
|turn|54
|
|t:|1640215433
|move|p2a: Kartana|Leaf Blade|p1a: Clefable
|-damage|p1a: Clefable|68/100
|move|p1a: Clefable|Moonblast|p2a: Kartana
|-resisted|p2a: Kartana
|-damage|p2a: Kartana|0 fnt
|faint|p2a: Kartana
|
|upkeep
|
|t:|1640215440
|switch|p2a: Tornadus|Tornadus-Therian, M|64/100 tox
|turn|55
|
|t:|1640215446
|move|p2a: Tornadus|Hurricane|p1a: Clefable
|-damage|p1a: Clefable|10/100
|-start|p1a: Clefable|confusion
|-damage|p2a: Tornadus|54/100 tox|[from] item: Life Orb
|-activate|p1a: Clefable|confusion
|-damage|p1a: Clefable|6/100|[from] confusion
|
|-damage|p2a: Tornadus|48/100 tox|[from] psn
|upkeep
|turn|56
|
|t:|1640215454
|move|p2a: Tornadus|Heat Wave|p1a: Clefable
|-damage|p1a: Clefable|0 fnt
|faint|p1a: Clefable
|-damage|p2a: Tornadus|38/100 tox|[from] item: Life Orb
|
|win|JaVpad1spi
|l|☆Daico05
