|j|☆stopthreat
|j|☆Kwaga
|t:|1651122468
|gametype|singles
|player|p1|stopthreat|skier|1731
|player|p2|Kwaga|erika-gen1rb|1614
|teamsize|p1|6
|teamsize|p2|6
|gen|8
|tier|[Gen 8] OU
|rated|
|rule|Sleep Clause Mod: Limit one foe put to sleep
|rule|Species Clause: Limit one of each Pokémon
|rule|OHKO Clause: OHKO moves are banned
|rule|Evasion Moves Clause: Evasion moves are banned
|rule|Endless Battle Clause: Forcing endless battles is banned
|rule|HP Percentage Mod: HP is shown in percentages
|rule|Dynamax Clause: You cannot dynamax
|clearpoke
|poke|p1|Dragapult, M|
|poke|p1|Clefable, M|
|poke|p1|Heatran, F|
|poke|p1|Crawdaunt, M|
|poke|p1|Corviknight, F|
|poke|p1|Gastrodon, F|
|poke|p2|Urshifu-*, M|
|poke|p2|Tapu Koko|
|poke|p2|Nidoking, M|
|poke|p2|Slowking, M|
|poke|p2|Buzzwole|
|poke|p2|Weavile, M|
|teampreview
|j| Palladiawa
|j| Way 2 Sekks-C
|
|t:|1651122488
|start
|switch|p1a: Crawdaunt|Crawdaunt, M|100/100
|switch|p2a: Tapu Koko|Tapu Koko|100/100
|-fieldstart|move: Electric Terrain|[from] ability: Electric Surge|[of] p2a: Tapu Koko
|turn|1
|inactive|Battle timer is ON: inactive players will automatically lose when time's up. (requested by Kwaga)
|
|t:|1651122495
|switch|p1a: Gastrodon|Gastrodon, F|100/100
|move|p2a: Tapu Koko|U-turn|p1a: Gastrodon
|-damage|p1a: Gastrodon|87/100
|inactive|Kwaga has 120 seconds left.
|
|t:|1651122528
|switch|p2a: Slowking|Slowking, M|100/100|[from]move: U-turn
|
|-heal|p1a: Gastrodon|93/100|[from] item: Leftovers
|upkeep
|turn|2
|
|t:|1651122542
|switch|p1a: Crawdaunt|Crawdaunt, M|100/100
|move|p2a: Slowking|Future Sight|p1a: Crawdaunt
|-start|p2a: Slowking|move: Future Sight
|
|upkeep
|turn|3
|
|t:|1651122549
|switch|p2a: Buzzwole|Buzzwole|100/100
|move|p1a: Crawdaunt|Crabhammer|p2a: Buzzwole
|-damage|p2a: Buzzwole|35/100
|-damage|p1a: Crawdaunt|84/100|[from] item: Rocky Helmet|[of] p2a: Buzzwole
|
|upkeep
|turn|4
|
|t:|1651122562
|switch|p1a: Dragapult|Dragapult, M|100/100
|move|p2a: Buzzwole|Roost|p2a: Buzzwole
|-heal|p2a: Buzzwole|85/100
|-singleturn|p2a: Buzzwole|move: Roost
|
|-end|p1a: Dragapult|move: Future Sight
|-damage|p1a: Dragapult|48/100
|upkeep
|turn|5
|
|t:|1651122574
|switch|p2a: Slowking|Slowking, M|100/100
|move|p1a: Dragapult|Fire Blast|p2a: Slowking|[miss]
|-miss|p1a: Dragapult|p2a: Slowking
|
|-fieldend|move: Electric Terrain
|upkeep
|turn|6
|j| ikoero
|
|t:|1651122583
|switch|p1a: Corviknight|Corviknight, F|100/100
|-ability|p1a: Corviknight|Pressure
|move|p2a: Slowking|Teleport|p2a: Slowking
|l| ikoero
|
|t:|1651122585
|switch|p2a: Tapu Koko|Tapu Koko|100/100|[from]move: Teleport
|-fieldstart|move: Electric Terrain|[from] ability: Electric Surge|[of] p2a: Tapu Koko
|
|upkeep
|turn|7
|
|t:|1651122592
|move|p2a: Tapu Koko|U-turn|p1a: Corviknight
|-resisted|p1a: Corviknight
|-damage|p1a: Corviknight|97/100
|-damage|p2a: Tapu Koko|84/100|[from] item: Rocky Helmet|[of] p1a: Corviknight
|
|t:|1651122594
|switch|p2a: Slowking|Slowking, M|100/100|[from]move: U-turn
|move|p1a: Corviknight|U-turn|p2a: Slowking
|-supereffective|p2a: Slowking
|-damage|p2a: Slowking|70/100
|j| rreree4
|
|t:|1651122607
|switch|p1a: Crawdaunt|Crawdaunt, M|84/100|[from]move: U-turn
|
|upkeep
|turn|8
|
|t:|1651122613
|switch|p2a: Buzzwole|Buzzwole|85/100
|move|p1a: Crawdaunt|Crabhammer|p2a: Buzzwole
|-damage|p2a: Buzzwole|15/100
|-damage|p1a: Crawdaunt|68/100|[from] item: Rocky Helmet|[of] p2a: Buzzwole
|
|upkeep
|turn|9
|
|t:|1651122622
|switch|p2a: Urshifu|Urshifu-Rapid-Strike, M|100/100
|move|p1a: Crawdaunt|Crabhammer|p2a: Urshifu
|-resisted|p2a: Urshifu
|-damage|p2a: Urshifu|47/100
|
|upkeep
|turn|10
|
|t:|1651122630
|switch|p1a: Gastrodon|Gastrodon, F|93/100
|move|p2a: Urshifu|U-turn|p1a: Gastrodon
|-damage|p1a: Gastrodon|66/100
|
|t:|1651122637
|switch|p2a: Weavile|Weavile, M|100/100|[from]move: U-turn
|-ability|p2a: Weavile|Pressure
|
|-heal|p1a: Gastrodon|73/100|[from] item: Leftovers
|-fieldend|move: Electric Terrain
|upkeep
|turn|11
|
|t:|1651122647
|move|p2a: Weavile|Swords Dance|p2a: Weavile
|-boost|p2a: Weavile|atk|2
|move|p1a: Gastrodon|Scald|p2a: Weavile
|-damage|p2a: Weavile|63/100
|
|-heal|p1a: Gastrodon|79/100|[from] item: Leftovers
|upkeep
|turn|12
|
|t:|1651122670
|switch|p1a: Heatran|Heatran, F|100/100
|move|p2a: Weavile|Triple Axel|p1a: Heatran
|-resisted|p1a: Heatran
|-damage|p1a: Heatran|96/100
|-resisted|p1a: Heatran
|-damage|p1a: Heatran|87/100
|-resisted|p1a: Heatran
|-damage|p1a: Heatran|75/100
|-hitcount|p1a: Heatran|3
|
|-heal|p1a: Heatran|81/100|[from] item: Leftovers
|upkeep
|turn|13
|
|t:|1651122680
|move|p2a: Weavile|Knock Off|p1a: Heatran
|-damage|p1a: Heatran|0 fnt
|-enditem|p1a: Heatran|Leftovers|[from] move: Knock Off|[of] p2a: Weavile
|faint|p1a: Heatran
|
|upkeep
|
|t:|1651122685
|switch|p1a: Crawdaunt|Crawdaunt, M|68/100
|turn|14
|
|t:|1651122691
|switch|p2a: Urshifu|Urshifu-Rapid-Strike, M|47/100
|move|p1a: Crawdaunt|Aqua Jet|p2a: Urshifu
|-resisted|p2a: Urshifu
|-damage|p2a: Urshifu|25/100
|
|upkeep
|turn|15
|
|t:|1651122697
|switch|p1a: Gastrodon|Gastrodon, F|79/100
|move|p2a: Urshifu|U-turn|p1a: Gastrodon
|-damage|p1a: Gastrodon|50/100
|j| gchghgh
|
|t:|1651122708
|switch|p2a: Nidoking|Nidoking, M|100/100|[from]move: U-turn
|
|-heal|p1a: Gastrodon|57/100|[from] item: Leftovers
|upkeep
|turn|16
|
|t:|1651122723
|move|p2a: Nidoking|Earth Power|p1a: Gastrodon
|-damage|p1a: Gastrodon|0 fnt
|faint|p1a: Gastrodon
|
|upkeep
|
|t:|1651122730
|switch|p1a: Crawdaunt|Crawdaunt, M|68/100
|turn|17
|j| Fido20220426
|
|t:|1651122737
|switch|p2a: Buzzwole|Buzzwole|15/100
|move|p1a: Crawdaunt|Knock Off|p2a: Buzzwole
|-resisted|p2a: Buzzwole
|-damage|p2a: Buzzwole|0 fnt
|-damage|p1a: Crawdaunt|51/100|[from] item: Rocky Helmet|[of] p2a: Buzzwole
|-enditem|p2a: Buzzwole|Rocky Helmet|[from] move: Knock Off|[of] p1a: Crawdaunt
|faint|p2a: Buzzwole
|
|upkeep
|
|t:|1651122744
|switch|p2a: Tapu Koko|Tapu Koko|84/100
|-fieldstart|move: Electric Terrain|[from] ability: Electric Surge|[of] p2a: Tapu Koko
|turn|18
|
|t:|1651122748
|switch|p1a: Corviknight|Corviknight, F|97/100
|-ability|p1a: Corviknight|Pressure
|move|p2a: Tapu Koko|Thunderbolt|p1a: Corviknight
|-supereffective|p1a: Corviknight
|-damage|p1a: Corviknight|26/100
|
|upkeep
|turn|19
|
|t:|1651122754
|move|p2a: Tapu Koko|Thunderbolt|p1a: Corviknight
|-supereffective|p1a: Corviknight
|-damage|p1a: Corviknight|0 fnt
|faint|p1a: Corviknight
|
|upkeep
|
|t:|1651122755
|switch|p1a: Dragapult|Dragapult, M|48/100
|turn|20
|
|t:|1651122765
|switch|p2a: Slowking|Slowking, M|100/100
|move|p1a: Dragapult|Shadow Ball|p2a: Slowking
|-supereffective|p2a: Slowking
|-damage|p2a: Slowking|40/100
|-unboost|p2a: Slowking|spd|1
|
|upkeep
|turn|21
|
|t:|1651122768
|move|p1a: Dragapult|Shadow Ball|p2a: Slowking
|-supereffective|p2a: Slowking
|-damage|p2a: Slowking|0 fnt
|faint|p2a: Slowking
|
|upkeep
|
|t:|1651122776
|switch|p2a: Weavile|Weavile, M|63/100
|-ability|p2a: Weavile|Pressure
|turn|22
|
|t:|1651122785
|switch|p1a: Clefable|Clefable, M|100/100
|switch|p2a: Nidoking|Nidoking, M|100/100
|
|-fieldend|move: Electric Terrain
|upkeep
|turn|23
|
|t:|1651122791
|move|p2a: Nidoking|Sludge Wave|p1a: Clefable
|-supereffective|p1a: Clefable
|-damage|p1a: Clefable|0 fnt
|faint|p1a: Clefable
|
|upkeep
|
|t:|1651122799
|switch|p1a: Crawdaunt|Crawdaunt, M|51/100
|turn|24
|inactive|Kwaga has 120 seconds left.
|
|t:|1651122836
|switch|p2a: Urshifu|Urshifu-Rapid-Strike, M|25/100
|move|p1a: Crawdaunt|Aqua Jet|p2a: Urshifu
|-resisted|p2a: Urshifu
|-damage|p2a: Urshifu|5/100
|
|upkeep
|turn|25
|inactive|Kwaga has 120 seconds left.
|
|t:|1651122842
|move|p2a: Urshifu|Aqua Jet|p1a: Crawdaunt
|-resisted|p1a: Crawdaunt
|-damage|p1a: Crawdaunt|27/100
|move|p1a: Crawdaunt|Aqua Jet|p2a: Urshifu
|-resisted|p2a: Urshifu
|-damage|p2a: Urshifu|0 fnt
|faint|p2a: Urshifu
|
|upkeep
|inactive|Kwaga has 120 seconds left.
|
|t:|1651122853
|switch|p2a: Tapu Koko|Tapu Koko|84/100
|-fieldstart|move: Electric Terrain|[from] ability: Electric Surge|[of] p2a: Tapu Koko
|turn|26
|
|t:|1651122862
|move|p1a: Crawdaunt|Aqua Jet|p2a: Tapu Koko
|-crit|p2a: Tapu Koko
|-damage|p2a: Tapu Koko|2/100
|move|p2a: Tapu Koko|Dazzling Gleam|p1a: Crawdaunt
|-supereffective|p1a: Crawdaunt
|-crit|p1a: Crawdaunt
|-damage|p1a: Crawdaunt|0 fnt
|faint|p1a: Crawdaunt
|
|upkeep
|
|t:|1651122870
|switch|p1a: Dragapult|Dragapult, M|48/100
|turn|27
|j| Dijkztra
|
|t:|1651122878
|move|p1a: Dragapult|Hydro Pump|p2a: Tapu Koko
|-damage|p2a: Tapu Koko|0 fnt
|faint|p2a: Tapu Koko
|
|upkeep
|
|t:|1651122886
|switch|p2a: Nidoking|Nidoking, M|100/100
|turn|28
|
|t:|1651122898
|move|p1a: Dragapult|Hydro Pump|p2a: Nidoking|[miss]
|-miss|p1a: Dragapult|p2a: Nidoking
|move|p2a: Nidoking|Ice Beam|p1a: Dragapult
|-supereffective|p1a: Dragapult
|-damage|p1a: Dragapult|0 fnt
|faint|p1a: Dragapult
|
|win|Kwaga
|raw|stopthreat's rating: 1713 &rarr; <strong>1687</strong><br />(-26 for losing)
|raw|Kwaga's rating: 1614 &rarr; <strong>1640</strong><br />(+26 for winning)
|l|☆stopthreat
