|j|☆big boss 447
|j|☆Rodmantis
|t:|1657606873
|gametype|singles
|player|p1|big boss 447|harlequin|1659
|player|p2|Rodmantis|2|1594
|teamsize|p1|6
|teamsize|p2|6
|gen|8
|tier|[Gen 8] OU
|rated|
|rule|Sleep Clause Mod: Limit one foe put to sleep
|rule|Species Clause: Limit one of each Pokémon
|rule|OHKO Clause: OHKO moves are banned
|rule|Evasion Moves Clause: Evasion moves are banned
|rule|Endless Battle Clause: Forcing endless battles is banned
|rule|HP Percentage Mod: HP is shown in percentages
|rule|Dynamax Clause: You cannot dynamax
|clearpoke
|poke|p1|Urshifu-*, F|
|poke|p1|Decidueye, F|
|poke|p1|Victini|
|poke|p1|Landorus-Therian, M|
|poke|p1|Ferrothorn, F|
|poke|p1|Tapu Lele|
|poke|p2|Zapdos|
|poke|p2|Rillaboom, M|
|poke|p2|Slowbro, M|
|poke|p2|Nidoking, M|
|poke|p2|Blissey, F|
|poke|p2|Corviknight, M|
|teampreview
|inactive|Battle timer is ON: inactive players will automatically lose when time's up. (requested by Rodmantis)
|inactive|big boss 447 also wants the timer to be on.
|
|t:|1657606881
|start
|switch|p1a: Victini|Victini|100/100
|switch|p2a: Nidoking|Nidoking, M|100/100
|turn|1
|
|t:|1657606884
|move|p1a: Victini|Zen Headbutt|p2a: Nidoking
|-supereffective|p2a: Nidoking
|-damage|p2a: Nidoking|0 fnt
|faint|p2a: Nidoking
|
|upkeep
|
|t:|1657606887
|switch|p2a: Corviknight|Corviknight, M|100/100
|turn|2
|
|t:|1657606890
|move|p1a: Victini|V-create|p2a: Corviknight
|-supereffective|p2a: Corviknight
|-damage|p2a: Corviknight|0 fnt
|-unboost|p1a: Victini|spe|1
|-unboost|p1a: Victini|def|1
|-unboost|p1a: Victini|spd|1
|faint|p2a: Corviknight
|
|upkeep
|
|t:|1657606894
|switch|p2a: Rillaboom|Rillaboom, M|100/100
|-fieldstart|move: Grassy Terrain|[from] ability: Grassy Surge|[of] p2a: Rillaboom
|turn|3
|
|t:|1657606898
|switch|p1a: Ferrothorn|Ferrothorn, F|100/100
|move|p2a: Rillaboom|Knock Off|p1a: Ferrothorn
|-damage|p1a: Ferrothorn|65/100
|-damage|p2a: Rillaboom|88/100|[from] ability: Iron Barbs|[of] p1a: Ferrothorn
|-enditem|p1a: Ferrothorn|Leftovers|[from] move: Knock Off|[of] p2a: Rillaboom
|-damage|p2a: Rillaboom|78/100|[from] item: Life Orb
|
|-heal|p2a: Rillaboom|84/100|[from] Grassy Terrain
|-heal|p1a: Ferrothorn|71/100|[from] Grassy Terrain
|upkeep
|turn|4
|
|t:|1657606901
|move|p2a: Rillaboom|Knock Off|p1a: Ferrothorn
|-damage|p1a: Ferrothorn|51/100
|-damage|p2a: Rillaboom|72/100|[from] ability: Iron Barbs|[of] p1a: Ferrothorn
|-damage|p2a: Rillaboom|62/100|[from] item: Life Orb
|move|p1a: Ferrothorn|Stealth Rock|p2a: Rillaboom
|-sidestart|p2: Rodmantis|move: Stealth Rock
|
|-heal|p2a: Rillaboom|68/100|[from] Grassy Terrain
|-heal|p1a: Ferrothorn|57/100|[from] Grassy Terrain
|upkeep
|turn|5
|
|t:|1657606908
|move|p2a: Rillaboom|Knock Off|p1a: Ferrothorn
|-damage|p1a: Ferrothorn|35/100
|-damage|p2a: Rillaboom|56/100|[from] ability: Iron Barbs|[of] p1a: Ferrothorn
|-damage|p2a: Rillaboom|46/100|[from] item: Life Orb
|move|p1a: Ferrothorn|Power Whip|p2a: Rillaboom
|-resisted|p2a: Rillaboom
|-damage|p2a: Rillaboom|18/100
|
|-heal|p2a: Rillaboom|24/100|[from] Grassy Terrain
|-heal|p1a: Ferrothorn|41/100|[from] Grassy Terrain
|upkeep
|turn|6
|-message|Rodmantis forfeited.
|
|win|big boss 447
|raw|big boss 447's rating: 1659 &rarr; <strong>1675</strong><br />(+16 for winning)
|raw|Rodmantis's rating: 1594 &rarr; <strong>1578</strong><br />(-16 for losing)
|l|☆Rodmantis
