|raw|<div class="broadcast-blue"><strong>This battle is required to be public due to a player having a name starting with 'lt92pf'.</div>
|j|☆Buraq
|j|☆lt92pf mj
|t:|1660189919
|gametype|singles
|player|p1|Buraq|lucas|1800
|player|p2|lt92pf mj|2|1904
|teamsize|p1|6
|teamsize|p2|6
|gen|8
|tier|[Gen 8] OU
|rated|
|rule|Sleep Clause Mod: Limit one foe put to sleep
|rule|Species Clause: Limit one of each Pokémon
|rule|OHKO Clause: OHKO moves are banned
|rule|Evasion Items Clause: Evasion items are banned
|rule|Evasion Moves Clause: Evasion moves are banned
|rule|Endless Battle Clause: Forcing endless battles is banned
|rule|HP Percentage Mod: HP is shown in percentages
|rule|Dynamax Clause: You cannot dynamax
|clearpoke
|poke|p1|Weavile, M|
|poke|p1|Tapu Fini|
|poke|p1|Heatran, M|
|poke|p1|Volcarona, M|
|poke|p1|Landorus-Therian, M|
|poke|p1|Garchomp, M|
|poke|p2|Melmetal|
|poke|p2|Tapu Lele|
|poke|p2|Magnezone|
|poke|p2|Tornadus-Therian, M|
|poke|p2|Tapu Fini|
|poke|p2|Landorus-Therian, M|
|teampreview
|inactive|Battle timer is ON: inactive players will automatically lose when time's up. (requested by Buraq)
|
|t:|1660189933
|start
|switch|p1a: Weavile|Weavile, M|100/100
|switch|p2a: Landorus|Landorus-Therian, M|100/100
|-ability|p1a: Weavile|Pressure
|-ability|p2a: Landorus|Intimidate|boost
|-unboost|p1a: Weavile|atk|1
|turn|1
|
|t:|1660189950
|switch|p2a: Magnezone|Magnezone|100/100
|move|p1a: Weavile|Knock Off|p2a: Magnezone
|-damage|p2a: Magnezone|78/100
|-enditem|p2a: Magnezone|Leftovers|[from] move: Knock Off|[of] p1a: Weavile
|
|upkeep
|turn|2
|j| teambuildr
|
|t:|1660189960
|switch|p2a: Landorus|Landorus-Therian, M|100/100
|-ability|p2a: Landorus|Intimidate|boost
|-unboost|p1a: Weavile|atk|1
|move|p1a: Weavile|Knock Off|p2a: Landorus
|-damage|p2a: Landorus|77/100
|-enditem|p2a: Landorus|Leftovers|[from] move: Knock Off|[of] p1a: Weavile
|
|upkeep
|turn|3
|j| bobolajichan
|
|t:|1660189966
|switch|p1a: Heatran|Heatran, M|100/100
|-item|p1a: Heatran|Air Balloon
|switch|p2a: Magnezone|Magnezone|78/100
|
|upkeep
|turn|4
|
|t:|1660189971
|switch|p2a: Tapu Fini|Tapu Fini|100/100
|-fieldstart|move: Misty Terrain|[from] ability: Misty Surge|[of] p2a: Tapu Fini
|move|p1a: Heatran|Magma Storm|p2a: Tapu Fini
|-resisted|p2a: Tapu Fini
|-damage|p2a: Tapu Fini|82/100
|-activate|p2a: Tapu Fini|move: Magma Storm|[of] p1a: Heatran
|
|-heal|p2a: Tapu Fini|89/100|[from] item: Leftovers
|-damage|p2a: Tapu Fini|76/100|[from] move: Magma Storm|[partiallytrapped]
|upkeep
|turn|5
|
|t:|1660189978
|move|p1a: Heatran|Earth Power|p2a: Tapu Fini
|-damage|p2a: Tapu Fini|55/100
|move|p2a: Tapu Fini|Calm Mind|p2a: Tapu Fini
|-boost|p2a: Tapu Fini|spa|1
|-boost|p2a: Tapu Fini|spd|1
|
|-heal|p2a: Tapu Fini|61/100|[from] item: Leftovers
|-damage|p2a: Tapu Fini|48/100|[from] move: Magma Storm|[partiallytrapped]
|upkeep
|turn|6
|
|t:|1660189997
|move|p1a: Heatran|Earth Power|p2a: Tapu Fini
|-damage|p2a: Tapu Fini|33/100
|move|p2a: Tapu Fini|Scald|p1a: Heatran
|-supereffective|p1a: Heatran
|-damage|p1a: Heatran|31/100
|-enditem|p1a: Heatran|Air Balloon
|
|-heal|p2a: Tapu Fini|39/100|[from] item: Leftovers
|-damage|p2a: Tapu Fini|26/100|[from] move: Magma Storm|[partiallytrapped]
|upkeep
|turn|7
|l| teambuildr
|
|t:|1660190002
|move|p1a: Heatran|Stealth Rock|p2a: Tapu Fini
|-sidestart|p2: lt92pf mj|move: Stealth Rock
|move|p2a: Tapu Fini|Scald|p1a: Heatran
|-supereffective|p1a: Heatran
|-damage|p1a: Heatran|0 fnt
|faint|p1a: Heatran
|
|-heal|p2a: Tapu Fini|32/100|[from] item: Leftovers
|-end|p2a: Tapu Fini|Magma Storm|[partiallytrapped]|[silent]
|upkeep
|
|t:|1660190004
|switch|p1a: Garchomp|Garchomp, M|100/100
|turn|8
|
|t:|1660190009
|switch|p2a: Landorus|Landorus-Therian, M|77/100
|-damage|p2a: Landorus|64/100|[from] Stealth Rock
|-ability|p2a: Landorus|Intimidate|boost
|-unboost|p1a: Garchomp|atk|1
|move|p1a: Garchomp|Swords Dance|p1a: Garchomp
|-boost|p1a: Garchomp|atk|2
|
|-fieldend|Misty Terrain
|upkeep
|turn|9
|
|t:|1660190024
|move|p1a: Garchomp|Scale Shot|p2a: Landorus
|-damage|p2a: Landorus|37/100
|-damage|p2a: Landorus|8/100
|-damage|p2a: Landorus|0 fnt
|faint|p2a: Landorus
|-hitcount|p2: Landorus|3
|-unboost|p1a: Garchomp|def|1
|-boost|p1a: Garchomp|spe|1
|-damage|p1a: Garchomp|91/100|[from] item: Life Orb
|
|upkeep
|-message|lt92pf mj forfeited.
|
|win|Buraq
|raw|Buraq's rating: 1800 &rarr; <strong>1826</strong><br />(+26 for winning)
|raw|lt92pf mj's rating: 1904 &rarr; <strong>1878</strong><br />(-26 for losing)
|l|☆lt92pf mj
