|j|☆ferromolybdenum
|j|☆BenevolentT
|t:|1620795422
|gametype|singles
|player|p1|ferromolybdenum|266|1392
|player|p2|BenevolentT|marshal|1389
|teamsize|p1|6
|teamsize|p2|6
|gen|8
|tier|[Gen 8] OU
|rated|
|rule|Sleep Clause Mod: Limit one foe put to sleep
|rule|Species Clause: Limit one of each Pokémon
|rule|OHKO Clause: OHKO moves are banned
|rule|Evasion Moves Clause: Evasion moves are banned
|rule|Endless Battle Clause: Forcing endless battles is banned
|rule|HP Percentage Mod: HP is shown in percentages
|rule|Dynamax Clause: You cannot dynamax
|clearpoke
|poke|p1|Slowking, F|
|poke|p1|Zapdos|
|poke|p1|Heatran, M|
|poke|p1|Rillaboom, F|
|poke|p1|Dragapult, F|
|poke|p1|Urshifu-*, F|
|poke|p2|Landorus-Therian, M|
|poke|p2|Dragapult, M|
|poke|p2|Kartana|
|poke|p2|Latias, F|
|poke|p2|Garchomp, M|
|poke|p2|Volcarona, F|
|teampreview
|inactive|Battle timer is ON: inactive players will automatically lose when time's up. (requested by BenevolentT)
|
|t:|1620795447
|start
|switch|p1a: Urshifu|Urshifu-Rapid-Strike, F|100/100
|switch|p2a: Dragapult|Dragapult, M|100/100
|turn|1
|
|t:|1620795464
|switch|p1a: Heatran|Heatran, M|100/100
|move|p2a: Dragapult|Reflect|p2a: Dragapult
|-sidestart|p2: BenevolentT|Reflect
|
|upkeep
|turn|2
|
|t:|1620795471
|move|p2a: Dragapult|Light Screen|p2a: Dragapult
|-sidestart|p2: BenevolentT|move: Light Screen
|move|p1a: Heatran|Stealth Rock|p2a: Dragapult
|-sidestart|p2: BenevolentT|move: Stealth Rock
|
|upkeep
|turn|3
|
|t:|1620795475
|move|p2a: Dragapult|U-turn|p1a: Heatran
|-resisted|p1a: Heatran
|-damage|p1a: Heatran|96/100
|
|t:|1620795478
|switch|p2a: Garchomp|Garchomp, M|100/100|[from]move: U-turn
|-damage|p2a: Garchomp|94/100|[from] Stealth Rock
|move|p1a: Heatran|Magma Storm|p2a: Garchomp
|-resisted|p2a: Garchomp
|-damage|p2a: Garchomp|82/100
|-activate|p2a: Garchomp|move: Magma Storm|[of] p1a: Heatran
|
|-heal|p1a: Heatran|100/100|[from] item: Leftovers
|-damage|p2a: Garchomp|70/100|[from] move: Magma Storm|[partiallytrapped]
|upkeep
|turn|4
|
|t:|1620795491
|switch|p1a: Rillaboom|Rillaboom, F|100/100
|-fieldstart|move: Grassy Terrain|[from] ability: Grassy Surge|[of] p1a: Rillaboom
|move|p2a: Garchomp|Swords Dance|p2a: Garchomp
|-boost|p2a: Garchomp|atk|2
|
|-heal|p2a: Garchomp|76/100|[from] Grassy Terrain
|-end|p2a: Garchomp|Magma Storm|[partiallytrapped]|[silent]
|upkeep
|turn|5
|
|t:|1620795504
|move|p1a: Rillaboom|Grassy Glide|p2a: Garchomp
|-damage|p2a: Garchomp|40/100
|move|p2a: Garchomp|Fire Fang|p1a: Rillaboom
|-supereffective|p1a: Rillaboom
|-damage|p1a: Rillaboom|0 fnt
|faint|p1a: Rillaboom
|
|-heal|p2a: Garchomp|46/100|[from] Grassy Terrain
|upkeep
|
|t:|1620795513
|switch|p1a: Dragapult|Dragapult, F|100/100
|turn|6
|
|t:|1620795519
|switch|p2a: Landorus|Landorus-Therian, M|100/100
|-damage|p2a: Landorus|88/100|[from] Stealth Rock
|-ability|p2a: Landorus|Intimidate|boost
|-unboost|p1a: Dragapult|atk|1
|move|p1a: Dragapult|Draco Meteor|p2a: Landorus
|-damage|p2a: Landorus|0 fnt
|-unboost|p1a: Dragapult|spa|2
|faint|p2a: Landorus
|
|upkeep
|
|t:|1620795524
|switch|p2a: Latias|Latias, F|100/100
|-damage|p2a: Latias|88/100|[from] Stealth Rock
|turn|7
|
|t:|1620795529
|switch|p1a: Slowking|Slowking, F|100/100
|move|p2a: Latias|Agility|p2a: Latias
|-boost|p2a: Latias|spe|2
|
|upkeep
|turn|8
|
|t:|1620795532
|move|p2a: Latias|Calm Mind|p2a: Latias
|-boost|p2a: Latias|spa|1
|-boost|p2a: Latias|spd|1
|move|p1a: Slowking|Scald|p2a: Latias
|-resisted|p2a: Latias
|-damage|p2a: Latias|84/100
|
|-sideend|p2: BenevolentT|Reflect
|-fieldend|move: Grassy Terrain
|upkeep
|turn|9
|
|t:|1620795539
|move|p2a: Latias|Calm Mind|p2a: Latias
|-boost|p2a: Latias|spa|1
|-boost|p2a: Latias|spd|1
|move|p1a: Slowking|Teleport|p1a: Slowking
|
|t:|1620795541
|switch|p1a: Heatran|Heatran, M|100/100|[from]move: Teleport
|
|-sideend|p2: BenevolentT|move: Light Screen
|upkeep
|turn|10
|
|t:|1620795544
|move|p2a: Latias|Aura Sphere|p1a: Heatran
|-supereffective|p1a: Heatran
|-damage|p1a: Heatran|32/100
|move|p1a: Heatran|Taunt|p2a: Latias
|-start|p2a: Latias|move: Taunt
|
|-heal|p1a: Heatran|38/100|[from] item: Leftovers
|upkeep
|turn|11
|
|t:|1620795555
|switch|p1a: Dragapult|Dragapult, F|100/100
|move|p2a: Latias|Aura Sphere|p1a: Dragapult
|-immune|p1a: Dragapult
|
|upkeep
|turn|12
|
|t:|1620795559
|move|p2a: Latias|Stored Power|p1a: Dragapult
|-crit|p1a: Dragapult
|-damage|p1a: Dragapult|0 fnt
|faint|p1a: Dragapult
|
|upkeep
|-message|ferromolybdenum forfeited.
|
|win|BenevolentT
|raw|ferromolybdenum's rating: 1392 &rarr; <strong>1372</strong><br />(-20 for losing)
|raw|BenevolentT's rating: 1389 &rarr; <strong>1409</strong><br />(+20 for winning)
|l|☆ferromolybdenum
