|j|☆LECH24
|j|☆WishMakerr
|t:|1658881064
|gametype|singles
|player|p1|LECH24|2|1652
|player|p2|WishMakerr|1|1863
|teamsize|p1|6
|teamsize|p2|6
|gen|8
|tier|[Gen 8] OU
|rated|
|rule|Sleep Clause Mod: Limit one foe put to sleep
|rule|Species Clause: Limit one of each Pokémon
|rule|OHKO Clause: OHKO moves are banned
|rule|Evasion Moves Clause: Evasion moves are banned
|rule|Endless Battle Clause: Forcing endless battles is banned
|rule|HP Percentage Mod: HP is shown in percentages
|rule|Dynamax Clause: You cannot dynamax
|clearpoke
|poke|p1|Clefable, M|
|poke|p1|Zapdos|
|poke|p1|Tapu Bulu|
|poke|p1|Hippowdon, F|
|poke|p1|Excadrill, F|
|poke|p1|Seismitoad, M|
|poke|p2|Clefable, M|
|poke|p2|Rillaboom, F|
|poke|p2|Corviknight, F|
|poke|p2|Toxapex, F|
|poke|p2|Garchomp, F|
|poke|p2|Blissey, F|
|teampreview
|inactive|Battle timer is ON: inactive players will automatically lose when time's up. (requested by WishMakerr)
|
|t:|1658881078
|start
|switch|p1a: Zapdos|Zapdos|100/100
|switch|p2a: Toxapex|Toxapex, F|100/100
|-ability|p1a: Zapdos|Pressure
|turn|1
|
|t:|1658881081
|move|p1a: Zapdos|Discharge|p2a: Toxapex
|-supereffective|p2a: Toxapex
|-crit|p2a: Toxapex
|-damage|p2a: Toxapex|23/100
|move|p2a: Toxapex|Scald|p1a: Zapdos
|-damage|p1a: Zapdos|84/100
|
|upkeep
|turn|2
|
|t:|1658881085
|switch|p2a: Garchomp|Garchomp, F|100/100
|move|p1a: Zapdos|Hurricane|p2a: Garchomp
|-damage|p2a: Garchomp|62/100
|
|-heal|p2a: Garchomp|68/100|[from] item: Leftovers
|upkeep
|turn|3
|
|t:|1658881091
|switch|p1a: Clefable|Clefable, M|100/100
|move|p2a: Garchomp|Toxic|p1a: Clefable
|-status|p1a: Clefable|tox
|
|-heal|p2a: Garchomp|74/100|[from] item: Leftovers
|upkeep
|turn|4
|
|t:|1658881095
|switch|p2a: Toxapex|Toxapex, F|56/100
|move|p1a: Clefable|Calm Mind|p1a: Clefable
|-boost|p1a: Clefable|spa|1
|-boost|p1a: Clefable|spd|1
|
|upkeep
|turn|5
|
|t:|1658881104
|switch|p2a: Blissey|Blissey, F|100/100
|move|p1a: Clefable|Thunder|p2a: Blissey
|-damage|p2a: Blissey|84/100
|-status|p2a: Blissey|par
|
|upkeep
|turn|6
|
|t:|1658881110
|-curestatus|p2a: Blissey|par|[from] ability: Natural Cure
|switch|p2a: Clefable|Clefable, M|100/100
|move|p1a: Clefable|Moonblast|p2a: Clefable
|-damage|p2a: Clefable|62/100
|
|-heal|p2a: Clefable|68/100|[from] item: Leftovers
|upkeep
|turn|7
|
|t:|1658881118
|switch|p1a: Seismitoad|Seismitoad, M|100/100
|move|p2a: Clefable|Protect||[still]
|-fail|p2a: Clefable
|
|-heal|p2a: Clefable|74/100|[from] item: Leftovers
|upkeep
|turn|8
|
|t:|1658881122
|switch|p2a: Corviknight|Corviknight, F|100/100
|-ability|p2a: Corviknight|Pressure
|move|p1a: Seismitoad|Knock Off|p2a: Corviknight
|-damage|p2a: Corviknight|84/100
|-enditem|p2a: Corviknight|Leftovers|[from] move: Knock Off|[of] p1a: Seismitoad
|
|upkeep
|turn|9
|
|t:|1658881126
|move|p2a: Corviknight|Brave Bird|p1a: Seismitoad
|-damage|p1a: Seismitoad|76/100
|-damage|p2a: Corviknight|75/100|[from] Recoil
|move|p1a: Seismitoad|Scald|p2a: Corviknight
|-damage|p2a: Corviknight|58/100
|
|-heal|p1a: Seismitoad|82/100|[from] item: Leftovers
|upkeep
|turn|10
|
|t:|1658881129
|move|p2a: Corviknight|U-turn|p1a: Seismitoad
|-damage|p1a: Seismitoad|71/100
|
|t:|1658881132
|switch|p2a: Rillaboom|Rillaboom, F|100/100|[from]move: U-turn
|-fieldstart|move: Grassy Terrain|[from] ability: Grassy Surge|[of] p2a: Rillaboom
|move|p1a: Seismitoad|Scald|p2a: Rillaboom
|-resisted|p2a: Rillaboom
|-damage|p2a: Rillaboom|87/100
|
|-heal|p2a: Rillaboom|93/100|[from] Grassy Terrain
|-heal|p2a: Rillaboom|99/100|[from] item: Leftovers
|-heal|p1a: Seismitoad|77/100|[from] Grassy Terrain
|-heal|p1a: Seismitoad|83/100|[from] item: Leftovers
|upkeep
|turn|11
|
|t:|1658881137
|switch|p1a: Zapdos|Zapdos|84/100
|-ability|p1a: Zapdos|Pressure
|move|p2a: Rillaboom|Knock Off|p1a: Zapdos
|-damage|p1a: Zapdos|55/100
|-enditem|p1a: Zapdos|Heavy-Duty Boots|[from] move: Knock Off|[of] p2a: Rillaboom
|
|-heal|p2a: Rillaboom|100/100|[from] Grassy Terrain
|upkeep
|turn|12
|
|t:|1658881143
|switch|p2a: Garchomp|Garchomp, F|74/100
|move|p1a: Zapdos|Roost|p1a: Zapdos
|-heal|p1a: Zapdos|100/100
|-singleturn|p1a: Zapdos|move: Roost
|
|-heal|p2a: Garchomp|80/100|[from] Grassy Terrain
|-heal|p2a: Garchomp|86/100|[from] item: Leftovers
|upkeep
|turn|13
|
|t:|1658881148
|switch|p1a: Clefable|Clefable, M|100/100 tox
|move|p2a: Garchomp|Stealth Rock|p1a: Clefable
|-sidestart|p1: LECH24|move: Stealth Rock
|
|-heal|p2a: Garchomp|93/100|[from] Grassy Terrain
|-heal|p2a: Garchomp|99/100|[from] item: Leftovers
|upkeep
|turn|14
|
|t:|1658881159
|switch|p2a: Corviknight|Corviknight, F|58/100
|-ability|p2a: Corviknight|Pressure
|switch|p1a: Seismitoad|Seismitoad, M|83/100
|-damage|p1a: Seismitoad|77/100|[from] Stealth Rock
|
|-heal|p1a: Seismitoad|83/100|[from] Grassy Terrain
|-heal|p1a: Seismitoad|89/100|[from] item: Leftovers
|-fieldend|move: Grassy Terrain
|upkeep
|turn|15
|
|t:|1658881166
|move|p2a: Corviknight|Brave Bird|p1a: Seismitoad
|-damage|p1a: Seismitoad|64/100
|-damage|p2a: Corviknight|49/100|[from] Recoil
|move|p1a: Seismitoad|Scald|p2a: Corviknight
|-damage|p2a: Corviknight|34/100
|
|-heal|p1a: Seismitoad|70/100|[from] item: Leftovers
|upkeep
|turn|16
|
|t:|1658881170
|move|p2a: Corviknight|Roost|p2a: Corviknight
|-heal|p2a: Corviknight|84/100
|-singleturn|p2a: Corviknight|move: Roost
|move|p1a: Seismitoad|Scald|p2a: Corviknight
|-damage|p2a: Corviknight|66/100
|
|-heal|p1a: Seismitoad|76/100|[from] item: Leftovers
|upkeep
|turn|17
|
|t:|1658881178
|move|p2a: Corviknight|Brave Bird|p1a: Seismitoad
|-damage|p1a: Seismitoad|48/100
|-damage|p2a: Corviknight|56/100|[from] Recoil
|move|p1a: Seismitoad|Toxic|p2a: Corviknight|[miss]
|-miss|p1a: Seismitoad|p2a: Corviknight
|
|-heal|p1a: Seismitoad|54/100|[from] item: Leftovers
|upkeep
|turn|18
|
|t:|1658881182
|move|p2a: Corviknight|Roost|p2a: Corviknight
|-heal|p2a: Corviknight|100/100
|-singleturn|p2a: Corviknight|move: Roost
|move|p1a: Seismitoad|Scald|p2a: Corviknight
|-damage|p2a: Corviknight|83/100
|
|-heal|p1a: Seismitoad|60/100|[from] item: Leftovers
|upkeep
|turn|19
|
|t:|1658881187
|switch|p1a: Zapdos|Zapdos|100/100
|-damage|p1a: Zapdos|76/100|[from] Stealth Rock
|-ability|p1a: Zapdos|Pressure
|move|p2a: Corviknight|Brave Bird|p1a: Zapdos
|-resisted|p1a: Zapdos
|-damage|p1a: Zapdos|59/100
|-damage|p2a: Corviknight|78/100|[from] Recoil
|
|upkeep
|turn|20
|
|t:|1658881195
|switch|p2a: Garchomp|Garchomp, F|99/100
|move|p1a: Zapdos|Defog|p2a: Garchomp
|-unboost|p2a: Garchomp|evasion|1
|-sideend|p1: LECH24|Stealth Rock|[from] move: Defog|[of] p1a: Zapdos
|
|-heal|p2a: Garchomp|100/100|[from] item: Leftovers
|upkeep
|turn|21
|
|t:|1658881199
|move|p1a: Zapdos|Roost|p1a: Zapdos
|-heal|p1a: Zapdos|100/100
|-singleturn|p1a: Zapdos|move: Roost
|move|p2a: Garchomp|Stealth Rock|p1a: Zapdos
|-sidestart|p1: LECH24|move: Stealth Rock
|
|upkeep
|turn|22
|
|t:|1658881205
|switch|p1a: Clefable|Clefable, M|100/100 tox
|switch|p2a: Rillaboom|Rillaboom, F|100/100
|-fieldstart|move: Grassy Terrain|[from] ability: Grassy Surge|[of] p2a: Rillaboom
|
|upkeep
|turn|23
|
|t:|1658881217
|switch|p1a: Tapu Bulu|Tapu Bulu|100/100
|-damage|p1a: Tapu Bulu|88/100|[from] Stealth Rock
|move|p2a: Rillaboom|Swords Dance|p2a: Rillaboom
|-boost|p2a: Rillaboom|atk|2
|
|-heal|p1a: Tapu Bulu|94/100|[from] Grassy Terrain
|upkeep
|turn|24
|
|t:|1658881228
|move|p1a: Tapu Bulu|Nature's Madness|p2a: Rillaboom|[miss]
|-miss|p1a: Tapu Bulu|p2a: Rillaboom
|move|p2a: Rillaboom|Knock Off|p1a: Tapu Bulu
|-resisted|p1a: Tapu Bulu
|-damage|p1a: Tapu Bulu|63/100
|-enditem|p1a: Tapu Bulu|Assault Vest|[from] move: Knock Off|[of] p2a: Rillaboom
|
|-heal|p1a: Tapu Bulu|69/100|[from] Grassy Terrain
|upkeep
|turn|25
|
|t:|1658881235
|move|p1a: Tapu Bulu|Nature's Madness|p2a: Rillaboom
|-damage|p2a: Rillaboom|50/100
|move|p2a: Rillaboom|Swords Dance|p2a: Rillaboom
|-boost|p2a: Rillaboom|atk|2
|
|-heal|p1a: Tapu Bulu|75/100|[from] Grassy Terrain
|-heal|p2a: Rillaboom|57/100|[from] Grassy Terrain
|-heal|p2a: Rillaboom|63/100|[from] item: Leftovers
|upkeep
|turn|26
|
|t:|1658881239
|move|p1a: Tapu Bulu|Nature's Madness|p2a: Rillaboom
|-damage|p2a: Rillaboom|32/100
|move|p2a: Rillaboom|Drain Punch|p1a: Tapu Bulu
|-resisted|p1a: Tapu Bulu
|-damage|p1a: Tapu Bulu|36/100
|-heal|p2a: Rillaboom|48/100|[from] drain|[of] p1a: Tapu Bulu
|
|-heal|p1a: Tapu Bulu|42/100|[from] Grassy Terrain
|-heal|p2a: Rillaboom|54/100|[from] Grassy Terrain
|-heal|p2a: Rillaboom|60/100|[from] item: Leftovers
|-fieldend|move: Grassy Terrain
|upkeep
|turn|27
|
|t:|1658881246
|switch|p1a: Zapdos|Zapdos|100/100
|-damage|p1a: Zapdos|76/100|[from] Stealth Rock
|-ability|p1a: Zapdos|Pressure
|move|p2a: Rillaboom|Drain Punch|p1a: Zapdos
|-resisted|p1a: Zapdos
|-damage|p1a: Zapdos|42/100
|-heal|p2a: Rillaboom|75/100|[from] drain|[of] p1a: Zapdos
|
|-heal|p2a: Rillaboom|82/100|[from] item: Leftovers
|upkeep
|turn|28
|
|t:|1658881253
|move|p1a: Zapdos|Roost|p1a: Zapdos
|-heal|p1a: Zapdos|92/100
|-singleturn|p1a: Zapdos|move: Roost
|move|p2a: Rillaboom|Drain Punch|p1a: Zapdos
|-damage|p1a: Zapdos|25/100
|-heal|p2a: Rillaboom|100/100|[from] drain|[of] p1a: Zapdos
|
|upkeep
|turn|29
|
|t:|1658881257
|move|p1a: Zapdos|Roost|p1a: Zapdos
|-heal|p1a: Zapdos|75/100
|-singleturn|p1a: Zapdos|move: Roost
|move|p2a: Rillaboom|Drain Punch|p1a: Zapdos
|-damage|p1a: Zapdos|0 fnt
|faint|p1a: Zapdos
|
|upkeep
|
|t:|1658881271
|switch|p1a: Excadrill|Excadrill, F|100/100
|-damage|p1a: Excadrill|97/100|[from] Stealth Rock
|turn|30
|
|t:|1658881274
|move|p1a: Excadrill|Iron Head|p2a: Rillaboom
|-damage|p2a: Rillaboom|59/100
|move|p2a: Rillaboom|Drain Punch|p1a: Excadrill
|-supereffective|p1a: Excadrill
|-damage|p1a: Excadrill|0 fnt
|-heal|p2a: Rillaboom|100/100|[from] drain|[of] p1a: Excadrill
|faint|p1a: Excadrill
|
|upkeep
|-message|LECH24 forfeited.
|
|win|WishMakerr
|raw|LECH24's rating: 1652 &rarr; <strong>1643</strong><br />(-9 for losing)
|raw|WishMakerr's rating: 1863 &rarr; <strong>1872</strong><br />(+9 for winning)
|l|☆LECH24
