|j|☆MooManBob
|j|☆ArcanineSquad
|t:|1613672681
|player|p1|MooManBob|policeman-gen4|1473
|player|p2|ArcanineSquad|cynthia-gen4|1503
|teamsize|p1|6
|teamsize|p2|6
|gametype|singles
|gen|8
|tier|[Gen 8] OU
|rated|
|clearpoke
|poke|p1|Barraskewda, M|
|poke|p1|Politoed, M|
|poke|p1|Azumarill, M|
|poke|p1|Ferrothorn, M|
|poke|p1|Magearna|
|poke|p1|Nidoking, M|
|poke|p2|Pelipper, F|
|poke|p2|Tornadus-Therian, M|
|poke|p2|Ferrothorn, M|
|poke|p2|Latios, M|
|poke|p2|Swampert, F|
|poke|p2|Barraskewda, M|
|rule|Sleep Clause Mod: Limit one foe put to sleep
|rule|Species Clause: Limit one of each Pokémon
|rule|OHKO Clause: OHKO moves are banned
|rule|Evasion Moves Clause: Evasion moves are banned
|rule|Endless Battle Clause: Forcing endless battles is banned
|rule|HP Percentage Mod: HP is shown in percentages
|rule|Dynamax Clause: You cannot dynamax
|teampreview
|inactive|Battle timer is ON: inactive players will automatically lose when time's up. (requested by ArcanineSquad)
|
|t:|1613672693
|start
|switch|p1a: Politoed|Politoed, M|100/100
|switch|p2a: TROPICAL STORM|Pelipper, F|100/100
|-weather|RainDance|[from] ability: Drizzle|[of] p1a: Politoed
|turn|1
|
|t:|1613672703
|move|p1a: Politoed|Whirlpool|p2a: TROPICAL STORM
|-resisted|p2a: TROPICAL STORM
|-damage|p2a: TROPICAL STORM|89/100
|-activate|p2a: TROPICAL STORM|move: Whirlpool|[of] p1a: Politoed
|move|p2a: TROPICAL STORM|U-turn|p1a: Politoed
|-damage|p1a: Politoed|91/100
|
|t:|1613672720
|switch|p2a: MONEY IN THE GRAVE|Latios, M|100/100|[from]move: U-turn
|
|-weather|RainDance|[upkeep]
|upkeep
|turn|2
|
|t:|1613672724
|move|p2a: MONEY IN THE GRAVE|Psychic|p1a: Politoed
|-damage|p1a: Politoed|49/100
|move|p1a: Politoed|Whirlpool|p2a: MONEY IN THE GRAVE
|-resisted|p2a: MONEY IN THE GRAVE
|-damage|p2a: MONEY IN THE GRAVE|91/100
|-activate|p2a: MONEY IN THE GRAVE|move: Whirlpool|[of] p1a: Politoed
|
|-weather|RainDance|[upkeep]
|-damage|p2a: MONEY IN THE GRAVE|79/100|[from] move: Whirlpool|[partiallytrapped]
|upkeep
|turn|3
|
|t:|1613672732
|move|p1a: Politoed|Protect|p1a: Politoed
|-singleturn|p1a: Politoed|Protect
|move|p2a: MONEY IN THE GRAVE|Psychic|p1a: Politoed
|-activate|p1a: Politoed|move: Protect
|
|-weather|RainDance|[upkeep]
|-damage|p2a: MONEY IN THE GRAVE|66/100|[from] move: Whirlpool|[partiallytrapped]
|upkeep
|turn|4
|
|t:|1613672741
|move|p2a: MONEY IN THE GRAVE|Psychic|p1a: Politoed
|-damage|p1a: Politoed|3/100
|move|p1a: Politoed|Rest|p1a: Politoed
|-status|p1a: Politoed|slp|[from] move: Rest
|-heal|p1a: Politoed|100/100 slp|[silent]
|
|-weather|RainDance|[upkeep]
|-damage|p2a: MONEY IN THE GRAVE|54/100|[from] move: Whirlpool|[partiallytrapped]
|upkeep
|turn|5
|
|t:|1613672750
|switch|p1a: Ferrothorn|Ferrothorn, M|100/100
|move|p2a: MONEY IN THE GRAVE|Psychic|p1a: Ferrothorn
|-resisted|p1a: Ferrothorn
|-damage|p1a: Ferrothorn|70/100
|-unboost|p1a: Ferrothorn|spd|1
|
|-weather|RainDance|[upkeep]
|-heal|p1a: Ferrothorn|76/100|[from] item: Leftovers
|-end|p2a: MONEY IN THE GRAVE|Whirlpool|[partiallytrapped]|[silent]
|upkeep
|turn|6
|
|t:|1613672756
|move|p2a: MONEY IN THE GRAVE|Psychic|p1a: Ferrothorn
|-resisted|p1a: Ferrothorn
|-damage|p1a: Ferrothorn|27/100
|-unboost|p1a: Ferrothorn|spd|1
|move|p1a: Ferrothorn|Leech Seed|p2a: MONEY IN THE GRAVE
|-start|p2a: MONEY IN THE GRAVE|move: Leech Seed
|
|-weather|RainDance|[upkeep]
|-heal|p1a: Ferrothorn|34/100|[from] item: Leftovers
|-damage|p2a: MONEY IN THE GRAVE|42/100|[from] Leech Seed|[of] p1a: Ferrothorn
|-heal|p1a: Ferrothorn|44/100|[silent]
|upkeep
|turn|7
|
|t:|1613672766
|switch|p1a: Politoed|Politoed, M|100/100 slp
|move|p2a: MONEY IN THE GRAVE|Psychic|p1a: Politoed
|-damage|p1a: Politoed|51/100 slp
|
|-weather|RainDance|[upkeep]
|-damage|p2a: MONEY IN THE GRAVE|29/100|[from] Leech Seed|[of] p1a: Politoed
|-heal|p1a: Politoed|61/100 slp|[silent]
|upkeep
|turn|8
|
|t:|1613672774
|switch|p2a: YASEDLORD CTC|Ferrothorn, M|100/100
|switch|p1a: Magearna|Magearna|100/100
|
|-weather|none
|upkeep
|turn|9
|
|t:|1613672780
|switch|p1a: Politoed|Politoed, M|61/100 slp
|-weather|RainDance|[from] ability: Drizzle|[of] p1a: Politoed
|move|p2a: YASEDLORD CTC|Leech Seed|p1a: Politoed
|-start|p1a: Politoed|move: Leech Seed
|
|-weather|RainDance|[upkeep]
|-damage|p1a: Politoed|49/100 slp|[from] Leech Seed|[of] p2a: YASEDLORD CTC
|upkeep
|turn|10
|
|t:|1613672786
|switch|p1a: Barraskewda|Barraskewda, M|100/100
|switch|p2a: MONEY IN THE GRAVE|Latios, M|29/100
|
|-weather|RainDance|[upkeep]
|upkeep
|turn|11
|
|t:|1613672793
|switch|p2a: YASEDLORD CTC|Ferrothorn, M|100/100
|move|p1a: Barraskewda|Flip Turn|p2a: YASEDLORD CTC
|-resisted|p2a: YASEDLORD CTC
|-damage|p2a: YASEDLORD CTC|74/100
|-damage|p1a: Barraskewda|88/100|[from] ability: Iron Barbs|[of] p2a: YASEDLORD CTC
|
|t:|1613672804
|switch|p1a: Azumarill|Azumarill, M|100/100|[from]move: Flip Turn
|
|-weather|RainDance|[upkeep]
|-heal|p2a: YASEDLORD CTC|80/100|[from] item: Leftovers
|upkeep
|turn|12
|
|t:|1613672813
|switch|p2a: NASTY THOUGHTS|Tornadus-Therian, M|100/100
|move|p1a: Azumarill|Belly Drum|p1a: Azumarill
|-damage|p1a: Azumarill|50/100
|-setboost|p1a: Azumarill|atk|6|[from] move: Belly Drum
|-enditem|p1a: Azumarill|Sitrus Berry|[eat]
|-heal|p1a: Azumarill|75/100|[from] item: Sitrus Berry
|
|-weather|RainDance|[upkeep]
|upkeep
|turn|13
|
|t:|1613672824
|switch|p2a: YASEDLORD CTC|Ferrothorn, M|80/100
|move|p1a: Azumarill|Knock Off|p2a: YASEDLORD CTC
|-damage|p2a: YASEDLORD CTC|0 fnt
|-damage|p1a: Azumarill|63/100|[from] ability: Iron Barbs|[of] p2a: YASEDLORD CTC
|-enditem|p2a: YASEDLORD CTC|Leftovers|[from] move: Knock Off|[of] p1a: Azumarill
|faint|p2a: YASEDLORD CTC
|
|-weather|RainDance|[upkeep]
|upkeep
|
|t:|1613672837
|switch|p2a: HYDRAULIC BLAST|Barraskewda, M|100/100
|turn|14
|
|t:|1613672845
|move|p1a: Azumarill|Aqua Jet|p2a: HYDRAULIC BLAST
|-resisted|p2a: HYDRAULIC BLAST
|-damage|p2a: HYDRAULIC BLAST|0 fnt
|faint|p2a: HYDRAULIC BLAST
|
|-weather|RainDance|[upkeep]
|upkeep
|-message|ArcanineSquad forfeited.
|
|win|MooManBob
|l|☆ArcanineSquad
||Ladder (probably) updated, but score could not be retrieved (Request timeout).
