|j|☆Lunar Neo
|j|☆yung snek
|player|p1|Lunar Neo|248|1578
|player|p2|yung snek|82|1543
|teamsize|p1|6
|teamsize|p2|6
|gametype|singles
|gen|8
|tier|[Gen 8] OU
|rated|
|rule|Sleep Clause Mod: Limit one foe put to sleep
|rule|Species Clause: Limit one of each Pokémon
|rule|OHKO Clause: OHKO moves are banned
|rule|Evasion Moves Clause: Evasion moves are banned
|rule|Endless Battle Clause: Forcing endless battles is banned
|rule|HP Percentage Mod: HP is shown in percentages
|clearpoke
|poke|p1|Hydreigon, M|
|poke|p1|Mamoswine, F|
|poke|p1|Aegislash, M|
|poke|p1|Clefable, F|
|poke|p1|Rotom-Wash|
|poke|p1|Toxtricity, F|
|poke|p2|Runerigus, F|
|poke|p2|Tyranitar, F|
|poke|p2|Arctovish|
|poke|p2|Mew|
|poke|p2|Reuniclus, M|
|poke|p2|Escavalier, M|
|teampreview
|inactive|Battle timer is ON: inactive players will automatically lose when time's up. (requested by Lunar Neo)
|
|start
|switch|p1a: Mamoswine|Mamoswine, F|100/100
|switch|p2a: Mew|Mew|100/100
|turn|1
|
|move|p2a: Mew|Will-O-Wisp|p1a: Mamoswine
|-status|p1a: Mamoswine|brn
|move|p1a: Mamoswine|Stealth Rock|p2a: Mew
|-sidestart|p2: yung snek|move: Stealth Rock
|
|-damage|p1a: Mamoswine|94/100 brn|[from] brn
|upkeep
|turn|2
|
|switch|p1a: Hydreigon|Hydreigon, M|100/100
|move|p2a: Mew|Trick Room|p2a: Mew
|-fieldstart|move: Trick Room|[of] p2a: Mew
|
|upkeep
|turn|3
|
|move|p2a: Mew|U-turn|p1a: Hydreigon
|-supereffective|p1a: Hydreigon
|-damage|p1a: Hydreigon|56/100
|
|switch|p2a: Escavalier|Escavalier, M|100/100|[from]move: U-turn
|-damage|p2a: Escavalier|88/100|[from] Stealth Rock
|move|p1a: Hydreigon|Dark Pulse|p2a: Escavalier
|-damage|p2a: Escavalier|62/100
|
|-heal|p1a: Hydreigon|62/100|[from] item: Leftovers
|upkeep
|turn|4
|j| JustKarpingAround
|j| Tavi97
|
|switch|p1a: Aegislash|Aegislash, M|100/100
|move|p2a: Escavalier|Knock Off|p1a: Aegislash
|-supereffective|p1a: Aegislash
|-damage|p1a: Aegislash|42/100
|-enditem|p1a: Aegislash|Leftovers|[from] move: Knock Off|[of] p2a: Escavalier
|
|upkeep
|turn|5
|
|switch|p2a: Tyranitar|Tyranitar, F|100/100
|-damage|p2a: Tyranitar|88/100|[from] Stealth Rock
|-weather|Sandstorm|[from] ability: Sand Stream|[of] p2a: Tyranitar
|move|p1a: Aegislash|King's Shield||[still]
|-fail|p1a: Aegislash
|
|-weather|Sandstorm|[upkeep]
|upkeep
|turn|6
|
|switch|p1a: Rotom|Rotom-Wash|100/100
|move|p2a: Tyranitar|Crunch|p1a: Rotom
|-damage|p1a: Rotom|42/100
|
|-weather|Sandstorm|[upkeep]
|-damage|p1a: Rotom|36/100|[from] Sandstorm
|-heal|p1a: Rotom|42/100|[from] item: Leftovers
|-fieldend|move: Trick Room
|upkeep
|turn|7
|
|switch|p2a: Mew|Mew|100/100
|-damage|p2a: Mew|88/100|[from] Stealth Rock
|move|p1a: Rotom|Will-O-Wisp|p2a: Mew
|-status|p2a: Mew|brn
|-activate|p2a: Mew|ability: Synchronize
|-status|p1a: Rotom|brn
|
|-weather|Sandstorm|[upkeep]
|-damage|p2a: Mew|82/100 brn|[from] Sandstorm
|-damage|p1a: Rotom|36/100 brn|[from] Sandstorm
|-heal|p2a: Mew|88/100 brn|[from] item: Leftovers
|-heal|p1a: Rotom|42/100 brn|[from] item: Leftovers
|-damage|p2a: Mew|82/100 brn|[from] brn
|-damage|p1a: Rotom|36/100 brn|[from] brn
|upkeep
|turn|8
|
|move|p1a: Rotom|Volt Switch|p2a: Mew
|-damage|p2a: Mew|59/100 brn
|
|switch|p1a: Aegislash|Aegislash, M|42/100|[from]move: Volt Switch
|move|p2a: Mew|Trick Room|p2a: Mew
|-fieldstart|move: Trick Room|[of] p2a: Mew
|
|-weather|Sandstorm|[upkeep]
|-damage|p2a: Mew|52/100 brn|[from] Sandstorm
|-heal|p2a: Mew|59/100 brn|[from] item: Leftovers
|-damage|p2a: Mew|52/100 brn|[from] brn
|upkeep
|turn|9
|
|-formechange|p1a: Aegislash|Aegislash-Blade||[from] ability: Stance Change
|move|p1a: Aegislash|Shadow Ball|p2a: Mew
|-supereffective|p2a: Mew
|-damage|p2a: Mew|0 fnt
|faint|p2a: Mew
|
|-weather|none
|upkeep
|
|switch|p2a: Reuniclus|Reuniclus, M|100/100
|turn|10
|
|switch|p1a: Hydreigon|Hydreigon, M|62/100
|move|p2a: Reuniclus|Shadow Ball|p1a: Hydreigon
|-resisted|p1a: Hydreigon
|-damage|p1a: Hydreigon|40/100
|
|-heal|p1a: Hydreigon|46/100|[from] item: Leftovers
|upkeep
|turn|11
|
|switch|p1a: Aegislash|Aegislash, M|42/100
|move|p2a: Reuniclus|Shadow Ball|p1a: Aegislash
|-supereffective|p1a: Aegislash
|-damage|p1a: Aegislash|0 fnt
|faint|p1a: Aegislash
|
|upkeep
|
|switch|p1a: Hydreigon|Hydreigon, M|46/100
|turn|12
|
|move|p2a: Reuniclus|Focus Blast|p1a: Hydreigon
|-supereffective|p1a: Hydreigon
|-damage|p1a: Hydreigon|0 fnt
|faint|p1a: Hydreigon
|
|-fieldend|move: Trick Room
|upkeep
|
|switch|p1a: Toxtricity|Toxtricity, F|100/100
|turn|13
|
|switch|p1a: Rotom|Rotom-Wash|36/100 brn
|move|p2a: Reuniclus|Trick Room|p2a: Reuniclus
|-fieldstart|move: Trick Room|[of] p2a: Reuniclus
|
|-heal|p1a: Rotom|42/100 brn|[from] item: Leftovers
|-damage|p1a: Rotom|36/100 brn|[from] brn
|upkeep
|turn|14
|c|☆yung snek|gg
|
|move|p2a: Reuniclus|Psychic|p1a: Rotom
|-damage|p1a: Rotom|0 fnt
|faint|p1a: Rotom
|
|upkeep
|
|switch|p1a: Clefable|Clefable, F|100/100
|turn|15
|
|-start|p1a: Clefable|Dynamax
|-heal|p1a: Clefable|100/100|[silent]
|move|p2a: Reuniclus|Psychic|p1a: Clefable
|-damage|p1a: Clefable|76/100
|move|p1a: Clefable|Max Starfall|p2a: Reuniclus
|-damage|p2a: Reuniclus|60/100
|-fieldstart|move: Misty Terrain
|
|-heal|p1a: Clefable|79/100|[from] item: Leftovers
|upkeep
|turn|16
|
|move|p2a: Reuniclus|Psychic|p1a: Clefable
|-damage|p1a: Clefable|50/100
|move|p1a: Clefable|Max Starfall|p2a: Reuniclus
|-damage|p2a: Reuniclus|23/100
|
|-heal|p1a: Clefable|53/100|[from] item: Leftovers
|upkeep
|turn|17
|
|move|p2a: Reuniclus|Psychic|p1a: Clefable
|-damage|p1a: Clefable|27/100
|move|p1a: Clefable|Max Starfall|p2a: Reuniclus
|-damage|p2a: Reuniclus|0 fnt
|faint|p2a: Reuniclus
|
|-heal|p1a: Clefable|30/100|[from] item: Leftovers
|-fieldend|move: Trick Room
|-end|p1a: Clefable|Dynamax
|-heal|p1a: Clefable|30/100|[silent]
|upkeep
|
|switch|p2a: Runerigus|Runerigus, F|100/100
|-damage|p2a: Runerigus|95/100|[from] Stealth Rock
|turn|18
|
|move|p1a: Clefable|Moonlight|p1a: Clefable
|-heal|p1a: Clefable|80/100
|move|p2a: Runerigus|Trick Room|p2a: Runerigus
|-fieldstart|move: Trick Room|[of] p2a: Runerigus
|
|-heal|p1a: Clefable|86/100|[from] item: Leftovers
|upkeep
|turn|19
|
|switch|p2a: Escavalier|Escavalier, M|62/100
|-damage|p2a: Escavalier|49/100|[from] Stealth Rock
|move|p1a: Clefable|Moonblast|p2a: Escavalier
|-resisted|p2a: Escavalier
|-crit|p2a: Escavalier
|-damage|p2a: Escavalier|34/100
|
|-heal|p1a: Clefable|92/100|[from] item: Leftovers
|-fieldend|Misty Terrain
|upkeep
|turn|20
|
|move|p2a: Escavalier|Iron Head|p1a: Clefable
|-supereffective|p1a: Clefable
|-damage|p1a: Clefable|2/100
|move|p1a: Clefable|Flamethrower|p2a: Escavalier
|-supereffective|p2a: Escavalier
|-damage|p2a: Escavalier|0 fnt
|faint|p2a: Escavalier
|
|-heal|p1a: Clefable|8/100|[from] item: Leftovers
|upkeep
|
|switch|p2a: Arctovish|Arctovish|100/100
|turn|21
|
|move|p2a: Arctovish|Fishious Rend|p1a: Clefable
|-damage|p1a: Clefable|0 fnt
|faint|p1a: Clefable
|
|upkeep
|
|switch|p1a: Toxtricity|Toxtricity, F|100/100
|turn|22
|
|move|p2a: Arctovish|Fishious Rend|p1a: Toxtricity
|-damage|p1a: Toxtricity|0 fnt
|faint|p1a: Toxtricity
|
|-fieldend|move: Trick Room
|upkeep
|
|switch|p1a: Mamoswine|Mamoswine, F|94/100 brn
|turn|23
|
|move|p1a: Mamoswine|Earthquake|p2a: Arctovish
|-damage|p2a: Arctovish|74/100
|move|p2a: Arctovish|Fishious Rend|p1a: Mamoswine
|-supereffective|p1a: Mamoswine
|-damage|p1a: Mamoswine|25/100 brn
|
|-damage|p1a: Mamoswine|19/100 brn|[from] brn
|upkeep
|turn|24
|
|move|p1a: Mamoswine|Earthquake|p2a: Arctovish
|-damage|p2a: Arctovish|44/100
|move|p2a: Arctovish|Fishious Rend|p1a: Mamoswine
|-supereffective|p1a: Mamoswine
|-damage|p1a: Mamoswine|0 fnt
|faint|p1a: Mamoswine
|
|win|yung snek
|l|☆Lunar Neo
