|j|☆Sky0401
|j|☆Draco09876
|t:|1653810426
|gametype|singles
|player|p1|Sky0401|170|1731
|player|p2|Draco09876|1|1732
|teamsize|p1|6
|teamsize|p2|6
|gen|8
|tier|[Gen 8] OU
|rated|
|rule|Sleep Clause Mod: Limit one foe put to sleep
|rule|Species Clause: Limit one of each Pokémon
|rule|OHKO Clause: OHKO moves are banned
|rule|Evasion Moves Clause: Evasion moves are banned
|rule|Endless Battle Clause: Forcing endless battles is banned
|rule|HP Percentage Mod: HP is shown in percentages
|rule|Dynamax Clause: You cannot dynamax
|clearpoke
|poke|p1|Tyranitar, M|
|poke|p1|Excadrill, M|
|poke|p1|Landorus-Therian, M|
|poke|p1|Clefable, F|
|poke|p1|Dragapult, F|
|poke|p1|Zapdos|
|poke|p2|Dragapult, F|
|poke|p2|Mandibuzz, F|
|poke|p2|Slowking-Galar, F|
|poke|p2|Ferrothorn, F|
|poke|p2|Urshifu-*, M|
|poke|p2|Swampert, F|
|teampreview
|inactive|Battle timer is ON: inactive players will automatically lose when time's up. (requested by Sky0401)
|j| Ayayahsgsg
|
|t:|1653810442
|start
|switch|p1a: Landorus|Landorus-Therian, M|100/100
|switch|p2a: Dragapult|Dragapult, F|100/100
|-ability|p1a: Landorus|Intimidate|boost
|-unboost|p2a: Dragapult|atk|1
|turn|1
|
|t:|1653810457
|switch|p1a: Dragapult|Dragapult, F|100/100
|move|p2a: Dragapult|Draco Meteor|p1a: Dragapult|[miss]
|-miss|p2a: Dragapult|p1a: Dragapult
|
|upkeep
|turn|2
|c|☆Draco09876|nice
|
|t:|1653810472
|switch|p2a: Slowking|Slowking-Galar, F|100/100
|switch|p1a: Tyranitar|Tyranitar, M|100/100
|-weather|Sandstorm|[from] ability: Sand Stream|[of] p1a: Tyranitar
|
|-weather|Sandstorm|[upkeep]
|-damage|p2a: Slowking|94/100|[from] Sandstorm
|upkeep
|turn|3
|j| Simpality
|
|t:|1653810489
|move|p1a: Tyranitar|Stealth Rock|p2a: Slowking
|-sidestart|p2: Draco09876|move: Stealth Rock
|move|p2a: Slowking|Future Sight|p1a: Tyranitar
|-start|p2a: Slowking|move: Future Sight
|
|-weather|Sandstorm|[upkeep]
|-damage|p2a: Slowking|88/100|[from] Sandstorm
|upkeep
|turn|4
|
|t:|1653810496
|switch|p2a: Ferrothorn|Ferrothorn, F|100/100
|-damage|p2a: Ferrothorn|94/100|[from] Stealth Rock
|move|p1a: Tyranitar|Thunder Wave|p2a: Ferrothorn
|-status|p2a: Ferrothorn|par
|
|-weather|Sandstorm|[upkeep]
|-heal|p2a: Ferrothorn|100/100 par|[from] item: Leftovers
|upkeep
|turn|5
|l| Simpality
|
|t:|1653810513
|move|p1a: Tyranitar|Earthquake|p2a: Ferrothorn
|-damage|p2a: Ferrothorn|83/100 par
|move|p2a: Ferrothorn|Body Press|p1a: Tyranitar
|-supereffective|p1a: Tyranitar
|-damage|p1a: Tyranitar|11/100
|
|-weather|Sandstorm|[upkeep]
|-end|p1a: Tyranitar|move: Future Sight
|-immune|p1a: Tyranitar
|-heal|p1a: Tyranitar|18/100|[from] item: Leftovers
|-heal|p2a: Ferrothorn|89/100 par|[from] item: Leftovers
|upkeep
|turn|6
|
|t:|1653810528
|switch|p1a: Zapdos|Zapdos|100/100
|cant|p2a: Ferrothorn|par
|
|-weather|none
|-heal|p2a: Ferrothorn|95/100 par|[from] item: Leftovers
|upkeep
|turn|7
|
|t:|1653810535
|switch|p2a: Swampert|Swampert, F|100/100
|-damage|p2a: Swampert|94/100|[from] Stealth Rock
|move|p1a: Zapdos|Hurricane|p2a: Swampert
|-damage|p2a: Swampert|64/100
|
|-heal|p2a: Swampert|71/100|[from] item: Leftovers
|upkeep
|turn|8
|
|t:|1653810547
|move|p1a: Zapdos|Hurricane|p2a: Swampert|[miss]
|-miss|p1a: Zapdos|p2a: Swampert
|move|p2a: Swampert|Stealth Rock|p1a: Zapdos
|-sidestart|p1: Sky0401|move: Stealth Rock
|
|-heal|p2a: Swampert|77/100|[from] item: Leftovers
|upkeep
|turn|9
|
|t:|1653810552
|switch|p1a: Clefable|Clefable, F|100/100
|move|p2a: Swampert|Yawn|p1a: Clefable
|-start|p1a: Clefable|move: Yawn|[of] p2a: Swampert
|
|-heal|p2a: Swampert|83/100|[from] item: Leftovers
|upkeep
|turn|10
|
|t:|1653810557
|move|p2a: Swampert|Flip Turn|p1a: Clefable
|-damage|p1a: Clefable|83/100
|
|t:|1653810562
|switch|p2a: Slowking|Slowking-Galar, F|100/100|[from]move: Flip Turn
|-damage|p2a: Slowking|88/100|[from] Stealth Rock
|move|p1a: Clefable|Teleport|p1a: Clefable
|
|t:|1653810572
|switch|p1a: Excadrill|Excadrill, M|100/100|[from]move: Teleport
|-damage|p1a: Excadrill|97/100|[from] Stealth Rock
|
|upkeep
|turn|11
|
|t:|1653810580
|move|p1a: Excadrill|Rock Slide|p2a: Slowking
|-damage|p2a: Slowking|50/100
|-damage|p1a: Excadrill|87/100|[from] item: Life Orb
|cant|p2a: Slowking|flinch
|
|upkeep
|turn|12
|
|t:|1653810592
|switch|p2a: Ferrothorn|Ferrothorn, F|95/100 par
|-damage|p2a: Ferrothorn|89/100 par|[from] Stealth Rock
|move|p1a: Excadrill|Rapid Spin|p2a: Ferrothorn
|-resisted|p2a: Ferrothorn
|-damage|p2a: Ferrothorn|82/100 par
|-boost|p1a: Excadrill|spe|1
|-damage|p1a: Excadrill|75/100|[from] ability: Iron Barbs|[of] p2a: Ferrothorn
|-sideend|p1: Sky0401|Stealth Rock|[from] move: Rapid Spin|[of] p1a: Excadrill
|-damage|p1a: Excadrill|65/100|[from] item: Life Orb
|
|-heal|p2a: Ferrothorn|88/100 par|[from] item: Leftovers
|upkeep
|turn|13
|
|t:|1653810607
|switch|p1a: Clefable|Clefable, F|83/100
|move|p2a: Ferrothorn|Leech Seed|p1a: Clefable
|-start|p1a: Clefable|move: Leech Seed
|
|-heal|p1a: Clefable|89/100|[from] item: Leftovers
|-heal|p2a: Ferrothorn|95/100 par|[from] item: Leftovers
|upkeep
|turn|14
|
|t:|1653810614
|switch|p2a: Slowking|Slowking-Galar, F|84/100
|-damage|p2a: Slowking|71/100|[from] Stealth Rock
|move|p1a: Clefable|Fire Blast|p2a: Slowking
|-damage|p2a: Slowking|58/100
|
|-heal|p1a: Clefable|95/100|[from] item: Leftovers
|upkeep
|turn|15
|j| uasdhybfjhsbf
|
|t:|1653810627
|move|p2a: Slowking|Flamethrower|p1a: Clefable
|-damage|p1a: Clefable|64/100
|move|p1a: Clefable|Teleport|p1a: Clefable
|
|t:|1653810631
|switch|p1a: Tyranitar|Tyranitar, M|18/100|[from]move: Teleport
|-weather|Sandstorm|[from] ability: Sand Stream|[of] p1a: Tyranitar
|
|-weather|Sandstorm|[upkeep]
|-damage|p2a: Slowking|52/100|[from] Sandstorm
|-heal|p1a: Tyranitar|24/100|[from] item: Leftovers
|upkeep
|turn|16
|
|t:|1653810637
|switch|p1a: Landorus|Landorus-Therian, M|100/100
|-ability|p1a: Landorus|Intimidate|boost
|-unboost|p2a: Slowking|atk|1
|switch|p2a: Swampert|Swampert, F|83/100
|-damage|p2a: Swampert|77/100|[from] Stealth Rock
|
|-weather|Sandstorm|[upkeep]
|-heal|p2a: Swampert|83/100|[from] item: Leftovers
|upkeep
|turn|17
|
|t:|1653810643
|move|p1a: Landorus|Toxic|p2a: Swampert
|-status|p2a: Swampert|tox
|move|p2a: Swampert|Flip Turn|p1a: Landorus
|-supereffective|p1a: Landorus
|-damage|p1a: Landorus|70/100
|-damage|p2a: Swampert|66/100 tox|[from] item: Rocky Helmet|[of] p1a: Landorus
|
|t:|1653810646
|switch|p2a: Urshifu|Urshifu-Rapid-Strike, M|100/100|[from]move: Flip Turn
|-damage|p2a: Urshifu|94/100|[from] Stealth Rock
|
|-weather|Sandstorm|[upkeep]
|-damage|p2a: Urshifu|88/100|[from] Sandstorm
|upkeep
|turn|18
|
|t:|1653810651
|switch|p1a: Zapdos|Zapdos|100/100
|move|p2a: Urshifu|Surging Strikes|p1a: Zapdos
|-crit|p1a: Zapdos
|-damage|p1a: Zapdos|78/100
|-status|p2a: Urshifu|par|[from] ability: Static|[of] p1a: Zapdos
|-crit|p1a: Zapdos
|-damage|p1a: Zapdos|55/100
|-crit|p1a: Zapdos
|-damage|p1a: Zapdos|32/100
|-hitcount|p1a: Zapdos|3
|
|-weather|Sandstorm|[upkeep]
|-damage|p1a: Zapdos|26/100|[from] Sandstorm
|-damage|p2a: Urshifu|82/100 par|[from] Sandstorm
|upkeep
|turn|19
|
|t:|1653810659
|move|p1a: Zapdos|Volt Switch|p2a: Urshifu
|-supereffective|p2a: Urshifu
|-damage|p2a: Urshifu|0 fnt
|faint|p2a: Urshifu
|
|t:|1653810664
|switch|p1a: Excadrill|Excadrill, M|65/100|[from]move: Volt Switch
|
|-weather|none
|upkeep
|
|t:|1653810668
|switch|p2a: Dragapult|Dragapult, F|100/100
|-damage|p2a: Dragapult|88/100|[from] Stealth Rock
|turn|20
|
|t:|1653810673
|switch|p1a: Tyranitar|Tyranitar, M|24/100
|-weather|Sandstorm|[from] ability: Sand Stream|[of] p1a: Tyranitar
|move|p2a: Dragapult|Shadow Ball|p1a: Tyranitar
|-resisted|p1a: Tyranitar
|-crit|p1a: Tyranitar
|-damage|p1a: Tyranitar|8/100
|
|-weather|Sandstorm|[upkeep]
|-damage|p2a: Dragapult|82/100|[from] Sandstorm
|-heal|p1a: Tyranitar|15/100|[from] item: Leftovers
|upkeep
|turn|21
|
|t:|1653810687
|switch|p2a: Swampert|Swampert, F|66/100 tox
|-damage|p2a: Swampert|60/100 tox|[from] Stealth Rock
|move|p1a: Tyranitar|Rock Blast|p2a: Swampert|[miss]
|-miss|p1a: Tyranitar|p2a: Swampert
|
|-weather|Sandstorm|[upkeep]
|-heal|p1a: Tyranitar|21/100|[from] item: Leftovers
|-heal|p2a: Swampert|66/100 tox|[from] item: Leftovers
|-damage|p2a: Swampert|60/100 tox|[from] psn
|upkeep
|turn|22
|l| Ayayahsgsg
|
|t:|1653810695
|switch|p1a: Clefable|Clefable, F|64/100
|move|p2a: Swampert|Flip Turn|p1a: Clefable
|-damage|p1a: Clefable|46/100
|
|t:|1653810699
|switch|p2a: Dragapult|Dragapult, F|82/100|[from]move: Flip Turn
|-damage|p2a: Dragapult|70/100|[from] Stealth Rock
|
|-weather|Sandstorm|[upkeep]
|-damage|p2a: Dragapult|64/100|[from] Sandstorm
|-heal|p1a: Clefable|52/100|[from] item: Leftovers
|upkeep
|turn|23
|
|t:|1653810701
|move|p2a: Dragapult|Shadow Ball|p1a: Clefable
|-damage|p1a: Clefable|4/100
|move|p1a: Clefable|Moonblast|p2a: Dragapult
|-supereffective|p2a: Dragapult
|-damage|p2a: Dragapult|0 fnt
|faint|p2a: Dragapult
|
|-weather|Sandstorm|[upkeep]
|-heal|p1a: Clefable|10/100|[from] item: Leftovers
|upkeep
|
|t:|1653810720
|switch|p2a: Mandibuzz|Mandibuzz, F|100/100
|turn|24
|
|t:|1653810729
|switch|p1a: Landorus|Landorus-Therian, M|70/100
|-ability|p1a: Landorus|Intimidate|boost
|-unboost|p2a: Mandibuzz|atk|1
|move|p2a: Mandibuzz|Knock Off|p1a: Landorus
|-damage|p1a: Landorus|59/100
|-damage|p2a: Mandibuzz|84/100|[from] item: Rocky Helmet|[of] p1a: Landorus
|-enditem|p1a: Landorus|Rocky Helmet|[from] move: Knock Off|[of] p2a: Mandibuzz
|
|-weather|none
|upkeep
|turn|25
|
|t:|1653810733
|switch|p2a: Ferrothorn|Ferrothorn, F|95/100 par
|-damage|p2a: Ferrothorn|88/100 par|[from] Stealth Rock
|move|p1a: Landorus|Toxic||[still]
|-fail|p1a: Landorus
|
|-heal|p2a: Ferrothorn|95/100 par|[from] item: Leftovers
|upkeep
|turn|26
|
|t:|1653810740
|switch|p1a: Zapdos|Zapdos|26/100
|move|p2a: Ferrothorn|Leech Seed|p1a: Zapdos|[miss]
|-miss|p2a: Ferrothorn|p1a: Zapdos
|
|-heal|p2a: Ferrothorn|100/100 par|[from] item: Leftovers
|upkeep
|turn|27
|
|t:|1653810744
|move|p1a: Zapdos|Roost|p1a: Zapdos
|-heal|p1a: Zapdos|76/100
|-singleturn|p1a: Zapdos|move: Roost
|move|p2a: Ferrothorn|Leech Seed|p1a: Zapdos
|-start|p1a: Zapdos|move: Leech Seed
|
|-damage|p1a: Zapdos|63/100|[from] Leech Seed|[of] p2a: Ferrothorn
|upkeep
|turn|28
|
|t:|1653810748
|move|p1a: Zapdos|Roost|p1a: Zapdos
|-heal|p1a: Zapdos|100/100
|-singleturn|p1a: Zapdos|move: Roost
|move|p2a: Ferrothorn|Knock Off|p1a: Zapdos
|-damage|p1a: Zapdos|86/100
|-enditem|p1a: Zapdos|Heavy-Duty Boots|[from] move: Knock Off|[of] p2a: Ferrothorn
|
|-damage|p1a: Zapdos|73/100|[from] Leech Seed|[of] p2a: Ferrothorn
|upkeep
|turn|29
|
|t:|1653810751
|switch|p2a: Swampert|Swampert, F|60/100 tox
|-damage|p2a: Swampert|54/100 tox|[from] Stealth Rock
|move|p1a: Zapdos|Heat Wave|p2a: Swampert
|-resisted|p2a: Swampert
|-damage|p2a: Swampert|45/100 tox
|
|-heal|p2a: Swampert|51/100 tox|[from] item: Leftovers
|-damage|p1a: Zapdos|61/100|[from] Leech Seed|[of] p2a: Swampert
|-heal|p2a: Swampert|63/100 tox|[silent]
|-damage|p2a: Swampert|56/100 tox|[from] psn
|upkeep
|turn|30
|
|t:|1653810757
|switch|p1a: Dragapult|Dragapult, F|100/100
|move|p2a: Swampert|Stealth Rock|p1a: Dragapult
|-sidestart|p1: Sky0401|move: Stealth Rock
|
|-heal|p2a: Swampert|63/100 tox|[from] item: Leftovers
|-damage|p2a: Swampert|50/100 tox|[from] psn
|upkeep
|turn|31
|
|t:|1653810765
|switch|p2a: Mandibuzz|Mandibuzz, F|84/100
|move|p1a: Dragapult|U-turn|p2a: Mandibuzz
|-damage|p2a: Mandibuzz|74/100
|
|t:|1653810778
|switch|p1a: Zapdos|Zapdos|61/100|[from]move: U-turn
|-damage|p1a: Zapdos|36/100|[from] Stealth Rock
|
|upkeep
|turn|32
|
|t:|1653810783
|move|p1a: Zapdos|Roost|p1a: Zapdos
|-heal|p1a: Zapdos|86/100
|-singleturn|p1a: Zapdos|move: Roost
|move|p2a: Mandibuzz|Whirlwind|p1a: Zapdos
|drag|p1a: Tyranitar|Tyranitar, M|21/100
|-damage|p1a: Tyranitar|8/100|[from] Stealth Rock
|-weather|Sandstorm|[from] ability: Sand Stream|[of] p1a: Tyranitar
|
|-weather|Sandstorm|[upkeep]
|-heal|p1a: Tyranitar|15/100|[from] item: Leftovers
|upkeep
|turn|33
|j| afduihidsuhfiuhds
|
|t:|1653810793
|switch|p1a: Excadrill|Excadrill, M|65/100
|-damage|p1a: Excadrill|62/100|[from] Stealth Rock
|move|p2a: Mandibuzz|Knock Off|p1a: Excadrill
|-damage|p1a: Excadrill|30/100
|-enditem|p1a: Excadrill|Life Orb|[from] move: Knock Off|[of] p2a: Mandibuzz
|
|-weather|Sandstorm|[upkeep]
|upkeep
|turn|34
|
|t:|1653810799
|move|p1a: Excadrill|Rapid Spin|p2a: Mandibuzz
|-damage|p2a: Mandibuzz|63/100
|-boost|p1a: Excadrill|spe|1
|-sideend|p1: Sky0401|Stealth Rock|[from] move: Rapid Spin|[of] p1a: Excadrill
|move|p2a: Mandibuzz|Whirlwind|p1a: Excadrill
|drag|p1a: Clefable|Clefable, F|10/100
|
|-weather|Sandstorm|[upkeep]
|-heal|p1a: Clefable|16/100|[from] item: Leftovers
|upkeep
|turn|35
|
|t:|1653810809
|move|p2a: Mandibuzz|Knock Off|p1a: Clefable
|-resisted|p1a: Clefable
|-damage|p1a: Clefable|7/100
|-enditem|p1a: Clefable|Leftovers|[from] move: Knock Off|[of] p2a: Mandibuzz
|move|p1a: Clefable|Wish|p1a: Clefable
|
|-weather|Sandstorm|[upkeep]
|upkeep
|turn|36
|
|t:|1653810832
|switch|p1a: Excadrill|Excadrill, M|30/100
|move|p2a: Mandibuzz|Whirlwind|p1a: Excadrill
|drag|p1a: Tyranitar|Tyranitar, M|15/100
|
|-weather|none
|-heal|p1a: Tyranitar|63/100|[from] move: Wish|[wisher] Clefable
|-heal|p1a: Tyranitar|70/100|[from] item: Leftovers
|upkeep
|turn|37
|
|t:|1653810840
|move|p2a: Mandibuzz|Defog|p1a: Tyranitar
|-unboost|p1a: Tyranitar|evasion|1
|-sideend|p2: Draco09876|Stealth Rock|[from] move: Defog|[of] p2a: Mandibuzz
|move|p1a: Tyranitar|Thunder Wave|p2a: Mandibuzz|[miss]
|-miss|p1a: Tyranitar|p2a: Mandibuzz
|
|-heal|p1a: Tyranitar|76/100|[from] item: Leftovers
|upkeep
|turn|38
|
|t:|1653810846
|switch|p2a: Ferrothorn|Ferrothorn, F|100/100 par
|move|p1a: Tyranitar|Stealth Rock|p2a: Ferrothorn
|-sidestart|p2: Draco09876|move: Stealth Rock
|
|-heal|p1a: Tyranitar|82/100|[from] item: Leftovers
|upkeep
|turn|39
|
|t:|1653810855
|switch|p1a: Zapdos|Zapdos|86/100
|move|p2a: Ferrothorn|Spikes|p1a: Zapdos
|-sidestart|p1: Sky0401|Spikes
|
|upkeep
|turn|40
|
|t:|1653810859
|switch|p2a: Swampert|Swampert, F|50/100 tox
|-damage|p2a: Swampert|44/100 tox|[from] Stealth Rock
|move|p1a: Zapdos|Hurricane|p2a: Swampert|[miss]
|-miss|p1a: Zapdos|p2a: Swampert
|
|-heal|p2a: Swampert|50/100 tox|[from] item: Leftovers
|-damage|p2a: Swampert|44/100 tox|[from] psn
|upkeep
|turn|41
|
|t:|1653810864
|move|p1a: Zapdos|Hurricane|p2a: Swampert
|-damage|p2a: Swampert|12/100 tox
|-start|p2a: Swampert|confusion
|-activate|p2a: Swampert|confusion
|move|p2a: Swampert|Stealth Rock|p1a: Zapdos
|-sidestart|p1: Sky0401|move: Stealth Rock
|
|-heal|p2a: Swampert|18/100 tox|[from] item: Leftovers
|-damage|p2a: Swampert|6/100 tox|[from] psn
|upkeep
|turn|42
|
|t:|1653810871
|move|p1a: Zapdos|Heat Wave|p2a: Swampert
|-resisted|p2a: Swampert
|-damage|p2a: Swampert|0 fnt
|faint|p2a: Swampert
|
|upkeep
|
|t:|1653810875
|switch|p2a: Slowking|Slowking-Galar, F|85/100
|-damage|p2a: Slowking|73/100|[from] Stealth Rock
|turn|43
|
|t:|1653810880
|move|p1a: Zapdos|Volt Switch|p2a: Slowking
|-crit|p2a: Slowking
|-damage|p2a: Slowking|47/100
|
|t:|1653810890
|switch|p1a: Clefable|Clefable, F|7/100|[from]move: Volt Switch
|move|p2a: Slowking|Sludge Bomb|p1a: Clefable
|-supereffective|p1a: Clefable
|-damage|p1a: Clefable|0 fnt
|faint|p1a: Clefable
|
|upkeep
|
|t:|1653810901
|switch|p1a: Excadrill|Excadrill, M|30/100
|-damage|p1a: Excadrill|18/100|[from] Spikes
|-damage|p1a: Excadrill|15/100|[from] Stealth Rock
|turn|44
|
|t:|1653810907
|move|p1a: Excadrill|Rapid Spin|p2a: Slowking
|-damage|p2a: Slowking|24/100
|-boost|p1a: Excadrill|spe|1
|-sideend|p1: Sky0401|Spikes|[from] move: Rapid Spin|[of] p1a: Excadrill
|-sideend|p1: Sky0401|Stealth Rock|[from] move: Rapid Spin|[of] p1a: Excadrill
|move|p2a: Slowking|Flamethrower|p1a: Excadrill
|-supereffective|p1a: Excadrill
|-damage|p1a: Excadrill|0 fnt
|faint|p1a: Excadrill
|
|upkeep
|
|t:|1653810919
|switch|p1a: Dragapult|Dragapult, F|100/100
|turn|45
|
|t:|1653810922
|switch|p2a: Mandibuzz|Mandibuzz, F|63/100
|move|p1a: Dragapult|Shadow Ball|p2a: Mandibuzz
|-resisted|p2a: Mandibuzz
|-damage|p2a: Mandibuzz|42/100
|
|upkeep
|turn|46
|
|t:|1653810932
|switch|p1a: Zapdos|Zapdos|86/100
|move|p2a: Mandibuzz|Defog|p1a: Zapdos
|-unboost|p1a: Zapdos|evasion|1
|-sideend|p2: Draco09876|Stealth Rock|[from] move: Defog|[of] p2a: Mandibuzz
|
|upkeep
|turn|47
|
|t:|1653810936
|switch|p2a: Slowking|Slowking-Galar, F|58/100
|move|p1a: Zapdos|Volt Switch|p2a: Slowking
|-damage|p2a: Slowking|41/100
|
|t:|1653810943
|switch|p1a: Landorus|Landorus-Therian, M|59/100|[from]move: Volt Switch
|-ability|p1a: Landorus|Intimidate|boost
|-unboost|p2a: Slowking|atk|1
|
|upkeep
|turn|48
|
|t:|1653810947
|switch|p2a: Ferrothorn|Ferrothorn, F|100/100 par
|move|p1a: Landorus|Knock Off|p2a: Ferrothorn
|-damage|p2a: Ferrothorn|83/100 par
|-damage|p1a: Landorus|47/100|[from] ability: Iron Barbs|[of] p2a: Ferrothorn
|-enditem|p2a: Ferrothorn|Leftovers|[from] move: Knock Off|[of] p1a: Landorus
|
|upkeep
|turn|49
|
|t:|1653810953
|switch|p1a: Zapdos|Zapdos|86/100
|cant|p2a: Ferrothorn|par
|
|upkeep
|turn|50
|
|t:|1653810959
|switch|p2a: Slowking|Slowking-Galar, F|75/100
|move|p1a: Zapdos|Hurricane|p2a: Slowking
|-damage|p2a: Slowking|51/100
|
|upkeep
|turn|51
|
|t:|1653810964
|move|p1a: Zapdos|Volt Switch|p2a: Slowking
|-damage|p2a: Slowking|36/100
|
|t:|1653810970
|switch|p1a: Tyranitar|Tyranitar, M|82/100|[from]move: Volt Switch
|-weather|Sandstorm|[from] ability: Sand Stream|[of] p1a: Tyranitar
|move|p2a: Slowking|Future Sight|p1a: Tyranitar
|-start|p2a: Slowking|move: Future Sight
|
|-weather|Sandstorm|[upkeep]
|-damage|p2a: Slowking|30/100|[from] Sandstorm
|-heal|p1a: Tyranitar|88/100|[from] item: Leftovers
|upkeep
|turn|52
|
|t:|1653810977
|switch|p2a: Ferrothorn|Ferrothorn, F|83/100 par
|move|p1a: Tyranitar|Stealth Rock|p2a: Ferrothorn
|-sidestart|p2: Draco09876|move: Stealth Rock
|
|-weather|Sandstorm|[upkeep]
|-heal|p1a: Tyranitar|94/100|[from] item: Leftovers
|upkeep
|turn|53
|
|t:|1653810981
|switch|p1a: Zapdos|Zapdos|86/100
|move|p2a: Ferrothorn|Body Press|p1a: Zapdos
|-resisted|p1a: Zapdos
|-damage|p1a: Zapdos|75/100
|
|-weather|Sandstorm|[upkeep]
|-damage|p1a: Zapdos|69/100|[from] Sandstorm
|-end|p1a: Zapdos|move: Future Sight
|-damage|p1a: Zapdos|11/100
|upkeep
|turn|54
|
|t:|1653810991
|move|p1a: Zapdos|Roost|p1a: Zapdos
|-heal|p1a: Zapdos|62/100
|-singleturn|p1a: Zapdos|move: Roost
|cant|p2a: Ferrothorn|par
|
|-weather|Sandstorm|[upkeep]
|-damage|p1a: Zapdos|56/100|[from] Sandstorm
|upkeep
|turn|55
|
|t:|1653810995
|move|p1a: Zapdos|Heat Wave|p2a: Ferrothorn
|-supereffective|p2a: Ferrothorn
|-damage|p2a: Ferrothorn|0 fnt
|faint|p2a: Ferrothorn
|
|-weather|none
|upkeep
|-message|Draco09876 forfeited.
|
|win|Sky0401
|raw|Sky0401's rating: 1731 &rarr; <strong>1751</strong><br />(+20 for winning)
|raw|Draco09876's rating: 1732 &rarr; <strong>1712</strong><br />(-20 for losing)
|l|☆Draco09876
|l|☆Sky0401
|l| afduihidsuhfiuhds
