|j|☆ultimategoogolplex
|j|☆czzsb
|t:|1668147659
|gametype|singles
|player|p1|ultimategoogolplex|265|1740
|player|p2|czzsb|169|1659
|teamsize|p1|6
|teamsize|p2|6
|gen|8
|tier|[Gen 8] OU
|rated|
|rule|Sleep Clause Mod: Limit one foe put to sleep
|rule|Species Clause: Limit one of each Pokémon
|rule|OHKO Clause: OHKO moves are banned
|rule|Evasion Items Clause: Evasion items are banned
|rule|Evasion Moves Clause: Evasion moves are banned
|rule|Endless Battle Clause: Forcing endless battles is banned
|rule|HP Percentage Mod: HP is shown in percentages
|rule|Dynamax Clause: You cannot dynamax
|clearpoke
|poke|p1|Weavile, F|
|poke|p1|Volcanion|
|poke|p1|Zapdos|
|poke|p1|Landorus-Therian, M|
|poke|p1|Kartana|
|poke|p1|Melmetal|
|poke|p2|Zapdos|
|poke|p2|Weavile, F|
|poke|p2|Kartana|
|poke|p2|Landorus-Therian, M|
|poke|p2|Volcanion|
|poke|p2|Melmetal|
|teampreview
|inactive|Battle timer is ON: inactive players will automatically lose when time's up. (requested by ultimategoogolplex)
|
|t:|1668147673
|start
|switch|p1a: Weavile|Weavile, F|100/100
|switch|p2a: Volcanion|Volcanion|100/100
|-ability|p1a: Weavile|Pressure
|turn|1
|
|t:|1668147682
|move|p1a: Weavile|Beat Up|p2a: Volcanion
|-damage|p2a: Volcanion|86/100
|-damage|p2a: Volcanion|73/100
|-damage|p2a: Volcanion|62/100
|-damage|p2a: Volcanion|47/100
|-damage|p2a: Volcanion|30/100
|-damage|p2a: Volcanion|14/100
|-hitcount|p2a: Volcanion|6
|move|p2a: Volcanion|Earth Power|p1a: Weavile
|-damage|p1a: Weavile|31/100
|
|upkeep
|turn|2
|
|t:|1668147692
|switch|p2a: Melmetal|Melmetal|100/100
|move|p1a: Weavile|Beat Up|p2a: Melmetal
|-damage|p2a: Melmetal|92/100
|-damage|p2a: Melmetal|84/100
|-damage|p2a: Melmetal|78/100
|-damage|p2a: Melmetal|68/100
|-damage|p2a: Melmetal|56/100
|-damage|p2a: Melmetal|47/100
|-hitcount|p2a: Melmetal|6
|
|upkeep
|turn|3
|
|t:|1668147705
|switch|p2a: Volcanion|Volcanion|14/100
|move|p1a: Weavile|Beat Up|p2a: Volcanion
|-damage|p2a: Volcanion|1/100
|-damage|p2a: Volcanion|0 fnt
|faint|p2a: Volcanion
|-hitcount|p2: Volcanion|2
|
|upkeep
|
|t:|1668147708
|switch|p2a: Kartana|Kartana|100/100
|turn|4
|
|t:|1668147714
|switch|p1a: Zapdos|Zapdos|100/100
|move|p2a: Kartana|Knock Off|p1a: Zapdos
|-damage|p1a: Zapdos|68/100
|-enditem|p1a: Zapdos|Heavy-Duty Boots|[from] move: Knock Off|[of] p2a: Kartana
|
|upkeep
|turn|5
|
|t:|1668147720
|switch|p2a: Landorus|Landorus-Therian, M|100/100
|-ability|p2a: Landorus|Intimidate|boost
|-unboost|p1a: Zapdos|atk|1
|switch|p1a: Weavile|Weavile, F|31/100
|-ability|p1a: Weavile|Pressure
|
|upkeep
|turn|6
|
|t:|1668147730
|move|p1a: Weavile|Triple Axel|p2a: Landorus
|-supereffective|p2a: Landorus
|-damage|p2a: Landorus|37/100
|-supereffective|p2a: Landorus
|-damage|p2a: Landorus|0 fnt
|faint|p2a: Landorus
|-hitcount|p2: Landorus|2
|
|upkeep
|
|t:|1668147737
|switch|p2a: Melmetal|Melmetal|47/100
|turn|7
|
|t:|1668147747
|switch|p1a: Zapdos|Zapdos|68/100
|move|p2a: Melmetal|Double Iron Bash|p1a: Zapdos
|-resisted|p1a: Zapdos
|-damage|p1a: Zapdos|40/100
|-resisted|p1a: Zapdos
|-damage|p1a: Zapdos|13/100
|-hitcount|p1a: Zapdos|2
|
|upkeep
|turn|8
|
|t:|1668147756
|move|p1a: Zapdos|Volt Switch|p2a: Melmetal
|-damage|p2a: Melmetal|12/100
|
|t:|1668147762
|switch|p1a: Landorus|Landorus-Therian, M|100/100|[from]move: Volt Switch
|-ability|p1a: Landorus|Intimidate|boost
|-unboost|p2a: Melmetal|atk|1
|move|p2a: Melmetal|Double Iron Bash|p1a: Landorus
|-damage|p1a: Landorus|68/100
|-damage|p1a: Landorus|32/100
|-hitcount|p1a: Landorus|2
|
|-heal|p1a: Landorus|38/100|[from] item: Leftovers
|upkeep
|turn|9
|
|t:|1668147767
|move|p1a: Landorus|Earthquake|p2a: Melmetal
|-supereffective|p2a: Melmetal
|-damage|p2a: Melmetal|0 fnt
|faint|p2a: Melmetal
|
|-heal|p1a: Landorus|44/100|[from] item: Leftovers
|upkeep
|
|t:|1668147779
|switch|p2a: Weavile|Weavile, F|100/100
|-ability|p2a: Weavile|Pressure
|turn|10
|
|t:|1668147782
|switch|p1a: Melmetal|Melmetal|100/100
|move|p2a: Weavile|Knock Off|p1a: Melmetal
|-damage|p1a: Melmetal|59/100
|-enditem|p1a: Melmetal|Assault Vest|[from] move: Knock Off|[of] p2a: Weavile
|
|upkeep
|turn|11
|
|t:|1668147790
|switch|p2a: Zapdos|Zapdos|100/100
|move|p1a: Melmetal|Ice Punch|p2a: Zapdos
|-supereffective|p2a: Zapdos
|-damage|p2a: Zapdos|21/100
|
|upkeep
|turn|12
|
|t:|1668147799
|move|p2a: Zapdos|Thunderbolt|p1a: Melmetal
|-damage|p1a: Melmetal|21/100
|move|p1a: Melmetal|Earthquake|p2a: Zapdos
|-immune|p2a: Zapdos
|
|upkeep
|turn|13
|
|t:|1668147809
|move|p2a: Zapdos|Volt Switch|p1a: Melmetal
|-damage|p1a: Melmetal|0 fnt
|faint|p1a: Melmetal
|
|t:|1668147813
|switch|p2a: Weavile|Weavile, F|100/100|[from]move: Volt Switch
|-ability|p2a: Weavile|Pressure
|
|upkeep
|
|t:|1668147820
|switch|p1a: Kartana|Kartana|100/100
|turn|14
|
|t:|1668147827
|move|p1a: Kartana|Sacred Sword|p2a: Weavile
|-supereffective|p2a: Weavile
|-damage|p2a: Weavile|0 fnt
|faint|p2a: Weavile
|-ability|p1a: Kartana|Beast Boost|boost
|-boost|p1a: Kartana|atk|1
|
|upkeep
|
|t:|1668147832
|switch|p2a: Kartana|Kartana|100/100
|turn|15
|
|t:|1668147837
|move|p2a: Kartana|Sacred Sword|p1a: Kartana
|-supereffective|p1a: Kartana
|-damage|p1a: Kartana|21/100
|move|p1a: Kartana|Sacred Sword|p2a: Kartana
|-supereffective|p2a: Kartana
|-damage|p2a: Kartana|0 fnt
|faint|p2a: Kartana
|-ability|p1a: Kartana|Beast Boost|boost
|-boost|p1a: Kartana|atk|1
|
|upkeep
|-message|czzsb forfeited.
|
|win|ultimategoogolplex
|raw|ultimategoogolplex's rating: 1740 &rarr; <strong>1755</strong><br />(+15 for winning)
|raw|czzsb's rating: 1659 &rarr; <strong>1644</strong><br />(-15 for losing)
|l|☆czzsb
