|j|☆roboPOKE
|j|☆Gomure
|t:|1603710128
|player|p1|roboPOKE|170|1681
|player|p2|Gomure|aaron|1632
|teamsize|p1|6
|teamsize|p2|6
|gametype|singles
|gen|8
|tier|[Gen 8] OU
|rated|
|clearpoke
|poke|p1|Pelipper, M|
|poke|p1|Barraskewda, M|
|poke|p1|Thundurus-Therian, M|
|poke|p1|Magearna|
|poke|p1|Ferrothorn, F|
|poke|p1|Cinderace, M|
|poke|p2|Regieleki|
|poke|p2|Tapu Koko|
|poke|p2|Spectrier|
|poke|p2|Corviknight, M|
|poke|p2|Zygarde|
|poke|p2|Pheromosa|
|rule|Sleep Clause Mod: Limit one foe put to sleep
|rule|Species Clause: Limit one of each Pokémon
|rule|OHKO Clause: OHKO moves are banned
|rule|Evasion Moves Clause: Evasion moves are banned
|rule|Endless Battle Clause: Forcing endless battles is banned
|rule|HP Percentage Mod: HP is shown in percentages
|rule|Dynamax Clause: You cannot dynamax
|teampreview
|inactive|Battle timer is ON: inactive players will automatically lose when time's up. (requested by roboPOKE)
|
|t:|1603710149
|start
|switch|p1a: Ferrothorn|Ferrothorn, F|100/100
|switch|p2a: Regieleki|Regieleki, shiny|100/100
|turn|1
|
|t:|1603710153
|move|p2a: Regieleki|Volt Switch|p1a: Ferrothorn
|-resisted|p1a: Ferrothorn
|-damage|p1a: Ferrothorn|73/100
|
|t:|1603710161
|switch|p2a: Corviknight|Corviknight, M, shiny|100/100|[from]move: Volt Switch
|move|p1a: Ferrothorn|Knock Off|p2a: Corviknight
|-damage|p2a: Corviknight|87/100
|-damage|p1a: Ferrothorn|57/100|[from] item: Rocky Helmet|[of] p2a: Corviknight
|-enditem|p2a: Corviknight|Rocky Helmet|[from] move: Knock Off|[of] p1a: Ferrothorn
|
|upkeep
|turn|2
|
|t:|1603710168
|move|p2a: Corviknight|Body Press|p1a: Ferrothorn
|-supereffective|p1a: Ferrothorn
|-damage|p1a: Ferrothorn|27/100
|-damage|p2a: Corviknight|74/100|[from] ability: Iron Barbs|[of] p1a: Ferrothorn
|-damage|p2a: Corviknight|58/100|[from] item: Rocky Helmet|[of] p1a: Ferrothorn
|move|p1a: Ferrothorn|Leech Seed|p2a: Corviknight
|-start|p2a: Corviknight|move: Leech Seed
|
|-damage|p2a: Corviknight|46/100|[from] Leech Seed|[of] p1a: Ferrothorn
|-heal|p1a: Ferrothorn|41/100|[silent]
|upkeep
|turn|3
|
|t:|1603710173
|move|p2a: Corviknight|Roost|p2a: Corviknight
|-heal|p2a: Corviknight|96/100
|-singleturn|p2a: Corviknight|move: Roost
|move|p1a: Ferrothorn|Stealth Rock|p2a: Corviknight
|-sidestart|p2: Gomure|move: Stealth Rock
|
|-damage|p2a: Corviknight|83/100|[from] Leech Seed|[of] p1a: Ferrothorn
|-heal|p1a: Ferrothorn|55/100|[silent]
|upkeep
|turn|4
|
|t:|1603710182
|move|p2a: Corviknight|Body Press|p1a: Ferrothorn
|-supereffective|p1a: Ferrothorn
|-damage|p1a: Ferrothorn|21/100
|-damage|p2a: Corviknight|71/100|[from] ability: Iron Barbs|[of] p1a: Ferrothorn
|-damage|p2a: Corviknight|55/100|[from] item: Rocky Helmet|[of] p1a: Ferrothorn
|move|p1a: Ferrothorn|Stealth Rock||[still]
|-fail|p1a: Ferrothorn
|
|-damage|p2a: Corviknight|42/100|[from] Leech Seed|[of] p1a: Ferrothorn
|-heal|p1a: Ferrothorn|35/100|[silent]
|upkeep
|turn|5
|
|t:|1603710189
|switch|p1a: Pelipper|Pelipper, M|100/100
|-weather|RainDance|[from] ability: Drizzle|[of] p1a: Pelipper
|move|p2a: Corviknight|Roost|p2a: Corviknight
|-heal|p2a: Corviknight|92/100
|-singleturn|p2a: Corviknight|move: Roost
|
|-weather|RainDance|[upkeep]
|-damage|p2a: Corviknight|80/100|[from] Leech Seed|[of] p1a: Pelipper
|upkeep
|turn|6
|
|t:|1603710191
|move|p2a: Corviknight|U-turn|p1a: Pelipper
|-resisted|p1a: Pelipper
|-damage|p1a: Pelipper|95/100
|
|t:|1603710196
|switch|p2a: Tapu Koko|Tapu Koko, shiny|100/100|[from]move: U-turn
|-damage|p2a: Tapu Koko|88/100|[from] Stealth Rock
|-fieldstart|move: Electric Terrain|[from] ability: Electric Surge|[of] p2a: Tapu Koko
|move|p1a: Pelipper|U-turn|p2a: Tapu Koko
|-resisted|p2a: Tapu Koko
|-damage|p2a: Tapu Koko|82/100
|
|t:|1603710199
|switch|p1a: Barraskewda|Barraskewda, M|100/100|[from]move: U-turn
|
|-weather|RainDance|[upkeep]
|upkeep
|turn|7
|
|t:|1603710210
|switch|p2a: Corviknight|Corviknight, M, shiny|80/100
|-damage|p2a: Corviknight|68/100|[from] Stealth Rock
|move|p1a: Barraskewda|Flip Turn|p2a: Corviknight
|-damage|p2a: Corviknight|27/100
|
|t:|1603710214
|switch|p1a: Thundurus|Thundurus-Therian, M|100/100|[from]move: Flip Turn
|
|-weather|RainDance|[upkeep]
|upkeep
|turn|8
|
|t:|1603710218
|switch|p2a: Zygarde|Zygarde|100/100
|-damage|p2a: Zygarde|94/100|[from] Stealth Rock
|-ability|p2a: Zygarde|Aura Break
|move|p1a: Thundurus|Nasty Plot|p1a: Thundurus
|-boost|p1a: Thundurus|spa|2
|
|-weather|RainDance|[upkeep]
|-heal|p2a: Zygarde|100/100|[from] item: Leftovers
|upkeep
|turn|9
|
|t:|1603710226
|move|p1a: Thundurus|Weather Ball|p2a: Zygarde
|-damage|p2a: Zygarde|0 fnt
|faint|p2a: Zygarde
|
|-weather|RainDance|[upkeep]
|upkeep
|
|t:|1603710238
|switch|p2a: Pheromosa|Pheromosa, shiny|100/100
|-damage|p2a: Pheromosa|88/100|[from] Stealth Rock
|turn|10
|
|t:|1603710241
|switch|p1a: Magearna|Magearna|100/100
|move|p2a: Pheromosa|Ice Beam|p1a: Magearna
|-resisted|p1a: Magearna
|-damage|p1a: Magearna|91/100
|-status|p1a: Magearna|frz
|-damage|p2a: Pheromosa|78/100|[from] item: Life Orb
|
|-weather|RainDance|[upkeep]
|-fieldend|move: Electric Terrain
|upkeep
|turn|11
|
|t:|1603710248
|move|p2a: Pheromosa|Rapid Spin|p1a: Magearna
|-resisted|p1a: Magearna
|-damage|p1a: Magearna|80/100 frz
|-boost|p2a: Pheromosa|spe|1
|-sideend|p2: Gomure|Stealth Rock|[from] move: Rapid Spin|[of] p2a: Pheromosa
|-damage|p2a: Pheromosa|68/100|[from] item: Life Orb
|-curestatus|p1a: Magearna|frz|[msg]
|move|p1a: Magearna|Volt Switch|p2a: Pheromosa
|-damage|p2a: Pheromosa|7/100
|
|t:|1603710264
|switch|p1a: Barraskewda|Barraskewda, M|100/100|[from]move: Volt Switch
|
|-weather|RainDance|[upkeep]
|upkeep
|turn|12
|
|t:|1603710267
|move|p1a: Barraskewda|Flip Turn|p2a: Pheromosa
|-damage|p2a: Pheromosa|0 fnt
|faint|p2a: Pheromosa
|
|t:|1603710282
|switch|p1a: Magearna|Magearna|80/100|[from]move: Flip Turn
|
|-weather|none
|upkeep
|
|t:|1603710290
|switch|p2a: Tapu Koko|Tapu Koko, shiny|82/100
|-fieldstart|move: Electric Terrain|[from] ability: Electric Surge|[of] p2a: Tapu Koko
|turn|13
|
|t:|1603710299
|switch|p1a: Pelipper|Pelipper, M|95/100
|-weather|RainDance|[from] ability: Drizzle|[of] p1a: Pelipper
|move|p2a: Tapu Koko|Wild Charge|p1a: Pelipper
|-supereffective|p1a: Pelipper
|-damage|p1a: Pelipper|0 fnt
|-damage|p2a: Tapu Koko|55/100|[from] Recoil
|faint|p1a: Pelipper
|
|-weather|RainDance|[upkeep]
|upkeep
|
|t:|1603710301
|switch|p1a: Barraskewda|Barraskewda, M|100/100
|turn|14
|
|t:|1603710306
|move|p1a: Barraskewda|Liquidation|p2a: Tapu Koko
|-damage|p2a: Tapu Koko|0 fnt
|faint|p2a: Tapu Koko
|
|-weather|RainDance|[upkeep]
|upkeep
|
|t:|1603710313
|switch|p2a: Corviknight|Corviknight, M, shiny|27/100
|turn|15
|
|t:|1603710316
|move|p1a: Barraskewda|Liquidation|p2a: Corviknight
|-damage|p2a: Corviknight|0 fnt
|faint|p2a: Corviknight
|
|-weather|RainDance|[upkeep]
|upkeep
|
|t:|1603710317
|switch|p2a: Regieleki|Regieleki, shiny|100/100
|turn|16
|
|t:|1603710319
|move|p1a: Barraskewda|Liquidation|p2a: Regieleki
|-damage|p2a: Regieleki|0 fnt
|faint|p2a: Regieleki
|
|-weather|RainDance|[upkeep]
|upkeep
|
|t:|1603710320
|switch|p2a: Spectrier|Spectrier|100/100
|turn|17
|
|t:|1603710321
|move|p1a: Barraskewda|Liquidation|p2a: Spectrier
|-damage|p2a: Spectrier|0 fnt
|faint|p2a: Spectrier
|
|win|roboPOKE
