|raw|<div class="broadcast-blue"><strong>This battle is required to be public due to a player having a name starting with 'lt92pf'.</div>
|j|☆lt92pf cuzzie
|j|☆Redemption
|t:|1660165518
|gametype|singles
|player|p1|lt92pf cuzzie|2|1840
|player|p2|Redemption|#redemption|1794
|teamsize|p1|6
|teamsize|p2|6
|gen|8
|tier|[Gen 8] OU
|rated|
|rule|Sleep Clause Mod: Limit one foe put to sleep
|rule|Species Clause: Limit one of each Pokémon
|rule|OHKO Clause: OHKO moves are banned
|rule|Evasion Items Clause: Evasion items are banned
|rule|Evasion Moves Clause: Evasion moves are banned
|rule|Endless Battle Clause: Forcing endless battles is banned
|rule|HP Percentage Mod: HP is shown in percentages
|rule|Dynamax Clause: You cannot dynamax
|clearpoke
|poke|p1|Tyranitar, F|
|poke|p1|Zapdos|
|poke|p1|Urshifu-*, M|
|poke|p1|Tapu Bulu|
|poke|p1|Heatran, M|
|poke|p1|Nidoqueen, F|
|poke|p2|Kartana|
|poke|p2|Tapu Lele|
|poke|p2|Tapu Fini|
|poke|p2|Landorus-Therian, M|
|poke|p2|Dragapult, F|
|poke|p2|Melmetal|
|teampreview
|inactive|Battle timer is ON: inactive players will automatically lose when time's up. (requested by lt92pf cuzzie)
|j| Yuipo
|j|@ironwater
|j| oakdeon
|inactive|lt92pf cuzzie has 120 seconds left.
|inactive|Redemption has 120 seconds left.
|l| oakdeon
|j| LT92PF yes bebe
|inactive|lt92pf cuzzie has 90 seconds left.
|inactive|Redemption has 90 seconds left.
|l| LT92PF yes bebe
|j| Zeno420
|j| LT92PF yes bebe
|l| Zeno420
|l| LT92PF yes bebe
|inactive|lt92pf cuzzie has 60 seconds left.
|inactive|Redemption has 60 seconds left.
|
|t:|1660165611
|start
|switch|p1a: Nidoqueen|Nidoqueen, F|100/100
|switch|p2a: Landorus|Landorus-Therian, M|100/100
|-ability|p2a: Landorus|Intimidate|boost
|-unboost|p1a: Nidoqueen|atk|1
|turn|1
|inactive|Redemption has 120 seconds left.
|j| LT92PF Dflo
|inactive|Redemption has 90 seconds left.
|j| LT92PF mimilimi
|l| LT92PF mimilimi
|inactive|Redemption has 60 seconds left.
|inactive|Redemption has 30 seconds left.
|inactive|Redemption has 20 seconds left.
|inactive|Redemption has 15 seconds left.
|
|t:|1660165728
|switch|p2a: Tapu Lele|Tapu Lele|100/100
|-fieldstart|move: Psychic Terrain|[from] ability: Psychic Surge|[of] p2a: Tapu Lele
|move|p1a: Nidoqueen|Ice Beam|p2a: Tapu Lele
|-damage|p2a: Tapu Lele|62/100
|
|upkeep
|turn|2
|inactive|Redemption has 25 seconds left this turn.
|inactive|Redemption has 20 seconds left.
|inactive|Redemption has 15 seconds left.
|
|t:|1660165738
|switch|p1a: Tapu Bulu|Tapu Bulu|100/100
|-fieldstart|move: Grassy Terrain|[from] ability: Grassy Surge|[of] p1a: Tapu Bulu
|move|p2a: Tapu Lele|Focus Blast|p1a: Tapu Bulu
|-resisted|p1a: Tapu Bulu
|-damage|p1a: Tapu Bulu|81/100
|-unboost|p1a: Tapu Bulu|spd|1
|
|-heal|p2a: Tapu Lele|68/100|[from] Grassy Terrain
|-heal|p1a: Tapu Bulu|87/100|[from] Grassy Terrain
|upkeep
|turn|3
|inactive|Redemption has 25 seconds left this turn.
|inactive|Redemption has 20 seconds left.
|inactive|Redemption has 15 seconds left.
|
|t:|1660165750
|switch|p2a: Landorus|Landorus-Therian, M|100/100
|-ability|p2a: Landorus|Intimidate|boost
|-unboost|p1a: Tapu Bulu|atk|1
|switch|p1a: Nidoqueen|Nidoqueen, F|100/100
|
|upkeep
|turn|4
|inactive|Redemption has 25 seconds left this turn.
|inactive|Redemption has 20 seconds left.
|
|t:|1660165759
|switch|p2a: Melmetal|Melmetal|100/100
|move|p1a: Nidoqueen|Ice Beam|p2a: Melmetal
|-resisted|p2a: Melmetal
|-damage|p2a: Melmetal|83/100
|
|-heal|p2a: Melmetal|89/100|[from] Grassy Terrain
|-heal|p2a: Melmetal|95/100|[from] item: Leftovers
|upkeep
|turn|5
|inactive|Redemption has 30 seconds left this turn.
|inactive|Redemption has 20 seconds left.
|inactive|Redemption has 15 seconds left.
|inactive|Redemption has 10 seconds left.
|inactive|Redemption has 5 seconds left.
|
|t:|1660165786
|move|p1a: Nidoqueen|Earth Power|p2a: Melmetal
|-supereffective|p2a: Melmetal
|-damage|p2a: Melmetal|0 fnt
|faint|p2a: Melmetal
|
|upkeep
|inactive|Redemption has 10 seconds left this turn.
|inactive|Redemption has 5 seconds left.
|
|t:|1660165793
|switch|p2a: Tapu Lele|Tapu Lele|68/100
|-fieldstart|move: Psychic Terrain|[from] ability: Psychic Surge|[of] p2a: Tapu Lele
|turn|6
|inactive|Redemption has 15 seconds left this turn.
|inactive|Redemption has 10 seconds left.
|
|t:|1660165799
|switch|p1a: Heatran|Heatran, M|100/100
|move|p2a: Tapu Lele|Psychic|p1a: Heatran
|-resisted|p1a: Heatran
|-damage|p1a: Heatran|80/100
|
|-heal|p1a: Heatran|86/100|[from] item: Leftovers
|upkeep
|turn|7
|inactive|Redemption has 20 seconds left this turn.
|inactive|Redemption has 15 seconds left.
|
|t:|1660165808
|move|p2a: Tapu Lele|Focus Blast|p1a: Heatran
|-supereffective|p1a: Heatran
|-damage|p1a: Heatran|32/100
|move|p1a: Heatran|Toxic|p2a: Tapu Lele
|-status|p2a: Tapu Lele|tox
|
|-heal|p1a: Heatran|38/100|[from] item: Leftovers
|-damage|p2a: Tapu Lele|62/100 tox|[from] psn
|upkeep
|turn|8
|inactive|Redemption has 25 seconds left this turn.
|inactive|Redemption has 20 seconds left.
|inactive|Redemption has 15 seconds left.
|
|t:|1660165823
|switch|p1a: Tapu Bulu|Tapu Bulu|87/100
|-fieldstart|move: Grassy Terrain|[from] ability: Grassy Surge|[of] p1a: Tapu Bulu
|move|p2a: Tapu Lele|Focus Blast|p1a: Tapu Bulu
|-resisted|p1a: Tapu Bulu
|-crit|p1a: Tapu Bulu
|-damage|p1a: Tapu Bulu|54/100
|
|-heal|p2a: Tapu Lele|68/100 tox|[from] Grassy Terrain
|-heal|p1a: Tapu Bulu|60/100|[from] Grassy Terrain
|-damage|p2a: Tapu Lele|56/100 tox|[from] psn
|upkeep
|turn|9
|inactive|Redemption has 25 seconds left this turn.
|inactive|Redemption has 20 seconds left.
|
|t:|1660165832
|move|p2a: Tapu Lele|Psychic|p1a: Tapu Bulu
|-damage|p1a: Tapu Bulu|5/100
|move|p1a: Tapu Bulu|Horn Leech|p2a: Tapu Lele
|-damage|p2a: Tapu Lele|0 fnt
|-heal|p1a: Tapu Bulu|28/100|[from] drain|[of] p2a: Tapu Lele
|faint|p2a: Tapu Lele
|
|-heal|p1a: Tapu Bulu|34/100|[from] Grassy Terrain
|upkeep
|inactive|Redemption has 25 seconds left this turn.
|inactive|Redemption has 20 seconds left.
|c| Yuipo|fat bulu
|
|t:|1660165841
|switch|p2a: Landorus|Landorus-Therian, M|100/100
|-ability|p2a: Landorus|Intimidate|boost
|-unboost|p1a: Tapu Bulu|atk|1
|turn|10
|inactive|Redemption has 30 seconds left this turn.
|
|t:|1660165846
|switch|p1a: Nidoqueen|Nidoqueen, F|100/100
|move|p2a: Landorus|Stealth Rock|p1a: Nidoqueen
|-sidestart|p1: lt92pf cuzzie|move: Stealth Rock
|
|upkeep
|turn|11
|inactive|Redemption has 30 seconds left.
|inactive|Redemption has 20 seconds left.
|inactive|Redemption has 15 seconds left.
|inactive|Redemption has 10 seconds left.
|
|t:|1660165878
|switch|p2a: Tapu Fini|Tapu Fini|100/100
|-fieldstart|move: Misty Terrain|[from] ability: Misty Surge|[of] p2a: Tapu Fini
|move|p1a: Nidoqueen|Ice Beam|p2a: Tapu Fini
|-resisted|p2a: Tapu Fini
|-damage|p2a: Tapu Fini|87/100
|
|upkeep
|turn|12
|inactive|Redemption has 20 seconds left this turn.
|inactive|Redemption has 15 seconds left.
|j| LT92PF Chicos
|inactive|Redemption has 10 seconds left.
|l| LT92PF Chicos
|inactive|Redemption has 5 seconds left.
|
|t:|1660165896
|move|p2a: Tapu Fini|Scald|p1a: Nidoqueen
|-supereffective|p1a: Nidoqueen
|-damage|p1a: Nidoqueen|48/100
|move|p1a: Nidoqueen|Sludge Wave|p2a: Tapu Fini
|-supereffective|p2a: Tapu Fini
|-crit|p2a: Tapu Fini
|-damage|p2a: Tapu Fini|0 fnt
|faint|p2a: Tapu Fini
|
|upkeep
|inactive|Redemption has 10 seconds left this turn.
|inactive|Redemption has 5 seconds left.
|
|t:|1660165906
|switch|p2a: Kartana|Kartana|100/100
|turn|13
|inactive|Redemption has 15 seconds left this turn.
|inactive|Redemption has 10 seconds left.
|
|t:|1660165911
|switch|p1a: Zapdos|Zapdos|100/100
|move|p2a: Kartana|Leaf Blade|p1a: Zapdos
|-resisted|p1a: Zapdos
|-damage|p1a: Zapdos|72/100
|
|upkeep
|turn|14
|inactive|Redemption has 20 seconds left this turn.
|
|t:|1660165918
|switch|p2a: Dragapult|Dragapult, F|100/100
|move|p1a: Zapdos|Hurricane|p2a: Dragapult|[miss]
|-miss|p1a: Zapdos|p2a: Dragapult
|
|upkeep
|turn|15
|inactive|Redemption has 30 seconds left this turn.
|inactive|Redemption has 20 seconds left.
|
|t:|1660165931
|move|p2a: Dragapult|U-turn|p1a: Zapdos
|-resisted|p1a: Zapdos
|-damage|p1a: Zapdos|64/100
|inactive|Redemption has 25 seconds left this turn.
|
|t:|1660165933
|switch|p2a: Landorus|Landorus-Therian, M|100/100|[from]move: U-turn
|-ability|p2a: Landorus|Intimidate|boost
|-unboost|p1a: Zapdos|atk|1
|move|p1a: Zapdos|Roost|p1a: Zapdos
|-heal|p1a: Zapdos|100/100
|-singleturn|p1a: Zapdos|move: Roost
|
|-fieldend|Misty Terrain
|upkeep
|turn|16
|inactive|Redemption has 30 seconds left.
|c| Yuipo|goat
|inactive|Redemption has 20 seconds left.
|j| mew987654
|
|t:|1660165956
|switch|p1a: Nidoqueen|Nidoqueen, F|48/100
|-damage|p1a: Nidoqueen|42/100|[from] Stealth Rock
|move|p2a: Landorus|Toxic|p1a: Nidoqueen
|-immune|p1a: Nidoqueen
|
|upkeep
|turn|17
|inactive|Redemption has 30 seconds left this turn.
|
|t:|1660165962
|move|p1a: Nidoqueen|Ice Beam|p2a: Landorus
|-supereffective|p2a: Landorus
|-damage|p2a: Landorus|0 fnt
|faint|p2a: Landorus
|
|upkeep
|c| Yuipo|omy
|inactive|Redemption has 30 seconds left.
|
|t:|1660165970
|switch|p2a: Dragapult|Dragapult, F|100/100
|turn|18
|
|t:|1660165974
|move|p2a: Dragapult|Shadow Ball|p1a: Nidoqueen
|-damage|p1a: Nidoqueen|0 fnt
|faint|p1a: Nidoqueen
|
|upkeep
|
|t:|1660165978
|switch|p1a: Tyranitar|Tyranitar, F|100/100
|-damage|p1a: Tyranitar|88/100|[from] Stealth Rock
|-weather|Sandstorm|[from] ability: Sand Stream|[of] p1a: Tyranitar
|turn|19
|
|t:|1660165983
|move|p2a: Dragapult|Shadow Ball|p1a: Tyranitar
|-resisted|p1a: Tyranitar
|-damage|p1a: Tyranitar|71/100
|move|p1a: Tyranitar|Crunch|p2a: Dragapult
|-supereffective|p2a: Dragapult
|-damage|p2a: Dragapult|0 fnt
|faint|p2a: Dragapult
|
|-weather|Sandstorm|[upkeep]
|upkeep
|
|t:|1660165985
|switch|p2a: Kartana|Kartana|100/100
|turn|20
|
|t:|1660165988
|move|p2a: Kartana|Swords Dance|p2a: Kartana
|-boost|p2a: Kartana|atk|2
|move|p1a: Tyranitar|Crunch|p2a: Kartana
|-damage|p2a: Kartana|26/100
|
|-weather|Sandstorm|[upkeep]
|upkeep
|turn|21
|
|t:|1660165994
|switch|p1a: Zapdos|Zapdos|100/100
|move|p2a: Kartana|Leaf Blade|p1a: Zapdos
|-resisted|p1a: Zapdos
|-damage|p1a: Zapdos|39/100
|
|-weather|Sandstorm|[upkeep]
|-damage|p1a: Zapdos|33/100|[from] Sandstorm
|upkeep
|turn|22
|inactive|lt92pf cuzzie has 120 seconds left.
|inactive|Redemption has 60 seconds left.
|j| Arcadian Fields
|inactive|lt92pf cuzzie has 90 seconds left.
|j| LT91BB Dally
|
|t:|1660166072
|move|p2a: Kartana|Knock Off|p1a: Zapdos
|-damage|p1a: Zapdos|0 fnt
|-enditem|p1a: Zapdos|Heavy-Duty Boots|[from] move: Knock Off|[of] p2a: Kartana
|faint|p1a: Zapdos
|-ability|p2a: Kartana|Beast Boost|boost
|-boost|p2a: Kartana|atk|1
|
|-weather|Sandstorm|[upkeep]
|upkeep
|
|t:|1660166074
|switch|p1a: Urshifu|Urshifu-Rapid-Strike, M|100/100
|-damage|p1a: Urshifu|94/100|[from] Stealth Rock
|turn|23
|inactive|Redemption has 60 seconds left.
|c|☆lt92pf cuzzie|gg
|
|t:|1660166091
|move|p1a: Urshifu|Close Combat|p2a: Kartana
|-supereffective|p2a: Kartana
|-damage|p2a: Kartana|0 fnt
|-unboost|p1a: Urshifu|def|1
|-unboost|p1a: Urshifu|spd|1
|faint|p2a: Kartana
|
|win|lt92pf cuzzie
|raw|lt92pf cuzzie's rating: 1840 &rarr; <strong>1857</strong><br />(+17 for winning)
|raw|Redemption's rating: 1794 &rarr; <strong>1777</strong><br />(-17 for losing)
|l|☆Redemption
|l| mew987654
||Ladder isn't responding, score probably updated but might not have (Request timeout).
