|j|☆ZAINE SASSON
|j|☆brettfavreguilty
|t:|1667271052
|gametype|singles
|player|p1|ZAINE SASSON|ethan-masters|1703
|player|p2|brettfavreguilty|harlequin|1804
|teamsize|p1|6
|teamsize|p2|6
|gen|8
|tier|[Gen 8] OU
|rated|
|rule|Sleep Clause Mod: Limit one foe put to sleep
|rule|Species Clause: Limit one of each Pokémon
|rule|OHKO Clause: OHKO moves are banned
|rule|Evasion Items Clause: Evasion items are banned
|rule|Evasion Moves Clause: Evasion moves are banned
|rule|Endless Battle Clause: Forcing endless battles is banned
|rule|HP Percentage Mod: HP is shown in percentages
|rule|Dynamax Clause: You cannot dynamax
|clearpoke
|poke|p1|Slowking-Galar, M|
|poke|p1|Landorus-Therian, M|
|poke|p1|Ferrothorn, M|
|poke|p1|Dragapult, M|
|poke|p1|Zapdos-Galar|
|poke|p1|Rotom-Wash|
|poke|p2|Pelipper, M|
|poke|p2|Kommo-o, F|
|poke|p2|Inteleon, F|
|poke|p2|Ferrothorn, F|
|poke|p2|Barraskewda, F|
|poke|p2|Seismitoad, F|
|teampreview
|inactive|Battle timer is ON: inactive players will automatically lose when time's up. (requested by brettfavreguilty)
|j| Congwuyu
|
|t:|1667271081
|start
|switch|p1a: Rotom|Rotom-Wash|100/100
|switch|p2a: Pelipper|Pelipper, M|100/100
|-weather|RainDance|[from] ability: Drizzle|[of] p2a: Pelipper
|turn|1
|
|t:|1667271088
|switch|p2a: Ferrothorn|Ferrothorn, F|100/100
|move|p1a: Rotom|Volt Switch|p2a: Ferrothorn
|-resisted|p2a: Ferrothorn
|-damage|p2a: Ferrothorn|92/100
|
|t:|1667271105
|switch|p1a: Zapdos|Zapdos-Galar|100/100|[from]move: Volt Switch
|
|-weather|RainDance|[upkeep]
|-heal|p2a: Ferrothorn|98/100|[from] item: Leftovers
|upkeep
|turn|2
|j| cypherstest
|
|t:|1667271110
|switch|p2a: Pelipper|Pelipper, M|100/100
|move|p1a: Zapdos|Close Combat|p2a: Pelipper
|-resisted|p2a: Pelipper
|-damage|p2a: Pelipper|65/100
|-unboost|p1a: Zapdos|def|1
|-unboost|p1a: Zapdos|spd|1
|
|-weather|RainDance|[upkeep]
|upkeep
|turn|3
|j| Stonkystinky
|
|t:|1667271115
|switch|p1a: Rotom|Rotom-Wash|100/100
|move|p2a: Pelipper|U-turn|p1a: Rotom
|-damage|p1a: Rotom|91/100
|
|t:|1667271129
|switch|p2a: Barraskewda|Barraskewda, F|100/100|[from]move: U-turn
|
|-weather|RainDance|[upkeep]
|-heal|p1a: Rotom|98/100|[from] item: Leftovers
|upkeep
|turn|4
|j| samohi0
|
|t:|1667271134
|move|p2a: Barraskewda|Flip Turn|p1a: Rotom
|-resisted|p1a: Rotom
|-damage|p1a: Rotom|60/100
|j| Ctannn
|
|t:|1667271136
|switch|p2a: Seismitoad|Seismitoad, F|100/100|[from]move: Flip Turn
|move|p1a: Rotom|Volt Switch|p2a: Seismitoad
|-immune|p2a: Seismitoad
|
|-weather|RainDance|[upkeep]
|-heal|p1a: Rotom|67/100|[from] item: Leftovers
|upkeep
|turn|5
|
|t:|1667271143
|switch|p1a: Ferrothorn|Ferrothorn, M|100/100
|move|p2a: Seismitoad|Power Whip|p1a: Ferrothorn
|-resisted|p1a: Ferrothorn
|-damage|p1a: Ferrothorn|95/100
|-damage|p2a: Seismitoad|88/100|[from] ability: Iron Barbs|[of] p1a: Ferrothorn
|-damage|p2a: Seismitoad|78/100|[from] item: Life Orb
|
|-weather|RainDance|[upkeep]
|-heal|p1a: Ferrothorn|100/100|[from] item: Leftovers
|upkeep
|turn|6
|j| jly8
|
|t:|1667271149
|move|p2a: Seismitoad|Earth Power|p1a: Ferrothorn
|-damage|p1a: Ferrothorn|57/100
|-damage|p2a: Seismitoad|68/100|[from] item: Life Orb
|move|p1a: Ferrothorn|Spikes|p2a: Seismitoad
|-sidestart|p2: brettfavreguilty|Spikes
|
|-weather|RainDance|[upkeep]
|-heal|p1a: Ferrothorn|63/100|[from] item: Leftovers
|upkeep
|turn|7
|
|t:|1667271154
|switch|p1a: Slowking|Slowking-Galar, M|100/100
|move|p2a: Seismitoad|Earth Power|p1a: Slowking
|-supereffective|p1a: Slowking
|-damage|p1a: Slowking|55/100
|-damage|p2a: Seismitoad|58/100|[from] item: Life Orb
|
|-weather|RainDance|[upkeep]
|upkeep
|turn|8
|c| Stonkystinky|phyical seismotoad?
|l| Ctannn
|
|t:|1667271168
|switch|p2a: Barraskewda|Barraskewda, F|100/100
|-damage|p2a: Barraskewda|88/100|[from] Spikes
|move|p1a: Slowking|Future Sight|p2a: Barraskewda
|-start|p1a: Slowking|move: Future Sight
|
|-weather|none
|upkeep
|turn|9
|
|t:|1667271179
|switch|p1a: Landorus|Landorus-Therian, M|100/100
|-ability|p1a: Landorus|Intimidate|boost
|-unboost|p2a: Barraskewda|atk|1
|move|p2a: Barraskewda|Close Combat|p1a: Landorus
|-resisted|p1a: Landorus
|-damage|p1a: Landorus|78/100
|-unboost|p2a: Barraskewda|def|1
|-unboost|p2a: Barraskewda|spd|1
|
|-heal|p1a: Landorus|84/100|[from] item: Leftovers
|upkeep
|turn|10
|
|t:|1667271190
|switch|p2a: Ferrothorn|Ferrothorn, F|98/100
|-damage|p2a: Ferrothorn|86/100|[from] Spikes
|move|p1a: Landorus|Knock Off|p2a: Ferrothorn
|-damage|p2a: Ferrothorn|61/100
|-damage|p1a: Landorus|71/100|[from] ability: Iron Barbs|[of] p2a: Ferrothorn
|-enditem|p2a: Ferrothorn|Leftovers|[from] move: Knock Off|[of] p1a: Landorus
|
|-end|p2a: Ferrothorn|move: Future Sight
|-resisted|p2a: Ferrothorn
|-damage|p2a: Ferrothorn|44/100
|-heal|p1a: Landorus|77/100|[from] item: Leftovers
|upkeep
|turn|11
|
|t:|1667271199
|switch|p2a: Pelipper|Pelipper, M|65/100
|-weather|RainDance|[from] ability: Drizzle|[of] p2a: Pelipper
|move|p1a: Landorus|Earthquake|p2a: Pelipper
|-immune|p2a: Pelipper
|
|-weather|RainDance|[upkeep]
|-heal|p1a: Landorus|83/100|[from] item: Leftovers
|upkeep
|turn|12
|
|t:|1667271203
|move|p1a: Landorus|Stealth Rock|p2a: Pelipper
|-sidestart|p2: brettfavreguilty|move: Stealth Rock
|move|p2a: Pelipper|Defog|p1a: Landorus
|-unboost|p1a: Landorus|evasion|1
|-sideend|p2: brettfavreguilty|Spikes|[from] move: Defog|[of] p2a: Pelipper
|-sideend|p2: brettfavreguilty|Stealth Rock|[from] move: Defog|[of] p2a: Pelipper
|
|-weather|RainDance|[upkeep]
|-heal|p1a: Landorus|89/100|[from] item: Leftovers
|upkeep
|turn|13
|
|t:|1667271205
|move|p1a: Landorus|Toxic|p2a: Pelipper
|-status|p2a: Pelipper|tox
|move|p2a: Pelipper|Scald|p1a: Landorus
|-supereffective|p1a: Landorus
|-damage|p1a: Landorus|35/100
|-status|p1a: Landorus|brn
|
|-weather|RainDance|[upkeep]
|-heal|p1a: Landorus|41/100 brn|[from] item: Leftovers
|-damage|p2a: Pelipper|59/100 tox|[from] psn
|-damage|p1a: Landorus|35/100 brn|[from] brn
|upkeep
|turn|14
|
|t:|1667271207
|move|p1a: Landorus|Stealth Rock|p2a: Pelipper
|-sidestart|p2: brettfavreguilty|move: Stealth Rock
|move|p2a: Pelipper|U-turn|p1a: Landorus
|-resisted|p1a: Landorus
|-damage|p1a: Landorus|31/100 brn
|
|t:|1667271218
|switch|p2a: Barraskewda|Barraskewda, F|88/100|[from]move: U-turn
|-damage|p2a: Barraskewda|76/100|[from] Stealth Rock
|
|-weather|RainDance|[upkeep]
|-heal|p1a: Landorus|38/100 brn|[from] item: Leftovers
|-damage|p1a: Landorus|31/100 brn|[from] brn
|upkeep
|turn|15
|l| samohi0
|
|t:|1667271233
|move|p2a: Barraskewda|Flip Turn|p1a: Landorus
|-supereffective|p1a: Landorus
|-damage|p1a: Landorus|0 fnt
|faint|p1a: Landorus
|
|t:|1667271239
|switch|p2a: Seismitoad|Seismitoad, F|58/100|[from]move: Flip Turn
|-damage|p2a: Seismitoad|52/100|[from] Stealth Rock
|
|-weather|RainDance|[upkeep]
|upkeep
|
|t:|1667271248
|switch|p1a: Slowking|Slowking-Galar, M|88/100
|turn|16
|
|t:|1667271253
|switch|p2a: Ferrothorn|Ferrothorn, F|44/100
|-damage|p2a: Ferrothorn|38/100|[from] Stealth Rock
|move|p1a: Slowking|Ice Beam|p2a: Ferrothorn
|-damage|p2a: Ferrothorn|23/100
|
|-weather|RainDance|[upkeep]
|upkeep
|turn|17
|j| BabyPigsAreLaughin
|
|t:|1667271260
|move|p1a: Slowking|Flamethrower|p2a: Ferrothorn
|-supereffective|p2a: Ferrothorn
|-damage|p2a: Ferrothorn|0 fnt
|faint|p2a: Ferrothorn
|
|-weather|RainDance|[upkeep]
|upkeep
|
|t:|1667271263
|switch|p2a: Barraskewda|Barraskewda, F|76/100
|-damage|p2a: Barraskewda|64/100|[from] Stealth Rock
|turn|18
|j| test276345
|inactive|ZAINE SASSON has 120 seconds left.
|
|t:|1667271308
|switch|p1a: Ferrothorn|Ferrothorn, M|63/100
|move|p2a: Barraskewda|Liquidation|p1a: Ferrothorn
|-resisted|p1a: Ferrothorn
|-damage|p1a: Ferrothorn|35/100
|-unboost|p1a: Ferrothorn|def|1
|-damage|p2a: Barraskewda|52/100|[from] ability: Iron Barbs|[of] p1a: Ferrothorn
|
|-weather|none
|-heal|p1a: Ferrothorn|41/100|[from] item: Leftovers
|upkeep
|turn|19
|
|t:|1667271324
|switch|p2a: Kommo-o|Kommo-o, F|100/100
|-damage|p2a: Kommo-o|94/100|[from] Stealth Rock
|switch|p1a: Zapdos|Zapdos-Galar|100/100
|
|upkeep
|turn|20
|
|t:|1667271329
|move|p1a: Zapdos|Brave Bird|p2a: Kommo-o
|-supereffective|p2a: Kommo-o
|-damage|p2a: Kommo-o|0 fnt
|-damage|p1a: Zapdos|84/100|[from] item: Rocky Helmet|[of] p2a: Kommo-o
|faint|p2a: Kommo-o
|-damage|p1a: Zapdos|50/100|[from] Recoil
|
|upkeep
|
|t:|1667271334
|switch|p2a: GALARIAN SNIPER|Inteleon, F|100/100
|-damage|p2a: GALARIAN SNIPER|88/100|[from] Stealth Rock
|turn|21
|inactive|ZAINE SASSON has 120 seconds left.
|
|t:|1667271345
|switch|p1a: Slowking|Slowking-Galar, M|100/100
|move|p2a: GALARIAN SNIPER|Snipe Shot|p1a: Slowking
|-damage|p1a: Slowking|83/100
|
|upkeep
|turn|22
|
|t:|1667271349
|move|p2a: GALARIAN SNIPER|Snipe Shot|p1a: Slowking
|-damage|p1a: Slowking|64/100
|move|p1a: Slowking|Sludge Bomb|p2a: GALARIAN SNIPER
|-damage|p2a: GALARIAN SNIPER|27/100
|-status|p2a: GALARIAN SNIPER|psn
|
|-damage|p2a: GALARIAN SNIPER|15/100 psn|[from] psn
|upkeep
|turn|23
|j| dieanword
|
|t:|1667271360
|move|p2a: GALARIAN SNIPER|Snipe Shot|p1a: Slowking
|-damage|p1a: Slowking|46/100
|move|p1a: Slowking|Future Sight|p2a: GALARIAN SNIPER
|-start|p1a: Slowking|move: Future Sight
|
|-damage|p2a: GALARIAN SNIPER|3/100 psn|[from] psn
|upkeep
|turn|24
|
|t:|1667271366
|move|p2a: GALARIAN SNIPER|Snipe Shot|p1a: Slowking
|-damage|p1a: Slowking|29/100
|move|p1a: Slowking|Sludge Bomb|p2a: GALARIAN SNIPER
|-damage|p2a: GALARIAN SNIPER|0 fnt
|faint|p2a: GALARIAN SNIPER
|
|upkeep
|
|t:|1667271377
|switch|p2a: Pelipper|Pelipper, M|59/100 tox
|-damage|p2a: Pelipper|34/100 tox|[from] Stealth Rock
|-weather|RainDance|[from] ability: Drizzle|[of] p2a: Pelipper
|turn|25
|c| Stonkystinky|i cant see brett winning
|c| Stonkystinky|without super hax
|
|t:|1667271393
|switch|p1a: Rotom|Rotom-Wash|67/100
|move|p2a: Pelipper|Scald|p1a: Rotom
|-resisted|p1a: Rotom
|-damage|p1a: Rotom|49/100
|
|-weather|RainDance|[upkeep]
|-end|p2a: Pelipper|move: Future Sight
|-damage|p2a: Pelipper|0 fnt
|faint|p2a: Pelipper
|-heal|p1a: Rotom|55/100|[from] item: Leftovers
|upkeep
|l| dieanword
|c|☆brettfavreguilty|i can’t see ur parents loving u
|c|☆brettfavreguilty|without a miracle
|c| Stonkystinky|thats what someone without a dad would say
|c| Stonkystinky|the milk still in the fridge?
|inactive|brettfavreguilty has 120 seconds left.
|
|t:|1667271424
|switch|p2a: Seismitoad|Seismitoad, F|52/100
|-damage|p2a: Seismitoad|46/100|[from] Stealth Rock
|turn|26
|c| Stonkystinky|u might want to check
|
|t:|1667271433
|switch|p1a: Zapdos|Zapdos-Galar|50/100
|move|p2a: Seismitoad|Weather Ball|p1a: Zapdos
|-damage|p1a: Zapdos|0 fnt
|faint|p1a: Zapdos
|-damage|p2a: Seismitoad|36/100|[from] item: Life Orb
|
|-weather|RainDance|[upkeep]
|upkeep
|
|t:|1667271438
|switch|p1a: Slowking|Slowking-Galar, M|62/100
|turn|27
|c| Stonkystinky|milk is really nice with cereal
|c| Stonkystinky|ask ur dad to come back with it
|
|t:|1667271448
|move|p2a: Seismitoad|Weather Ball|p1a: Slowking
|-damage|p1a: Slowking|23/100
|-damage|p2a: Seismitoad|26/100|[from] item: Life Orb
|move|p1a: Slowking|Ice Beam|p2a: Seismitoad
|-damage|p2a: Seismitoad|0 fnt
|faint|p2a: Seismitoad
|
|-weather|RainDance|[upkeep]
|upkeep
|
|t:|1667271451
|switch|p2a: Barraskewda|Barraskewda, F|52/100
|-damage|p2a: Barraskewda|40/100|[from] Stealth Rock
|turn|28
|j| ultimategoogolplex
|l| ultimategoogolplex
|
|t:|1667271461
|move|p2a: Barraskewda|Liquidation|p1a: Slowking
|-damage|p1a: Slowking|0 fnt
|faint|p1a: Slowking
|
|-weather|RainDance|[upkeep]
|upkeep
|
|t:|1667271479
|switch|p1a: Ferrothorn|Ferrothorn, M|41/100
|turn|29
|
|t:|1667271481
|move|p2a: Barraskewda|Liquidation|p1a: Ferrothorn
|-resisted|p1a: Ferrothorn
|-damage|p1a: Ferrothorn|13/100
|-damage|p2a: Barraskewda|27/100|[from] ability: Iron Barbs|[of] p1a: Ferrothorn
|move|p1a: Ferrothorn|Knock Off|p2a: Barraskewda
|-damage|p2a: Barraskewda|0 fnt
|-enditem|p2a: Barraskewda|Choice Band|[from] move: Knock Off|[of] p1a: Ferrothorn
|faint|p2a: Barraskewda
|
|win|ZAINE SASSON
|raw|ZAINE SASSON's rating: 1703 &rarr; <strong>1729</strong><br />(+26 for winning)
|raw|brettfavreguilty's rating: 1804 &rarr; <strong>1778</strong><br />(-26 for losing)
|l|☆brettfavreguilty
|l| cypherstest
|c|☆ZAINE SASSON|gg
|c| Stonkystinky|he insta left
|l| jly8
|c| Stonkystinky|sore loser
|l| Stonkystinky
|c|☆ZAINE SASSON|bro i'm on mobile this is my 1st time checking chat except earlier to see damage percents LOL
|c|☆ZAINE SASSON|what happened :[
||Ladder isn't responding, score probably updated but might not have (Request timeout).
|l| Congwuyu
