|j|☆groundt
|j|☆Vaughan9
|player|p1|groundt|winona-gen3|1529
|player|p2|Vaughan9|2|1457
|teamsize|p1|6
|teamsize|p2|6
|gametype|singles
|gen|8
|tier|[Gen 8] OU
|rated|
|rule|Sleep Clause Mod: Limit one foe put to sleep
|rule|Species Clause: Limit one of each Pokémon
|rule|OHKO Clause: OHKO moves are banned
|rule|Evasion Moves Clause: Evasion moves are banned
|rule|Endless Battle Clause: Forcing endless battles is banned
|rule|HP Percentage Mod: HP is shown in percentages
|clearpoke
|poke|p1|Jellicent, M|
|poke|p1|Hatterene, F|
|poke|p1|Ditto|
|poke|p1|Dragapult, M|
|poke|p1|Excadrill, F|
|poke|p1|Mandibuzz, F|
|poke|p2|Chandelure, F|
|poke|p2|Excadrill, M|
|poke|p2|Quagsire, M|
|poke|p2|Obstagoon, M|
|poke|p2|Galvantula, M|
|poke|p2|Gyarados, M|
|teampreview
|inactive|Battle timer is ON: inactive players will automatically lose when time's up. (requested by Vaughan9)
|inactive|groundt has 120 seconds left.
|
|start
|switch|p1a: Mandibuzz|Mandibuzz, F|100/100
|switch|p2a: Excadrill|Excadrill, M|100/100
|-ability|p2a: Excadrill|Mold Breaker
|turn|1
|
|move|p2a: Excadrill|Stealth Rock|p1a: Mandibuzz
|-sidestart|p1: groundt|move: Stealth Rock
|move|p1a: Mandibuzz|Knock Off|p2a: Excadrill
|-damage|p2a: Excadrill|65/100
|-enditem|p2a: Excadrill|Focus Sash|[from] move: Knock Off|[of] p1a: Mandibuzz
|
|upkeep
|turn|2
|
|switch|p2a: Galvantula|Galvantula, M|100/100
|move|p1a: Mandibuzz|Defog|p2a: Galvantula
|-unboost|p2a: Galvantula|evasion|1
|-sideend|p1: groundt|Stealth Rock|[from] move: Defog|[of] p1a: Mandibuzz
|
|upkeep
|turn|3
|
|switch|p1a: Excadrill|Excadrill, F|100/100
|-ability|p1a: Excadrill|Mold Breaker
|move|p2a: Galvantula|Thunder|p1a: Excadrill
|-immune|p1a: Excadrill
|
|upkeep
|turn|4
|
|switch|p2a: Gyarados|Gyarados, M|100/100
|move|p1a: Excadrill|Stealth Rock|p2a: Gyarados
|-sidestart|p2: Vaughan9|move: Stealth Rock
|
|upkeep
|turn|5
|
|switch|p1a: Jellicent|Jellicent, M|100/100
|-start|p2a: Gyarados|Dynamax
|-heal|p2a: Gyarados|100/100|[silent]
|move|p2a: Gyarados|Max Airstream|p1a: Jellicent
|-damage|p1a: Jellicent|12/100
|-boost|p2a: Gyarados|spe|1
|-damage|p2a: Gyarados|91/100|[from] item: Life Orb
|
|-heal|p1a: Jellicent|19/100|[from] item: Leftovers
|upkeep
|turn|6
|
|move|p2a: Gyarados|Max Airstream|p1a: Jellicent
|-damage|p1a: Jellicent|0 fnt
|-boost|p2a: Gyarados|spe|1
|-damage|p2a: Gyarados|81/100|[from] item: Life Orb
|faint|p1a: Jellicent
|-ability|p2a: Gyarados|Moxie|boost
|-boost|p2a: Gyarados|atk|1
|
|upkeep
|
|switch|p1a: Ditto|Ditto|100/100
|-transform|p1a: Ditto|p2a: Gyarados|[from] ability: Imposter
|turn|7
|
|-start|p1a: Ditto|Dynamax
|-heal|p1a: Ditto|100/100|[silent]
|move|p1a: Ditto|Max Airstream|p2a: Gyarados
|-damage|p2a: Gyarados|17/100
|-boost|p1a: Ditto|spe|1
|move|p2a: Gyarados|Max Airstream|p1a: Ditto
|-damage|p1a: Ditto|0 fnt
|-boost|p2a: Gyarados|spe|1
|-damage|p2a: Gyarados|7/100|[from] item: Life Orb
|faint|p1a: Ditto
|-ability|p2a: Gyarados|Moxie|boost
|-boost|p2a: Gyarados|atk|1
|
|-end|p2a: Gyarados|Dynamax
|-heal|p2a: Gyarados|7/100|[silent]
|upkeep
|
|switch|p1a: Mandibuzz|Mandibuzz, F|100/100
|turn|8
|
|move|p2a: Gyarados|Waterfall|p1a: Mandibuzz
|-damage|p1a: Mandibuzz|21/100
|-damage|p2a: Gyarados|0 fnt|[from] item: Life Orb
|faint|p2a: Gyarados
|cant|p1a: Mandibuzz|flinch
|
|upkeep
|
|switch|p2a: Obstagoon|Obstagoon, M|100/100
|-damage|p2a: Obstagoon|88/100|[from] Stealth Rock
|turn|9
|
|move|p2a: Obstagoon|Facade|p1a: Mandibuzz
|-damage|p1a: Mandibuzz|4/100
|move|p1a: Mandibuzz|Knock Off|p2a: Obstagoon
|-resisted|p2a: Obstagoon
|-damage|p2a: Obstagoon|76/100
|-enditem|p2a: Obstagoon|Flame Orb|[from] move: Knock Off|[of] p1a: Mandibuzz
|
|upkeep
|turn|10
|
|move|p2a: Obstagoon|Knock Off|p1a: Mandibuzz
|-resisted|p1a: Mandibuzz
|-damage|p1a: Mandibuzz|0 fnt
|-enditem|p1a: Mandibuzz|Heavy-Duty Boots|[from] move: Knock Off|[of] p2a: Obstagoon
|faint|p1a: Mandibuzz
|
|upkeep
|
|switch|p1a: Hatterene|Hatterene, F|100/100
|turn|11
|
|switch|p2a: Excadrill|Excadrill, M|65/100
|-damage|p2a: Excadrill|62/100|[from] Stealth Rock
|-ability|p2a: Excadrill|Mold Breaker
|move|p1a: Hatterene|Draining Kiss|p2a: Excadrill
|-resisted|p2a: Excadrill
|-damage|p2a: Excadrill|48/100
|
|upkeep
|turn|12
|
|move|p2a: Excadrill|Iron Head|p1a: Hatterene
|-supereffective|p1a: Hatterene
|-damage|p1a: Hatterene|23/100
|move|p1a: Hatterene|Mystical Fire|p2a: Excadrill
|-supereffective|p2a: Excadrill
|-damage|p2a: Excadrill|0 fnt
|faint|p2a: Excadrill
|
|-heal|p1a: Hatterene|29/100|[from] item: Leftovers
|upkeep
|
|switch|p2a: Chandelure|Chandelure, F|100/100
|-damage|p2a: Chandelure|76/100|[from] Stealth Rock
|turn|13
|
|move|p2a: Chandelure|Shadow Ball|p1a: Hatterene
|-supereffective|p1a: Hatterene
|-damage|p1a: Hatterene|0 fnt
|faint|p1a: Hatterene
|
|upkeep
|
|switch|p1a: Excadrill|Excadrill, F|100/100
|-ability|p1a: Excadrill|Mold Breaker
|turn|14
|
|switch|p2a: Quagsire|Quagsire, M|100/100
|-damage|p2a: Quagsire|94/100|[from] Stealth Rock
|move|p1a: Excadrill|Swords Dance|p1a: Excadrill
|-boost|p1a: Excadrill|atk|2
|
|-heal|p2a: Quagsire|100/100|[from] item: Leftovers
|upkeep
|turn|15
|
|move|p1a: Excadrill|Earthquake|p2a: Quagsire
|-damage|p2a: Quagsire|25/100
|move|p2a: Quagsire|Scald|p1a: Excadrill
|-supereffective|p1a: Excadrill
|-damage|p1a: Excadrill|50/100
|
|-heal|p1a: Excadrill|56/100|[from] item: Leftovers
|-heal|p2a: Quagsire|31/100|[from] item: Leftovers
|upkeep
|turn|16
|
|move|p1a: Excadrill|Earthquake|p2a: Quagsire
|-damage|p2a: Quagsire|0 fnt
|faint|p2a: Quagsire
|
|-heal|p1a: Excadrill|62/100|[from] item: Leftovers
|upkeep
|
|switch|p2a: Obstagoon|Obstagoon, M|76/100
|-damage|p2a: Obstagoon|64/100|[from] Stealth Rock
|turn|17
|
|move|p2a: Obstagoon|Close Combat|p1a: Excadrill
|-supereffective|p1a: Excadrill
|-damage|p1a: Excadrill|0 fnt
|-unboost|p2a: Obstagoon|def|1
|-unboost|p2a: Obstagoon|spd|1
|faint|p1a: Excadrill
|
|upkeep
|
|switch|p1a: Dragapult|Dragapult, M|100/100
|turn|18
|
|move|p1a: Dragapult|Substitute|p1a: Dragapult
|-start|p1a: Dragapult|Substitute
|-damage|p1a: Dragapult|76/100
|move|p2a: Obstagoon|Knock Off|p1a: Dragapult
|-supereffective|p1a: Dragapult
|-end|p1a: Dragapult|Substitute
|
|-heal|p1a: Dragapult|82/100|[from] item: Leftovers
|upkeep
|turn|19
|
|move|p1a: Dragapult|Disable|p2a: Obstagoon
|-start|p2a: Obstagoon|Disable|Knock Off
|cant|p2a: Obstagoon|Disable|Knock Off
|
|-heal|p1a: Dragapult|88/100|[from] item: Leftovers
|upkeep
|turn|20
|
|move|p1a: Dragapult|Substitute|p1a: Dragapult
|-start|p1a: Dragapult|Substitute
|-damage|p1a: Dragapult|63/100
|move|p2a: Obstagoon|Bulk Up|p2a: Obstagoon
|-boost|p2a: Obstagoon|atk|1
|-boost|p2a: Obstagoon|def|1
|
|-heal|p1a: Dragapult|69/100|[from] item: Leftovers
|upkeep
|turn|21
|
|move|p1a: Dragapult|Will-O-Wisp|p2a: Obstagoon
|-status|p2a: Obstagoon|brn
|move|p2a: Obstagoon|Bulk Up|p2a: Obstagoon
|-boost|p2a: Obstagoon|atk|1
|-boost|p2a: Obstagoon|def|1
|
|-heal|p1a: Dragapult|75/100|[from] item: Leftovers
|-damage|p2a: Obstagoon|58/100 brn|[from] brn
|upkeep
|turn|22
|
|move|p1a: Dragapult|Substitute|p1a: Dragapult
|-fail|p1a: Dragapult|move: Substitute
|move|p2a: Obstagoon|Bulk Up|p2a: Obstagoon
|-boost|p2a: Obstagoon|atk|1
|-boost|p2a: Obstagoon|def|1
|
|-heal|p1a: Dragapult|81/100|[from] item: Leftovers
|-damage|p2a: Obstagoon|52/100 brn|[from] brn
|-end|p2a: Obstagoon|Disable
|upkeep
|turn|23
|
|move|p1a: Dragapult|Substitute|p1a: Dragapult
|-fail|p1a: Dragapult|move: Substitute
|move|p2a: Obstagoon|Knock Off|p1a: Dragapult
|-supereffective|p1a: Dragapult
|-end|p1a: Dragapult|Substitute
|
|-heal|p1a: Dragapult|87/100|[from] item: Leftovers
|-damage|p2a: Obstagoon|45/100 brn|[from] brn
|upkeep
|turn|24
|
|switch|p2a: Chandelure|Chandelure, F|76/100
|-damage|p2a: Chandelure|51/100|[from] Stealth Rock
|move|p1a: Dragapult|Substitute|p1a: Dragapult
|-start|p1a: Dragapult|Substitute
|-damage|p1a: Dragapult|62/100
|
|-heal|p1a: Dragapult|68/100|[from] item: Leftovers
|upkeep
|turn|25
|
|move|p1a: Dragapult|Hex|p2a: Chandelure
|-supereffective|p2a: Chandelure
|-damage|p2a: Chandelure|0 fnt
|faint|p2a: Chandelure
|
|-heal|p1a: Dragapult|74/100|[from] item: Leftovers
|upkeep
|
|switch|p2a: Galvantula|Galvantula, M|100/100
|-damage|p2a: Galvantula|76/100|[from] Stealth Rock
|turn|26
|
|move|p1a: Dragapult|Will-O-Wisp|p2a: Galvantula
|-status|p2a: Galvantula|brn
|move|p2a: Galvantula|Thunder|p1a: Dragapult
|-resisted|p1a: Dragapult
|-end|p1a: Dragapult|Substitute
|
|-heal|p1a: Dragapult|80/100|[from] item: Leftovers
|-damage|p2a: Galvantula|70/100 brn|[from] brn
|upkeep
|turn|27
|
|move|p1a: Dragapult|Hex|p2a: Galvantula
|-damage|p2a: Galvantula|0 fnt
|faint|p2a: Galvantula
|
|-heal|p1a: Dragapult|86/100|[from] item: Leftovers
|upkeep
|
|switch|p2a: Obstagoon|Obstagoon, M|45/100 brn
|-damage|p2a: Obstagoon|33/100 brn|[from] Stealth Rock
|turn|28
|
|move|p1a: Dragapult|Substitute|p1a: Dragapult
|-start|p1a: Dragapult|Substitute
|-damage|p1a: Dragapult|61/100
|move|p2a: Obstagoon|Knock Off|p1a: Dragapult
|-supereffective|p1a: Dragapult
|-end|p1a: Dragapult|Substitute
|
|-heal|p1a: Dragapult|67/100|[from] item: Leftovers
|-damage|p2a: Obstagoon|27/100 brn|[from] brn
|upkeep
|turn|29
|
|move|p1a: Dragapult|Disable|p2a: Obstagoon
|-start|p2a: Obstagoon|Disable|Knock Off
|cant|p2a: Obstagoon|Disable|Knock Off
|
|-heal|p1a: Dragapult|73/100|[from] item: Leftovers
|-damage|p2a: Obstagoon|21/100 brn|[from] brn
|upkeep
|turn|30
|-message|Vaughan9 forfeited.
|
|win|groundt
|l|☆Vaughan9
