|j|☆PKS Stylez
|j|☆Gotham Paladin
|inactive|Battle timer is ON: inactive players will automatically lose when time's up.
|t:|1664145478
|gametype|singles
|player|p1|PKS Stylez|interviewers|
|player|p2|Gotham Paladin|oak-gen1rb|
|teamsize|p1|6
|teamsize|p2|6
|gen|8
|tier|[Gen 8] OU
|rated|Tournament battle
|rule|Sleep Clause Mod: Limit one foe put to sleep
|rule|Species Clause: Limit one of each Pokémon
|rule|OHKO Clause: OHKO moves are banned
|rule|Evasion Items Clause: Evasion items are banned
|rule|Evasion Moves Clause: Evasion moves are banned
|rule|Endless Battle Clause: Forcing endless battles is banned
|rule|HP Percentage Mod: HP is shown in percentages
|rule|Dynamax Clause: You cannot dynamax
|clearpoke
|poke|p1|Weavile, F|
|poke|p1|Melmetal|
|poke|p1|Tapu Lele|
|poke|p1|Dragapult, M|
|poke|p1|Zapdos|
|poke|p1|Toxapex, M|
|poke|p2|Urshifu-*, M|
|poke|p2|Slowking-Galar, M|
|poke|p2|Corviknight, M|
|poke|p2|Dragonite, M|
|poke|p2|Landorus-Therian, M|
|poke|p2|Dragapult, F|
|teampreview
|j| Okitsegg
|l| Okitsegg
|j| Kyurem
|
|t:|1664145504
|start
|switch|p1a: Weavile|Weavile, F|100/100
|switch|p2a: Urshifu|Urshifu-Rapid-Strike, M|100/100
|-ability|p1a: Weavile|Pressure
|turn|1
|
|t:|1664145512
|switch|p1a: Zapdos|Zapdos|100/100
|move|p2a: Urshifu|U-turn|p1a: Zapdos
|-resisted|p1a: Zapdos
|-damage|p1a: Zapdos|90/100
|
|t:|1664145515
|switch|p2a: Landorus|Landorus-Therian, M|100/100|[from]move: U-turn
|-ability|p2a: Landorus|Intimidate|boost
|-unboost|p1a: Zapdos|atk|1
|
|upkeep
|turn|2
|
|t:|1664145526
|move|p2a: Landorus|Stealth Rock|p1a: Zapdos
|-sidestart|p1: PKS Stylez|move: Stealth Rock
|move|p1a: Zapdos|Heat Wave|p2a: Landorus
|-damage|p2a: Landorus|68/100
|
|upkeep
|turn|3
|
|t:|1664145533
|move|p2a: Landorus|Swords Dance|p2a: Landorus
|-boost|p2a: Landorus|atk|2
|move|p1a: Zapdos|Defog|p2a: Landorus
|-unboost|p2a: Landorus|evasion|1
|-sideend|p1: PKS Stylez|Stealth Rock|[from] move: Defog|[of] p1a: Zapdos
|
|upkeep
|turn|4
|
|t:|1664145543
|move|p2a: Landorus|Stone Edge|p1a: Zapdos
|-supereffective|p1a: Zapdos
|-damage|p1a: Zapdos|0 fnt
|faint|p1a: Zapdos
|
|upkeep
|
|t:|1664145550
|switch|p1a: Weavile|Weavile, F|100/100
|-ability|p1a: Weavile|Pressure
|turn|5
|
|t:|1664145558
|switch|p2a: Urshifu|Urshifu-Rapid-Strike, M|100/100
|move|p1a: Weavile|Knock Off|p2a: Urshifu
|-resisted|p2a: Urshifu
|-damage|p2a: Urshifu|66/100
|-enditem|p2a: Urshifu|Protective Pads|[from] move: Knock Off|[of] p1a: Weavile
|
|upkeep
|turn|6
|
|t:|1664145566
|switch|p1a: Toxapex|Toxapex, M|100/100
|move|p2a: Urshifu|U-turn|p1a: Toxapex
|-resisted|p1a: Toxapex
|-crit|p1a: Toxapex
|-damage|p1a: Toxapex|87/100
|
|t:|1664145569
|switch|p2a: Landorus|Landorus-Therian, M|68/100|[from]move: U-turn
|-ability|p2a: Landorus|Intimidate|boost
|-unboost|p1a: Toxapex|atk|1
|
|-heal|p1a: Toxapex|93/100|[from] item: Black Sludge
|upkeep
|turn|7
|
|t:|1664145580
|move|p2a: Landorus|Earthquake|p1a: Toxapex
|-supereffective|p1a: Toxapex
|-damage|p1a: Toxapex|19/100
|move|p1a: Toxapex|Scald|p2a: Landorus
|-supereffective|p2a: Landorus
|-damage|p2a: Landorus|25/100
|
|-heal|p1a: Toxapex|25/100|[from] item: Black Sludge
|upkeep
|turn|8
|
|t:|1664145597
|switch|p1a: Weavile|Weavile, F|100/100
|-ability|p1a: Weavile|Pressure
|move|p2a: Landorus|Earthquake|p1a: Weavile
|-damage|p1a: Weavile|0 fnt
|faint|p1a: Weavile
|
|upkeep
|
|t:|1664145607
|switch|p1a: Dragapult|Dragapult, M|100/100
|turn|9
|
|t:|1664145613
|move|p1a: Dragapult|Substitute|p1a: Dragapult
|-start|p1a: Dragapult|Substitute
|-damage|p1a: Dragapult|76/100
|move|p2a: Landorus|Earthquake|p1a: Dragapult
|-end|p1a: Dragapult|Substitute
|
|-heal|p1a: Dragapult|82/100|[from] item: Leftovers
|upkeep
|turn|10
|
|t:|1664145622
|move|p1a: Dragapult|Dragon Darts|p2a: Landorus
|-damage|p2a: Landorus|0 fnt
|faint|p2a: Landorus
|
|-heal|p1a: Dragapult|88/100|[from] item: Leftovers
|upkeep
|
|t:|1664145631
|switch|p2a: Dragapult|Dragapult, F|100/100
|turn|11
|
|t:|1664145635
|switch|p1a: Toxapex|Toxapex, M|58/100
|move|p2a: Dragapult|Shadow Ball|p1a: Toxapex
|-damage|p1a: Toxapex|17/100
|
|-heal|p1a: Toxapex|23/100|[from] item: Black Sludge
|upkeep
|turn|12
|
|t:|1664145648
|move|p2a: Dragapult|Shadow Ball|p1a: Toxapex
|-damage|p1a: Toxapex|0 fnt
|faint|p1a: Toxapex
|
|upkeep
|
|t:|1664145657
|switch|p1a: Melmetal|Melmetal|100/100
|turn|13
|
|t:|1664145665
|switch|p2a: Corviknight|Corviknight, M|100/100
|-ability|p2a: Corviknight|Pressure
|move|p1a: Melmetal|Ice Punch|p2a: Corviknight
|-damage|p2a: Corviknight|82/100
|-status|p2a: Corviknight|frz
|
|-heal|p2a: Corviknight|89/100 frz|[from] item: Leftovers
|upkeep
|turn|14
|j| smile.dkc
|
|t:|1664145686
|switch|p2a: Urshifu|Urshifu-Rapid-Strike, M|66/100
|switch|p1a: Dragapult|Dragapult, M|88/100
|
|-heal|p1a: Dragapult|94/100|[from] item: Leftovers
|upkeep
|turn|15
|
|t:|1664145695
|move|p1a: Dragapult|Dragon Dance|p1a: Dragapult
|-boost|p1a: Dragapult|atk|1
|-boost|p1a: Dragapult|spe|1
|move|p2a: Urshifu|Taunt|p1a: Dragapult
|-start|p1a: Dragapult|move: Taunt
|
|-heal|p1a: Dragapult|99/100|[from] item: Leftovers
|upkeep
|turn|16
|
|t:|1664145703
|move|p1a: Dragapult|Dragon Darts|p2a: Urshifu
|-damage|p2a: Urshifu|28/100
|-anim|p1a: Dragapult|Dragon Darts|p2a: Urshifu
|-damage|p2a: Urshifu|0 fnt
|faint|p2a: Urshifu
|
|-heal|p1a: Dragapult|100/100|[from] item: Leftovers
|upkeep
|
|t:|1664145707
|switch|p2a: Slowking|Slowking-Galar, M|100/100
|turn|17
|
|t:|1664145714
|move|p1a: Dragapult|Phantom Force||[still]
|-prepare|p1a: Dragapult|Phantom Force
|move|p2a: Slowking|Scald|p1a: Dragapult|[miss]
|-miss|p2a: Slowking|p1a: Dragapult
|
|upkeep
|turn|18
|
|t:|1664145719
|move|p1a: Dragapult|Phantom Force|p2a: Slowking|[from]lockedmove
|-supereffective|p2a: Slowking
|-damage|p2a: Slowking|0 fnt
|faint|p2a: Slowking
|
|-end|p1a: Dragapult|move: Taunt
|upkeep
|
|t:|1664145728
|switch|p2a: Dragapult|Dragapult, F|100/100
|turn|19
|
|t:|1664145731
|move|p1a: Dragapult|Dragon Darts|p2a: Dragapult
|-supereffective|p2a: Dragapult
|-damage|p2a: Dragapult|0 fnt
|faint|p2a: Dragapult
|
|upkeep
|-message|Gotham Paladin forfeited.
|
|win|PKS Stylez
|n|☆PKS Stylez|pksstylez
|n|☆Gotham Paladin|gothampaladin
|n| Kyurem|kyurem
|n| smile.dkc|smiledkc
|l|☆Gotham Paladin
