|j|☆Crackerkid
|j|☆PQPP214
|t:|1645584448
|gametype|singles
|player|p1|Crackerkid|170|1412
|player|p2|PQPP214|265|1447
|teamsize|p1|6
|teamsize|p2|6
|gen|8
|tier|[Gen 8] OU
|rated|
|rule|Sleep Clause Mod: Limit one foe put to sleep
|rule|Species Clause: Limit one of each Pokémon
|rule|OHKO Clause: OHKO moves are banned
|rule|Evasion Moves Clause: Evasion moves are banned
|rule|Endless Battle Clause: Forcing endless battles is banned
|rule|HP Percentage Mod: HP is shown in percentages
|rule|Dynamax Clause: You cannot dynamax
|clearpoke
|poke|p1|Blacephalon|
|poke|p1|Kartana|
|poke|p1|Slowbro, F|
|poke|p1|Landorus-Therian, M|
|poke|p1|Tapu Lele|
|poke|p1|Zeraora|
|poke|p2|Landorus-Therian, M|
|poke|p2|Tornadus-Therian, M|
|poke|p2|Zeraora|
|poke|p2|Zapdos-Galar|
|poke|p2|Jirachi|
|poke|p2|Toxapex, F|
|teampreview
|inactive|Battle timer is ON: inactive players will automatically lose when time's up. (requested by PQPP214)
|
|t:|1645584465
|start
|switch|p1a: Tapu Lele|Tapu Lele|100/100
|switch|p2a: Zapdos|Zapdos-Galar|100/100
|-fieldstart|move: Psychic Terrain|[from] ability: Psychic Surge|[of] p1a: Tapu Lele
|turn|1
|
|t:|1645584472
|switch|p2a: Jirachi|Jirachi, shiny|100/100
|move|p1a: Tapu Lele|Psychic|p2a: Jirachi
|-resisted|p2a: Jirachi
|-damage|p2a: Jirachi|86/100
|
|-heal|p2a: Jirachi|92/100|[from] item: Leftovers
|upkeep
|turn|2
|
|t:|1645584481
|switch|p1a: Slowbro|Slowbro, F|100/100
|move|p2a: Jirachi|Stealth Rock|p1a: Slowbro
|-sidestart|p1: Crackerkid|move: Stealth Rock
|
|-heal|p2a: Jirachi|98/100|[from] item: Leftovers
|upkeep
|turn|3
|
|t:|1645584491
|move|p2a: Jirachi|U-turn|p1a: Slowbro
|-supereffective|p1a: Slowbro
|-damage|p1a: Slowbro|83/100
|-damage|p2a: Jirachi|81/100|[from] item: Rocky Helmet|[of] p1a: Slowbro
|
|t:|1645584498
|switch|p2a: Tornadus|Tornadus-Therian, M, shiny|100/100|[from]move: U-turn
|move|p1a: Slowbro|Scald|p2a: Tornadus
|-damage|p2a: Tornadus|73/100
|-status|p2a: Tornadus|brn
|
|-damage|p2a: Tornadus|67/100 brn|[from] brn
|upkeep
|turn|4
|
|t:|1645584505
|move|p2a: Tornadus|Knock Off|p1a: Slowbro
|-supereffective|p1a: Slowbro
|-damage|p1a: Slowbro|71/100
|-damage|p2a: Tornadus|50/100 brn|[from] item: Rocky Helmet|[of] p1a: Slowbro
|-enditem|p1a: Slowbro|Rocky Helmet|[from] move: Knock Off|[of] p2a: Tornadus
|move|p1a: Slowbro|Future Sight|p2a: Tornadus
|-start|p1a: Slowbro|move: Future Sight
|
|-damage|p2a: Tornadus|44/100 brn|[from] brn
|upkeep
|turn|5
|
|t:|1645584514
|move|p2a: Tornadus|U-turn|p1a: Slowbro
|-supereffective|p1a: Slowbro
|-damage|p1a: Slowbro|62/100
|
|t:|1645584518
|switch|p2a: Toxapex|Toxapex, F, shiny|100/100|[from]move: U-turn
|move|p1a: Slowbro|Teleport|p1a: Slowbro
|
|t:|1645584531
|switch|p1a: Zeraora|Zeraora|100/100|[from]move: Teleport
|
|-fieldend|move: Psychic Terrain
|upkeep
|turn|6
|
|t:|1645584535
|switch|p2a: Jirachi|Jirachi, shiny|81/100
|move|p1a: Zeraora|Bulk Up|p1a: Zeraora
|-boost|p1a: Zeraora|atk|1
|-boost|p1a: Zeraora|def|1
|
|-end|p2a: Jirachi|move: Future Sight
|-resisted|p2a: Jirachi
|-damage|p2a: Jirachi|74/100
|-heal|p2a: Jirachi|81/100|[from] item: Leftovers
|upkeep
|turn|7
|
|t:|1645584550
|move|p1a: Zeraora|Bulk Up|p1a: Zeraora
|-boost|p1a: Zeraora|atk|1
|-boost|p1a: Zeraora|def|1
|move|p2a: Jirachi|U-turn|p1a: Zeraora
|-damage|p1a: Zeraora|90/100
|
|t:|1645584554
|switch|p2a: Landorus|Landorus-Therian, M, shiny|100/100|[from]move: U-turn
|-ability|p2a: Landorus|Intimidate|boost
|-unboost|p1a: Zeraora|atk|1
|
|upkeep
|turn|8
|
|t:|1645584562
|move|p1a: Zeraora|Knock Off|p2a: Landorus
|-damage|p2a: Landorus|58/100
|-enditem|p2a: Landorus|Leftovers|[from] move: Knock Off|[of] p1a: Zeraora
|move|p2a: Landorus|Earthquake|p1a: Zeraora
|-supereffective|p1a: Zeraora
|-damage|p1a: Zeraora|20/100
|
|upkeep
|turn|9
|
|t:|1645584570
|switch|p1a: Landorus|Landorus-Therian, M|100/100
|-damage|p1a: Landorus|88/100|[from] Stealth Rock
|-ability|p1a: Landorus|Intimidate|boost
|-unboost|p2a: Landorus|atk|1
|move|p2a: Landorus|U-turn|p1a: Landorus
|-resisted|p1a: Landorus
|-damage|p1a: Landorus|81/100
|
|t:|1645584574
|switch|p2a: Tornadus|Tornadus-Therian, M, shiny|78/100 brn|[from]move: U-turn
|
|-heal|p1a: Landorus|87/100|[from] item: Leftovers
|-damage|p2a: Tornadus|71/100 brn|[from] brn
|upkeep
|turn|10
|
|t:|1645584580
|move|p2a: Tornadus|Knock Off|p1a: Landorus
|-damage|p1a: Landorus|76/100
|-enditem|p1a: Landorus|Leftovers|[from] move: Knock Off|[of] p2a: Tornadus
|move|p1a: Landorus|Stealth Rock|p2a: Tornadus
|-sidestart|p2: PQPP214|move: Stealth Rock
|
|-damage|p2a: Tornadus|65/100 brn|[from] brn
|upkeep
|turn|11
|
|t:|1645584585
|move|p2a: Tornadus|Hurricane|p1a: Landorus
|-damage|p1a: Landorus|44/100
|move|p1a: Landorus|U-turn|p2a: Tornadus
|-resisted|p2a: Tornadus
|-damage|p2a: Tornadus|55/100 brn
|
|t:|1645584598
|switch|p1a: Zeraora|Zeraora|20/100|[from]move: U-turn
|
|-damage|p2a: Tornadus|49/100 brn|[from] brn
|upkeep
|turn|12
|
|t:|1645584607
|switch|p2a: Landorus|Landorus-Therian, M, shiny|58/100
|-damage|p2a: Landorus|46/100|[from] Stealth Rock
|-ability|p2a: Landorus|Intimidate|boost
|-unboost|p1a: Zeraora|atk|1
|move|p1a: Zeraora|Knock Off|p2a: Landorus
|-damage|p2a: Landorus|32/100
|
|upkeep
|turn|13
|
|t:|1645584616
|switch|p1a: Landorus|Landorus-Therian, M|44/100
|-damage|p1a: Landorus|32/100|[from] Stealth Rock
|-ability|p1a: Landorus|Intimidate|boost
|-unboost|p2a: Landorus|atk|1
|move|p2a: Landorus|Toxic|p1a: Landorus
|-status|p1a: Landorus|tox
|
|-damage|p1a: Landorus|26/100 tox|[from] psn
|upkeep
|turn|14
|
|t:|1645584622
|switch|p2a: Tornadus|Tornadus-Therian, M, shiny|82/100 brn
|move|p1a: Landorus|U-turn|p2a: Tornadus
|-resisted|p2a: Tornadus
|-damage|p2a: Tornadus|71/100 brn
|
|t:|1645584629
|switch|p1a: Zeraora|Zeraora|20/100|[from]move: U-turn
|
|-damage|p2a: Tornadus|65/100 brn|[from] brn
|upkeep
|turn|15
|
|t:|1645584644
|switch|p2a: Landorus|Landorus-Therian, M, shiny|32/100
|-damage|p2a: Landorus|20/100|[from] Stealth Rock
|-ability|p2a: Landorus|Intimidate|boost
|-unboost|p1a: Zeraora|atk|1
|move|p1a: Zeraora|Plasma Fists|p2a: Landorus
|-immune|p2a: Landorus
|
|upkeep
|turn|16
|
|t:|1645584659
|switch|p1a: Landorus|Landorus-Therian, M|26/100 tox
|-damage|p1a: Landorus|14/100 tox|[from] Stealth Rock
|-ability|p1a: Landorus|Intimidate|boost
|-unboost|p2a: Landorus|atk|1
|move|p2a: Landorus|Earthquake|p1a: Landorus
|-immune|p1a: Landorus
|
|-damage|p1a: Landorus|8/100 tox|[from] psn
|upkeep
|turn|17
|
|t:|1645584666
|move|p1a: Landorus|U-turn|p2a: Landorus
|-resisted|p2a: Landorus
|-damage|p2a: Landorus|9/100
|
|t:|1645584670
|switch|p1a: Slowbro|Slowbro, F|96/100|[from]move: U-turn
|-damage|p1a: Slowbro|83/100|[from] Stealth Rock
|move|p2a: Landorus|U-turn|p1a: Slowbro
|-supereffective|p1a: Slowbro
|-crit|p1a: Slowbro
|-damage|p1a: Slowbro|47/100
|
|t:|1645584680
|switch|p2a: Zeraora|Zeraora, shiny|100/100|[from]move: U-turn
|
|upkeep
|turn|18
|
|t:|1645584685
|switch|p1a: Landorus|Landorus-Therian, M|8/100 tox
|-damage|p1a: Landorus|0 fnt|[from] Stealth Rock
|faint|p1a: Landorus
|move|p2a: Zeraora|Knock Off|p1: Landorus|[notarget]
|-fail|p2a: Zeraora
|
|upkeep
|
|t:|1645584704
|switch|p1a: Kartana|Kartana|100/100
|-damage|p1a: Kartana|94/100|[from] Stealth Rock
|turn|19
|
|t:|1645584714
|switch|p2a: Toxapex|Toxapex, F, shiny|100/100
|-damage|p2a: Toxapex|88/100|[from] Stealth Rock
|move|p1a: Kartana|Leaf Blade|p2a: Toxapex
|-damage|p2a: Toxapex|33/100
|-damage|p1a: Kartana|78/100|[from] item: Rocky Helmet|[of] p2a: Toxapex
|
|upkeep
|turn|20
|
|t:|1645584723
|switch|p2a: Tornadus|Tornadus-Therian, M, shiny|98/100 brn
|move|p1a: Kartana|Leaf Blade|p2a: Tornadus
|-resisted|p2a: Tornadus
|-damage|p2a: Tornadus|56/100 brn
|
|-damage|p2a: Tornadus|50/100 brn|[from] brn
|upkeep
|turn|21
|
|t:|1645584732
|move|p2a: Tornadus|Heat Wave|p1a: Kartana
|-supereffective|p1a: Kartana
|-damage|p1a: Kartana|0 fnt
|faint|p1a: Kartana
|
|-damage|p2a: Tornadus|44/100 brn|[from] brn
|upkeep
|
|t:|1645584747
|switch|p1a: Blacephalon|Blacephalon|100/100
|-damage|p1a: Blacephalon|76/100|[from] Stealth Rock
|turn|22
|
|t:|1645584752
|switch|p2a: Landorus|Landorus-Therian, M, shiny|9/100
|-damage|p2a: Landorus|0 fnt|[from] Stealth Rock
|faint|p2a: Landorus
|move|p1a: Blacephalon|Shadow Ball|p2: Landorus|[notarget]
|-fail|p1a: Blacephalon
|
|upkeep
|
|t:|1645584766
|switch|p2a: Tornadus|Tornadus-Therian, M, shiny|77/100 brn
|turn|23
|
|t:|1645584771
|switch|p1a: Tapu Lele|Tapu Lele|100/100
|-damage|p1a: Tapu Lele|88/100|[from] Stealth Rock
|-fieldstart|move: Psychic Terrain|[from] ability: Psychic Surge|[of] p1a: Tapu Lele
|move|p2a: Tornadus|Knock Off|p1a: Tapu Lele
|-damage|p1a: Tapu Lele|71/100
|-enditem|p1a: Tapu Lele|Choice Specs|[from] move: Knock Off|[of] p2a: Tornadus
|
|-damage|p2a: Tornadus|71/100 brn|[from] brn
|upkeep
|turn|24
|
|t:|1645584781
|switch|p2a: Jirachi|Jirachi, shiny|81/100
|-damage|p2a: Jirachi|74/100|[from] Stealth Rock
|move|p1a: Tapu Lele|Focus Blast|p2a: Jirachi
|-damage|p2a: Jirachi|46/100
|
|-heal|p2a: Jirachi|53/100|[from] item: Leftovers
|upkeep
|turn|25
|
|t:|1645584790
|switch|p1a: Slowbro|Slowbro, F|80/100
|-damage|p1a: Slowbro|68/100|[from] Stealth Rock
|move|p2a: Jirachi|U-turn|p1a: Slowbro
|-supereffective|p1a: Slowbro
|-damage|p1a: Slowbro|49/100
|
|t:|1645584800
|switch|p2a: Zapdos|Zapdos-Galar|100/100|[from]move: U-turn
|-damage|p2a: Zapdos|88/100|[from] Stealth Rock
|
|upkeep
|turn|26
|
|t:|1645584806
|move|p2a: Zapdos|Brave Bird|p1a: Slowbro
|-damage|p1a: Slowbro|0 fnt
|faint|p1a: Slowbro
|-damage|p2a: Zapdos|69/100|[from] Recoil
|
|upkeep
|
|t:|1645584814
|switch|p1a: Zeraora|Zeraora|20/100
|turn|27
|
|t:|1645584828
|switch|p2a: Tornadus|Tornadus-Therian, M, shiny|100/100 brn
|move|p1a: Zeraora|Knock Off|p2a: Tornadus
|-damage|p2a: Tornadus|69/100 brn
|-enditem|p2a: Tornadus|Heavy-Duty Boots|[from] move: Knock Off|[of] p1a: Zeraora
|
|-damage|p2a: Tornadus|63/100 brn|[from] brn
|-fieldend|move: Psychic Terrain
|upkeep
|turn|28
|
|t:|1645584835
|move|p1a: Zeraora|Plasma Fists|p2a: Tornadus
|-supereffective|p2a: Tornadus
|-damage|p2a: Tornadus|0 fnt
|-fieldactivate|move: Ion Deluge
|-hint|Normal-type moves become Electric-type after using Plasma Fists.
|faint|p2a: Tornadus
|
|upkeep
|
|t:|1645584839
|switch|p2a: Zeraora|Zeraora, shiny|100/100
|turn|29
|
|t:|1645584844
|move|p2a: Zeraora|Knock Off|p1a: Zeraora
|-damage|p1a: Zeraora|0 fnt
|-enditem|p1a: Zeraora|Heavy-Duty Boots|[from] move: Knock Off|[of] p2a: Zeraora
|faint|p1a: Zeraora
|
|upkeep
|
|t:|1645584848
|switch|p1a: Tapu Lele|Tapu Lele|71/100
|-damage|p1a: Tapu Lele|59/100|[from] Stealth Rock
|-fieldstart|move: Psychic Terrain|[from] ability: Psychic Surge|[of] p1a: Tapu Lele
|turn|30
|
|t:|1645584855
|move|p2a: Zeraora|Plasma Fists|p1a: Tapu Lele
|-damage|p1a: Tapu Lele|0 fnt
|-fieldactivate|move: Ion Deluge
|-hint|Normal-type moves become Electric-type after using Plasma Fists.
|faint|p1a: Tapu Lele
|
|upkeep
|
|t:|1645584859
|switch|p1a: Blacephalon|Blacephalon|76/100
|-damage|p1a: Blacephalon|51/100|[from] Stealth Rock
|turn|31
|
|t:|1645584863
|move|p1a: Blacephalon|Shadow Ball|p2a: Zeraora
|-crit|p2a: Zeraora
|-damage|p2a: Zeraora|8/100
|move|p2a: Zeraora|Knock Off|p1a: Blacephalon
|-supereffective|p1a: Blacephalon
|-damage|p1a: Blacephalon|0 fnt
|-enditem|p1a: Blacephalon|Choice Scarf|[from] move: Knock Off|[of] p2a: Zeraora
|faint|p1a: Blacephalon
|
|win|PQPP214
|raw|Crackerkid's rating: 1412 &rarr; <strong>1394</strong><br />(-18 for losing)
|raw|PQPP214's rating: 1447 &rarr; <strong>1465</strong><br />(+18 for winning)
|l|☆Crackerkid
