|raw|<div class="broadcast-blue"><strong>This battle is required to be public due to a player having a name starting with 'lt91bb'.</div>
|j|☆LT91BB shoot
|j|☆kazt 5
|t:|1659328513
|gametype|singles
|player|p1|LT91BB shoot|blue-gen7|1688
|player|p2|kazt 5|acetrainersnowf|1747
|teamsize|p1|6
|teamsize|p2|6
|gen|8
|tier|[Gen 8] OU
|rated|
|rule|Sleep Clause Mod: Limit one foe put to sleep
|rule|Species Clause: Limit one of each Pokémon
|rule|OHKO Clause: OHKO moves are banned
|rule|Evasion Moves Clause: Evasion moves are banned
|rule|Endless Battle Clause: Forcing endless battles is banned
|rule|HP Percentage Mod: HP is shown in percentages
|rule|Dynamax Clause: You cannot dynamax
|clearpoke
|poke|p1|Tapu Lele|
|poke|p1|Magnezone|
|poke|p1|Landorus-Therian, M|
|poke|p1|Volcanion|
|poke|p1|Weavile, M|
|poke|p1|Dragonite, F|
|poke|p2|Heatran, M|
|poke|p2|Heracross, M|
|poke|p2|Landorus-Therian, M|
|poke|p2|Slowbro, M|
|poke|p2|Mandibuzz, F|
|poke|p2|Gengar, F|
|teampreview
|inactive|Battle timer is ON: inactive players will automatically lose when time's up. (requested by LT91BB shoot)
|
|t:|1659328583
|start
|switch|p1a: Landorus|Landorus-Therian, M|100/100
|switch|p2a: Landorus|Landorus-Therian, M|100/100
|-ability|p2a: Landorus|Intimidate|boost
|-unboost|p1a: Landorus|atk|1
|-ability|p1a: Landorus|Intimidate|boost
|-unboost|p2a: Landorus|atk|1
|turn|1
|
|t:|1659328592
|move|p2a: Landorus|U-turn|p1a: Landorus
|-resisted|p1a: Landorus
|-damage|p1a: Landorus|93/100
|
|t:|1659328593
|switch|p2a: Slowbro|Slowbro, M|100/100|[from]move: U-turn
|move|p1a: Landorus|Imprison|p1a: Landorus
|-start|p1a: Landorus|move: Imprison
|
|-heal|p1a: Landorus|99/100|[from] item: Leftovers
|upkeep
|turn|2
|
|t:|1659328597
|move|p1a: Landorus|Stealth Rock|p2a: Slowbro
|-sidestart|p2: kazt 5|move: Stealth Rock
|move|p2a: Slowbro|Scald|p1a: Landorus
|-supereffective|p1a: Landorus
|-damage|p1a: Landorus|52/100
|
|-heal|p1a: Landorus|58/100|[from] item: Leftovers
|upkeep
|turn|3
|
|t:|1659328603
|move|p1a: Landorus|U-turn|p2a: Slowbro
|-supereffective|p2a: Slowbro
|-damage|p2a: Slowbro|83/100
|-damage|p1a: Landorus|41/100|[from] item: Rocky Helmet|[of] p2a: Slowbro
|
|t:|1659328607
|switch|p1a: Volcanion|Volcanion|100/100|[from]move: U-turn
|move|p2a: Slowbro|Future Sight|p1a: Volcanion
|-start|p2a: Slowbro|move: Future Sight
|
|upkeep
|turn|4
|
|t:|1659328613
|move|p1a: Volcanion|Steam Eruption|p2a: Slowbro
|-resisted|p2a: Slowbro
|-damage|p2a: Slowbro|35/100
|move|p2a: Slowbro|Teleport|p2a: Slowbro
|
|t:|1659328616
|switch|p2a: Heracross|Heracross, M|100/100|[from]move: Teleport
|-damage|p2a: Heracross|88/100|[from] Stealth Rock
|
|-status|p2a: Heracross|brn|[from] item: Flame Orb
|upkeep
|turn|5
|
|t:|1659328623
|move|p2a: Heracross|Earthquake|p1a: Volcanion
|-supereffective|p1a: Volcanion
|-crit|p1a: Volcanion
|-damage|p1a: Volcanion|0 fnt
|faint|p1a: Volcanion
|
|-hint|Future Sight did not hit because the target is fainted.
|-damage|p2a: Heracross|82/100 brn|[from] brn
|upkeep
|
|t:|1659328634
|switch|p1a: Tapu Lele|Tapu Lele|100/100
|-fieldstart|move: Psychic Terrain|[from] ability: Psychic Surge|[of] p1a: Tapu Lele
|turn|6
|
|t:|1659328641
|switch|p2a: Slowbro|Slowbro, M|68/100
|-damage|p2a: Slowbro|56/100|[from] Stealth Rock
|move|p1a: Tapu Lele|Focus Blast|p2a: Slowbro
|-resisted|p2a: Slowbro
|-damage|p2a: Slowbro|34/100
|
|upkeep
|turn|7
|
|t:|1659328652
|switch|p1a: Landorus|Landorus-Therian, M|41/100
|-ability|p1a: Landorus|Intimidate|boost
|-unboost|p2a: Slowbro|atk|1
|move|p2a: Slowbro|Teleport|p2a: Slowbro
|
|t:|1659328655
|switch|p2a: Heracross|Heracross, M|82/100 brn|[from]move: Teleport
|-damage|p2a: Heracross|70/100 brn|[from] Stealth Rock
|
|-heal|p1a: Landorus|47/100|[from] item: Leftovers
|-damage|p2a: Heracross|63/100 brn|[from] brn
|upkeep
|turn|8
|
|t:|1659328660
|move|p2a: Heracross|Facade|p1a: Landorus
|-damage|p1a: Landorus|0 fnt
|faint|p1a: Landorus
|
|-damage|p2a: Heracross|57/100 brn|[from] brn
|upkeep
|
|t:|1659328667
|switch|p1a: Weavile|Weavile, M|100/100
|-ability|p1a: Weavile|Pressure
|turn|9
|
|t:|1659328671
|switch|p2a: Slowbro|Slowbro, M|67/100
|-damage|p2a: Slowbro|55/100|[from] Stealth Rock
|move|p1a: Weavile|Triple Axel|p2a: Slowbro
|-resisted|p2a: Slowbro
|-damage|p2a: Slowbro|52/100
|-damage|p1a: Weavile|84/100|[from] item: Rocky Helmet|[of] p2a: Slowbro
|-resisted|p2a: Slowbro
|-damage|p2a: Slowbro|45/100
|-damage|p1a: Weavile|68/100|[from] item: Rocky Helmet|[of] p2a: Slowbro
|-resisted|p2a: Slowbro
|-damage|p2a: Slowbro|35/100
|-damage|p1a: Weavile|51/100|[from] item: Rocky Helmet|[of] p2a: Slowbro
|-hitcount|p2a: Slowbro|3
|
|upkeep
|turn|10
|
|t:|1659328680
|move|p1a: Weavile|Swords Dance|p1a: Weavile
|-boost|p1a: Weavile|atk|2
|move|p2a: Slowbro|Scald|p1a: Weavile
|-crit|p1a: Weavile
|-damage|p1a: Weavile|0 fnt
|faint|p1a: Weavile
|
|-fieldend|move: Psychic Terrain
|upkeep
|-message|LT91BB shoot forfeited.
|
|win|kazt 5
|raw|LT91BB shoot's rating: 1688 &rarr; <strong>1671</strong><br />(-17 for losing)
|raw|kazt 5's rating: 1747 &rarr; <strong>1764</strong><br />(+17 for winning)
|l|☆LT91BB shoot
