|j|☆daheatahfajita
|j|☆Maitredouard2
|t:|1647849989
|gametype|singles
|player|p1|daheatahfajita|fantina|1689
|player|p2|Maitredouard2|lance|1641
|teamsize|p1|6
|teamsize|p2|6
|gen|8
|tier|[Gen 8] OU
|rated|
|rule|Sleep Clause Mod: Limit one foe put to sleep
|rule|Species Clause: Limit one of each Pokémon
|rule|OHKO Clause: OHKO moves are banned
|rule|Evasion Moves Clause: Evasion moves are banned
|rule|Endless Battle Clause: Forcing endless battles is banned
|rule|HP Percentage Mod: HP is shown in percentages
|rule|Dynamax Clause: You cannot dynamax
|clearpoke
|poke|p1|Toxapex, F|
|poke|p1|Garchomp, M|
|poke|p1|Corviknight, F|
|poke|p1|Reuniclus, M|
|poke|p1|Clefable, F|
|poke|p1|Buzzwole|
|poke|p2|Mandibuzz, F|
|poke|p2|Landorus-Therian, M|
|poke|p2|Blissey, F|
|poke|p2|Heatran, F|
|poke|p2|Toxapex, F|
|poke|p2|Tapu Lele|
|teampreview
|
|t:|1647850003
|start
|switch|p1a: Reuniclus|Reuniclus, M|100/100
|switch|p2a: Tapu Lele|Tapu Lele|100/100
|-fieldstart|move: Psychic Terrain|[from] ability: Psychic Surge|[of] p2a: Tapu Lele
|turn|1
|
|t:|1647850010
|move|p2a: Tapu Lele|Moonblast|p1a: Reuniclus
|-damage|p1a: Reuniclus|66/100
|-unboost|p1a: Reuniclus|spa|1
|move|p1a: Reuniclus|Knock Off|p2a: Tapu Lele
|-damage|p2a: Tapu Lele|80/100
|-enditem|p2a: Tapu Lele|Choice Specs|[from] move: Knock Off|[of] p1a: Reuniclus
|
|upkeep
|turn|2
|
|t:|1647850029
|move|p2a: Tapu Lele|Shadow Ball|p1a: Reuniclus
|-supereffective|p1a: Reuniclus
|-damage|p1a: Reuniclus|41/100
|move|p1a: Reuniclus|Night Shade|p2a: Tapu Lele
|-damage|p2a: Tapu Lele|44/100
|
|upkeep
|turn|3
|
|t:|1647850043
|switch|p2a: Mandibuzz|Mandibuzz, F|100/100
|switch|p1a: Corviknight|Corviknight, F|100/100
|-ability|p1a: Corviknight|Pressure
|
|upkeep
|turn|4
|
|t:|1647850051
|move|p2a: Mandibuzz|Taunt|p1a: Corviknight
|-start|p1a: Corviknight|move: Taunt
|move|p1a: Corviknight|Brave Bird|p2a: Mandibuzz
|-damage|p2a: Mandibuzz|76/100
|-damage|p1a: Corviknight|92/100|[from] Recoil
|
|upkeep
|turn|5
|
|t:|1647850059
|switch|p2a: Toxapex|Toxapex, F|100/100
|switch|p1a: Garchomp|Garchomp, M|100/100
|
|-fieldend|move: Psychic Terrain
|upkeep
|turn|6
|
|t:|1647850066
|move|p1a: Garchomp|Earthquake|p2a: Toxapex
|-supereffective|p2a: Toxapex
|-damage|p2a: Toxapex|51/100
|move|p2a: Toxapex|Toxic|p1a: Garchomp
|-status|p1a: Garchomp|tox
|
|-damage|p1a: Garchomp|94/100 tox|[from] psn
|upkeep
|turn|7
|
|t:|1647850075
|move|p1a: Garchomp|Stealth Rock|p2a: Toxapex
|-sidestart|p2: Maitredouard2|move: Stealth Rock
|move|p2a: Toxapex|Recover|p2a: Toxapex
|-heal|p2a: Toxapex|100/100
|
|-heal|p1a: Garchomp|100/100 tox|[from] item: Leftovers
|-damage|p1a: Garchomp|88/100 tox|[from] psn
|upkeep
|turn|8
|
|t:|1647850083
|move|p1a: Garchomp|Earthquake|p2a: Toxapex
|-supereffective|p2a: Toxapex
|-damage|p2a: Toxapex|45/100
|move|p2a: Toxapex|Scald|p1a: Garchomp
|-damage|p1a: Garchomp|76/100 tox
|
|-heal|p1a: Garchomp|82/100 tox|[from] item: Leftovers
|-damage|p1a: Garchomp|64/100 tox|[from] psn
|upkeep
|turn|9
|
|t:|1647850093
|move|p1a: Garchomp|Toxic|p2a: Toxapex
|-immune|p2a: Toxapex
|move|p2a: Toxapex|Recover|p2a: Toxapex
|-heal|p2a: Toxapex|95/100
|
|-heal|p1a: Garchomp|70/100 tox|[from] item: Leftovers
|-damage|p1a: Garchomp|45/100 tox|[from] psn
|upkeep
|turn|10
|
|t:|1647850103
|move|p1a: Garchomp|Rest|p1a: Garchomp
|-status|p1a: Garchomp|slp|[from] move: Rest
|-heal|p1a: Garchomp|100/100 slp|[silent]
|move|p2a: Toxapex|Recover|p2a: Toxapex
|-heal|p2a: Toxapex|100/100
|
|upkeep
|turn|11
|
|t:|1647850111
|switch|p2a: Mandibuzz|Mandibuzz, F|76/100
|cant|p1a: Garchomp|slp
|
|upkeep
|turn|12
|
|t:|1647850117
|cant|p1a: Garchomp|slp
|move|p2a: Mandibuzz|Taunt|p1a: Garchomp
|-start|p1a: Garchomp|move: Taunt
|
|upkeep
|turn|13
|
|t:|1647850127
|switch|p1a: Buzzwole|Buzzwole|100/100
|move|p2a: Mandibuzz|Toxic|p1a: Buzzwole
|-status|p1a: Buzzwole|tox
|
|-damage|p1a: Buzzwole|94/100 tox|[from] psn
|upkeep
|turn|14
|
|t:|1647850135
|switch|p2a: Toxapex|Toxapex, F|100/100
|-damage|p2a: Toxapex|88/100|[from] Stealth Rock
|move|p1a: Buzzwole|Ice Punch|p2a: Toxapex
|-resisted|p2a: Toxapex
|-damage|p2a: Toxapex|79/100
|-damage|p1a: Buzzwole|78/100 tox|[from] item: Rocky Helmet|[of] p2a: Toxapex
|
|-damage|p1a: Buzzwole|66/100 tox|[from] psn
|upkeep
|turn|15
|
|t:|1647850146
|switch|p1a: Garchomp|Garchomp, M|100/100 slp
|switch|p2a: Heatran|Heatran, F|100/100
|-damage|p2a: Heatran|88/100|[from] Stealth Rock
|-item|p2a: Heatran|Air Balloon
|
|upkeep
|turn|16
|
|t:|1647850158
|switch|p1a: Toxapex|Toxapex, F|100/100
|move|p2a: Heatran|Magma Storm|p1a: Toxapex
|-resisted|p1a: Toxapex
|-crit|p1a: Toxapex
|-damage|p1a: Toxapex|71/100
|-activate|p1a: Toxapex|move: Magma Storm|[of] p2a: Heatran
|
|-damage|p1a: Toxapex|58/100|[from] move: Magma Storm|[partiallytrapped]
|upkeep
|turn|17
|
|t:|1647850168
|move|p2a: Heatran|Earth Power|p1a: Toxapex
|-supereffective|p1a: Toxapex
|-damage|p1a: Toxapex|12/100
|move|p1a: Toxapex|Recover|p1a: Toxapex
|-heal|p1a: Toxapex|62/100
|
|-damage|p1a: Toxapex|50/100|[from] move: Magma Storm|[partiallytrapped]
|upkeep
|turn|18
|
|t:|1647850176
|move|p2a: Heatran|Earth Power|p1a: Toxapex
|-supereffective|p1a: Toxapex
|-damage|p1a: Toxapex|1/100
|move|p1a: Toxapex|Recover|p1a: Toxapex
|-heal|p1a: Toxapex|51/100
|
|-damage|p1a: Toxapex|38/100|[from] move: Magma Storm|[partiallytrapped]
|upkeep
|turn|19
|
|t:|1647850184
|move|p2a: Heatran|Earth Power|p1a: Toxapex
|-supereffective|p1a: Toxapex
|-damage|p1a: Toxapex|0 fnt
|faint|p1a: Toxapex
|
|upkeep
|
|t:|1647850187
|switch|p1a: Reuniclus|Reuniclus, M|75/100
|turn|20
|
|t:|1647850194
|move|p2a: Heatran|Magma Storm|p1a: Reuniclus
|-damage|p1a: Reuniclus|50/100
|-activate|p1a: Reuniclus|move: Magma Storm|[of] p2a: Heatran
|move|p1a: Reuniclus|Night Shade|p2a: Heatran
|-damage|p2a: Heatran|62/100
|-enditem|p2a: Heatran|Air Balloon
|
|-damage|p1a: Reuniclus|38/100|[from] move: Magma Storm|[partiallytrapped]
|upkeep
|turn|21
|
|t:|1647850204
|move|p2a: Heatran|Taunt|p1a: Reuniclus
|-start|p1a: Reuniclus|move: Taunt
|move|p1a: Reuniclus|Night Shade|p2a: Heatran
|-damage|p2a: Heatran|36/100
|
|-damage|p1a: Reuniclus|25/100|[from] move: Magma Storm|[partiallytrapped]
|upkeep
|turn|22
|
|t:|1647850212
|move|p2a: Heatran|Magma Storm|p1a: Reuniclus
|-damage|p1a: Reuniclus|0 fnt
|faint|p1a: Reuniclus
|
|upkeep
|
|t:|1647850216
|switch|p1a: Garchomp|Garchomp, M|100/100 slp
|turn|23
|
|t:|1647850225
|-curestatus|p1a: Garchomp|slp|[msg]
|move|p1a: Garchomp|Toxic|p2a: Heatran
|-immune|p2a: Heatran
|move|p2a: Heatran|Toxic|p1a: Garchomp
|-status|p1a: Garchomp|tox
|
|-damage|p1a: Garchomp|94/100 tox|[from] psn
|upkeep
|turn|24
|
|t:|1647850238
|move|p1a: Garchomp|Earthquake|p2a: Heatran
|-supereffective|p2a: Heatran
|-damage|p2a: Heatran|0 fnt
|faint|p2a: Heatran
|
|-heal|p1a: Garchomp|100/100 tox|[from] item: Leftovers
|-damage|p1a: Garchomp|88/100 tox|[from] psn
|upkeep
|
|t:|1647850238
|switch|p2a: Blissey|Blissey, F|100/100
|turn|25
|
|t:|1647850248
|move|p1a: Garchomp|Earthquake|p2a: Blissey
|-damage|p2a: Blissey|63/100
|move|p2a: Blissey|Seismic Toss|p1a: Garchomp
|-damage|p1a: Garchomp|64/100 tox
|-damage|p2a: Blissey|50/100|[from] ability: Rough Skin|[of] p1a: Garchomp
|
|-heal|p1a: Garchomp|70/100 tox|[from] item: Leftovers
|-damage|p1a: Garchomp|52/100 tox|[from] psn
|upkeep
|turn|26
|
|t:|1647850260
|move|p1a: Garchomp|Toxic|p2a: Blissey
|-status|p2a: Blissey|tox
|move|p2a: Blissey|Soft-Boiled|p2a: Blissey
|-heal|p2a: Blissey|99/100 tox
|
|-heal|p1a: Garchomp|58/100 tox|[from] item: Leftovers
|-damage|p1a: Garchomp|33/100 tox|[from] psn
|-damage|p2a: Blissey|94/100 tox|[from] psn
|upkeep
|turn|27
|
|t:|1647850269
|move|p1a: Garchomp|Rest|p1a: Garchomp
|-status|p1a: Garchomp|slp|[from] move: Rest
|-heal|p1a: Garchomp|100/100 slp|[silent]
|move|p2a: Blissey|Teleport|p2a: Blissey
|
|t:|1647850275
|-curestatus|p2a: Blissey|tox|[from] ability: Natural Cure
|switch|p2a: Tapu Lele|Tapu Lele|44/100|[from]move: Teleport
|-damage|p2a: Tapu Lele|32/100|[from] Stealth Rock
|-fieldstart|move: Psychic Terrain|[from] ability: Psychic Surge|[of] p2a: Tapu Lele
|
|upkeep
|turn|28
|
|t:|1647850283
|switch|p1a: Corviknight|Corviknight, F|92/100
|-ability|p1a: Corviknight|Pressure
|move|p2a: Tapu Lele|Focus Blast|p1a: Corviknight
|-damage|p1a: Corviknight|58/100
|
|upkeep
|turn|29
|
|t:|1647850291
|move|p2a: Tapu Lele|Focus Blast|p1a: Corviknight|[miss]
|-miss|p2a: Tapu Lele|p1a: Corviknight
|move|p1a: Corviknight|Roost|p1a: Corviknight
|-heal|p1a: Corviknight|100/100
|-singleturn|p1a: Corviknight|move: Roost
|
|upkeep
|turn|30
|
|t:|1647850298
|switch|p2a: Toxapex|Toxapex, F|100/100
|-damage|p2a: Toxapex|88/100|[from] Stealth Rock
|move|p1a: Corviknight|Bulk Up|p1a: Corviknight
|-boost|p1a: Corviknight|atk|1
|-boost|p1a: Corviknight|def|1
|
|upkeep
|turn|31
|
|t:|1647850308
|move|p1a: Corviknight|Brave Bird|p2a: Toxapex
|-damage|p2a: Toxapex|53/100
|-damage|p1a: Corviknight|84/100|[from] item: Rocky Helmet|[of] p2a: Toxapex
|-damage|p1a: Corviknight|75/100|[from] Recoil
|move|p2a: Toxapex|Haze|p2a: Toxapex
|-clearallboost
|
|-fieldend|move: Psychic Terrain
|upkeep
|turn|32
|
|t:|1647850318
|switch|p1a: Garchomp|Garchomp, M|100/100 slp
|move|p2a: Toxapex|Scald|p1a: Garchomp
|-damage|p1a: Garchomp|87/100 slp
|
|-heal|p1a: Garchomp|93/100 slp|[from] item: Leftovers
|upkeep
|turn|33
|
|t:|1647850327
|switch|p2a: Blissey|Blissey, F|94/100
|cant|p1a: Garchomp|slp
|
|-heal|p1a: Garchomp|99/100 slp|[from] item: Leftovers
|upkeep
|turn|34
|
|t:|1647850337
|cant|p1a: Garchomp|slp
|move|p2a: Blissey|Seismic Toss|p1a: Garchomp
|-damage|p1a: Garchomp|75/100 slp
|-damage|p2a: Blissey|81/100|[from] ability: Rough Skin|[of] p1a: Garchomp
|
|-heal|p1a: Garchomp|81/100 slp|[from] item: Leftovers
|upkeep
|turn|35
|
|t:|1647850346
|-curestatus|p1a: Garchomp|slp|[msg]
|move|p1a: Garchomp|Toxic|p2a: Blissey|[miss]
|-miss|p1a: Garchomp|p2a: Blissey
|move|p2a: Blissey|Teleport|p2a: Blissey
|
|t:|1647850349
|switch|p2a: Mandibuzz|Mandibuzz, F|76/100|[from]move: Teleport
|
|-heal|p1a: Garchomp|88/100|[from] item: Leftovers
|upkeep
|turn|36
|
|t:|1647850357
|switch|p2a: Toxapex|Toxapex, F|87/100
|-damage|p2a: Toxapex|74/100|[from] Stealth Rock
|move|p1a: Garchomp|Toxic|p2a: Toxapex
|-immune|p2a: Toxapex
|
|-heal|p1a: Garchomp|94/100|[from] item: Leftovers
|upkeep
|turn|37
|
|t:|1647850366
|move|p1a: Garchomp|Earthquake|p2a: Toxapex
|-supereffective|p2a: Toxapex
|-damage|p2a: Toxapex|17/100
|move|p2a: Toxapex|Toxic|p1a: Garchomp
|-status|p1a: Garchomp|tox
|
|-heal|p1a: Garchomp|99/100 tox|[from] item: Leftovers
|-damage|p1a: Garchomp|94/100 tox|[from] psn
|upkeep
|turn|38
|
|t:|1647850378
|switch|p2a: Blissey|Blissey, F|81/100
|move|p1a: Garchomp|Toxic|p2a: Blissey
|-status|p2a: Blissey|tox
|
|-heal|p1a: Garchomp|99/100 tox|[from] item: Leftovers
|-damage|p1a: Garchomp|88/100 tox|[from] psn
|-damage|p2a: Blissey|75/100 tox|[from] psn
|upkeep
|turn|39
|
|t:|1647850388
|-curestatus|p2a: Blissey|tox|[from] ability: Natural Cure
|switch|p2a: Mandibuzz|Mandibuzz, F|76/100
|move|p1a: Garchomp|Earthquake|p2a: Mandibuzz
|-immune|p2a: Mandibuzz
|
|-heal|p1a: Garchomp|94/100 tox|[from] item: Leftovers
|-damage|p1a: Garchomp|75/100 tox|[from] psn
|upkeep
|turn|40
|
|t:|1647850399
|switch|p2a: Blissey|Blissey, F|75/100
|move|p1a: Garchomp|Toxic|p2a: Blissey
|-status|p2a: Blissey|tox
|
|-heal|p1a: Garchomp|81/100 tox|[from] item: Leftovers
|-damage|p1a: Garchomp|57/100 tox|[from] psn
|-damage|p2a: Blissey|69/100 tox|[from] psn
|upkeep
|turn|41
|
|t:|1647850409
|move|p1a: Garchomp|Rest|p1a: Garchomp
|-status|p1a: Garchomp|slp|[from] move: Rest
|-heal|p1a: Garchomp|100/100 slp|[silent]
|move|p2a: Blissey|Soft-Boiled|p2a: Blissey
|-heal|p2a: Blissey|100/100 tox
|
|-damage|p2a: Blissey|88/100 tox|[from] psn
|upkeep
|turn|42
|
|t:|1647850419
|cant|p1a: Garchomp|slp
|move|p2a: Blissey|Teleport|p2a: Blissey
|
|t:|1647850422
|-curestatus|p2a: Blissey|tox|[from] ability: Natural Cure
|switch|p2a: Mandibuzz|Mandibuzz, F|76/100|[from]move: Teleport
|
|upkeep
|turn|43
|
|t:|1647850433
|cant|p1a: Garchomp|slp
|move|p2a: Mandibuzz|Taunt|p1a: Garchomp
|-start|p1a: Garchomp|move: Taunt
|
|upkeep
|turn|44
|
|t:|1647850449
|switch|p1a: Corviknight|Corviknight, F|75/100
|-ability|p1a: Corviknight|Pressure
|move|p2a: Mandibuzz|Toxic|p1a: Corviknight
|-immune|p1a: Corviknight
|
|upkeep
|turn|45
|
|t:|1647850457
|switch|p1a: Garchomp|Garchomp, M|100/100 slp
|move|p2a: Mandibuzz|Taunt|p1a: Garchomp
|-start|p1a: Garchomp|move: Taunt
|
|upkeep
|turn|46
|
|t:|1647850463
|switch|p1a: Corviknight|Corviknight, F|75/100
|-ability|p1a: Corviknight|Pressure
|move|p2a: Mandibuzz|Foul Play|p1a: Corviknight
|-damage|p1a: Corviknight|51/100
|
|upkeep
|turn|47
|
|t:|1647850471
|switch|p1a: Clefable|Clefable, F|100/100
|move|p2a: Mandibuzz|Taunt|p1a: Clefable
|-start|p1a: Clefable|move: Taunt
|
|upkeep
|turn|48
|
|t:|1647850478
|switch|p1a: Buzzwole|Buzzwole|66/100 tox
|move|p2a: Mandibuzz|Toxic|p1a: Buzzwole
|-fail|p1a: Buzzwole|tox
|
|-damage|p1a: Buzzwole|60/100 tox|[from] psn
|upkeep
|turn|49
|
|t:|1647850486
|move|p1a: Buzzwole|Roost|p1a: Buzzwole
|-heal|p1a: Buzzwole|100/100 tox
|-singleturn|p1a: Buzzwole|move: Roost
|move|p2a: Mandibuzz|Taunt|p1a: Buzzwole
|-start|p1a: Buzzwole|move: Taunt
|
|-damage|p1a: Buzzwole|88/100 tox|[from] psn
|upkeep
|turn|50
|
|t:|1647850495
|move|p1a: Buzzwole|Close Combat|p2a: Mandibuzz
|-damage|p2a: Mandibuzz|34/100
|-unboost|p1a: Buzzwole|def|1
|-unboost|p1a: Buzzwole|spd|1
|move|p2a: Mandibuzz|Taunt||[still]
|-fail|p2a: Mandibuzz
|
|-damage|p1a: Buzzwole|70/100 tox|[from] psn
|upkeep
|turn|51
|
|t:|1647850507
|switch|p2a: Tapu Lele|Tapu Lele|32/100
|-damage|p2a: Tapu Lele|20/100|[from] Stealth Rock
|-fieldstart|move: Psychic Terrain|[from] ability: Psychic Surge|[of] p2a: Tapu Lele
|move|p1a: Buzzwole|Ice Punch|p2a: Tapu Lele
|-damage|p2a: Tapu Lele|0 fnt
|faint|p2a: Tapu Lele
|-ability|p1a: Buzzwole|Beast Boost|boost
|-boost|p1a: Buzzwole|atk|1
|
|-damage|p1a: Buzzwole|46/100 tox|[from] psn
|upkeep
|
|t:|1647850522
|switch|p2a: Landorus|Landorus-Therian, M|100/100
|-damage|p2a: Landorus|88/100|[from] Stealth Rock
|-ability|p2a: Landorus|Intimidate|boost
|-unboost|p1a: Buzzwole|atk|1
|turn|52
|
|t:|1647850528
|switch|p1a: Corviknight|Corviknight, F|51/100
|-ability|p1a: Corviknight|Pressure
|move|p2a: Landorus|Stone Edge|p1a: Corviknight
|-damage|p1a: Corviknight|19/100
|
|upkeep
|turn|53
|
|t:|1647850535
|switch|p1a: Garchomp|Garchomp, M|100/100 slp
|move|p2a: Landorus|Stone Edge|p1a: Garchomp|[miss]
|-miss|p2a: Landorus|p1a: Garchomp
|
|upkeep
|turn|54
|
|t:|1647850544
|switch|p2a: Blissey|Blissey, F|88/100
|-curestatus|p1a: Garchomp|slp|[msg]
|move|p1a: Garchomp|Earthquake|p2a: Blissey
|-damage|p2a: Blissey|48/100
|
|upkeep
|turn|55
|
|t:|1647850552
|switch|p1a: Corviknight|Corviknight, F|19/100
|-ability|p1a: Corviknight|Pressure
|move|p2a: Blissey|Seismic Toss|p1a: Corviknight
|-damage|p1a: Corviknight|0 fnt
|faint|p1a: Corviknight
|
|-fieldend|move: Psychic Terrain
|upkeep
|
|t:|1647850559
|switch|p1a: Buzzwole|Buzzwole|46/100 tox
|turn|56
|
|t:|1647850569
|switch|p2a: Toxapex|Toxapex, F|50/100
|-damage|p2a: Toxapex|38/100|[from] Stealth Rock
|move|p1a: Buzzwole|Ice Punch|p2a: Toxapex
|-resisted|p2a: Toxapex
|-damage|p2a: Toxapex|28/100
|-damage|p1a: Buzzwole|29/100 tox|[from] item: Rocky Helmet|[of] p2a: Toxapex
|
|-damage|p1a: Buzzwole|23/100 tox|[from] psn
|upkeep
|turn|57
|
|t:|1647850579
|switch|p1a: Clefable|Clefable, F|100/100
|move|p2a: Toxapex|Recover|p2a: Toxapex
|-heal|p2a: Toxapex|78/100
|
|upkeep
|turn|58
|
|t:|1647850585
|move|p1a: Clefable|Aromatherapy|p1a: Clefable
|-activate|p1a: Clefable|move: Aromatherapy
|-curestatus|p1: Buzzwole|tox|[msg]
|move|p2a: Toxapex|Toxic|p1a: Clefable
|-status|p1a: Clefable|tox
|
|-damage|p1a: Clefable|94/100 tox|[from] psn
|upkeep
|turn|59
|
|t:|1647850594
|switch|p1a: Garchomp|Garchomp, M|100/100
|move|p2a: Toxapex|Toxic|p1a: Garchomp
|-status|p1a: Garchomp|tox
|
|-damage|p1a: Garchomp|94/100 tox|[from] psn
|upkeep
|turn|60
|
|t:|1647850604
|switch|p2a: Landorus|Landorus-Therian, M|88/100
|-damage|p2a: Landorus|75/100|[from] Stealth Rock
|-ability|p2a: Landorus|Intimidate|boost
|-unboost|p1a: Garchomp|atk|1
|move|p1a: Garchomp|Stealth Rock||[still]
|-fail|p1a: Garchomp
|
|-heal|p1a: Garchomp|100/100 tox|[from] item: Leftovers
|-damage|p1a: Garchomp|88/100 tox|[from] psn
|upkeep
|turn|61
|
|t:|1647850615
|move|p2a: Landorus|Earthquake|p1a: Garchomp
|-damage|p1a: Garchomp|44/100 tox
|move|p1a: Garchomp|Toxic|p2a: Landorus
|-status|p2a: Landorus|tox
|
|-heal|p1a: Garchomp|50/100 tox|[from] item: Leftovers
|-damage|p2a: Landorus|69/100 tox|[from] psn
|-damage|p1a: Garchomp|31/100 tox|[from] psn
|upkeep
|turn|62
|
|t:|1647850624
|switch|p2a: Toxapex|Toxapex, F|100/100
|-damage|p2a: Toxapex|88/100|[from] Stealth Rock
|switch|p1a: Clefable|Clefable, F|94/100 tox
|
|-damage|p1a: Clefable|88/100 tox|[from] psn
|upkeep
|turn|63
|
|t:|1647850637
|switch|p1a: Garchomp|Garchomp, M|31/100 tox
|move|p2a: Toxapex|Scald|p1a: Garchomp
|-crit|p1a: Garchomp
|-damage|p1a: Garchomp|11/100 tox
|
|-heal|p1a: Garchomp|17/100 tox|[from] item: Leftovers
|-damage|p1a: Garchomp|11/100 tox|[from] psn
|upkeep
|turn|64
|
|t:|1647850650
|switch|p2a: Blissey|Blissey, F|48/100
|move|p1a: Garchomp|Rest|p1a: Garchomp
|-status|p1a: Garchomp|slp|[from] move: Rest
|-heal|p1a: Garchomp|100/100 slp|[silent]
|
|upkeep
|turn|65
|
|t:|1647850657
|cant|p1a: Garchomp|slp
|move|p2a: Blissey|Soft-Boiled|p2a: Blissey
|-heal|p2a: Blissey|98/100
|
|upkeep
|turn|66
|
|t:|1647850662
|cant|p1a: Garchomp|slp
|move|p2a: Blissey|Seismic Toss|p1a: Garchomp
|-damage|p1a: Garchomp|77/100 slp
|-damage|p2a: Blissey|85/100|[from] ability: Rough Skin|[of] p1a: Garchomp
|
|-heal|p1a: Garchomp|83/100 slp|[from] item: Leftovers
|upkeep
|turn|67
|
|t:|1647850672
|-curestatus|p1a: Garchomp|slp|[msg]
|move|p1a: Garchomp|Stealth Rock||[still]
|-fail|p1a: Garchomp
|move|p2a: Blissey|Toxic|p1a: Garchomp
|-status|p1a: Garchomp|tox
|
|-heal|p1a: Garchomp|89/100 tox|[from] item: Leftovers
|-damage|p1a: Garchomp|83/100 tox|[from] psn
|upkeep
|turn|68
|
|t:|1647850683
|switch|p1a: Buzzwole|Buzzwole|23/100
|move|p2a: Blissey|Teleport|p2a: Blissey
|
|t:|1647850687
|switch|p2a: Landorus|Landorus-Therian, M|69/100 tox|[from]move: Teleport
|-damage|p2a: Landorus|57/100 tox|[from] Stealth Rock
|-ability|p2a: Landorus|Intimidate|boost
|-unboost|p1a: Buzzwole|atk|1
|
|-damage|p2a: Landorus|50/100 tox|[from] psn
|upkeep
|turn|69
|
|t:|1647850697
|switch|p1a: Garchomp|Garchomp, M|83/100 tox
|move|p2a: Landorus|Earthquake|p1a: Garchomp
|-damage|p1a: Garchomp|35/100 tox
|
|-heal|p1a: Garchomp|41/100 tox|[from] item: Leftovers
|-damage|p2a: Landorus|38/100 tox|[from] psn
|-damage|p1a: Garchomp|35/100 tox|[from] psn
|upkeep
|turn|70
|
|t:|1647850706
|switch|p1a: Clefable|Clefable, F|88/100 tox
|move|p2a: Landorus|Earthquake|p1a: Clefable
|-damage|p1a: Clefable|47/100 tox
|
|-damage|p2a: Landorus|19/100 tox|[from] psn
|-damage|p1a: Clefable|41/100 tox|[from] psn
|upkeep
|turn|71
|
|t:|1647850717
|switch|p1a: Buzzwole|Buzzwole|23/100
|move|p2a: Landorus|Earthquake|p1a: Buzzwole
|-resisted|p1a: Buzzwole
|-damage|p1a: Buzzwole|3/100
|
|-damage|p2a: Landorus|0 fnt|[from] psn
|faint|p2a: Landorus
|upkeep
|
|t:|1647850726
|switch|p2a: Mandibuzz|Mandibuzz, F|34/100
|turn|72
|
|t:|1647850733
|switch|p2a: Toxapex|Toxapex, F|100/100
|-damage|p2a: Toxapex|88/100|[from] Stealth Rock
|move|p1a: Buzzwole|Roost|p1a: Buzzwole
|-heal|p1a: Buzzwole|53/100
|-singleturn|p1a: Buzzwole|move: Roost
|
|upkeep
|turn|73
|
|t:|1647850745
|move|p1a: Buzzwole|Roost|p1a: Buzzwole
|-heal|p1a: Buzzwole|100/100
|-singleturn|p1a: Buzzwole|move: Roost
|move|p2a: Toxapex|Scald|p1a: Buzzwole
|-damage|p1a: Buzzwole|77/100
|
|upkeep
|turn|74
|c|☆daheatahfajita|so smart
|
|t:|1647850751
|switch|p1a: Garchomp|Garchomp, M|35/100 tox
|switch|p2a: Blissey|Blissey, F|85/100
|
|-heal|p1a: Garchomp|41/100 tox|[from] item: Leftovers
|-damage|p1a: Garchomp|35/100 tox|[from] psn
|upkeep
|turn|75
|
|t:|1647850760
|move|p1a: Garchomp|Rest|p1a: Garchomp
|-status|p1a: Garchomp|slp|[from] move: Rest
|-heal|p1a: Garchomp|100/100 slp|[silent]
|move|p2a: Blissey|Seismic Toss|p1a: Garchomp
|-damage|p1a: Garchomp|77/100 slp
|-damage|p2a: Blissey|73/100|[from] ability: Rough Skin|[of] p1a: Garchomp
|
|-heal|p1a: Garchomp|83/100 slp|[from] item: Leftovers
|upkeep
|turn|76
|j| Super Ripped Dude
|l| Super Ripped Dude
|
|t:|1647850774
|cant|p1a: Garchomp|slp
|move|p2a: Blissey|Soft-Boiled|p2a: Blissey
|-heal|p2a: Blissey|100/100
|
|-heal|p1a: Garchomp|89/100 slp|[from] item: Leftovers
|upkeep
|turn|77
|
|t:|1647850787
|cant|p1a: Garchomp|slp
|move|p2a: Blissey|Seismic Toss|p1a: Garchomp
|-damage|p1a: Garchomp|65/100 slp
|-damage|p2a: Blissey|88/100|[from] ability: Rough Skin|[of] p1a: Garchomp
|
|-heal|p1a: Garchomp|71/100 slp|[from] item: Leftovers
|upkeep
|turn|78
|
|t:|1647850815
|-curestatus|p1a: Garchomp|slp|[msg]
|move|p1a: Garchomp|Toxic|p2a: Blissey
|-status|p2a: Blissey|tox
|move|p2a: Blissey|Toxic|p1a: Garchomp
|-status|p1a: Garchomp|tox
|
|-heal|p1a: Garchomp|78/100 tox|[from] item: Leftovers
|-damage|p1a: Garchomp|71/100 tox|[from] psn
|-damage|p2a: Blissey|82/100 tox|[from] psn
|upkeep
|turn|79
|
|t:|1647850826
|-curestatus|p2a: Blissey|tox|[from] ability: Natural Cure
|switch|p2a: Toxapex|Toxapex, F|100/100
|-damage|p2a: Toxapex|88/100|[from] Stealth Rock
|move|p1a: Garchomp|Stealth Rock||[still]
|-fail|p1a: Garchomp
|
|-heal|p1a: Garchomp|78/100 tox|[from] item: Leftovers
|-damage|p1a: Garchomp|65/100 tox|[from] psn
|upkeep
|turn|80
|
|t:|1647850838
|move|p1a: Garchomp|Stealth Rock||[still]
|-fail|p1a: Garchomp
|move|p2a: Toxapex|Scald|p1a: Garchomp
|-damage|p1a: Garchomp|52/100 tox
|
|-heal|p1a: Garchomp|58/100 tox|[from] item: Leftovers
|-damage|p1a: Garchomp|40/100 tox|[from] psn
|upkeep
|turn|81
|
|t:|1647850848
|switch|p2a: Mandibuzz|Mandibuzz, F|34/100
|move|p1a: Garchomp|Rest|p1a: Garchomp
|-status|p1a: Garchomp|slp|[from] move: Rest
|-heal|p1a: Garchomp|100/100 slp|[silent]
|
|upkeep
|turn|82
|j| WinOfStall
|inactive|Battle timer is ON: inactive players will automatically lose when time's up. (requested by Maitredouard2)
|
|t:|1647850869
|switch|p1a: Clefable|Clefable, F|41/100 tox
|move|p2a: Mandibuzz|Roost|p2a: Mandibuzz
|-heal|p2a: Mandibuzz|84/100
|-singleturn|p2a: Mandibuzz|move: Roost
|
|-damage|p1a: Clefable|35/100 tox|[from] psn
|upkeep
|turn|83
|
|t:|1647850878
|move|p2a: Mandibuzz|Taunt|p1a: Clefable
|-start|p1a: Clefable|move: Taunt
|cant|p1a: Clefable|move: Taunt|Soft-Boiled
|
|-damage|p1a: Clefable|23/100 tox|[from] psn
|upkeep
|turn|84
|
|t:|1647850885
|switch|p1a: Buzzwole|Buzzwole|77/100
|move|p2a: Mandibuzz|Foul Play|p1a: Buzzwole
|-resisted|p1a: Buzzwole
|-damage|p1a: Buzzwole|59/100
|-damage|p2a: Mandibuzz|67/100|[from] item: Rocky Helmet|[of] p1a: Buzzwole
|
|upkeep
|turn|85
|
|t:|1647850894
|move|p1a: Buzzwole|Roost|p1a: Buzzwole
|-heal|p1a: Buzzwole|100/100
|-singleturn|p1a: Buzzwole|move: Roost
|move|p2a: Mandibuzz|Toxic|p1a: Buzzwole|[miss]
|-miss|p2a: Mandibuzz|p1a: Buzzwole
|
|upkeep
|turn|86
|
|t:|1647850900
|move|p1a: Buzzwole|Ice Punch|p2a: Mandibuzz
|-supereffective|p2a: Mandibuzz
|-damage|p2a: Mandibuzz|30/100
|move|p2a: Mandibuzz|Toxic|p1a: Buzzwole
|-status|p1a: Buzzwole|tox
|
|-damage|p1a: Buzzwole|94/100 tox|[from] psn
|upkeep
|turn|87
|
|t:|1647850908
|move|p1a: Buzzwole|Ice Punch|p2a: Mandibuzz
|-supereffective|p2a: Mandibuzz
|-damage|p2a: Mandibuzz|0 fnt
|faint|p2a: Mandibuzz
|-ability|p1a: Buzzwole|Beast Boost|boost
|-boost|p1a: Buzzwole|atk|1
|
|-damage|p1a: Buzzwole|82/100 tox|[from] psn
|upkeep
|
|t:|1647850916
|switch|p2a: Toxapex|Toxapex, F|100/100
|-damage|p2a: Toxapex|88/100|[from] Stealth Rock
|turn|88
|
|t:|1647850921
|switch|p1a: Garchomp|Garchomp, M|100/100 slp
|move|p2a: Toxapex|Scald|p1a: Garchomp
|-damage|p1a: Garchomp|88/100 slp
|
|-heal|p1a: Garchomp|95/100 slp|[from] item: Leftovers
|upkeep
|turn|89
|
|t:|1647850930
|switch|p2a: Blissey|Blissey, F|82/100
|cant|p1a: Garchomp|slp
|
|-heal|p1a: Garchomp|100/100 slp|[from] item: Leftovers
|upkeep
|turn|90
|
|t:|1647850937
|switch|p2a: Toxapex|Toxapex, F|100/100
|-damage|p2a: Toxapex|88/100|[from] Stealth Rock
|cant|p1a: Garchomp|slp
|
|upkeep
|turn|91
|j| LT_Alt1
|
|t:|1647850946
|switch|p1a: Clefable|Clefable, F|23/100 tox
|move|p2a: Toxapex|Toxic|p1a: Clefable
|-fail|p1a: Clefable|tox
|
|-damage|p1a: Clefable|16/100 tox|[from] psn
|upkeep
|turn|92
|
|t:|1647850954
|move|p1a: Clefable|Soft-Boiled|p1a: Clefable
|-heal|p1a: Clefable|66/100 tox
|move|p2a: Toxapex|Scald|p1a: Clefable
|-damage|p1a: Clefable|52/100 tox
|
|-damage|p1a: Clefable|40/100 tox|[from] psn
|upkeep
|turn|93
|
|t:|1647850962
|move|p1a: Clefable|Aromatherapy|p1a: Clefable
|-activate|p1a: Clefable|move: Aromatherapy
|-curestatus|p1a: Clefable|tox|[msg]
|-curestatus|p1: Garchomp|slp|[msg]
|-curestatus|p1: Buzzwole|tox|[msg]
|move|p2a: Toxapex|Recover|p2a: Toxapex
|-heal|p2a: Toxapex|100/100
|
|upkeep
|turn|94
|
|t:|1647850975
|switch|p1a: Garchomp|Garchomp, M|100/100
|move|p2a: Toxapex|Toxic|p1a: Garchomp
|-status|p1a: Garchomp|tox
|
|-damage|p1a: Garchomp|94/100 tox|[from] psn
|upkeep
|turn|95
|
|t:|1647850985
|switch|p2a: Blissey|Blissey, F|82/100
|move|p1a: Garchomp|Earthquake|p2a: Blissey
|-damage|p2a: Blissey|47/100
|
|-heal|p1a: Garchomp|100/100 tox|[from] item: Leftovers
|-damage|p1a: Garchomp|88/100 tox|[from] psn
|upkeep
|turn|96
|
|t:|1647850995
|move|p1a: Garchomp|Toxic|p2a: Blissey|[miss]
|-miss|p1a: Garchomp|p2a: Blissey
|move|p2a: Blissey|Soft-Boiled|p2a: Blissey
|-heal|p2a: Blissey|97/100
|
|-heal|p1a: Garchomp|94/100 tox|[from] item: Leftovers
|-damage|p1a: Garchomp|76/100 tox|[from] psn
|upkeep
|turn|97
|
|t:|1647851004
|switch|p2a: Toxapex|Toxapex, F|100/100
|-damage|p2a: Toxapex|88/100|[from] Stealth Rock
|move|p1a: Garchomp|Earthquake|p2a: Toxapex
|-supereffective|p2a: Toxapex
|-damage|p2a: Toxapex|37/100
|
|-heal|p1a: Garchomp|82/100 tox|[from] item: Leftovers
|-damage|p1a: Garchomp|57/100 tox|[from] psn
|upkeep
|turn|98
|
|t:|1647851015
|switch|p2a: Blissey|Blissey, F|97/100
|move|p1a: Garchomp|Earthquake|p2a: Blissey
|-damage|p2a: Blissey|58/100
|
|-heal|p1a: Garchomp|63/100 tox|[from] item: Leftovers
|-damage|p1a: Garchomp|32/100 tox|[from] psn
|upkeep
|turn|99
|
|t:|1647851024
|move|p1a: Garchomp|Rest|p1a: Garchomp
|-status|p1a: Garchomp|slp|[from] move: Rest
|-heal|p1a: Garchomp|100/100 slp|[silent]
|move|p2a: Blissey|Soft-Boiled|p2a: Blissey
|-heal|p2a: Blissey|100/100
|
|upkeep
|turn|100
|
|t:|1647851032
|cant|p1a: Garchomp|slp
|move|p2a: Blissey|Toxic||[still]
|-fail|p2a: Blissey
|
|upkeep
|turn|101
|
|t:|1647851037
|switch|p2a: Toxapex|Toxapex, F|70/100
|-damage|p2a: Toxapex|57/100|[from] Stealth Rock
|cant|p1a: Garchomp|slp
|
|upkeep
|turn|102
|
|t:|1647851043
|-curestatus|p1a: Garchomp|slp|[msg]
|move|p1a: Garchomp|Earthquake|p2a: Toxapex
|-supereffective|p2a: Toxapex
|-damage|p2a: Toxapex|0 fnt
|faint|p2a: Toxapex
|
|upkeep
|j| woopieee
|c|☆daheatahfajita|?
|-message|Maitredouard2 forfeited.
|
|win|daheatahfajita
|raw|daheatahfajita's rating: 1689 &rarr; <strong>1706</strong><br />(+17 for winning)
|raw|Maitredouard2's rating: 1641 &rarr; <strong>1624</strong><br />(-17 for losing)
|l|☆Maitredouard2
|l| woopieee
|c|☆daheatahfajita|?
|c|☆daheatahfajita|?
|j| woopieee
|l| WinOfStall
|l| woopieee
