|j|☆CartiWins
|j|☆stantlerdude63
|inactive|Battle timer is ON: inactive players will automatically lose when time's up.
|t:|1661594035
|gametype|singles
|player|p1|CartiWins|170|
|player|p2|stantlerdude63|swimmer-gen4dp|
|teamsize|p1|6
|teamsize|p2|6
|gen|8
|tier|[Gen 8] OU
|rated|Tournament battle
|rule|Sleep Clause Mod: Limit one foe put to sleep
|rule|Species Clause: Limit one of each Pokémon
|rule|OHKO Clause: OHKO moves are banned
|rule|Evasion Items Clause: Evasion items are banned
|rule|Evasion Moves Clause: Evasion moves are banned
|rule|Endless Battle Clause: Forcing endless battles is banned
|rule|HP Percentage Mod: HP is shown in percentages
|rule|Dynamax Clause: You cannot dynamax
|clearpoke
|poke|p1|Magnezone|
|poke|p1|Kartana|
|poke|p1|Tapu Fini|
|poke|p1|Dragapult, M|
|poke|p1|Landorus-Therian, M|
|poke|p1|Weavile, M|
|poke|p2|Cinccino, M|
|poke|p2|Clefable, M|
|poke|p2|Rotom-Wash|
|poke|p2|Garchomp, M|
|poke|p2|Ferrothorn, M|
|poke|p2|Zapdos|
|teampreview
|j| sgvh
|
|t:|1661594053
|start
|switch|p1a: Weavile|Weavile, M|100/100
|switch|p2a: Clefable|Clefable, M|100/100
|-ability|p1a: Weavile|Pressure
|turn|1
|
|t:|1661594063
|switch|p1a: Magnezone|Magnezone|100/100
|move|p2a: Clefable|Trick|p1a: Magnezone
|-activate|p2a: Clefable|move: Trick|[of] p1a: Magnezone
|-item|p1a: Magnezone|Sticky Barb|[from] move: Trick
|-item|p2a: Clefable|Leftovers|[from] move: Trick
|
|-damage|p1a: Magnezone|88/100|[from] item: Sticky Barb
|upkeep
|turn|2
|
|t:|1661594078
|switch|p2a: Rotom|Rotom-Wash|100/100
|move|p1a: Magnezone|Body Press|p2a: Rotom
|-damage|p2a: Rotom|75/100
|
|-heal|p2a: Rotom|81/100|[from] item: Leftovers
|-damage|p1a: Magnezone|76/100|[from] item: Sticky Barb
|upkeep
|turn|3
|
|t:|1661594085
|switch|p1a: Tapu Fini|Tapu Fini|100/100
|-fieldstart|move: Misty Terrain|[from] ability: Misty Surge|[of] p1a: Tapu Fini
|move|p2a: Rotom|Will-O-Wisp|p1a: Tapu Fini
|-activate|p1a: Tapu Fini|move: Misty Terrain
|
|-heal|p2a: Rotom|88/100|[from] item: Leftovers
|upkeep
|turn|4
|
|t:|1661594090
|move|p1a: Tapu Fini|Moonblast|p2a: Rotom
|-damage|p2a: Rotom|61/100
|move|p2a: Rotom|Volt Switch|p1a: Tapu Fini
|-supereffective|p1a: Tapu Fini
|-damage|p1a: Tapu Fini|69/100
|
|t:|1661594095
|switch|p2a: Ferrothorn|Ferrothorn, M|100/100|[from]move: Volt Switch
|
|-heal|p1a: Tapu Fini|75/100|[from] item: Leftovers
|upkeep
|turn|5
|
|t:|1661594103
|switch|p1a: Magnezone|Magnezone|76/100
|move|p2a: Ferrothorn|Knock Off|p1a: Magnezone
|-damage|p1a: Magnezone|61/100
|-enditem|p1a: Magnezone|Sticky Barb|[from] move: Knock Off|[of] p2a: Ferrothorn
|
|upkeep
|turn|6
|
|t:|1661594111
|move|p1a: Magnezone|Substitute|p1a: Magnezone
|-start|p1a: Magnezone|Substitute
|-damage|p1a: Magnezone|37/100
|move|p2a: Ferrothorn|Leech Seed||[still]
|-fail|p2a: Ferrothorn
|
|upkeep
|turn|7
|
|t:|1661594115
|move|p1a: Magnezone|Body Press|p2a: Ferrothorn
|-supereffective|p2a: Ferrothorn
|-damage|p2a: Ferrothorn|70/100
|-damage|p1a: Magnezone|24/100|[from] ability: Iron Barbs|[of] p2a: Ferrothorn
|move|p2a: Ferrothorn|Body Press|p1a: Magnezone
|-supereffective|p1a: Magnezone
|-end|p1a: Magnezone|Substitute
|
|-heal|p2a: Ferrothorn|77/100|[from] item: Leftovers
|-fieldend|Misty Terrain
|upkeep
|turn|8
|j| Forwards
|c|☆CartiWins|i messed the set up
|
|t:|1661594136
|move|p1a: Magnezone|Body Press|p2a: Ferrothorn
|-supereffective|p2a: Ferrothorn
|-damage|p2a: Ferrothorn|47/100
|-damage|p1a: Magnezone|12/100|[from] ability: Iron Barbs|[of] p2a: Ferrothorn
|move|p2a: Ferrothorn|Leech Seed|p1a: Magnezone
|-start|p1a: Magnezone|move: Leech Seed
|
|-heal|p2a: Ferrothorn|53/100|[from] item: Leftovers
|-damage|p1a: Magnezone|0 fnt|[from] Leech Seed|[of] p2a: Ferrothorn
|-heal|p2a: Ferrothorn|64/100|[silent]
|faint|p1a: Magnezone
|upkeep
|
|t:|1661594140
|switch|p1a: Dragapult|Dragapult, M|100/100
|turn|9
|j| ogoldfincho
|
|t:|1661594149
|switch|p2a: Clefable|Clefable, M|100/100
|move|p1a: Dragapult|Shadow Ball|p2a: Clefable
|-damage|p2a: Clefable|59/100
|
|-heal|p2a: Clefable|65/100|[from] item: Leftovers
|upkeep
|turn|10
|
|t:|1661594155
|switch|p1a: Tapu Fini|Tapu Fini|75/100
|-fieldstart|move: Misty Terrain|[from] ability: Misty Surge|[of] p1a: Tapu Fini
|move|p2a: Clefable|Soft-Boiled|p2a: Clefable
|-heal|p2a: Clefable|100/100
|
|-heal|p1a: Tapu Fini|81/100|[from] item: Leftovers
|upkeep
|turn|11
|
|t:|1661594165
|switch|p2a: Zapdos|Zapdos|100/100
|move|p1a: Tapu Fini|Knock Off|p2a: Zapdos
|-damage|p2a: Zapdos|80/100
|-enditem|p2a: Zapdos|Heavy-Duty Boots|[from] move: Knock Off|[of] p1a: Tapu Fini
|
|-heal|p1a: Tapu Fini|87/100|[from] item: Leftovers
|upkeep
|turn|12
|
|t:|1661594169
|switch|p1a: Landorus|Landorus-Therian, M|100/100
|-ability|p1a: Landorus|Intimidate|boost
|-unboost|p2a: Zapdos|atk|1
|move|p2a: Zapdos|Hurricane|p1a: Landorus
|-crit|p1a: Landorus
|-damage|p1a: Landorus|16/100
|-start|p1a: Landorus|confusion
|
|-heal|p1a: Landorus|22/100|[from] item: Leftovers
|upkeep
|turn|13
|
|t:|1661594175
|move|p2a: Zapdos|Hurricane|p1a: Landorus
|-crit|p1a: Landorus
|-damage|p1a: Landorus|0 fnt
|faint|p1a: Landorus
|
|upkeep
|
|t:|1661594178
|switch|p1a: Weavile|Weavile, M|100/100
|-ability|p1a: Weavile|Pressure
|turn|14
|
|t:|1661594184
|switch|p2a: Ferrothorn|Ferrothorn, M|64/100
|move|p1a: Weavile|Swords Dance|p1a: Weavile
|-boost|p1a: Weavile|atk|2
|
|-heal|p2a: Ferrothorn|70/100|[from] item: Leftovers
|-fieldend|Misty Terrain
|upkeep
|turn|15
|l| ogoldfincho
|j| toxagoat
|inactive|CartiWins has 120 seconds left.
|l| Forwards
|
|t:|1661594235
|switch|p1a: Kartana|Kartana|100/100
|move|p2a: Ferrothorn|Body Press|p1a: Kartana
|-supereffective|p1a: Kartana
|-damage|p1a: Kartana|38/100
|
|-heal|p2a: Ferrothorn|77/100|[from] item: Leftovers
|upkeep
|turn|16
|
|t:|1661594249
|move|p1a: Kartana|Knock Off|p2a: Ferrothorn
|-damage|p2a: Ferrothorn|50/100
|-damage|p1a: Kartana|26/100|[from] ability: Iron Barbs|[of] p2a: Ferrothorn
|-enditem|p2a: Ferrothorn|Leftovers|[from] move: Knock Off|[of] p1a: Kartana
|move|p2a: Ferrothorn|Body Press|p1a: Kartana
|-supereffective|p1a: Kartana
|-damage|p1a: Kartana|0 fnt
|faint|p1a: Kartana
|
|upkeep
|
|t:|1661594258
|switch|p1a: Dragapult|Dragapult, M|100/100
|turn|17
|
|t:|1661594261
|switch|p2a: Clefable|Clefable, M|100/100
|move|p1a: Dragapult|U-turn|p2a: Clefable
|-resisted|p2a: Clefable
|-damage|p2a: Clefable|93/100
|
|t:|1661594264
|switch|p1a: Tapu Fini|Tapu Fini|87/100|[from]move: U-turn
|-fieldstart|move: Misty Terrain|[from] ability: Misty Surge|[of] p1a: Tapu Fini
|
|-heal|p1a: Tapu Fini|94/100|[from] item: Leftovers
|-heal|p2a: Clefable|99/100|[from] item: Leftovers
|upkeep
|turn|18
|
|t:|1661594270
|switch|p2a: Zapdos|Zapdos|80/100
|move|p1a: Tapu Fini|Knock Off|p2a: Zapdos
|-damage|p2a: Zapdos|65/100
|
|-heal|p1a: Tapu Fini|99/100|[from] item: Leftovers
|upkeep
|turn|19
|inactive|stantlerdude63 has 120 seconds left.
|
|t:|1661594301
|move|p2a: Zapdos|Roost|p2a: Zapdos
|-heal|p2a: Zapdos|100/100
|-singleturn|p2a: Zapdos|move: Roost
|move|p1a: Tapu Fini|Surf|p2a: Zapdos
|-damage|p2a: Zapdos|66/100
|
|-heal|p1a: Tapu Fini|100/100|[from] item: Leftovers
|upkeep
|turn|20
|
|t:|1661594306
|move|p2a: Zapdos|Thunderbolt|p1a: Tapu Fini
|-supereffective|p1a: Tapu Fini
|-damage|p1a: Tapu Fini|46/100
|move|p1a: Tapu Fini|Moonblast|p2a: Zapdos
|-damage|p2a: Zapdos|30/100
|
|-heal|p1a: Tapu Fini|53/100|[from] item: Leftovers
|upkeep
|turn|21
|j| Thunder's Legacy
|
|t:|1661594313
|switch|p1a: Dragapult|Dragapult, M|100/100
|move|p2a: Zapdos|Thunderbolt|p1a: Dragapult
|-resisted|p1a: Dragapult
|-damage|p1a: Dragapult|71/100
|
|-fieldend|Misty Terrain
|upkeep
|turn|22
|
|t:|1661594322
|switch|p2a: Clefable|Clefable, M|99/100
|move|p1a: Dragapult|Shadow Ball|p2a: Clefable
|-damage|p2a: Clefable|60/100
|-unboost|p2a: Clefable|spd|1
|
|-heal|p2a: Clefable|66/100|[from] item: Leftovers
|upkeep
|turn|23
|
|t:|1661594330
|switch|p1a: Tapu Fini|Tapu Fini|53/100
|-fieldstart|move: Misty Terrain|[from] ability: Misty Surge|[of] p1a: Tapu Fini
|switch|p2a: Cinccino|Cinccino, M|100/100
|
|-heal|p1a: Tapu Fini|59/100|[from] item: Leftovers
|upkeep
|turn|24
|j| Forwards
|
|t:|1661594337
|move|p2a: Cinccino|Tail Slap|p1a: Tapu Fini
|-damage|p1a: Tapu Fini|46/100
|-damage|p1a: Tapu Fini|31/100
|-damage|p1a: Tapu Fini|18/100
|-damage|p1a: Tapu Fini|5/100
|-hitcount|p1a: Tapu Fini|4
|move|p1a: Tapu Fini|Moonblast|p2a: Cinccino
|-damage|p2a: Cinccino|43/100
|-unboost|p2a: Cinccino|spa|1
|
|-heal|p1a: Tapu Fini|11/100|[from] item: Leftovers
|upkeep
|turn|25
|c|☆stantlerdude63|The mouse is in the house
|
|t:|1661594348
|switch|p1a: Dragapult|Dragapult, M|71/100
|move|p2a: Cinccino|Knock Off|p1a: Dragapult
|-supereffective|p1a: Dragapult
|-damage|p1a: Dragapult|0 fnt
|-enditem|p1a: Dragapult|Choice Specs|[from] move: Knock Off|[of] p2a: Cinccino
|faint|p1a: Dragapult
|
|upkeep
|
|t:|1661594352
|switch|p1a: Weavile|Weavile, M|100/100
|-ability|p1a: Weavile|Pressure
|turn|26
|
|t:|1661594358
|move|p1a: Weavile|Knock Off|p2a: Cinccino
|-damage|p2a: Cinccino|0 fnt
|-enditem|p2a: Cinccino|Protective Pads|[from] move: Knock Off|[of] p1a: Weavile
|faint|p2a: Cinccino
|
|upkeep
|
|t:|1661594361
|switch|p2a: Ferrothorn|Ferrothorn, M|50/100
|turn|27
|
|t:|1661594369
|switch|p1a: Tapu Fini|Tapu Fini|11/100
|move|p2a: Ferrothorn|Body Press|p1a: Tapu Fini
|-resisted|p1a: Tapu Fini
|-damage|p1a: Tapu Fini|0 fnt
|faint|p1a: Tapu Fini
|
|-fieldend|Misty Terrain
|upkeep
|
|t:|1661594371
|switch|p1a: Weavile|Weavile, M|100/100
|-ability|p1a: Weavile|Pressure
|turn|28
|
|t:|1661594374
|move|p1a: Weavile|Icicle Crash|p2a: Ferrothorn
|-damage|p2a: Ferrothorn|26/100
|move|p2a: Ferrothorn|Body Press|p1a: Weavile
|-supereffective|p1a: Weavile
|-damage|p1a: Weavile|0 fnt
|faint|p1a: Weavile
|
|win|stantlerdude63
|n|☆CartiWins|cartiwins
|n|☆stantlerdude63|stantlerdude63
|n| sgvh|sgvh
|n| toxagoat|toxagoat
|n| Thunder's Legacy|thunderslegacy
|n| Forwards|forwards
