|raw|<div class="broadcast-blue"><strong>This battle is required to be public due to a player having a name starting with 'lt93oq'.</div>
|j|☆cute pink team
|j|☆LT93OQ Ruft
|t:|1660742958
|gametype|singles
|player|p1|cute pink team|misty-gen1|1569
|player|p2|LT93OQ Ruft|170|1628
|teamsize|p1|6
|teamsize|p2|6
|gen|8
|tier|[Gen 8] OU
|rated|
|rule|Sleep Clause Mod: Limit one foe put to sleep
|rule|Species Clause: Limit one of each Pokémon
|rule|OHKO Clause: OHKO moves are banned
|rule|Evasion Items Clause: Evasion items are banned
|rule|Evasion Moves Clause: Evasion moves are banned
|rule|Endless Battle Clause: Forcing endless battles is banned
|rule|HP Percentage Mod: HP is shown in percentages
|rule|Dynamax Clause: You cannot dynamax
|clearpoke
|poke|p1|Tyranitar, F|
|poke|p1|Corviknight, M|
|poke|p1|Volcanion|
|poke|p1|Zapdos|
|poke|p1|Tapu Lele|
|poke|p1|Quagsire, M|
|poke|p2|Rillaboom, F|
|poke|p2|Tornadus-Therian, M|
|poke|p2|Blaziken, F|
|poke|p2|Melmetal|
|poke|p2|Garchomp, F|
|poke|p2|Slowbro, M|
|teampreview
|inactive|Battle timer is ON: inactive players will automatically lose when time's up. (requested by LT93OQ Ruft)
|
|t:|1660742974
|start
|switch|p1a: Zapdos|Zapdos|100/100
|switch|p2a: Tornadus|Tornadus-Therian, M|100/100
|turn|1
|
|t:|1660742986
|switch|p2a: Garchomp|Garchomp, F|100/100
|move|p1a: Zapdos|Thunderbolt|p2a: Garchomp
|-immune|p2a: Garchomp
|
|upkeep
|turn|2
|
|t:|1660742992
|switch|p1a: Corviknight|Corviknight, M|100/100
|-ability|p1a: Corviknight|Pressure
|move|p2a: Garchomp|Stealth Rock|p1a: Corviknight
|-sidestart|p1: cute pink team|move: Stealth Rock
|
|upkeep
|turn|3
|
|t:|1660743004
|switch|p2a: Tornadus|Tornadus-Therian, M|100/100
|move|p1a: Corviknight|Defog|p2a: Tornadus
|-unboost|p2a: Tornadus|evasion|1
|-sideend|p1: cute pink team|Stealth Rock|[from] move: Defog|[of] p1a: Corviknight
|
|upkeep
|turn|4
|
|t:|1660743013
|move|p2a: Tornadus|Knock Off|p1a: Corviknight
|-damage|p1a: Corviknight|84/100
|-enditem|p1a: Corviknight|Leftovers|[from] move: Knock Off|[of] p2a: Tornadus
|move|p1a: Corviknight|U-turn|p2a: Tornadus
|-resisted|p2a: Tornadus
|-damage|p2a: Tornadus|92/100
|
|t:|1660743015
|switch|p1a: Zapdos|Zapdos|100/100|[from]move: U-turn
|
|upkeep
|turn|5
|
|t:|1660743027
|switch|p2a: Garchomp|Garchomp, F|100/100
|move|p1a: Zapdos|Hurricane|p2a: Garchomp
|-damage|p2a: Garchomp|44/100
|-start|p2a: Garchomp|confusion
|
|-heal|p2a: Garchomp|51/100|[from] item: Leftovers
|upkeep
|turn|6
|
|t:|1660743032
|switch|p1a: Volcanion|Volcanion|100/100
|switch|p2a: Melmetal|Melmetal|100/100
|
|upkeep
|turn|7
|
|t:|1660743037
|switch|p2a: Slowbro|Slowbro, M|100/100
|move|p1a: Volcanion|Steam Eruption|p2a: Slowbro
|-resisted|p2a: Slowbro
|-damage|p2a: Slowbro|49/100
|
|upkeep
|turn|8
|
|t:|1660743055
|move|p1a: Volcanion|Steam Eruption|p2a: Slowbro
|-resisted|p2a: Slowbro
|-damage|p2a: Slowbro|0 fnt
|faint|p2a: Slowbro
|
|upkeep
|
|t:|1660743057
|switch|p2a: Rillaboom|Rillaboom, F|100/100
|-fieldstart|move: Grassy Terrain|[from] ability: Grassy Surge|[of] p2a: Rillaboom
|turn|9
|
|t:|1660743063
|switch|p1a: Tapu Lele|Tapu Lele|100/100
|-fieldstart|move: Psychic Terrain|[from] ability: Psychic Surge|[of] p1a: Tapu Lele
|move|p2a: Rillaboom|Swords Dance|p2a: Rillaboom
|-boost|p2a: Rillaboom|atk|2
|
|upkeep
|turn|10
|
|t:|1660743066
|move|p1a: Tapu Lele|Psyshock|p2a: Rillaboom
|-damage|p2a: Rillaboom|20/100
|move|p2a: Rillaboom|Knock Off|p1a: Tapu Lele
|-damage|p1a: Tapu Lele|0 fnt
|-enditem|p1a: Tapu Lele|Choice Specs|[from] move: Knock Off|[of] p2a: Rillaboom
|faint|p1a: Tapu Lele
|
|-heal|p2a: Rillaboom|26/100|[from] item: Leftovers
|upkeep
|
|t:|1660743071
|switch|p1a: Zapdos|Zapdos|100/100
|turn|11
|
|t:|1660743076
|switch|p2a: Melmetal|Melmetal|100/100
|move|p1a: Zapdos|Heat Wave|p2a: Melmetal
|-supereffective|p2a: Melmetal
|-damage|p2a: Melmetal|15/100
|
|-heal|p2a: Melmetal|22/100|[from] item: Leftovers
|upkeep
|turn|12
|
|t:|1660743083
|switch|p2a: Garchomp|Garchomp, F|51/100
|move|p1a: Zapdos|Heat Wave|p2a: Garchomp
|-resisted|p2a: Garchomp
|-damage|p2a: Garchomp|36/100
|
|-heal|p2a: Garchomp|42/100|[from] item: Leftovers
|upkeep
|turn|13
|
|t:|1660743088
|switch|p1a: Corviknight|Corviknight, M|84/100
|-ability|p1a: Corviknight|Pressure
|move|p2a: Garchomp|Stealth Rock|p1a: Corviknight
|-sidestart|p1: cute pink team|move: Stealth Rock
|
|-heal|p2a: Garchomp|48/100|[from] item: Leftovers
|-fieldend|move: Psychic Terrain
|upkeep
|turn|14
|
|t:|1660743091
|switch|p2a: Blaziken|Blaziken, F|100/100
|move|p1a: Corviknight|Brave Bird|p2a: Blaziken
|-supereffective|p2a: Blaziken
|-damage|p2a: Blaziken|0 fnt
|faint|p2a: Blaziken
|-damage|p1a: Corviknight|56/100|[from] Recoil
|
|upkeep
|
|t:|1660743095
|switch|p2a: Tornadus|Tornadus-Therian, M|100/100
|turn|15
|
|t:|1660743097
|move|p2a: Tornadus|Heat Wave|p1a: Corviknight
|-supereffective|p1a: Corviknight
|-damage|p1a: Corviknight|21/100
|move|p1a: Corviknight|Roost|p1a: Corviknight
|-heal|p1a: Corviknight|71/100
|-singleturn|p1a: Corviknight|move: Roost
|
|upkeep
|turn|16
|-message|LT93OQ Ruft forfeited.
|
|win|cute pink team
|raw|cute pink team's rating: 1569 &rarr; <strong>1592</strong><br />(+23 for winning)
|raw|LT93OQ Ruft's rating: 1628 &rarr; <strong>1605</strong><br />(-23 for losing)
|l|☆LT93OQ Ruft
