|j|☆henwolf
|j|☆Pinks1ip
|t:|1653495441
|gametype|singles
|player|p1|henwolf|102|1343
|player|p2|Pinks1ip|skierf|1383
|teamsize|p1|6
|teamsize|p2|6
|gen|8
|tier|[Gen 8] OU
|rated|
|rule|Sleep Clause Mod: Limit one foe put to sleep
|rule|Species Clause: Limit one of each Pokémon
|rule|OHKO Clause: OHKO moves are banned
|rule|Evasion Moves Clause: Evasion moves are banned
|rule|Endless Battle Clause: Forcing endless battles is banned
|rule|HP Percentage Mod: HP is shown in percentages
|rule|Dynamax Clause: You cannot dynamax
|clearpoke
|poke|p1|Latios, M|
|poke|p1|Zapdos-Galar|
|poke|p1|Slowking-Galar, M|
|poke|p1|Araquanid, F|
|poke|p1|Regieleki|
|poke|p1|Ferrothorn, F|
|poke|p2|Tyranitar, F|
|poke|p2|Aegislash, F|
|poke|p2|Dragapult, F|
|poke|p2|Tornadus-Therian, M|
|poke|p2|Slowbro, M|
|poke|p2|Garchomp, M|
|teampreview
|
|t:|1653495458
|start
|switch|p1a: Araquanid|Araquanid, F|100/100
|switch|p2a: Tyranitar|Tyranitar, F, shiny|100/100
|-weather|Sandstorm|[from] ability: Sand Stream|[of] p2a: Tyranitar
|turn|1
|
|t:|1653495467
|move|p2a: Tyranitar|Stealth Rock|p1a: Araquanid
|-sidestart|p1: henwolf|move: Stealth Rock
|move|p1a: Araquanid|Liquidation|p2a: Tyranitar
|-supereffective|p2a: Tyranitar
|-damage|p2a: Tyranitar|0 fnt
|faint|p2a: Tyranitar
|
|-weather|Sandstorm|[upkeep]
|-damage|p1a: Araquanid|94/100|[from] Sandstorm
|upkeep
|
|t:|1653495472
|switch|p2a: Tornadus|Tornadus-Therian, M, shiny|100/100
|turn|2
|
|t:|1653495490
|move|p2a: Tornadus|Nasty Plot|p2a: Tornadus
|-boost|p2a: Tornadus|spa|2
|move|p1a: Araquanid|Liquidation|p2a: Tornadus
|-damage|p2a: Tornadus|0 fnt
|faint|p2a: Tornadus
|
|-weather|Sandstorm|[upkeep]
|-damage|p1a: Araquanid|88/100|[from] Sandstorm
|upkeep
|
|t:|1653495498
|switch|p2a: Slowbro|Slowbro, M|100/100
|turn|3
|
|t:|1653495502
|move|p1a: Araquanid|Liquidation|p2a: Slowbro
|-resisted|p2a: Slowbro
|-damage|p2a: Slowbro|71/100
|move|p2a: Slowbro|Teleport|p2a: Slowbro
|
|t:|1653495508
|switch|p2a: Dragapult|Dragapult, F|100/100|[from]move: Teleport
|
|-weather|Sandstorm|[upkeep]
|-damage|p2a: Dragapult|95/100|[from] Sandstorm
|-damage|p1a: Araquanid|82/100|[from] Sandstorm
|upkeep
|turn|4
|inactive|Battle timer is ON: inactive players will automatically lose when time's up. (requested by henwolf)
|
|t:|1653495522
|switch|p1a: Ferrothorn|Ferrothorn, F|100/100
|-damage|p1a: Ferrothorn|94/100|[from] Stealth Rock
|move|p2a: Dragapult|Draco Meteor|p1a: Ferrothorn
|-resisted|p1a: Ferrothorn
|-damage|p1a: Ferrothorn|61/100
|-unboost|p2a: Dragapult|spa|2
|
|-weather|Sandstorm|[upkeep]
|-damage|p2a: Dragapult|89/100|[from] Sandstorm
|-heal|p1a: Ferrothorn|67/100|[from] item: Leftovers
|upkeep
|turn|5
|
|t:|1653495534
|switch|p2a: Aegislash|Aegislash, F|100/100
|move|p1a: Ferrothorn|Leech Seed|p2a: Aegislash
|-start|p2a: Aegislash|move: Leech Seed
|
|-weather|none
|-heal|p1a: Ferrothorn|74/100|[from] item: Leftovers
|-damage|p2a: Aegislash|88/100|[from] Leech Seed|[of] p1a: Ferrothorn
|-heal|p1a: Ferrothorn|84/100|[silent]
|upkeep
|turn|6
|
|t:|1653495543
|move|p2a: Aegislash|King's Shield|p2a: Aegislash
|-singleturn|p2a: Aegislash|Protect
|move|p1a: Ferrothorn|Knock Off|p2a: Aegislash
|-activate|p2a: Aegislash|move: Protect
|-unboost|p1a: Ferrothorn|atk|1
|
|-heal|p2a: Aegislash|94/100|[from] item: Leftovers
|-heal|p1a: Ferrothorn|90/100|[from] item: Leftovers
|-damage|p2a: Aegislash|82/100|[from] Leech Seed|[of] p1a: Ferrothorn
|-heal|p1a: Ferrothorn|100/100|[silent]
|upkeep
|turn|7
|
|t:|1653495554
|-formechange|p2a: Aegislash|Aegislash-Blade||[from] ability: Stance Change
|move|p2a: Aegislash|Shadow Ball|p1a: Ferrothorn
|-damage|p1a: Ferrothorn|59/100
|move|p1a: Ferrothorn|Knock Off|p2a: Aegislash
|-supereffective|p2a: Aegislash
|-damage|p2a: Aegislash|20/100
|-enditem|p2a: Aegislash|Leftovers|[from] move: Knock Off|[of] p1a: Ferrothorn
|
|-heal|p1a: Ferrothorn|66/100|[from] item: Leftovers
|-damage|p2a: Aegislash|8/100|[from] Leech Seed|[of] p1a: Ferrothorn
|-heal|p1a: Ferrothorn|76/100|[silent]
|upkeep
|turn|8
|
|t:|1653495567
|move|p2a: Aegislash|Close Combat|p1a: Ferrothorn
|-supereffective|p1a: Ferrothorn
|-damage|p1a: Ferrothorn|35/100
|-unboost|p2a: Aegislash|def|1
|-unboost|p2a: Aegislash|spd|1
|-damage|p2a: Aegislash|0 fnt|[from] ability: Iron Barbs|[of] p1a: Ferrothorn
|faint|p2a: Aegislash
|move|p1a: Ferrothorn|Knock Off|p2: Aegislash|[notarget]
|-fail|p1a: Ferrothorn
|
|-heal|p1a: Ferrothorn|41/100|[from] item: Leftovers
|upkeep
|
|t:|1653495573
|switch|p2a: Garchomp|Garchomp, M|100/100
|turn|9
|
|t:|1653495579
|move|p2a: Garchomp|Swords Dance|p2a: Garchomp
|-boost|p2a: Garchomp|atk|2
|move|p1a: Ferrothorn|Leech Seed|p2a: Garchomp
|-start|p2a: Garchomp|move: Leech Seed
|
|-heal|p1a: Ferrothorn|48/100|[from] item: Leftovers
|-damage|p2a: Garchomp|88/100|[from] Leech Seed|[of] p1a: Ferrothorn
|-heal|p1a: Ferrothorn|60/100|[silent]
|upkeep
|turn|10
|
|t:|1653495588
|move|p2a: Garchomp|Scale Shot|p1a: Ferrothorn
|-resisted|p1a: Ferrothorn
|-damage|p1a: Ferrothorn|53/100
|-resisted|p1a: Ferrothorn
|-damage|p1a: Ferrothorn|45/100
|-resisted|p1a: Ferrothorn
|-damage|p1a: Ferrothorn|38/100
|-resisted|p1a: Ferrothorn
|-damage|p1a: Ferrothorn|31/100
|-resisted|p1a: Ferrothorn
|-damage|p1a: Ferrothorn|22/100
|-hitcount|p1a: Ferrothorn|5
|-unboost|p2a: Garchomp|def|1
|-boost|p2a: Garchomp|spe|1
|move|p1a: Ferrothorn|Knock Off|p2a: Garchomp
|-damage|p2a: Garchomp|67/100
|-damage|p1a: Ferrothorn|10/100|[from] ability: Rough Skin|[of] p2a: Garchomp
|-enditem|p2a: Garchomp|Leftovers|[from] move: Knock Off|[of] p1a: Ferrothorn
|
|-heal|p1a: Ferrothorn|16/100|[from] item: Leftovers
|-damage|p2a: Garchomp|55/100|[from] Leech Seed|[of] p1a: Ferrothorn
|-heal|p1a: Ferrothorn|29/100|[silent]
|upkeep
|turn|11
|
|t:|1653495608
|move|p1a: Ferrothorn|Protect|p1a: Ferrothorn
|-singleturn|p1a: Ferrothorn|Protect
|move|p2a: Garchomp|Fire Fang|p1a: Ferrothorn
|-activate|p1a: Ferrothorn|move: Protect
|
|-heal|p1a: Ferrothorn|35/100|[from] item: Leftovers
|-damage|p2a: Garchomp|43/100|[from] Leech Seed|[of] p1a: Ferrothorn
|-heal|p1a: Ferrothorn|47/100|[silent]
|upkeep
|turn|12
|
|t:|1653495617
|move|p2a: Garchomp|Earthquake|p1a: Ferrothorn
|-damage|p1a: Ferrothorn|0 fnt
|faint|p1a: Ferrothorn
|
|upkeep
|
|t:|1653495625
|switch|p1a: Araquanid|Araquanid, F|82/100
|-damage|p1a: Araquanid|57/100|[from] Stealth Rock
|turn|13
|
|t:|1653495633
|move|p2a: Garchomp|Scale Shot|p1a: Araquanid
|-damage|p1a: Araquanid|28/100
|-damage|p1a: Araquanid|0 fnt
|faint|p1a: Araquanid
|-hitcount|p1: Araquanid|2
|-unboost|p2a: Garchomp|def|1
|-boost|p2a: Garchomp|spe|1
|
|upkeep
|
|t:|1653495643
|switch|p1a: Zapdos|Zapdos-Galar|100/100
|-damage|p1a: Zapdos|88/100|[from] Stealth Rock
|turn|14
|
|t:|1653495649
|move|p2a: Garchomp|Scale Shot|p1a: Zapdos
|-damage|p1a: Zapdos|59/100
|-damage|p1a: Zapdos|29/100
|-damage|p1a: Zapdos|0 fnt
|faint|p1a: Zapdos
|-hitcount|p1: Zapdos|3
|-unboost|p2a: Garchomp|def|1
|-boost|p2a: Garchomp|spe|1
|
|upkeep
|
|t:|1653495660
|switch|p1a: Slowking|Slowking-Galar, M|100/100
|-damage|p1a: Slowking|88/100|[from] Stealth Rock
|turn|15
|
|t:|1653495665
|move|p2a: Garchomp|Earthquake|p1a: Slowking
|-supereffective|p1a: Slowking
|-damage|p1a: Slowking|0 fnt
|faint|p1a: Slowking
|
|upkeep
|
|t:|1653495670
|switch|p1a: Latios|Latios, M|100/100
|-damage|p1a: Latios|88/100|[from] Stealth Rock
|turn|16
|
|t:|1653495676
|move|p2a: Garchomp|Scale Shot|p1a: Latios
|-supereffective|p1a: Latios
|-damage|p1a: Latios|16/100
|-supereffective|p1a: Latios
|-damage|p1a: Latios|0 fnt
|faint|p1a: Latios
|-hitcount|p1: Latios|2
|-unboost|p2a: Garchomp|def|1
|-boost|p2a: Garchomp|spe|1
|
|upkeep
|-message|henwolf forfeited.
|
|win|Pinks1ip
|raw|henwolf's rating: 1343 &rarr; <strong>1325</strong><br />(-18 for losing)
|raw|Pinks1ip's rating: 1383 &rarr; <strong>1401</strong><br />(+18 for winning)
|l|☆henwolf
