|raw|<div class="broadcast-blue"><strong>This battle is required to be public due to a player having a name prefixed by 'LT72MS'.</div>
|j|☆Ayante
|j|☆LT72MS Reign_X
|t:|1597446674
|player|p1|Ayante|koga|1369
|player|p2|LT72MS Reign_X|elesa-gen5bw2|1329
|teamsize|p1|6
|teamsize|p2|6
|gametype|singles
|gen|8
|tier|[Gen 8] OU
|rated|
|clearpoke
|poke|p1|Urshifu-*, F|
|poke|p1|Alakazam, F|
|poke|p1|Clefable, F|
|poke|p1|Ferrothorn, F|
|poke|p1|Amoonguss, F|
|poke|p1|Rotom-Heat|
|poke|p2|Mew|
|poke|p2|Toxtricity, M|
|poke|p2|Corviknight, M|
|poke|p2|Urshifu-*, M|
|poke|p2|Rillaboom, M|
|poke|p2|Dragapult, F|
|rule|Sleep Clause Mod: Limit one foe put to sleep
|rule|Species Clause: Limit one of each Pokémon
|rule|OHKO Clause: OHKO moves are banned
|rule|Evasion Moves Clause: Evasion moves are banned
|rule|Endless Battle Clause: Forcing endless battles is banned
|rule|HP Percentage Mod: HP is shown in percentages
|rule|Dynamax Clause: You cannot dynamax
|teampreview
|inactive|Battle timer is ON: inactive players will automatically lose when time's up. (requested by Ayante)
|
|t:|1597446687
|start
|switch|p1a: Alakazam|Alakazam, F|100/100
|switch|p2a: Mew|Mew, shiny|100/100
|turn|1
|
|t:|1597446694
|move|p1a: Alakazam|Shadow Ball|p2a: Mew
|-supereffective|p2a: Mew
|-damage|p2a: Mew|36/100
|-unboost|p2a: Mew|spd|1
|-enditem|p2a: Mew|Red Card|[of] p1a: Alakazam
|drag|p1a: Amoonguss|Amoonguss, F|100/100
|move|p2a: Mew|Stealth Rock|p1a: Amoonguss
|-sidestart|p1: Ayante|move: Stealth Rock
|
|upkeep
|turn|2
|
|t:|1597446712
|move|p2a: Mew|Taunt|p1a: Amoonguss
|-start|p1a: Amoonguss|move: Taunt
|move|p1a: Amoonguss|Sludge Bomb|p2a: Mew
|-damage|p2a: Mew|3/100
|
|upkeep
|turn|3
|
|t:|1597446720
|move|p2a: Mew|Flare Blitz|p1a: Amoonguss
|-supereffective|p1a: Amoonguss
|-damage|p1a: Amoonguss|63/100
|-damage|p2a: Mew|0 fnt|[from] item: Rocky Helmet|[of] p1a: Amoonguss
|faint|p2a: Mew
|move|p1a: Amoonguss|Sludge Bomb|p2: Mew|[notarget]
|-fail|p1a: Amoonguss
|
|upkeep
|
|t:|1597446724
|switch|p2a: Toxtricity|Toxtricity, M, shiny|100/100
|turn|4
|
|t:|1597446734
|switch|p1a: Ferrothorn|Ferrothorn, F|100/100
|-damage|p1a: Ferrothorn|94/100|[from] Stealth Rock
|move|p2a: Toxtricity|Boomburst|p1a: Ferrothorn
|-resisted|p1a: Ferrothorn
|-damage|p1a: Ferrothorn|66/100
|
|-heal|p1a: Ferrothorn|72/100|[from] item: Leftovers
|upkeep
|turn|5
|
|t:|1597446746
|move|p2a: Toxtricity|Boomburst|p1a: Ferrothorn
|-resisted|p1a: Ferrothorn
|-damage|p1a: Ferrothorn|42/100
|move|p1a: Ferrothorn|Spikes|p2a: Toxtricity
|-sidestart|p2: LT72MS Reign_X|Spikes
|
|-heal|p1a: Ferrothorn|48/100|[from] item: Leftovers
|upkeep
|turn|6
|
|t:|1597446755
|move|p2a: Toxtricity|Boomburst|p1a: Ferrothorn
|-resisted|p1a: Ferrothorn
|-damage|p1a: Ferrothorn|19/100
|move|p1a: Ferrothorn|Leech Seed|p2a: Toxtricity
|-start|p2a: Toxtricity|move: Leech Seed
|
|-heal|p1a: Ferrothorn|25/100|[from] item: Leftovers
|-damage|p2a: Toxtricity|88/100|[from] Leech Seed|[of] p1a: Ferrothorn
|-heal|p1a: Ferrothorn|35/100|[silent]
|upkeep
|turn|7
|
|t:|1597446765
|switch|p2a: Corviknight|Corviknight, M, shiny|100/100
|-ability|p2a: Corviknight|Pressure
|move|p1a: Ferrothorn|Knock Off|p2a: Corviknight
|-damage|p2a: Corviknight|87/100
|-damage|p1a: Ferrothorn|19/100|[from] item: Rocky Helmet|[of] p2a: Corviknight
|-enditem|p2a: Corviknight|Rocky Helmet|[from] move: Knock Off|[of] p1a: Ferrothorn
|
|-heal|p1a: Ferrothorn|25/100|[from] item: Leftovers
|upkeep
|turn|8
|
|t:|1597446782
|move|p2a: Corviknight|Body Press|p1a: Ferrothorn
|-supereffective|p1a: Ferrothorn
|-damage|p1a: Ferrothorn|0 fnt
|-damage|p2a: Corviknight|74/100|[from] ability: Iron Barbs|[of] p1a: Ferrothorn
|faint|p1a: Ferrothorn
|
|upkeep
|
|t:|1597446789
|switch|p1a: Rotom|Rotom-Heat|100/100
|turn|9
|
|t:|1597446793
|move|p1a: Rotom|Nasty Plot|p1a: Rotom
|-boost|p1a: Rotom|spa|2
|move|p2a: Corviknight|U-turn|p1a: Rotom
|-resisted|p1a: Rotom
|-damage|p1a: Rotom|94/100
|
|t:|1597446798
|switch|p2a: Urshifu|Urshifu, M, shiny|100/100|[from]move: U-turn
|-damage|p2a: Urshifu|88/100|[from] Spikes
|
|upkeep
|turn|10
|
|t:|1597446804
|switch|p1a: Clefable|Clefable, F|100/100
|move|p2a: Urshifu|Wicked Blow|p1a: Clefable
|-resisted|p1a: Clefable
|-crit|p1a: Clefable
|-damage|p1a: Clefable|68/100
|-damage|p2a: Urshifu|78/100|[from] item: Life Orb
|
|-heal|p1a: Clefable|74/100|[from] item: Leftovers
|upkeep
|turn|11
|
|t:|1597446814
|move|p2a: Urshifu|Poison Jab|p1a: Clefable
|-supereffective|p1a: Clefable
|-damage|p1a: Clefable|21/100
|-damage|p2a: Urshifu|68/100|[from] item: Life Orb
|move|p1a: Clefable|Stealth Rock|p2a: Urshifu
|-sidestart|p2: LT72MS Reign_X|move: Stealth Rock
|
|-heal|p1a: Clefable|27/100|[from] item: Leftovers
|upkeep
|turn|12
|
|t:|1597446824
|switch|p1a: Amoonguss|Amoonguss, F|96/100
|-damage|p1a: Amoonguss|83/100|[from] Stealth Rock
|move|p2a: Urshifu|Poison Jab|p1a: Amoonguss
|-damage|p1a: Amoonguss|57/100
|-damage|p2a: Urshifu|52/100|[from] item: Rocky Helmet|[of] p1a: Amoonguss
|-damage|p2a: Urshifu|42/100|[from] item: Life Orb
|
|upkeep
|turn|13
|
|t:|1597446844
|switch|p1a: Urshifu|Urshifu, F|100/100
|-damage|p1a: Urshifu|94/100|[from] Stealth Rock
|move|p2a: Urshifu|Wicked Blow|p1a: Urshifu
|-resisted|p1a: Urshifu
|-crit|p1a: Urshifu
|-damage|p1a: Urshifu|73/100
|-damage|p2a: Urshifu|32/100|[from] item: Life Orb
|
|upkeep
|turn|14
|
|t:|1597446851
|switch|p1a: Amoonguss|Amoonguss, F|90/100
|-damage|p1a: Amoonguss|78/100|[from] Stealth Rock
|move|p2a: Urshifu|Close Combat|p1a: Amoonguss
|-resisted|p1a: Amoonguss
|-damage|p1a: Amoonguss|47/100
|-unboost|p2a: Urshifu|def|1
|-unboost|p2a: Urshifu|spd|1
|-damage|p2a: Urshifu|15/100|[from] item: Rocky Helmet|[of] p1a: Amoonguss
|-damage|p2a: Urshifu|5/100|[from] item: Life Orb
|
|upkeep
|turn|15
|
|t:|1597446872
|switch|p1a: Clefable|Clefable, F|27/100
|move|p2a: Urshifu|Wicked Blow|p1a: Clefable
|-resisted|p1a: Clefable
|-crit|p1a: Clefable
|-damage|p1a: Clefable|0 fnt
|-damage|p2a: Urshifu|0 fnt|[from] item: Life Orb
|faint|p1a: Clefable
|faint|p2a: Urshifu
|
|upkeep
|
|t:|1597446891
|switch|p2a: Toxtricity|Toxtricity, M, shiny|88/100
|switch|p1a: Urshifu|Urshifu, F|73/100
|-damage|p1a: Urshifu|66/100|[from] Stealth Rock
|-damage|p2a: Toxtricity|76/100|[from] Spikes
|-damage|p2a: Toxtricity|63/100|[from] Stealth Rock
|turn|16
|
|t:|1597446902
|switch|p2a: Corviknight|Corviknight, M, shiny|74/100
|-damage|p2a: Corviknight|62/100|[from] Stealth Rock
|-ability|p2a: Corviknight|Pressure
|move|p1a: Urshifu|Wicked Blow|p2a: Corviknight
|-crit|p2a: Corviknight
|-damage|p2a: Corviknight|4/100
|-damage|p1a: Urshifu|57/100|[from] item: Life Orb
|
|upkeep
|turn|17
|inactive|Ayante has 120 seconds left.
|
|t:|1597446926
|move|p1a: Urshifu|Wicked Blow|p2a: Corviknight
|-crit|p2a: Corviknight
|-damage|p2a: Corviknight|0 fnt
|-damage|p1a: Urshifu|47/100|[from] item: Life Orb
|faint|p2a: Corviknight
|
|upkeep
|l|☆Ayante
|inactive|Ayante disconnected and has a minute to reconnect!
|player|p1|
|
|t:|1597446932
|switch|p2a: Rillaboom|Rillaboom, M, shiny|100/100
|-damage|p2a: Rillaboom|88/100|[from] Spikes
|-damage|p2a: Rillaboom|76/100|[from] Stealth Rock
|-fieldstart|move: Grassy Terrain|[from] ability: Grassy Surge|[of] p2a: Rillaboom
|-enditem|p2a: Rillaboom|Grassy Seed
|-boost|p2a: Rillaboom|def|1|[from] item: Grassy Seed
|turn|18
|j|☆Ayante
|inactive|Ayante reconnected and has 125 seconds left.
|player|p1|Ayante|koga
|inactive|Ayante has 120 seconds left.
|
|t:|1597446953
|move|p2a: Rillaboom|Grassy Glide|p1a: Urshifu
|-damage|p1a: Urshifu|0 fnt
|faint|p1a: Urshifu
|
|-heal|p2a: Rillaboom|82/100|[from] Grassy Terrain
|upkeep
|
|t:|1597446963
|switch|p1a: Amoonguss|Amoonguss, F|80/100
|-damage|p1a: Amoonguss|68/100|[from] Stealth Rock
|turn|19
|inactive|Ayante has 120 seconds left.
|
|t:|1597446972
|move|p2a: Rillaboom|Acrobatics|p1a: Amoonguss
|-supereffective|p1a: Amoonguss
|-damage|p1a: Amoonguss|14/100
|-damage|p2a: Rillaboom|66/100|[from] item: Rocky Helmet|[of] p1a: Amoonguss
|move|p1a: Amoonguss|Sludge Bomb|p2a: Rillaboom
|-supereffective|p2a: Rillaboom
|-damage|p2a: Rillaboom|0 fnt
|faint|p2a: Rillaboom
|
|-heal|p1a: Amoonguss|20/100|[from] Grassy Terrain
|upkeep
|
|t:|1597446976
|switch|p2a: Dragapult|Dragapult, F|100/100
|turn|20
|inactive|Ayante has 120 seconds left.
|
|t:|1597446993
|move|p2a: Dragapult|Dragon Darts|p1a: Amoonguss
|-damage|p1a: Amoonguss|1/100
|-anim|p2a: Dragapult|Dragon Darts|p1a: Amoonguss
|-damage|p1a: Amoonguss|0 fnt
|faint|p1a: Amoonguss
|
|upkeep
|inactive|Ayante has 120 seconds left.
|
|t:|1597447000
|switch|p1a: Rotom|Rotom-Heat|94/100
|turn|21
|
|t:|1597447004
|move|p2a: Dragapult|Dragon Darts|p1a: Rotom
|-damage|p1a: Rotom|67/100
|-anim|p2a: Dragapult|Dragon Darts|p1a: Rotom
|-damage|p1a: Rotom|41/100
|move|p1a: Rotom|Nasty Plot|p1a: Rotom
|-boost|p1a: Rotom|spa|2
|
|upkeep
|turn|22
|
|t:|1597447015
|move|p2a: Dragapult|Dragon Darts|p1a: Rotom
|-damage|p1a: Rotom|18/100
|-anim|p2a: Dragapult|Dragon Darts|p1a: Rotom
|-damage|p1a: Rotom|0 fnt
|faint|p1a: Rotom
|
|-fieldend|move: Grassy Terrain
|upkeep
|-message|Ayante forfeited.
|
|win|LT72MS Reign_X
|l|☆Ayante
|raw|Ayante's rating: 1369 &rarr; <strong>1346</strong><br />(-23 for losing)
|raw|LT72MS Reign_X's rating: 1309 &rarr; <strong>1332</strong><br />(+23 for winning)
