|j|☆Clastia
|j|☆Mutako Z
|t:|1656723149
|gametype|singles
|player|p1|Clastia|leon-tower|1566
|player|p2|Mutako Z|cynthia-gen4|1742
|teamsize|p1|6
|teamsize|p2|6
|gen|8
|tier|[Gen 8] OU
|rated|
|rule|Sleep Clause Mod: Limit one foe put to sleep
|rule|Species Clause: Limit one of each Pokémon
|rule|OHKO Clause: OHKO moves are banned
|rule|Evasion Moves Clause: Evasion moves are banned
|rule|Endless Battle Clause: Forcing endless battles is banned
|rule|HP Percentage Mod: HP is shown in percentages
|rule|Dynamax Clause: You cannot dynamax
|clearpoke
|poke|p1|Tapu Koko|
|poke|p1|Raichu-Alola, M|
|poke|p1|Ferrothorn, M|
|poke|p1|Landorus-Therian, M|
|poke|p1|Slowbro, M|
|poke|p1|Bisharp, M|
|poke|p2|Hippowdon, F|
|poke|p2|Tyranitar, M|
|poke|p2|Excadrill, M|
|poke|p2|Dracozolt|
|poke|p2|Zapdos|
|poke|p2|Crawdaunt, M|
|teampreview
|c|☆Clastia|glhf
|c|☆Mutako Z|glhf
|
|t:|1656723185
|start
|switch|p1a: Tapu Koko|Tapu Koko, shiny|100/100
|switch|p2a: Hippowdon|Hippowdon, F|100/100
|-fieldstart|move: Electric Terrain|[from] ability: Electric Surge|[of] p1a: Tapu Koko
|-weather|Sandstorm|[from] ability: Sand Stream|[of] p2a: Hippowdon
|turn|1
|
|t:|1656723220
|move|p1a: Tapu Koko|U-turn|p2a: Hippowdon
|-damage|p2a: Hippowdon|92/100
|
|t:|1656723222
|switch|p1a: Slowbro|Slowbro, M, shiny|100/100|[from]move: U-turn
|move|p2a: Hippowdon|Stealth Rock|p1a: Slowbro
|-sidestart|p1: Clastia|move: Stealth Rock
|
|-weather|Sandstorm|[upkeep]
|-damage|p1a: Slowbro|94/100|[from] Sandstorm
|upkeep
|turn|2
|
|t:|1656723229
|switch|p2a: Zapdos|Zapdos|100/100
|move|p1a: Slowbro|Scald|p2a: Zapdos
|-damage|p2a: Zapdos|79/100
|
|-weather|Sandstorm|[upkeep]
|-damage|p2a: Zapdos|73/100|[from] Sandstorm
|-damage|p1a: Slowbro|88/100|[from] Sandstorm
|upkeep
|turn|3
|
|t:|1656723236
|switch|p1a: Landorus|Landorus-Therian, M|100/100
|-damage|p1a: Landorus|88/100|[from] Stealth Rock
|-ability|p1a: Landorus|Intimidate|boost
|-unboost|p2a: Zapdos|atk|1
|move|p2a: Zapdos|Hurricane|p1a: Landorus|[miss]
|-miss|p2a: Zapdos|p1a: Landorus
|
|-weather|Sandstorm|[upkeep]
|-damage|p2a: Zapdos|67/100|[from] Sandstorm
|-heal|p1a: Landorus|94/100|[from] item: Leftovers
|upkeep
|turn|4
|c|☆Clastia|mb
|
|t:|1656723247
|move|p2a: Zapdos|Toxic|p1a: Landorus
|-status|p1a: Landorus|tox
|move|p1a: Landorus|U-turn|p2a: Zapdos
|-resisted|p2a: Zapdos
|-damage|p2a: Zapdos|56/100
|
|t:|1656723254
|switch|p1a: Raichu|Raichu-Alola, M|100/100|[from]move: U-turn
|
|-weather|Sandstorm|[upkeep]
|-damage|p1a: Raichu|94/100|[from] Sandstorm
|-damage|p2a: Zapdos|50/100|[from] Sandstorm
|upkeep
|turn|5
|
|t:|1656723263
|switch|p2a: Hippowdon|Hippowdon, F|92/100
|move|p1a: Raichu|Surf|p2a: Hippowdon
|-supereffective|p2a: Hippowdon
|-damage|p2a: Hippowdon|30/100
|
|-weather|Sandstorm|[upkeep]
|-damage|p1a: Raichu|88/100|[from] Sandstorm
|-fieldend|move: Electric Terrain
|upkeep
|turn|6
|
|t:|1656723275
|switch|p2a: Dracozolt|Dracozolt|100/100
|move|p1a: Raichu|Psyshock|p2a: Dracozolt
|-damage|p2a: Dracozolt|58/100
|
|-weather|Sandstorm|[upkeep]
|-damage|p1a: Raichu|82/100|[from] Sandstorm
|upkeep
|turn|7
|
|t:|1656723282
|switch|p1a: Landorus|Landorus-Therian, M|94/100 tox
|-damage|p1a: Landorus|82/100 tox|[from] Stealth Rock
|-ability|p1a: Landorus|Intimidate|boost
|-unboost|p2a: Dracozolt|atk|1
|move|p2a: Dracozolt|Fire Blast|p1a: Landorus
|-damage|p1a: Landorus|53/100 tox
|-damage|p2a: Dracozolt|48/100|[from] item: Life Orb
|
|-weather|Sandstorm|[upkeep]
|-heal|p1a: Landorus|59/100 tox|[from] item: Leftovers
|-damage|p1a: Landorus|53/100 tox|[from] psn
|upkeep
|turn|8
|
|t:|1656723293
|move|p2a: Dracozolt|Draco Meteor|p1a: Landorus
|-damage|p1a: Landorus|1/100 tox
|-unboost|p2a: Dracozolt|spa|2
|-damage|p2a: Dracozolt|38/100|[from] item: Life Orb
|move|p1a: Landorus|U-turn|p2a: Dracozolt
|-damage|p2a: Dracozolt|10/100
|
|t:|1656723301
|switch|p1a: Tapu Koko|Tapu Koko, shiny|100/100|[from]move: U-turn
|-fieldstart|move: Electric Terrain|[from] ability: Electric Surge|[of] p1a: Tapu Koko
|
|-weather|none
|upkeep
|turn|9
|
|t:|1656723310
|switch|p2a: Hippowdon|Hippowdon, F|30/100
|-weather|Sandstorm|[from] ability: Sand Stream|[of] p2a: Hippowdon
|move|p1a: Tapu Koko|Dazzling Gleam|p2a: Hippowdon
|-damage|p2a: Hippowdon|0 fnt
|faint|p2a: Hippowdon
|
|-weather|Sandstorm|[upkeep]
|-damage|p1a: Tapu Koko|94/100|[from] Sandstorm
|upkeep
|
|t:|1656723319
|switch|p2a: Excadrill|Excadrill, M|100/100
|turn|10
|
|t:|1656723322
|switch|p1a: Landorus|Landorus-Therian, M|1/100 tox
|-damage|p1a: Landorus|0 fnt|[from] Stealth Rock
|faint|p1a: Landorus
|move|p2a: Excadrill|Swords Dance|p2a: Excadrill
|-boost|p2a: Excadrill|atk|2
|
|-weather|Sandstorm|[upkeep]
|upkeep
|
|t:|1656723349
|switch|p1a: Bisharp|Bisharp, M, shiny|100/100
|-damage|p1a: Bisharp|95/100|[from] Stealth Rock
|turn|11
|
|t:|1656723355
|move|p1a: Bisharp|Sucker Punch|p2a: Excadrill
|-damage|p2a: Excadrill|34/100
|move|p2a: Excadrill|Earthquake|p1a: Bisharp
|-supereffective|p1a: Bisharp
|-damage|p1a: Bisharp|0 fnt
|faint|p1a: Bisharp
|-damage|p2a: Excadrill|24/100|[from] item: Life Orb
|
|-weather|Sandstorm|[upkeep]
|upkeep
|
|t:|1656723357
|switch|p1a: Raichu|Raichu-Alola, M|82/100
|turn|12
|
|t:|1656723367
|switch|p2a: Crawdaunt|Crawdaunt, M|100/100
|move|p1a: Raichu|Surf|p2a: Crawdaunt
|-resisted|p2a: Crawdaunt
|-crit|p2a: Crawdaunt
|-damage|p2a: Crawdaunt|69/100
|
|-weather|Sandstorm|[upkeep]
|-damage|p1a: Raichu|76/100|[from] Sandstorm
|-damage|p2a: Crawdaunt|63/100|[from] Sandstorm
|-fieldend|move: Electric Terrain
|upkeep
|turn|13
|
|t:|1656723381
|switch|p1a: Ferrothorn|Ferrothorn, M, shiny|100/100
|-damage|p1a: Ferrothorn|95/100|[from] Stealth Rock
|move|p2a: Crawdaunt|Aqua Jet|p1a: Ferrothorn
|-resisted|p1a: Ferrothorn
|-damage|p1a: Ferrothorn|83/100
|-damage|p2a: Crawdaunt|50/100|[from] ability: Iron Barbs|[of] p1a: Ferrothorn
|-damage|p2a: Crawdaunt|34/100|[from] item: Rocky Helmet|[of] p1a: Ferrothorn
|-damage|p2a: Crawdaunt|24/100|[from] item: Life Orb
|
|-weather|Sandstorm|[upkeep]
|-damage|p2a: Crawdaunt|18/100|[from] Sandstorm
|upkeep
|turn|14
|
|t:|1656723396
|switch|p2a: Zapdos|Zapdos|50/100
|move|p1a: Ferrothorn|Spikes|p2a: Zapdos
|-sidestart|p2: Mutako Z|Spikes
|
|-weather|Sandstorm|[upkeep]
|-damage|p2a: Zapdos|44/100|[from] Sandstorm
|upkeep
|turn|15
|
|t:|1656723403
|switch|p1a: Slowbro|Slowbro, M, shiny|100/100
|move|p2a: Zapdos|Roost|p2a: Zapdos
|-heal|p2a: Zapdos|94/100
|-singleturn|p2a: Zapdos|move: Roost
|
|-weather|Sandstorm|[upkeep]
|-damage|p2a: Zapdos|88/100|[from] Sandstorm
|-damage|p1a: Slowbro|94/100|[from] Sandstorm
|upkeep
|turn|16
|
|t:|1656723411
|move|p2a: Zapdos|Toxic|p1a: Slowbro
|-status|p1a: Slowbro|tox
|move|p1a: Slowbro|Teleport|p1a: Slowbro
|
|t:|1656723414
|switch|p1a: Tapu Koko|Tapu Koko, shiny|94/100|[from]move: Teleport
|-fieldstart|move: Electric Terrain|[from] ability: Electric Surge|[of] p1a: Tapu Koko
|
|-weather|none
|upkeep
|turn|17
|
|t:|1656723419
|move|p1a: Tapu Koko|Thunderbolt|p2a: Zapdos
|-damage|p2a: Zapdos|48/100
|move|p2a: Zapdos|Hurricane|p1a: Tapu Koko|[miss]
|-miss|p2a: Zapdos|p1a: Tapu Koko
|
|upkeep
|turn|18
|
|t:|1656723426
|move|p1a: Tapu Koko|Taunt|p2a: Zapdos
|-start|p2a: Zapdos|move: Taunt
|cant|p2a: Zapdos|move: Taunt|Roost
|
|upkeep
|turn|19
|
|t:|1656723434
|switch|p2a: Dracozolt|Dracozolt|10/100
|-damage|p2a: Dracozolt|0 fnt|[from] Spikes
|faint|p2a: Dracozolt
|move|p1a: Tapu Koko|Dazzling Gleam|p2: Dracozolt|[notarget]
|-fail|p1a: Tapu Koko
|
|upkeep
|
|t:|1656723447
|switch|p2a: Tyranitar|Tyranitar, M|100/100
|-damage|p2a: Tyranitar|88/100|[from] Spikes
|-weather|Sandstorm|[from] ability: Sand Stream|[of] p2a: Tyranitar
|turn|20
|
|t:|1656723452
|move|p1a: Tapu Koko|U-turn|p2a: Tyranitar
|-supereffective|p2a: Tyranitar
|-damage|p2a: Tyranitar|60/100
|
|t:|1656723453
|switch|p1a: Ferrothorn|Ferrothorn, M, shiny|83/100|[from]move: U-turn
|-damage|p1a: Ferrothorn|77/100|[from] Stealth Rock
|move|p2a: Tyranitar|Earthquake|p1a: Ferrothorn
|-damage|p1a: Ferrothorn|56/100
|
|-weather|Sandstorm|[upkeep]
|-fieldend|move: Electric Terrain
|upkeep
|turn|21
|
|t:|1656723462
|move|p2a: Tyranitar|Thunder Wave|p1a: Ferrothorn
|-status|p1a: Ferrothorn|par
|move|p1a: Ferrothorn|Leech Seed|p2a: Tyranitar
|-start|p2a: Tyranitar|move: Leech Seed
|
|-weather|Sandstorm|[upkeep]
|-damage|p2a: Tyranitar|48/100|[from] Leech Seed|[of] p1a: Ferrothorn
|-heal|p1a: Ferrothorn|68/100 par|[silent]
|upkeep
|turn|22
|
|t:|1656723472
|switch|p2a: Zapdos|Zapdos|48/100
|switch|p1a: Tapu Koko|Tapu Koko, shiny|94/100
|-fieldstart|move: Electric Terrain|[from] ability: Electric Surge|[of] p1a: Tapu Koko
|
|-weather|Sandstorm|[upkeep]
|-damage|p1a: Tapu Koko|88/100|[from] Sandstorm
|-damage|p2a: Zapdos|42/100|[from] Sandstorm
|upkeep
|turn|23
|
|t:|1656723481
|switch|p2a: Excadrill|Excadrill, M|24/100
|-damage|p2a: Excadrill|11/100|[from] Spikes
|move|p1a: Tapu Koko|Taunt|p2a: Excadrill
|-start|p2a: Excadrill|move: Taunt
|
|-weather|Sandstorm|[upkeep]
|-damage|p1a: Tapu Koko|82/100|[from] Sandstorm
|upkeep
|turn|24
|
|t:|1656723490
|switch|p1a: Ferrothorn|Ferrothorn, M, shiny|68/100 par
|-damage|p1a: Ferrothorn|62/100 par|[from] Stealth Rock
|move|p2a: Excadrill|Earthquake|p1a: Ferrothorn
|-damage|p1a: Ferrothorn|20/100 par
|-damage|p2a: Excadrill|1/100|[from] item: Life Orb
|
|-weather|none
|upkeep
|turn|25
|
|t:|1656723500
|switch|p1a: Slowbro|Slowbro, M, shiny|100/100 tox
|move|p2a: Excadrill|Earthquake|p1a: Slowbro
|-damage|p1a: Slowbro|44/100 tox
|-damage|p2a: Excadrill|0 fnt|[from] item: Life Orb
|faint|p2a: Excadrill
|
|-damage|p1a: Slowbro|38/100 tox|[from] psn
|upkeep
|
|t:|1656723515
|switch|p2a: Zapdos|Zapdos|42/100
|turn|26
|
|t:|1656723522
|move|p2a: Zapdos|Roost|p2a: Zapdos
|-heal|p2a: Zapdos|92/100
|-singleturn|p2a: Zapdos|move: Roost
|move|p1a: Slowbro|Teleport|p1a: Slowbro
|
|t:|1656723526
|switch|p1a: Raichu|Raichu-Alola, M|76/100|[from]move: Teleport
|
|-fieldend|move: Electric Terrain
|upkeep
|turn|27
|
|t:|1656723533
|switch|p1a: Tapu Koko|Tapu Koko, shiny|82/100
|-fieldstart|move: Electric Terrain|[from] ability: Electric Surge|[of] p1a: Tapu Koko
|move|p2a: Zapdos|Toxic|p1a: Tapu Koko
|-status|p1a: Tapu Koko|tox
|
|-damage|p1a: Tapu Koko|76/100 tox|[from] psn
|upkeep
|turn|28
|
|t:|1656723544
|move|p1a: Tapu Koko|Thunderbolt|p2a: Zapdos
|-damage|p2a: Zapdos|55/100
|move|p2a: Zapdos|Roost|p2a: Zapdos
|-heal|p2a: Zapdos|100/100
|-singleturn|p2a: Zapdos|move: Roost
|
|-damage|p1a: Tapu Koko|64/100 tox|[from] psn
|upkeep
|turn|29
|
|t:|1656723553
|move|p1a: Tapu Koko|Thunderbolt|p2a: Zapdos
|-damage|p2a: Zapdos|62/100
|move|p2a: Zapdos|Hurricane|p1a: Tapu Koko|[miss]
|-miss|p2a: Zapdos|p1a: Tapu Koko
|
|-damage|p1a: Tapu Koko|46/100 tox|[from] psn
|upkeep
|turn|30
|
|t:|1656723559
|move|p1a: Tapu Koko|U-turn|p2a: Zapdos
|-resisted|p2a: Zapdos
|-damage|p2a: Zapdos|53/100
|
|t:|1656723561
|switch|p1a: Slowbro|Slowbro, M, shiny|71/100 tox|[from]move: U-turn
|move|p2a: Zapdos|Roost|p2a: Zapdos
|-heal|p2a: Zapdos|100/100
|-singleturn|p2a: Zapdos|move: Roost
|
|-damage|p1a: Slowbro|65/100 tox|[from] psn
|upkeep
|turn|31
|
|t:|1656723582
|switch|p2a: Tyranitar|Tyranitar, M|48/100
|-damage|p2a: Tyranitar|35/100|[from] Spikes
|-weather|Sandstorm|[from] ability: Sand Stream|[of] p2a: Tyranitar
|move|p1a: Slowbro|Future Sight|p2a: Tyranitar
|-start|p1a: Slowbro|move: Future Sight
|
|-weather|Sandstorm|[upkeep]
|-damage|p1a: Slowbro|59/100 tox|[from] Sandstorm
|-damage|p1a: Slowbro|47/100 tox|[from] psn
|-fieldend|move: Electric Terrain
|upkeep
|turn|32
|
|t:|1656723593
|switch|p1a: Ferrothorn|Ferrothorn, M, shiny|20/100 par
|-damage|p1a: Ferrothorn|14/100 par|[from] Stealth Rock
|move|p2a: Tyranitar|Earthquake|p1a: Ferrothorn
|-damage|p1a: Ferrothorn|0 fnt
|faint|p1a: Ferrothorn
|
|-weather|Sandstorm|[upkeep]
|upkeep
|
|t:|1656723595
|switch|p1a: Tapu Koko|Tapu Koko, shiny|46/100 tox
|-fieldstart|move: Electric Terrain|[from] ability: Electric Surge|[of] p1a: Tapu Koko
|turn|33
|
|t:|1656723605
|move|p1a: Tapu Koko|Dazzling Gleam|p2a: Tyranitar
|-supereffective|p2a: Tyranitar
|-damage|p2a: Tyranitar|0 fnt
|faint|p2a: Tyranitar
|
|-weather|Sandstorm|[upkeep]
|-damage|p1a: Tapu Koko|40/100 tox|[from] Sandstorm
|-hint|Future Sight did not hit because the target is fainted.
|-damage|p1a: Tapu Koko|34/100 tox|[from] psn
|upkeep
|
|t:|1656723612
|switch|p2a: Zapdos|Zapdos|100/100
|turn|34
|
|t:|1656723625
|move|p1a: Tapu Koko|Taunt|p2a: Zapdos
|-start|p2a: Zapdos|move: Taunt
|cant|p2a: Zapdos|move: Taunt|Roost
|
|-weather|Sandstorm|[upkeep]
|-damage|p1a: Tapu Koko|28/100 tox|[from] Sandstorm
|-damage|p2a: Zapdos|94/100|[from] Sandstorm
|-damage|p1a: Tapu Koko|16/100 tox|[from] psn
|upkeep
|turn|35
|
|t:|1656723645
|move|p1a: Tapu Koko|U-turn|p2a: Zapdos
|-resisted|p2a: Zapdos
|-damage|p2a: Zapdos|87/100
|
|t:|1656723647
|switch|p1a: Slowbro|Slowbro, M, shiny|80/100 tox|[from]move: U-turn
|move|p2a: Zapdos|Volt Switch|p1a: Slowbro
|-supereffective|p1a: Slowbro
|-damage|p1a: Slowbro|35/100 tox
|
|t:|1656723652
|switch|p2a: Crawdaunt|Crawdaunt, M|18/100|[from]move: Volt Switch
|-damage|p2a: Crawdaunt|5/100|[from] Spikes
|
|-weather|none
|-damage|p1a: Slowbro|29/100 tox|[from] psn
|upkeep
|turn|36
|
|t:|1656723663
|move|p2a: Crawdaunt|Knock Off|p1a: Slowbro
|-supereffective|p1a: Slowbro
|-damage|p1a: Slowbro|0 fnt
|-enditem|p1a: Slowbro|Heavy-Duty Boots|[from] move: Knock Off|[of] p2a: Crawdaunt
|faint|p1a: Slowbro
|-damage|p2a: Crawdaunt|0 fnt|[from] item: Life Orb
|faint|p2a: Crawdaunt
|
|upkeep
|
|t:|1656723672
|switch|p2a: Zapdos|Zapdos|87/100
|switch|p1a: Raichu|Raichu-Alola, M|76/100
|turn|37
|
|t:|1656723677
|move|p1a: Raichu|Nasty Plot|p1a: Raichu
|-boost|p1a: Raichu|spa|2
|move|p2a: Zapdos|Toxic|p1a: Raichu
|-status|p1a: Raichu|tox
|
|-damage|p1a: Raichu|70/100 tox|[from] psn
|-fieldend|move: Electric Terrain
|upkeep
|turn|38
|
|t:|1656723686
|move|p1a: Raichu|Rising Voltage|p2a: Zapdos
|-damage|p2a: Zapdos|33/100
|move|p2a: Zapdos|Roost|p2a: Zapdos
|-heal|p2a: Zapdos|84/100
|-singleturn|p2a: Zapdos|move: Roost
|
|-damage|p1a: Raichu|58/100 tox|[from] psn
|upkeep
|turn|39
|
|t:|1656723694
|move|p1a: Raichu|Nasty Plot|p1a: Raichu
|-boost|p1a: Raichu|spa|2
|move|p2a: Zapdos|Roost|p2a: Zapdos
|-heal|p2a: Zapdos|100/100
|-singleturn|p2a: Zapdos|move: Roost
|
|-damage|p1a: Raichu|39/100 tox|[from] psn
|upkeep
|turn|40
|
|t:|1656723703
|move|p1a: Raichu|Rising Voltage|p2a: Zapdos
|-damage|p2a: Zapdos|28/100
|move|p2a: Zapdos|Roost|p2a: Zapdos
|-heal|p2a: Zapdos|78/100
|-singleturn|p2a: Zapdos|move: Roost
|
|-damage|p1a: Raichu|15/100 tox|[from] psn
|upkeep
|turn|41
|
|t:|1656723715
|move|p1a: Raichu|Rising Voltage|p2a: Zapdos
|-damage|p2a: Zapdos|0 fnt
|faint|p2a: Zapdos
|
|win|Clastia
|raw|Clastia's rating: 1566 &rarr; <strong>1595</strong><br />(+29 for winning)
|raw|Mutako Z's rating: 1742 &rarr; <strong>1713</strong><br />(-29 for losing)
|c|☆Clastia|ggwp
|c|☆Clastia|that was genuinely stressful lmao
|l|☆Clastia
||Ladder isn't responding, score probably updated but might not have (Request timeout).
|j|☆Clastia
|player|p1|Clastia|leon-tower
