|j|☆wind current
|j|☆BigWes95
|inactive|Battle timer is ON: inactive players will automatically lose when time's up.
|t:|1667515566
|gametype|singles
|player|p1|wind current|lyra|
|player|p2|BigWes95|101|
|teamsize|p1|6
|teamsize|p2|6
|gen|8
|tier|[Gen 8] OU
|rated|Tournament battle
|rule|Sleep Clause Mod: Limit one foe put to sleep
|rule|Species Clause: Limit one of each Pokémon
|rule|OHKO Clause: OHKO moves are banned
|rule|Evasion Items Clause: Evasion items are banned
|rule|Evasion Moves Clause: Evasion moves are banned
|rule|Endless Battle Clause: Forcing endless battles is banned
|rule|HP Percentage Mod: HP is shown in percentages
|rule|Dynamax Clause: You cannot dynamax
|clearpoke
|poke|p1|Mew|
|poke|p1|Blaziken, F|
|poke|p1|Rillaboom, F|
|poke|p1|Volcarona, M|
|poke|p1|Dragonite, M|
|poke|p1|Kartana|
|poke|p2|Landorus-Therian, M|
|poke|p2|Zapdos|
|poke|p2|Tapu Lele|
|poke|p2|Dragapult, M|
|poke|p2|Kartana|
|poke|p2|Melmetal|
|teampreview
|inactive|BigWes95 also wants the timer to be on.
|j| lowelofunn
|
|t:|1667515580
|start
|switch|p1a: Mew|Mew|100/100
|switch|p2a: Zapdos|Zapdos|100/100
|turn|1
|
|t:|1667515582
|move|p1a: Mew|Stealth Rock|p2a: Zapdos
|-sidestart|p2: BigWes95|move: Stealth Rock
|move|p2a: Zapdos|Volt Switch|p1a: Mew
|-damage|p1a: Mew|64/100
|
|t:|1667515585
|switch|p2a: Dragapult|Dragapult, M|100/100|[from]move: Volt Switch
|-damage|p2a: Dragapult|88/100|[from] Stealth Rock
|
|upkeep
|turn|2
|j| tesla roadster
|
|t:|1667515588
|move|p2a: Dragapult|Shadow Ball|p1a: Mew
|-supereffective|p1a: Mew
|-damage|p1a: Mew|0 fnt
|faint|p1a: Mew
|
|upkeep
|
|t:|1667515591
|switch|p1a: Rillaboom|Rillaboom, F|100/100
|-fieldstart|move: Grassy Terrain|[from] ability: Grassy Surge|[of] p1a: Rillaboom
|turn|3
|
|t:|1667515593
|switch|p2a: Zapdos|Zapdos|100/100
|move|p1a: Rillaboom|Knock Off|p2a: Zapdos
|-damage|p2a: Zapdos|53/100
|-enditem|p2a: Zapdos|Heavy-Duty Boots|[from] move: Knock Off|[of] p1a: Rillaboom
|-damage|p1a: Rillaboom|91/100|[from] item: Life Orb
|
|-heal|p1a: Rillaboom|97/100|[from] Grassy Terrain
|upkeep
|turn|4
|
|t:|1667515602
|move|p1a: Rillaboom|Swords Dance|p1a: Rillaboom
|-boost|p1a: Rillaboom|atk|2
|move|p2a: Zapdos|Roost|p2a: Zapdos
|-heal|p2a: Zapdos|100/100
|-singleturn|p2a: Zapdos|move: Roost
|
|-heal|p1a: Rillaboom|100/100|[from] Grassy Terrain
|upkeep
|turn|5
|inactive|wind current has 120 seconds left.
|
|t:|1667515636
|move|p1a: Rillaboom|Grassy Glide|p2a: Zapdos
|-resisted|p2a: Zapdos
|-damage|p2a: Zapdos|31/100
|-damage|p1a: Rillaboom|91/100|[from] item: Life Orb
|move|p2a: Zapdos|Hurricane|p1a: Rillaboom
|-supereffective|p1a: Rillaboom
|-damage|p1a: Rillaboom|0 fnt
|faint|p1a: Rillaboom
|
|upkeep
|inactive|wind current has 120 seconds left.
|
|t:|1667515668
|switch|p1a: Blaziken|Blaziken, F|100/100
|turn|6
|
|t:|1667515672
|move|p1a: Blaziken|Flare Blitz|p2a: Zapdos
|-damage|p2a: Zapdos|0 fnt
|faint|p2a: Zapdos
|-damage|p1a: Blaziken|88/100|[from] Recoil
|-damage|p1a: Blaziken|78/100|[from] item: Life Orb
|
|-heal|p1a: Blaziken|84/100|[from] Grassy Terrain
|-ability|p1a: Blaziken|Speed Boost|boost
|-boost|p1a: Blaziken|spe|1
|upkeep
|
|t:|1667515675
|switch|p2a: Landorus|Landorus-Therian, M|100/100
|-damage|p2a: Landorus|88/100|[from] Stealth Rock
|-ability|p2a: Landorus|Intimidate|boost
|-unboost|p1a: Blaziken|atk|1
|turn|7
|
|t:|1667515679
|move|p1a: Blaziken|Flare Blitz|p2a: Landorus
|-damage|p2a: Landorus|41/100
|-damage|p1a: Blaziken|64/100|[from] Recoil
|-damage|p1a: Blaziken|54/100|[from] item: Life Orb
|move|p2a: Landorus|U-turn|p1a: Blaziken
|-resisted|p1a: Blaziken
|-damage|p1a: Blaziken|47/100
|
|t:|1667515685
|switch|p2a: Dragapult|Dragapult, M|88/100|[from]move: U-turn
|-damage|p2a: Dragapult|76/100|[from] Stealth Rock
|
|-heal|p1a: Blaziken|53/100|[from] Grassy Terrain
|-heal|p2a: Dragapult|82/100|[from] Grassy Terrain
|-fieldend|move: Grassy Terrain
|-ability|p1a: Blaziken|Speed Boost|boost
|-boost|p1a: Blaziken|spe|1
|upkeep
|turn|8
|
|t:|1667515688
|move|p1a: Blaziken|Knock Off|p2a: Dragapult
|-supereffective|p2a: Dragapult
|-damage|p2a: Dragapult|1/100
|-enditem|p2a: Dragapult|Choice Specs|[from] move: Knock Off|[of] p1a: Blaziken
|-damage|p1a: Blaziken|43/100|[from] item: Life Orb
|move|p2a: Dragapult|Shadow Ball|p1a: Blaziken
|-damage|p1a: Blaziken|0 fnt
|faint|p1a: Blaziken
|
|upkeep
|inactive|wind current has 120 seconds left.
|
|t:|1667515713
|switch|p1a: Volcarona|Volcarona, M|100/100
|turn|9
|
|t:|1667515718
|move|p2a: Dragapult|Surf|p1a: Volcarona
|-supereffective|p1a: Volcarona
|-damage|p1a: Volcarona|47/100
|move|p1a: Volcarona|Quiver Dance|p1a: Volcarona
|-boost|p1a: Volcarona|spa|1
|-boost|p1a: Volcarona|spd|1
|-boost|p1a: Volcarona|spe|1
|
|upkeep
|turn|10
|
|t:|1667515726
|move|p1a: Volcarona|Quiver Dance|p1a: Volcarona
|-boost|p1a: Volcarona|spa|1
|-boost|p1a: Volcarona|spd|1
|-boost|p1a: Volcarona|spe|1
|move|p2a: Dragapult|Surf|p1a: Volcarona
|-supereffective|p1a: Volcarona
|-damage|p1a: Volcarona|18/100
|
|upkeep
|turn|11
|
|t:|1667515731
|switch|p2a: Tapu Lele|Tapu Lele|100/100
|-damage|p2a: Tapu Lele|88/100|[from] Stealth Rock
|-fieldstart|move: Psychic Terrain|[from] ability: Psychic Surge|[of] p2a: Tapu Lele
|move|p1a: Volcarona|Giga Drain|p2a: Tapu Lele
|-damage|p2a: Tapu Lele|36/100
|-heal|p1a: Volcarona|39/100|[from] drain|[of] p2a: Tapu Lele
|
|upkeep
|turn|12
|
|t:|1667515736
|move|p1a: Volcarona|Giga Drain|p2a: Tapu Lele
|-damage|p2a: Tapu Lele|0 fnt
|-heal|p1a: Volcarona|53/100|[from] drain|[of] p2a: Tapu Lele
|faint|p2a: Tapu Lele
|
|upkeep
|c| tesla roadster|nooo wes
|
|t:|1667515744
|switch|p2a: Melmetal|Melmetal|100/100
|-damage|p2a: Melmetal|94/100|[from] Stealth Rock
|turn|13
|c| tesla roadster|u let it get 2
|
|t:|1667515749
|move|p1a: Volcarona|Flamethrower|p2a: Melmetal
|-supereffective|p2a: Melmetal
|-damage|p2a: Melmetal|0 fnt
|faint|p2a: Melmetal
|
|upkeep
|-message|BigWes95 forfeited.
|
|win|wind current
|n|☆wind current|windcurrent
|n|☆BigWes95|bigwes95
|n| lowelofunn|lowelofunn
|n| tesla roadster|teslaroadster
|l|☆BigWes95
|c|☆wind current|gg
