|j|☆Bhugman
|j|☆testotesto321
|player|p1|Bhugman|167|1575
|player|p2|testotesto321|bellelba|1565
|teamsize|p1|6
|teamsize|p2|6
|gametype|singles
|gen|8
|tier|[Gen 8] OU
|rated|
|clearpoke
|poke|p1|Ferrothorn, F|
|poke|p1|Rotom-Heat|
|poke|p1|Clefable, F|
|poke|p1|Skarmory, F|
|poke|p1|Chansey, F|
|poke|p1|Pyukumuku, M|
|poke|p2|Alakazam, F|
|poke|p2|Cinderace, M|
|poke|p2|Urshifu, F|
|poke|p2|Chansey, F|
|poke|p2|Mandibuzz, F|
|poke|p2|Toxapex, F|
|rule|Sleep Clause Mod: Limit one foe put to sleep
|rule|Species Clause: Limit one of each Pokémon
|rule|OHKO Clause: OHKO moves are banned
|rule|Evasion Moves Clause: Evasion moves are banned
|rule|Endless Battle Clause: Forcing endless battles is banned
|rule|HP Percentage Mod: HP is shown in percentages
|rule|Dynamax Clause: You cannot dynamax
|teampreview
|
|start
|switch|p1a: Pyukumuku|Pyukumuku, M|100/100
|switch|p2a: Cinderace|Cinderace, M|100/100
|turn|1
|
|move|p2a: Cinderace|U-turn|p1a: Pyukumuku
|-start|p2a: Cinderace|typechange|Bug|[from] ability: Libero
|-damage|p1a: Pyukumuku|78/100
|
|switch|p2a: Chansey|Chansey, F|100/100|[from]move: U-turn
|move|p1a: Pyukumuku|Counter|p2a: Chansey
|-damage|p2a: Chansey|81/100
|
|-heal|p1a: Pyukumuku|84/100|[from] item: Leftovers
|upkeep
|turn|2
|
|switch|p1a: Ferrothorn|Ferrothorn, F|100/100
|move|p2a: Chansey|Stealth Rock|p1a: Ferrothorn
|-sidestart|p1: Bhugman|move: Stealth Rock
|
|upkeep
|turn|3
|
|switch|p2a: Toxapex|Toxapex, F, shiny|100/100
|move|p1a: Ferrothorn|Thunder Wave|p2a: Toxapex|[miss]
|-miss|p1a: Ferrothorn|p2a: Toxapex
|
|upkeep
|turn|4
|
|move|p2a: Toxapex|Scald|p1a: Ferrothorn
|-resisted|p1a: Ferrothorn
|-damage|p1a: Ferrothorn|94/100
|-status|p1a: Ferrothorn|brn
|move|p1a: Ferrothorn|Thunder Wave|p2a: Toxapex
|-status|p2a: Toxapex|par
|
|-heal|p1a: Ferrothorn|99/100 brn|[from] item: Leftovers
|-damage|p1a: Ferrothorn|94/100 brn|[from] brn
|upkeep
|turn|5
|
|move|p1a: Ferrothorn|Knock Off|p2a: Toxapex
|-damage|p2a: Toxapex|94/100 par
|-enditem|p2a: Toxapex|Black Sludge|[from] move: Knock Off|[of] p1a: Ferrothorn
|move|p2a: Toxapex|Scald|p1a: Ferrothorn
|-resisted|p1a: Ferrothorn
|-damage|p1a: Ferrothorn|87/100 brn
|
|-heal|p1a: Ferrothorn|93/100 brn|[from] item: Leftovers
|-damage|p1a: Ferrothorn|87/100 brn|[from] brn
|upkeep
|turn|6
|
|switch|p2a: Chansey|Chansey, F|81/100
|move|p1a: Ferrothorn|Leech Seed|p2a: Chansey
|-start|p2a: Chansey|move: Leech Seed
|
|-heal|p1a: Ferrothorn|93/100 brn|[from] item: Leftovers
|-damage|p2a: Chansey|68/100|[from] Leech Seed|[of] p1a: Ferrothorn
|-heal|p1a: Ferrothorn|100/100 brn|[silent]
|-damage|p1a: Ferrothorn|94/100 brn|[from] brn
|upkeep
|turn|7
|
|switch|p2a: Toxapex|Toxapex, F, shiny|100/100 par
|move|p1a: Ferrothorn|Knock Off|p2a: Toxapex
|-damage|p2a: Toxapex|96/100 par
|
|-heal|p1a: Ferrothorn|100/100 brn|[from] item: Leftovers
|-damage|p1a: Ferrothorn|94/100 brn|[from] brn
|upkeep
|turn|8
|
|move|p1a: Ferrothorn|Knock Off|p2a: Toxapex
|-damage|p2a: Toxapex|92/100 par
|move|p2a: Toxapex|Scald|p1a: Ferrothorn
|-resisted|p1a: Ferrothorn
|-damage|p1a: Ferrothorn|87/100 brn
|
|-heal|p1a: Ferrothorn|93/100 brn|[from] item: Leftovers
|-damage|p1a: Ferrothorn|87/100 brn|[from] brn
|upkeep
|turn|9
|
|move|p1a: Ferrothorn|Leech Seed|p2a: Toxapex
|-start|p2a: Toxapex|move: Leech Seed
|move|p2a: Toxapex|Haze|p2a: Toxapex
|-clearallboost
|
|-heal|p1a: Ferrothorn|93/100 brn|[from] item: Leftovers
|-damage|p2a: Toxapex|79/100 par|[from] Leech Seed|[of] p1a: Ferrothorn
|-heal|p1a: Ferrothorn|100/100 brn|[silent]
|-damage|p1a: Ferrothorn|94/100 brn|[from] brn
|upkeep
|turn|10
|
|move|p1a: Ferrothorn|Knock Off|p2a: Toxapex
|-damage|p2a: Toxapex|75/100 par
|cant|p2a: Toxapex|par
|
|-heal|p1a: Ferrothorn|100/100 brn|[from] item: Leftovers
|-damage|p2a: Toxapex|62/100 par|[from] Leech Seed|[of] p1a: Ferrothorn
|-damage|p1a: Ferrothorn|94/100 brn|[from] brn
|upkeep
|turn|11
|
|switch|p1a: Skarmory|Skarmory, F|100/100
|-damage|p1a: Skarmory|88/100|[from] Stealth Rock
|move|p2a: Toxapex|Recover|p2a: Toxapex
|-heal|p2a: Toxapex|100/100 par
|
|-heal|p1a: Skarmory|94/100|[from] item: Leftovers
|-damage|p2a: Toxapex|88/100 par|[from] Leech Seed|[of] p1a: Skarmory
|-heal|p1a: Skarmory|100/100|[silent]
|upkeep
|turn|12
|
|switch|p2a: Alakazam|Alakazam, F|100/100
|move|p1a: Skarmory|Defog|p2a: Alakazam
|-unboost|p2a: Alakazam|evasion|1
|-sideend|p1: Bhugman|Stealth Rock|[from] move: Defog|[of] p1a: Skarmory
|
|upkeep
|turn|13
|
|switch|p1a: Clefable|Clefable, F|100/100
|move|p2a: Alakazam|Psychic|p1a: Clefable
|-damage|p1a: Clefable|56/100
|
|-heal|p1a: Clefable|62/100|[from] item: Leftovers
|upkeep
|turn|14
|
|switch|p2a: Toxapex|Toxapex, F, shiny|100/100 par
|switch|p1a: Chansey|Chansey, F|100/100
|
|upkeep
|turn|15
|
|move|p1a: Chansey|Wish|p1a: Chansey
|move|p2a: Toxapex|Toxic|p1a: Chansey
|-status|p1a: Chansey|tox
|
|-damage|p1a: Chansey|94/100 tox|[from] psn
|upkeep
|turn|16
|
|switch|p1a: Clefable|Clefable, F|62/100
|switch|p2a: Mandibuzz|Mandibuzz, F|100/100
|
|-heal|p1a: Clefable|100/100|[from] move: Wish|[wisher] Chansey
|upkeep
|turn|17
|
|move|p2a: Mandibuzz|U-turn|p1a: Clefable
|-resisted|p1a: Clefable
|-damage|p1a: Clefable|94/100
|
|switch|p2a: Toxapex|Toxapex, F, shiny|100/100 par|[from]move: U-turn
|move|p1a: Clefable|Thunderbolt|p2a: Toxapex
|-supereffective|p2a: Toxapex
|-damage|p2a: Toxapex|65/100 par
|
|-heal|p1a: Clefable|99/100|[from] item: Leftovers
|upkeep
|turn|18
|
|switch|p2a: Chansey|Chansey, F|68/100
|move|p1a: Clefable|Thunderbolt|p2a: Chansey
|-damage|p2a: Chansey|62/100
|
|-heal|p1a: Clefable|100/100|[from] item: Leftovers
|upkeep
|turn|19
|
|move|p1a: Clefable|Calm Mind|p1a: Clefable
|-boost|p1a: Clefable|spa|1
|-boost|p1a: Clefable|spd|1
|move|p2a: Chansey|Soft-Boiled|p2a: Chansey
|-heal|p2a: Chansey|100/100
|
|upkeep
|turn|20
|
|move|p1a: Clefable|Thunderbolt|p2a: Chansey
|-damage|p2a: Chansey|91/100
|move|p2a: Chansey|Toxic|p1a: Clefable
|-status|p1a: Clefable|tox
|
|-damage|p1a: Clefable|94/100 tox|[from] psn
|upkeep
|turn|21
|
|move|p1a: Clefable|Aromatherapy|p1a: Clefable
|-activate|p1a: Clefable|move: Aromatherapy
|-curestatus|p1a: Clefable|tox|[msg]
|-curestatus|p1: Ferrothorn|brn|[msg]
|move|p2a: Chansey|Seismic Toss|p1a: Clefable
|-damage|p1a: Clefable|69/100
|
|-heal|p1a: Clefable|75/100|[from] item: Leftovers
|upkeep
|turn|22
|
|switch|p1a: Ferrothorn|Ferrothorn, F|94/100
|move|p2a: Chansey|Toxic|p1a: Ferrothorn
|-immune|p1a: Ferrothorn
|
|-heal|p1a: Ferrothorn|100/100|[from] item: Leftovers
|upkeep
|turn|23
|
|switch|p2a: Toxapex|Toxapex, F, shiny|98/100 par
|move|p1a: Ferrothorn|Knock Off|p2a: Toxapex
|-damage|p2a: Toxapex|90/100 par
|
|upkeep
|turn|24
|
|switch|p1a: Skarmory|Skarmory, F|100/100
|cant|p2a: Toxapex|par
|
|upkeep
|turn|25
|
|move|p1a: Skarmory|Stealth Rock|p2a: Toxapex
|-sidestart|p2: testotesto321|move: Stealth Rock
|cant|p2a: Toxapex|par
|
|upkeep
|turn|26
|
|switch|p1a: Ferrothorn|Ferrothorn, F|100/100
|switch|p2a: Cinderace|Cinderace, M|100/100
|
|upkeep
|turn|27
|
|switch|p1a: Pyukumuku|Pyukumuku, M|84/100
|move|p2a: Cinderace|Pyro Ball|p1a: Pyukumuku
|-resisted|p1a: Pyukumuku
|-damage|p1a: Pyukumuku|65/100
|
|-heal|p1a: Pyukumuku|72/100|[from] item: Leftovers
|upkeep
|turn|28
|
|move|p2a: Cinderace|U-turn|p1a: Pyukumuku
|-start|p2a: Cinderace|typechange|Bug|[from] ability: Libero
|-damage|p1a: Pyukumuku|51/100
|
|switch|p2a: Mandibuzz|Mandibuzz, F|100/100|[from]move: U-turn
|move|p1a: Pyukumuku|Recover|p1a: Pyukumuku
|-heal|p1a: Pyukumuku|100/100
|
|upkeep
|turn|29
|
|move|p2a: Mandibuzz|U-turn|p1a: Pyukumuku
|-damage|p1a: Pyukumuku|93/100
|
|switch|p2a: Chansey|Chansey, F|91/100|[from]move: U-turn
|-damage|p2a: Chansey|79/100|[from] Stealth Rock
|move|p1a: Pyukumuku|Counter|p2a: Chansey
|-damage|p2a: Chansey|72/100
|
|-heal|p1a: Pyukumuku|99/100|[from] item: Leftovers
|upkeep
|turn|30
|
|switch|p1a: Ferrothorn|Ferrothorn, F|100/100
|move|p2a: Chansey|Stealth Rock|p1a: Ferrothorn
|-sidestart|p1: Bhugman|move: Stealth Rock
|
|upkeep
|turn|31
|
|switch|p2a: Toxapex|Toxapex, F, shiny|100/100 par
|-damage|p2a: Toxapex|88/100 par|[from] Stealth Rock
|move|p1a: Ferrothorn|Knock Off|p2a: Toxapex
|-damage|p2a: Toxapex|79/100 par
|
|upkeep
|turn|32
|
|switch|p1a: Chansey|Chansey, F|94/100
|-damage|p1a: Chansey|82/100|[from] Stealth Rock
|move|p2a: Toxapex|Scald|p1a: Chansey
|-damage|p1a: Chansey|77/100
|
|upkeep
|turn|33
|
|move|p1a: Chansey|Seismic Toss|p2a: Toxapex
|-damage|p2a: Toxapex|47/100 par
|cant|p2a: Toxapex|par
|
|upkeep
|turn|34
|
|move|p1a: Chansey|Seismic Toss|p2a: Toxapex
|-damage|p2a: Toxapex|14/100 par
|cant|p2a: Toxapex|par
|
|upkeep
|turn|35
|
|switch|p2a: Chansey|Chansey, F|72/100
|-damage|p2a: Chansey|60/100|[from] Stealth Rock
|move|p1a: Chansey|Seismic Toss|p2a: Chansey
|-damage|p2a: Chansey|45/100
|
|upkeep
|turn|36
|
|move|p2a: Chansey|Soft-Boiled|p2a: Chansey
|-heal|p2a: Chansey|95/100
|move|p1a: Chansey|Toxic|p2a: Chansey
|-status|p2a: Chansey|tox
|
|-damage|p2a: Chansey|89/100 tox|[from] psn
|upkeep
|turn|37
|inactive|Battle timer is ON: inactive players will automatically lose when time's up. (requested by testotesto321)
|
|move|p1a: Chansey|Seismic Toss|p2a: Chansey
|-damage|p2a: Chansey|75/100 tox
|move|p2a: Chansey|Toxic|p1a: Chansey
|-status|p1a: Chansey|tox
|
|-damage|p1a: Chansey|71/100 tox|[from] psn
|-damage|p2a: Chansey|63/100 tox|[from] psn
|upkeep
|turn|38
|
|move|p2a: Chansey|Soft-Boiled|p2a: Chansey
|-heal|p2a: Chansey|100/100 tox
|move|p1a: Chansey|Soft-Boiled|p1a: Chansey
|-heal|p1a: Chansey|100/100 tox
|
|-damage|p1a: Chansey|88/100 tox|[from] psn
|-damage|p2a: Chansey|82/100 tox|[from] psn
|upkeep
|turn|39
|
|-curestatus|p1a: Chansey|tox|[from] ability: Natural Cure
|switch|p1a: Skarmory|Skarmory, F|100/100
|-damage|p1a: Skarmory|88/100|[from] Stealth Rock
|move|p2a: Chansey|Seismic Toss|p1a: Skarmory
|-damage|p1a: Skarmory|58/100
|
|-heal|p1a: Skarmory|64/100|[from] item: Leftovers
|-damage|p2a: Chansey|58/100 tox|[from] psn
|upkeep
|turn|40
|
|switch|p2a: Toxapex|Toxapex, F, shiny|47/100 par
|-damage|p2a: Toxapex|34/100 par|[from] Stealth Rock
|move|p1a: Skarmory|Roost|p1a: Skarmory
|-heal|p1a: Skarmory|100/100
|-singleturn|p1a: Skarmory|move: Roost
|
|upkeep
|turn|41
|
|move|p1a: Skarmory|Body Press|p2a: Toxapex
|-resisted|p2a: Toxapex
|-damage|p2a: Toxapex|25/100 par
|move|p2a: Toxapex|Recover|p2a: Toxapex
|-heal|p2a: Toxapex|75/100 par
|
|upkeep
|turn|42
|
|switch|p2a: Mandibuzz|Mandibuzz, F|100/100
|move|p1a: Skarmory|Defog|p2a: Mandibuzz
|-unboost|p2a: Mandibuzz|evasion|1
|-sideend|p2: testotesto321|Stealth Rock|[from] move: Defog|[of] p1a: Skarmory
|-sideend|p1: Bhugman|Stealth Rock|[from] move: Defog|[of] p1a: Skarmory
|
|upkeep
|turn|43
|
|move|p2a: Mandibuzz|U-turn|p1a: Skarmory
|-resisted|p1a: Skarmory
|-damage|p1a: Skarmory|99/100
|
|switch|p2a: Toxapex|Toxapex, F, shiny|100/100 par|[from]move: U-turn
|move|p1a: Skarmory|Body Press|p2a: Toxapex
|-resisted|p2a: Toxapex
|-damage|p2a: Toxapex|90/100 par
|
|-heal|p1a: Skarmory|100/100|[from] item: Leftovers
|upkeep
|turn|44
|
|switch|p1a: Chansey|Chansey, F|88/100
|switch|p2a: Mandibuzz|Mandibuzz, F|100/100
|
|upkeep
|turn|45
|
|switch|p2a: Chansey|Chansey, F|58/100
|switch|p1a: Skarmory|Skarmory, F|100/100
|
|upkeep
|turn|46
|
|switch|p2a: Toxapex|Toxapex, F, shiny|100/100 par
|move|p1a: Skarmory|Body Press|p2a: Toxapex
|-resisted|p2a: Toxapex
|-damage|p2a: Toxapex|91/100 par
|
|upkeep
|turn|47
|
|switch|p2a: Mandibuzz|Mandibuzz, F|100/100
|move|p1a: Skarmory|Stealth Rock|p2a: Mandibuzz
|-sidestart|p2: testotesto321|move: Stealth Rock
|
|upkeep
|turn|48
|
|move|p2a: Mandibuzz|Defog|p1a: Skarmory
|-unboost|p1a: Skarmory|evasion|1
|-sideend|p2: testotesto321|Stealth Rock|[from] move: Defog|[of] p2a: Mandibuzz
|move|p1a: Skarmory|Body Press|p2a: Mandibuzz
|-damage|p2a: Mandibuzz|83/100
|
|upkeep
|turn|49
|
|move|p2a: Mandibuzz|Foul Play|p1a: Skarmory
|-damage|p1a: Skarmory|87/100
|move|p1a: Skarmory|Stealth Rock|p2a: Mandibuzz
|-sidestart|p2: testotesto321|move: Stealth Rock
|
|-heal|p1a: Skarmory|93/100|[from] item: Leftovers
|upkeep
|turn|50
|
|switch|p1a: Rotom|Rotom-Heat|100/100
|move|p2a: Mandibuzz|Defog|p1a: Rotom
|-unboost|p1a: Rotom|evasion|1
|-sideend|p2: testotesto321|Stealth Rock|[from] move: Defog|[of] p2a: Mandibuzz
|
|upkeep
|turn|51
|
|move|p1a: Rotom|Thunderbolt|p2a: Mandibuzz
|-supereffective|p2a: Mandibuzz
|-damage|p2a: Mandibuzz|15/100
|move|p2a: Mandibuzz|U-turn|p1a: Rotom
|-resisted|p1a: Rotom
|-damage|p1a: Rotom|93/100
|
|switch|p2a: Chansey|Chansey, F|58/100|[from]move: U-turn
|
|upkeep
|turn|52
|
|switch|p1a: Skarmory|Skarmory, F|93/100
|move|p2a: Chansey|Soft-Boiled|p2a: Chansey
|-heal|p2a: Chansey|100/100
|
|-heal|p1a: Skarmory|99/100|[from] item: Leftovers
|upkeep
|turn|53
|
|switch|p2a: Toxapex|Toxapex, F, shiny|100/100 par
|move|p1a: Skarmory|Stealth Rock|p2a: Toxapex
|-sidestart|p2: testotesto321|move: Stealth Rock
|
|-heal|p1a: Skarmory|100/100|[from] item: Leftovers
|upkeep
|turn|54
|
|switch|p1a: Chansey|Chansey, F|88/100
|move|p2a: Toxapex|Scald|p1a: Chansey
|-damage|p1a: Chansey|83/100
|-status|p1a: Chansey|brn
|
|-damage|p1a: Chansey|77/100 brn|[from] brn
|upkeep
|turn|55
|
|switch|p2a: Chansey|Chansey, F|100/100
|-damage|p2a: Chansey|88/100|[from] Stealth Rock
|move|p1a: Chansey|Seismic Toss|p2a: Chansey
|-damage|p2a: Chansey|74/100
|
|-damage|p1a: Chansey|71/100 brn|[from] brn
|upkeep
|turn|56
|
|switch|p2a: Alakazam|Alakazam, F|100/100
|move|p1a: Chansey|Soft-Boiled|p1a: Chansey
|-heal|p1a: Chansey|100/100 brn
|
|-damage|p1a: Chansey|94/100 brn|[from] brn
|upkeep
|turn|57
|
|move|p2a: Alakazam|Psychic|p1a: Chansey
|-damage|p1a: Chansey|74/100 brn
|move|p1a: Chansey|Wish|p1a: Chansey
|
|-damage|p1a: Chansey|68/100 brn|[from] brn
|upkeep
|turn|58
|
|move|p2a: Alakazam|Psychic|p1a: Chansey
|-damage|p1a: Chansey|48/100 brn
|move|p1a: Chansey|Seismic Toss|p2a: Alakazam
|-damage|p2a: Alakazam|61/100
|
|-heal|p1a: Chansey|98/100 brn|[from] move: Wish|[wisher] Chansey
|-damage|p1a: Chansey|92/100 brn|[from] brn
|upkeep
|turn|59
|
|move|p2a: Alakazam|Psychic|p1a: Chansey
|-damage|p1a: Chansey|73/100 brn
|move|p1a: Chansey|Wish|p1a: Chansey
|
|-damage|p1a: Chansey|67/100 brn|[from] brn
|upkeep
|turn|60
|
|move|p2a: Alakazam|Recover|p2a: Alakazam
|-heal|p2a: Alakazam|100/100
|move|p1a: Chansey|Seismic Toss|p2a: Alakazam
|-damage|p2a: Alakazam|61/100
|
|-heal|p1a: Chansey|100/100 brn|[from] move: Wish|[wisher] Chansey
|-damage|p1a: Chansey|94/100 brn|[from] brn
|upkeep
|turn|61
|
|move|p2a: Alakazam|Psychic|p1a: Chansey
|-damage|p1a: Chansey|74/100 brn
|-unboost|p1a: Chansey|spd|1
|move|p1a: Chansey|Wish|p1a: Chansey
|
|-damage|p1a: Chansey|68/100 brn|[from] brn
|upkeep
|turn|62
|
|-curestatus|p1a: Chansey|brn|[from] ability: Natural Cure
|switch|p1a: Clefable|Clefable, F|75/100
|move|p2a: Alakazam|Recover|p2a: Alakazam
|-heal|p2a: Alakazam|100/100
|
|-heal|p1a: Clefable|100/100|[from] move: Wish|[wisher] Chansey
|upkeep
|turn|63
|
|move|p2a: Alakazam|Psychic|p1a: Clefable
|-damage|p1a: Clefable|62/100
|move|p1a: Clefable|Calm Mind|p1a: Clefable
|-boost|p1a: Clefable|spa|1
|-boost|p1a: Clefable|spd|1
|
|-heal|p1a: Clefable|68/100|[from] item: Leftovers
|upkeep
|turn|64
|
|switch|p2a: Chansey|Chansey, F|74/100
|-damage|p2a: Chansey|62/100|[from] Stealth Rock
|move|p1a: Clefable|Wish|p1a: Clefable
|
|-heal|p1a: Clefable|74/100|[from] item: Leftovers
|upkeep
|turn|65
|
|switch|p1a: Skarmory|Skarmory, F|100/100
|move|p2a: Chansey|Stealth Rock|p1a: Skarmory
|-sidestart|p1: Bhugman|move: Stealth Rock
|
|upkeep
|turn|66
|
|switch|p2a: Toxapex|Toxapex, F, shiny|100/100 par
|-damage|p2a: Toxapex|88/100 par|[from] Stealth Rock
|move|p1a: Skarmory|Defog|p2a: Toxapex
|-unboost|p2a: Toxapex|evasion|1
|-sideend|p2: testotesto321|Stealth Rock|[from] move: Defog|[of] p1a: Skarmory
|-sideend|p1: Bhugman|Stealth Rock|[from] move: Defog|[of] p1a: Skarmory
|
|upkeep
|turn|67
|
|switch|p1a: Chansey|Chansey, F|68/100
|switch|p2a: Mandibuzz|Mandibuzz, F|15/100
|
|upkeep
|turn|68
|
|switch|p2a: Chansey|Chansey, F|62/100
|switch|p1a: Rotom|Rotom-Heat|93/100
|
|upkeep
|turn|69
|
|switch|p1a: Chansey|Chansey, F|68/100
|move|p2a: Chansey|Soft-Boiled|p2a: Chansey
|-heal|p2a: Chansey|100/100
|
|upkeep
|turn|70
|
|switch|p2a: Toxapex|Toxapex, F, shiny|100/100 par
|move|p1a: Chansey|Soft-Boiled|p1a: Chansey
|-heal|p1a: Chansey|100/100
|
|upkeep
|turn|71
|
|move|p1a: Chansey|Seismic Toss|p2a: Toxapex
|-damage|p2a: Toxapex|68/100 par
|move|p2a: Toxapex|Toxic|p1a: Chansey
|-status|p1a: Chansey|tox
|
|-damage|p1a: Chansey|94/100 tox|[from] psn
|upkeep
|turn|72
|
|-curestatus|p1a: Chansey|tox|[from] ability: Natural Cure
|switch|p1a: Ferrothorn|Ferrothorn, F|100/100
|switch|p2a: Chansey|Chansey, F|100/100
|
|upkeep
|turn|73
|
|switch|p2a: Toxapex|Toxapex, F, shiny|100/100 par
|move|p1a: Ferrothorn|Knock Off|p2a: Toxapex
|-damage|p2a: Toxapex|93/100 par
|
|upkeep
|turn|74
|
|switch|p2a: Mandibuzz|Mandibuzz, F|15/100
|move|p1a: Ferrothorn|Leech Seed|p2a: Mandibuzz
|-start|p2a: Mandibuzz|move: Leech Seed
|
|-damage|p2a: Mandibuzz|3/100|[from] Leech Seed|[of] p1a: Ferrothorn
|upkeep
|turn|75
|
|move|p2a: Mandibuzz|Roost|p2a: Mandibuzz
|-heal|p2a: Mandibuzz|53/100
|-singleturn|p2a: Mandibuzz|move: Roost
|move|p1a: Ferrothorn|Body Press|p2a: Mandibuzz
|-supereffective|p2a: Mandibuzz
|-damage|p2a: Mandibuzz|18/100
|
|-damage|p2a: Mandibuzz|6/100|[from] Leech Seed|[of] p1a: Ferrothorn
|upkeep
|turn|76
|
|move|p2a: Mandibuzz|Roost|p2a: Mandibuzz
|-heal|p2a: Mandibuzz|56/100
|-singleturn|p2a: Mandibuzz|move: Roost
|move|p1a: Ferrothorn|Body Press|p2a: Mandibuzz
|-supereffective|p2a: Mandibuzz
|-damage|p2a: Mandibuzz|20/100
|
|-damage|p2a: Mandibuzz|8/100|[from] Leech Seed|[of] p1a: Ferrothorn
|upkeep
|turn|77
|
|move|p2a: Mandibuzz|Roost|p2a: Mandibuzz
|-heal|p2a: Mandibuzz|58/100
|-singleturn|p2a: Mandibuzz|move: Roost
|move|p1a: Ferrothorn|Body Press|p2a: Mandibuzz
|-supereffective|p2a: Mandibuzz
|-damage|p2a: Mandibuzz|26/100
|
|-damage|p2a: Mandibuzz|14/100|[from] Leech Seed|[of] p1a: Ferrothorn
|upkeep
|turn|78
|
|move|p2a: Mandibuzz|Roost|p2a: Mandibuzz
|-heal|p2a: Mandibuzz|64/100
|-singleturn|p2a: Mandibuzz|move: Roost
|move|p1a: Ferrothorn|Thunder Wave|p2a: Mandibuzz
|-status|p2a: Mandibuzz|par
|
|-damage|p2a: Mandibuzz|51/100 par|[from] Leech Seed|[of] p1a: Ferrothorn
|upkeep
|turn|79
|
|switch|p2a: Toxapex|Toxapex, F, shiny|100/100 par
|move|p1a: Ferrothorn|Body Press|p2a: Toxapex
|-resisted|p2a: Toxapex
|-damage|p2a: Toxapex|92/100 par
|
|upkeep
|turn|80
|
|move|p1a: Ferrothorn|Leech Seed|p2a: Toxapex
|-start|p2a: Toxapex|move: Leech Seed
|move|p2a: Toxapex|Scald|p1a: Ferrothorn
|-resisted|p1a: Ferrothorn
|-damage|p1a: Ferrothorn|93/100
|-status|p1a: Ferrothorn|brn
|
|-heal|p1a: Ferrothorn|99/100 brn|[from] item: Leftovers
|-damage|p2a: Toxapex|79/100 par|[from] Leech Seed|[of] p1a: Ferrothorn
|-heal|p1a: Ferrothorn|100/100 brn|[silent]
|-damage|p1a: Ferrothorn|94/100 brn|[from] brn
|upkeep
|turn|81
|
|switch|p2a: Mandibuzz|Mandibuzz, F|51/100 par
|move|p1a: Ferrothorn|Knock Off|p2a: Mandibuzz
|-resisted|p2a: Mandibuzz
|-damage|p2a: Mandibuzz|48/100 par
|-enditem|p2a: Mandibuzz|Heavy-Duty Boots|[from] move: Knock Off|[of] p1a: Ferrothorn
|
|-heal|p1a: Ferrothorn|100/100 brn|[from] item: Leftovers
|-damage|p1a: Ferrothorn|94/100 brn|[from] brn
|upkeep
|turn|82
|
|switch|p1a: Skarmory|Skarmory, F|100/100
|move|p2a: Mandibuzz|Roost|p2a: Mandibuzz
|-heal|p2a: Mandibuzz|98/100 par
|-singleturn|p2a: Mandibuzz|move: Roost
|
|upkeep
|turn|83
|
|move|p1a: Skarmory|Stealth Rock|p2a: Mandibuzz
|-sidestart|p2: testotesto321|move: Stealth Rock
|move|p2a: Mandibuzz|U-turn|p1a: Skarmory
|-resisted|p1a: Skarmory
|-damage|p1a: Skarmory|99/100
|
|switch|p2a: Chansey|Chansey, F|100/100|[from]move: U-turn
|-damage|p2a: Chansey|88/100|[from] Stealth Rock
|
|-heal|p1a: Skarmory|100/100|[from] item: Leftovers
|upkeep
|turn|84
|
|switch|p2a: Toxapex|Toxapex, F, shiny|100/100 par
|-damage|p2a: Toxapex|88/100 par|[from] Stealth Rock
|move|p1a: Skarmory|Body Press|p2a: Toxapex
|-resisted|p2a: Toxapex
|-damage|p2a: Toxapex|78/100 par
|
|upkeep
|turn|85
|
|switch|p1a: Clefable|Clefable, F|74/100
|switch|p2a: Alakazam|Alakazam, F|100/100
|
|-heal|p1a: Clefable|80/100|[from] item: Leftovers
|upkeep
|turn|86
|
|move|p2a: Alakazam|Psychic|p1a: Clefable
|-damage|p1a: Clefable|39/100
|move|p1a: Clefable|Calm Mind|p1a: Clefable
|-boost|p1a: Clefable|spa|1
|-boost|p1a: Clefable|spd|1
|
|-heal|p1a: Clefable|45/100|[from] item: Leftovers
|upkeep
|turn|87
|
|switch|p2a: Chansey|Chansey, F|88/100
|-damage|p2a: Chansey|76/100|[from] Stealth Rock
|switch|p1a: Chansey|Chansey, F|94/100
|
|upkeep
|turn|88
|
|move|p2a: Chansey|Toxic|p1a: Chansey
|-status|p1a: Chansey|tox
|move|p1a: Chansey|Wish|p1a: Chansey
|
|-damage|p1a: Chansey|88/100 tox|[from] psn
|upkeep
|turn|89
|
|-curestatus|p1a: Chansey|tox|[from] ability: Natural Cure
|switch|p1a: Clefable|Clefable, F|45/100
|move|p2a: Chansey|Stealth Rock|p1a: Clefable
|-sidestart|p1: Bhugman|move: Stealth Rock
|
|-heal|p1a: Clefable|100/100|[from] move: Wish|[wisher] Chansey
|upkeep
|turn|90
|
|move|p1a: Clefable|Calm Mind|p1a: Clefable
|-boost|p1a: Clefable|spa|1
|-boost|p1a: Clefable|spd|1
|move|p2a: Chansey|Toxic|p1a: Clefable
|-status|p1a: Clefable|tox
|
|-damage|p1a: Clefable|94/100 tox|[from] psn
|upkeep
|turn|91
|
|move|p1a: Clefable|Calm Mind|p1a: Clefable
|-boost|p1a: Clefable|spa|1
|-boost|p1a: Clefable|spd|1
|move|p2a: Chansey|Toxic|p1a: Clefable
|-fail|p1a: Clefable|tox
|
|-heal|p1a: Clefable|100/100 tox|[from] item: Leftovers
|-damage|p1a: Clefable|88/100 tox|[from] psn
|upkeep
|turn|92
|
|move|p1a: Clefable|Aromatherapy|p1a: Clefable
|-activate|p1a: Clefable|move: Aromatherapy
|-curestatus|p1a: Clefable|tox|[msg]
|-curestatus|p1: Ferrothorn|brn|[msg]
|move|p2a: Chansey|Seismic Toss|p1a: Clefable
|-damage|p1a: Clefable|63/100
|
|-heal|p1a: Clefable|69/100|[from] item: Leftovers
|upkeep
|turn|93
|
|switch|p1a: Ferrothorn|Ferrothorn, F|94/100
|-damage|p1a: Ferrothorn|88/100|[from] Stealth Rock
|move|p2a: Chansey|Toxic|p1a: Ferrothorn
|-immune|p1a: Ferrothorn
|
|-heal|p1a: Ferrothorn|94/100|[from] item: Leftovers
|upkeep
|turn|94
|
|switch|p2a: Toxapex|Toxapex, F, shiny|100/100 par
|-damage|p2a: Toxapex|88/100 par|[from] Stealth Rock
|switch|p1a: Rotom|Rotom-Heat|93/100
|
|upkeep
|turn|95
|
|switch|p2a: Chansey|Chansey, F|76/100
|-damage|p2a: Chansey|63/100|[from] Stealth Rock
|move|p1a: Rotom|Thunderbolt|p2a: Chansey
|-damage|p2a: Chansey|50/100
|
|upkeep
|turn|96
|
|switch|p1a: Skarmory|Skarmory, F|100/100
|-damage|p1a: Skarmory|88/100|[from] Stealth Rock
|move|p2a: Chansey|Soft-Boiled|p2a: Chansey
|-heal|p2a: Chansey|99/100
|
|-heal|p1a: Skarmory|94/100|[from] item: Leftovers
|upkeep
|turn|97
|
|switch|p2a: Alakazam|Alakazam, F|100/100
|move|p1a: Skarmory|Defog|p2a: Alakazam
|-unboost|p2a: Alakazam|evasion|1
|-sideend|p2: testotesto321|Stealth Rock|[from] move: Defog|[of] p1a: Skarmory
|-sideend|p1: Bhugman|Stealth Rock|[from] move: Defog|[of] p1a: Skarmory
|
|-heal|p1a: Skarmory|99/100|[from] item: Leftovers
|upkeep
|turn|98
|
|switch|p1a: Chansey|Chansey, F|88/100
|move|p2a: Alakazam|Psychic|p1a: Chansey
|-damage|p1a: Chansey|69/100
|
|upkeep
|turn|99
|
|move|p2a: Alakazam|Focus Blast|p1a: Chansey|[miss]
|-miss|p2a: Alakazam|p1a: Chansey
|move|p1a: Chansey|Soft-Boiled|p1a: Chansey
|-heal|p1a: Chansey|100/100
|
|upkeep
|turn|100
|
|move|p2a: Alakazam|Focus Blast|p1a: Chansey|[miss]
|-miss|p2a: Alakazam|p1a: Chansey
|move|p1a: Chansey|Wish|p1a: Chansey
|
|upkeep
|turn|101
|
|switch|p2a: Chansey|Chansey, F|99/100
|switch|p1a: Clefable|Clefable, F|69/100
|
|-heal|p1a: Clefable|100/100|[from] move: Wish|[wisher] Chansey
|upkeep
|turn|102
|
|switch|p1a: Skarmory|Skarmory, F|99/100
|move|p2a: Chansey|Stealth Rock|p1a: Skarmory
|-sidestart|p1: Bhugman|move: Stealth Rock
|
|-heal|p1a: Skarmory|100/100|[from] item: Leftovers
|upkeep
|turn|103
|
|switch|p2a: Cinderace|Cinderace, M|100/100
|move|p1a: Skarmory|Defog|p2a: Cinderace
|-unboost|p2a: Cinderace|evasion|1
|-sideend|p1: Bhugman|Stealth Rock|[from] move: Defog|[of] p1a: Skarmory
|
|upkeep
|turn|104
|
|switch|p1a: Pyukumuku|Pyukumuku, M|99/100
|move|p2a: Cinderace|U-turn|p1a: Pyukumuku
|-start|p2a: Cinderace|typechange|Bug|[from] ability: Libero
|-damage|p1a: Pyukumuku|78/100
|
|switch|p2a: Alakazam|Alakazam, F|100/100|[from]move: U-turn
|
|-heal|p1a: Pyukumuku|84/100|[from] item: Leftovers
|upkeep
|turn|105
|
|switch|p2a: Cinderace|Cinderace, M|100/100
|move|p1a: Pyukumuku|Mirror Coat||[still]
|-fail|p1a: Pyukumuku
|
|-heal|p1a: Pyukumuku|90/100|[from] item: Leftovers
|upkeep
|turn|106
|
|move|p2a: Cinderace|U-turn|p1a: Pyukumuku
|-start|p2a: Cinderace|typechange|Bug|[from] ability: Libero
|-damage|p1a: Pyukumuku|68/100
|
|switch|p2a: Toxapex|Toxapex, F, shiny|100/100 par|[from]move: U-turn
|move|p1a: Pyukumuku|Counter|p2a: Toxapex
|-damage|p2a: Toxapex|56/100 par
|
|-heal|p1a: Pyukumuku|74/100|[from] item: Leftovers
|upkeep
|turn|107
|
|switch|p2a: Mandibuzz|Mandibuzz, F|98/100 par
|switch|p1a: Skarmory|Skarmory, F|100/100
|
|upkeep
|turn|108
|
|move|p1a: Skarmory|Stealth Rock|p2a: Mandibuzz
|-sidestart|p2: testotesto321|move: Stealth Rock
|move|p2a: Mandibuzz|U-turn|p1a: Skarmory
|-resisted|p1a: Skarmory
|-damage|p1a: Skarmory|99/100
|
|switch|p2a: Toxapex|Toxapex, F, shiny|90/100 par|[from]move: U-turn
|-damage|p2a: Toxapex|77/100 par|[from] Stealth Rock
|
|-heal|p1a: Skarmory|100/100|[from] item: Leftovers
|upkeep
|turn|109
|inactive|testotesto321 has 120 seconds left.
|
|switch|p1a: Chansey|Chansey, F|100/100
|switch|p2a: Mandibuzz|Mandibuzz, F|98/100 par
|-damage|p2a: Mandibuzz|74/100 par|[from] Stealth Rock
|
|upkeep
|turn|110
|
|switch|p2a: Chansey|Chansey, F|99/100
|-damage|p2a: Chansey|88/100|[from] Stealth Rock
|move|p1a: Chansey|Seismic Toss|p2a: Chansey
|-damage|p2a: Chansey|74/100
|
|upkeep
|turn|111
|inactive|testotesto321 has 120 seconds left.
|
|move|p2a: Chansey|Stealth Rock|p1a: Chansey
|-sidestart|p1: Bhugman|move: Stealth Rock
|move|p1a: Chansey|Toxic|p2a: Chansey
|-status|p2a: Chansey|tox
|
|-damage|p2a: Chansey|67/100 tox|[from] psn
|upkeep
|turn|112
|inactive|testotesto321 has 120 seconds left.
|
|move|p1a: Chansey|Seismic Toss|p2a: Chansey
|-damage|p2a: Chansey|53/100 tox
|move|p2a: Chansey|Soft-Boiled|p2a: Chansey
|-heal|p2a: Chansey|100/100 tox
|
|-damage|p2a: Chansey|88/100 tox|[from] psn
|upkeep
|turn|113
|
|-curestatus|p2a: Chansey|tox|[from] ability: Natural Cure
|switch|p2a: Toxapex|Toxapex, F, shiny|100/100 par
|-damage|p2a: Toxapex|88/100 par|[from] Stealth Rock
|move|p1a: Chansey|Toxic||[still]
|-fail|p1a: Chansey
|
|upkeep
|turn|114
|inactive|testotesto321 has 120 seconds left.
|
|switch|p1a: Skarmory|Skarmory, F|100/100
|-damage|p1a: Skarmory|88/100|[from] Stealth Rock
|switch|p2a: Chansey|Chansey, F|88/100
|-damage|p2a: Chansey|76/100|[from] Stealth Rock
|
|-heal|p1a: Skarmory|94/100|[from] item: Leftovers
|upkeep
|turn|115
|inactive|testotesto321 has 120 seconds left.
|
|switch|p2a: Alakazam|Alakazam, F|100/100
|move|p1a: Skarmory|Defog|p2a: Alakazam
|-unboost|p2a: Alakazam|evasion|1
|-sideend|p2: testotesto321|Stealth Rock|[from] move: Defog|[of] p1a: Skarmory
|-sideend|p1: Bhugman|Stealth Rock|[from] move: Defog|[of] p1a: Skarmory
|
|-heal|p1a: Skarmory|99/100|[from] item: Leftovers
|upkeep
|turn|116
|inactive|testotesto321 has 120 seconds left.
|
|switch|p1a: Chansey|Chansey, F|100/100
|move|p2a: Alakazam|Psychic|p1a: Chansey
|-damage|p1a: Chansey|80/100
|
|upkeep
|turn|117
|inactive|testotesto321 has 120 seconds left.
|
|switch|p2a: Chansey|Chansey, F|76/100
|move|p1a: Chansey|Soft-Boiled|p1a: Chansey
|-heal|p1a: Chansey|100/100
|
|upkeep
|turn|118
|inactive|testotesto321 has 120 seconds left.
|
|move|p2a: Chansey|Stealth Rock|p1a: Chansey
|-sidestart|p1: Bhugman|move: Stealth Rock
|move|p1a: Chansey|Toxic|p2a: Chansey
|-status|p2a: Chansey|tox
|
|-damage|p2a: Chansey|70/100 tox|[from] psn
|upkeep
|turn|119
|inactive|testotesto321 has 120 seconds left.
|
|switch|p1a: Skarmory|Skarmory, F|99/100
|-damage|p1a: Skarmory|88/100|[from] Stealth Rock
|-curestatus|p2a: Chansey|tox|[from] ability: Natural Cure
|switch|p2a: Mandibuzz|Mandibuzz, F|74/100 par
|
|-heal|p1a: Skarmory|94/100|[from] item: Leftovers
|upkeep
|turn|120
|inactive|testotesto321 has 120 seconds left.
|
|move|p1a: Skarmory|Defog|p2a: Mandibuzz
|-unboost|p2a: Mandibuzz|evasion|1
|-sideend|p1: Bhugman|Stealth Rock|[from] move: Defog|[of] p1a: Skarmory
|move|p2a: Mandibuzz|U-turn|p1a: Skarmory
|-resisted|p1a: Skarmory
|-damage|p1a: Skarmory|92/100
|
|switch|p2a: Cinderace|Cinderace, M|100/100|[from]move: U-turn
|
|-heal|p1a: Skarmory|98/100|[from] item: Leftovers
|upkeep
|turn|121
|
|switch|p1a: Pyukumuku|Pyukumuku, M|74/100
|move|p2a: Cinderace|U-turn|p1a: Pyukumuku
|-start|p2a: Cinderace|typechange|Bug|[from] ability: Libero
|-damage|p1a: Pyukumuku|50/100
|inactive|testotesto321 has 120 seconds left.
|inactive|testotesto321 has 90 seconds left.
|
|switch|p2a: Alakazam|Alakazam, F|100/100|[from]move: U-turn
|
|-heal|p1a: Pyukumuku|56/100|[from] item: Leftovers
|upkeep
|turn|122
|
|switch|p1a: Chansey|Chansey, F|100/100
|move|p2a: Alakazam|Psychic|p1a: Chansey
|-damage|p1a: Chansey|81/100
|
|upkeep
|turn|123
|
|move|p2a: Alakazam|Focus Blast|p1a: Chansey|[miss]
|-miss|p2a: Alakazam|p1a: Chansey
|move|p1a: Chansey|Wish|p1a: Chansey
|
|upkeep
|turn|124
|
|switch|p1a: Pyukumuku|Pyukumuku, M|56/100
|move|p2a: Alakazam|Psychic|p1a: Pyukumuku
|-damage|p1a: Pyukumuku|0 fnt
|faint|p1a: Pyukumuku
|
|upkeep
|
|switch|p1a: Clefable|Clefable, F|100/100
|turn|125
|
|switch|p2a: Chansey|Chansey, F|70/100
|move|p1a: Clefable|Calm Mind|p1a: Clefable
|-boost|p1a: Clefable|spa|1
|-boost|p1a: Clefable|spd|1
|
|upkeep
|turn|126
|
|move|p1a: Clefable|Calm Mind|p1a: Clefable
|-boost|p1a: Clefable|spa|1
|-boost|p1a: Clefable|spd|1
|move|p2a: Chansey|Toxic|p1a: Clefable
|-status|p1a: Clefable|tox
|
|-damage|p1a: Clefable|94/100 tox|[from] psn
|upkeep
|turn|127
|
|move|p1a: Clefable|Calm Mind|p1a: Clefable
|-boost|p1a: Clefable|spa|1
|-boost|p1a: Clefable|spd|1
|move|p2a: Chansey|Stealth Rock|p1a: Clefable
|-sidestart|p1: Bhugman|move: Stealth Rock
|
|-heal|p1a: Clefable|100/100 tox|[from] item: Leftovers
|-damage|p1a: Clefable|88/100 tox|[from] psn
|upkeep
|turn|128
|
|move|p1a: Clefable|Calm Mind|p1a: Clefable
|-boost|p1a: Clefable|spa|1
|-boost|p1a: Clefable|spd|1
|move|p2a: Chansey|Seismic Toss|p1a: Clefable
|-damage|p1a: Clefable|63/100 tox
|
|-heal|p1a: Clefable|69/100 tox|[from] item: Leftovers
|-damage|p1a: Clefable|51/100 tox|[from] psn
|upkeep
|turn|129
|
|move|p1a: Clefable|Aromatherapy|p1a: Clefable
|-activate|p1a: Clefable|move: Aromatherapy
|-curestatus|p1a: Clefable|tox|[msg]
|move|p2a: Chansey|Seismic Toss|p1a: Clefable
|-damage|p1a: Clefable|25/100
|
|-heal|p1a: Clefable|31/100|[from] item: Leftovers
|upkeep
|turn|130
|
|move|p1a: Clefable|Wish|p1a: Clefable
|move|p2a: Chansey|Toxic|p1a: Clefable
|-status|p1a: Clefable|tox
|
|-heal|p1a: Clefable|38/100 tox|[from] item: Leftovers
|-damage|p1a: Clefable|31/100 tox|[from] psn
|upkeep
|turn|131
|
|move|p1a: Clefable|Aromatherapy|p1a: Clefable
|-activate|p1a: Clefable|move: Aromatherapy
|-curestatus|p1a: Clefable|tox|[msg]
|move|p2a: Chansey|Seismic Toss|p1a: Clefable
|-damage|p1a: Clefable|6/100
|
|-heal|p1a: Clefable|56/100|[from] move: Wish|[wisher] Clefable
|-heal|p1a: Clefable|62/100|[from] item: Leftovers
|upkeep
|turn|132
|
|move|p1a: Clefable|Wish|p1a: Clefable
|move|p2a: Chansey|Toxic|p1a: Clefable
|-status|p1a: Clefable|tox
|
|-heal|p1a: Clefable|68/100 tox|[from] item: Leftovers
|-damage|p1a: Clefable|62/100 tox|[from] psn
|upkeep
|turn|133
|
|move|p1a: Clefable|Aromatherapy|p1a: Clefable
|-activate|p1a: Clefable|move: Aromatherapy
|-curestatus|p1a: Clefable|tox|[msg]
|move|p2a: Chansey|Soft-Boiled|p2a: Chansey
|-heal|p2a: Chansey|100/100
|
|-heal|p1a: Clefable|100/100|[from] move: Wish|[wisher] Clefable
|upkeep
|turn|134
|
|switch|p1a: Skarmory|Skarmory, F|98/100
|-damage|p1a: Skarmory|86/100|[from] Stealth Rock
|move|p2a: Chansey|Toxic|p1a: Skarmory
|-immune|p1a: Skarmory
|
|-heal|p1a: Skarmory|92/100|[from] item: Leftovers
|upkeep
|turn|135
|
|switch|p2a: Alakazam|Alakazam, F|100/100
|move|p1a: Skarmory|Defog|p2a: Alakazam
|-unboost|p2a: Alakazam|evasion|1
|-sideend|p1: Bhugman|Stealth Rock|[from] move: Defog|[of] p1a: Skarmory
|
|-heal|p1a: Skarmory|98/100|[from] item: Leftovers
|upkeep
|turn|136
|
|switch|p2a: Cinderace|Cinderace, M|100/100
|switch|p1a: Clefable|Clefable, F|100/100
|
|upkeep
|turn|137
|
|move|p2a: Cinderace|U-turn|p1a: Clefable
|-start|p2a: Cinderace|typechange|Bug|[from] ability: Libero
|-resisted|p1a: Clefable
|-crit|p1a: Clefable
|-damage|p1a: Clefable|74/100
|
|switch|p2a: Chansey|Chansey, F|100/100|[from]move: U-turn
|move|p1a: Clefable|Thunderbolt|p2a: Chansey
|-damage|p2a: Chansey|95/100
|
|-heal|p1a: Clefable|80/100|[from] item: Leftovers
|upkeep
|turn|138
|
|switch|p1a: Ferrothorn|Ferrothorn, F|94/100
|move|p2a: Chansey|Stealth Rock|p1a: Ferrothorn
|-sidestart|p1: Bhugman|move: Stealth Rock
|
|-heal|p1a: Ferrothorn|100/100|[from] item: Leftovers
|upkeep
|turn|139
|
|switch|p2a: Toxapex|Toxapex, F, shiny|100/100 par
|move|p1a: Ferrothorn|Knock Off|p2a: Toxapex
|-damage|p2a: Toxapex|93/100 par
|
|upkeep
|turn|140
|
|switch|p2a: Mandibuzz|Mandibuzz, F|74/100 par
|move|p1a: Ferrothorn|Leech Seed|p2a: Mandibuzz
|-start|p2a: Mandibuzz|move: Leech Seed
|
|-damage|p2a: Mandibuzz|61/100 par|[from] Leech Seed|[of] p1a: Ferrothorn
|upkeep
|turn|141
|
|switch|p2a: Toxapex|Toxapex, F, shiny|100/100 par
|switch|p1a: Skarmory|Skarmory, F|98/100
|-damage|p1a: Skarmory|86/100|[from] Stealth Rock
|
|-heal|p1a: Skarmory|92/100|[from] item: Leftovers
|upkeep
|turn|142
|
|switch|p2a: Cinderace|Cinderace, M|100/100
|move|p1a: Skarmory|Defog|p2a: Cinderace
|-unboost|p2a: Cinderace|evasion|1
|-sideend|p1: Bhugman|Stealth Rock|[from] move: Defog|[of] p1a: Skarmory
|
|-heal|p1a: Skarmory|98/100|[from] item: Leftovers
|upkeep
|turn|143
|
|switch|p1a: Rotom|Rotom-Heat|93/100
|move|p2a: Cinderace|Pyro Ball|p1a: Rotom
|-resisted|p1a: Rotom
|-damage|p1a: Rotom|54/100
|
|upkeep
|turn|144
|
|move|p2a: Cinderace|Zen Headbutt|p1a: Rotom
|-start|p2a: Cinderace|typechange|Psychic|[from] ability: Libero
|-damage|p1a: Rotom|1/100
|move|p1a: Rotom|Pain Split|p2a: Cinderace
|-sethp|p2a: Cinderace|51/100|[from] move: Pain Split|[silent]
|-sethp|p1a: Rotom|63/100|[from] move: Pain Split
|
|upkeep
|turn|145
|
|move|p2a: Cinderace|U-turn|p1a: Rotom
|-start|p2a: Cinderace|typechange|Bug|[from] ability: Libero
|-resisted|p1a: Rotom
|-damage|p1a: Rotom|41/100
|
|switch|p2a: Alakazam|Alakazam, F|100/100|[from]move: U-turn
|move|p1a: Rotom|Overheat|p2a: Alakazam
|-damage|p2a: Alakazam|12/100
|-unboost|p1a: Rotom|spa|2
|
|upkeep
|turn|146
|
|move|p2a: Alakazam|Recover|p2a: Alakazam
|-heal|p2a: Alakazam|62/100
|move|p1a: Rotom|Thunderbolt|p2a: Alakazam
|-damage|p2a: Alakazam|36/100
|-status|p2a: Alakazam|par
|
|upkeep
|turn|147
|
|switch|p1a: Chansey|Chansey, F|81/100
|move|p2a: Alakazam|Psychic|p1a: Chansey
|-damage|p1a: Chansey|64/100
|
|upkeep
|turn|148
|
|move|p2a: Alakazam|Recover|p2a: Alakazam
|-heal|p2a: Alakazam|86/100 par
|move|p1a: Chansey|Soft-Boiled|p1a: Chansey
|-heal|p1a: Chansey|100/100
|
|upkeep
|turn|149
|
|switch|p2a: Chansey|Chansey, F|95/100
|move|p1a: Chansey|Wish|p1a: Chansey
|
|upkeep
|turn|150
|
|switch|p1a: Rotom|Rotom-Heat|41/100
|move|p2a: Chansey|Stealth Rock|p1a: Rotom
|-sidestart|p1: Bhugman|move: Stealth Rock
|
|-heal|p1a: Rotom|100/100|[from] move: Wish|[wisher] Chansey
|upkeep
|turn|151
|
|switch|p1a: Skarmory|Skarmory, F|98/100
|-damage|p1a: Skarmory|86/100|[from] Stealth Rock
|move|p2a: Chansey|Toxic|p1a: Skarmory
|-immune|p1a: Skarmory
|
|-heal|p1a: Skarmory|92/100|[from] item: Leftovers
|upkeep
|turn|152
|
|switch|p2a: Cinderace|Cinderace, M|51/100
|move|p1a: Skarmory|Defog|p2a: Cinderace
|-unboost|p2a: Cinderace|evasion|1
|-sideend|p1: Bhugman|Stealth Rock|[from] move: Defog|[of] p1a: Skarmory
|
|-heal|p1a: Skarmory|98/100|[from] item: Leftovers
|upkeep
|turn|153
|
|switch|p1a: Rotom|Rotom-Heat|100/100
|move|p2a: Cinderace|Pyro Ball|p1a: Rotom
|-resisted|p1a: Rotom
|-damage|p1a: Rotom|60/100
|
|upkeep
|turn|154
|
|move|p2a: Cinderace|Zen Headbutt|p1a: Rotom
|-start|p2a: Cinderace|typechange|Psychic|[from] ability: Libero
|-damage|p1a: Rotom|6/100
|move|p1a: Rotom|Thunderbolt|p2a: Cinderace
|-damage|p2a: Cinderace|0 fnt
|faint|p2a: Cinderace
|
|upkeep
|
|switch|p2a: Urshifu|Urshifu, F|100/100
|turn|155
|
|switch|p1a: Ferrothorn|Ferrothorn, F|100/100
|move|p2a: Urshifu|Wicked Blow|p1a: Ferrothorn
|-crit|p1a: Ferrothorn
|-damage|p1a: Ferrothorn|62/100
|-damage|p2a: Urshifu|88/100|[from] ability: Iron Barbs|[of] p1a: Ferrothorn
|
|-heal|p1a: Ferrothorn|68/100|[from] item: Leftovers
|upkeep
|turn|156
|
|switch|p2a: Toxapex|Toxapex, F, shiny|100/100 par
|move|p1a: Ferrothorn|Leech Seed|p2a: Toxapex
|-start|p2a: Toxapex|move: Leech Seed
|
|-heal|p1a: Ferrothorn|75/100|[from] item: Leftovers
|-damage|p2a: Toxapex|88/100 par|[from] Leech Seed|[of] p1a: Ferrothorn
|-heal|p1a: Ferrothorn|85/100|[silent]
|upkeep
|turn|157
|
|switch|p2a: Urshifu|Urshifu, F|88/100
|move|p1a: Ferrothorn|Knock Off|p2a: Urshifu
|-resisted|p2a: Urshifu
|-damage|p2a: Urshifu|83/100
|-enditem|p2a: Urshifu|Choice Scarf|[from] move: Knock Off|[of] p1a: Ferrothorn
|
|-heal|p1a: Ferrothorn|92/100|[from] item: Leftovers
|upkeep
|turn|158
|
|move|p2a: Urshifu|Close Combat|p1a: Ferrothorn
|-supereffective|p1a: Ferrothorn
|-damage|p1a: Ferrothorn|24/100
|-unboost|p2a: Urshifu|def|1
|-unboost|p2a: Urshifu|spd|1
|-damage|p2a: Urshifu|70/100|[from] ability: Iron Barbs|[of] p1a: Ferrothorn
|move|p1a: Ferrothorn|Leech Seed|p2a: Urshifu
|-start|p2a: Urshifu|move: Leech Seed
|
|-heal|p1a: Ferrothorn|30/100|[from] item: Leftovers
|-damage|p2a: Urshifu|58/100|[from] Leech Seed|[of] p1a: Ferrothorn
|-heal|p1a: Ferrothorn|42/100|[silent]
|upkeep
|turn|159
|
|switch|p2a: Alakazam|Alakazam, F|86/100 par
|switch|p1a: Skarmory|Skarmory, F|98/100
|
|-heal|p1a: Skarmory|100/100|[from] item: Leftovers
|upkeep
|turn|160
|
|switch|p2a: Urshifu|Urshifu, F|58/100
|switch|p1a: Chansey|Chansey, F|100/100
|
|upkeep
|turn|161
|
|switch|p1a: Skarmory|Skarmory, F|100/100
|move|p2a: Urshifu|Close Combat|p1a: Skarmory
|-damage|p1a: Skarmory|67/100
|-unboost|p2a: Urshifu|def|1
|-unboost|p2a: Urshifu|spd|1
|
|-heal|p1a: Skarmory|73/100|[from] item: Leftovers
|upkeep
|turn|162
|
|move|p2a: Urshifu|U-turn|p1a: Skarmory
|-resisted|p1a: Skarmory
|-damage|p1a: Skarmory|69/100
|
|switch|p2a: Alakazam|Alakazam, F|86/100 par|[from]move: U-turn
|move|p1a: Skarmory|Body Press|p2a: Alakazam
|-resisted|p2a: Alakazam
|-damage|p2a: Alakazam|46/100 par
|
|-heal|p1a: Skarmory|75/100|[from] item: Leftovers
|upkeep
|turn|163
|
|move|p2a: Alakazam|Focus Blast|p1a: Skarmory
|-damage|p1a: Skarmory|4/100
|move|p1a: Skarmory|Roost|p1a: Skarmory
|-heal|p1a: Skarmory|54/100
|-singleturn|p1a: Skarmory|move: Roost
|
|-heal|p1a: Skarmory|60/100|[from] item: Leftovers
|upkeep
|turn|164
|
|switch|p1a: Clefable|Clefable, F|80/100
|move|p2a: Alakazam|Focus Blast|p1a: Clefable|[miss]
|-miss|p2a: Alakazam|p1a: Clefable
|
|-heal|p1a: Clefable|86/100|[from] item: Leftovers
|upkeep
|turn|165
|
|move|p2a: Alakazam|Psychic|p1a: Clefable
|-damage|p1a: Clefable|45/100
|move|p1a: Clefable|Calm Mind|p1a: Clefable
|-boost|p1a: Clefable|spa|1
|-boost|p1a: Clefable|spd|1
|
|-heal|p1a: Clefable|52/100|[from] item: Leftovers
|upkeep
|turn|166
|
|switch|p2a: Chansey|Chansey, F|95/100
|switch|p1a: Chansey|Chansey, F|100/100
|
|upkeep
|turn|167
|
|switch|p2a: Mandibuzz|Mandibuzz, F|61/100 par
|move|p1a: Chansey|Wish|p1a: Chansey
|
|upkeep
|turn|168
|
|switch|p1a: Clefable|Clefable, F|52/100
|cant|p2a: Mandibuzz|par
|
|-heal|p1a: Clefable|100/100|[from] move: Wish|[wisher] Chansey
|upkeep
|turn|169
|
|move|p1a: Clefable|Thunderbolt|p2a: Mandibuzz
|-supereffective|p2a: Mandibuzz
|-damage|p2a: Mandibuzz|26/100 par
|cant|p2a: Mandibuzz|par
|
|upkeep
|turn|170
|
|switch|p2a: Chansey|Chansey, F|95/100
|move|p1a: Clefable|Thunderbolt|p2a: Chansey
|-damage|p2a: Chansey|89/100
|
|upkeep
|turn|171
|
|switch|p1a: Skarmory|Skarmory, F|60/100
|move|p2a: Chansey|Seismic Toss|p1a: Skarmory
|-damage|p1a: Skarmory|30/100
|
|-heal|p1a: Skarmory|36/100|[from] item: Leftovers
|upkeep
|turn|172
|
|move|p1a: Skarmory|Roost|p1a: Skarmory
|-heal|p1a: Skarmory|86/100
|-singleturn|p1a: Skarmory|move: Roost
|move|p2a: Chansey|Seismic Toss|p1a: Skarmory
|-damage|p1a: Skarmory|56/100
|
|-heal|p1a: Skarmory|62/100|[from] item: Leftovers
|upkeep
|turn|173
|
|switch|p2a: Mandibuzz|Mandibuzz, F|26/100 par
|move|p1a: Skarmory|Roost|p1a: Skarmory
|-heal|p1a: Skarmory|100/100
|-singleturn|p1a: Skarmory|move: Roost
|
|upkeep
|turn|174
|
|move|p1a: Skarmory|Stealth Rock|p2a: Mandibuzz
|-sidestart|p2: testotesto321|move: Stealth Rock
|cant|p2a: Mandibuzz|par
|
|upkeep
|turn|175
|
|move|p1a: Skarmory|Body Press|p2a: Mandibuzz
|-damage|p2a: Mandibuzz|7/100 par
|move|p2a: Mandibuzz|Roost|p2a: Mandibuzz
|-heal|p2a: Mandibuzz|57/100 par
|-singleturn|p2a: Mandibuzz|move: Roost
|
|upkeep
|turn|176
|
|switch|p1a: Chansey|Chansey, F|100/100
|switch|p2a: Toxapex|Toxapex, F, shiny|100/100 par
|-damage|p2a: Toxapex|88/100 par|[from] Stealth Rock
|
|upkeep
|turn|177
|
|move|p1a: Chansey|Wish|p1a: Chansey
|move|p2a: Toxapex|Toxic|p1a: Chansey
|-status|p1a: Chansey|tox
|
|-damage|p1a: Chansey|94/100 tox|[from] psn
|upkeep
|turn|178
|
|-curestatus|p1a: Chansey|tox|[from] ability: Natural Cure
|switch|p1a: Ferrothorn|Ferrothorn, F|42/100
|move|p2a: Toxapex|Scald|p1a: Ferrothorn
|-resisted|p1a: Ferrothorn
|-damage|p1a: Ferrothorn|34/100
|-status|p1a: Ferrothorn|brn
|
|-heal|p1a: Ferrothorn|100/100 brn|[from] move: Wish|[wisher] Chansey
|-damage|p1a: Ferrothorn|94/100 brn|[from] brn
|upkeep
|turn|179
|
|move|p1a: Ferrothorn|Leech Seed|p2a: Toxapex
|-start|p2a: Toxapex|move: Leech Seed
|move|p2a: Toxapex|Recover|p2a: Toxapex
|-heal|p2a: Toxapex|100/100 par
|
|-heal|p1a: Ferrothorn|100/100 brn|[from] item: Leftovers
|-damage|p2a: Toxapex|88/100 par|[from] Leech Seed|[of] p1a: Ferrothorn
|-damage|p1a: Ferrothorn|94/100 brn|[from] brn
|upkeep
|turn|180
|
|switch|p2a: Mandibuzz|Mandibuzz, F|57/100 par
|-damage|p2a: Mandibuzz|32/100 par|[from] Stealth Rock
|move|p1a: Ferrothorn|Knock Off|p2a: Mandibuzz
|-resisted|p2a: Mandibuzz
|-damage|p2a: Mandibuzz|30/100 par
|
|-heal|p1a: Ferrothorn|100/100 brn|[from] item: Leftovers
|-damage|p1a: Ferrothorn|94/100 brn|[from] brn
|upkeep
|turn|181
|
|move|p2a: Mandibuzz|Roost|p2a: Mandibuzz
|-heal|p2a: Mandibuzz|80/100 par
|-singleturn|p2a: Mandibuzz|move: Roost
|move|p1a: Ferrothorn|Body Press|p2a: Mandibuzz
|-supereffective|p2a: Mandibuzz
|-damage|p2a: Mandibuzz|63/100 par
|
|-heal|p1a: Ferrothorn|100/100 brn|[from] item: Leftovers
|-damage|p1a: Ferrothorn|94/100 brn|[from] brn
|upkeep
|turn|182
|
|switch|p1a: Clefable|Clefable, F|100/100
|cant|p2a: Mandibuzz|par
|
|upkeep
|turn|183
|
|switch|p2a: Chansey|Chansey, F|89/100
|-damage|p2a: Chansey|77/100|[from] Stealth Rock
|move|p1a: Clefable|Calm Mind|p1a: Clefable
|-boost|p1a: Clefable|spa|1
|-boost|p1a: Clefable|spd|1
|
|upkeep
|turn|184
|
|switch|p1a: Skarmory|Skarmory, F|100/100
|switch|p2a: Mandibuzz|Mandibuzz, F|63/100 par
|-damage|p2a: Mandibuzz|39/100 par|[from] Stealth Rock
|
|upkeep
|turn|185
|
|switch|p1a: Clefable|Clefable, F|100/100
|move|p2a: Mandibuzz|Roost|p2a: Mandibuzz
|-heal|p2a: Mandibuzz|89/100 par
|-singleturn|p2a: Mandibuzz|move: Roost
|
|upkeep
|turn|186
|
|move|p1a: Clefable|Calm Mind|p1a: Clefable
|-boost|p1a: Clefable|spa|1
|-boost|p1a: Clefable|spd|1
|move|p2a: Mandibuzz|Defog|p1a: Clefable
|-unboost|p1a: Clefable|evasion|1
|-sideend|p2: testotesto321|Stealth Rock|[from] move: Defog|[of] p2a: Mandibuzz
|
|upkeep
|turn|187
|
|switch|p2a: Chansey|Chansey, F|77/100
|move|p1a: Clefable|Thunderbolt|p2a: Chansey
|-damage|p2a: Chansey|68/100
|
|upkeep
|turn|188
|
|switch|p1a: Ferrothorn|Ferrothorn, F|94/100 brn
|move|p2a: Chansey|Stealth Rock|p1a: Ferrothorn
|-sidestart|p1: Bhugman|move: Stealth Rock
|
|-heal|p1a: Ferrothorn|100/100 brn|[from] item: Leftovers
|-damage|p1a: Ferrothorn|94/100 brn|[from] brn
|upkeep
|turn|189
|
|switch|p2a: Toxapex|Toxapex, F, shiny|100/100 par
|switch|p1a: Skarmory|Skarmory, F|100/100
|-damage|p1a: Skarmory|88/100|[from] Stealth Rock
|
|-heal|p1a: Skarmory|94/100|[from] item: Leftovers
|upkeep
|turn|190
|
|switch|p2a: Alakazam|Alakazam, F|46/100 par
|move|p1a: Skarmory|Defog|p2a: Alakazam
|-unboost|p2a: Alakazam|evasion|1
|-sideend|p1: Bhugman|Stealth Rock|[from] move: Defog|[of] p1a: Skarmory
|
|-heal|p1a: Skarmory|99/100|[from] item: Leftovers
|upkeep
|turn|191
|
|move|p2a: Alakazam|Recover|p2a: Alakazam
|-heal|p2a: Alakazam|96/100 par
|move|p1a: Skarmory|Body Press|p2a: Alakazam
|-resisted|p2a: Alakazam
|-damage|p2a: Alakazam|57/100 par
|
|-heal|p1a: Skarmory|100/100|[from] item: Leftovers
|upkeep
|turn|192
|
|switch|p1a: Chansey|Chansey, F|94/100
|move|p2a: Alakazam|Shadow Ball|p1a: Chansey
|-immune|p1a: Chansey
|
|upkeep
|turn|193
|
|move|p2a: Alakazam|Recover|p2a: Alakazam
|-heal|p2a: Alakazam|100/100 par
|move|p1a: Chansey|Seismic Toss|p2a: Alakazam
|-damage|p2a: Alakazam|61/100 par
|
|upkeep
|turn|194
|
|switch|p2a: Chansey|Chansey, F|68/100
|move|p1a: Chansey|Seismic Toss|p2a: Chansey
|-damage|p2a: Chansey|54/100
|
|upkeep
|turn|195
|
|move|p1a: Chansey|Toxic|p2a: Chansey
|-status|p2a: Chansey|tox
|move|p2a: Chansey|Soft-Boiled|p2a: Chansey
|-heal|p2a: Chansey|100/100 tox
|
|-damage|p2a: Chansey|94/100 tox|[from] psn
|upkeep
|turn|196
|
|switch|p1a: Skarmory|Skarmory, F|100/100
|-curestatus|p2a: Chansey|tox|[from] ability: Natural Cure
|switch|p2a: Toxapex|Toxapex, F, shiny|100/100 par
|
|upkeep
|turn|197
|
|move|p1a: Skarmory|Stealth Rock|p2a: Toxapex
|-sidestart|p2: testotesto321|move: Stealth Rock
|move|p2a: Toxapex|Scald|p1a: Skarmory
|-damage|p1a: Skarmory|78/100
|
|-heal|p1a: Skarmory|84/100|[from] item: Leftovers
|upkeep
|turn|198
|
|switch|p1a: Ferrothorn|Ferrothorn, F|94/100 brn
|cant|p2a: Toxapex|par
|
|-heal|p1a: Ferrothorn|100/100 brn|[from] item: Leftovers
|-damage|p1a: Ferrothorn|94/100 brn|[from] brn
|upkeep
|turn|199
|
|switch|p2a: Mandibuzz|Mandibuzz, F|89/100 par
|-damage|p2a: Mandibuzz|64/100 par|[from] Stealth Rock
|move|p1a: Ferrothorn|Knock Off|p2a: Mandibuzz
|-resisted|p2a: Mandibuzz
|-damage|p2a: Mandibuzz|62/100 par
|
|-heal|p1a: Ferrothorn|100/100 brn|[from] item: Leftovers
|-damage|p1a: Ferrothorn|94/100 brn|[from] brn
|upkeep
|turn|200
|
|switch|p1a: Skarmory|Skarmory, F|84/100
|move|p2a: Mandibuzz|Roost|p2a: Mandibuzz
|-heal|p2a: Mandibuzz|100/100 par
|-singleturn|p2a: Mandibuzz|move: Roost
|
|-heal|p1a: Skarmory|90/100|[from] item: Leftovers
|upkeep
|turn|201
|
|switch|p1a: Clefable|Clefable, F|100/100
|move|p2a: Mandibuzz|Defog|p1a: Clefable
|-unboost|p1a: Clefable|evasion|1
|-sideend|p2: testotesto321|Stealth Rock|[from] move: Defog|[of] p2a: Mandibuzz
|
|upkeep
|turn|202
|
|switch|p2a: Chansey|Chansey, F|94/100
|move|p1a: Clefable|Calm Mind|p1a: Clefable
|-boost|p1a: Clefable|spa|1
|-boost|p1a: Clefable|spd|1
|
|upkeep
|turn|203
|inactive|Bhugman has 120 seconds left.
|
|switch|p1a: Ferrothorn|Ferrothorn, F|94/100 brn
|move|p2a: Chansey|Toxic||[still]
|-fail|p2a: Chansey
|
|-heal|p1a: Ferrothorn|100/100 brn|[from] item: Leftovers
|-damage|p1a: Ferrothorn|94/100 brn|[from] brn
|upkeep
|turn|204
|inactive|Bhugman has 120 seconds left.
|inactive|testotesto321 has 120 seconds left.
|
|switch|p2a: Mandibuzz|Mandibuzz, F|100/100 par
|move|p1a: Ferrothorn|Knock Off|p2a: Mandibuzz
|-resisted|p2a: Mandibuzz
|-damage|p2a: Mandibuzz|98/100 par
|
|-heal|p1a: Ferrothorn|100/100 brn|[from] item: Leftovers
|-damage|p1a: Ferrothorn|94/100 brn|[from] brn
|upkeep
|turn|205
|
|switch|p2a: Alakazam|Alakazam, F|61/100 par
|switch|p1a: Skarmory|Skarmory, F|90/100
|
|-heal|p1a: Skarmory|96/100|[from] item: Leftovers
|upkeep
|turn|206
|
|switch|p1a: Chansey|Chansey, F|94/100
|move|p2a: Alakazam|Shadow Ball|p1a: Chansey
|-immune|p1a: Chansey
|
|upkeep
|turn|207
|
|switch|p2a: Toxapex|Toxapex, F, shiny|100/100 par
|switch|p1a: Clefable|Clefable, F|100/100
|
|upkeep
|turn|208
|
|move|p1a: Clefable|Thunderbolt|p2a: Toxapex
|-supereffective|p2a: Toxapex
|-damage|p2a: Toxapex|70/100 par
|move|p2a: Toxapex|Toxic|p1a: Clefable
|-status|p1a: Clefable|tox
|
|-damage|p1a: Clefable|94/100 tox|[from] psn
|upkeep
|turn|209
|inactive|testotesto321 has 90 seconds left.
|
|switch|p1a: Chansey|Chansey, F|94/100
|switch|p2a: Chansey|Chansey, F|94/100
|
|upkeep
|turn|210
|
|switch|p1a: Skarmory|Skarmory, F|96/100
|switch|p2a: Toxapex|Toxapex, F, shiny|100/100 par
|
|-heal|p1a: Skarmory|100/100|[from] item: Leftovers
|upkeep
|turn|211
|
|switch|p2a: Mandibuzz|Mandibuzz, F|98/100 par
|move|p1a: Skarmory|Stealth Rock|p2a: Mandibuzz
|-sidestart|p2: testotesto321|move: Stealth Rock
|
|upkeep
|turn|212
|
|switch|p1a: Ferrothorn|Ferrothorn, F|94/100 brn
|move|p2a: Mandibuzz|Defog|p1a: Ferrothorn
|-unboost|p1a: Ferrothorn|evasion|1
|-sideend|p2: testotesto321|Stealth Rock|[from] move: Defog|[of] p2a: Mandibuzz
|
|-heal|p1a: Ferrothorn|100/100 brn|[from] item: Leftovers
|-damage|p1a: Ferrothorn|94/100 brn|[from] brn
|upkeep
|turn|213
|
|switch|p2a: Toxapex|Toxapex, F, shiny|100/100 par
|switch|p1a: Skarmory|Skarmory, F|100/100
|
|upkeep
|turn|214
|
|switch|p2a: Mandibuzz|Mandibuzz, F|98/100 par
|move|p1a: Skarmory|Stealth Rock|p2a: Mandibuzz
|-sidestart|p2: testotesto321|move: Stealth Rock
|
|upkeep
|turn|215
|
|switch|p1a: Clefable|Clefable, F|94/100 tox
|cant|p2a: Mandibuzz|par
|
|-heal|p1a: Clefable|100/100 tox|[from] item: Leftovers
|-damage|p1a: Clefable|94/100 tox|[from] psn
|upkeep
|turn|216
|
|move|p1a: Clefable|Aromatherapy|p1a: Clefable
|-activate|p1a: Clefable|move: Aromatherapy
|-curestatus|p1a: Clefable|tox|[msg]
|-curestatus|p1: Ferrothorn|brn|[msg]
|move|p2a: Mandibuzz|Defog|p1a: Clefable
|-unboost|p1a: Clefable|evasion|1
|-sideend|p2: testotesto321|Stealth Rock|[from] move: Defog|[of] p2a: Mandibuzz
|
|-heal|p1a: Clefable|100/100|[from] item: Leftovers
|upkeep
|turn|217
|
|switch|p1a: Skarmory|Skarmory, F|100/100
|switch|p2a: Toxapex|Toxapex, F, shiny|100/100 par
|
|upkeep
|turn|218
|
|switch|p2a: Mandibuzz|Mandibuzz, F|98/100 par
|move|p1a: Skarmory|Stealth Rock|p2a: Mandibuzz
|-sidestart|p2: testotesto321|move: Stealth Rock
|
|upkeep
|turn|219
|
|switch|p1a: Ferrothorn|Ferrothorn, F|94/100
|cant|p2a: Mandibuzz|par
|
|-heal|p1a: Ferrothorn|100/100|[from] item: Leftovers
|upkeep
|turn|220
|
|switch|p1a: Skarmory|Skarmory, F|100/100
|cant|p2a: Mandibuzz|par
|
|upkeep
|turn|221
|
|switch|p1a: Ferrothorn|Ferrothorn, F|100/100
|cant|p2a: Mandibuzz|par
|
|upkeep
|turn|222
|
|switch|p1a: Skarmory|Skarmory, F|100/100
|move|p2a: Mandibuzz|Defog|p1a: Skarmory
|-unboost|p1a: Skarmory|evasion|1
|-sideend|p2: testotesto321|Stealth Rock|[from] move: Defog|[of] p2a: Mandibuzz
|
|upkeep
|turn|223
|inactive|Bhugman has 90 seconds left.
|
|move|p1a: Skarmory|Stealth Rock|p2a: Mandibuzz
|-sidestart|p2: testotesto321|move: Stealth Rock
|move|p2a: Mandibuzz|Foul Play|p1a: Skarmory
|-damage|p1a: Skarmory|86/100
|
|-heal|p1a: Skarmory|92/100|[from] item: Leftovers
|upkeep
|turn|224
|
|switch|p1a: Clefable|Clefable, F|100/100
|cant|p2a: Mandibuzz|par
|
|upkeep
|turn|225
|
|move|p1a: Clefable|Thunderbolt|p2a: Mandibuzz
|-supereffective|p2a: Mandibuzz
|-damage|p2a: Mandibuzz|66/100 par
|move|p2a: Mandibuzz|Defog|p1a: Clefable
|-unboost|p1a: Clefable|evasion|1
|-sideend|p2: testotesto321|Stealth Rock|[from] move: Defog|[of] p2a: Mandibuzz
|
|upkeep
|turn|226
|
|switch|p1a: Skarmory|Skarmory, F|92/100
|switch|p2a: Chansey|Chansey, F|94/100
|
|-heal|p1a: Skarmory|98/100|[from] item: Leftovers
|upkeep
|turn|227
|
|move|p1a: Skarmory|Stealth Rock|p2a: Chansey
|-sidestart|p2: testotesto321|move: Stealth Rock
|move|p2a: Chansey|Stealth Rock|p1a: Skarmory
|-sidestart|p1: Bhugman|move: Stealth Rock
|
|-heal|p1a: Skarmory|100/100|[from] item: Leftovers
|upkeep
|turn|228
|
|switch|p2a: Toxapex|Toxapex, F, shiny|100/100 par
|-damage|p2a: Toxapex|88/100 par|[from] Stealth Rock
|move|p1a: Skarmory|Body Press|p2a: Toxapex
|-resisted|p2a: Toxapex
|-damage|p2a: Toxapex|79/100 par
|
|upkeep
|turn|229
|inactive|Bhugman has 60 seconds left.
|
|switch|p1a: Ferrothorn|Ferrothorn, F|100/100
|-damage|p1a: Ferrothorn|94/100|[from] Stealth Rock
|move|p2a: Toxapex|Scald|p1a: Ferrothorn
|-resisted|p1a: Ferrothorn
|-damage|p1a: Ferrothorn|88/100
|
|-heal|p1a: Ferrothorn|94/100|[from] item: Leftovers
|upkeep
|turn|230
|
|move|p1a: Ferrothorn|Leech Seed|p2a: Toxapex
|-start|p2a: Toxapex|move: Leech Seed
|move|p2a: Toxapex|Scald|p1a: Ferrothorn
|-resisted|p1a: Ferrothorn
|-damage|p1a: Ferrothorn|87/100
|
|-heal|p1a: Ferrothorn|93/100|[from] item: Leftovers
|-damage|p2a: Toxapex|66/100 par|[from] Leech Seed|[of] p1a: Ferrothorn
|-heal|p1a: Ferrothorn|100/100|[silent]
|upkeep
|turn|231
|inactive|testotesto321 has 60 seconds left.
|
|move|p1a: Ferrothorn|Knock Off|p2a: Toxapex
|-damage|p2a: Toxapex|57/100 par
|cant|p2a: Toxapex|par
|
|-damage|p2a: Toxapex|45/100 par|[from] Leech Seed|[of] p1a: Ferrothorn
|upkeep
|turn|232
|inactive|testotesto321 has 60 seconds left.
|
|move|p1a: Ferrothorn|Knock Off|p2a: Toxapex
|-damage|p2a: Toxapex|36/100 par
|move|p2a: Toxapex|Recover|p2a: Toxapex
|-heal|p2a: Toxapex|86/100 par
|
|-damage|p2a: Toxapex|74/100 par|[from] Leech Seed|[of] p1a: Ferrothorn
|upkeep
|turn|233
|
|move|p1a: Ferrothorn|Knock Off|p2a: Toxapex
|-damage|p2a: Toxapex|64/100 par
|cant|p2a: Toxapex|par
|
|-damage|p2a: Toxapex|52/100 par|[from] Leech Seed|[of] p1a: Ferrothorn
|upkeep
|turn|234
|
|move|p1a: Ferrothorn|Knock Off|p2a: Toxapex
|-damage|p2a: Toxapex|43/100 par
|move|p2a: Toxapex|Recover|p2a: Toxapex
|-heal|p2a: Toxapex|93/100 par
|
|-damage|p2a: Toxapex|81/100 par|[from] Leech Seed|[of] p1a: Ferrothorn
|upkeep
|turn|235
|
|switch|p2a: Mandibuzz|Mandibuzz, F|66/100 par
|-damage|p2a: Mandibuzz|41/100 par|[from] Stealth Rock
|move|p1a: Ferrothorn|Knock Off|p2a: Mandibuzz
|-resisted|p2a: Mandibuzz
|-damage|p2a: Mandibuzz|37/100 par
|
|upkeep
|turn|236
|
|move|p2a: Mandibuzz|Roost|p2a: Mandibuzz
|-heal|p2a: Mandibuzz|87/100 par
|-singleturn|p2a: Mandibuzz|move: Roost
|move|p1a: Ferrothorn|Leech Seed|p2a: Mandibuzz
|-start|p2a: Mandibuzz|move: Leech Seed
|
|-damage|p2a: Mandibuzz|75/100 par|[from] Leech Seed|[of] p1a: Ferrothorn
|upkeep
|turn|237
|
|move|p2a: Mandibuzz|Defog|p1a: Ferrothorn
|-unboost|p1a: Ferrothorn|evasion|1
|-sideend|p1: Bhugman|Stealth Rock|[from] move: Defog|[of] p2a: Mandibuzz
|-sideend|p2: testotesto321|Stealth Rock|[from] move: Defog|[of] p2a: Mandibuzz
|move|p1a: Ferrothorn|Body Press|p2a: Mandibuzz
|-damage|p2a: Mandibuzz|56/100 par
|
|-damage|p2a: Mandibuzz|44/100 par|[from] Leech Seed|[of] p1a: Ferrothorn
|upkeep
|turn|238
|
|switch|p2a: Toxapex|Toxapex, F, shiny|100/100 par
|switch|p1a: Skarmory|Skarmory, F|100/100
|
|upkeep
|turn|239
|
|switch|p2a: Mandibuzz|Mandibuzz, F|44/100 par
|move|p1a: Skarmory|Stealth Rock|p2a: Mandibuzz
|-sidestart|p2: testotesto321|move: Stealth Rock
|
|upkeep
|turn|240
|
|switch|p1a: Clefable|Clefable, F|100/100
|cant|p2a: Mandibuzz|par
|
|upkeep
|turn|241
|
|switch|p2a: Chansey|Chansey, F|94/100
|-damage|p2a: Chansey|82/100|[from] Stealth Rock
|move|p1a: Clefable|Thunderbolt|p2a: Chansey
|-damage|p2a: Chansey|76/100
|
|upkeep
|turn|242
|
|switch|p1a: Skarmory|Skarmory, F|100/100
|move|p2a: Chansey|Stealth Rock|p1a: Skarmory
|-sidestart|p1: Bhugman|move: Stealth Rock
|
|upkeep
|turn|243
|
|switch|p2a: Toxapex|Toxapex, F, shiny|100/100 par
|-damage|p2a: Toxapex|88/100 par|[from] Stealth Rock
|move|p1a: Skarmory|Body Press|p2a: Toxapex
|-resisted|p2a: Toxapex
|-damage|p2a: Toxapex|79/100 par
|
|upkeep
|turn|244
|
|switch|p1a: Ferrothorn|Ferrothorn, F|100/100
|-damage|p1a: Ferrothorn|94/100|[from] Stealth Rock
|move|p2a: Toxapex|Scald|p1a: Ferrothorn
|-resisted|p1a: Ferrothorn
|-damage|p1a: Ferrothorn|87/100
|-status|p1a: Ferrothorn|brn
|
|-heal|p1a: Ferrothorn|93/100 brn|[from] item: Leftovers
|-damage|p1a: Ferrothorn|87/100 brn|[from] brn
|upkeep
|turn|245
|
|move|p1a: Ferrothorn|Leech Seed|p2a: Toxapex
|-start|p2a: Toxapex|move: Leech Seed
|move|p2a: Toxapex|Haze|p2a: Toxapex
|-clearallboost
|
|-heal|p1a: Ferrothorn|93/100 brn|[from] item: Leftovers
|-damage|p2a: Toxapex|66/100 par|[from] Leech Seed|[of] p1a: Ferrothorn
|-heal|p1a: Ferrothorn|100/100 brn|[silent]
|-damage|p1a: Ferrothorn|94/100 brn|[from] brn
|upkeep
|turn|246
|
|move|p1a: Ferrothorn|Thunder Wave|p2a: Toxapex
|-fail|p2a: Toxapex|par
|move|p2a: Toxapex|Scald|p1a: Ferrothorn
|-resisted|p1a: Ferrothorn
|-damage|p1a: Ferrothorn|87/100 brn
|
|-heal|p1a: Ferrothorn|93/100 brn|[from] item: Leftovers
|-damage|p2a: Toxapex|54/100 par|[from] Leech Seed|[of] p1a: Ferrothorn
|-heal|p1a: Ferrothorn|100/100 brn|[silent]
|-damage|p1a: Ferrothorn|94/100 brn|[from] brn
|upkeep
|turn|247
|inactive|testotesto321 has 30 seconds left.
|
|move|p1a: Ferrothorn|Thunder Wave|p2a: Toxapex
|-fail|p2a: Toxapex|par
|cant|p2a: Toxapex|par
|
|-heal|p1a: Ferrothorn|100/100 brn|[from] item: Leftovers
|-damage|p2a: Toxapex|41/100 par|[from] Leech Seed|[of] p1a: Ferrothorn
|-damage|p1a: Ferrothorn|94/100 brn|[from] brn
|upkeep
|turn|248
|inactive|testotesto321 has 30 seconds left.
|
|move|p1a: Ferrothorn|Thunder Wave|p2a: Toxapex
|-fail|p2a: Toxapex|par
|move|p2a: Toxapex|Recover|p2a: Toxapex
|-heal|p2a: Toxapex|91/100 par
|
|-heal|p1a: Ferrothorn|100/100 brn|[from] item: Leftovers
|-damage|p2a: Toxapex|79/100 par|[from] Leech Seed|[of] p1a: Ferrothorn
|-damage|p1a: Ferrothorn|94/100 brn|[from] brn
|upkeep
|turn|249
|inactive|testotesto321 has 30 seconds left this turn.
|inactive|Bhugman has 30 seconds left.
|inactive|testotesto321 has 20 seconds left.
|inactive|testotesto321 has 15 seconds left.
|
|move|p1a: Ferrothorn|Thunder Wave|p2a: Toxapex
|-fail|p2a: Toxapex|par
|move|p2a: Toxapex|Scald|p1a: Ferrothorn
|-resisted|p1a: Ferrothorn
|-damage|p1a: Ferrothorn|87/100 brn
|
|-heal|p1a: Ferrothorn|94/100 brn|[from] item: Leftovers
|-damage|p2a: Toxapex|66/100 par|[from] Leech Seed|[of] p1a: Ferrothorn
|-heal|p1a: Ferrothorn|100/100 brn|[silent]
|-damage|p1a: Ferrothorn|94/100 brn|[from] brn
|upkeep
|turn|250
|inactive|Bhugman has 30 seconds left this turn.
|inactive|testotesto321 has 20 seconds left this turn.
|
|switch|p2a: Mandibuzz|Mandibuzz, F|44/100 par
|-damage|p2a: Mandibuzz|19/100 par|[from] Stealth Rock
|move|p1a: Ferrothorn|Thunder Wave|p2a: Mandibuzz
|-fail|p2a: Mandibuzz|par
|
|-heal|p1a: Ferrothorn|100/100 brn|[from] item: Leftovers
|-damage|p1a: Ferrothorn|94/100 brn|[from] brn
|upkeep
|turn|251
|inactive|Bhugman has 30 seconds left this turn.
|inactive|testotesto321 has 20 seconds left this turn.
|inactive|testotesto321 has 15 seconds left.
|
|move|p2a: Mandibuzz|Roost|p2a: Mandibuzz
|-heal|p2a: Mandibuzz|69/100 par
|-singleturn|p2a: Mandibuzz|move: Roost
|move|p1a: Ferrothorn|Body Press|p2a: Mandibuzz
|-supereffective|p2a: Mandibuzz
|-damage|p2a: Mandibuzz|53/100 par
|
|-heal|p1a: Ferrothorn|100/100 brn|[from] item: Leftovers
|-damage|p1a: Ferrothorn|94/100 brn|[from] brn
|upkeep
|turn|252
|inactive|Bhugman has 30 seconds left this turn.
|inactive|testotesto321 has 20 seconds left this turn.
|
|switch|p1a: Skarmory|Skarmory, F|100/100
|-damage|p1a: Skarmory|88/100|[from] Stealth Rock
|move|p2a: Mandibuzz|Defog|p1a: Skarmory
|-unboost|p1a: Skarmory|evasion|1
|-sideend|p1: Bhugman|Stealth Rock|[from] move: Defog|[of] p2a: Mandibuzz
|-sideend|p2: testotesto321|Stealth Rock|[from] move: Defog|[of] p2a: Mandibuzz
|
|-heal|p1a: Skarmory|94/100|[from] item: Leftovers
|upkeep
|turn|253
|inactive|Bhugman has 25 seconds left this turn.
|inactive|testotesto321 has 20 seconds left this turn.
|inactive|Bhugman has 20 seconds left.
|
|move|p1a: Skarmory|Stealth Rock|p2a: Mandibuzz
|-sidestart|p2: testotesto321|move: Stealth Rock
|move|p2a: Mandibuzz|Defog|p1a: Skarmory
|-unboost|p1a: Skarmory|evasion|1
|-sideend|p2: testotesto321|Stealth Rock|[from] move: Defog|[of] p2a: Mandibuzz
|
|-heal|p1a: Skarmory|99/100|[from] item: Leftovers
|upkeep
|turn|254
|inactive|Bhugman has 25 seconds left this turn.
|inactive|testotesto321 has 25 seconds left this turn.
|inactive|testotesto321 has 20 seconds left.
|
|switch|p2a: Alakazam|Alakazam, F|61/100 par
|move|p1a: Skarmory|Stealth Rock|p2a: Alakazam
|-sidestart|p2: testotesto321|move: Stealth Rock
|
|-heal|p1a: Skarmory|100/100|[from] item: Leftovers
|upkeep
|turn|255
|inactive|Bhugman has 25 seconds left this turn.
|inactive|testotesto321 has 20 seconds left this turn.
|inactive|Bhugman has 20 seconds left.
|inactive|testotesto321 has 15 seconds left.
|
|switch|p1a: Chansey|Chansey, F|94/100
|move|p2a: Alakazam|Recover|p2a: Alakazam
|-heal|p2a: Alakazam|100/100 par
|
|upkeep
|turn|256
|inactive|Bhugman has 25 seconds left this turn.
|inactive|testotesto321 has 20 seconds left this turn.
|inactive|Bhugman has 20 seconds left.
|inactive|testotesto321 has 15 seconds left.
|inactive|testotesto321 has 10 seconds left.
|
|switch|p2a: Chansey|Chansey, F|76/100
|-damage|p2a: Chansey|64/100|[from] Stealth Rock
|switch|p1a: Clefable|Clefable, F|100/100
|
|upkeep
|turn|257
|inactive|Bhugman has 20 seconds left this turn.
|inactive|testotesto321 has 10 seconds left this turn.
|
|switch|p1a: Skarmory|Skarmory, F|100/100
|move|p2a: Chansey|Stealth Rock|p1a: Skarmory
|-sidestart|p1: Bhugman|move: Stealth Rock
|
|upkeep
|turn|258
|inactive|Bhugman has 25 seconds left this turn.
|inactive|testotesto321 has 15 seconds left this turn.
|inactive|Bhugman has 20 seconds left.
|
|switch|p1a: Ferrothorn|Ferrothorn, F|94/100 brn
|-damage|p1a: Ferrothorn|88/100 brn|[from] Stealth Rock
|switch|p2a: Toxapex|Toxapex, F, shiny|99/100 par
|-damage|p2a: Toxapex|87/100 par|[from] Stealth Rock
|
|-heal|p1a: Ferrothorn|94/100 brn|[from] item: Leftovers
|-damage|p1a: Ferrothorn|88/100 brn|[from] brn
|upkeep
|turn|259
|inactive|Bhugman has 20 seconds left this turn.
|inactive|testotesto321 has 15 seconds left this turn.
|inactive|Bhugman has 15 seconds left.
|inactive|testotesto321 has 10 seconds left.
|
|switch|p2a: Mandibuzz|Mandibuzz, F|53/100 par
|-damage|p2a: Mandibuzz|28/100 par|[from] Stealth Rock
|move|p1a: Ferrothorn|Leech Seed|p2a: Mandibuzz|[miss]
|-miss|p1a: Ferrothorn|p2a: Mandibuzz
|
|-heal|p1a: Ferrothorn|94/100 brn|[from] item: Leftovers
|-damage|p1a: Ferrothorn|88/100 brn|[from] brn
|upkeep
|turn|260
|inactive|Bhugman has 20 seconds left this turn.
|inactive|testotesto321 has 15 seconds left this turn.
|inactive|Bhugman has 15 seconds left.
|inactive|testotesto321 has 10 seconds left.
|
|switch|p1a: Skarmory|Skarmory, F|100/100
|-damage|p1a: Skarmory|88/100|[from] Stealth Rock
|move|p2a: Mandibuzz|Roost|p2a: Mandibuzz
|-heal|p2a: Mandibuzz|78/100 par
|-singleturn|p2a: Mandibuzz|move: Roost
|
|-heal|p1a: Skarmory|94/100|[from] item: Leftovers
|upkeep
|turn|261
|inactive|Bhugman has 15 seconds left this turn.
|inactive|testotesto321 has 10 seconds left this turn.
|inactive|Bhugman has 10 seconds left.
|
|switch|p1a: Clefable|Clefable, F|100/100
|-damage|p1a: Clefable|88/100|[from] Stealth Rock
|move|p2a: Mandibuzz|Defog|p1a: Clefable
|-unboost|p1a: Clefable|evasion|1
|-sideend|p1: Bhugman|Stealth Rock|[from] move: Defog|[of] p2a: Mandibuzz
|-sideend|p2: testotesto321|Stealth Rock|[from] move: Defog|[of] p2a: Mandibuzz
|
|-heal|p1a: Clefable|94/100|[from] item: Leftovers
|upkeep
|turn|262
|inactive|Bhugman has 15 seconds left this turn.
|inactive|testotesto321 has 15 seconds left this turn.
|inactive|Bhugman has 10 seconds left.
|
|switch|p1a: Skarmory|Skarmory, F|94/100
|switch|p2a: Toxapex|Toxapex, F, shiny|100/100 par
|
|-heal|p1a: Skarmory|99/100|[from] item: Leftovers
|upkeep
|turn|263
|inactive|Bhugman has 10 seconds left this turn.
|inactive|testotesto321 has 15 seconds left this turn.
|
|switch|p2a: Mandibuzz|Mandibuzz, F|78/100 par
|move|p1a: Skarmory|Stealth Rock|p2a: Mandibuzz
|-sidestart|p2: testotesto321|move: Stealth Rock
|
|-heal|p1a: Skarmory|100/100|[from] item: Leftovers
|upkeep
|turn|264
|inactive|Bhugman has 15 seconds left this turn.
|inactive|testotesto321 has 20 seconds left this turn.
|
|switch|p1a: Clefable|Clefable, F|94/100
|switch|p2a: Toxapex|Toxapex, F, shiny|100/100 par
|-damage|p2a: Toxapex|88/100 par|[from] Stealth Rock
|
|-heal|p1a: Clefable|99/100|[from] item: Leftovers
|upkeep
|turn|265
|inactive|Bhugman has 15 seconds left this turn.
|inactive|testotesto321 has 20 seconds left this turn.
|
|switch|p1a: Skarmory|Skarmory, F|100/100
|switch|p2a: Chansey|Chansey, F|64/100
|-damage|p2a: Chansey|51/100|[from] Stealth Rock
|
|upkeep
|turn|266
|inactive|Bhugman has 20 seconds left this turn.
|inactive|testotesto321 has 25 seconds left this turn.
|
|move|p1a: Skarmory|Body Press|p2a: Chansey
|-supereffective|p2a: Chansey
|-damage|p2a: Chansey|11/100
|move|p2a: Chansey|Soft-Boiled|p2a: Chansey
|-heal|p2a: Chansey|61/100
|
|upkeep
|turn|267
|inactive|Bhugman has 20 seconds left this turn.
|inactive|testotesto321 has 25 seconds left this turn.
|inactive|Bhugman has 15 seconds left.
|
|switch|p1a: Ferrothorn|Ferrothorn, F|88/100 brn
|move|p2a: Chansey|Stealth Rock|p1a: Ferrothorn
|-sidestart|p1: Bhugman|move: Stealth Rock
|
|-heal|p1a: Ferrothorn|94/100 brn|[from] item: Leftovers
|-damage|p1a: Ferrothorn|88/100 brn|[from] brn
|upkeep
|turn|268
|inactive|Bhugman has 20 seconds left this turn.
|inactive|testotesto321 has 30 seconds left this turn.
|inactive|Bhugman has 15 seconds left.
|
|switch|p2a: Toxapex|Toxapex, F, shiny|100/100 par
|-damage|p2a: Toxapex|88/100 par|[from] Stealth Rock
|switch|p1a: Skarmory|Skarmory, F|100/100
|-damage|p1a: Skarmory|88/100|[from] Stealth Rock
|
|-heal|p1a: Skarmory|94/100|[from] item: Leftovers
|upkeep
|turn|269
|inactive|Bhugman has 15 seconds left this turn.
|inactive|testotesto321 has 30 seconds left this turn.
|
|switch|p1a: Ferrothorn|Ferrothorn, F|88/100 brn
|-damage|p1a: Ferrothorn|82/100 brn|[from] Stealth Rock
|move|p2a: Toxapex|Scald|p1a: Ferrothorn
|-resisted|p1a: Ferrothorn
|-damage|p1a: Ferrothorn|74/100 brn
|
|-heal|p1a: Ferrothorn|80/100 brn|[from] item: Leftovers
|-damage|p1a: Ferrothorn|74/100 brn|[from] brn
|upkeep
|turn|270
|inactive|Bhugman has 20 seconds left this turn.
|inactive|testotesto321 has 30 seconds left this turn.
|inactive|Bhugman has 15 seconds left.
|
|switch|p2a: Mandibuzz|Mandibuzz, F|78/100 par
|-damage|p2a: Mandibuzz|53/100 par|[from] Stealth Rock
|move|p1a: Ferrothorn|Leech Seed|p2a: Mandibuzz
|-start|p2a: Mandibuzz|move: Leech Seed
|
|-heal|p1a: Ferrothorn|80/100 brn|[from] item: Leftovers
|-damage|p2a: Mandibuzz|41/100 par|[from] Leech Seed|[of] p1a: Ferrothorn
|-heal|p1a: Ferrothorn|95/100 brn|[silent]
|-damage|p1a: Ferrothorn|89/100 brn|[from] brn
|upkeep
|turn|271
|inactive|Bhugman has 15 seconds left this turn.
|inactive|testotesto321 has 30 seconds left this turn.
|
|switch|p2a: Toxapex|Toxapex, F, shiny|100/100 par
|-damage|p2a: Toxapex|88/100 par|[from] Stealth Rock
|switch|p1a: Skarmory|Skarmory, F|94/100
|-damage|p1a: Skarmory|82/100|[from] Stealth Rock
|
|-heal|p1a: Skarmory|88/100|[from] item: Leftovers
|upkeep
|turn|272
|inactive|Bhugman has 20 seconds left this turn.
|
|switch|p1a: Chansey|Chansey, F|94/100
|-damage|p1a: Chansey|82/100|[from] Stealth Rock
|move|p2a: Toxapex|Scald|p1a: Chansey
|-damage|p1a: Chansey|77/100
|
|upkeep
|turn|273
|inactive|Bhugman has 20 seconds left this turn.
|inactive|Bhugman has 15 seconds left.
|
|switch|p1a: Ferrothorn|Ferrothorn, F|89/100 brn
|-damage|p1a: Ferrothorn|83/100 brn|[from] Stealth Rock
|move|p2a: Toxapex|Toxic||[still]
|-fail|p2a: Toxapex
|
|-heal|p1a: Ferrothorn|89/100 brn|[from] item: Leftovers
|-damage|p1a: Ferrothorn|83/100 brn|[from] brn
|upkeep
|turn|274
|inactive|Bhugman has 20 seconds left this turn.
|inactive|Bhugman has 15 seconds left.
|
|move|p1a: Ferrothorn|Leech Seed|p2a: Toxapex|[miss]
|-miss|p1a: Ferrothorn|p2a: Toxapex
|cant|p2a: Toxapex|par
|
|-heal|p1a: Ferrothorn|89/100 brn|[from] item: Leftovers
|-damage|p1a: Ferrothorn|83/100 brn|[from] brn
|upkeep
|turn|275
|inactive|Bhugman has 15 seconds left this turn.
|inactive|Bhugman has 10 seconds left.
|
|switch|p1a: Chansey|Chansey, F|77/100
|-damage|p1a: Chansey|64/100|[from] Stealth Rock
|move|p2a: Toxapex|Scald|p1a: Chansey
|-damage|p1a: Chansey|60/100
|
|upkeep
|turn|276
|inactive|Bhugman has 15 seconds left this turn.
|
|move|p1a: Chansey|Soft-Boiled|p1a: Chansey
|-heal|p1a: Chansey|100/100
|move|p2a: Toxapex|Haze|p2a: Toxapex
|-clearallboost
|
|upkeep
|turn|277
|inactive|Bhugman has 15 seconds left this turn.
|inactive|Bhugman has 10 seconds left.
|
|move|p1a: Chansey|Seismic Toss|p2a: Toxapex
|-damage|p2a: Toxapex|55/100 par
|move|p2a: Toxapex|Haze|p2a: Toxapex
|-clearallboost
|
|upkeep
|turn|278
|inactive|Bhugman has 15 seconds left this turn.
|inactive|Bhugman has 10 seconds left.
|
|move|p1a: Chansey|Seismic Toss|p2a: Toxapex
|-damage|p2a: Toxapex|22/100 par
|move|p2a: Toxapex|Recover|p2a: Toxapex
|-heal|p2a: Toxapex|72/100 par
|
|upkeep
|turn|279
|inactive|Bhugman has 10 seconds left this turn.
|
|move|p1a: Chansey|Seismic Toss|p2a: Toxapex
|-damage|p2a: Toxapex|39/100 par
|move|p2a: Toxapex|Haze|p2a: Toxapex
|-clearallboost
|
|upkeep
|turn|280
|inactive|Bhugman has 15 seconds left this turn.
|
|switch|p2a: Chansey|Chansey, F|61/100
|-damage|p2a: Chansey|48/100|[from] Stealth Rock
|move|p1a: Chansey|Seismic Toss|p2a: Chansey
|-damage|p2a: Chansey|34/100
|
|upkeep
|turn|281
|inactive|Bhugman has 15 seconds left this turn.
|
|move|p1a: Chansey|Seismic Toss|p2a: Chansey
|-damage|p2a: Chansey|20/100
|move|p2a: Chansey|Soft-Boiled|p2a: Chansey
|-heal|p2a: Chansey|70/100
|
|upkeep
|turn|282
|inactive|Bhugman has 20 seconds left this turn.
|
|switch|p1a: Skarmory|Skarmory, F|88/100
|-damage|p1a: Skarmory|76/100|[from] Stealth Rock
|move|p2a: Chansey|Seismic Toss|p1a: Skarmory
|-damage|p1a: Skarmory|46/100
|
|-heal|p1a: Skarmory|52/100|[from] item: Leftovers
|upkeep
|turn|283
|inactive|Bhugman has 20 seconds left this turn.
|inactive|Bhugman has 15 seconds left.
|
|switch|p2a: Toxapex|Toxapex, F, shiny|73/100 par
|-damage|p2a: Toxapex|60/100 par|[from] Stealth Rock
|move|p1a: Skarmory|Roost|p1a: Skarmory
|-heal|p1a: Skarmory|100/100
|-singleturn|p1a: Skarmory|move: Roost
|
|upkeep
|turn|284
|inactive|Bhugman has 20 seconds left this turn.
|inactive|Bhugman has 15 seconds left.
|
|switch|p1a: Chansey|Chansey, F|100/100
|-damage|p1a: Chansey|88/100|[from] Stealth Rock
|switch|p2a: Mandibuzz|Mandibuzz, F|41/100 par
|-damage|p2a: Mandibuzz|16/100 par|[from] Stealth Rock
|
|upkeep
|turn|285
|inactive|Bhugman has 15 seconds left this turn.
|
|move|p1a: Chansey|Seismic Toss|p2a: Mandibuzz
|-damage|p2a: Mandibuzz|0 fnt
|faint|p2a: Mandibuzz
|
|upkeep
|inactive|Bhugman has 20 seconds left this turn.
|
|switch|p2a: Toxapex|Toxapex, F, shiny|93/100 par
|-damage|p2a: Toxapex|81/100 par|[from] Stealth Rock
|turn|286
|inactive|Bhugman has 20 seconds left this turn.
|inactive|Bhugman has 15 seconds left.
|
|switch|p1a: Skarmory|Skarmory, F|100/100
|-damage|p1a: Skarmory|88/100|[from] Stealth Rock
|switch|p2a: Chansey|Chansey, F|70/100
|-damage|p2a: Chansey|58/100|[from] Stealth Rock
|
|-heal|p1a: Skarmory|94/100|[from] item: Leftovers
|upkeep
|turn|287
|inactive|Bhugman has 20 seconds left this turn.
|inactive|Bhugman has 15 seconds left.
|
|switch|p2a: Toxapex|Toxapex, F, shiny|100/100 par
|-damage|p2a: Toxapex|88/100 par|[from] Stealth Rock
|move|p1a: Skarmory|Defog|p2a: Toxapex
|-unboost|p2a: Toxapex|evasion|1
|-sideend|p2: testotesto321|Stealth Rock|[from] move: Defog|[of] p1a: Skarmory
|-sideend|p1: Bhugman|Stealth Rock|[from] move: Defog|[of] p1a: Skarmory
|
|-heal|p1a: Skarmory|99/100|[from] item: Leftovers
|upkeep
|turn|288
|inactive|Bhugman has 15 seconds left this turn.
|
|move|p1a: Skarmory|Stealth Rock|p2a: Toxapex
|-sidestart|p2: testotesto321|move: Stealth Rock
|move|p2a: Toxapex|Scald|p1a: Skarmory
|-damage|p1a: Skarmory|77/100
|-status|p1a: Skarmory|brn
|
|-heal|p1a: Skarmory|83/100 brn|[from] item: Leftovers
|-damage|p1a: Skarmory|77/100 brn|[from] brn
|upkeep
|turn|289
|inactive|Bhugman has 20 seconds left this turn.
|inactive|Bhugman has 15 seconds left.
|inactive|Bhugman has 10 seconds left.
|
|switch|p1a: Ferrothorn|Ferrothorn, F|83/100 brn
|switch|p2a: Chansey|Chansey, F|58/100
|-damage|p2a: Chansey|45/100|[from] Stealth Rock
|
|-heal|p1a: Ferrothorn|89/100 brn|[from] item: Leftovers
|-damage|p1a: Ferrothorn|83/100 brn|[from] brn
|upkeep
|turn|290
|inactive|Bhugman has 10 seconds left this turn.
|
|move|p2a: Chansey|Soft-Boiled|p2a: Chansey
|-heal|p2a: Chansey|95/100
|move|p1a: Ferrothorn|Knock Off|p2a: Chansey
|-damage|p2a: Chansey|89/100
|-enditem|p2a: Chansey|Eviolite|[from] move: Knock Off|[of] p1a: Ferrothorn
|
|-heal|p1a: Ferrothorn|89/100 brn|[from] item: Leftovers
|-damage|p1a: Ferrothorn|83/100 brn|[from] brn
|upkeep
|turn|291
|inactive|Bhugman has 15 seconds left this turn.
|
|move|p2a: Chansey|Stealth Rock|p1a: Ferrothorn
|-sidestart|p1: Bhugman|move: Stealth Rock
|move|p1a: Ferrothorn|Body Press|p2a: Chansey
|-supereffective|p2a: Chansey
|-damage|p2a: Chansey|58/100
|
|-heal|p1a: Ferrothorn|89/100 brn|[from] item: Leftovers
|-damage|p1a: Ferrothorn|83/100 brn|[from] brn
|upkeep
|turn|292
|inactive|Bhugman has 15 seconds left this turn.
|
|switch|p2a: Toxapex|Toxapex, F, shiny|100/100 par
|-damage|p2a: Toxapex|88/100 par|[from] Stealth Rock
|move|p1a: Ferrothorn|Body Press|p2a: Toxapex
|-resisted|p2a: Toxapex
|-damage|p2a: Toxapex|84/100 par
|
|-heal|p1a: Ferrothorn|89/100 brn|[from] item: Leftovers
|-damage|p1a: Ferrothorn|83/100 brn|[from] brn
|upkeep
|turn|293
|inactive|Bhugman has 20 seconds left this turn.
|
|move|p1a: Ferrothorn|Leech Seed|p2a: Toxapex
|-start|p2a: Toxapex|move: Leech Seed
|move|p2a: Toxapex|Scald|p1a: Ferrothorn
|-resisted|p1a: Ferrothorn
|-damage|p1a: Ferrothorn|75/100 brn
|
|-heal|p1a: Ferrothorn|81/100 brn|[from] item: Leftovers
|-damage|p2a: Toxapex|71/100 par|[from] Leech Seed|[of] p1a: Ferrothorn
|-heal|p1a: Ferrothorn|92/100 brn|[silent]
|-damage|p1a: Ferrothorn|86/100 brn|[from] brn
|upkeep
|turn|294
|inactive|Bhugman has 20 seconds left this turn.
|
|switch|p2a: Chansey|Chansey, F|58/100
|-damage|p2a: Chansey|45/100|[from] Stealth Rock
|move|p1a: Ferrothorn|Knock Off|p2a: Chansey
|-damage|p2a: Chansey|39/100
|
|-heal|p1a: Ferrothorn|92/100 brn|[from] item: Leftovers
|-damage|p1a: Ferrothorn|86/100 brn|[from] brn
|upkeep
|turn|295
|inactive|Bhugman has 25 seconds left this turn.
|
|move|p2a: Chansey|Soft-Boiled|p2a: Chansey
|-heal|p2a: Chansey|89/100
|move|p1a: Ferrothorn|Knock Off|p2a: Chansey
|-damage|p2a: Chansey|82/100
|
|-heal|p1a: Ferrothorn|92/100 brn|[from] item: Leftovers
|-damage|p1a: Ferrothorn|86/100 brn|[from] brn
|upkeep
|turn|296
|inactive|Bhugman has 25 seconds left this turn.
|
|move|p2a: Chansey|Seismic Toss|p1a: Ferrothorn
|-damage|p1a: Ferrothorn|58/100 brn
|-damage|p2a: Chansey|70/100|[from] ability: Iron Barbs|[of] p1a: Ferrothorn
|move|p1a: Ferrothorn|Knock Off|p2a: Chansey
|-damage|p2a: Chansey|63/100
|
|-heal|p1a: Ferrothorn|64/100 brn|[from] item: Leftovers
|-damage|p1a: Ferrothorn|58/100 brn|[from] brn
|upkeep
|turn|297
|inactive|Bhugman has 30 seconds left this turn.
|
|switch|p2a: Toxapex|Toxapex, F, shiny|100/100 par
|-damage|p2a: Toxapex|88/100 par|[from] Stealth Rock
|move|p1a: Ferrothorn|Leech Seed|p2a: Toxapex
|-start|p2a: Toxapex|move: Leech Seed
|
|-heal|p1a: Ferrothorn|64/100 brn|[from] item: Leftovers
|-damage|p2a: Toxapex|75/100 par|[from] Leech Seed|[of] p1a: Ferrothorn
|-heal|p1a: Ferrothorn|75/100 brn|[silent]
|-damage|p1a: Ferrothorn|68/100 brn|[from] brn
|upkeep
|turn|298
|inactive|Bhugman has 30 seconds left this turn.
|
|switch|p2a: Chansey|Chansey, F|63/100
|-damage|p2a: Chansey|51/100|[from] Stealth Rock
|move|p1a: Ferrothorn|Knock Off|p2a: Chansey
|-damage|p2a: Chansey|44/100
|
|-heal|p1a: Ferrothorn|75/100 brn|[from] item: Leftovers
|-damage|p1a: Ferrothorn|68/100 brn|[from] brn
|upkeep
|turn|299
|inactive|Bhugman has 30 seconds left this turn.
|
|move|p2a: Chansey|Soft-Boiled|p2a: Chansey
|-heal|p2a: Chansey|94/100
|move|p1a: Ferrothorn|Body Press|p2a: Chansey
|-supereffective|p2a: Chansey
|-damage|p2a: Chansey|67/100
|
|-heal|p1a: Ferrothorn|75/100 brn|[from] item: Leftovers
|-damage|p1a: Ferrothorn|68/100 brn|[from] brn
|upkeep
|turn|300
|inactive|Bhugman has 30 seconds left this turn.
|
|switch|p2a: Toxapex|Toxapex, F, shiny|100/100 par
|-damage|p2a: Toxapex|88/100 par|[from] Stealth Rock
|move|p1a: Ferrothorn|Thunder Wave|p2a: Toxapex
|-fail|p2a: Toxapex|par
|
|-heal|p1a: Ferrothorn|75/100 brn|[from] item: Leftovers
|-damage|p1a: Ferrothorn|68/100 brn|[from] brn
|upkeep
|turn|301
|
|switch|p1a: Chansey|Chansey, F|88/100
|-damage|p1a: Chansey|76/100|[from] Stealth Rock
|move|p2a: Toxapex|Haze|p2a: Toxapex
|-clearallboost
|
|upkeep
|turn|302
|inactive|Bhugman has 30 seconds left.
|
|move|p1a: Chansey|Seismic Toss|p2a: Toxapex
|-damage|p2a: Toxapex|55/100 par
|move|p2a: Toxapex|Toxic|p1a: Chansey
|-status|p1a: Chansey|tox
|
|-damage|p1a: Chansey|70/100 tox|[from] psn
|upkeep
|turn|303
|inactive|Bhugman has 30 seconds left.
|
|switch|p2a: Chansey|Chansey, F|67/100
|-damage|p2a: Chansey|54/100|[from] Stealth Rock
|move|p1a: Chansey|Soft-Boiled|p1a: Chansey
|-heal|p1a: Chansey|100/100 tox
|
|-damage|p1a: Chansey|88/100 tox|[from] psn
|upkeep
|turn|304
|inactive|Bhugman has 30 seconds left this turn.
|inactive|Bhugman has 20 seconds left.
|
|-curestatus|p1a: Chansey|tox|[from] ability: Natural Cure
|switch|p1a: Clefable|Clefable, F|99/100
|-damage|p1a: Clefable|88/100|[from] Stealth Rock
|move|p2a: Chansey|Soft-Boiled|p2a: Chansey
|-heal|p2a: Chansey|100/100
|
|-heal|p1a: Clefable|94/100|[from] item: Leftovers
|upkeep
|turn|305
|inactive|Bhugman has 25 seconds left this turn.
|inactive|Bhugman has 20 seconds left.
|
|switch|p1a: Skarmory|Skarmory, F|77/100 brn
|-damage|p1a: Skarmory|64/100 brn|[from] Stealth Rock
|move|p2a: Chansey|Toxic||[still]
|-fail|p2a: Chansey
|
|-heal|p1a: Skarmory|70/100 brn|[from] item: Leftovers
|-damage|p1a: Skarmory|64/100 brn|[from] brn
|upkeep
|turn|306
|inactive|Bhugman has 20 seconds left this turn.
|inactive|Bhugman has 15 seconds left.
|
|switch|p2a: Toxapex|Toxapex, F, shiny|88/100 par
|-damage|p2a: Toxapex|76/100 par|[from] Stealth Rock
|move|p1a: Skarmory|Roost|p1a: Skarmory
|-heal|p1a: Skarmory|100/100 brn
|-singleturn|p1a: Skarmory|move: Roost
|
|-damage|p1a: Skarmory|95/100 brn|[from] brn
|upkeep
|turn|307
|inactive|Bhugman has 20 seconds left this turn.
|
|move|p1a: Skarmory|Defog|p2a: Toxapex
|-unboost|p2a: Toxapex|evasion|1
|-sideend|p2: testotesto321|Stealth Rock|[from] move: Defog|[of] p1a: Skarmory
|-sideend|p1: Bhugman|Stealth Rock|[from] move: Defog|[of] p1a: Skarmory
|move|p2a: Toxapex|Scald|p1a: Skarmory
|-damage|p1a: Skarmory|70/100 brn
|
|-heal|p1a: Skarmory|76/100 brn|[from] item: Leftovers
|-damage|p1a: Skarmory|70/100 brn|[from] brn
|upkeep
|turn|308
|inactive|Bhugman has 20 seconds left this turn.
|inactive|Bhugman has 15 seconds left.
|
|switch|p2a: Chansey|Chansey, F|100/100
|move|p1a: Skarmory|Stealth Rock|p2a: Chansey
|-sidestart|p2: testotesto321|move: Stealth Rock
|
|-heal|p1a: Skarmory|76/100 brn|[from] item: Leftovers
|-damage|p1a: Skarmory|70/100 brn|[from] brn
|upkeep
|turn|309
|inactive|Bhugman has 20 seconds left this turn.
|
|move|p1a: Skarmory|Body Press|p2a: Chansey
|-supereffective|p2a: Chansey
|-damage|p2a: Chansey|71/100
|move|p2a: Chansey|Stealth Rock|p1a: Skarmory
|-sidestart|p1: Bhugman|move: Stealth Rock
|
|-heal|p1a: Skarmory|76/100 brn|[from] item: Leftovers
|-damage|p1a: Skarmory|70/100 brn|[from] brn
|upkeep
|turn|310
|inactive|Bhugman has 20 seconds left this turn.
|inactive|Bhugman has 15 seconds left.
|
|switch|p2a: Toxapex|Toxapex, F, shiny|100/100 par
|-damage|p2a: Toxapex|88/100 par|[from] Stealth Rock
|move|p1a: Skarmory|Defog|p2a: Toxapex
|-unboost|p2a: Toxapex|evasion|1
|-sideend|p2: testotesto321|Stealth Rock|[from] move: Defog|[of] p1a: Skarmory
|-sideend|p1: Bhugman|Stealth Rock|[from] move: Defog|[of] p1a: Skarmory
|
|-heal|p1a: Skarmory|76/100 brn|[from] item: Leftovers
|-damage|p1a: Skarmory|70/100 brn|[from] brn
|upkeep
|turn|311
|inactive|Bhugman has 20 seconds left this turn.
|
|switch|p2a: Urshifu|Urshifu, F|58/100
|move|p1a: Skarmory|Stealth Rock|p2a: Urshifu
|-sidestart|p2: testotesto321|move: Stealth Rock
|
|-heal|p1a: Skarmory|76/100 brn|[from] item: Leftovers
|-damage|p1a: Skarmory|70/100 brn|[from] brn
|upkeep
|turn|312
|inactive|Bhugman has 20 seconds left this turn.
|inactive|Bhugman has 15 seconds left.
|inactive|Bhugman has 10 seconds left.
|
|move|p2a: Urshifu|Wicked Blow|p1a: Skarmory
|-crit|p1a: Skarmory
|-damage|p1a: Skarmory|32/100 brn
|move|p1a: Skarmory|Body Press|p2a: Urshifu
|-supereffective|p2a: Urshifu
|-damage|p2a: Urshifu|27/100
|
|-heal|p1a: Skarmory|38/100 brn|[from] item: Leftovers
|-damage|p1a: Skarmory|32/100 brn|[from] brn
|upkeep
|turn|313
|inactive|Bhugman has 15 seconds left this turn.
|
|switch|p1a: Ferrothorn|Ferrothorn, F|68/100 brn
|move|p2a: Urshifu|Wicked Blow|p1a: Ferrothorn
|-crit|p1a: Ferrothorn
|-damage|p1a: Ferrothorn|29/100 brn
|-damage|p2a: Urshifu|15/100|[from] ability: Iron Barbs|[of] p1a: Ferrothorn
|
|-heal|p1a: Ferrothorn|35/100 brn|[from] item: Leftovers
|-damage|p1a: Ferrothorn|29/100 brn|[from] brn
|upkeep
|turn|314
|inactive|Bhugman has 15 seconds left this turn.
|inactive|Bhugman has 10 seconds left.
|
|switch|p1a: Rotom|Rotom-Heat|6/100
|move|p2a: Urshifu|Wicked Blow|p1a: Rotom
|-crit|p1a: Rotom
|-damage|p1a: Rotom|0 fnt
|faint|p1a: Rotom
|
|upkeep
|inactive|Bhugman has 15 seconds left this turn.
|
|switch|p1a: Clefable|Clefable, F|94/100
|turn|315
|inactive|Bhugman has 15 seconds left this turn.
|
|switch|p2a: Chansey|Chansey, F|71/100
|-damage|p2a: Chansey|58/100|[from] Stealth Rock
|move|p1a: Clefable|Thunderbolt|p2a: Chansey
|-damage|p2a: Chansey|49/100
|
|-heal|p1a: Clefable|99/100|[from] item: Leftovers
|upkeep
|turn|316
|inactive|Bhugman has 20 seconds left this turn.
|inactive|Bhugman has 15 seconds left.
|
|move|p1a: Clefable|Wish|p1a: Clefable
|move|p2a: Chansey|Toxic|p1a: Clefable
|-status|p1a: Clefable|tox
|
|-heal|p1a: Clefable|100/100 tox|[from] item: Leftovers
|-damage|p1a: Clefable|94/100 tox|[from] psn
|upkeep
|turn|317
|inactive|Bhugman has 15 seconds left this turn.
|
|switch|p1a: Ferrothorn|Ferrothorn, F|29/100 brn
|move|p2a: Chansey|Stealth Rock|p1a: Ferrothorn
|-sidestart|p1: Bhugman|move: Stealth Rock
|
|-heal|p1a: Ferrothorn|85/100 brn|[from] move: Wish|[wisher] Clefable
|-heal|p1a: Ferrothorn|91/100 brn|[from] item: Leftovers
|-damage|p1a: Ferrothorn|85/100 brn|[from] brn
|upkeep
|turn|318
|inactive|Bhugman has 20 seconds left this turn.
|inactive|Bhugman has 15 seconds left.
|
|switch|p1a: Chansey|Chansey, F|88/100
|-damage|p1a: Chansey|76/100|[from] Stealth Rock
|move|p2a: Chansey|Soft-Boiled|p2a: Chansey
|-heal|p2a: Chansey|99/100
|
|upkeep
|turn|319
|inactive|Bhugman has 15 seconds left this turn.
|inactive|Bhugman has 10 seconds left.
|
|switch|p2a: Toxapex|Toxapex, F, shiny|100/100 par
|-damage|p2a: Toxapex|88/100 par|[from] Stealth Rock
|move|p1a: Chansey|Wish|p1a: Chansey
|
|upkeep
|turn|320
|inactive|Bhugman has 15 seconds left this turn.
|
|switch|p1a: Skarmory|Skarmory, F|32/100 brn
|-damage|p1a: Skarmory|20/100 brn|[from] Stealth Rock
|cant|p2a: Toxapex|par
|
|-heal|p1a: Skarmory|100/100 brn|[from] move: Wish|[wisher] Chansey
|-damage|p1a: Skarmory|95/100 brn|[from] brn
|upkeep
|turn|321
|inactive|Bhugman has 15 seconds left this turn.
|
|move|p1a: Skarmory|Defog|p2a: Toxapex
|-unboost|p2a: Toxapex|evasion|1
|-sideend|p2: testotesto321|Stealth Rock|[from] move: Defog|[of] p1a: Skarmory
|-sideend|p1: Bhugman|Stealth Rock|[from] move: Defog|[of] p1a: Skarmory
|move|p2a: Toxapex|Scald|p1a: Skarmory
|-damage|p1a: Skarmory|71/100 brn
|
|-heal|p1a: Skarmory|77/100 brn|[from] item: Leftovers
|-damage|p1a: Skarmory|71/100 brn|[from] brn
|upkeep
|turn|322
|inactive|Bhugman has 20 seconds left this turn.
|inactive|Bhugman has 15 seconds left.
|
|move|p1a: Skarmory|Stealth Rock|p2a: Toxapex
|-sidestart|p2: testotesto321|move: Stealth Rock
|move|p2a: Toxapex|Haze|p2a: Toxapex
|-clearallboost
|
|-heal|p1a: Skarmory|77/100 brn|[from] item: Leftovers
|-damage|p1a: Skarmory|71/100 brn|[from] brn
|upkeep
|turn|323
|inactive|Bhugman has 15 seconds left this turn.
|inactive|Bhugman has 10 seconds left.
|
|switch|p1a: Clefable|Clefable, F|94/100 tox
|move|p2a: Toxapex|Haze|p2a: Toxapex
|-clearallboost
|
|-heal|p1a: Clefable|100/100 tox|[from] item: Leftovers
|-damage|p1a: Clefable|94/100 tox|[from] psn
|upkeep
|turn|324
|inactive|Bhugman has 15 seconds left this turn.
|
|move|p1a: Clefable|Aromatherapy|p1a: Clefable
|-activate|p1a: Clefable|move: Aromatherapy
|-curestatus|p1a: Clefable|tox|[msg]
|-curestatus|p1: Ferrothorn|brn|[msg]
|-curestatus|p1: Skarmory|brn|[msg]
|move|p2a: Toxapex|Haze|p2a: Toxapex
|-clearallboost
|
|-heal|p1a: Clefable|100/100|[from] item: Leftovers
|upkeep
|turn|325
|inactive|Bhugman has 15 seconds left this turn.
|inactive|Bhugman has 10 seconds left.
|
|switch|p1a: Ferrothorn|Ferrothorn, F|85/100
|cant|p2a: Toxapex|par
|
|-heal|p1a: Ferrothorn|91/100|[from] item: Leftovers
|upkeep
|turn|326
|inactive|Bhugman has 15 seconds left this turn.
|
|move|p1a: Ferrothorn|Knock Off|p2a: Toxapex
|-damage|p2a: Toxapex|80/100 par
|cant|p2a: Toxapex|par
|
|-heal|p1a: Ferrothorn|98/100|[from] item: Leftovers
|upkeep
|turn|327
|inactive|Bhugman has 15 seconds left this turn.
|
|move|p1a: Ferrothorn|Thunder Wave|p2a: Toxapex
|-fail|p2a: Toxapex|par
|cant|p2a: Toxapex|par
|
|-heal|p1a: Ferrothorn|100/100|[from] item: Leftovers
|upkeep
|turn|328
|inactive|Bhugman has 20 seconds left this turn.
|inactive|Bhugman has 15 seconds left.
|
|switch|p1a: Skarmory|Skarmory, F|71/100
|move|p2a: Toxapex|Scald|p1a: Skarmory
|-damage|p1a: Skarmory|49/100
|
|-heal|p1a: Skarmory|55/100|[from] item: Leftovers
|upkeep
|turn|329
|inactive|Bhugman has 15 seconds left this turn.
|
|move|p1a: Skarmory|Roost|p1a: Skarmory
|-heal|p1a: Skarmory|100/100
|-singleturn|p1a: Skarmory|move: Roost
|move|p2a: Toxapex|Scald|p1a: Skarmory
|-damage|p1a: Skarmory|79/100
|
|-heal|p1a: Skarmory|85/100|[from] item: Leftovers
|upkeep
|turn|330
|inactive|Bhugman has 20 seconds left this turn.
|inactive|Bhugman has 15 seconds left.
|
|switch|p1a: Chansey|Chansey, F|76/100
|move|p2a: Toxapex|Haze|p2a: Toxapex
|-clearallboost
|
|upkeep
|turn|331
|inactive|Bhugman has 15 seconds left this turn.
|inactive|Bhugman has 10 seconds left.
|
|move|p1a: Chansey|Seismic Toss|p2a: Toxapex
|-damage|p2a: Toxapex|47/100 par
|move|p2a: Toxapex|Toxic|p1a: Chansey
|-status|p1a: Chansey|tox
|
|-damage|p1a: Chansey|70/100 tox|[from] psn
|upkeep
|turn|332
|inactive|Bhugman has 15 seconds left this turn.
|inactive|testotesto321 has 60 seconds left.
|
|-curestatus|p1a: Chansey|tox|[from] ability: Natural Cure
|switch|p1a: Skarmory|Skarmory, F|85/100
|switch|p2a: Alakazam|Alakazam, F|100/100 par
|
|-heal|p1a: Skarmory|91/100|[from] item: Leftovers
|upkeep
|turn|333
|inactive|Bhugman has 15 seconds left this turn.
|inactive|Bhugman has 10 seconds left.
|
|switch|p1a: Chansey|Chansey, F|70/100
|move|p2a: Alakazam|Focus Blast|p1a: Chansey|[miss]
|-miss|p2a: Alakazam|p1a: Chansey
|
|upkeep
|turn|334
|inactive|Bhugman has 15 seconds left this turn.
|inactive|Bhugman has 10 seconds left.
|inactive|testotesto321 has 60 seconds left.
|
|move|p2a: Alakazam|Recover||[still]
|-fail|p2a: Alakazam|heal
|move|p1a: Chansey|Soft-Boiled|p1a: Chansey
|-heal|p1a: Chansey|100/100
|
|upkeep
|turn|335
|inactive|Bhugman has 10 seconds left this turn.
|
|move|p2a: Alakazam|Shadow Ball|p1a: Chansey
|-immune|p1a: Chansey
|move|p1a: Chansey|Seismic Toss|p2a: Alakazam
|-damage|p2a: Alakazam|61/100 par
|
|upkeep
|turn|336
|inactive|Bhugman has 15 seconds left this turn.
|
|move|p2a: Alakazam|Recover|p2a: Alakazam
|-heal|p2a: Alakazam|100/100 par
|move|p1a: Chansey|Seismic Toss|p2a: Alakazam
|-damage|p2a: Alakazam|61/100 par
|
|upkeep
|turn|337
|inactive|Bhugman has 15 seconds left this turn.
|
|cant|p2a: Alakazam|par
|move|p1a: Chansey|Seismic Toss|p2a: Alakazam
|-damage|p2a: Alakazam|21/100 par
|
|upkeep
|turn|338
|inactive|Bhugman has 20 seconds left this turn.
|
|cant|p2a: Alakazam|par
|move|p1a: Chansey|Seismic Toss|p2a: Alakazam
|-damage|p2a: Alakazam|0 fnt
|faint|p2a: Alakazam
|
|upkeep
|inactive|Bhugman has 20 seconds left this turn.
|-message|testotesto321 forfeited.
|
|win|Bhugman
|inactive|Bhugman has 20 seconds left this turn.
|l|☆testotesto321
