|j|‽i know im horrible
|j|‽mentalsoft
|t:|1623743480
|gametype|singles
|player|p1|i know im horrible|1|1695
|player|p2|mentalsoft|nate|1724
|teamsize|p1|6
|teamsize|p2|6
|gen|8
|tier|[Gen 8] OU
|rated|
|rule|Sleep Clause Mod: Limit one foe put to sleep
|rule|Species Clause: Limit one of each Pokémon
|rule|OHKO Clause: OHKO moves are banned
|rule|Evasion Moves Clause: Evasion moves are banned
|rule|Endless Battle Clause: Forcing endless battles is banned
|rule|HP Percentage Mod: HP is shown in percentages
|rule|Dynamax Clause: You cannot dynamax
|clearpoke
|poke|p1|Ferrothorn, F|
|poke|p1|Landorus-Therian, M|
|poke|p1|Blissey, F|
|poke|p1|Latias, F|
|poke|p1|Slowking, F|
|poke|p1|Tapu Lele|
|poke|p2|Corviknight, F|
|poke|p2|Blissey, F|
|poke|p2|Tangrowth, F|
|poke|p2|Clefable, M|
|poke|p2|Zapdos|
|poke|p2|Quagsire, F|
|teampreview
|inactive|Battle timer is ON: inactive players will automatically lose when time's up. (requested by i know im horrible)
|
|t:|1623743514
|start
|switch|p1a: Latias|Latias, F|100/100
|switch|p2a: Clefable|Clefable, M|100/100
|turn|1
|
|t:|1623743523
|switch|p2a: Quagsire|Quagsire, F|100/100
|move|p1a: Latias|Trick|p2a: Quagsire
|-activate|p1a: Latias|move: Trick|[of] p2a: Quagsire
|-item|p2a: Quagsire|Choice Scarf|[from] move: Trick
|-item|p1a: Latias|Leftovers|[from] move: Trick
|
|upkeep
|turn|2
|
|t:|1623743535
|switch|p1a: Ferrothorn|Ferrothorn, F|100/100
|switch|p2a: Clefable|Clefable, M|100/100
|
|upkeep
|turn|3
|
|t:|1623743541
|switch|p2a: Corviknight|Corviknight, F|100/100
|-ability|p2a: Corviknight|Pressure
|move|p1a: Ferrothorn|Knock Off|p2a: Corviknight
|-damage|p2a: Corviknight|87/100
|-enditem|p2a: Corviknight|Leftovers|[from] move: Knock Off|[of] p1a: Ferrothorn
|
|upkeep
|turn|4
|
|t:|1623743548
|switch|p1a: Slowking|Slowking, F|100/100
|move|p2a: Corviknight|Body Press|p1a: Slowking
|-resisted|p1a: Slowking
|-damage|p1a: Slowking|88/100
|
|upkeep
|turn|5
|
|t:|1623743550
|move|p2a: Corviknight|U-turn|p1a: Slowking
|-supereffective|p1a: Slowking
|-damage|p1a: Slowking|60/100
|
|t:|1623743567
|switch|p2a: Zapdos|Zapdos|100/100|[from]move: U-turn
|-ability|p2a: Zapdos|Pressure
|move|p1a: Slowking|Scald|p2a: Zapdos
|-damage|p2a: Zapdos|82/100
|-status|p2a: Zapdos|brn
|
|-damage|p2a: Zapdos|76/100 brn|[from] brn
|upkeep
|turn|6
|
|t:|1623743575
|switch|p2a: Clefable|Clefable, M|100/100
|move|p1a: Slowking|Teleport|p1a: Slowking
|
|t:|1623743582
|switch|p1a: Landorus|Landorus-Therian, M|100/100|[from]move: Teleport
|-ability|p1a: Landorus|Intimidate|boost
|-unboost|p2a: Clefable|atk|1
|
|upkeep
|turn|7
|
|t:|1623743587
|move|p1a: Landorus|Stealth Rock|p2a: Clefable
|-sidestart|p2: mentalsoft|move: Stealth Rock
|move|p2a: Clefable|Stealth Rock|p1a: Landorus
|-sidestart|p1: i know im horrible|move: Stealth Rock
|
|upkeep
|turn|8
|
|t:|1623743592
|move|p1a: Landorus|Earthquake|p2a: Clefable
|-damage|p2a: Clefable|62/100
|move|p2a: Clefable|Moonblast|p1a: Landorus
|-damage|p1a: Landorus|65/100
|
|-heal|p1a: Landorus|71/100|[from] item: Leftovers
|-heal|p2a: Clefable|69/100|[from] item: Leftovers
|upkeep
|turn|9
|
|t:|1623743598
|switch|p1a: Tapu Lele|Tapu Lele|100/100
|-damage|p1a: Tapu Lele|88/100|[from] Stealth Rock
|-fieldstart|move: Psychic Terrain|[from] ability: Psychic Surge|[of] p1a: Tapu Lele
|move|p2a: Clefable|Soft-Boiled|p2a: Clefable
|-heal|p2a: Clefable|100/100
|
|upkeep
|turn|10
|
|t:|1623743606
|move|p1a: Tapu Lele|Psychic|p2a: Clefable
|-damage|p2a: Clefable|19/100
|move|p2a: Clefable|Soft-Boiled|p2a: Clefable
|-heal|p2a: Clefable|69/100
|
|-heal|p2a: Clefable|75/100|[from] item: Leftovers
|upkeep
|turn|11
|
|t:|1623743618
|switch|p1a: Slowking|Slowking, F|93/100
|switch|p2a: Corviknight|Corviknight, F|87/100
|-damage|p2a: Corviknight|75/100|[from] Stealth Rock
|-ability|p2a: Corviknight|Pressure
|
|upkeep
|turn|12
|
|t:|1623743628
|move|p2a: Corviknight|U-turn|p1a: Slowking
|-supereffective|p1a: Slowking
|-damage|p1a: Slowking|63/100
|
|t:|1623743633
|switch|p2a: Clefable|Clefable, M|75/100|[from]move: U-turn
|move|p1a: Slowking|Future Sight|p2a: Clefable
|-start|p1a: Slowking|move: Future Sight
|
|-heal|p2a: Clefable|81/100|[from] item: Leftovers
|upkeep
|turn|13
|j| isudbhfahsb
|
|t:|1623743659
|move|p2a: Clefable|Moonblast|p1a: Slowking
|-damage|p1a: Slowking|43/100
|-unboost|p1a: Slowking|spa|1
|move|p1a: Slowking|Scald|p2a: Clefable
|-damage|p2a: Clefable|65/100
|
|-heal|p2a: Clefable|71/100|[from] item: Leftovers
|-fieldend|move: Psychic Terrain
|upkeep
|turn|14
|j| Unanana
|
|t:|1623743667
|move|p2a: Clefable|Soft-Boiled|p2a: Clefable
|-heal|p2a: Clefable|100/100
|move|p1a: Slowking|Slack Off|p1a: Slowking
|-heal|p1a: Slowking|93/100
|
|-end|p2a: Clefable|move: Future Sight
|-damage|p2a: Clefable|77/100
|-heal|p2a: Clefable|83/100|[from] item: Leftovers
|upkeep
|turn|15
|
|t:|1623743677
|switch|p2a: Tangrowth|Tangrowth, F|100/100
|-damage|p2a: Tangrowth|88/100|[from] Stealth Rock
|move|p1a: Slowking|Future Sight|p2a: Tangrowth
|-start|p1a: Slowking|move: Future Sight
|
|upkeep
|turn|16
|j| Kappa from twitch
|
|t:|1623743682
|move|p2a: Tangrowth|Knock Off|p1a: Slowking
|-supereffective|p1a: Slowking
|-damage|p1a: Slowking|45/100
|-enditem|p1a: Slowking|Heavy-Duty Boots|[from] move: Knock Off|[of] p2a: Tangrowth
|move|p1a: Slowking|Teleport|p1a: Slowking
|
|t:|1623743687
|switch|p1a: Tapu Lele|Tapu Lele|88/100|[from]move: Teleport
|-damage|p1a: Tapu Lele|76/100|[from] Stealth Rock
|-fieldstart|move: Psychic Terrain|[from] ability: Psychic Surge|[of] p1a: Tapu Lele
|
|upkeep
|turn|17
|c| Kappa from twitch|I know I'm horrible too, but we must persevere friend
|c| Kappa from twitch|Such is life
|
|t:|1623743704
|move|p1a: Tapu Lele|Psychic|p2a: Tangrowth
|-damage|p2a: Tangrowth|0 fnt
|faint|p2a: Tangrowth
|
|-hint|Future Sight did not hit because the target is fainted.
|upkeep
|
|t:|1623743710
|switch|p2a: Blissey|Blissey, F|100/100
|turn|18
|c| Unanana|Agreed.
|c| Unanana|I am too.
|
|t:|1623743733
|switch|p1a: Slowking|Slowking, F|79/100
|-damage|p1a: Slowking|66/100|[from] Stealth Rock
|move|p2a: Blissey|Seismic Toss|p1a: Slowking
|-damage|p1a: Slowking|41/100
|
|upkeep
|turn|19
|
|t:|1623743737
|move|p2a: Blissey|Toxic|p1a: Slowking
|-status|p1a: Slowking|tox
|move|p1a: Slowking|Slack Off|p1a: Slowking
|-heal|p1a: Slowking|91/100 tox
|
|-damage|p1a: Slowking|85/100 tox|[from] psn
|upkeep
|turn|20
|
|t:|1623743741
|move|p2a: Blissey|Seismic Toss|p1a: Slowking
|-damage|p1a: Slowking|59/100 tox
|move|p1a: Slowking|Future Sight|p2a: Blissey
|-start|p1a: Slowking|move: Future Sight
|
|-damage|p1a: Slowking|47/100 tox|[from] psn
|-fieldend|move: Psychic Terrain
|upkeep
|turn|21
|j| dietracism
|
|t:|1623743749
|move|p2a: Blissey|Seismic Toss|p1a: Slowking
|-damage|p1a: Slowking|22/100 tox
|move|p1a: Slowking|Teleport|p1a: Slowking
|
|t:|1623743754
|switch|p1a: Tapu Lele|Tapu Lele|76/100|[from]move: Teleport
|-damage|p1a: Tapu Lele|63/100|[from] Stealth Rock
|-fieldstart|move: Psychic Terrain|[from] ability: Psychic Surge|[of] p1a: Tapu Lele
|
|upkeep
|turn|22
|
|t:|1623743763
|move|p1a: Tapu Lele|Psyshock|p2a: Blissey
|-damage|p2a: Blissey|32/100
|move|p2a: Blissey|Soft-Boiled|p2a: Blissey
|-heal|p2a: Blissey|82/100
|
|-end|p2a: Blissey|move: Future Sight
|-damage|p2a: Blissey|63/100
|upkeep
|turn|23
|
|t:|1623743772
|switch|p2a: Corviknight|Corviknight, F|75/100
|-damage|p2a: Corviknight|63/100|[from] Stealth Rock
|-ability|p2a: Corviknight|Pressure
|move|p1a: Tapu Lele|Psyshock|p2a: Corviknight
|-resisted|p2a: Corviknight
|-damage|p2a: Corviknight|35/100
|
|upkeep
|turn|24
|
|t:|1623743787
|move|p1a: Tapu Lele|Psyshock|p2a: Corviknight
|-resisted|p2a: Corviknight
|-damage|p2a: Corviknight|9/100
|move|p2a: Corviknight|Roost|p2a: Corviknight
|-heal|p2a: Corviknight|59/100
|-singleturn|p2a: Corviknight|move: Roost
|
|upkeep
|turn|25
|
|t:|1623743801
|switch|p1a: Ferrothorn|Ferrothorn, F|100/100
|-damage|p1a: Ferrothorn|94/100|[from] Stealth Rock
|move|p2a: Corviknight|Roost|p2a: Corviknight
|-heal|p2a: Corviknight|100/100
|-singleturn|p2a: Corviknight|move: Roost
|
|-heal|p1a: Ferrothorn|100/100|[from] item: Leftovers
|-fieldend|move: Psychic Terrain
|upkeep
|turn|26
|j| Dogerunner
|
|t:|1623743816
|move|p2a: Corviknight|Body Press|p1a: Ferrothorn
|-supereffective|p1a: Ferrothorn
|-damage|p1a: Ferrothorn|73/100
|-damage|p2a: Corviknight|88/100|[from] ability: Iron Barbs|[of] p1a: Ferrothorn
|move|p1a: Ferrothorn|Spikes|p2a: Corviknight
|-sidestart|p2: mentalsoft|Spikes
|
|-heal|p1a: Ferrothorn|79/100|[from] item: Leftovers
|upkeep
|turn|27
|
|t:|1623743832
|move|p2a: Corviknight|Body Press|p1a: Ferrothorn
|-supereffective|p1a: Ferrothorn
|-damage|p1a: Ferrothorn|51/100
|-damage|p2a: Corviknight|76/100|[from] ability: Iron Barbs|[of] p1a: Ferrothorn
|move|p1a: Ferrothorn|Spikes|p2a: Corviknight
|-sidestart|p2: mentalsoft|Spikes
|
|-heal|p1a: Ferrothorn|57/100|[from] item: Leftovers
|upkeep
|turn|28
|
|t:|1623743839
|switch|p1a: Latias|Latias, F|100/100
|-damage|p1a: Latias|88/100|[from] Stealth Rock
|move|p2a: Corviknight|Body Press|p1a: Latias
|-resisted|p1a: Latias
|-damage|p1a: Latias|74/100
|
|-heal|p1a: Latias|80/100|[from] item: Leftovers
|upkeep
|turn|29
|
|t:|1623743848
|move|p1a: Latias|Psychic|p2a: Corviknight
|-resisted|p2a: Corviknight
|-damage|p2a: Corviknight|62/100
|move|p2a: Corviknight|Roost|p2a: Corviknight
|-heal|p2a: Corviknight|100/100
|-singleturn|p2a: Corviknight|move: Roost
|
|-heal|p1a: Latias|86/100|[from] item: Leftovers
|upkeep
|turn|30
|
|t:|1623743854
|move|p1a: Latias|Aura Sphere|p2a: Corviknight
|-damage|p2a: Corviknight|82/100
|move|p2a: Corviknight|U-turn|p1a: Latias
|-supereffective|p1a: Latias
|-damage|p1a: Latias|57/100
|
|t:|1623743862
|switch|p2a: Blissey|Blissey, F|63/100|[from]move: U-turn
|
|-heal|p1a: Latias|63/100|[from] item: Leftovers
|upkeep
|turn|31
|
|t:|1623743867
|move|p1a: Latias|Trick|p2a: Blissey
|-activate|p1a: Latias|move: Trick|[of] p2a: Blissey
|-item|p2a: Blissey|Leftovers|[from] move: Trick
|-item|p1a: Latias|Heavy-Duty Boots|[from] move: Trick
|move|p2a: Blissey|Soft-Boiled|p2a: Blissey
|-heal|p2a: Blissey|100/100
|
|upkeep
|turn|32
|
|t:|1623743878
|switch|p1a: Blissey|Blissey, F|100/100
|move|p2a: Blissey|Seismic Toss|p1a: Blissey
|-damage|p1a: Blissey|86/100
|
|upkeep
|turn|33
|
|t:|1623743891
|switch|p2a: Clefable|Clefable, M|83/100
|move|p1a: Blissey|Heal Bell|p1a: Blissey
|-activate|p1a: Blissey|move: Heal Bell
|-curestatus|p1: Slowking|tox|[msg]
|
|-heal|p2a: Clefable|90/100|[from] item: Leftovers
|upkeep
|turn|34
|
|t:|1623743916
|switch|p2a: Corviknight|Corviknight, F|82/100
|-damage|p2a: Corviknight|70/100|[from] Stealth Rock
|-ability|p2a: Corviknight|Pressure
|move|p1a: Blissey|Wish|p1a: Blissey
|
|upkeep
|turn|35
|
|t:|1623743923
|switch|p1a: Ferrothorn|Ferrothorn, F|57/100
|-damage|p1a: Ferrothorn|51/100|[from] Stealth Rock
|move|p2a: Corviknight|Defog|p1a: Ferrothorn
|-unboost|p1a: Ferrothorn|evasion|1
|-sideend|p1: i know im horrible|Stealth Rock|[from] move: Defog|[of] p2a: Corviknight
|-sideend|p2: mentalsoft|Spikes|[from] move: Defog|[of] p2a: Corviknight
|-sideend|p2: mentalsoft|Stealth Rock|[from] move: Defog|[of] p2a: Corviknight
|
|-heal|p1a: Ferrothorn|100/100|[from] move: Wish|[wisher] Blissey
|upkeep
|turn|36
|
|t:|1623743934
|move|p2a: Corviknight|Body Press|p1a: Ferrothorn
|-supereffective|p1a: Ferrothorn
|-damage|p1a: Ferrothorn|72/100
|-damage|p2a: Corviknight|57/100|[from] ability: Iron Barbs|[of] p1a: Ferrothorn
|move|p1a: Ferrothorn|Spikes|p2a: Corviknight
|-sidestart|p2: mentalsoft|Spikes
|
|-heal|p1a: Ferrothorn|78/100|[from] item: Leftovers
|upkeep
|turn|37
|
|t:|1623743941
|switch|p1a: Slowking|Slowking, F|55/100
|move|p2a: Corviknight|Roost|p2a: Corviknight
|-heal|p2a: Corviknight|100/100
|-singleturn|p2a: Corviknight|move: Roost
|
|upkeep
|turn|38
|
|t:|1623743946
|move|p2a: Corviknight|U-turn|p1a: Slowking
|-supereffective|p1a: Slowking
|-damage|p1a: Slowking|23/100
|
|t:|1623743952
|switch|p2a: Zapdos|Zapdos|76/100 brn|[from]move: U-turn
|-ability|p2a: Zapdos|Pressure
|move|p1a: Slowking|Scald|p2a: Zapdos
|-damage|p2a: Zapdos|54/100 brn
|
|-damage|p2a: Zapdos|48/100 brn|[from] brn
|upkeep
|turn|39
|
|t:|1623743963
|switch|p1a: Blissey|Blissey, F|86/100
|move|p2a: Zapdos|Roost|p2a: Zapdos
|-heal|p2a: Zapdos|98/100 brn
|-singleturn|p2a: Zapdos|move: Roost
|
|-damage|p2a: Zapdos|92/100 brn|[from] brn
|upkeep
|turn|40
|
|t:|1623743970
|switch|p2a: Clefable|Clefable, M|90/100
|move|p1a: Blissey|Wish|p1a: Blissey
|
|-heal|p2a: Clefable|96/100|[from] item: Leftovers
|upkeep
|turn|41
|
|t:|1623743984
|switch|p1a: Tapu Lele|Tapu Lele|63/100
|-fieldstart|move: Psychic Terrain|[from] ability: Psychic Surge|[of] p1a: Tapu Lele
|move|p2a: Clefable|Moonblast|p1a: Tapu Lele
|-damage|p1a: Tapu Lele|26/100
|
|-heal|p1a: Tapu Lele|100/100|[from] move: Wish|[wisher] Blissey
|-heal|p2a: Clefable|100/100|[from] item: Leftovers
|upkeep
|turn|42
|
|t:|1623743991
|move|p1a: Tapu Lele|Psychic|p2a: Clefable
|-damage|p2a: Clefable|22/100
|move|p2a: Clefable|Soft-Boiled|p2a: Clefable
|-heal|p2a: Clefable|72/100
|
|-heal|p2a: Clefable|78/100|[from] item: Leftovers
|upkeep
|turn|43
|
|t:|1623743997
|switch|p2a: Corviknight|Corviknight, F|100/100
|-ability|p2a: Corviknight|Pressure
|move|p1a: Tapu Lele|Psychic|p2a: Corviknight
|-resisted|p2a: Corviknight
|-damage|p2a: Corviknight|62/100
|-unboost|p2a: Corviknight|spd|1
|
|upkeep
|turn|44
|
|t:|1623744001
|move|p1a: Tapu Lele|Psychic|p2a: Corviknight
|-resisted|p2a: Corviknight
|-damage|p2a: Corviknight|0 fnt
|faint|p2a: Corviknight
|
|upkeep
|-message|mentalsoft forfeited.
|
|win|i know im horrible
|raw|i know im horrible's rating: 1695 &rarr; <strong>1717</strong><br />(+22 for winning)
|raw|mentalsoft's rating: 1724 &rarr; <strong>1702</strong><br />(-22 for losing)
|l|‽mentalsoft
|c| Unanana|Good job.
|c| Unanana|:D
|c| Dogerunner|Ye
|c| Dogerunner|Rip stall
|l| Dogerunner
|c| Unanana|Bad Stall, though.
|c| Unanana|XD
