|j|☆Arnaud senju vgc
|j|☆RokRocket
|player|p1|Arnaud senju vgc|juggler|1928
|player|p2|RokRocket|petrel|1736
|teamsize|p1|6
|teamsize|p2|6
|gametype|singles
|gen|8
|tier|[Gen 8] OU
|rated|
|clearpoke
|poke|p1|Ribombee, F|
|poke|p1|Togekiss, M|
|poke|p1|Excadrill, F|
|poke|p1|Cloyster, M|
|poke|p1|Urshifu-*, M|
|poke|p1|Magearna|
|poke|p2|Toxapex, F|
|poke|p2|Seismitoad, M|
|poke|p2|Clefable, F|
|poke|p2|Corviknight, M|
|poke|p2|Salazzle, F|
|poke|p2|Urshifu-*, M|
|rule|Sleep Clause Mod: Limit one foe put to sleep
|rule|Species Clause: Limit one of each Pokémon
|rule|OHKO Clause: OHKO moves are banned
|rule|Evasion Moves Clause: Evasion moves are banned
|rule|Endless Battle Clause: Forcing endless battles is banned
|rule|HP Percentage Mod: HP is shown in percentages
|rule|Dynamax Clause: You cannot dynamax
|teampreview
|inactive|Battle timer is ON: inactive players will automatically lose when time's up. (requested by RokRocket)
|j| tungulus
|
|start
|switch|p1a: Excadrill|Excadrill, F|100/100
|switch|p2a: Tapasexy|Toxapex, F, shiny|100/100
|-ability|p1a: Excadrill|Mold Breaker
|turn|1
|l| tungulus
|
|move|p1a: Excadrill|Earthquake|p2a: Tapasexy
|-supereffective|p2a: Tapasexy
|-damage|p2a: Tapasexy|37/100
|move|p2a: Tapasexy|Scald|p1a: Excadrill
|-supereffective|p1a: Excadrill
|-damage|p1a: Excadrill|54/100
|
|-heal|p2a: Tapasexy|44/100|[from] item: Black Sludge
|upkeep
|turn|2
|
|switch|p1a: Togekiss|Togekiss, M|100/100
|switch|p2a: Corvanus|Corviknight, M, shiny|100/100
|-ability|p2a: Corvanus|Pressure
|
|upkeep
|turn|3
|
|switch|p2a: Lana Maravilha|Salazzle, F, shiny|100/100
|move|p1a: Togekiss|Substitute|p1a: Togekiss
|-start|p1a: Togekiss|Substitute
|-damage|p1a: Togekiss|75/100
|
|-heal|p1a: Togekiss|82/100|[from] item: Leftovers
|upkeep
|turn|4
|
|move|p2a: Lana Maravilha|Sludge Wave|p1a: Togekiss
|-supereffective|p1a: Togekiss
|-end|p1a: Togekiss|Substitute
|move|p1a: Togekiss|Air Slash|p2a: Lana Maravilha
|-damage|p2a: Lana Maravilha|36/100
|
|-heal|p1a: Togekiss|88/100|[from] item: Leftovers
|upkeep
|turn|5
|
|switch|p1a: Ribombee|Ribombee, F|100/100
|move|p2a: Lana Maravilha|Toxic|p1a: Ribombee
|-status|p1a: Ribombee|tox
|
|-damage|p1a: Ribombee|94/100 tox|[from] psn
|upkeep
|turn|6
|
|switch|p2a: Tapasexy|Toxapex, F, shiny|77/100
|move|p1a: Ribombee|Sticky Web|p2a: Tapasexy
|-sidestart|p2: RokRocket|move: Sticky Web
|
|-heal|p2a: Tapasexy|83/100|[from] item: Black Sludge
|-damage|p1a: Ribombee|82/100 tox|[from] psn
|upkeep
|turn|7
|
|move|p1a: Ribombee|Stun Spore|p2a: Tapasexy
|-status|p2a: Tapasexy|par
|move|p2a: Tapasexy|Knock Off|p1a: Ribombee
|-resisted|p1a: Ribombee
|-damage|p1a: Ribombee|68/100 tox
|-enditem|p1a: Ribombee|Focus Sash|[from] move: Knock Off|[of] p2a: Tapasexy
|
|-heal|p2a: Tapasexy|89/100 par|[from] item: Black Sludge
|-damage|p1a: Ribombee|50/100 tox|[from] psn
|upkeep
|turn|8
|j| tmmh
|
|move|p1a: Ribombee|U-turn|p2a: Tapasexy
|-resisted|p2a: Tapasexy
|-damage|p2a: Tapasexy|85/100 par
|
|switch|p1a: Togekiss|Togekiss, M|88/100|[from]move: U-turn
|cant|p2a: Tapasexy|par
|
|-heal|p1a: Togekiss|94/100|[from] item: Leftovers
|-heal|p2a: Tapasexy|92/100 par|[from] item: Black Sludge
|upkeep
|turn|9
|
|move|p1a: Togekiss|Substitute|p1a: Togekiss
|-start|p1a: Togekiss|Substitute
|-damage|p1a: Togekiss|69/100
|move|p2a: Tapasexy|Toxic Spikes|p1a: Togekiss
|-sidestart|p1: Arnaud senju vgc|move: Toxic Spikes
|
|-heal|p1a: Togekiss|75/100|[from] item: Leftovers
|-heal|p2a: Tapasexy|98/100 par|[from] item: Black Sludge
|upkeep
|turn|10
|
|move|p1a: Togekiss|Nasty Plot|p1a: Togekiss
|-boost|p1a: Togekiss|spa|2
|move|p2a: Tapasexy|Toxic Spikes|p1a: Togekiss
|-sidestart|p1: Arnaud senju vgc|move: Toxic Spikes
|
|-heal|p1a: Togekiss|82/100|[from] item: Leftovers
|-heal|p2a: Tapasexy|100/100 par|[from] item: Black Sludge
|upkeep
|turn|11
|
|switch|p2a: Corvanus|Corviknight, M, shiny|100/100
|-ability|p2a: Corvanus|Pressure
|move|p1a: Togekiss|Air Slash|p2a: Corvanus
|-resisted|p2a: Corvanus
|-damage|p2a: Corvanus|77/100
|
|-heal|p1a: Togekiss|88/100|[from] item: Leftovers
|-heal|p2a: Corvanus|83/100|[from] item: Leftovers
|upkeep
|turn|12
|
|switch|p2a: Tapasexy|Toxapex, F, shiny|100/100 par
|-activate|p2a: Tapasexy|move: Sticky Web
|-unboost|p2a: Tapasexy|spe|1
|move|p1a: Togekiss|Flamethrower|p2a: Tapasexy
|-resisted|p2a: Tapasexy
|-damage|p2a: Tapasexy|77/100 par
|
|-heal|p1a: Togekiss|94/100|[from] item: Leftovers
|-heal|p2a: Tapasexy|84/100 par|[from] item: Black Sludge
|upkeep
|turn|13
|
|move|p1a: Togekiss|Air Slash|p2a: Tapasexy
|-damage|p2a: Tapasexy|30/100 par
|cant|p2a: Tapasexy|flinch
|
|-heal|p1a: Togekiss|100/100|[from] item: Leftovers
|-heal|p2a: Tapasexy|37/100 par|[from] item: Black Sludge
|upkeep
|turn|14
|
|switch|p2a: PPK Rosada|Clefable, F, shiny|100/100
|-activate|p2a: PPK Rosada|move: Sticky Web
|-unboost|p2a: PPK Rosada|spe|1
|move|p1a: Togekiss|Air Slash|p2a: PPK Rosada
|-damage|p2a: PPK Rosada|68/100
|
|-heal|p2a: PPK Rosada|74/100|[from] item: Leftovers
|upkeep
|turn|15
|
|move|p2a: PPK Rosada|Protect|p2a: PPK Rosada
|-singleturn|p2a: PPK Rosada|Protect
|move|p1a: Togekiss|Air Slash|p2a: PPK Rosada
|-activate|p2a: PPK Rosada|move: Protect
|
|-heal|p2a: PPK Rosada|80/100|[from] item: Leftovers
|upkeep
|turn|16
|
|move|p1a: Togekiss|Flamethrower|p2a: PPK Rosada
|-crit|p2a: PPK Rosada
|-damage|p2a: PPK Rosada|43/100
|move|p2a: PPK Rosada|Wish|p2a: PPK Rosada
|
|-heal|p2a: PPK Rosada|49/100|[from] item: Leftovers
|upkeep
|turn|17
|
|move|p1a: Togekiss|Nasty Plot|p1a: Togekiss
|-boost|p1a: Togekiss|spa|2
|move|p2a: PPK Rosada|Aromatherapy|p2a: PPK Rosada
|-activate|p2a: PPK Rosada|move: Aromatherapy
|-curestatus|p2: Tapasexy|par|[msg]
|
|-heal|p2a: PPK Rosada|99/100|[from] move: Wish|[wisher] PPK Rosada
|-heal|p2a: PPK Rosada|100/100|[from] item: Leftovers
|upkeep
|turn|18
|
|move|p2a: PPK Rosada|Protect|p2a: PPK Rosada
|-singleturn|p2a: PPK Rosada|Protect
|move|p1a: Togekiss|Air Slash|p2a: PPK Rosada
|-activate|p2a: PPK Rosada|move: Protect
|
|upkeep
|turn|19
|
|move|p1a: Togekiss|Air Slash|p2a: PPK Rosada
|-damage|p2a: PPK Rosada|68/100
|cant|p2a: PPK Rosada|flinch
|
|-heal|p2a: PPK Rosada|74/100|[from] item: Leftovers
|upkeep
|turn|20
|
|move|p2a: PPK Rosada|Protect|p2a: PPK Rosada
|-singleturn|p2a: PPK Rosada|Protect
|move|p1a: Togekiss|Air Slash|p2a: PPK Rosada
|-activate|p2a: PPK Rosada|move: Protect
|
|-heal|p2a: PPK Rosada|80/100|[from] item: Leftovers
|upkeep
|turn|21
|
|move|p1a: Togekiss|Air Slash|p2a: PPK Rosada
|-damage|p2a: PPK Rosada|48/100
|move|p2a: PPK Rosada|Wish|p2a: PPK Rosada
|
|-heal|p2a: PPK Rosada|54/100|[from] item: Leftovers
|upkeep
|turn|22
|
|move|p1a: Togekiss|Flamethrower|p2a: PPK Rosada
|-damage|p2a: PPK Rosada|27/100
|move|p2a: PPK Rosada|Moonblast|p1a: Togekiss
|-end|p1a: Togekiss|Substitute
|
|-heal|p2a: PPK Rosada|77/100|[from] move: Wish|[wisher] PPK Rosada
|-heal|p2a: PPK Rosada|83/100|[from] item: Leftovers
|upkeep
|turn|23
|
|move|p1a: Togekiss|Air Slash|p2a: PPK Rosada
|-damage|p2a: PPK Rosada|50/100
|move|p2a: PPK Rosada|Wish|p2a: PPK Rosada
|
|-heal|p2a: PPK Rosada|56/100|[from] item: Leftovers
|upkeep
|turn|24
|
|move|p1a: Togekiss|Flamethrower|p2a: PPK Rosada
|-damage|p2a: PPK Rosada|31/100
|move|p2a: PPK Rosada|Moonblast|p1a: Togekiss
|-damage|p1a: Togekiss|70/100
|
|-heal|p2a: PPK Rosada|81/100|[from] move: Wish|[wisher] PPK Rosada
|-heal|p1a: Togekiss|76/100|[from] item: Leftovers
|-heal|p2a: PPK Rosada|88/100|[from] item: Leftovers
|upkeep
|turn|25
|
|move|p1a: Togekiss|Flamethrower|p2a: PPK Rosada
|-damage|p2a: PPK Rosada|60/100
|move|p2a: PPK Rosada|Moonblast|p1a: Togekiss
|-damage|p1a: Togekiss|49/100
|
|-heal|p1a: Togekiss|56/100|[from] item: Leftovers
|-heal|p2a: PPK Rosada|66/100|[from] item: Leftovers
|upkeep
|turn|26
|
|move|p1a: Togekiss|Flamethrower|p2a: PPK Rosada
|-damage|p2a: PPK Rosada|41/100
|-status|p2a: PPK Rosada|brn
|move|p2a: PPK Rosada|Wish|p2a: PPK Rosada
|
|-heal|p1a: Togekiss|62/100|[from] item: Leftovers
|-heal|p2a: PPK Rosada|47/100 brn|[from] item: Leftovers
|-damage|p2a: PPK Rosada|41/100 brn|[from] brn
|upkeep
|turn|27
|
|move|p2a: PPK Rosada|Protect|p2a: PPK Rosada
|-singleturn|p2a: PPK Rosada|Protect
|move|p1a: Togekiss|Air Slash|p2a: PPK Rosada
|-activate|p2a: PPK Rosada|move: Protect
|
|-heal|p2a: PPK Rosada|91/100 brn|[from] move: Wish|[wisher] PPK Rosada
|-heal|p1a: Togekiss|68/100|[from] item: Leftovers
|-heal|p2a: PPK Rosada|97/100 brn|[from] item: Leftovers
|-damage|p2a: PPK Rosada|91/100 brn|[from] brn
|upkeep
|turn|28
|
|move|p1a: Togekiss|Air Slash|p2a: PPK Rosada
|-damage|p2a: PPK Rosada|59/100 brn
|cant|p2a: PPK Rosada|flinch
|
|-heal|p1a: Togekiss|74/100|[from] item: Leftovers
|-heal|p2a: PPK Rosada|65/100 brn|[from] item: Leftovers
|-damage|p2a: PPK Rosada|59/100 brn|[from] brn
|upkeep
|turn|29
|
|move|p1a: Togekiss|Air Slash|p2a: PPK Rosada
|-damage|p2a: PPK Rosada|27/100 brn
|move|p2a: PPK Rosada|Wish|p2a: PPK Rosada
|
|-heal|p1a: Togekiss|81/100|[from] item: Leftovers
|-heal|p2a: PPK Rosada|33/100 brn|[from] item: Leftovers
|-damage|p2a: PPK Rosada|27/100 brn|[from] brn
|upkeep
|turn|30
|
|move|p2a: PPK Rosada|Protect|p2a: PPK Rosada
|-singleturn|p2a: PPK Rosada|Protect
|move|p1a: Togekiss|Substitute|p1a: Togekiss
|-start|p1a: Togekiss|Substitute
|-damage|p1a: Togekiss|56/100
|
|-heal|p2a: PPK Rosada|77/100 brn|[from] move: Wish|[wisher] PPK Rosada
|-heal|p1a: Togekiss|62/100|[from] item: Leftovers
|-heal|p2a: PPK Rosada|83/100 brn|[from] item: Leftovers
|-damage|p2a: PPK Rosada|77/100 brn|[from] brn
|upkeep
|turn|31
|j| irregular hoopa
|j| Best Teambuilder
|
|move|p1a: Togekiss|Air Slash|p2a: PPK Rosada
|-damage|p2a: PPK Rosada|46/100 brn
|cant|p2a: PPK Rosada|flinch
|
|-heal|p1a: Togekiss|68/100|[from] item: Leftovers
|-heal|p2a: PPK Rosada|52/100 brn|[from] item: Leftovers
|-damage|p2a: PPK Rosada|46/100 brn|[from] brn
|upkeep
|turn|32
|j| Billy Billyson
|
|move|p2a: PPK Rosada|Protect|p2a: PPK Rosada
|-singleturn|p2a: PPK Rosada|Protect
|move|p1a: Togekiss|Air Slash|p2a: PPK Rosada
|-activate|p2a: PPK Rosada|move: Protect
|
|-heal|p1a: Togekiss|74/100|[from] item: Leftovers
|-heal|p2a: PPK Rosada|52/100 brn|[from] item: Leftovers
|-damage|p2a: PPK Rosada|46/100 brn|[from] brn
|upkeep
|turn|33
|j| ROB3R
|l| Best Teambuilder
|
|switch|p2a: Corvanus|Corviknight, M, shiny|83/100
|-ability|p2a: Corvanus|Pressure
|move|p1a: Togekiss|Air Slash|p2a: Corvanus
|-resisted|p2a: Corvanus
|-damage|p2a: Corvanus|50/100
|
|-heal|p1a: Togekiss|81/100|[from] item: Leftovers
|-heal|p2a: Corvanus|56/100|[from] item: Leftovers
|upkeep
|turn|34
|
|switch|p2a: Lana Maravilha|Salazzle, F, shiny|36/100
|move|p1a: Togekiss|Flamethrower|p2a: Lana Maravilha
|-resisted|p2a: Lana Maravilha
|-damage|p2a: Lana Maravilha|0 fnt
|faint|p2a: Lana Maravilha
|
|-heal|p1a: Togekiss|87/100|[from] item: Leftovers
|upkeep
|
|switch|p2a: PPK Rosada|Clefable, F, shiny|46/100 brn
|-activate|p2a: PPK Rosada|move: Sticky Web
|-unboost|p2a: PPK Rosada|spe|1
|turn|35
|l| irregular hoopa
|
|move|p2a: PPK Rosada|Protect|p2a: PPK Rosada
|-singleturn|p2a: PPK Rosada|Protect
|move|p1a: Togekiss|Air Slash|p2a: PPK Rosada
|-activate|p2a: PPK Rosada|move: Protect
|
|-heal|p1a: Togekiss|93/100|[from] item: Leftovers
|-heal|p2a: PPK Rosada|52/100 brn|[from] item: Leftovers
|-damage|p2a: PPK Rosada|46/100 brn|[from] brn
|upkeep
|turn|36
|l| ROB3R
|
|move|p1a: Togekiss|Air Slash|p2a: PPK Rosada|[miss]
|-miss|p1a: Togekiss|p2a: PPK Rosada
|move|p2a: PPK Rosada|Wish|p2a: PPK Rosada
|
|-heal|p1a: Togekiss|99/100|[from] item: Leftovers
|-heal|p2a: PPK Rosada|52/100 brn|[from] item: Leftovers
|-damage|p2a: PPK Rosada|46/100 brn|[from] brn
|upkeep
|turn|37
|
|move|p2a: PPK Rosada|Protect|p2a: PPK Rosada
|-singleturn|p2a: PPK Rosada|Protect
|move|p1a: Togekiss|Air Slash|p2a: PPK Rosada
|-activate|p2a: PPK Rosada|move: Protect
|
|-heal|p2a: PPK Rosada|96/100 brn|[from] move: Wish|[wisher] PPK Rosada
|-heal|p1a: Togekiss|100/100|[from] item: Leftovers
|-heal|p2a: PPK Rosada|100/100 brn|[from] item: Leftovers
|-damage|p2a: PPK Rosada|94/100 brn|[from] brn
|upkeep
|turn|38
|l| Billy Billyson
|j| stfu itz a cartoon
|
|move|p1a: Togekiss|Air Slash|p2a: PPK Rosada
|-damage|p2a: PPK Rosada|62/100 brn
|cant|p2a: PPK Rosada|flinch
|
|-heal|p2a: PPK Rosada|69/100 brn|[from] item: Leftovers
|-damage|p2a: PPK Rosada|62/100 brn|[from] brn
|upkeep
|turn|39
|
|move|p1a: Togekiss|Air Slash|p2a: PPK Rosada
|-damage|p2a: PPK Rosada|28/100 brn
|cant|p2a: PPK Rosada|flinch
|
|-heal|p2a: PPK Rosada|34/100 brn|[from] item: Leftovers
|-damage|p2a: PPK Rosada|28/100 brn|[from] brn
|upkeep
|turn|40
|
|move|p2a: PPK Rosada|Protect|p2a: PPK Rosada
|-singleturn|p2a: PPK Rosada|Protect
|move|p1a: Togekiss|Air Slash|p2a: PPK Rosada
|-activate|p2a: PPK Rosada|move: Protect
|
|-heal|p2a: PPK Rosada|34/100 brn|[from] item: Leftovers
|-damage|p2a: PPK Rosada|28/100 brn|[from] brn
|upkeep
|turn|41
|
|move|p1a: Togekiss|Flamethrower|p2a: PPK Rosada
|-damage|p2a: PPK Rosada|1/100 brn
|move|p2a: PPK Rosada|Wish|p2a: PPK Rosada
|
|-heal|p2a: PPK Rosada|7/100 brn|[from] item: Leftovers
|-damage|p2a: PPK Rosada|1/100 brn|[from] brn
|upkeep
|turn|42
|
|switch|p1a: Excadrill|Excadrill, F|54/100
|-ability|p1a: Excadrill|Mold Breaker
|move|p2a: PPK Rosada|Protect||[still]
|-fail|p2a: PPK Rosada
|
|-heal|p2a: PPK Rosada|51/100 brn|[from] move: Wish|[wisher] PPK Rosada
|-heal|p2a: PPK Rosada|57/100 brn|[from] item: Leftovers
|-damage|p2a: PPK Rosada|51/100 brn|[from] brn
|upkeep
|turn|43
|
|switch|p2a: Corvanus|Corviknight, M, shiny|56/100
|-ability|p2a: Corvanus|Pressure
|move|p1a: Excadrill|Iron Head|p2a: Corvanus
|-resisted|p2a: Corvanus
|-damage|p2a: Corvanus|39/100
|
|-heal|p2a: Corvanus|45/100|[from] item: Leftovers
|upkeep
|turn|44
|
|move|p1a: Excadrill|Rapid Spin|p2a: Corvanus
|-resisted|p2a: Corvanus
|-damage|p2a: Corvanus|38/100
|-boost|p1a: Excadrill|spe|1
|-sideend|p1: Arnaud senju vgc|Toxic Spikes|[from] move: Rapid Spin|[of] p1a: Excadrill
|move|p2a: Corvanus|Roost|p2a: Corvanus
|-heal|p2a: Corvanus|88/100
|-singleturn|p2a: Corvanus|move: Roost
|
|-heal|p2a: Corvanus|94/100|[from] item: Leftovers
|upkeep
|turn|45
|
|switch|p1a: Ribombee|Ribombee, F|50/100 tox
|move|p2a: Corvanus|Defog|p1a: Ribombee
|-unboost|p1a: Ribombee|evasion|1
|-sideend|p2: RokRocket|Sticky Web|[from] move: Defog|[of] p2a: Corvanus
|
|-heal|p2a: Corvanus|100/100|[from] item: Leftovers
|-damage|p1a: Ribombee|44/100 tox|[from] psn
|upkeep
|turn|46
|
|move|p1a: Ribombee|Stun Spore|p2a: Corvanus|[miss]
|-miss|p1a: Ribombee|p2a: Corvanus
|move|p2a: Corvanus|U-turn|p1a: Ribombee
|-resisted|p1a: Ribombee
|-damage|p1a: Ribombee|31/100 tox
|
|switch|p2a: Tapasexy|Toxapex, F, shiny|70/100|[from]move: U-turn
|
|-heal|p2a: Tapasexy|76/100|[from] item: Black Sludge
|-damage|p1a: Ribombee|18/100 tox|[from] psn
|upkeep
|turn|47
|
|move|p1a: Ribombee|Stun Spore|p2a: Tapasexy
|-status|p2a: Tapasexy|par
|move|p2a: Tapasexy|Toxic Spikes|p1a: Ribombee
|-sidestart|p1: Arnaud senju vgc|move: Toxic Spikes
|
|-heal|p2a: Tapasexy|82/100 par|[from] item: Black Sludge
|-damage|p1a: Ribombee|0 fnt|[from] psn
|faint|p1a: Ribombee
|upkeep
|
|switch|p1a: Excadrill|Excadrill, F|54/100
|-ability|p1a: Excadrill|Mold Breaker
|turn|48
|
|move|p1a: Excadrill|Rapid Spin|p2a: Tapasexy
|-damage|p2a: Tapasexy|73/100 par
|-boost|p1a: Excadrill|spe|1
|-sideend|p1: Arnaud senju vgc|Toxic Spikes|[from] move: Rapid Spin|[of] p1a: Excadrill
|move|p2a: Tapasexy|Scald|p1a: Excadrill
|-supereffective|p1a: Excadrill
|-damage|p1a: Excadrill|8/100
|
|-heal|p2a: Tapasexy|79/100 par|[from] item: Black Sludge
|upkeep
|turn|49
|
|switch|p1a: Cloyster|Cloyster, M|100/100
|switch|p2a: Fausto|Seismitoad, M, shiny|100/100
|
|upkeep
|turn|50
|
|move|p1a: Cloyster|Shell Smash|p1a: Cloyster
|-unboost|p1a: Cloyster|def|1
|-unboost|p1a: Cloyster|spd|1
|-boost|p1a: Cloyster|atk|2
|-boost|p1a: Cloyster|spa|2
|-boost|p1a: Cloyster|spe|2
|move|p2a: Fausto|Knock Off|p1a: Cloyster
|-damage|p1a: Cloyster|75/100
|-enditem|p1a: Cloyster|King's Rock|[from] move: Knock Off|[of] p2a: Fausto
|
|upkeep
|turn|51
|
|move|p1a: Cloyster|Icicle Spear|p2a: Fausto
|-damage|p2a: Fausto|87/100
|-damage|p2a: Fausto|73/100
|-damage|p2a: Fausto|60/100
|-damage|p2a: Fausto|47/100
|-damage|p2a: Fausto|32/100
|-hitcount|p2a: Fausto|5
|move|p2a: Fausto|Scald|p1a: Cloyster
|-resisted|p1a: Cloyster
|-damage|p1a: Cloyster|37/100
|
|-heal|p2a: Fausto|38/100|[from] item: Leftovers
|upkeep
|turn|52
|
|switch|p2a: Tapasexy|Toxapex, F, shiny|100/100 par
|move|p1a: Cloyster|Icicle Spear|p2a: Tapasexy
|-resisted|p2a: Tapasexy
|-damage|p2a: Tapasexy|95/100 par
|-resisted|p2a: Tapasexy
|-damage|p2a: Tapasexy|90/100 par
|-resisted|p2a: Tapasexy
|-damage|p2a: Tapasexy|84/100 par
|-resisted|p2a: Tapasexy
|-damage|p2a: Tapasexy|78/100 par
|-resisted|p2a: Tapasexy
|-damage|p2a: Tapasexy|73/100 par
|-hitcount|p2a: Tapasexy|5
|
|-heal|p2a: Tapasexy|79/100 par|[from] item: Black Sludge
|upkeep
|turn|53
|j| Panic Emoji
|
|move|p1a: Cloyster|Rock Blast|p2a: Tapasexy
|-damage|p2a: Tapasexy|72/100 par
|-damage|p2a: Tapasexy|64/100 par
|-damage|p2a: Tapasexy|57/100 par
|-damage|p2a: Tapasexy|50/100 par
|-damage|p2a: Tapasexy|42/100 par
|-hitcount|p2a: Tapasexy|5
|move|p2a: Tapasexy|Scald|p1a: Cloyster
|-resisted|p1a: Cloyster
|-damage|p1a: Cloyster|11/100
|-status|p1a: Cloyster|brn
|
|-heal|p2a: Tapasexy|48/100 par|[from] item: Black Sludge
|-damage|p1a: Cloyster|5/100 brn|[from] brn
|upkeep
|turn|54
|j| Billy Billyson
|j| pokerus = corona
|
|switch|p1a: Magearna|Magearna|100/100
|move|p2a: Tapasexy|Toxic Spikes|p1a: Magearna
|-sidestart|p1: Arnaud senju vgc|move: Toxic Spikes
|
|-heal|p2a: Tapasexy|54/100 par|[from] item: Black Sludge
|upkeep
|turn|55
|j| Best Teambuilder
|
|switch|p2a: Urshifu|Urshifu, M|100/100
|move|p1a: Magearna|Calm Mind|p1a: Magearna
|-boost|p1a: Magearna|spa|1
|-boost|p1a: Magearna|spd|1
|
|upkeep
|turn|56
|l| pokerus = corona
|
|move|p2a: Urshifu|Close Combat|p1a: Magearna
|-damage|p1a: Magearna|30/100
|-unboost|p2a: Urshifu|def|1
|-unboost|p2a: Urshifu|spd|1
|move|p1a: Magearna|Iron Defense|p1a: Magearna
|-boost|p1a: Magearna|def|2
|
|-heal|p1a: Magearna|36/100|[from] item: Leftovers
|upkeep
|turn|57
|
|move|p2a: Urshifu|Close Combat|p1a: Magearna
|-damage|p1a: Magearna|0 fnt
|-unboost|p2a: Urshifu|def|1
|-unboost|p2a: Urshifu|spd|1
|faint|p1a: Magearna
|
|upkeep
|-message|Arnaud senju vgc forfeited.
|
|win|RokRocket
|l|☆Arnaud senju vgc
|l| Billy Billyson
|l| Best Teambuilder
||Ladder (probably) updated, but score could not be retrieved (Request timeout).
