|j|☆Down$hift
|j|☆Libski
|t:|1662508903
|gametype|singles
|player|p1|Down$hift|teamrocket|1717
|player|p2|Libski|bede|1754
|teamsize|p1|6
|teamsize|p2|6
|gen|8
|tier|[Gen 8] OU
|rated|
|rule|Sleep Clause Mod: Limit one foe put to sleep
|rule|Species Clause: Limit one of each Pokémon
|rule|OHKO Clause: OHKO moves are banned
|rule|Evasion Items Clause: Evasion items are banned
|rule|Evasion Moves Clause: Evasion moves are banned
|rule|Endless Battle Clause: Forcing endless battles is banned
|rule|HP Percentage Mod: HP is shown in percentages
|rule|Dynamax Clause: You cannot dynamax
|clearpoke
|poke|p1|Melmetal|
|poke|p1|Pelipper, F|
|poke|p1|Zapdos|
|poke|p1|Blissey, F|
|poke|p1|Toxapex, M|
|poke|p1|Seismitoad, M|
|poke|p2|Victini|
|poke|p2|Weavile, F|
|poke|p2|Hatterene, F|
|poke|p2|Landorus-Therian, M|
|poke|p2|Toxapex, F|
|poke|p2|Ferrothorn, M|
|teampreview
|c|☆Down$hift|Hf
|j| BeastBraedon123
|c|☆Libski|u2
|inactive|Battle timer is ON: inactive players will automatically lose when time's up. (requested by Down$hift)
|
|t:|1662508935
|start
|switch|p1a: Pottymouth|Pelipper, F|100/100
|switch|p2a: V Royal 😍|Victini|100/100
|-weather|RainDance|[from] ability: Drizzle|[of] p1a: Pottymouth
|turn|1
|
|t:|1662508941
|switch|p1a: Nurse Depression|Blissey, F|100/100
|move|p2a: V Royal 😍|Bolt Strike|p1a: Nurse Depression
|-damage|p1a: Nurse Depression|67/100
|
|-weather|RainDance|[upkeep]
|upkeep
|turn|2
|
|t:|1662508949
|switch|p2a: Laria|Hatterene, F|100/100
|move|p1a: Nurse Depression|Soft-Boiled|p1a: Nurse Depression
|-heal|p1a: Nurse Depression|100/100
|
|-weather|RainDance|[upkeep]
|upkeep
|turn|3
|j| flopslips
|
|t:|1662508957
|switch|p2a: Homie 😎|Ferrothorn, M|100/100
|move|p1a: Nurse Depression|Teleport|p1a: Nurse Depression
|j| Jongruenwald
|
|t:|1662508961
|switch|p1a: Prédastérie|Toxapex, M|100/100|[from]move: Teleport
|
|-weather|RainDance|[upkeep]
|upkeep
|turn|4
|
|t:|1662508967
|move|p1a: Prédastérie|Knock Off|p2a: Homie 😎
|-damage|p2a: Homie 😎|90/100
|-damage|p1a: Prédastérie|88/100|[from] ability: Iron Barbs|[of] p2a: Homie 😎
|-enditem|p2a: Homie 😎|Leftovers|[from] move: Knock Off|[of] p1a: Prédastérie
|move|p2a: Homie 😎|Spikes|p1a: Prédastérie
|-sidestart|p1: Down$hift|Spikes
|
|-weather|RainDance|[upkeep]
|upkeep
|turn|5
|j| BabyPigsAreLaughin
|
|t:|1662508978
|move|p1a: Prédastérie|Scald|p2a: Homie 😎
|-resisted|p2a: Homie 😎
|-damage|p2a: Homie 😎|81/100
|move|p2a: Homie 😎|Leech Seed|p1a: Prédastérie
|-start|p1a: Prédastérie|move: Leech Seed
|
|-weather|none
|-damage|p1a: Prédastérie|76/100|[from] Leech Seed|[of] p2a: Homie 😎
|-heal|p2a: Homie 😎|91/100|[silent]
|upkeep
|turn|6
|
|t:|1662508982
|move|p1a: Prédastérie|Scald|p2a: Homie 😎
|-resisted|p2a: Homie 😎
|-damage|p2a: Homie 😎|85/100
|-status|p2a: Homie 😎|brn
|move|p2a: Homie 😎|Knock Off|p1a: Prédastérie
|-damage|p1a: Prédastérie|72/100
|
|-damage|p1a: Prédastérie|60/100|[from] Leech Seed|[of] p2a: Homie 😎
|-heal|p2a: Homie 😎|95/100 brn|[silent]
|-damage|p2a: Homie 😎|89/100 brn|[from] brn
|upkeep
|turn|7
|j| joebiden101
|c|☆Libski|Wait
|c|☆Libski|Ur no item pex 👀
|
|t:|1662509005
|switch|p1a: Nurse Depression|Blissey, F|100/100
|move|p2a: Homie 😎|Leech Seed|p1a: Nurse Depression
|-start|p1a: Nurse Depression|move: Leech Seed
|
|-damage|p1a: Nurse Depression|88/100|[from] Leech Seed|[of] p2a: Homie 😎
|-heal|p2a: Homie 😎|100/100 brn|[silent]
|-damage|p2a: Homie 😎|94/100 brn|[from] brn
|upkeep
|turn|8
|
|t:|1662509008
|switch|p2a: Laria|Hatterene, F|100/100
|move|p1a: Nurse Depression|Stealth Rock|p2a: Laria
|move|p2a: Laria|Stealth Rock|p1a: Nurse Depression|[from]ability: Magic Bounce
|-sidestart|p1: Down$hift|move: Stealth Rock
|
|-damage|p1a: Nurse Depression|76/100|[from] Leech Seed|[of] p2a: Laria
|upkeep
|turn|9
|
|t:|1662509015
|move|p2a: Laria|Calm Mind|p2a: Laria
|-boost|p2a: Laria|spa|1
|-boost|p2a: Laria|spd|1
|move|p1a: Nurse Depression|Teleport|p1a: Nurse Depression
|
|t:|1662509016
|switch|p1a: Nuts Of Steel|Melmetal|100/100|[from]move: Teleport
|-damage|p1a: Nuts Of Steel|88/100|[from] Spikes
|-damage|p1a: Nuts Of Steel|82/100|[from] Stealth Rock
|
|upkeep
|turn|10
|
|t:|1662509018
|switch|p2a: Yoinky|Toxapex, F|100/100
|move|p1a: Nuts Of Steel|Double Iron Bash|p2a: Yoinky
|-resisted|p2a: Yoinky
|-damage|p2a: Yoinky|89/100
|-resisted|p2a: Yoinky
|-damage|p2a: Yoinky|77/100
|-hitcount|p2a: Yoinky|2
|
|upkeep
|turn|11
|
|t:|1662509023
|switch|p1a: 8GensAndCounting|Zapdos|100/100
|move|p2a: Yoinky|Scald|p1a: 8GensAndCounting
|-damage|p1a: 8GensAndCounting|79/100
|-status|p1a: 8GensAndCounting|brn
|
|-damage|p1a: 8GensAndCounting|73/100 brn|[from] brn
|upkeep
|turn|12
|
|t:|1662509037
|switch|p2a: V Royal 😍|Victini|100/100
|move|p1a: 8GensAndCounting|Hurricane|p2a: V Royal 😍
|-damage|p2a: V Royal 😍|44/100
|
|-damage|p1a: 8GensAndCounting|67/100 brn|[from] brn
|upkeep
|turn|13
|j| Blop_Le_Slime
|l| Blop_Le_Slime
|
|t:|1662509059
|switch|p1a: Pottymouth|Pelipper, F|100/100
|-weather|RainDance|[from] ability: Drizzle|[of] p1a: Pottymouth
|move|p2a: V Royal 😍|Bolt Strike|p1a: Pottymouth
|-supereffective|p1a: Pottymouth
|-damage|p1a: Pottymouth|0 fnt
|faint|p1a: Pottymouth
|
|-weather|RainDance|[upkeep]
|upkeep
|
|t:|1662509068
|switch|p1a: Phroge|Seismitoad, M|100/100
|-damage|p1a: Phroge|88/100|[from] Spikes
|-damage|p1a: Phroge|82/100|[from] Stealth Rock
|turn|14
|j| golgo27
|
|t:|1662509080
|switch|p2a: Yoinky|Toxapex, F|100/100
|move|p1a: Phroge|Earth Power|p2a: Yoinky
|-supereffective|p2a: Yoinky
|-damage|p2a: Yoinky|7/100
|
|-weather|RainDance|[upkeep]
|upkeep
|turn|15
|
|t:|1662509086
|switch|p1a: 8GensAndCounting|Zapdos|67/100 brn
|switch|p2a: Skill Daddy|Landorus-Therian, M|100/100
|-ability|p2a: Skill Daddy|Intimidate|boost
|-unboost|p1a: 8GensAndCounting|atk|1
|
|-weather|RainDance|[upkeep]
|-damage|p1a: 8GensAndCounting|60/100 brn|[from] brn
|upkeep
|turn|16
|j| Celtis
|
|t:|1662509100
|move|p1a: 8GensAndCounting|Hurricane|p2a: Skill Daddy
|-damage|p2a: Skill Daddy|52/100
|move|p2a: Skill Daddy|U-turn|p1a: 8GensAndCounting
|-resisted|p1a: 8GensAndCounting
|-damage|p1a: 8GensAndCounting|47/100 brn
|
|t:|1662509103
|switch|p2a: Wavi|Weavile, F|100/100|[from]move: U-turn
|-ability|p2a: Wavi|Pressure
|
|-weather|RainDance|[upkeep]
|-damage|p1a: 8GensAndCounting|40/100 brn|[from] brn
|upkeep
|turn|17
|
|t:|1662509105
|switch|p1a: Prédastérie|Toxapex, M|93/100
|-damage|p1a: Prédastérie|81/100|[from] Spikes
|-damage|p1a: Prédastérie|69/100|[from] Stealth Rock
|move|p2a: Wavi|Knock Off|p1a: Prédastérie
|-damage|p1a: Prédastérie|43/100
|-damage|p2a: Wavi|91/100|[from] item: Life Orb
|
|-weather|none
|upkeep
|turn|18
|
|t:|1662509117
|switch|p2a: Yoinky|Toxapex, F|40/100
|move|p1a: Prédastérie|Recover|p1a: Prédastérie
|-heal|p1a: Prédastérie|93/100
|
|upkeep
|turn|19
|
|t:|1662509125
|switch|p2a: Homie 😎|Ferrothorn, M|94/100 brn
|move|p1a: Prédastérie|Knock Off|p2a: Homie 😎
|-damage|p2a: Homie 😎|87/100 brn
|-damage|p1a: Prédastérie|81/100|[from] ability: Iron Barbs|[of] p2a: Homie 😎
|
|-damage|p2a: Homie 😎|81/100 brn|[from] brn
|upkeep
|turn|20
|
|t:|1662509132
|switch|p1a: Nurse Depression|Blissey, F|76/100
|move|p2a: Homie 😎|Leech Seed|p1a: Nurse Depression
|-start|p1a: Nurse Depression|move: Leech Seed
|
|-damage|p1a: Nurse Depression|63/100|[from] Leech Seed|[of] p2a: Homie 😎
|-heal|p2a: Homie 😎|100/100 brn|[silent]
|-damage|p2a: Homie 😎|94/100 brn|[from] brn
|upkeep
|turn|21
|
|t:|1662509135
|switch|p2a: Laria|Hatterene, F|100/100
|move|p1a: Nurse Depression|Teleport|p1a: Nurse Depression
|
|t:|1662509138
|switch|p1a: Nuts Of Steel|Melmetal|82/100|[from]move: Teleport
|-damage|p1a: Nuts Of Steel|70/100|[from] Spikes
|-damage|p1a: Nuts Of Steel|64/100|[from] Stealth Rock
|
|upkeep
|turn|22
|c| BabyPigsAreLaughin|What's the purpose of no item Pex?
|
|t:|1662509143
|switch|p2a: Yoinky|Toxapex, F|73/100
|move|p1a: Nuts Of Steel|Double Iron Bash|p2a: Yoinky
|-resisted|p2a: Yoinky
|-damage|p2a: Yoinky|61/100
|-resisted|p2a: Yoinky
|-damage|p2a: Yoinky|47/100
|-hitcount|p2a: Yoinky|2
|
|upkeep
|turn|23
|c|☆Libski|Crawdaunt dont kill
|c|☆Libski|At +2
|c|☆Libski|U totally wall Weavile
|c| flopslips|prob for sd weav
|j| tolm_e
|c|☆Libski|Tr
|c|☆Libski|Good example
|inactive|Libski has 120 seconds left.
|c|☆Libski|Maro can't hit u
|c|☆Libski|That well atleast
|c|☆Libski|And u knock it's thick club
|l| Jongruenwald
|c|☆Libski|I like the tech
|
|t:|1662509186
|move|p1a: Nuts Of Steel|Double Iron Bash|p2a: Yoinky
|-resisted|p2a: Yoinky
|-damage|p2a: Yoinky|34/100
|-resisted|p2a: Yoinky
|-crit|p2a: Yoinky
|-damage|p2a: Yoinky|15/100
|-hitcount|p2a: Yoinky|2
|move|p2a: Yoinky|Recover|p2a: Yoinky
|-heal|p2a: Yoinky|65/100
|
|upkeep
|turn|24
|c| BabyPigsAreLaughin|Ah, I see. Thanks for the info.
|
|t:|1662509194
|move|p1a: Nuts Of Steel|Double Iron Bash|p2a: Yoinky
|-resisted|p2a: Yoinky
|-damage|p2a: Yoinky|54/100
|-resisted|p2a: Yoinky
|-damage|p2a: Yoinky|41/100
|-hitcount|p2a: Yoinky|2
|move|p2a: Yoinky|Scald|p1a: Nuts Of Steel
|-damage|p1a: Nuts Of Steel|44/100
|
|upkeep
|turn|25
|
|t:|1662509197
|switch|p2a: Homie 😎|Ferrothorn, M|94/100 brn
|move|p1a: Nuts Of Steel|Double Iron Bash|p2a: Homie 😎
|-resisted|p2a: Homie 😎
|-damage|p2a: Homie 😎|81/100 brn
|-activate|p2a: Homie 😎|ability: Iron Barbs
|-activate|p1a: Nuts Of Steel|item: Protective Pads
|-resisted|p2a: Homie 😎
|-damage|p2a: Homie 😎|69/100 brn
|-activate|p2a: Homie 😎|ability: Iron Barbs
|-activate|p1a: Nuts Of Steel|item: Protective Pads
|-hitcount|p2a: Homie 😎|2
|
|-damage|p2a: Homie 😎|62/100 brn|[from] brn
|upkeep
|turn|26
|
|t:|1662509205
|switch|p2a: Yoinky|Toxapex, F|74/100
|move|p1a: Nuts Of Steel|Double Iron Bash|p2a: Yoinky
|-resisted|p2a: Yoinky
|-damage|p2a: Yoinky|62/100
|-resisted|p2a: Yoinky
|-damage|p2a: Yoinky|50/100
|-hitcount|p2a: Yoinky|2
|
|upkeep
|turn|27
|j| Jongruenwald
|
|t:|1662509209
|move|p1a: Nuts Of Steel|Thunder Punch|p2a: Yoinky
|-supereffective|p2a: Yoinky
|-damage|p2a: Yoinky|11/100
|move|p2a: Yoinky|Scald|p1a: Nuts Of Steel
|-damage|p1a: Nuts Of Steel|22/100
|
|upkeep
|turn|28
|j| end64
|
|t:|1662509233
|move|p1a: Nuts Of Steel|Ice Punch|p2a: Yoinky
|-resisted|p2a: Yoinky
|-damage|p2a: Yoinky|1/100
|move|p2a: Yoinky|Scald|p1a: Nuts Of Steel
|-damage|p1a: Nuts Of Steel|3/100
|
|upkeep
|turn|29
|
|t:|1662509240
|move|p1a: Nuts Of Steel|Ice Punch|p2a: Yoinky
|-resisted|p2a: Yoinky
|-damage|p2a: Yoinky|0 fnt
|faint|p2a: Yoinky
|
|upkeep
|l| tolm_e
|c|☆Libski|The clutch 1hp live lol
|
|t:|1662509252
|switch|p2a: Skill Daddy|Landorus-Therian, M|52/100
|-ability|p2a: Skill Daddy|Intimidate|boost
|-unboost|p1a: Nuts Of Steel|atk|1
|turn|30
|c| BabyPigsAreLaughin|That 1%, though.
|
|t:|1662509261
|move|p2a: Skill Daddy|U-turn|p1a: Nuts Of Steel
|-resisted|p1a: Nuts Of Steel
|-damage|p1a: Nuts Of Steel|0 fnt
|faint|p1a: Nuts Of Steel
|
|t:|1662509266
|switch|p2a: Wavi|Weavile, F|91/100|[from]move: U-turn
|-ability|p2a: Wavi|Pressure
|
|upkeep
|
|t:|1662509279
|switch|p1a: Prédastérie|Toxapex, M|100/100
|-damage|p1a: Prédastérie|88/100|[from] Spikes
|-damage|p1a: Prédastérie|76/100|[from] Stealth Rock
|turn|31
|c|☆Down$hift|Gg
|-message|Down$hift forfeited.
|
|win|Libski
|raw|Down$hift's rating: 1717 &rarr; <strong>1699</strong><br />(-18 for losing)
|raw|Libski's rating: 1754 &rarr; <strong>1772</strong><br />(+18 for winning)
|l|☆Down$hift
|c|☆Libski|gg
|l| golgo27
|l| flopslips
|l|☆Libski
|j|☆Libski
|player|p2|Libski|bede
|c| BabyPigsAreLaughin|You spanked him, nice.
||Ladder isn't responding, score probably updated but might not have (Request timeout).
