|j|☆imchokingrn
|j|☆Darkortex
|t:|1642389525
|gametype|singles
|player|p1|imchokingrn|backpacker|1686
|player|p2|Darkortex|hilbert|1653
|teamsize|p1|6
|teamsize|p2|6
|gen|8
|tier|[Gen 8] OU
|rated|
|rule|Sleep Clause Mod: Limit one foe put to sleep
|rule|Species Clause: Limit one of each Pokémon
|rule|OHKO Clause: OHKO moves are banned
|rule|Evasion Moves Clause: Evasion moves are banned
|rule|Endless Battle Clause: Forcing endless battles is banned
|rule|HP Percentage Mod: HP is shown in percentages
|rule|Dynamax Clause: You cannot dynamax
|clearpoke
|poke|p1|Weavile, M|
|poke|p1|Tapu Lele|
|poke|p1|Heatran, F|
|poke|p1|Landorus-Therian, M|
|poke|p1|Ferrothorn, M|
|poke|p1|Zapdos|
|poke|p2|Latios, M|
|poke|p2|Bisharp, F|
|poke|p2|Mew|
|poke|p2|Landorus-Therian, M|
|poke|p2|Tapu Koko|
|poke|p2|Toxapex, F|
|teampreview
|inactive|Battle timer is ON: inactive players will automatically lose when time's up. (requested by Darkortex)
|j| GGeorgie
|inactive|imchokingrn has 120 seconds left.
|
|t:|1642389573
|start
|switch|p1a: Weavile|Weavile, M|100/100
|switch|p2a: Mew|Mew|100/100
|-ability|p1a: Weavile|Pressure
|turn|1
|
|t:|1642389598
|switch|p1a: Landorus|Landorus-Therian, M|100/100
|-ability|p1a: Landorus|Intimidate|boost
|-unboost|p2a: Mew|atk|1
|switch|p2a: Toxapex|Toxapex, F|100/100
|
|upkeep
|turn|2
|
|t:|1642389608
|move|p1a: Landorus|U-turn|p2a: Toxapex
|-resisted|p2a: Toxapex
|-damage|p2a: Toxapex|94/100
|-damage|p1a: Landorus|84/100|[from] item: Rocky Helmet|[of] p2a: Toxapex
|
|t:|1642389614
|switch|p1a: Ferrothorn|Ferrothorn, M|100/100|[from]move: U-turn
|move|p2a: Toxapex|Toxic Spikes|p1a: Ferrothorn
|-sidestart|p1: imchokingrn|move: Toxic Spikes
|
|upkeep
|turn|3
|
|t:|1642389623
|switch|p2a: Mew|Mew|100/100
|move|p1a: Ferrothorn|Spikes|p2a: Mew
|-sidestart|p2: Darkortex|Spikes
|
|upkeep
|turn|4
|
|t:|1642389627
|switch|p1a: Zapdos|Zapdos|100/100
|move|p2a: Mew|Knock Off|p1a: Zapdos
|-damage|p1a: Zapdos|86/100
|-enditem|p1a: Zapdos|Heavy-Duty Boots|[from] move: Knock Off|[of] p2a: Mew
|
|upkeep
|turn|5
|
|t:|1642389632
|move|p2a: Mew|Taunt|p1a: Zapdos
|-start|p1a: Zapdos|move: Taunt
|move|p1a: Zapdos|Volt Switch|p2a: Mew
|-damage|p2a: Mew|77/100
|
|t:|1642389641
|switch|p1a: Heatran|Heatran, F|100/100|[from]move: Volt Switch
|
|upkeep
|turn|6
|
|t:|1642389645
|move|p2a: Mew|Knock Off|p1a: Heatran
|-damage|p1a: Heatran|80/100
|-enditem|p1a: Heatran|Leftovers|[from] move: Knock Off|[of] p2a: Mew
|move|p1a: Heatran|Magma Storm|p2a: Mew
|-damage|p2a: Mew|42/100
|-activate|p2a: Mew|move: Magma Storm|[of] p1a: Heatran
|
|-damage|p2a: Mew|30/100|[from] move: Magma Storm|[partiallytrapped]
|upkeep
|turn|7
|
|t:|1642389654
|move|p2a: Mew|Taunt|p1a: Heatran
|-start|p1a: Heatran|move: Taunt
|move|p1a: Heatran|Heavy Slam|p2a: Mew
|-damage|p2a: Mew|0 fnt
|faint|p2a: Mew
|
|upkeep
|
|t:|1642389658
|switch|p2a: Landorus|Landorus-Therian, M|100/100
|-ability|p2a: Landorus|Intimidate|boost
|-unboost|p1a: Heatran|atk|1
|turn|8
|
|t:|1642389662
|switch|p1a: Landorus|Landorus-Therian, M|84/100
|-ability|p1a: Landorus|Intimidate|boost
|-unboost|p2a: Landorus|atk|1
|move|p2a: Landorus|Stealth Rock|p1a: Landorus
|-sidestart|p1: imchokingrn|move: Stealth Rock
|
|-heal|p1a: Landorus|90/100|[from] item: Leftovers
|upkeep
|turn|9
|
|t:|1642389665
|move|p1a: Landorus|U-turn|p2a: Landorus
|-resisted|p2a: Landorus
|-damage|p2a: Landorus|91/100
|
|t:|1642389668
|switch|p1a: Ferrothorn|Ferrothorn, M|100/100|[from]move: U-turn
|-damage|p1a: Ferrothorn|94/100|[from] Stealth Rock
|move|p2a: Landorus|U-turn|p1a: Ferrothorn
|-damage|p1a: Ferrothorn|85/100
|-damage|p2a: Landorus|79/100|[from] ability: Iron Barbs|[of] p1a: Ferrothorn
|
|t:|1642389672
|switch|p2a: Latios|Latios, M|100/100|[from]move: U-turn
|
|-heal|p1a: Ferrothorn|92/100|[from] item: Leftovers
|upkeep
|turn|10
|inactive|imchokingrn has 120 seconds left.
|
|t:|1642389730
|switch|p1a: Tapu Lele|Tapu Lele|100/100
|-status|p1a: Tapu Lele|psn
|-damage|p1a: Tapu Lele|88/100 psn|[from] Stealth Rock
|-fieldstart|move: Psychic Terrain|[from] ability: Psychic Surge|[of] p1a: Tapu Lele
|move|p2a: Latios|Mystical Fire|p1a: Tapu Lele
|-damage|p1a: Tapu Lele|50/100 psn
|-unboost|p1a: Tapu Lele|spa|1
|
|-damage|p1a: Tapu Lele|37/100 psn|[from] psn
|upkeep
|turn|11
|inactive|imchokingrn has 90 seconds left.
|
|t:|1642389751
|switch|p1a: Heatran|Heatran, F|80/100
|-damage|p1a: Heatran|68/100|[from] Stealth Rock
|switch|p2a: Tapu Koko|Tapu Koko|100/100
|-fieldstart|move: Electric Terrain|[from] ability: Electric Surge|[of] p2a: Tapu Koko
|
|upkeep
|turn|12
|
|t:|1642389756
|switch|p1a: Landorus|Landorus-Therian, M|90/100
|-damage|p1a: Landorus|78/100|[from] Stealth Rock
|-ability|p1a: Landorus|Intimidate|boost
|-unboost|p2a: Tapu Koko|atk|1
|move|p2a: Tapu Koko|U-turn|p1a: Landorus
|-resisted|p1a: Landorus
|-damage|p1a: Landorus|72/100
|
|t:|1642389760
|switch|p2a: Latios|Latios, M|100/100|[from]move: U-turn
|
|-heal|p1a: Landorus|79/100|[from] item: Leftovers
|upkeep
|turn|13
|inactive|imchokingrn has 90 seconds left.
|
|t:|1642389785
|switch|p1a: Tapu Lele|Tapu Lele|37/100 psn
|-damage|p1a: Tapu Lele|25/100 psn|[from] Stealth Rock
|-fieldstart|move: Psychic Terrain|[from] ability: Psychic Surge|[of] p1a: Tapu Lele
|move|p2a: Latios|Draco Meteor|p1a: Tapu Lele
|-immune|p1a: Tapu Lele
|
|-damage|p1a: Tapu Lele|12/100 psn|[from] psn
|upkeep
|turn|14
|inactive|imchokingrn has 90 seconds left.
|
|t:|1642389796
|switch|p1a: Ferrothorn|Ferrothorn, M|92/100
|-damage|p1a: Ferrothorn|85/100|[from] Stealth Rock
|switch|p2a: Toxapex|Toxapex, F|100/100
|-damage|p2a: Toxapex|88/100|[from] Spikes
|
|-heal|p1a: Ferrothorn|92/100|[from] item: Leftovers
|upkeep
|turn|15
|inactive|imchokingrn has 90 seconds left.
|
|t:|1642389803
|switch|p2a: Latios|Latios, M|100/100
|move|p1a: Ferrothorn|Leech Seed|p2a: Latios
|-start|p2a: Latios|move: Leech Seed
|
|-heal|p1a: Ferrothorn|98/100|[from] item: Leftovers
|-damage|p2a: Latios|88/100|[from] Leech Seed|[of] p1a: Ferrothorn
|-heal|p1a: Ferrothorn|100/100|[silent]
|upkeep
|turn|16
|
|t:|1642389807
|switch|p1a: Heatran|Heatran, F|68/100
|-damage|p1a: Heatran|55/100|[from] Stealth Rock
|move|p2a: Latios|Surf|p1a: Heatran
|-supereffective|p1a: Heatran
|-damage|p1a: Heatran|0 fnt
|faint|p1a: Heatran
|
|upkeep
|
|t:|1642389810
|switch|p1a: Weavile|Weavile, M|100/100
|-ability|p1a: Weavile|Pressure
|turn|17
|
|t:|1642389821
|switch|p2a: Toxapex|Toxapex, F|100/100
|-damage|p2a: Toxapex|88/100|[from] Spikes
|move|p1a: Weavile|Swords Dance|p1a: Weavile
|-boost|p1a: Weavile|atk|2
|
|-fieldend|move: Psychic Terrain
|upkeep
|turn|18
|inactive|imchokingrn has 90 seconds left.
|
|t:|1642389868
|move|p1a: Weavile|Swords Dance|p1a: Weavile
|-boost|p1a: Weavile|atk|2
|move|p2a: Toxapex|Haze|p2a: Toxapex
|-clearallboost
|
|upkeep
|turn|19
|
|t:|1642389872
|move|p1a: Weavile|Swords Dance|p1a: Weavile
|-boost|p1a: Weavile|atk|2
|move|p2a: Toxapex|Scald|p1a: Weavile
|-damage|p1a: Weavile|76/100
|
|upkeep
|turn|20
|
|t:|1642389877
|switch|p1a: Ferrothorn|Ferrothorn, M|100/100
|-damage|p1a: Ferrothorn|94/100|[from] Stealth Rock
|move|p2a: Toxapex|Haze|p2a: Toxapex
|-clearallboost
|
|-heal|p1a: Ferrothorn|100/100|[from] item: Leftovers
|upkeep
|turn|21
|
|t:|1642389884
|move|p2a: Toxapex|Scald|p1a: Ferrothorn
|-resisted|p1a: Ferrothorn
|-damage|p1a: Ferrothorn|93/100
|move|p1a: Ferrothorn|Spikes|p2a: Toxapex
|-sidestart|p2: Darkortex|Spikes
|
|-heal|p1a: Ferrothorn|99/100|[from] item: Leftovers
|upkeep
|turn|22
|
|t:|1642389892
|move|p2a: Toxapex|Scald|p1a: Ferrothorn
|-resisted|p1a: Ferrothorn
|-damage|p1a: Ferrothorn|93/100
|-status|p1a: Ferrothorn|brn
|move|p1a: Ferrothorn|Leech Seed|p2a: Toxapex
|-start|p2a: Toxapex|move: Leech Seed
|
|-heal|p1a: Ferrothorn|99/100 brn|[from] item: Leftovers
|-damage|p2a: Toxapex|75/100|[from] Leech Seed|[of] p1a: Ferrothorn
|-heal|p1a: Ferrothorn|100/100 brn|[silent]
|-damage|p1a: Ferrothorn|94/100 brn|[from] brn
|upkeep
|turn|23
|
|t:|1642389896
|switch|p2a: Bisharp|Bisharp, F|100/100
|-damage|p2a: Bisharp|84/100|[from] Spikes
|move|p1a: Ferrothorn|Spikes|p2a: Bisharp
|-sidestart|p2: Darkortex|Spikes
|
|-heal|p1a: Ferrothorn|100/100 brn|[from] item: Leftovers
|-damage|p1a: Ferrothorn|94/100 brn|[from] brn
|upkeep
|turn|24
|
|t:|1642389902
|move|p2a: Bisharp|Knock Off|p1a: Ferrothorn
|-crit|p1a: Ferrothorn
|-damage|p1a: Ferrothorn|37/100 brn
|-damage|p2a: Bisharp|72/100|[from] ability: Iron Barbs|[of] p1a: Ferrothorn
|-enditem|p1a: Ferrothorn|Leftovers|[from] move: Knock Off|[of] p2a: Bisharp
|move|p1a: Ferrothorn|Body Press|p2a: Bisharp
|-supereffective|p2a: Bisharp
|-damage|p2a: Bisharp|0 fnt
|faint|p2a: Bisharp
|
|-damage|p1a: Ferrothorn|31/100 brn|[from] brn
|upkeep
|
|t:|1642389917
|switch|p2a: Latios|Latios, M|88/100
|turn|25
|
|t:|1642389927
|switch|p1a: Tapu Lele|Tapu Lele|12/100 psn
|-damage|p1a: Tapu Lele|0 fnt|[from] Stealth Rock
|faint|p1a: Tapu Lele
|move|p2a: Latios|Mystical Fire|p1: Tapu Lele|[notarget]
|-fail|p2a: Latios
|
|upkeep
|inactive|imchokingrn has 120 seconds left.
|
|t:|1642389949
|switch|p1a: Landorus|Landorus-Therian, M|79/100
|-damage|p1a: Landorus|66/100|[from] Stealth Rock
|-ability|p1a: Landorus|Intimidate|boost
|-unboost|p2a: Latios|atk|1
|turn|26
|
|t:|1642389955
|move|p2a: Latios|Mystical Fire|p1a: Landorus
|-damage|p1a: Landorus|35/100
|-unboost|p1a: Landorus|spa|1
|move|p1a: Landorus|Stealth Rock|p2a: Latios
|-sidestart|p2: Darkortex|move: Stealth Rock
|
|-heal|p1a: Landorus|41/100|[from] item: Leftovers
|upkeep
|turn|27
|
|t:|1642389961
|switch|p2a: Toxapex|Toxapex, F|100/100
|-damage|p2a: Toxapex|88/100|[from] Stealth Rock
|-damage|p2a: Toxapex|63/100|[from] Spikes
|move|p1a: Landorus|U-turn|p2a: Toxapex
|-resisted|p2a: Toxapex
|-damage|p2a: Toxapex|56/100
|-damage|p1a: Landorus|25/100|[from] item: Rocky Helmet|[of] p2a: Toxapex
|
|t:|1642389968
|switch|p1a: Zapdos|Zapdos|86/100|[from]move: U-turn
|-damage|p1a: Zapdos|61/100|[from] Stealth Rock
|
|upkeep
|turn|28
|
|t:|1642389971
|switch|p2a: Landorus|Landorus-Therian, M|79/100
|-damage|p2a: Landorus|66/100|[from] Stealth Rock
|-ability|p2a: Landorus|Intimidate|boost
|-unboost|p1a: Zapdos|atk|1
|move|p1a: Zapdos|Volt Switch|p2a: Landorus
|-immune|p2a: Landorus
|
|-heal|p2a: Landorus|72/100|[from] item: Leftovers
|upkeep
|turn|29
|
|t:|1642389977
|move|p1a: Zapdos|Hurricane|p2a: Landorus
|-damage|p2a: Landorus|37/100
|-start|p2a: Landorus|confusion
|-activate|p2a: Landorus|confusion
|-damage|p2a: Landorus|26/100|[from] confusion
|
|-heal|p2a: Landorus|32/100|[from] item: Leftovers
|upkeep
|turn|30
|
|t:|1642389987
|move|p1a: Zapdos|Hurricane|p2a: Landorus|[miss]
|-miss|p1a: Zapdos|p2a: Landorus
|-activate|p2a: Landorus|confusion
|move|p2a: Landorus|U-turn|p1a: Zapdos
|-resisted|p1a: Zapdos
|-damage|p1a: Zapdos|52/100
|-status|p2a: Landorus|par|[from] ability: Static|[of] p1a: Zapdos
|
|t:|1642389990
|switch|p2a: Latios|Latios, M|88/100|[from]move: U-turn
|-damage|p2a: Latios|76/100|[from] Stealth Rock
|
|upkeep
|turn|31
|
|t:|1642389997
|switch|p1a: Landorus|Landorus-Therian, M|25/100
|-damage|p1a: Landorus|13/100|[from] Stealth Rock
|-ability|p1a: Landorus|Intimidate|boost
|-unboost|p2a: Latios|atk|1
|move|p2a: Latios|Draco Meteor|p1a: Landorus
|-damage|p1a: Landorus|0 fnt
|-unboost|p2a: Latios|spa|2
|faint|p1a: Landorus
|
|upkeep
|
|t:|1642390001
|switch|p1a: Weavile|Weavile, M|76/100
|-ability|p1a: Weavile|Pressure
|turn|32
|
|t:|1642390023
|move|p1a: Weavile|Knock Off|p2a: Latios
|-supereffective|p2a: Latios
|-damage|p2a: Latios|0 fnt
|-enditem|p2a: Latios|Choice Specs|[from] move: Knock Off|[of] p1a: Weavile
|faint|p2a: Latios
|
|upkeep
|
|t:|1642390027
|switch|p2a: Tapu Koko|Tapu Koko|100/100
|-fieldstart|move: Electric Terrain|[from] ability: Electric Surge|[of] p2a: Tapu Koko
|turn|33
|-message|imchokingrn forfeited.
|
|win|Darkortex
|raw|imchokingrn's rating: 1686 &rarr; <strong>1664</strong><br />(-22 for losing)
|raw|Darkortex's rating: 1653 &rarr; <strong>1675</strong><br />(+22 for winning)
