|j|☆newinthegame
|j|☆misplayin
|t:|1665092496
|gametype|singles
|player|p1|newinthegame|cynthia-gen4|1668
|player|p2|misplayin|pokemonrangerf-gen4|1677
|teamsize|p1|6
|teamsize|p2|6
|gen|8
|tier|[Gen 8] OU
|rated|
|rule|Sleep Clause Mod: Limit one foe put to sleep
|rule|Species Clause: Limit one of each Pokémon
|rule|OHKO Clause: OHKO moves are banned
|rule|Evasion Items Clause: Evasion items are banned
|rule|Evasion Moves Clause: Evasion moves are banned
|rule|Endless Battle Clause: Forcing endless battles is banned
|rule|HP Percentage Mod: HP is shown in percentages
|rule|Dynamax Clause: You cannot dynamax
|clearpoke
|poke|p1|Tapu Lele|
|poke|p1|Blissey, F|
|poke|p1|Urshifu-*, F|
|poke|p1|Landorus-Therian, M|
|poke|p1|Heatran, M|
|poke|p1|Slowbro, F|
|poke|p2|Blacephalon|
|poke|p2|Toxapex, M|
|poke|p2|Garchomp, M|
|poke|p2|Magnezone|
|poke|p2|Tornadus-Therian, M|
|poke|p2|Weavile, M|
|teampreview
|inactive|Battle timer is ON: inactive players will automatically lose when time's up. (requested by misplayin)
|
|t:|1665092516
|start
|switch|p1a: Urshifu|Urshifu-Rapid-Strike, F|100/100
|switch|p2a: Weavile|Weavile, M|100/100
|-ability|p2a: Weavile|Pressure
|turn|1
|
|t:|1665092522
|switch|p2a: Toxapex|Toxapex, M|100/100
|move|p1a: Urshifu|U-turn|p2a: Toxapex
|-resisted|p2a: Toxapex
|-damage|p2a: Toxapex|93/100
|-damage|p1a: Urshifu|84/100|[from] item: Rocky Helmet|[of] p2a: Toxapex
|
|t:|1665092526
|switch|p1a: Tapu Lele|Tapu Lele|100/100|[from]move: U-turn
|-fieldstart|move: Psychic Terrain|[from] ability: Psychic Surge|[of] p1a: Tapu Lele
|
|upkeep
|turn|2
|
|t:|1665092536
|switch|p2a: Tornadus|Tornadus-Therian, M|100/100
|move|p1a: Tapu Lele|Moonblast|p2a: Tornadus
|-damage|p2a: Tornadus|27/100
|
|upkeep
|turn|3
|j| inv solak plz
|
|t:|1665092541
|switch|p1a: Slowbro|Slowbro, F|100/100
|move|p2a: Tornadus|U-turn|p1a: Slowbro
|-supereffective|p1a: Slowbro
|-damage|p1a: Slowbro|83/100
|-damage|p2a: Tornadus|10/100|[from] item: Rocky Helmet|[of] p1a: Slowbro
|
|t:|1665092543
|switch|p2a: Blacephalon|Blacephalon|100/100|[from]move: U-turn
|
|upkeep
|turn|4
|
|t:|1665092546
|switch|p1a: Blissey|Blissey, F|100/100
|move|p2a: Blacephalon|Trick|p1a: Blissey
|-activate|p2a: Blacephalon|move: Trick|[of] p1a: Blissey
|-item|p1a: Blissey|Choice Specs|[from] move: Trick
|-item|p2a: Blacephalon|Heavy-Duty Boots|[from] move: Trick
|
|upkeep
|turn|5
|
|t:|1665092553
|switch|p2a: Tornadus|Tornadus-Therian, M|43/100
|move|p1a: Blissey|Teleport|p1a: Blissey
|
|t:|1665092555
|switch|p1a: Urshifu|Urshifu-Rapid-Strike, F|84/100|[from]move: Teleport
|
|-fieldend|move: Psychic Terrain
|upkeep
|turn|6
|
|t:|1665092563
|switch|p2a: Toxapex|Toxapex, M|100/100
|move|p1a: Urshifu|Ice Punch|p2a: Toxapex
|-resisted|p2a: Toxapex
|-damage|p2a: Toxapex|92/100
|-damage|p1a: Urshifu|68/100|[from] item: Rocky Helmet|[of] p2a: Toxapex
|
|upkeep
|turn|7
|
|t:|1665092574
|switch|p1a: Blissey|Blissey, F|100/100
|move|p2a: Toxapex|Toxic|p1a: Blissey
|-status|p1a: Blissey|tox
|
|-damage|p1a: Blissey|94/100 tox|[from] psn
|upkeep
|turn|8
|l|☆newinthegame
|inactive|newinthegame disconnected and has a minute to reconnect!
|player|p1|
|inactive|newinthegame has 30 seconds to reconnect!
|j|☆newinthegame
|inactive|newinthegame reconnected and has 105 seconds left.
|player|p1|newinthegame|cynthia-gen4
|
|t:|1665092623
|switch|p2a: Tornadus|Tornadus-Therian, M|76/100
|move|p1a: Blissey|Teleport|p1a: Blissey
|
|t:|1665092629
|-curestatus|p1a: Blissey|tox|[from] ability: Natural Cure
|switch|p1a: Urshifu|Urshifu-Rapid-Strike, F|68/100|[from]move: Teleport
|
|upkeep
|turn|9
|
|t:|1665092633
|switch|p1a: Tapu Lele|Tapu Lele|100/100
|-fieldstart|move: Psychic Terrain|[from] ability: Psychic Surge|[of] p1a: Tapu Lele
|move|p2a: Tornadus|Hurricane|p1a: Tapu Lele
|-damage|p1a: Tapu Lele|54/100
|-start|p1a: Tapu Lele|confusion
|
|upkeep
|turn|10
|l| inv solak plz
|inactive|newinthegame has 120 seconds left.
|
|t:|1665092640
|switch|p1a: Blissey|Blissey, F|94/100
|move|p2a: Tornadus|U-turn|p1a: Blissey
|-damage|p1a: Blissey|82/100
|
|t:|1665092649
|switch|p2a: Blacephalon|Blacephalon|100/100|[from]move: U-turn
|
|upkeep
|turn|11
|
|t:|1665092656
|move|p2a: Blacephalon|Flamethrower|p1a: Blissey
|-damage|p1a: Blissey|63/100
|move|p1a: Blissey|Teleport|p1a: Blissey
|
|t:|1665092661
|switch|p1a: Landorus|Landorus-Therian, M|100/100|[from]move: Teleport
|-ability|p1a: Landorus|Intimidate|boost
|-unboost|p2a: Blacephalon|atk|1
|
|upkeep
|turn|12
|
|t:|1665092672
|switch|p2a: Garchomp|Garchomp, M|100/100
|move|p1a: Landorus|U-turn|p2a: Garchomp
|-damage|p2a: Garchomp|81/100
|-damage|p1a: Landorus|88/100|[from] ability: Rough Skin|[of] p2a: Garchomp
|
|t:|1665092674
|switch|p1a: Slowbro|Slowbro, F|100/100|[from]move: U-turn
|
|-heal|p2a: Garchomp|87/100|[from] item: Leftovers
|upkeep
|turn|13
|
|t:|1665092678
|move|p2a: Garchomp|Toxic|p1a: Slowbro
|-status|p1a: Slowbro|tox
|move|p1a: Slowbro|Ice Beam|p2a: Garchomp
|-supereffective|p2a: Garchomp
|-damage|p2a: Garchomp|25/100
|
|-heal|p2a: Garchomp|32/100|[from] item: Leftovers
|-damage|p1a: Slowbro|94/100 tox|[from] psn
|-fieldend|move: Psychic Terrain
|upkeep
|turn|14
|
|t:|1665092683
|move|p2a: Garchomp|Stealth Rock|p1a: Slowbro
|-sidestart|p1: newinthegame|move: Stealth Rock
|move|p1a: Slowbro|Teleport|p1a: Slowbro
|
|t:|1665092686
|switch|p1a: Landorus|Landorus-Therian, M|88/100|[from]move: Teleport
|-damage|p1a: Landorus|76/100|[from] Stealth Rock
|-ability|p1a: Landorus|Intimidate|boost
|-unboost|p2a: Garchomp|atk|1
|
|-heal|p2a: Garchomp|38/100|[from] item: Leftovers
|-heal|p1a: Landorus|82/100|[from] item: Leftovers
|upkeep
|turn|15
|
|t:|1665092691
|move|p2a: Garchomp|Protect|p2a: Garchomp
|-singleturn|p2a: Garchomp|Protect
|move|p1a: Landorus|Earthquake|p2a: Garchomp
|-activate|p2a: Garchomp|move: Protect
|
|-heal|p2a: Garchomp|44/100|[from] item: Leftovers
|-heal|p1a: Landorus|88/100|[from] item: Leftovers
|upkeep
|turn|16
|
|t:|1665092695
|move|p2a: Garchomp|Toxic|p1a: Landorus
|-status|p1a: Landorus|tox
|move|p1a: Landorus|Defog|p2a: Garchomp
|-unboost|p2a: Garchomp|evasion|1
|-sideend|p1: newinthegame|Stealth Rock|[from] move: Defog|[of] p1a: Landorus
|
|-heal|p2a: Garchomp|50/100|[from] item: Leftovers
|-heal|p1a: Landorus|94/100 tox|[from] item: Leftovers
|-damage|p1a: Landorus|88/100 tox|[from] psn
|upkeep
|turn|17
|
|t:|1665092697
|move|p2a: Garchomp|Protect|p2a: Garchomp
|-singleturn|p2a: Garchomp|Protect
|move|p1a: Landorus|Earthquake|p2a: Garchomp
|-activate|p2a: Garchomp|move: Protect
|
|-heal|p2a: Garchomp|56/100|[from] item: Leftovers
|-heal|p1a: Landorus|94/100 tox|[from] item: Leftovers
|-damage|p1a: Landorus|82/100 tox|[from] psn
|upkeep
|turn|18
|-message|newinthegame forfeited.
|
|win|misplayin
|raw|newinthegame's rating: 1668 &rarr; <strong>1649</strong><br />(-19 for losing)
|raw|misplayin's rating: 1677 &rarr; <strong>1696</strong><br />(+19 for winning)
|l|☆newinthegame
||Ladder isn't responding, score probably updated but might not have (Request timeout).
