|j|☆N30N3
|j|☆NMZS Antilope
|player|p1|N30N3|170|1850
|player|p2|NMZS Antilope|veteran|1708
|teamsize|p1|6
|teamsize|p2|6
|gametype|singles
|gen|8
|tier|[Gen 8] OU
|rated|
|html|<div class="broadcast-blue"><strong>OU is currently suspecting Dracovish! For information on how to participate check out the <a href="https://www.smogon.com/forums/threads/3664521/">suspect thread</a>.</strong></div>
|clearpoke
|poke|p1|Mimikyu, F|
|poke|p1|Hippowdon, F|
|poke|p1|Excadrill, F|
|poke|p1|Tyranitar, F|
|poke|p1|Kyurem|
|poke|p1|Ferrothorn, F|
|poke|p2|Vikavolt, M|
|poke|p2|Haxorus, F|
|poke|p2|Excadrill, M|
|poke|p2|Hippowdon, F|
|poke|p2|Clefable, F|
|poke|p2|Dragapult, M|
|rule|Sleep Clause Mod: Limit one foe put to sleep
|rule|Species Clause: Limit one of each Pokémon
|rule|OHKO Clause: OHKO moves are banned
|rule|Evasion Moves Clause: Evasion moves are banned
|rule|Endless Battle Clause: Forcing endless battles is banned
|rule|HP Percentage Mod: HP is shown in percentages
|rule|Dynamax Clause: You cannot dynamax
|teampreview
|inactive|Battle timer is ON: inactive players will automatically lose when time's up. (requested by NMZS Antilope)
|inactive|N30N3 has 120 seconds left.
|
|start
|switch|p1a: Tyranitar|Tyranitar, F|100/100
|switch|p2a: Anon|Vikavolt, M|100/100
|-weather|Sandstorm|[from] ability: Sand Stream|[of] p1a: Tyranitar
|turn|1
|
|move|p1a: Tyranitar|Stone Edge|p2a: Anon
|-supereffective|p2a: Anon
|-enditem|p2a: Anon|Focus Sash
|-damage|p2a: Anon|1/100
|move|p2a: Anon|Sticky Web|p1a: Tyranitar
|-sidestart|p1: N30N3|move: Sticky Web
|
|-weather|Sandstorm|[upkeep]
|-damage|p2a: Anon|0 fnt|[from] Sandstorm
|faint|p2a: Anon
|upkeep
|
|switch|p2a: Karuzo|Excadrill, M|100/100
|turn|2
|
|switch|p1a: Hippowdon|Hippowdon, F|100/100
|-activate|p1a: Hippowdon|move: Sticky Web
|-unboost|p1a: Hippowdon|spe|1
|move|p2a: Karuzo|Earthquake|p1a: Hippowdon
|-crit|p1a: Hippowdon
|-damage|p1a: Hippowdon|30/100
|
|-weather|Sandstorm|[upkeep]
|upkeep
|turn|3
|
|move|p2a: Karuzo|Earthquake|p1a: Hippowdon
|-damage|p1a: Hippowdon|0 fnt
|faint|p1a: Hippowdon
|
|-weather|Sandstorm|[upkeep]
|upkeep
|
|switch|p1a: Mimikyu|Mimikyu, F|100/100
|-activate|p1a: Mimikyu|move: Sticky Web
|-unboost|p1a: Mimikyu|spe|1
|turn|4
|
|switch|p2a: Terra|Hippowdon, F|100/100
|move|p1a: Mimikyu|Drain Punch|p2a: Terra
|-damage|p2a: Terra|87/100
|-enditem|p2a: Terra|Eject Button
|-damage|p1a: Mimikyu|91/100|[from] item: Life Orb
|
|switch|p2a: Kira|Haxorus, F, shiny|100/100
|-ability|p2a: Kira|Mold Breaker
|
|-weather|Sandstorm|[upkeep]
|-damage|p2a: Kira|94/100|[from] Sandstorm
|-damage|p1a: Mimikyu|85/100|[from] Sandstorm
|upkeep
|turn|5
|
|move|p2a: Kira|Poison Jab|p1a: Mimikyu
|-damage|p1a: Mimikyu|38/100
|move|p1a: Mimikyu|Play Rough|p2a: Kira
|-supereffective|p2a: Kira
|-damage|p2a: Kira|0 fnt
|-damage|p1a: Mimikyu|28/100|[from] item: Life Orb
|faint|p2a: Kira
|
|-weather|none
|upkeep
|
|switch|p2a: Terra|Hippowdon, F|87/100
|-weather|Sandstorm|[from] ability: Sand Stream|[of] p2a: Terra
|turn|6
|
|switch|p1a: Ferrothorn|Ferrothorn, F|100/100
|-activate|p1a: Ferrothorn|move: Sticky Web
|-unboost|p1a: Ferrothorn|spe|1
|move|p2a: Terra|Stealth Rock|p1a: Ferrothorn
|-sidestart|p1: N30N3|move: Stealth Rock
|
|-weather|Sandstorm|[upkeep]
|upkeep
|turn|7
|
|switch|p2a: Silberpfeil|Dragapult, M|100/100
|move|p1a: Ferrothorn|Spikes|p2a: Silberpfeil
|-sidestart|p2: NMZS Antilope|Spikes
|
|-weather|Sandstorm|[upkeep]
|-damage|p2a: Silberpfeil|95/100|[from] Sandstorm
|upkeep
|turn|8
|
|move|p2a: Silberpfeil|Fire Blast|p1a: Ferrothorn
|-supereffective|p1a: Ferrothorn
|-damage|p1a: Ferrothorn|0 fnt
|-damage|p2a: Silberpfeil|85/100|[from] item: Life Orb
|faint|p1a: Ferrothorn
|
|-weather|Sandstorm|[upkeep]
|-damage|p2a: Silberpfeil|79/100|[from] Sandstorm
|upkeep
|
|switch|p1a: Tyranitar|Tyranitar, F|100/100
|-damage|p1a: Tyranitar|88/100|[from] Stealth Rock
|-activate|p1a: Tyranitar|move: Sticky Web
|-unboost|p1a: Tyranitar|spe|1
|turn|9
|
|move|p2a: Silberpfeil|Hydro Pump|p1a: Tyranitar
|-supereffective|p1a: Tyranitar
|-damage|p1a: Tyranitar|28/100
|-damage|p2a: Silberpfeil|69/100|[from] item: Life Orb
|move|p1a: Tyranitar|Crunch|p2a: Silberpfeil
|-supereffective|p2a: Silberpfeil
|-damage|p2a: Silberpfeil|0 fnt
|faint|p2a: Silberpfeil
|
|-weather|Sandstorm|[upkeep]
|upkeep
|
|switch|p2a: Karuzo|Excadrill, M|100/100
|-damage|p2a: Karuzo|88/100|[from] Spikes
|turn|10
|
|move|p2a: Karuzo|Earthquake|p1a: Tyranitar
|-supereffective|p1a: Tyranitar
|-damage|p1a: Tyranitar|0 fnt
|faint|p1a: Tyranitar
|
|-weather|none
|upkeep
|
|switch|p1a: Mimikyu|Mimikyu, F|28/100
|-damage|p1a: Mimikyu|16/100|[from] Stealth Rock
|-activate|p1a: Mimikyu|move: Sticky Web
|-unboost|p1a: Mimikyu|spe|1
|turn|11
|
|switch|p2a: Terra|Hippowdon, F|87/100
|-damage|p2a: Terra|75/100|[from] Spikes
|-weather|Sandstorm|[from] ability: Sand Stream|[of] p2a: Terra
|switch|p1a: Excadrill|Excadrill, F|100/100
|-activate|p1a: Excadrill|move: Sticky Web
|-unboost|p1a: Excadrill|spe|1
|-damage|p1a: Excadrill|97/100|[from] Stealth Rock
|
|-weather|Sandstorm|[upkeep]
|upkeep
|turn|12
|
|move|p1a: Excadrill|Rapid Spin|p2a: Terra
|-damage|p2a: Terra|60/100
|-boost|p1a: Excadrill|spe|1
|-sideend|p1: N30N3|Stealth Rock|[from] move: Rapid Spin|[of] p1a: Excadrill
|-sideend|p1: N30N3|Sticky Web|[from] move: Rapid Spin|[of] p1a: Excadrill
|-damage|p1a: Excadrill|87/100|[from] item: Life Orb
|move|p2a: Terra|Earthquake|p1a: Excadrill
|-supereffective|p1a: Excadrill
|-damage|p1a: Excadrill|0 fnt
|faint|p1a: Excadrill
|
|-weather|Sandstorm|[upkeep]
|upkeep
|
|switch|p1a: Kyurem|Kyurem|100/100
|-ability|p1a: Kyurem|Pressure
|turn|13
|
|switch|p2a: Mond|Clefable, F|100/100
|move|p1a: Kyurem|Ice Beam|p2a: Mond
|-damage|p2a: Mond|50/100
|
|-weather|Sandstorm|[upkeep]
|-damage|p1a: Kyurem|94/100|[from] Sandstorm
|-heal|p2a: Mond|56/100|[from] item: Leftovers
|upkeep
|turn|14
|
|move|p1a: Kyurem|Ice Beam|p2a: Mond
|-damage|p2a: Mond|9/100
|move|p2a: Mond|Moonblast|p1a: Kyurem
|-supereffective|p1a: Kyurem
|-damage|p1a: Kyurem|35/100
|-unboost|p1a: Kyurem|spa|1
|
|-weather|Sandstorm|[upkeep]
|-damage|p1a: Kyurem|28/100|[from] Sandstorm
|-heal|p2a: Mond|15/100|[from] item: Leftovers
|upkeep
|turn|15
|
|move|p1a: Kyurem|Ice Beam|p2a: Mond
|-damage|p2a: Mond|0 fnt
|faint|p2a: Mond
|
|-weather|none
|upkeep
|
|switch|p2a: Karuzo|Excadrill, M|88/100
|-damage|p2a: Karuzo|76/100|[from] Spikes
|turn|16
|
|move|p1a: Kyurem|Ice Beam|p2a: Karuzo
|-damage|p2a: Karuzo|8/100
|move|p2a: Karuzo|Rapid Spin|p1a: Kyurem
|-damage|p1a: Kyurem|0 fnt
|-boost|p2a: Karuzo|spe|1
|-sideend|p2: NMZS Antilope|Spikes|[from] move: Rapid Spin|[of] p2a: Karuzo
|faint|p1a: Kyurem
|
|upkeep
|
|switch|p1a: Mimikyu|Mimikyu, F|16/100
|turn|17
|
|switch|p2a: Terra|Hippowdon, F|60/100
|-weather|Sandstorm|[from] ability: Sand Stream|[of] p2a: Terra
|move|p1a: Mimikyu|Swords Dance|p1a: Mimikyu
|-boost|p1a: Mimikyu|atk|2
|
|-weather|Sandstorm|[upkeep]
|-damage|p1a: Mimikyu|10/100|[from] Sandstorm
|upkeep
|turn|18
|
|move|p1a: Mimikyu|Drain Punch|p2a: Terra
|-damage|p2a: Terra|33/100
|-heal|p1a: Mimikyu|33/100|[from] drain|[of] p2a: Terra
|-damage|p1a: Mimikyu|23/100|[from] item: Life Orb
|move|p2a: Terra|Slack Off|p2a: Terra
|-heal|p2a: Terra|83/100
|
|-weather|Sandstorm|[upkeep]
|-damage|p1a: Mimikyu|17/100|[from] Sandstorm
|upkeep
|turn|19
|j| gg its chansey lol
|
|move|p1a: Mimikyu|Drain Punch|p2a: Terra
|-damage|p2a: Terra|55/100
|-heal|p1a: Mimikyu|40/100|[from] drain|[of] p2a: Terra
|-damage|p1a: Mimikyu|30/100|[from] item: Life Orb
|move|p2a: Terra|Earthquake|p1a: Mimikyu
|-activate|p1a: Mimikyu|ability: Disguise
|-damage|p1a: Mimikyu|30/100
|detailschange|p1a: Mimikyu|Mimikyu-Busted, F
|-damage|p1a: Mimikyu|18/100|[from] pokemon: Mimikyu-Busted
|
|-weather|Sandstorm|[upkeep]
|-damage|p1a: Mimikyu|12/100|[from] Sandstorm
|upkeep
|turn|20
|
|switch|p2a: Karuzo|Excadrill, M|8/100
|move|p1a: Mimikyu|Play Rough|p2a: Karuzo
|-resisted|p2a: Karuzo
|-damage|p2a: Karuzo|0 fnt
|-damage|p1a: Mimikyu|2/100|[from] item: Life Orb
|faint|p2a: Karuzo
|
|-weather|Sandstorm|[upkeep]
|-damage|p1a: Mimikyu|0 fnt|[from] Sandstorm
|faint|p1a: Mimikyu
|
|win|NMZS Antilope
|upkeep
|l|☆N30N3
|c|☆NMZS Antilope|Gg
