|j|☆zmzmzmz
|j|☆Fastpitchkiller
|t:|1655929535
|gametype|singles
|player|p1|zmzmzmz|101|1815
|player|p2|Fastpitchkiller|266|1753
|teamsize|p1|6
|teamsize|p2|6
|gen|8
|tier|[Gen 8] OU
|rated|
|rule|Sleep Clause Mod: Limit one foe put to sleep
|rule|Species Clause: Limit one of each Pokémon
|rule|OHKO Clause: OHKO moves are banned
|rule|Evasion Moves Clause: Evasion moves are banned
|rule|Endless Battle Clause: Forcing endless battles is banned
|rule|HP Percentage Mod: HP is shown in percentages
|rule|Dynamax Clause: You cannot dynamax
|clearpoke
|poke|p1|Zapdos|
|poke|p1|Heatran, M|
|poke|p1|Urshifu-*, F|
|poke|p1|Tapu Koko|
|poke|p1|Chansey, F|
|poke|p1|Landorus-Therian, M|
|poke|p2|Blaziken, F|
|poke|p2|Slowbro, M|
|poke|p2|Tyranitar, F|
|poke|p2|Corviknight, F|
|poke|p2|Landorus-Therian, M|
|poke|p2|Tapu Koko|
|teampreview
|j| T0d
|
|t:|1655929543
|start
|switch|p1a: Urshifu|Urshifu-Rapid-Strike, F|100/100
|switch|p2a: Slowgatell|Slowbro, M|100/100
|turn|1
|
|t:|1655929550
|move|p1a: Urshifu|U-turn|p2a: Slowgatell
|-supereffective|p2a: Slowgatell
|-damage|p2a: Slowgatell|50/100
|-damage|p1a: Urshifu|84/100|[from] item: Rocky Helmet|[of] p2a: Slowgatell
|inactive|Battle timer is ON: inactive players will automatically lose when time's up. (requested by Fastpitchkiller)
|
|t:|1655929555
|switch|p1a: Tapu Koko|Tapu Koko|100/100|[from]move: U-turn
|-fieldstart|move: Electric Terrain|[from] ability: Electric Surge|[of] p1a: Tapu Koko
|move|p2a: Slowgatell|Future Sight|p1a: Tapu Koko
|-start|p2a: Slowgatell|move: Future Sight
|
|upkeep
|turn|2
|
|t:|1655929563
|switch|p2a: GODzilla|Tyranitar, F|100/100
|-weather|Sandstorm|[from] ability: Sand Stream|[of] p2a: GODzilla
|move|p1a: Tapu Koko|U-turn|p2a: GODzilla
|-supereffective|p2a: GODzilla
|-damage|p2a: GODzilla|76/100
|
|t:|1655929571
|switch|p1a: Heatran|Heatran, M|100/100|[from]move: U-turn
|
|-weather|Sandstorm|[upkeep]
|-heal|p2a: GODzilla|82/100|[from] item: Leftovers
|upkeep
|turn|3
|
|t:|1655929578
|move|p1a: Heatran|Flash Cannon|p2a: GODzilla
|-supereffective|p2a: GODzilla
|-damage|p2a: GODzilla|29/100
|move|p2a: GODzilla|Earthquake|p1a: Heatran
|-supereffective|p1a: Heatran
|-damage|p1a: Heatran|0 fnt
|faint|p1a: Heatran
|
|-weather|Sandstorm|[upkeep]
|-hint|Future Sight did not hit because the target is fainted.
|-heal|p2a: GODzilla|35/100|[from] item: Leftovers
|upkeep
|
|t:|1655929583
|switch|p1a: Urshifu|Urshifu-Rapid-Strike, F|84/100
|turn|4
|
|t:|1655929591
|switch|p2a: Slowgatell|Slowbro, M|83/100
|move|p1a: Urshifu|U-turn|p2a: Slowgatell
|-supereffective|p2a: Slowgatell
|-damage|p2a: Slowgatell|31/100
|-damage|p1a: Urshifu|68/100|[from] item: Rocky Helmet|[of] p2a: Slowgatell
|
|t:|1655929596
|switch|p1a: Landorus|Landorus-Therian, M|100/100|[from]move: U-turn
|-ability|p1a: Landorus|Intimidate|boost
|-unboost|p2a: Slowgatell|atk|1
|
|-weather|Sandstorm|[upkeep]
|-damage|p2a: Slowgatell|25/100|[from] Sandstorm
|upkeep
|turn|5
|
|t:|1655929604
|switch|p2a: Corvikstall|Corviknight, F|100/100
|-ability|p2a: Corvikstall|Pressure
|move|p1a: Landorus|U-turn|p2a: Corvikstall
|-resisted|p2a: Corvikstall
|-damage|p2a: Corvikstall|96/100
|-damage|p1a: Landorus|84/100|[from] item: Rocky Helmet|[of] p2a: Corvikstall
|
|t:|1655929607
|switch|p1a: Tapu Koko|Tapu Koko|100/100|[from]move: U-turn
|
|-weather|Sandstorm|[upkeep]
|-damage|p1a: Tapu Koko|94/100|[from] Sandstorm
|-fieldend|move: Electric Terrain
|upkeep
|turn|6
|j| Pindrop Falls
|
|t:|1655929619
|switch|p2a: Enamorousito|Landorus-Therian, M|100/100
|-ability|p2a: Enamorousito|Intimidate|boost
|-unboost|p1a: Tapu Koko|atk|1
|move|p1a: Tapu Koko|U-turn|p2a: Enamorousito
|-resisted|p2a: Enamorousito
|-damage|p2a: Enamorousito|95/100
|
|t:|1655929622
|switch|p1a: Urshifu|Urshifu-Rapid-Strike, F|68/100|[from]move: U-turn
|
|-weather|none
|-heal|p2a: Enamorousito|100/100|[from] item: Leftovers
|upkeep
|turn|7
|
|t:|1655929631
|switch|p2a: Corvikstall|Corviknight, F|96/100
|-ability|p2a: Corvikstall|Pressure
|switch|p1a: Tapu Koko|Tapu Koko|94/100
|-fieldstart|move: Electric Terrain|[from] ability: Electric Surge|[of] p1a: Tapu Koko
|
|upkeep
|turn|8
|
|t:|1655929640
|switch|p2a: Precoz|Tapu Koko|100/100
|move|p1a: Tapu Koko|Thunderbolt|p2a: Precoz
|-resisted|p2a: Precoz
|-damage|p2a: Precoz|34/100
|
|upkeep
|turn|9
|
|t:|1655929647
|switch|p1a: Landorus|Landorus-Therian, M|84/100
|-ability|p1a: Landorus|Intimidate|boost
|-unboost|p2a: Precoz|atk|1
|move|p2a: Precoz|Roost|p2a: Precoz
|-heal|p2a: Precoz|84/100
|-singleturn|p2a: Precoz|move: Roost
|
|upkeep
|turn|10
|
|t:|1655929654
|move|p1a: Landorus|Earthquake|p2a: Precoz
|-supereffective|p2a: Precoz
|-damage|p2a: Precoz|0 fnt
|faint|p2a: Precoz
|
|upkeep
|
|t:|1655929660
|switch|p2a: Enamorousito|Landorus-Therian, M|100/100
|-ability|p2a: Enamorousito|Intimidate|boost
|-unboost|p1a: Landorus|atk|1
|turn|11
|
|t:|1655929664
|switch|p1a: Zapdos|Zapdos|100/100
|move|p2a: Enamorousito|Substitute|p2a: Enamorousito
|-start|p2a: Enamorousito|Substitute
|-damage|p2a: Enamorousito|76/100
|
|-heal|p2a: Enamorousito|82/100|[from] item: Leftovers
|-fieldend|move: Electric Terrain
|upkeep
|turn|12
|
|t:|1655929672
|move|p2a: Enamorousito|Smack Down|p1a: Zapdos
|-supereffective|p1a: Zapdos
|-damage|p1a: Zapdos|74/100
|-start|p1a: Zapdos|Smack Down
|move|p1a: Zapdos|Hurricane|p2a: Enamorousito
|-end|p2a: Enamorousito|Substitute
|
|-heal|p2a: Enamorousito|88/100|[from] item: Leftovers
|upkeep
|turn|13
|
|t:|1655929686
|switch|p1a: Landorus|Landorus-Therian, M|84/100
|-ability|p1a: Landorus|Intimidate|boost
|-unboost|p2a: Enamorousito|atk|1
|move|p2a: Enamorousito|Smack Down|p1a: Landorus
|-damage|p1a: Landorus|68/100
|-start|p1a: Landorus|Smack Down
|
|-heal|p2a: Enamorousito|94/100|[from] item: Leftovers
|upkeep
|turn|14
|
|t:|1655929697
|switch|p2a: Corvikstall|Corviknight, F|96/100
|-ability|p2a: Corvikstall|Pressure
|move|p1a: Landorus|U-turn|p2a: Corvikstall
|-resisted|p2a: Corvikstall
|-crit|p2a: Corvikstall
|-damage|p2a: Corvikstall|90/100
|-damage|p1a: Landorus|52/100|[from] item: Rocky Helmet|[of] p2a: Corvikstall
|
|t:|1655929705
|switch|p1a: Tapu Koko|Tapu Koko|94/100|[from]move: U-turn
|-fieldstart|move: Electric Terrain|[from] ability: Electric Surge|[of] p1a: Tapu Koko
|
|upkeep
|turn|15
|
|t:|1655929711
|move|p1a: Tapu Koko|Thunderbolt|p2a: Corvikstall
|-supereffective|p2a: Corvikstall
|-damage|p2a: Corvikstall|0 fnt
|faint|p2a: Corvikstall
|
|upkeep
|
|t:|1655929716
|switch|p2a: Enamorousito|Landorus-Therian, M|94/100
|-ability|p2a: Enamorousito|Intimidate|boost
|-unboost|p1a: Tapu Koko|atk|1
|turn|16
|
|t:|1655929721
|switch|p1a: Urshifu|Urshifu-Rapid-Strike, F|68/100
|move|p2a: Enamorousito|Smack Down|p1a: Urshifu
|-resisted|p1a: Urshifu
|-damage|p1a: Urshifu|58/100
|
|-heal|p2a: Enamorousito|99/100|[from] item: Leftovers
|upkeep
|turn|17
|
|t:|1655929730
|move|p2a: Enamorousito|Substitute|p2a: Enamorousito
|-start|p2a: Enamorousito|Substitute
|-damage|p2a: Enamorousito|75/100
|move|p1a: Urshifu|Surging Strikes|p2a: Enamorousito
|-supereffective|p2a: Enamorousito
|-crit|p2a: Enamorousito
|-end|p2a: Enamorousito|Substitute
|-supereffective|p2a: Enamorousito
|-crit|p2a: Enamorousito
|-damage|p2a: Enamorousito|0 fnt
|faint|p2a: Enamorousito
|-hitcount|p2: Enamorousito|2
|
|upkeep
|-message|Fastpitchkiller forfeited.
|
|win|zmzmzmz
|raw|zmzmzmz's rating: 1815 &rarr; <strong>1831</strong><br />(+16 for winning)
|raw|Fastpitchkiller's rating: 1753 &rarr; <strong>1737</strong><br />(-16 for losing)
|l|☆Fastpitchkiller
|l| T0d
||Ladder isn't responding, score probably updated but might not have (Request timeout).
