|raw|<div class="broadcast-blue"><strong>This battle is required to be public due to a player having a name prefixed by 'LT71LX'.</div>
|j|☆LT71LX ABR
|j|☆Rorschach I
|t:|1596749183
|player|p1|LT71LX ABR|hilbert-dueldisk|1806
|player|p2|Rorschach I|cynthia|1781
|teamsize|p1|6
|teamsize|p2|6
|gametype|singles
|gen|8
|tier|[Gen 8] OU
|rated|
|clearpoke
|poke|p1|Ditto|
|poke|p1|Gastrodon-East, M|
|poke|p1|Corviknight, M|
|poke|p1|Clefable, F|
|poke|p1|Toxapex, M|
|poke|p1|Rotom-Heat|
|poke|p2|Pelipper, M|
|poke|p2|Tangrowth, F|
|poke|p2|Zeraora|
|poke|p2|Urshifu-*, M|
|poke|p2|Excadrill, F|
|poke|p2|Toxapex, M|
|rule|Sleep Clause Mod: Limit one foe put to sleep
|rule|Species Clause: Limit one of each Pokémon
|rule|OHKO Clause: OHKO moves are banned
|rule|Evasion Moves Clause: Evasion moves are banned
|rule|Endless Battle Clause: Forcing endless battles is banned
|rule|HP Percentage Mod: HP is shown in percentages
|rule|Dynamax Clause: You cannot dynamax
|teampreview
|j| CROWGUNK
|inactive|Battle timer is ON: inactive players will automatically lose when time's up. (requested by LT71LX ABR)
|
|t:|1596749215
|start
|switch|p1a: Toxapex|Toxapex, M|100/100
|switch|p2a: Zeraora|Zeraora|100/100
|turn|1
|
|t:|1596749221
|move|p2a: Zeraora|Volt Switch|p1a: Toxapex
|-supereffective|p1a: Toxapex
|-damage|p1a: Toxapex|37/100
|
|t:|1596749226
|switch|p2a: Tangrowth|Tangrowth, F|100/100|[from]move: Volt Switch
|move|p1a: Toxapex|Knock Off|p2a: Tangrowth
|-damage|p2a: Tangrowth|93/100
|-damage|p1a: Toxapex|21/100|[from] item: Rocky Helmet|[of] p2a: Tangrowth
|-enditem|p2a: Tangrowth|Rocky Helmet|[from] move: Knock Off|[of] p1a: Toxapex
|
|upkeep
|turn|2
|
|t:|1596749239
|switch|p1a: Rotom|Rotom-Heat|100/100
|move|p2a: Tangrowth|Knock Off|p1a: Rotom
|-damage|p1a: Rotom|77/100
|-enditem|p1a: Rotom|Heavy-Duty Boots|[from] move: Knock Off|[of] p2a: Tangrowth
|
|upkeep
|turn|3
|
|t:|1596749255
|switch|p2a: Toxapex|Toxapex, M|100/100
|move|p1a: Rotom|Volt Switch|p2a: Toxapex
|-supereffective|p2a: Toxapex
|-damage|p2a: Toxapex|67/100
|
|t:|1596749260
|switch|p1a: Toxapex|Toxapex, M|54/100|[from]move: Volt Switch
|
|upkeep
|turn|4
|j| WildWave ☾★
|j| TheOnlyGhads
|
|t:|1596749277
|switch|p2a: Tangrowth|Tangrowth, F|100/100
|move|p1a: Toxapex|Scald|p2a: Tangrowth
|-resisted|p2a: Tangrowth
|-damage|p2a: Tangrowth|89/100
|
|upkeep
|turn|5
|j| NameNotFoundError
|
|t:|1596749284
|switch|p1a: Rotom|Rotom-Heat|77/100
|move|p2a: Tangrowth|Sleep Powder|p1a: Rotom|[miss]
|-miss|p2a: Tangrowth|p1a: Rotom
|
|upkeep
|turn|6
|j| LT71LX SW
|
|t:|1596749292
|switch|p2a: Toxapex|Toxapex, M|99/100
|move|p1a: Rotom|Volt Switch|p2a: Toxapex
|-supereffective|p2a: Toxapex
|-crit|p2a: Toxapex
|-damage|p2a: Toxapex|49/100
|
|t:|1596749294
|switch|p1a: Clefable|Clefable, F|100/100|[from]move: Volt Switch
|
|upkeep
|turn|7
|j| pogtoniumisfound
|j| Padox
|j| what a crit
|
|t:|1596749305
|switch|p2a: Excadrill|Excadrill, F|100/100
|-ability|p2a: Excadrill|Mold Breaker
|move|p1a: Clefable|Stealth Rock|p2a: Excadrill
|-sidestart|p2: Rorschach I|move: Stealth Rock
|
|upkeep
|turn|8
|l| CROWGUNK
|
|t:|1596749318
|switch|p1a: Corviknight|Corviknight, M|100/100
|-ability|p1a: Corviknight|Pressure
|move|p2a: Excadrill|Rapid Spin|p1a: Corviknight
|-resisted|p1a: Corviknight
|-damage|p1a: Corviknight|96/100
|-boost|p2a: Excadrill|spe|1
|-damage|p2a: Excadrill|84/100|[from] item: Rocky Helmet|[of] p1a: Corviknight
|-sideend|p2: Rorschach I|Stealth Rock|[from] move: Rapid Spin|[of] p2a: Excadrill
|
|-heal|p2a: Excadrill|90/100|[from] item: Leftovers
|upkeep
|turn|9
|
|t:|1596749343
|move|p2a: Excadrill|Stealth Rock|p1a: Corviknight
|-sidestart|p1: LT71LX ABR|move: Stealth Rock
|move|p1a: Corviknight|Body Press|p2a: Excadrill
|-supereffective|p2a: Excadrill
|-damage|p2a: Excadrill|20/100
|
|-heal|p2a: Excadrill|26/100|[from] item: Leftovers
|upkeep
|turn|10
|
|t:|1596749353
|switch|p2a: Pelipper|Pelipper, M|100/100
|-weather|RainDance|[from] ability: Drizzle|[of] p2a: Pelipper
|move|p1a: Corviknight|Defog|p2a: Pelipper
|-unboost|p2a: Pelipper|evasion|1
|-sideend|p1: LT71LX ABR|Stealth Rock|[from] move: Defog|[of] p1a: Corviknight
|
|-weather|RainDance|[upkeep]
|upkeep
|turn|11
|j| lt71lx leo
|
|t:|1596749367
|switch|p1a: Toxapex|Toxapex, M|87/100
|move|p2a: Pelipper|Weather Ball|p1a: Toxapex
|-resisted|p1a: Toxapex
|-damage|p1a: Toxapex|43/100
|
|-weather|RainDance|[upkeep]
|upkeep
|turn|12
|
|t:|1596749375
|switch|p2a: Tangrowth|Tangrowth, F|100/100
|switch|p1a: Gastrodon|Gastrodon-East, M|100/100
|
|-weather|RainDance|[upkeep]
|upkeep
|turn|13
|l| LT71LX SW
|
|t:|1596749384
|switch|p1a: Rotom|Rotom-Heat|77/100
|move|p2a: Tangrowth|Sleep Powder|p1a: Rotom
|-status|p1a: Rotom|slp|[from] move: Sleep Powder
|
|-weather|RainDance|[upkeep]
|upkeep
|turn|14
|
|t:|1596749408
|switch|p1a: Clefable|Clefable, F|100/100
|move|p2a: Tangrowth|Sludge Bomb|p1a: Clefable
|-supereffective|p1a: Clefable
|-damage|p1a: Clefable|63/100
|-status|p1a: Clefable|psn
|
|-weather|none
|-heal|p1a: Clefable|69/100 psn|[from] item: Leftovers
|upkeep
|turn|15
|j| Lopunny kicks
|j| LT71LX Askov
|
|t:|1596749423
|switch|p2a: Pelipper|Pelipper, M|100/100
|-weather|RainDance|[from] ability: Drizzle|[of] p2a: Pelipper
|move|p1a: Clefable|Stealth Rock|p2a: Pelipper
|-sidestart|p2: Rorschach I|move: Stealth Rock
|
|-weather|RainDance|[upkeep]
|-heal|p1a: Clefable|75/100 psn|[from] item: Leftovers
|upkeep
|turn|16
|
|t:|1596749433
|switch|p1a: Gastrodon|Gastrodon-East, M|100/100
|move|p2a: Pelipper|Hurricane|p1a: Gastrodon
|-damage|p1a: Gastrodon|50/100
|
|-weather|RainDance|[upkeep]
|-heal|p1a: Gastrodon|56/100|[from] item: Leftovers
|upkeep
|turn|17
|j| Louna
|
|t:|1596749448
|move|p2a: Pelipper|Hurricane|p1a: Gastrodon
|-damage|p1a: Gastrodon|4/100
|-start|p1a: Gastrodon|confusion
|-activate|p1a: Gastrodon|confusion
|move|p1a: Gastrodon|Recover|p1a: Gastrodon
|-heal|p1a: Gastrodon|54/100
|
|-weather|RainDance|[upkeep]
|-heal|p1a: Gastrodon|60/100|[from] item: Leftovers
|upkeep
|turn|18
|j| davidTheMaster
|j| snycky
|j| Heroic Troller
|
|t:|1596749474
|switch|p1a: Corviknight|Corviknight, M|96/100
|-ability|p1a: Corviknight|Pressure
|move|p2a: Pelipper|Hurricane|p1a: Corviknight
|-resisted|p1a: Corviknight
|-damage|p1a: Corviknight|56/100
|
|-weather|RainDance|[upkeep]
|upkeep
|turn|19
|j| autumn trees
|inactive|Rorschach I has 120 seconds left.
|
|t:|1596749507
|switch|p2a: Zeraora|Zeraora|100/100
|-damage|p2a: Zeraora|88/100|[from] Stealth Rock
|move|p1a: Corviknight|Roost|p1a: Corviknight
|-heal|p1a: Corviknight|100/100
|-singleturn|p1a: Corviknight|move: Roost
|
|-weather|none
|upkeep
|turn|20
|
|t:|1596749524
|switch|p1a: Rotom|Rotom-Heat|77/100 slp
|move|p2a: Zeraora|Volt Switch|p1a: Rotom
|-resisted|p1a: Rotom
|-damage|p1a: Rotom|57/100 slp
|
|t:|1596749540
|switch|p2a: Excadrill|Excadrill, F|26/100|[from]move: Volt Switch
|-damage|p2a: Excadrill|23/100|[from] Stealth Rock
|-ability|p2a: Excadrill|Mold Breaker
|
|-heal|p2a: Excadrill|29/100|[from] item: Leftovers
|upkeep
|turn|21
|j| Rtyuuu
|j| chubby clobbopus
|j| LT71LX xImRaptor
|l| Rtyuuu
|
|t:|1596749553
|switch|p1a: Corviknight|Corviknight, M|100/100
|-ability|p1a: Corviknight|Pressure
|move|p2a: Excadrill|Rapid Spin|p1a: Corviknight
|-resisted|p1a: Corviknight
|-damage|p1a: Corviknight|96/100
|-boost|p2a: Excadrill|spe|1
|-damage|p2a: Excadrill|12/100|[from] item: Rocky Helmet|[of] p1a: Corviknight
|-sideend|p2: Rorschach I|Stealth Rock|[from] move: Rapid Spin|[of] p2a: Excadrill
|
|-heal|p2a: Excadrill|18/100|[from] item: Leftovers
|upkeep
|turn|22
|j| LT71LX Sagiri
|j| ayevon
|
|t:|1596749561
|switch|p2a: Pelipper|Pelipper, M|100/100
|-weather|RainDance|[from] ability: Drizzle|[of] p2a: Pelipper
|move|p1a: Corviknight|U-turn|p2a: Pelipper
|-resisted|p2a: Pelipper
|-damage|p2a: Pelipper|91/100
|j| LT71LX XVR
|
|t:|1596749573
|switch|p1a: Gastrodon|Gastrodon-East, M|60/100|[from]move: U-turn
|
|-weather|RainDance|[upkeep]
|-heal|p1a: Gastrodon|66/100|[from] item: Leftovers
|upkeep
|turn|23
|j| Pidgey Gordito
|
|t:|1596749589
|move|p2a: Pelipper|Hurricane|p1a: Gastrodon
|-damage|p1a: Gastrodon|15/100
|move|p1a: Gastrodon|Recover|p1a: Gastrodon
|-heal|p1a: Gastrodon|65/100
|
|-weather|RainDance|[upkeep]
|-heal|p1a: Gastrodon|71/100|[from] item: Leftovers
|upkeep
|turn|24
|
|t:|1596749600
|switch|p2a: Tangrowth|Tangrowth, F|100/100
|move|p1a: Gastrodon|Recover|p1a: Gastrodon
|-heal|p1a: Gastrodon|100/100
|
|-weather|RainDance|[upkeep]
|upkeep
|turn|25
|
|t:|1596749611
|switch|p1a: Clefable|Clefable, F|75/100 psn
|move|p2a: Tangrowth|Sludge Bomb|p1a: Clefable
|-supereffective|p1a: Clefable
|-damage|p1a: Clefable|36/100 psn
|
|-weather|RainDance|[upkeep]
|-heal|p1a: Clefable|42/100 psn|[from] item: Leftovers
|upkeep
|turn|26
|
|t:|1596749619
|move|p1a: Clefable|Stealth Rock|p2a: Tangrowth
|-sidestart|p2: Rorschach I|move: Stealth Rock
|move|p2a: Tangrowth|Knock Off|p1a: Clefable
|-resisted|p1a: Clefable
|-damage|p1a: Clefable|33/100 psn
|-enditem|p1a: Clefable|Leftovers|[from] move: Knock Off|[of] p2a: Tangrowth
|
|-weather|none
|upkeep
|turn|27
|
|t:|1596749636
|switch|p2a: Excadrill|Excadrill, F|18/100
|-damage|p2a: Excadrill|15/100|[from] Stealth Rock
|-ability|p2a: Excadrill|Mold Breaker
|move|p1a: Clefable|Soft-Boiled|p1a: Clefable
|-heal|p1a: Clefable|83/100 psn
|
|-heal|p2a: Excadrill|21/100|[from] item: Leftovers
|upkeep
|turn|28
|
|t:|1596749645
|switch|p1a: Corviknight|Corviknight, M|96/100
|-ability|p1a: Corviknight|Pressure
|move|p2a: Excadrill|Stealth Rock|p1a: Corviknight
|-sidestart|p1: LT71LX ABR|move: Stealth Rock
|
|-heal|p2a: Excadrill|27/100|[from] item: Leftovers
|upkeep
|turn|29
|
|t:|1596749660
|switch|p2a: Toxapex|Toxapex, M|82/100
|-damage|p2a: Toxapex|70/100|[from] Stealth Rock
|move|p1a: Corviknight|U-turn|p2a: Toxapex
|-resisted|p2a: Toxapex
|-damage|p2a: Toxapex|64/100
|-damage|p1a: Corviknight|79/100|[from] item: Rocky Helmet|[of] p2a: Toxapex
|l| what a crit
|l| Padox
|
|t:|1596749668
|switch|p1a: Toxapex|Toxapex, M|76/100|[from]move: U-turn
|-damage|p1a: Toxapex|64/100|[from] Stealth Rock
|
|upkeep
|turn|30
|
|t:|1596749688
|switch|p2a: Tangrowth|Tangrowth, F|100/100
|-damage|p2a: Tangrowth|88/100|[from] Stealth Rock
|switch|p1a: Clefable|Clefable, F|83/100 psn
|
|upkeep
|turn|31
|inactive|Rorschach I has 90 seconds left.
|
|t:|1596749709
|move|p1a: Clefable|Moonblast|p2a: Tangrowth
|-damage|p2a: Tangrowth|43/100
|move|p2a: Tangrowth|Sludge Bomb|p1a: Clefable
|-supereffective|p1a: Clefable
|-crit|p1a: Clefable
|-damage|p1a: Clefable|26/100 psn
|
|upkeep
|turn|32
|inactive|Rorschach I has 90 seconds left.
|
|t:|1596749725
|switch|p2a: Pelipper|Pelipper, M|91/100
|-damage|p2a: Pelipper|66/100|[from] Stealth Rock
|-weather|RainDance|[from] ability: Drizzle|[of] p2a: Pelipper
|move|p1a: Clefable|Soft-Boiled|p1a: Clefable
|-heal|p1a: Clefable|76/100 psn
|
|-weather|RainDance|[upkeep]
|upkeep
|turn|33
|l| lt71lx leo
|j| LLLiolae
|inactive|Rorschach I has 90 seconds left.
|j| lt71lx leo
|
|t:|1596749739
|switch|p1a: Rotom|Rotom-Heat|57/100 slp
|-damage|p1a: Rotom|32/100 slp|[from] Stealth Rock
|move|p2a: Pelipper|Hurricane|p1a: Rotom
|-resisted|p1a: Rotom
|-damage|p1a: Rotom|0 fnt
|faint|p1a: Rotom
|
|-weather|RainDance|[upkeep]
|upkeep
|inactive|LT71LX ABR has 120 seconds left.
|
|t:|1596749766
|switch|p1a: Ditto|Ditto|100/100
|-damage|p1a: Ditto|88/100|[from] Stealth Rock
|-transform|p1a: Ditto|p2a: Pelipper|[from] ability: Imposter
|turn|34
|inactive|Rorschach I has 90 seconds left.
|
|t:|1596749783
|switch|p2a: Toxapex|Toxapex, M|97/100
|-damage|p2a: Toxapex|85/100|[from] Stealth Rock
|move|p1a: Ditto|Hurricane|p2a: Toxapex
|-damage|p2a: Toxapex|54/100
|
|-weather|RainDance|[upkeep]
|upkeep
|turn|35
|j| HYper
|inactive|Rorschach I has 90 seconds left.
|
|t:|1596749791
|move|p1a: Ditto|Hurricane|p2a: Toxapex
|-damage|p2a: Toxapex|22/100
|move|p2a: Toxapex|Recover|p2a: Toxapex
|-heal|p2a: Toxapex|72/100
|
|-weather|RainDance|[upkeep]
|upkeep
|turn|36
|
|t:|1596749798
|switch|p1a: Clefable|Clefable, F|76/100 psn
|move|p2a: Toxapex|Recover|p2a: Toxapex
|-heal|p2a: Toxapex|100/100
|
|-weather|none
|upkeep
|turn|37
|inactive|Rorschach I has 90 seconds left.
|l| LLLiolae
|
|t:|1596749831
|move|p1a: Clefable|Knock Off|p2a: Toxapex
|-damage|p2a: Toxapex|87/100
|-enditem|p2a: Toxapex|Rocky Helmet|[from] move: Knock Off|[of] p1a: Clefable
|move|p2a: Toxapex|Scald|p1a: Clefable
|-crit|p1a: Clefable
|-damage|p1a: Clefable|53/100 psn
|
|upkeep
|turn|38
|
|t:|1596749844
|move|p1a: Clefable|Soft-Boiled|p1a: Clefable
|-heal|p1a: Clefable|100/100 psn
|move|p2a: Toxapex|Toxic Spikes|p1a: Clefable
|-sidestart|p1: LT71LX ABR|move: Toxic Spikes
|
|upkeep
|turn|39
|
|t:|1596749851
|move|p1a: Clefable|Moonblast|p2a: Toxapex
|-resisted|p2a: Toxapex
|-damage|p2a: Toxapex|77/100
|-unboost|p2a: Toxapex|spa|1
|move|p2a: Toxapex|Scald|p1a: Clefable
|-damage|p1a: Clefable|91/100 psn
|
|upkeep
|turn|40
|
|t:|1596749865
|move|p1a: Clefable|Moonblast|p2a: Toxapex
|-resisted|p2a: Toxapex
|-damage|p2a: Toxapex|67/100
|move|p2a: Toxapex|Toxic Spikes|p1a: Clefable
|-sidestart|p1: LT71LX ABR|move: Toxic Spikes
|
|upkeep
|turn|41
|j| 2 xs 2 Many
|
|t:|1596749872
|switch|p2a: Excadrill|Excadrill, F|27/100
|-damage|p2a: Excadrill|24/100|[from] Stealth Rock
|-ability|p2a: Excadrill|Mold Breaker
|move|p1a: Clefable|Moonblast|p2a: Excadrill
|-resisted|p2a: Excadrill
|-damage|p2a: Excadrill|10/100
|-unboost|p2a: Excadrill|spa|1
|
|-heal|p2a: Excadrill|16/100|[from] item: Leftovers
|upkeep
|turn|42
|inactive|Rorschach I has 90 seconds left.
|
|t:|1596749891
|switch|p2a: Zeraora|Zeraora|88/100
|-damage|p2a: Zeraora|76/100|[from] Stealth Rock
|move|p1a: Clefable|Knock Off|p2a: Zeraora
|-damage|p2a: Zeraora|52/100
|-enditem|p2a: Zeraora|Magnet|[from] move: Knock Off|[of] p1a: Clefable
|
|upkeep
|turn|43
|
|t:|1596749902
|move|p2a: Zeraora|Thunder|p1a: Clefable|[miss]
|-miss|p2a: Zeraora|p1a: Clefable
|move|p1a: Clefable|Moonblast|p2a: Zeraora
|-damage|p2a: Zeraora|15/100
|-unboost|p2a: Zeraora|spa|1
|
|upkeep
|turn|44
|n| snycky|snycky
|-message|Rorschach I forfeited.
|
|win|LT71LX ABR
|l|☆Rorschach I
|l|☆LT71LX ABR
|l| autumn trees
|l| Heroic Troller
|l| 2 xs 2 Many
|l| Louna
|l| davidTheMaster
|l| HYper
|l| TheOnlyGhads
|raw|LT71LX ABR's rating: 1806 &rarr; <strong>1824</strong><br />(+18 for winning)
|raw|Rorschach I's rating: 1764 &rarr; <strong>1747</strong><br />(-17 for losing)
|l|lt71lxsagiri
|l| pogtoniumisfound
|l| Lopunny kicks
|n| lt71lx qze|chubbyclobbopus
|l| LT71LX XVR
|n| lt71lx qze|lt71lxqze
|n| lt71lx qze|lt71lxqze
|l| WildWave ☾★
|n| lt71lx qze|lt71lxqze
|n| lt71lxqze|lt71lxqze
