|raw|<div class="broadcast-blue"><strong>This battle is required to be public due to a player having a name starting with 'lt82zw'.</div>
|j|☆LT82ZW Aether
|j|☆4funaccount
|t:|1626106459
|gametype|singles
|player|p1|LT82ZW Aether|az|1577
|player|p2|4funaccount|102|1640
|teamsize|p1|6
|teamsize|p2|6
|gen|8
|tier|[Gen 8] OU
|rated|
|rule|Sleep Clause Mod: Limit one foe put to sleep
|rule|Species Clause: Limit one of each Pokémon
|rule|OHKO Clause: OHKO moves are banned
|rule|Evasion Moves Clause: Evasion moves are banned
|rule|Endless Battle Clause: Forcing endless battles is banned
|rule|HP Percentage Mod: HP is shown in percentages
|rule|Dynamax Clause: You cannot dynamax
|clearpoke
|poke|p1|Ninetales-Alola, F|
|poke|p1|Cloyster, F|
|poke|p1|Garchomp, M|
|poke|p1|Volcarona, F|
|poke|p1|Kartana|
|poke|p1|Dragapult, F|
|poke|p2|Tapu Fini|
|poke|p2|Buzzwole|
|poke|p2|Slowking-Galar, M|
|poke|p2|Landorus-Therian, M|
|poke|p2|Corviknight, M|
|poke|p2|Tapu Koko|
|teampreview
|
|t:|1626106495
|start
|switch|p1a: 9 QUENOUILLES|Ninetales-Alola, F|100/100
|switch|p2a: Quintessa|Tapu Koko, shiny|100/100
|-fieldstart|move: Electric Terrain|[from] ability: Electric Surge|[of] p2a: Quintessa
|-weather|Hail|[from] ability: Snow Warning|[of] p1a: 9 QUENOUILLES
|turn|1
|
|t:|1626106508
|move|p2a: Quintessa|Thunderbolt|p1a: 9 QUENOUILLES
|-damage|p1a: 9 QUENOUILLES|52/100
|move|p1a: 9 QUENOUILLES|Aurora Veil|p1a: 9 QUENOUILLES
|-sidestart|p1: LT82ZW Aether|move: Aurora Veil
|
|-weather|Hail|[upkeep]
|-damage|p2a: Quintessa|94/100|[from] Hail
|upkeep
|turn|2
|
|t:|1626106518
|move|p2a: Quintessa|U-turn|p1a: 9 QUENOUILLES
|-resisted|p1a: 9 QUENOUILLES
|-damage|p1a: 9 QUENOUILLES|47/100
|
|t:|1626106520
|switch|p2a: Mantra|Slowking-Galar, M, shiny|100/100|[from]move: U-turn
|move|p1a: 9 QUENOUILLES|Encore||[still]
|-fail|p1a: 9 QUENOUILLES
|
|-weather|Hail|[upkeep]
|-damage|p2a: Mantra|94/100|[from] Hail
|upkeep
|turn|3
|
|t:|1626106556
|switch|p1a: Didier Raoult|Dragapult, F|100/100
|switch|p2a: Enten|Landorus-Therian, M, shiny|100/100
|-ability|p2a: Enten|Intimidate|boost
|-fail|p1a: Didier Raoult|unboost|[from] ability: Clear Body|[of] p1a: Didier Raoult
|
|-weather|Hail|[upkeep]
|-damage|p1a: Didier Raoult|95/100|[from] Hail
|-damage|p2a: Enten|94/100|[from] Hail
|-heal|p2a: Enten|100/100|[from] item: Leftovers
|upkeep
|turn|4
|
|t:|1626106566
|move|p1a: Didier Raoult|Dragon Dance|p1a: Didier Raoult
|-boost|p1a: Didier Raoult|atk|1
|-boost|p1a: Didier Raoult|spe|1
|move|p2a: Enten|Toxic|p1a: Didier Raoult
|-status|p1a: Didier Raoult|tox
|
|-weather|Hail|[upkeep]
|-damage|p1a: Didier Raoult|89/100 tox|[from] Hail
|-damage|p2a: Enten|94/100|[from] Hail
|-heal|p2a: Enten|100/100|[from] item: Leftovers
|-damage|p1a: Didier Raoult|83/100 tox|[from] psn
|upkeep
|turn|5
|
|t:|1626106576
|switch|p2a: Quintessa|Tapu Koko, shiny|94/100
|move|p1a: Didier Raoult|Dragon Dance|p1a: Didier Raoult
|-boost|p1a: Didier Raoult|atk|1
|-boost|p1a: Didier Raoult|spe|1
|
|-weather|none
|-damage|p1a: Didier Raoult|71/100 tox|[from] psn
|-fieldend|move: Electric Terrain
|upkeep
|turn|6
|
|t:|1626106582
|switch|p2a: Vilgax|Buzzwole, shiny|100/100
|move|p1a: Didier Raoult|Phantom Force||[still]
|-prepare|p1a: Didier Raoult|Phantom Force
|
|-damage|p1a: Didier Raoult|53/100 tox|[from] psn
|upkeep
|turn|7
|
|t:|1626106589
|move|p1a: Didier Raoult|Phantom Force|p2a: Vilgax|[from]lockedmove
|-damage|p2a: Vilgax|24/100
|-damage|p1a: Didier Raoult|43/100 tox|[from] item: Life Orb
|move|p2a: Vilgax|Roost|p2a: Vilgax
|-heal|p2a: Vilgax|74/100
|-singleturn|p2a: Vilgax|move: Roost
|
|-damage|p1a: Didier Raoult|19/100 tox|[from] psn
|upkeep
|turn|8
|
|t:|1626106596
|switch|p2a: Quintessa|Tapu Koko, shiny|94/100
|-fieldstart|move: Electric Terrain|[from] ability: Electric Surge|[of] p2a: Quintessa
|move|p1a: Didier Raoult|Fire Blast|p2a: Quintessa
|-damage|p2a: Quintessa|48/100
|-damage|p1a: Didier Raoult|9/100 tox|[from] item: Life Orb
|
|-damage|p1a: Didier Raoult|0 fnt|[from] psn
|faint|p1a: Didier Raoult
|-sideend|p1: LT82ZW Aether|move: Aurora Veil
|upkeep
|
|t:|1626106605
|switch|p1a: Volcorona Virus|Volcarona, F|100/100
|turn|9
|
|t:|1626106610
|move|p2a: Quintessa|U-turn|p1a: Volcorona Virus
|-resisted|p1a: Volcorona Virus
|-damage|p1a: Volcorona Virus|87/100
|
|t:|1626106612
|switch|p2a: Raven|Tapu Fini, shiny|100/100|[from]move: U-turn
|-fieldstart|move: Misty Terrain|[from] ability: Misty Surge|[of] p2a: Raven
|move|p1a: Volcorona Virus|Quiver Dance|p1a: Volcorona Virus
|-boost|p1a: Volcorona Virus|spa|1
|-boost|p1a: Volcorona Virus|spd|1
|-boost|p1a: Volcorona Virus|spe|1
|
|upkeep
|turn|10
|
|t:|1626106626
|switch|p1a: 9 QUENOUILLES|Ninetales-Alola, F|47/100
|-weather|Hail|[from] ability: Snow Warning|[of] p1a: 9 QUENOUILLES
|move|p2a: Raven|Calm Mind|p2a: Raven
|-boost|p2a: Raven|spa|1
|-boost|p2a: Raven|spd|1
|
|-weather|Hail|[upkeep]
|-damage|p2a: Raven|94/100|[from] Hail
|-heal|p2a: Raven|100/100|[from] item: Leftovers
|upkeep
|turn|11
|
|t:|1626106631
|switch|p2a: Quintessa|Tapu Koko, shiny|48/100
|-fieldstart|move: Electric Terrain|[from] ability: Electric Surge|[of] p2a: Quintessa
|move|p1a: 9 QUENOUILLES|Encore||[still]
|-fail|p1a: 9 QUENOUILLES
|
|-weather|Hail|[upkeep]
|-damage|p2a: Quintessa|42/100|[from] Hail
|upkeep
|turn|12
|
|t:|1626106640
|switch|p1a: Le Vaccin|Garchomp, M|100/100
|move|p2a: Quintessa|Thunderbolt|p1a: Le Vaccin
|-immune|p1a: Le Vaccin
|
|-weather|Hail|[upkeep]
|-damage|p2a: Quintessa|36/100|[from] Hail
|-damage|p1a: Le Vaccin|94/100|[from] Hail
|-heal|p1a: Le Vaccin|100/100|[from] item: Leftovers
|upkeep
|turn|13
|
|t:|1626106649
|switch|p1a: Volcorona Virus|Volcarona, F|87/100
|move|p2a: Quintessa|Dazzling Gleam|p1a: Volcorona Virus
|-resisted|p1a: Volcorona Virus
|-damage|p1a: Volcorona Virus|71/100
|
|-weather|Hail|[upkeep]
|-damage|p2a: Quintessa|30/100|[from] Hail
|-damage|p1a: Volcorona Virus|64/100|[from] Hail
|upkeep
|turn|14
|
|t:|1626106661
|switch|p1a: Le Vaccin|Garchomp, M|100/100
|move|p2a: Quintessa|U-turn|p1a: Le Vaccin
|-damage|p1a: Le Vaccin|85/100
|-damage|p2a: Quintessa|17/100|[from] ability: Rough Skin|[of] p1a: Le Vaccin
|
|t:|1626106664
|switch|p2a: Enten|Landorus-Therian, M, shiny|100/100|[from]move: U-turn
|-ability|p2a: Enten|Intimidate|boost
|-unboost|p1a: Le Vaccin|atk|1
|
|-weather|none
|-heal|p1a: Le Vaccin|91/100|[from] item: Leftovers
|upkeep
|turn|15
|
|t:|1626106681
|switch|p1a: 9 QUENOUILLES|Ninetales-Alola, F|47/100
|-weather|Hail|[from] ability: Snow Warning|[of] p1a: 9 QUENOUILLES
|move|p2a: Enten|Toxic|p1a: 9 QUENOUILLES
|-status|p1a: 9 QUENOUILLES|tox
|
|-weather|Hail|[upkeep]
|-damage|p2a: Enten|94/100|[from] Hail
|-heal|p2a: Enten|100/100|[from] item: Leftovers
|-damage|p1a: 9 QUENOUILLES|41/100 tox|[from] psn
|-fieldend|move: Electric Terrain
|upkeep
|turn|16
|
|t:|1626106688
|move|p1a: 9 QUENOUILLES|Aurora Veil|p1a: 9 QUENOUILLES
|-sidestart|p1: LT82ZW Aether|move: Aurora Veil
|move|p2a: Enten|Stealth Rock|p1a: 9 QUENOUILLES
|-sidestart|p1: LT82ZW Aether|move: Stealth Rock
|
|-weather|Hail|[upkeep]
|-damage|p2a: Enten|94/100|[from] Hail
|-heal|p2a: Enten|100/100|[from] item: Leftovers
|-damage|p1a: 9 QUENOUILLES|29/100 tox|[from] psn
|upkeep
|turn|17
|
|t:|1626106696
|switch|p2a: Mantra|Slowking-Galar, M, shiny|100/100
|move|p1a: 9 QUENOUILLES|Hypnosis|p2a: Mantra
|-status|p2a: Mantra|slp|[from] move: Hypnosis
|
|-weather|Hail|[upkeep]
|-damage|p2a: Mantra|94/100 slp|[from] Hail
|-damage|p1a: 9 QUENOUILLES|11/100 tox|[from] psn
|upkeep
|turn|18
|
|t:|1626106744
|switch|p1a: Cluster|Cloyster, F|100/100
|-damage|p1a: Cluster|76/100|[from] Stealth Rock
|switch|p2a: Vilgax|Buzzwole, shiny|74/100
|
|-weather|Hail|[upkeep]
|-damage|p2a: Vilgax|68/100|[from] Hail
|upkeep
|turn|19
|
|t:|1626106757
|move|p2a: Vilgax|Close Combat|p1a: Cluster
|-supereffective|p1a: Cluster
|-damage|p1a: Cluster|23/100
|-unboost|p2a: Vilgax|def|1
|-unboost|p2a: Vilgax|spd|1
|move|p1a: Cluster|Icicle Spear|p2a: Vilgax
|-damage|p2a: Vilgax|56/100
|-damage|p2a: Vilgax|45/100
|-damage|p2a: Vilgax|33/100
|-damage|p2a: Vilgax|21/100
|-damage|p2a: Vilgax|9/100
|-hitcount|p2a: Vilgax|5
|
|-weather|none
|upkeep
|turn|20
|
|t:|1626106770
|switch|p2a: Yami|Corviknight, M, shiny|100/100
|-ability|p2a: Yami|Pressure
|move|p1a: Cluster|Ice Shard|p2a: Yami
|-damage|p2a: Yami|85/100
|
|-heal|p2a: Yami|91/100|[from] item: Leftovers
|upkeep
|turn|21
|
|t:|1626106783
|switch|p1a: 9 QUENOUILLES|Ninetales-Alola, F|11/100 tox
|-damage|p1a: 9 QUENOUILLES|0 fnt|[from] Stealth Rock
|faint|p1a: 9 QUENOUILLES
|move|p2a: Yami|U-turn|p1: 9 QUENOUILLES|[notarget]
|-fail|p2a: Yami
|
|-heal|p2a: Yami|97/100|[from] item: Leftovers
|upkeep
|
|t:|1626106798
|switch|p1a: Variant Delta|Kartana|100/100
|-damage|p1a: Variant Delta|94/100|[from] Stealth Rock
|turn|22
|
|t:|1626106803
|move|p1a: Variant Delta|Swords Dance|p1a: Variant Delta
|-boost|p1a: Variant Delta|atk|2
|move|p2a: Yami|U-turn|p1a: Variant Delta
|-crit|p1a: Variant Delta
|-damage|p1a: Variant Delta|77/100
|
|t:|1626106808
|switch|p2a: Enten|Landorus-Therian, M, shiny|100/100|[from]move: U-turn
|-ability|p2a: Enten|Intimidate|boost
|-unboost|p1a: Variant Delta|atk|1
|
|-heal|p1a: Variant Delta|83/100|[from] item: Leftovers
|upkeep
|turn|23
|
|t:|1626106829
|move|p1a: Variant Delta|Leaf Blade|p2a: Enten
|-damage|p2a: Enten|39/100
|move|p2a: Enten|U-turn|p1a: Variant Delta
|-damage|p1a: Variant Delta|73/100
|
|t:|1626106833
|switch|p2a: Quintessa|Tapu Koko, shiny|17/100|[from]move: U-turn
|-fieldstart|move: Electric Terrain|[from] ability: Electric Surge|[of] p2a: Quintessa
|
|-heal|p1a: Variant Delta|80/100|[from] item: Leftovers
|-sideend|p1: LT82ZW Aether|move: Aurora Veil
|upkeep
|turn|24
|
|t:|1626106840
|move|p2a: Quintessa|Thunderbolt|p1a: Variant Delta
|-resisted|p1a: Variant Delta
|-damage|p1a: Variant Delta|20/100
|move|p1a: Variant Delta|Leaf Blade|p2a: Quintessa
|-damage|p2a: Quintessa|0 fnt
|faint|p2a: Quintessa
|-ability|p1a: Variant Delta|Beast Boost|boost
|-boost|p1a: Variant Delta|spe|1
|
|-heal|p1a: Variant Delta|26/100|[from] item: Leftovers
|upkeep
|
|t:|1626106844
|switch|p2a: Yami|Corviknight, M, shiny|97/100
|-ability|p2a: Yami|Pressure
|turn|25
|
|t:|1626106863
|move|p1a: Variant Delta|Knock Off|p2a: Yami
|-damage|p2a: Yami|56/100
|-enditem|p2a: Yami|Leftovers|[from] move: Knock Off|[of] p1a: Variant Delta
|move|p2a: Yami|Brave Bird|p1a: Variant Delta
|-damage|p1a: Variant Delta|0 fnt
|faint|p1a: Variant Delta
|-damage|p2a: Yami|50/100|[from] Recoil
|
|upkeep
|
|t:|1626106875
|switch|p1a: Le Vaccin|Garchomp, M|91/100
|-damage|p1a: Le Vaccin|85/100|[from] Stealth Rock
|turn|26
|
|t:|1626106884
|move|p1a: Le Vaccin|Swords Dance|p1a: Le Vaccin
|-boost|p1a: Le Vaccin|atk|2
|move|p2a: Yami|U-turn|p1a: Le Vaccin
|-damage|p1a: Le Vaccin|71/100
|-damage|p2a: Yami|37/100|[from] ability: Rough Skin|[of] p1a: Le Vaccin
|
|t:|1626106888
|switch|p2a: Enten|Landorus-Therian, M, shiny|39/100|[from]move: U-turn
|-ability|p2a: Enten|Intimidate|boost
|-unboost|p1a: Le Vaccin|atk|1
|
|-heal|p1a: Le Vaccin|77/100|[from] item: Leftovers
|-heal|p2a: Enten|45/100|[from] item: Leftovers
|upkeep
|turn|27
|
|t:|1626106897
|switch|p2a: Vilgax|Buzzwole, shiny|9/100
|move|p1a: Le Vaccin|Scale Shot|p2a: Vilgax
|-damage|p2a: Vilgax|0 fnt
|faint|p2a: Vilgax
|-hitcount|p2: Vilgax|1
|-unboost|p1a: Le Vaccin|def|1
|-boost|p1a: Le Vaccin|spe|1
|
|-heal|p1a: Le Vaccin|83/100|[from] item: Leftovers
|-fieldend|move: Electric Terrain
|upkeep
|
|t:|1626106899
|switch|p2a: Enten|Landorus-Therian, M, shiny|45/100
|-ability|p2a: Enten|Intimidate|boost
|-unboost|p1a: Le Vaccin|atk|1
|turn|28
|
|t:|1626106909
|switch|p1a: Cluster|Cloyster, F|23/100
|-damage|p1a: Cluster|0 fnt|[from] Stealth Rock
|faint|p1a: Cluster
|move|p2a: Enten|U-turn|p1: Cluster|[notarget]
|-fail|p2a: Enten
|
|-heal|p2a: Enten|51/100|[from] item: Leftovers
|upkeep
|
|t:|1626106916
|switch|p1a: Le Vaccin|Garchomp, M|83/100
|-damage|p1a: Le Vaccin|77/100|[from] Stealth Rock
|turn|29
|
|t:|1626106922
|move|p1a: Le Vaccin|Swords Dance|p1a: Le Vaccin
|-boost|p1a: Le Vaccin|atk|2
|move|p2a: Enten|Toxic|p1a: Le Vaccin
|-status|p1a: Le Vaccin|tox
|
|-heal|p1a: Le Vaccin|83/100 tox|[from] item: Leftovers
|-heal|p2a: Enten|57/100|[from] item: Leftovers
|-damage|p1a: Le Vaccin|77/100 tox|[from] psn
|upkeep
|turn|30
|
|t:|1626106933
|switch|p2a: Mantra|Slowking-Galar, M, shiny|100/100 slp
|move|p1a: Le Vaccin|Fire Fang|p2a: Mantra
|-damage|p2a: Mantra|66/100 slp
|
|-heal|p1a: Le Vaccin|83/100 tox|[from] item: Leftovers
|-damage|p1a: Le Vaccin|71/100 tox|[from] psn
|upkeep
|turn|31
|
|t:|1626106939
|switch|p2a: Enten|Landorus-Therian, M, shiny|57/100
|-ability|p2a: Enten|Intimidate|boost
|-unboost|p1a: Le Vaccin|atk|1
|move|p1a: Le Vaccin|Scale Shot|p2a: Enten
|-damage|p2a: Enten|36/100
|-damage|p2a: Enten|18/100
|-damage|p2a: Enten|0 fnt
|faint|p2a: Enten
|-hitcount|p2: Enten|3
|-unboost|p1a: Le Vaccin|def|1
|-boost|p1a: Le Vaccin|spe|1
|
|-heal|p1a: Le Vaccin|77/100 tox|[from] item: Leftovers
|-damage|p1a: Le Vaccin|59/100 tox|[from] psn
|upkeep
|
|t:|1626106944
|switch|p2a: Raven|Tapu Fini, shiny|100/100
|-fieldstart|move: Misty Terrain|[from] ability: Misty Surge|[of] p2a: Raven
|turn|32
|
|t:|1626106957
|switch|p2a: Yami|Corviknight, M, shiny|37/100
|-ability|p2a: Yami|Pressure
|move|p1a: Le Vaccin|Earthquake|p2a: Yami
|-immune|p2a: Yami
|
|-heal|p1a: Le Vaccin|65/100 tox|[from] item: Leftovers
|-damage|p1a: Le Vaccin|40/100 tox|[from] psn
|upkeep
|turn|33
|
|t:|1626106964
|switch|p2a: Mantra|Slowking-Galar, M, shiny|99/100 slp
|move|p1a: Le Vaccin|Fire Fang|p2a: Mantra
|-damage|p2a: Mantra|72/100 slp
|
|-heal|p1a: Le Vaccin|46/100 tox|[from] item: Leftovers
|-damage|p1a: Le Vaccin|16/100 tox|[from] psn
|upkeep
|turn|34
|
|t:|1626106973
|switch|p1a: Volcorona Virus|Volcarona, F|64/100
|cant|p2a: Mantra|slp
|
|upkeep
|turn|35
|
|t:|1626106977
|switch|p2a: Raven|Tapu Fini, shiny|100/100
|move|p1a: Volcorona Virus|Quiver Dance|p1a: Volcorona Virus
|-boost|p1a: Volcorona Virus|spa|1
|-boost|p1a: Volcorona Virus|spd|1
|-boost|p1a: Volcorona Virus|spe|1
|
|upkeep
|turn|36
|
|t:|1626106985
|move|p1a: Volcorona Virus|Psychic|p2a: Raven
|-damage|p2a: Raven|61/100
|move|p2a: Raven|Calm Mind|p2a: Raven
|-boost|p2a: Raven|spa|1
|-boost|p2a: Raven|spd|1
|
|-heal|p2a: Raven|67/100|[from] item: Leftovers
|-fieldend|Misty Terrain
|upkeep
|turn|37
|
|t:|1626106994
|move|p1a: Volcorona Virus|Psychic|p2a: Raven
|-damage|p2a: Raven|44/100
|move|p2a: Raven|Surf|p1a: Volcorona Virus
|-supereffective|p1a: Volcorona Virus
|-damage|p1a: Volcorona Virus|4/100
|
|-heal|p2a: Raven|50/100|[from] item: Leftovers
|upkeep
|turn|38
|
|t:|1626107001
|move|p1a: Volcorona Virus|Psychic|p2a: Raven
|-damage|p2a: Raven|25/100
|move|p2a: Raven|Surf|p1a: Volcorona Virus
|-supereffective|p1a: Volcorona Virus
|-damage|p1a: Volcorona Virus|0 fnt
|faint|p1a: Volcorona Virus
|
|-heal|p2a: Raven|31/100|[from] item: Leftovers
|upkeep
|c|☆LT82ZW Aether|gg
|c|☆4funaccount|gg
|
|t:|1626107017
|switch|p1a: Le Vaccin|Garchomp, M|16/100 tox
|-damage|p1a: Le Vaccin|9/100 tox|[from] Stealth Rock
|turn|39
|
|t:|1626107024
|move|p1a: Le Vaccin|Earthquake|p2a: Raven
|-damage|p2a: Raven|0 fnt
|faint|p2a: Raven
|
|-heal|p1a: Le Vaccin|16/100 tox|[from] item: Leftovers
|-damage|p1a: Le Vaccin|9/100 tox|[from] psn
|upkeep
|
|t:|1626107028
|switch|p2a: Yami|Corviknight, M, shiny|37/100
|-ability|p2a: Yami|Pressure
|turn|40
|
|t:|1626107033
|switch|p2a: Mantra|Slowking-Galar, M, shiny|100/100 slp
|move|p1a: Le Vaccin|Fire Fang|p2a: Mantra
|-damage|p2a: Mantra|82/100 slp
|
|-heal|p1a: Le Vaccin|16/100 tox|[from] item: Leftovers
|-damage|p1a: Le Vaccin|3/100 tox|[from] psn
|upkeep
|turn|41
|
|t:|1626107040
|move|p1a: Le Vaccin|Earthquake|p2a: Mantra
|-supereffective|p2a: Mantra
|-damage|p2a: Mantra|0 fnt
|faint|p2a: Mantra
|
|-heal|p1a: Le Vaccin|9/100 tox|[from] item: Leftovers
|-damage|p1a: Le Vaccin|0 fnt|[from] psn
|faint|p1a: Le Vaccin
|
|win|4funaccount
|upkeep
|raw|LT82ZW Aether's rating: 1578 &rarr; <strong>1562</strong><br />(-16 for losing)
|raw|4funaccount's rating: 1640 &rarr; <strong>1656</strong><br />(+16 for winning)
||Ladder isn't responding, score probably updated but might not have (Request timeout).
