|j|☆Computer Blue
|j|☆Shootingwolf
|t:|1596337645
|player|p1|Computer Blue|1|1669
|player|p2|Shootingwolf|erika|1669
|teamsize|p1|6
|teamsize|p2|6
|gametype|singles
|gen|8
|tier|[Gen 8] OU
|rated|
|html|<div class="broadcast-blue"><strong>OU is currently suspecting Magearna! For information on how to participate check out the <a href="https://www.smogon.com/forums/threads/3667669/">suspect thread</a>.</strong></div>
|clearpoke
|poke|p1|Skarmory, M|
|poke|p1|Zeraora|
|poke|p1|Porygon-Z|
|poke|p1|Urshifu-*, M|
|poke|p1|Rotom-Heat|
|poke|p1|Toxapex, M|
|poke|p2|Hippowdon, F|
|poke|p2|Excadrill, M|
|poke|p2|Volcarona, F|
|poke|p2|Clefable, M|
|poke|p2|Mandibuzz, F|
|poke|p2|Urshifu-*, F|
|rule|Sleep Clause Mod: Limit one foe put to sleep
|rule|Species Clause: Limit one of each Pokémon
|rule|OHKO Clause: OHKO moves are banned
|rule|Evasion Moves Clause: Evasion moves are banned
|rule|Endless Battle Clause: Forcing endless battles is banned
|rule|HP Percentage Mod: HP is shown in percentages
|rule|Dynamax Clause: You cannot dynamax
|teampreview
|j| MegaCurtEvolved
|
|t:|1596337666
|start
|switch|p1a: Toxapex|Toxapex, M|100/100
|switch|p2a: Landrous|Hippowdon, F|100/100
|-weather|Sandstorm|[from] ability: Sand Stream|[of] p2a: Landrous
|turn|1
|
|t:|1596337690
|move|p2a: Landrous|Earthquake|p1a: Toxapex
|-supereffective|p1a: Toxapex
|-damage|p1a: Toxapex|48/100
|move|p1a: Toxapex|Toxic|p2a: Landrous
|-status|p2a: Landrous|tox
|
|-weather|Sandstorm|[upkeep]
|-damage|p1a: Toxapex|42/100|[from] Sandstorm
|-damage|p2a: Landrous|94/100 tox|[from] psn
|upkeep
|turn|2
|
|t:|1596337705
|switch|p2a: Volcarona|Volcarona, F|100/100
|switch|p1a: Rotom|Rotom-Heat|100/100
|
|-weather|Sandstorm|[upkeep]
|-damage|p1a: Rotom|94/100|[from] Sandstorm
|-damage|p2a: Volcarona|94/100|[from] Sandstorm
|upkeep
|turn|3
|
|t:|1596337714
|switch|p2a: Excadrill|Excadrill, M|100/100
|move|p1a: Rotom|Overheat|p2a: Excadrill
|-supereffective|p2a: Excadrill
|-damage|p2a: Excadrill|0 fnt
|-unboost|p1a: Rotom|spa|2
|faint|p2a: Excadrill
|
|-weather|Sandstorm|[upkeep]
|-damage|p1a: Rotom|88/100|[from] Sandstorm
|upkeep
|
|t:|1596337731
|switch|p2a: Volcarona|Volcarona, F|94/100
|turn|4
|
|t:|1596337749
|move|p1a: Rotom|Overheat|p2a: Volcarona
|-damage|p2a: Volcarona|49/100
|-unboost|p1a: Rotom|spa|2
|move|p2a: Volcarona|Quiver Dance|p2a: Volcarona
|-boost|p2a: Volcarona|spa|1
|-boost|p2a: Volcarona|spd|1
|-boost|p2a: Volcarona|spe|1
|
|-weather|Sandstorm|[upkeep]
|-damage|p2a: Volcarona|43/100|[from] Sandstorm
|-damage|p1a: Rotom|82/100|[from] Sandstorm
|upkeep
|turn|5
|inactive|Battle timer is ON: inactive players will automatically lose when time's up. (requested by Shootingwolf)
|
|t:|1596337796
|move|p2a: Volcarona|Roost|p2a: Volcarona
|-heal|p2a: Volcarona|93/100
|-singleturn|p2a: Volcarona|move: Roost
|move|p1a: Rotom|Overheat|p2a: Volcarona
|-damage|p2a: Volcarona|73/100
|-unboost|p1a: Rotom|spa|2
|
|-weather|Sandstorm|[upkeep]
|-damage|p2a: Volcarona|67/100|[from] Sandstorm
|-damage|p1a: Rotom|76/100|[from] Sandstorm
|upkeep
|turn|6
|
|t:|1596337809
|switch|p1a: Toxapex|Toxapex, M|75/100
|move|p2a: Volcarona|Quiver Dance|p2a: Volcarona
|-boost|p2a: Volcarona|spa|1
|-boost|p2a: Volcarona|spd|1
|-boost|p2a: Volcarona|spe|1
|
|-weather|Sandstorm|[upkeep]
|-damage|p2a: Volcarona|61/100|[from] Sandstorm
|-damage|p1a: Toxapex|69/100|[from] Sandstorm
|upkeep
|turn|7
|
|t:|1596337819
|move|p2a: Volcarona|Psychic|p1a: Toxapex
|-supereffective|p1a: Toxapex
|-damage|p1a: Toxapex|0 fnt
|faint|p1a: Toxapex
|
|-weather|Sandstorm|[upkeep]
|-damage|p2a: Volcarona|55/100|[from] Sandstorm
|upkeep
|inactive|Computer Blue has 120 seconds left.
|
|t:|1596337853
|switch|p1a: Skarmory|Skarmory, M|100/100
|turn|8
|
|t:|1596337857
|move|p2a: Volcarona|Fiery Dance|p1a: Skarmory
|-supereffective|p1a: Skarmory
|-ability|p1a: Skarmory|Sturdy
|-damage|p1a: Skarmory|1/100
|-boost|p2a: Volcarona|spa|1
|move|p1a: Skarmory|Whirlwind|p2a: Volcarona
|drag|p2a: Landrous|Hippowdon, F|94/100 tox
|
|-weather|none
|-heal|p1a: Skarmory|7/100|[from] item: Leftovers
|-damage|p2a: Landrous|88/100 tox|[from] psn
|upkeep
|turn|9
|
|t:|1596337868
|move|p1a: Skarmory|Stealth Rock|p2a: Landrous
|-sidestart|p2: Shootingwolf|move: Stealth Rock
|move|p2a: Landrous|Earthquake|p1a: Skarmory
|-immune|p1a: Skarmory
|
|-heal|p1a: Skarmory|13/100|[from] item: Leftovers
|-damage|p2a: Landrous|76/100 tox|[from] psn
|upkeep
|turn|10
|
|t:|1596337876
|move|p1a: Skarmory|Roost|p1a: Skarmory
|-heal|p1a: Skarmory|63/100
|-singleturn|p1a: Skarmory|move: Roost
|move|p2a: Landrous|Earthquake|p1a: Skarmory
|-supereffective|p1a: Skarmory
|-crit|p1a: Skarmory
|-damage|p1a: Skarmory|0 fnt
|faint|p1a: Skarmory
|
|-damage|p2a: Landrous|57/100 tox|[from] psn
|upkeep
|inactive|Computer Blue has 120 seconds left.
|
|t:|1596337900
|switch|p1a: Porygon-Z|Porygon-Z|100/100
|turn|11
|
|t:|1596337905
|move|p1a: Porygon-Z|Tri Attack|p2a: Landrous
|-damage|p2a: Landrous|0 fnt
|faint|p2a: Landrous
|
|upkeep
|
|t:|1596337913
|switch|p2a: Urshifu|Urshifu, F|100/100
|-damage|p2a: Urshifu|94/100|[from] Stealth Rock
|turn|12
|inactive|Computer Blue has 120 seconds left.
|
|t:|1596337950
|move|p2a: Urshifu|Close Combat|p1a: Porygon-Z
|-supereffective|p1a: Porygon-Z
|-damage|p1a: Porygon-Z|0 fnt
|-unboost|p2a: Urshifu|def|1
|-unboost|p2a: Urshifu|spd|1
|faint|p1a: Porygon-Z
|
|upkeep
|inactive|Computer Blue has 90 seconds left.
|
|t:|1596337979
|switch|p1a: Urshifu|Urshifu, M|100/100
|turn|13
|
|t:|1596337982
|move|p1a: Urshifu|Close Combat|p2a: Urshifu
|-supereffective|p2a: Urshifu
|-crit|p2a: Urshifu
|-damage|p2a: Urshifu|0 fnt
|-unboost|p1a: Urshifu|def|1
|-unboost|p1a: Urshifu|spd|1
|faint|p2a: Urshifu
|
|upkeep
|
|t:|1596337996
|switch|p2a: Volcarona|Volcarona, F|55/100
|turn|14
|
|t:|1596338000
|switch|p1a: Rotom|Rotom-Heat|76/100
|move|p2a: Volcarona|Roost|p2a: Volcarona
|-heal|p2a: Volcarona|100/100
|-singleturn|p2a: Volcarona|move: Roost
|
|upkeep
|turn|15
|inactive|Computer Blue has 120 seconds left.
|inactive|Computer Blue has 90 seconds left.
|
|t:|1596338037
|move|p1a: Rotom|Overheat|p2a: Volcarona
|-damage|p2a: Volcarona|13/100
|-unboost|p1a: Rotom|spa|2
|move|p2a: Volcarona|Quiver Dance|p2a: Volcarona
|-boost|p2a: Volcarona|spa|1
|-boost|p2a: Volcarona|spd|1
|-boost|p2a: Volcarona|spe|1
|
|upkeep
|turn|16
|
|t:|1596338046
|switch|p1a: Urshifu|Urshifu, M|100/100
|move|p2a: Volcarona|Roost|p2a: Volcarona
|-heal|p2a: Volcarona|63/100
|-singleturn|p2a: Volcarona|move: Roost
|
|upkeep
|turn|17
|inactive|Computer Blue has 90 seconds left.
|
|t:|1596338069
|switch|p2a: Mandibuzz|Mandibuzz, F|100/100
|move|p1a: Urshifu|Sucker Punch||[still]
|-fail|p1a: Urshifu
|
|upkeep
|turn|18
|inactive|Computer Blue has 90 seconds left.
|
|t:|1596338083
|switch|p1a: Rotom|Rotom-Heat|76/100
|move|p2a: Mandibuzz|U-turn|p1a: Rotom
|-resisted|p1a: Rotom
|-damage|p1a: Rotom|68/100
|
|t:|1596338098
|switch|p2a: Volcarona|Volcarona, F|63/100|[from]move: U-turn
|
|upkeep
|turn|19
|inactive|Computer Blue has 90 seconds left.
|
|t:|1596338113
|switch|p2a: Mandibuzz|Mandibuzz, F|100/100
|move|p1a: Rotom|Trick|p2a: Mandibuzz
|-activate|p1a: Rotom|move: Trick|[of] p2a: Mandibuzz
|-item|p2a: Mandibuzz|Choice Specs|[from] move: Trick
|-item|p1a: Rotom|Heavy-Duty Boots|[from] move: Trick
|
|upkeep
|turn|20
|inactive|Computer Blue has 90 seconds left.
|j| afgdfgdfgsdfgadf
|inactive|Computer Blue has 60 seconds left.
|
|t:|1596338155
|move|p1a: Rotom|Defog|p2a: Mandibuzz
|-unboost|p2a: Mandibuzz|evasion|1
|-sideend|p2: Shootingwolf|Stealth Rock|[from] move: Defog|[of] p1a: Rotom
|move|p2a: Mandibuzz|U-turn|p1a: Rotom
|-resisted|p1a: Rotom
|-damage|p1a: Rotom|60/100
|
|t:|1596338174
|switch|p2a: Clefable|Clefable, M|100/100|[from]move: U-turn
|
|upkeep
|turn|21
|
|t:|1596338186
|move|p1a: Rotom|Trick|p2a: Clefable
|-activate|p1a: Rotom|move: Trick|[of] p2a: Clefable
|-item|p2a: Clefable|Heavy-Duty Boots|[from] move: Trick
|-item|p1a: Rotom|Leftovers|[from] move: Trick
|move|p2a: Clefable|Wish|p2a: Clefable
|
|-heal|p1a: Rotom|66/100|[from] item: Leftovers
|upkeep
|turn|22
|
|t:|1596338195
|move|p1a: Rotom|Volt Switch|p2a: Clefable
|-damage|p2a: Clefable|69/100
|
|t:|1596338200
|switch|p1a: Zeraora|Zeraora|100/100|[from]move: Volt Switch
|move|p2a: Clefable|Teleport|p2a: Clefable
|
|t:|1596338205
|switch|p2a: Volcarona|Volcarona, F|63/100|[from]move: Teleport
|
|-heal|p2a: Volcarona|100/100|[from] move: Wish|[wisher] Clefable
|upkeep
|turn|23
|
|t:|1596338214
|move|p1a: Zeraora|Bulk Up|p1a: Zeraora
|-boost|p1a: Zeraora|atk|1
|-boost|p1a: Zeraora|def|1
|move|p2a: Volcarona|Roost||[still]
|-fail|p2a: Volcarona|heal
|
|upkeep
|turn|24
|
|t:|1596338221
|move|p1a: Zeraora|Blaze Kick|p2a: Volcarona
|-damage|p2a: Volcarona|56/100
|-status|p1a: Zeraora|brn|[from] ability: Flame Body|[of] p2a: Volcarona
|move|p2a: Volcarona|Quiver Dance|p2a: Volcarona
|-boost|p2a: Volcarona|spa|1
|-boost|p2a: Volcarona|spd|1
|-boost|p2a: Volcarona|spe|1
|
|-damage|p1a: Zeraora|95/100 brn|[from] brn
|upkeep
|turn|25
|inactive|Computer Blue has 90 seconds left.
|
|t:|1596338236
|switch|p1a: Urshifu|Urshifu, M|100/100
|move|p2a: Volcarona|Quiver Dance|p2a: Volcarona
|-boost|p2a: Volcarona|spa|1
|-boost|p2a: Volcarona|spd|1
|-boost|p2a: Volcarona|spe|1
|
|upkeep
|turn|26
|
|t:|1596338243
|move|p2a: Volcarona|Roost|p2a: Volcarona
|-heal|p2a: Volcarona|100/100
|-singleturn|p2a: Volcarona|move: Roost
|move|p1a: Urshifu|Wicked Blow|p2a: Volcarona
|-crit|p2a: Volcarona
|-damage|p2a: Volcarona|29/100
|
|upkeep
|turn|27
|inactive|Computer Blue has 90 seconds left.
|
|t:|1596338258
|switch|p1a: Zeraora|Zeraora|95/100 brn
|move|p2a: Volcarona|Roost|p2a: Volcarona
|-heal|p2a: Volcarona|79/100
|-singleturn|p2a: Volcarona|move: Roost
|
|-heal|p1a: Zeraora|100/100 brn|[from] item: Leftovers
|-damage|p1a: Zeraora|95/100 brn|[from] brn
|upkeep
|turn|28
|inactive|Computer Blue has 90 seconds left.
|
|t:|1596338274
|switch|p1a: Rotom|Rotom-Heat|66/100
|move|p2a: Volcarona|Quiver Dance|p2a: Volcarona
|-boost|p2a: Volcarona|spa|1
|-boost|p2a: Volcarona|spd|1
|-boost|p2a: Volcarona|spe|1
|
|-heal|p1a: Rotom|73/100|[from] item: Leftovers
|upkeep
|turn|29
|-message|Computer Blue forfeited.
|
|win|Shootingwolf
|l|☆Computer Blue
|raw|Computer Blue's rating: 1669 &rarr; <strong>1649</strong><br />(-20 for losing)
|raw|Shootingwolf's rating: 1669 &rarr; <strong>1689</strong><br />(+20 for winning)
|c|☆Shootingwolf|wryyyyyyyy
|l| MegaCurtEvolved
|j| MegaCurtEvolved
