|html|<div class="broadcast-blue"><strong>[Gen 8] OU is currently suspecting Urshifu-S! For information on how to participate check out the <a href="https://www.smogon.com/forums/threads/np-ss-ou-suspect-process-round-8-aint-no-rest-for-the-wicked.3675310/">suspect thread</a>.</strong></div>
|j|☆lando expando
|j|☆ramsay lord bolton
|t:|1609271045
|player|p1|lando expando|rocketgrunt|1747
|player|p2|ramsay lord bolton|1|1745
|teamsize|p1|6
|teamsize|p2|6
|gametype|singles
|gen|8
|tier|[Gen 8] OU
|rated|
|clearpoke
|poke|p1|Tyrantrum, M|
|poke|p1|Latios, M|
|poke|p1|Heatran, F|
|poke|p1|Slowbro, M|
|poke|p1|Landorus-Therian, M|
|poke|p1|Drapion, M|
|poke|p2|Blaziken, M|
|poke|p2|Buzzwole|
|poke|p2|Magearna|
|poke|p2|Grimmsnarl, M|
|poke|p2|Landorus-Therian, M|
|poke|p2|Urshifu-*, M|
|rule|Sleep Clause Mod: Limit one foe put to sleep
|rule|Species Clause: Limit one of each Pokémon
|rule|OHKO Clause: OHKO moves are banned
|rule|Evasion Moves Clause: Evasion moves are banned
|rule|Endless Battle Clause: Forcing endless battles is banned
|rule|HP Percentage Mod: HP is shown in percentages
|rule|Dynamax Clause: You cannot dynamax
|teampreview
|j| shawnmyrelle
|j| odin77
|c| shawnmyrelle|let the match begin!
|inactive|Battle timer is ON: inactive players will automatically lose when time's up. (requested by ramsay lord bolton)
|
|t:|1609271085
|start
|switch|p1a: Slowbro|Slowbro, M|100/100
|switch|p2a: Grimmsnarl|Grimmsnarl, M|100/100
|turn|1
|j| Vessev
|
|t:|1609271092
|move|p2a: Grimmsnarl|Light Screen|p2a: Grimmsnarl
|-sidestart|p2: ramsay lord bolton|move: Light Screen
|move|p1a: Slowbro|Scald|p2a: Grimmsnarl
|-damage|p2a: Grimmsnarl|90/100
|-status|p2a: Grimmsnarl|brn
|
|-damage|p2a: Grimmsnarl|83/100 brn|[from] brn
|upkeep
|turn|2
|
|t:|1609271101
|switch|p2a: Magearna|Magearna|100/100
|move|p1a: Slowbro|Scald|p2a: Magearna
|-damage|p2a: Magearna|89/100
|-status|p2a: Magearna|brn
|
|-heal|p2a: Magearna|95/100 brn|[from] item: Leftovers
|-damage|p2a: Magearna|89/100 brn|[from] brn
|upkeep
|turn|3
|
|t:|1609271113
|switch|p2a: Buzzwole|Buzzwole|100/100
|switch|p1a: Heatran|Heatran, F|100/100
|
|upkeep
|turn|4
|
|t:|1609271119
|switch|p1a: Slowbro|Slowbro, M|100/100
|move|p2a: Buzzwole|Bulk Up|p2a: Buzzwole
|-boost|p2a: Buzzwole|atk|1
|-boost|p2a: Buzzwole|def|1
|
|upkeep
|turn|5
|
|t:|1609271125
|move|p2a: Buzzwole|Leech Life|p1a: Slowbro
|-supereffective|p1a: Slowbro
|-damage|p1a: Slowbro|0 fnt
|-damage|p2a: Buzzwole|84/100|[from] item: Rocky Helmet|[of] p1a: Slowbro
|-damage|p2a: Buzzwole|74/100|[from] item: Life Orb
|faint|p1a: Slowbro
|-ability|p2a: Buzzwole|Beast Boost|boost
|-boost|p2a: Buzzwole|atk|1
|
|upkeep
|
|t:|1609271133
|switch|p1a: Latios|Latios, M|100/100
|turn|6
|
|t:|1609271135
|move|p1a: Latios|Psychic|p2a: Buzzwole
|-supereffective|p2a: Buzzwole
|-damage|p2a: Buzzwole|0 fnt
|-damage|p1a: Latios|91/100|[from] item: Life Orb
|faint|p2a: Buzzwole
|
|upkeep
|l| shawnmyrelle
|
|t:|1609271150
|switch|p2a: Landorus|Landorus-Therian, M|100/100
|-ability|p2a: Landorus|Intimidate|boost
|-unboost|p1a: Latios|atk|1
|turn|7
|
|t:|1609271163
|move|p1a: Latios|Psychic|p2a: Landorus
|-damage|p2a: Landorus|72/100
|-damage|p1a: Latios|81/100|[from] item: Life Orb
|move|p2a: Landorus|Rock Polish|p2a: Landorus
|-boost|p2a: Landorus|spe|2
|
|-heal|p2a: Landorus|78/100|[from] item: Leftovers
|upkeep
|turn|8
|
|t:|1609271176
|move|p2a: Landorus|Swords Dance|p2a: Landorus
|-boost|p2a: Landorus|atk|2
|move|p1a: Latios|Psychic|p2a: Landorus
|-damage|p2a: Landorus|48/100
|-damage|p1a: Latios|71/100|[from] item: Life Orb
|
|-heal|p2a: Landorus|54/100|[from] item: Leftovers
|-sideend|p2: ramsay lord bolton|move: Light Screen
|upkeep
|turn|9
|
|t:|1609271184
|move|p2a: Landorus|Fly||[still]
|-prepare|p2a: Landorus|Fly
|move|p1a: Latios|Draco Meteor|p2a: Landorus|[miss]
|-miss|p1a: Latios|p2a: Landorus
|
|-heal|p2a: Landorus|61/100|[from] item: Leftovers
|upkeep
|turn|10
|
|t:|1609271198
|switch|p1a: Drapion|Drapion, M|100/100
|move|p2a: Landorus|Fly|p1a: Drapion|[from]lockedmove
|-damage|p1a: Drapion|20/100
|-damage|p2a: Landorus|44/100|[from] item: Rocky Helmet|[of] p1a: Drapion
|
|-heal|p2a: Landorus|50/100|[from] item: Leftovers
|upkeep
|turn|11
|
|t:|1609271207
|move|p2a: Landorus|Fly||[still]
|-prepare|p2a: Landorus|Fly
|move|p1a: Drapion|Knock Off|p2a: Landorus|[miss]
|-miss|p1a: Drapion|p2a: Landorus
|
|-heal|p2a: Landorus|57/100|[from] item: Leftovers
|upkeep
|turn|12
|
|t:|1609271212
|move|p2a: Landorus|Fly|p1a: Drapion|[from]lockedmove
|-damage|p1a: Drapion|0 fnt
|-damage|p2a: Landorus|40/100|[from] item: Rocky Helmet|[of] p1a: Drapion
|faint|p1a: Drapion
|
|-heal|p2a: Landorus|47/100|[from] item: Leftovers
|upkeep
|
|t:|1609271215
|switch|p1a: Landorus|Landorus-Therian, M|100/100
|-ability|p1a: Landorus|Intimidate|boost
|-unboost|p2a: Landorus|atk|1
|turn|13
|
|t:|1609271223
|move|p1a: Landorus|Stone Edge|p2a: Landorus
|-crit|p2a: Landorus
|-damage|p2a: Landorus|0 fnt
|faint|p2a: Landorus
|
|upkeep
|
|t:|1609271227
|switch|p2a: Urshifu|Urshifu-Rapid-Strike, M|100/100
|turn|14
|
|t:|1609271233
|switch|p1a: Tyrantrum|Tyrantrum, M|100/100
|move|p2a: Urshifu|Bulk Up|p2a: Urshifu
|-boost|p2a: Urshifu|atk|1
|-boost|p2a: Urshifu|def|1
|
|upkeep
|turn|15
|
|t:|1609271240
|move|p1a: Tyrantrum|Outrage|p2a: Urshifu
|-damage|p2a: Urshifu|48/100
|move|p2a: Urshifu|Drain Punch|p1a: Tyrantrum
|-supereffective|p1a: Tyrantrum
|-damage|p1a: Tyrantrum|0 fnt
|-heal|p2a: Urshifu|92/100|[from] drain|[of] p1a: Tyrantrum
|-damage|p2a: Urshifu|82/100|[from] item: Life Orb
|faint|p1a: Tyrantrum
|
|upkeep
|j| pokemonkorea co kr
|
|t:|1609271245
|switch|p1a: Latios|Latios, M|71/100
|turn|16
|
|t:|1609271253
|switch|p2a: Magearna|Magearna|89/100 brn
|move|p1a: Latios|Psychic|p2a: Magearna
|-resisted|p2a: Magearna
|-crit|p2a: Magearna
|-damage|p2a: Magearna|50/100 brn
|-damage|p1a: Latios|61/100|[from] item: Life Orb
|
|-heal|p2a: Magearna|56/100 brn|[from] item: Leftovers
|-damage|p2a: Magearna|50/100 brn|[from] brn
|upkeep
|turn|17
|
|t:|1609271262
|switch|p2a: Grimmsnarl|Grimmsnarl, M|83/100 brn
|move|p1a: Latios|Mystical Fire|p2a: Grimmsnarl
|-damage|p2a: Grimmsnarl|60/100 brn
|-unboost|p2a: Grimmsnarl|spa|1
|-damage|p1a: Latios|51/100|[from] item: Life Orb
|
|-damage|p2a: Grimmsnarl|54/100 brn|[from] brn
|upkeep
|turn|18
|j| Zombini62
|j| TartarianSauce
|
|t:|1609271271
|move|p2a: Grimmsnarl|Light Screen|p2a: Grimmsnarl
|-sidestart|p2: ramsay lord bolton|move: Light Screen
|move|p1a: Latios|Roost|p1a: Latios
|-heal|p1a: Latios|100/100
|-singleturn|p1a: Latios|move: Roost
|
|-damage|p2a: Grimmsnarl|47/100 brn|[from] brn
|upkeep
|turn|19
|j| DJR123
|
|t:|1609271277
|switch|p1a: Heatran|Heatran, F|100/100
|move|p2a: Grimmsnarl|Spirit Break|p1a: Heatran
|-resisted|p1a: Heatran
|-damage|p1a: Heatran|97/100
|-unboost|p1a: Heatran|spa|1
|
|-heal|p1a: Heatran|100/100|[from] item: Leftovers
|-damage|p2a: Grimmsnarl|41/100 brn|[from] brn
|upkeep
|turn|20
|j| GassyGhastly
|l| GassyGhastly
|
|t:|1609271288
|switch|p1a: Landorus|Landorus-Therian, M|100/100
|-ability|p1a: Landorus|Intimidate|boost
|-unboost|p2a: Grimmsnarl|atk|1
|move|p2a: Grimmsnarl|Spirit Break|p1a: Landorus
|-damage|p1a: Landorus|90/100
|-unboost|p1a: Landorus|spa|1
|
|-damage|p2a: Grimmsnarl|35/100 brn|[from] brn
|upkeep
|turn|21
|
|t:|1609271298
|move|p2a: Grimmsnarl|Reflect|p2a: Grimmsnarl
|-sidestart|p2: ramsay lord bolton|Reflect
|move|p1a: Landorus|U-turn|p2a: Grimmsnarl
|-damage|p2a: Grimmsnarl|20/100 brn
|
|t:|1609271307
|switch|p1a: Latios|Latios, M|100/100|[from]move: U-turn
|
|-damage|p2a: Grimmsnarl|14/100 brn|[from] brn
|upkeep
|turn|22
|
|t:|1609271311
|switch|p1a: Landorus|Landorus-Therian, M|90/100
|-ability|p1a: Landorus|Intimidate|boost
|-unboost|p2a: Grimmsnarl|atk|1
|move|p2a: Grimmsnarl|Spirit Break|p1a: Landorus
|-damage|p1a: Landorus|80/100
|-unboost|p1a: Landorus|spa|1
|
|-damage|p2a: Grimmsnarl|8/100 brn|[from] brn
|upkeep
|turn|23
|
|t:|1609271324
|switch|p2a: Magearna|Magearna|50/100 brn
|move|p1a: Landorus|U-turn|p2a: Magearna
|-resisted|p2a: Magearna
|-damage|p2a: Magearna|47/100 brn
|
|t:|1609271328
|switch|p1a: Heatran|Heatran, F|100/100|[from]move: U-turn
|
|-heal|p2a: Magearna|53/100 brn|[from] item: Leftovers
|-damage|p2a: Magearna|47/100 brn|[from] brn
|upkeep
|turn|24
|
|t:|1609271336
|switch|p2a: Blaziken|Blaziken, M|100/100
|move|p1a: Heatran|Taunt|p2a: Blaziken
|-start|p2a: Blaziken|move: Taunt
|
|upkeep
|turn|25
|l| odin77
|
|t:|1609271344
|switch|p1a: Landorus|Landorus-Therian, M|80/100
|-ability|p1a: Landorus|Intimidate|boost
|-unboost|p2a: Blaziken|atk|1
|move|p2a: Blaziken|Blaze Kick|p1a: Landorus
|-damage|p1a: Landorus|36/100
|-damage|p2a: Blaziken|91/100|[from] item: Life Orb
|
|-sideend|p2: ramsay lord bolton|move: Light Screen
|-ability|p2a: Blaziken|Speed Boost|boost
|-boost|p2a: Blaziken|spe|1
|upkeep
|turn|26
|
|t:|1609271356
|switch|p2a: Magearna|Magearna|47/100 brn
|move|p1a: Landorus|Earthquake|p2a: Magearna
|-supereffective|p2a: Magearna
|-damage|p2a: Magearna|0 fnt
|faint|p2a: Magearna
|
|upkeep
|
|t:|1609271363
|switch|p2a: Urshifu|Urshifu-Rapid-Strike, M|82/100
|turn|27
|
|t:|1609271366
|switch|p1a: Latios|Latios, M|100/100
|move|p2a: Urshifu|Aqua Jet|p1a: Latios
|-resisted|p1a: Latios
|-damage|p1a: Latios|80/100
|-damage|p2a: Urshifu|72/100|[from] item: Life Orb
|
|upkeep
|turn|28
|j| jghdgdhuyfduj
|j| carmout
|
|t:|1609271377
|move|p1a: Latios|Mystical Fire|p2a: Urshifu
|-resisted|p2a: Urshifu
|-damage|p2a: Urshifu|49/100
|-unboost|p2a: Urshifu|spa|1
|-damage|p1a: Latios|70/100|[from] item: Life Orb
|move|p2a: Urshifu|Surging Strikes|p1a: Latios
|-resisted|p1a: Latios
|-crit|p1a: Latios
|-damage|p1a: Latios|52/100
|-resisted|p1a: Latios
|-crit|p1a: Latios
|-damage|p1a: Latios|33/100
|-resisted|p1a: Latios
|-crit|p1a: Latios
|-damage|p1a: Latios|14/100
|-hitcount|p1a: Latios|3
|-damage|p2a: Urshifu|39/100|[from] item: Life Orb
|
|-sideend|p2: ramsay lord bolton|Reflect
|upkeep
|turn|29
|j| Saindzaku
|
|t:|1609271393
|switch|p1a: Landorus|Landorus-Therian, M|36/100
|-ability|p1a: Landorus|Intimidate|boost
|-unboost|p2a: Urshifu|atk|1
|move|p2a: Urshifu|Aqua Jet|p1a: Landorus
|-supereffective|p1a: Landorus
|-damage|p1a: Landorus|0 fnt
|-damage|p2a: Urshifu|29/100|[from] item: Life Orb
|faint|p1a: Landorus
|
|upkeep
|
|t:|1609271395
|switch|p1a: Latios|Latios, M|14/100
|turn|30
|
|t:|1609271408
|switch|p2a: Grimmsnarl|Grimmsnarl, M|8/100 brn
|move|p1a: Latios|Roost|p1a: Latios
|-heal|p1a: Latios|65/100
|-singleturn|p1a: Latios|move: Roost
|
|-damage|p2a: Grimmsnarl|2/100 brn|[from] brn
|upkeep
|turn|31
|
|t:|1609271415
|move|p2a: Grimmsnarl|Light Screen|p2a: Grimmsnarl
|-sidestart|p2: ramsay lord bolton|move: Light Screen
|move|p1a: Latios|Mystical Fire|p2a: Grimmsnarl
|-damage|p2a: Grimmsnarl|0 fnt
|-damage|p1a: Latios|55/100|[from] item: Life Orb
|faint|p2a: Grimmsnarl
|
|upkeep
|
|t:|1609271421
|switch|p2a: Urshifu|Urshifu-Rapid-Strike, M|29/100
|turn|32
|
|t:|1609271424
|move|p2a: Urshifu|Aqua Jet|p1a: Latios
|-resisted|p1a: Latios
|-damage|p1a: Latios|33/100
|-damage|p2a: Urshifu|19/100|[from] item: Life Orb
|move|p1a: Latios|Psychic|p2a: Urshifu
|-supereffective|p2a: Urshifu
|-damage|p2a: Urshifu|0 fnt
|-damage|p1a: Latios|23/100|[from] item: Life Orb
|faint|p2a: Urshifu
|
|upkeep
|
|t:|1609271433
|switch|p2a: Blaziken|Blaziken, M|91/100
|turn|33
|
|t:|1609271437
|move|p1a: Latios|Psychic|p2a: Blaziken
|-supereffective|p2a: Blaziken
|-damage|p2a: Blaziken|0 fnt
|-damage|p1a: Latios|13/100|[from] item: Life Orb
|faint|p2a: Blaziken
|
|win|lando expando
|j| Reign1997
|l|☆ramsay lord bolton
|l|☆lando expando
|l| TartarianSauce
|l| Zombini62
|l| pokemonkorea co kr
|l| DJR123
||Ladder (probably) updated, but score could not be retrieved (Request timeout).
|j| BAKED GXE
|l| BAKED GXE
|l| jghdgdhuyfduj
