|j|☆craneh
|j|☆brettfavreinnocent
|t:|1663296407
|gametype|singles
|player|p1|craneh|169|1069
|player|p2|brettfavreinnocent|youngster-gen4dp|1121
|teamsize|p1|6
|teamsize|p2|6
|gen|8
|tier|[Gen 8] OU
|rated|
|rule|Sleep Clause Mod: Limit one foe put to sleep
|rule|Species Clause: Limit one of each Pokémon
|rule|OHKO Clause: OHKO moves are banned
|rule|Evasion Items Clause: Evasion items are banned
|rule|Evasion Moves Clause: Evasion moves are banned
|rule|Endless Battle Clause: Forcing endless battles is banned
|rule|HP Percentage Mod: HP is shown in percentages
|rule|Dynamax Clause: You cannot dynamax
|clearpoke
|poke|p1|Ferrothorn, F|
|poke|p1|Toxapex, M|
|poke|p1|Heatran, F|
|poke|p1|Clefable, F|
|poke|p1|Skarmory, M|
|poke|p1|Landorus-Therian, M|
|poke|p2|Alakazam, M|
|poke|p2|Kadabra, F|
|poke|p2|Tapu Lele|
|poke|p2|Stakataka|
|poke|p2|Victini|
|poke|p2|Mr. Rime, M|
|teampreview
|inactive|Battle timer is ON: inactive players will automatically lose when time's up. (requested by brettfavreinnocent)
|
|t:|1663296413
|start
|switch|p1a: Toxapex|Toxapex, M|100/100
|switch|p2a: Victini|Victini|100/100
|turn|1
|
|t:|1663296419
|move|p2a: Victini|Final Gambit|p1a: Toxapex
|-damage|p1a: Toxapex|0 fnt
|faint|p2a: Victini
|faint|p1a: Toxapex
|
|upkeep
|
|t:|1663296425
|switch|p2a: Mr. Rime|Mr. Rime, M|100/100
|switch|p1a: Skarmory|Skarmory, M|100/100
|turn|2
|
|t:|1663296432
|move|p2a: Mr. Rime|Trick|p1a: Skarmory
|-activate|p2a: Mr. Rime|move: Trick|[of] p1a: Skarmory
|-item|p1a: Skarmory|Choice Scarf|[from] move: Trick
|-item|p2a: Mr. Rime|Quick Claw|[from] move: Trick
|move|p1a: Skarmory|Spikes|p2a: Mr. Rime
|-sidestart|p2: brettfavreinnocent|Spikes
|
|upkeep
|turn|3
|
|t:|1663296438
|move|p1a: Skarmory|Spikes|p2a: Mr. Rime
|-sidestart|p2: brettfavreinnocent|Spikes
|move|p2a: Mr. Rime|Block|p1a: Skarmory
|-activate|p1a: Skarmory|trapped
|
|upkeep
|turn|4
|
|t:|1663296445
|move|p1a: Skarmory|Spikes|p2a: Mr. Rime
|-sidestart|p2: brettfavreinnocent|Spikes
|move|p2a: Mr. Rime|Copycat|p2a: Mr. Rime
|move|p2a: Mr. Rime|Spikes|p1a: Skarmory|[from]move: Copycat
|-sidestart|p1: craneh|Spikes
|
|upkeep
|turn|5
|c|☆brettfavreinnocent|welcome to the block party
|-activate|p2a: Mr. Rime|item: Quick Claw
|
|t:|1663296452
|move|p2a: Mr. Rime|Copycat|p2a: Mr. Rime
|move|p2a: Mr. Rime|Spikes|p1a: Skarmory|[from]move: Copycat
|-sidestart|p1: craneh|Spikes
|move|p1a: Skarmory|Spikes||[still]
|-fail|p1a: Skarmory
|
|upkeep
|turn|6
|
|t:|1663296462
|move|p1a: Skarmory|Spikes||[still]
|-fail|p1a: Skarmory
|move|p2a: Mr. Rime|Copycat|p2a: Mr. Rime
|move|p2a: Mr. Rime|Spikes|p1a: Skarmory|[from]move: Copycat
|-sidestart|p1: craneh|Spikes
|
|upkeep
|turn|7
|
|t:|1663296469
|move|p1a: Skarmory|Spikes||[still]
|-fail|p1a: Skarmory
|move|p2a: Mr. Rime|Copycat|p2a: Mr. Rime
|move|p2a: Mr. Rime|Spikes||[from]move: Copycat|[still]
|-fail|p2a: Mr. Rime
|
|upkeep
|turn|8
|
|t:|1663296476
|move|p1a: Skarmory|Spikes||[still]
|-fail|p1a: Skarmory
|move|p2a: Mr. Rime|Copycat|p2a: Mr. Rime
|move|p2a: Mr. Rime|Spikes||[from]move: Copycat|[still]
|-fail|p2a: Mr. Rime
|
|upkeep
|turn|9
|-activate|p2a: Mr. Rime|item: Quick Claw
|
|t:|1663296483
|move|p2a: Mr. Rime|Copycat|p2a: Mr. Rime
|move|p2a: Mr. Rime|Spikes||[from]move: Copycat|[still]
|-fail|p2a: Mr. Rime
|move|p1a: Skarmory|Spikes||[still]
|-fail|p1a: Skarmory
|
|upkeep
|turn|10
|
|t:|1663296493
|move|p1a: Skarmory|Spikes||[still]
|-fail|p1a: Skarmory
|move|p2a: Mr. Rime|Copycat|p2a: Mr. Rime
|move|p2a: Mr. Rime|Spikes||[from]move: Copycat|[still]
|-fail|p2a: Mr. Rime
|
|upkeep
|turn|11
|
|t:|1663296500
|move|p1a: Skarmory|Spikes||[still]
|-fail|p1a: Skarmory
|move|p2a: Mr. Rime|Copycat|p2a: Mr. Rime
|move|p2a: Mr. Rime|Spikes||[from]move: Copycat|[still]
|-fail|p2a: Mr. Rime
|
|upkeep
|turn|12
|
|t:|1663296507
|move|p1a: Skarmory|Spikes||[still]
|-fail|p1a: Skarmory
|move|p2a: Mr. Rime|Copycat|p2a: Mr. Rime
|move|p2a: Mr. Rime|Spikes||[from]move: Copycat|[still]
|-fail|p2a: Mr. Rime
|
|upkeep
|turn|13
|c|☆brettfavreinnocent|can youi fastforward after you click?
|
|t:|1663296515
|move|p1a: Skarmory|Spikes||[still]
|-fail|p1a: Skarmory
|move|p2a: Mr. Rime|Copycat|p2a: Mr. Rime
|move|p2a: Mr. Rime|Spikes||[from]move: Copycat|[still]
|-fail|p2a: Mr. Rime
|
|upkeep
|turn|14
|
|t:|1663296524
|move|p1a: Skarmory|Spikes||[still]
|-fail|p1a: Skarmory
|move|p2a: Mr. Rime|Copycat|p2a: Mr. Rime
|move|p2a: Mr. Rime|Spikes||[from]move: Copycat|[still]
|-fail|p2a: Mr. Rime
|
|upkeep
|turn|15
|
|t:|1663296538
|move|p1a: Skarmory|Spikes||[still]
|-fail|p1a: Skarmory
|move|p2a: Mr. Rime|Copycat|p2a: Mr. Rime
|move|p2a: Mr. Rime|Spikes||[from]move: Copycat|[still]
|-fail|p2a: Mr. Rime
|
|upkeep
|turn|16
|
|t:|1663296540
|move|p1a: Skarmory|Spikes||[still]
|-fail|p1a: Skarmory
|move|p2a: Mr. Rime|Copycat|p2a: Mr. Rime
|move|p2a: Mr. Rime|Spikes||[from]move: Copycat|[still]
|-fail|p2a: Mr. Rime
|
|upkeep
|turn|17
|
|t:|1663296553
|move|p1a: Skarmory|Spikes||[still]
|-fail|p1a: Skarmory
|move|p2a: Mr. Rime|Copycat|p2a: Mr. Rime
|move|p2a: Mr. Rime|Spikes||[from]move: Copycat|[still]
|-fail|p2a: Mr. Rime
|
|upkeep
|turn|18
|
|t:|1663296560
|move|p1a: Skarmory|Spikes||[still]
|-fail|p1a: Skarmory
|move|p2a: Mr. Rime|Copycat|p2a: Mr. Rime
|move|p2a: Mr. Rime|Spikes||[from]move: Copycat|[still]
|-fail|p2a: Mr. Rime
|
|upkeep
|turn|19
|
|t:|1663296570
|move|p1a: Skarmory|Spikes||[still]
|-fail|p1a: Skarmory
|move|p2a: Mr. Rime|Copycat|p2a: Mr. Rime
|move|p2a: Mr. Rime|Spikes||[from]move: Copycat|[still]
|-fail|p2a: Mr. Rime
|
|upkeep
|turn|20
|
|t:|1663296577
|move|p1a: Skarmory|Spikes||[still]
|-fail|p1a: Skarmory
|move|p2a: Mr. Rime|Copycat|p2a: Mr. Rime
|move|p2a: Mr. Rime|Spikes||[from]move: Copycat|[still]
|-fail|p2a: Mr. Rime
|
|upkeep
|turn|21
|
|t:|1663296589
|move|p1a: Skarmory|Spikes||[still]
|-fail|p1a: Skarmory
|move|p2a: Mr. Rime|Copycat|p2a: Mr. Rime
|move|p2a: Mr. Rime|Spikes||[from]move: Copycat|[still]
|-fail|p2a: Mr. Rime
|
|upkeep
|turn|22
|-activate|p2a: Mr. Rime|item: Quick Claw
|
|t:|1663296596
|move|p2a: Mr. Rime|Copycat|p2a: Mr. Rime
|move|p2a: Mr. Rime|Spikes||[from]move: Copycat|[still]
|-fail|p2a: Mr. Rime
|move|p1a: Skarmory|Spikes||[still]
|-fail|p1a: Skarmory
|
|upkeep
|turn|23
|
|t:|1663296606
|move|p1a: Skarmory|Spikes||[still]
|-fail|p1a: Skarmory
|move|p2a: Mr. Rime|Copycat|p2a: Mr. Rime
|move|p2a: Mr. Rime|Spikes||[from]move: Copycat|[still]
|-fail|p2a: Mr. Rime
|
|upkeep
|turn|24
|
|t:|1663296613
|move|p1a: Skarmory|Spikes||[still]
|-fail|p1a: Skarmory
|move|p2a: Mr. Rime|Copycat|p2a: Mr. Rime
|move|p2a: Mr. Rime|Spikes||[from]move: Copycat|[still]
|-fail|p2a: Mr. Rime
|
|upkeep
|turn|25
|-activate|p2a: Mr. Rime|item: Quick Claw
|
|t:|1663296620
|move|p2a: Mr. Rime|Copycat|p2a: Mr. Rime
|move|p2a: Mr. Rime|Spikes||[from]move: Copycat|[still]
|-fail|p2a: Mr. Rime
|move|p1a: Skarmory|Spikes||[still]
|-fail|p1a: Skarmory
|
|upkeep
|turn|26
|
|t:|1663296628
|move|p1a: Skarmory|Spikes||[still]
|-fail|p1a: Skarmory
|move|p2a: Mr. Rime|Copycat|p2a: Mr. Rime
|move|p2a: Mr. Rime|Spikes||[from]move: Copycat|[still]
|-fail|p2a: Mr. Rime
|
|upkeep
|turn|27
|
|t:|1663296635
|move|p1a: Skarmory|Spikes||[still]
|-fail|p1a: Skarmory
|move|p2a: Mr. Rime|Copycat|p2a: Mr. Rime
|move|p2a: Mr. Rime|Spikes||[from]move: Copycat|[still]
|-fail|p2a: Mr. Rime
|
|upkeep
|turn|28
|
|t:|1663296641
|move|p1a: Skarmory|Spikes||[still]
|-fail|p1a: Skarmory
|move|p2a: Mr. Rime|Copycat|p2a: Mr. Rime
|move|p2a: Mr. Rime|Spikes||[from]move: Copycat|[still]
|-fail|p2a: Mr. Rime
|
|upkeep
|turn|29
|-activate|p2a: Mr. Rime|item: Quick Claw
|
|t:|1663296648
|move|p2a: Mr. Rime|Copycat|p2a: Mr. Rime
|move|p2a: Mr. Rime|Spikes||[from]move: Copycat|[still]
|-fail|p2a: Mr. Rime
|move|p1a: Skarmory|Spikes||[still]
|-fail|p1a: Skarmory
|
|upkeep
|turn|30
|
|t:|1663296657
|move|p1a: Skarmory|Spikes||[still]
|-fail|p1a: Skarmory
|move|p2a: Mr. Rime|Copycat|p2a: Mr. Rime
|move|p2a: Mr. Rime|Spikes||[from]move: Copycat|[still]
|-fail|p2a: Mr. Rime
|
|upkeep
|turn|31
|
|t:|1663296685
|move|p1a: Skarmory|Spikes||[still]
|-fail|p1a: Skarmory
|move|p2a: Mr. Rime|Copycat|p2a: Mr. Rime
|move|p2a: Mr. Rime|Spikes||[from]move: Copycat|[still]
|-fail|p2a: Mr. Rime
|
|upkeep
|turn|32
|-activate|p2a: Mr. Rime|item: Quick Claw
|
|t:|1663296692
|move|p2a: Mr. Rime|Copycat|p2a: Mr. Rime
|move|p2a: Mr. Rime|Spikes||[from]move: Copycat|[still]
|-fail|p2a: Mr. Rime
|move|p1a: Skarmory|Spikes||[still]
|-fail|p1a: Skarmory
|
|upkeep
|turn|33
|
|t:|1663296704
|move|p1a: Skarmory|Spikes||[still]
|-fail|p1a: Skarmory
|move|p2a: Mr. Rime|Copycat|p2a: Mr. Rime
|move|p2a: Mr. Rime|Spikes||[from]move: Copycat|[still]
|-fail|p2a: Mr. Rime
|
|upkeep
|turn|34
|
|t:|1663296713
|-activate|p1a: Skarmory|move: Struggle
|move|p1a: Skarmory|Struggle|p2a: Mr. Rime
|-damage|p2a: Mr. Rime|90/100
|-damage|p1a: Skarmory|75/100|[from] recoil
|move|p2a: Mr. Rime|Slack Off|p2a: Mr. Rime
|-heal|p2a: Mr. Rime|100/100
|
|upkeep
|turn|35
|
|t:|1663296722
|-activate|p1a: Skarmory|move: Struggle
|move|p1a: Skarmory|Struggle|p2a: Mr. Rime
|-damage|p2a: Mr. Rime|90/100
|-damage|p1a: Skarmory|50/100|[from] recoil
|move|p2a: Mr. Rime|Slack Off|p2a: Mr. Rime
|-heal|p2a: Mr. Rime|100/100
|
|upkeep
|turn|36
|
|t:|1663296739
|-activate|p1a: Skarmory|move: Struggle
|move|p1a: Skarmory|Struggle|p2a: Mr. Rime
|-damage|p2a: Mr. Rime|90/100
|-damage|p1a: Skarmory|25/100|[from] recoil
|move|p2a: Mr. Rime|Slack Off|p2a: Mr. Rime
|-heal|p2a: Mr. Rime|100/100
|
|upkeep
|turn|37
|
|t:|1663296750
|-activate|p1a: Skarmory|move: Struggle
|move|p1a: Skarmory|Struggle|p2a: Mr. Rime
|-damage|p2a: Mr. Rime|90/100
|-damage|p1a: Skarmory|0 fnt|[from] recoil
|faint|p1a: Skarmory
|move|p2a: Mr. Rime|Trick|p1: Skarmory|[notarget]
|-fail|p2a: Mr. Rime
|
|upkeep
|
|t:|1663296759
|switch|p1a: Heatran|Heatran, F|100/100
|-damage|p1a: Heatran|75/100|[from] Spikes
|turn|38
|
|t:|1663296764
|move|p1a: Heatran|Magma Storm|p2a: Mr. Rime
|-supereffective|p2a: Mr. Rime
|-damage|p2a: Mr. Rime|0 fnt
|faint|p2a: Mr. Rime
|
|upkeep
|
|t:|1663296775
|switch|p2a: Stakataka|Stakataka|100/100
|-damage|p2a: Stakataka|76/100|[from] Spikes
|turn|39
|
|t:|1663296781
|move|p1a: Heatran|Magma Storm|p2a: Stakataka
|-damage|p2a: Stakataka|19/100
|-activate|p2a: Stakataka|move: Magma Storm|[of] p1a: Heatran
|move|p2a: Stakataka|Trick Room|p2a: Stakataka
|-fieldstart|move: Trick Room|[of] p2a: Stakataka
|
|-damage|p2a: Stakataka|6/100|[from] move: Magma Storm|[partiallytrapped]
|upkeep
|turn|40
|
|t:|1663296789
|switch|p1a: Ferrothorn|Ferrothorn, F|100/100
|-damage|p1a: Ferrothorn|75/100|[from] Spikes
|move|p2a: Stakataka|Stone Edge|p1a: Ferrothorn|[miss]
|-miss|p2a: Stakataka|p1a: Ferrothorn
|
|-heal|p1a: Ferrothorn|82/100|[from] item: Leftovers
|-end|p2a: Stakataka|Magma Storm|[partiallytrapped]|[silent]
|upkeep
|turn|41
|
|t:|1663296799
|move|p2a: Stakataka|Heat Crash|p1a: Ferrothorn
|-supereffective|p1a: Ferrothorn
|-damage|p1a: Ferrothorn|0 fnt
|-damage|p2a: Stakataka|0 fnt|[from] ability: Iron Barbs|[of] p1a: Ferrothorn
|faint|p1a: Ferrothorn
|faint|p2a: Stakataka
|
|upkeep
|
|t:|1663296807
|switch|p2a: Tapu Lele|Tapu Lele|100/100
|switch|p1a: Landorus|Landorus-Therian, M|100/100
|-ability|p1a: Landorus|Intimidate|boost
|-unboost|p2a: Tapu Lele|atk|1
|-damage|p2a: Tapu Lele|76/100|[from] Spikes
|-fieldstart|move: Psychic Terrain|[from] ability: Psychic Surge|[of] p2a: Tapu Lele
|turn|42
|
|t:|1663296819
|move|p1a: Landorus|Knock Off|p2a: Tapu Lele
|-damage|p2a: Tapu Lele|23/100
|-enditem|p2a: Tapu Lele|Terrain Extender|[from] move: Knock Off|[of] p1a: Landorus
|move|p2a: Tapu Lele|Psyshock|p1a: Landorus
|-crit|p1a: Landorus
|-damage|p1a: Landorus|0 fnt
|faint|p1a: Landorus
|
|upkeep
|
|t:|1663296828
|switch|p1a: Clefable|Clefable, F|100/100
|turn|43
|
|t:|1663296832
|move|p1a: Clefable|Moonblast|p2a: Tapu Lele
|-damage|p2a: Tapu Lele|0 fnt
|faint|p2a: Tapu Lele
|
|-fieldend|move: Trick Room
|upkeep
|
|t:|1663296838
|switch|p2a: Kadabra|Kadabra, F|100/100
|turn|44
|
|t:|1663296844
|move|p2a: Kadabra|Expanding Force|p1a: Clefable
|-damage|p1a: Clefable|26/100
|move|p1a: Clefable|Focus Blast|p2a: Kadabra
|-resisted|p2a: Kadabra
|-damage|p2a: Kadabra|62/100
|
|upkeep
|turn|45
|
|t:|1663296851
|move|p2a: Kadabra|Expanding Force|p1a: Clefable
|-damage|p1a: Clefable|0 fnt
|faint|p1a: Clefable
|
|upkeep
|
|t:|1663296856
|switch|p1a: Heatran|Heatran, F|75/100
|-damage|p1a: Heatran|50/100|[from] Spikes
|turn|46
|
|t:|1663296863
|move|p1a: Heatran|Magma Storm|p2a: Kadabra|[miss]
|-miss|p1a: Heatran|p2a: Kadabra
|move|p2a: Kadabra|Expanding Force|p1a: Heatran
|-resisted|p1a: Heatran
|-crit|p1a: Heatran
|-damage|p1a: Heatran|0 fnt
|faint|p1a: Heatran
|
|win|brettfavreinnocent
|raw|craneh's rating: 1069 &rarr; <strong>1053</strong><br />(-16 for losing)
|raw|brettfavreinnocent's rating: 1150 &rarr; <strong>1169</strong><br />(+19 for winning)
|l|☆craneh
||Ladder isn't responding, score probably updated but might not have (Request timeout).
|player|p2|brettfavreinnocent|youngster-gen4dp
