|j|☆minimax_ai
|j|☆Redflix
|t:|1667974993
|gametype|singles
|player|p1|minimax_ai|169|1722
|player|p2|Redflix|erika|1782
|teamsize|p1|6
|teamsize|p2|6
|gen|8
|tier|[Gen 8] OU
|rated|
|rule|Sleep Clause Mod: Limit one foe put to sleep
|rule|Species Clause: Limit one of each Pokémon
|rule|OHKO Clause: OHKO moves are banned
|rule|Evasion Items Clause: Evasion items are banned
|rule|Evasion Moves Clause: Evasion moves are banned
|rule|Endless Battle Clause: Forcing endless battles is banned
|rule|HP Percentage Mod: HP is shown in percentages
|rule|Dynamax Clause: You cannot dynamax
|clearpoke
|poke|p1|Rotom-Wash|
|poke|p1|Weavile, F|
|poke|p1|Landorus-Therian, M|
|poke|p1|Heatran, M|
|poke|p1|Tangrowth, M|
|poke|p1|Melmetal|
|poke|p2|Weavile, F|
|poke|p2|Rillaboom, M|
|poke|p2|Dragapult, F|
|poke|p2|Blaziken, F|
|poke|p2|Heatran, F|
|poke|p2|Garchomp, F|
|teampreview
|c|☆minimax_ai|hf
|inactive|Battle timer is ON: inactive players will automatically lose when time's up. (requested by minimax_ai)
|
|t:|1667975013
|start
|switch|p1a: landorustherian|Landorus-Therian, M|100/100
|switch|p2a: Heatran|Heatran, F|100/100
|-item|p2a: Heatran|Air Balloon
|-ability|p1a: landorustherian|Intimidate|boost
|-unboost|p2a: Heatran|atk|1
|turn|1
|
|t:|1667975016
|move|p2a: Heatran|Stealth Rock|p1a: landorustherian
|-sidestart|p1: minimax_ai|move: Stealth Rock
|move|p1a: landorustherian|U-turn|p2a: Heatran
|-resisted|p2a: Heatran
|-damage|p2a: Heatran|95/100
|-status|p1a: landorustherian|brn|[from] ability: Flame Body|[of] p2a: Heatran
|-enditem|p2a: Heatran|Air Balloon
|
|t:|1667975016
|switch|p1a: Melmetal|Melmetal|100/100|[from]move: U-turn
|-damage|p1a: Melmetal|94/100|[from] Stealth Rock
|
|upkeep
|turn|2
|
|t:|1667975021
|move|p2a: Heatran|Magma Storm|p1a: Melmetal
|-supereffective|p1a: Melmetal
|-damage|p1a: Melmetal|44/100
|-activate|p1a: Melmetal|move: Magma Storm|[of] p2a: Heatran
|move|p1a: Melmetal|Earthquake|p2a: Heatran
|-supereffective|p2a: Heatran
|-damage|p2a: Heatran|0 fnt
|faint|p2a: Heatran
|
|-end|p1a: Melmetal|Magma Storm|[partiallytrapped]|[silent]
|upkeep
|
|t:|1667975031
|switch|p2a: Garchomp|Garchomp, F|100/100
|turn|3
|
|t:|1667975035
|switch|p1a: landorustherian|Landorus-Therian, M|100/100 brn
|-damage|p1a: landorustherian|88/100 brn|[from] Stealth Rock
|-ability|p1a: landorustherian|Intimidate|boost
|-unboost|p2a: Garchomp|atk|1
|move|p2a: Garchomp|Swords Dance|p2a: Garchomp
|-boost|p2a: Garchomp|atk|2
|
|-heal|p1a: landorustherian|94/100 brn|[from] item: Leftovers
|-damage|p1a: landorustherian|88/100 brn|[from] brn
|upkeep
|turn|4
|
|t:|1667975038
|move|p2a: Garchomp|Swords Dance|p2a: Garchomp
|-boost|p2a: Garchomp|atk|2
|move|p1a: landorustherian|Defog|p2a: Garchomp
|-unboost|p2a: Garchomp|evasion|1
|-sideend|p1: minimax_ai|Stealth Rock|[from] move: Defog|[of] p1a: landorustherian
|
|-heal|p1a: landorustherian|94/100 brn|[from] item: Leftovers
|-damage|p1a: landorustherian|88/100 brn|[from] brn
|upkeep
|turn|5
|
|t:|1667975040
|move|p2a: Garchomp|Scale Shot|p1a: landorustherian
|-damage|p1a: landorustherian|56/100 brn
|-damage|p1a: landorustherian|24/100 brn
|-damage|p1a: landorustherian|0 fnt
|faint|p1a: landorustherian
|-hitcount|p1: landorustherian|3
|-unboost|p2a: Garchomp|def|1
|-boost|p2a: Garchomp|spe|1
|
|upkeep
|
|t:|1667975040
|switch|p1a: Weavile|Weavile, F|100/100
|-ability|p1a: Weavile|Pressure
|turn|6
|
|t:|1667975054
|switch|p2a: Blaziken|Blaziken, F|100/100
|move|p1a: Weavile|Ice Shard|p2a: Blaziken
|-resisted|p2a: Blaziken
|-damage|p2a: Blaziken|79/100
|
|-heal|p2a: Blaziken|85/100|[from] item: Leftovers
|upkeep
|turn|7
|
|t:|1667975062
|move|p1a: Weavile|Ice Shard|p2a: Blaziken
|-resisted|p2a: Blaziken
|-damage|p2a: Blaziken|63/100
|move|p2a: Blaziken|Close Combat|p1a: Weavile
|-supereffective|p1a: Weavile
|-damage|p1a: Weavile|0 fnt
|-unboost|p2a: Blaziken|def|1
|-unboost|p2a: Blaziken|spd|1
|faint|p1a: Weavile
|
|-heal|p2a: Blaziken|69/100|[from] item: Leftovers
|-ability|p2a: Blaziken|Speed Boost|boost
|-boost|p2a: Blaziken|spe|1
|upkeep
|
|t:|1667975062
|switch|p1a: rotomwash|Rotom-Wash|100/100
|turn|8
|
|t:|1667975065
|move|p2a: Blaziken|Protect|p2a: Blaziken
|-singleturn|p2a: Blaziken|Protect
|move|p1a: rotomwash|Thunderbolt|p2a: Blaziken
|-activate|p2a: Blaziken|move: Protect
|
|-heal|p2a: Blaziken|75/100|[from] item: Leftovers
|-ability|p2a: Blaziken|Speed Boost|boost
|-boost|p2a: Blaziken|spe|1
|upkeep
|turn|9
|
|t:|1667975069
|switch|p2a: Garchomp|Garchomp, F|100/100
|move|p1a: rotomwash|Thunderbolt|p2a: Garchomp
|-immune|p2a: Garchomp
|
|upkeep
|turn|10
|
|t:|1667975071
|move|p2a: Garchomp|Swords Dance|p2a: Garchomp
|-boost|p2a: Garchomp|atk|2
|move|p1a: rotomwash|Hydro Pump|p2a: Garchomp
|-damage|p2a: Garchomp|51/100
|
|-heal|p2a: Garchomp|58/100|[from] item: Leftovers
|upkeep
|turn|11
|
|t:|1667975073
|switch|p1a: Tangrowth|Tangrowth, M|100/100
|move|p2a: Garchomp|Scale Shot|p1a: Tangrowth|[miss]
|-miss|p2a: Garchomp|p1a: Tangrowth
|
|-heal|p2a: Garchomp|64/100|[from] item: Leftovers
|upkeep
|turn|12
|
|t:|1667975076
|move|p2a: Garchomp|Scale Shot|p1a: Tangrowth
|-damage|p1a: Tangrowth|86/100
|-damage|p1a: Tangrowth|72/100
|-hitcount|p1a: Tangrowth|2
|-unboost|p2a: Garchomp|def|1
|-boost|p2a: Garchomp|spe|1
|move|p1a: Tangrowth|Giga Drain|p2a: Garchomp
|-damage|p2a: Garchomp|36/100
|-heal|p1a: Tangrowth|84/100|[from] drain|[of] p2a: Garchomp
|
|-heal|p2a: Garchomp|42/100|[from] item: Leftovers
|upkeep
|turn|13
|
|t:|1667975079
|move|p2a: Garchomp|Fire Fang|p1a: Tangrowth
|-supereffective|p1a: Tangrowth
|-damage|p1a: Tangrowth|36/100
|-status|p1a: Tangrowth|brn
|-damage|p2a: Garchomp|25/100|[from] item: Rocky Helmet|[of] p1a: Tangrowth
|move|p1a: Tangrowth|Knock Off|p2a: Garchomp
|-damage|p2a: Garchomp|9/100
|-damage|p1a: Tangrowth|23/100 brn|[from] ability: Rough Skin|[of] p2a: Garchomp
|-enditem|p2a: Garchomp|Leftovers|[from] move: Knock Off|[of] p1a: Tangrowth
|
|-damage|p1a: Tangrowth|17/100 brn|[from] brn
|upkeep
|turn|14
|
|t:|1667975083
|switch|p1a: Heatran|Heatran, M|100/100
|-item|p1a: Heatran|Air Balloon
|move|p2a: Garchomp|Earthquake|p1a: Heatran
|-immune|p1a: Heatran
|
|upkeep
|turn|15
|
|t:|1667975085
|move|p2a: Garchomp|Scale Shot|p1a: Heatran
|-resisted|p1a: Heatran
|-damage|p1a: Heatran|87/100
|-enditem|p1a: Heatran|Air Balloon
|-resisted|p1a: Heatran
|-damage|p1a: Heatran|74/100
|-resisted|p1a: Heatran
|-damage|p1a: Heatran|61/100
|-resisted|p1a: Heatran
|-damage|p1a: Heatran|48/100
|-hitcount|p1a: Heatran|4
|-unboost|p2a: Garchomp|def|1
|-boost|p2a: Garchomp|spe|1
|move|p1a: Heatran|Earth Power|p2a: Garchomp
|-damage|p2a: Garchomp|0 fnt
|faint|p2a: Garchomp
|
|upkeep
|
|t:|1667975089
|switch|p2a: Dragapult|Dragapult, F|100/100
|turn|16
|
|t:|1667975092
|switch|p1a: Melmetal|Melmetal|44/100
|move|p2a: Dragapult|Shadow Ball|p1a: Melmetal
|-damage|p1a: Melmetal|16/100
|-unboost|p1a: Melmetal|spd|1
|
|upkeep
|turn|17
|
|t:|1667975094
|move|p2a: Dragapult|Shadow Ball|p1a: Melmetal
|-damage|p1a: Melmetal|0 fnt
|faint|p1a: Melmetal
|
|upkeep
|
|t:|1667975094
|switch|p1a: Tangrowth|Tangrowth, M|50/100 brn
|turn|18
|
|t:|1667975096
|switch|p1a: Heatran|Heatran, M|48/100
|move|p2a: Dragapult|Shadow Ball|p1a: Heatran
|-damage|p1a: Heatran|0 fnt
|faint|p1a: Heatran
|
|upkeep
|
|t:|1667975096
|switch|p1a: rotomwash|Rotom-Wash|100/100
|turn|19
|
|t:|1667975099
|move|p2a: Dragapult|Shadow Ball|p1a: rotomwash
|-damage|p1a: rotomwash|45/100
|move|p1a: rotomwash|Pain Split|p2a: Dragapult
|-sethp|p2a: Dragapult|72/100|[from] move: Pain Split|[silent]
|-sethp|p1a: rotomwash|75/100|[from] move: Pain Split
|
|-heal|p1a: rotomwash|81/100|[from] item: Leftovers
|upkeep
|turn|20
|
|t:|1667975101
|move|p2a: Dragapult|Shadow Ball|p1a: rotomwash
|-damage|p1a: rotomwash|23/100
|move|p1a: rotomwash|Pain Split|p2a: Dragapult
|-sethp|p2a: Dragapult|47/100|[from] move: Pain Split|[silent]
|-sethp|p1a: rotomwash|49/100|[from] move: Pain Split
|
|-heal|p1a: rotomwash|55/100|[from] item: Leftovers
|upkeep
|turn|21
|
|t:|1667975103
|move|p2a: Dragapult|Shadow Ball|p1a: rotomwash
|-damage|p1a: rotomwash|0 fnt
|faint|p1a: rotomwash
|
|upkeep
|
|t:|1667975103
|switch|p1a: Tangrowth|Tangrowth, M|83/100 brn
|turn|22
|
|t:|1667975104
|move|p2a: Dragapult|Shadow Ball|p1a: Tangrowth
|-damage|p1a: Tangrowth|6/100 brn
|move|p1a: Tangrowth|Sleep Powder|p2a: Dragapult
|-status|p2a: Dragapult|slp|[from] move: Sleep Powder
|
|-damage|p1a: Tangrowth|0 fnt|[from] brn
|faint|p1a: Tangrowth
|
|win|Redflix
|upkeep
|raw|minimax_ai's rating: 1722 &rarr; <strong>1705</strong><br />(-17 for losing)
|raw|Redflix's rating: 1782 &rarr; <strong>1799</strong><br />(+17 for winning)
|c|☆minimax_ai|gg
|l|☆minimax_ai
