|j|☆gaenisalbino
|j|☆Kyerndo
|t:|1644154321
|gametype|singles
|player|p1|gaenisalbino|blue|1644
|player|p2|Kyerndo|psychic|1602
|teamsize|p1|6
|teamsize|p2|6
|gen|8
|tier|[Gen 8] OU
|rated|
|rule|Sleep Clause Mod: Limit one foe put to sleep
|rule|Species Clause: Limit one of each Pokémon
|rule|OHKO Clause: OHKO moves are banned
|rule|Evasion Moves Clause: Evasion moves are banned
|rule|Endless Battle Clause: Forcing endless battles is banned
|rule|HP Percentage Mod: HP is shown in percentages
|rule|Dynamax Clause: You cannot dynamax
|clearpoke
|poke|p1|Buzzwole|
|poke|p1|Tapu Lele|
|poke|p1|Tornadus-Therian, M|
|poke|p1|Blissey, F|
|poke|p1|Magnezone|
|poke|p1|Gastrodon, M|
|poke|p2|Crawdaunt, F|
|poke|p2|Marowak-Alola, M|
|poke|p2|Dragalge, M|
|poke|p2|Hatterene, F|
|poke|p2|Porygon2|
|poke|p2|Cresselia, F|
|teampreview
|
|t:|1644154337
|start
|switch|p1a: Tapu Lele|Tapu Lele|100/100
|switch|p2a: Marowak|Marowak-Alola, M|100/100
|-fieldstart|move: Psychic Terrain|[from] ability: Psychic Surge|[of] p1a: Tapu Lele
|turn|1
|
|t:|1644154348
|switch|p2a: Cresselia|Cresselia, F|100/100
|move|p1a: Tapu Lele|Psychic|p2a: Cresselia
|-resisted|p2a: Cresselia
|-damage|p2a: Cresselia|73/100
|
|upkeep
|turn|2
|
|t:|1644154358
|switch|p1a: Gastrodon|Gastrodon, M|100/100
|move|p2a: Cresselia|Trick Room|p2a: Cresselia
|-fieldstart|move: Trick Room|[of] p2a: Cresselia
|
|upkeep
|turn|3
|
|t:|1644154370
|switch|p2a: Crawdaunt|Crawdaunt, F|100/100
|move|p1a: Gastrodon|Earth Power|p2a: Crawdaunt
|-damage|p2a: Crawdaunt|51/100
|
|upkeep
|turn|4
|inactive|Battle timer is ON: inactive players will automatically lose when time's up. (requested by gaenisalbino)
|
|t:|1644154377
|switch|p1a: Buzzwole|Buzzwole|100/100
|move|p2a: Crawdaunt|Knock Off|p1a: Buzzwole
|-resisted|p1a: Buzzwole
|-damage|p1a: Buzzwole|77/100
|-damage|p2a: Crawdaunt|34/100|[from] item: Rocky Helmet|[of] p1a: Buzzwole
|-enditem|p1a: Buzzwole|Rocky Helmet|[from] move: Knock Off|[of] p2a: Crawdaunt
|-damage|p2a: Crawdaunt|24/100|[from] item: Life Orb
|
|upkeep
|turn|5
|
|t:|1644154382
|switch|p2a: Marowak|Marowak-Alola, M|100/100
|move|p1a: Buzzwole|Roost|p1a: Buzzwole
|-heal|p1a: Buzzwole|100/100
|-singleturn|p1a: Buzzwole|move: Roost
|
|-fieldend|move: Psychic Terrain
|upkeep
|turn|6
|
|t:|1644154391
|switch|p1a: Gastrodon|Gastrodon, M|100/100
|move|p2a: Marowak|Flare Blitz|p1a: Gastrodon
|-resisted|p1a: Gastrodon
|-damage|p1a: Gastrodon|62/100
|
|-heal|p1a: Gastrodon|68/100|[from] item: Leftovers
|-fieldend|move: Trick Room
|upkeep
|turn|7
|
|t:|1644154398
|move|p2a: Marowak|Poltergeist|p1a: Gastrodon
|-activate|p1a: Gastrodon|move: Poltergeist|Leftovers
|-damage|p1a: Gastrodon|0 fnt
|faint|p1a: Gastrodon
|
|upkeep
|
|t:|1644154404
|switch|p1a: Tapu Lele|Tapu Lele|100/100
|-fieldstart|move: Psychic Terrain|[from] ability: Psychic Surge|[of] p1a: Tapu Lele
|turn|8
|
|t:|1644154416
|move|p1a: Tapu Lele|Moonblast|p2a: Marowak
|-resisted|p2a: Marowak
|-damage|p2a: Marowak|45/100
|-unboost|p2a: Marowak|spa|1
|move|p2a: Marowak|Poltergeist|p1a: Tapu Lele
|-activate|p1a: Tapu Lele|move: Poltergeist|Choice Specs
|-supereffective|p1a: Tapu Lele
|-damage|p1a: Tapu Lele|0 fnt
|faint|p1a: Tapu Lele
|
|upkeep
|
|t:|1644154425
|switch|p1a: Tornadus|Tornadus-Therian, M, shiny|100/100
|turn|9
|c|☆Kyerndo|I had a feeling you would blast there
|c|☆gaenisalbino|Yeah
|inactive|Kyerndo has 120 seconds left.
|
|t:|1644154457
|switch|p2a: Porygon2|Porygon2|100/100
|-ability|p2a: Porygon2|Regenerator|[from] ability: Trace|[of] p1a: Tornadus
|move|p1a: Tornadus|Hurricane|p2a: Porygon2|[miss]
|-miss|p1a: Tornadus|p2a: Porygon2
|
|upkeep
|turn|10
|c|☆gaenisalbino|I expected you to switch
|c|☆gaenisalbino|Cuz u immediately lost
|c|☆gaenisalbino|If i clicked psychic
|
|t:|1644154473
|move|p1a: Tornadus|Knock Off|p2a: Porygon2
|-damage|p2a: Porygon2|88/100
|-enditem|p2a: Porygon2|Eviolite|[from] move: Knock Off|[of] p1a: Tornadus
|move|p2a: Porygon2|Trick Room|p2a: Porygon2
|-fieldstart|move: Trick Room|[of] p2a: Porygon2
|
|upkeep
|turn|11
|
|t:|1644154480
|move|p1a: Tornadus|U-turn|p2a: Porygon2
|-damage|p2a: Porygon2|76/100
|
|t:|1644154483
|switch|p1a: Blissey|Blissey, F|100/100|[from]move: U-turn
|move|p2a: Porygon2|Teleport|p2a: Porygon2
|
|t:|1644154492
|switch|p2a: Marowak|Marowak-Alola, M|45/100|[from]move: Teleport
|
|upkeep
|turn|12
|
|t:|1644154497
|move|p2a: Marowak|Flare Blitz|p1a: Blissey
|-damage|p1a: Blissey|22/100
|-status|p1a: Blissey|brn
|move|p1a: Blissey|Toxic|p2a: Marowak
|-status|p2a: Marowak|tox
|
|-damage|p2a: Marowak|39/100 tox|[from] psn
|-damage|p1a: Blissey|16/100 brn|[from] brn
|-fieldend|move: Psychic Terrain
|upkeep
|turn|13
|
|t:|1644154502
|move|p2a: Marowak|Flare Blitz|p1a: Blissey
|-damage|p1a: Blissey|0 fnt
|faint|p1a: Blissey
|
|-damage|p2a: Marowak|26/100 tox|[from] psn
|upkeep
|
|t:|1644154506
|switch|p1a: Tornadus|Tornadus-Therian, M, shiny|100/100
|turn|14
|
|t:|1644154514
|switch|p2a: Porygon2|Porygon2|100/100
|-ability|p2a: Porygon2|Regenerator|[from] ability: Trace|[of] p1a: Tornadus
|move|p1a: Tornadus|Knock Off|p2a: Porygon2
|-damage|p2a: Porygon2|88/100
|
|-fieldend|move: Trick Room
|upkeep
|turn|15
|-message|gaenisalbino forfeited.
|
|win|Kyerndo
|raw|gaenisalbino's rating: 1644 &rarr; <strong>1622</strong><br />(-22 for losing)
|raw|Kyerndo's rating: 1602 &rarr; <strong>1624</strong><br />(+22 for winning)
|c|☆gaenisalbino|This won't work lol gg
