|j|☆Rorschach I
|j|☆juniiiin
|player|p1|Rorschach I|cynthia|1874
|player|p2|juniiiin|pokefan-gen4|1702
|teamsize|p1|6
|teamsize|p2|6
|gametype|singles
|gen|8
|tier|[Gen 8] OU
|rated|
|html|<div class="broadcast-blue"><strong>OU is currently suspecting Dracovish! For information on how to participate check out the <a href="https://www.smogon.com/forums/threads/3664521/">suspect thread</a>.</strong></div>
|clearpoke
|poke|p1|Terrakion|
|poke|p1|Aegislash, M|
|poke|p1|Crawdaunt, F|
|poke|p1|Zeraora|
|poke|p1|Kyurem|
|poke|p1|Togekiss, F|
|poke|p2|Palpitoad, F|
|poke|p2|Hawlucha, F|
|poke|p2|Aegislash, M|
|poke|p2|Corviknight, M|
|poke|p2|Rotom-Heat|
|poke|p2|Excadrill, M|
|rule|Sleep Clause Mod: Limit one foe put to sleep
|rule|Species Clause: Limit one of each Pokémon
|rule|OHKO Clause: OHKO moves are banned
|rule|Evasion Moves Clause: Evasion moves are banned
|rule|Endless Battle Clause: Forcing endless battles is banned
|rule|HP Percentage Mod: HP is shown in percentages
|rule|Dynamax Clause: You cannot dynamax
|teampreview
|j| HeavenStar
|inactive|Battle timer is ON: inactive players will automatically lose when time's up. (requested by juniiiin)
|
|start
|switch|p1a: Terrakion|Terrakion|100/100
|switch|p2a: Corviknight|Corviknight, M, shiny|100/100
|-ability|p2a: Corviknight|Pressure
|turn|1
|
|move|p1a: Terrakion|Stealth Rock|p2a: Corviknight
|-sidestart|p2: juniiiin|move: Stealth Rock
|move|p2a: Corviknight|U-turn|p1a: Terrakion
|-resisted|p1a: Terrakion
|-damage|p1a: Terrakion|93/100
|
|switch|p2a: Palpitoad|Palpitoad, F, shiny|100/100|[from]move: U-turn
|-damage|p2a: Palpitoad|94/100|[from] Stealth Rock
|
|upkeep
|turn|2
|
|switch|p1a: Kyurem|Kyurem|100/100
|-ability|p1a: Kyurem|Pressure
|move|p2a: Palpitoad|Stealth Rock|p1a: Kyurem
|-sidestart|p1: Rorschach I|move: Stealth Rock
|
|upkeep
|turn|3
|inactive|juniiiin has 120 seconds left.
|
|switch|p2a: Aegislash|Aegislash, M, shiny|100/100
|-damage|p2a: Aegislash|94/100|[from] Stealth Rock
|move|p1a: Kyurem|Ice Beam|p2a: Aegislash
|-resisted|p2a: Aegislash
|-damage|p2a: Aegislash|69/100
|
|-heal|p2a: Aegislash|75/100|[from] item: Leftovers
|upkeep
|turn|4
|
|switch|p1a: Crawdaunt|Crawdaunt, F|100/100
|-damage|p1a: Crawdaunt|88/100|[from] Stealth Rock
|-formechange|p2a: Aegislash|Aegislash-Blade||[from] ability: Stance Change
|move|p2a: Aegislash|Flash Cannon|p1a: Crawdaunt
|-resisted|p1a: Crawdaunt
|-damage|p1a: Crawdaunt|46/100
|
|-heal|p2a: Aegislash|82/100|[from] item: Leftovers
|upkeep
|turn|5
|inactive|juniiiin has 120 seconds left.
|
|-formechange|p2a: Aegislash|Aegislash||[from] ability: Stance Change
|move|p2a: Aegislash|King's Shield|p2a: Aegislash
|-singleturn|p2a: Aegislash|Protect
|move|p1a: Crawdaunt|Knock Off|p2a: Aegislash
|-activate|p2a: Aegislash|move: Protect
|-unboost|p1a: Crawdaunt|atk|1
|
|-heal|p2a: Aegislash|88/100|[from] item: Leftovers
|upkeep
|turn|6
|
|switch|p2a: Corviknight|Corviknight, M, shiny|100/100
|-damage|p2a: Corviknight|88/100|[from] Stealth Rock
|-ability|p2a: Corviknight|Pressure
|move|p1a: Crawdaunt|Knock Off|p2a: Corviknight
|-damage|p2a: Corviknight|45/100
|-enditem|p2a: Corviknight|Leftovers|[from] move: Knock Off|[of] p1a: Crawdaunt
|-damage|p1a: Crawdaunt|36/100|[from] item: Life Orb
|
|upkeep
|turn|7
|
|move|p1a: Crawdaunt|Crabhammer|p2a: Corviknight
|-damage|p2a: Corviknight|0 fnt
|-damage|p1a: Crawdaunt|26/100|[from] item: Life Orb
|faint|p2a: Corviknight
|
|upkeep
|inactive|juniiiin has 90 seconds left.
|
|switch|p2a: Aegislash|Aegislash, M, shiny|88/100
|-damage|p2a: Aegislash|82/100|[from] Stealth Rock
|turn|8
|inactive|juniiiin has 90 seconds left.
|inactive|Rorschach I has 120 seconds left.
|
|move|p2a: Aegislash|King's Shield|p2a: Aegislash
|-singleturn|p2a: Aegislash|Protect
|move|p1a: Crawdaunt|Knock Off|p2a: Aegislash
|-activate|p2a: Aegislash|move: Protect
|-unboost|p1a: Crawdaunt|atk|1
|
|-heal|p2a: Aegislash|88/100|[from] item: Leftovers
|upkeep
|turn|9
|inactive|juniiiin has 90 seconds left.
|
|move|p1a: Crawdaunt|Knock Off|p2a: Aegislash
|-supereffective|p2a: Aegislash
|-damage|p2a: Aegislash|27/100
|-enditem|p2a: Aegislash|Leftovers|[from] move: Knock Off|[of] p1a: Crawdaunt
|-damage|p1a: Crawdaunt|17/100|[from] item: Life Orb
|-formechange|p2a: Aegislash|Aegislash-Blade||[from] ability: Stance Change
|move|p2a: Aegislash|Flash Cannon|p1a: Crawdaunt
|-resisted|p1a: Crawdaunt
|-damage|p1a: Crawdaunt|0 fnt
|faint|p1a: Crawdaunt
|
|upkeep
|inactive|Rorschach I has 120 seconds left.
|inactive|Rorschach I has 90 seconds left.
|
|switch|p1a: Kyurem|Kyurem|100/100
|-damage|p1a: Kyurem|76/100|[from] Stealth Rock
|-ability|p1a: Kyurem|Pressure
|turn|10
|inactive|juniiiin has 90 seconds left.
|
|-formechange|p2a: Aegislash|Aegislash||[from] ability: Stance Change
|move|p2a: Aegislash|King's Shield|p2a: Aegislash
|-singleturn|p2a: Aegislash|Protect
|move|p1a: Kyurem|Draco Meteor|p2a: Aegislash
|-activate|p2a: Aegislash|move: Protect
|
|upkeep
|turn|11
|inactive|juniiiin has 90 seconds left.
|
|move|p1a: Kyurem|Draco Meteor|p2a: Aegislash
|-resisted|p2a: Aegislash
|-damage|p2a: Aegislash|0 fnt
|-unboost|p1a: Kyurem|spa|2
|faint|p2a: Aegislash
|
|upkeep
|inactive|juniiiin has 60 seconds left.
|
|switch|p2a: Excadrill|Excadrill, M, shiny|100/100
|-damage|p2a: Excadrill|97/100|[from] Stealth Rock
|-ability|p2a: Excadrill|Mold Breaker
|turn|12
|j| VvvV1250
|inactive|Rorschach I has 90 seconds left.
|
|switch|p1a: Aegislash|Aegislash, M|100/100
|-damage|p1a: Aegislash|94/100|[from] Stealth Rock
|-item|p1a: Aegislash|Air Balloon
|move|p2a: Excadrill|Earthquake|p1a: Aegislash
|-immune|p1a: Aegislash
|
|upkeep
|turn|13
|
|switch|p2a: Palpitoad|Palpitoad, F, shiny|94/100
|-damage|p2a: Palpitoad|88/100|[from] Stealth Rock
|-formechange|p1a: Aegislash|Aegislash-Blade||[from] ability: Stance Change
|move|p1a: Aegislash|Close Combat|p2a: Palpitoad
|-damage|p2a: Palpitoad|55/100
|-unboost|p1a: Aegislash|def|1
|-unboost|p1a: Aegislash|spd|1
|
|upkeep
|turn|14
|
|switch|p1a: Kyurem|Kyurem|76/100
|-damage|p1a: Kyurem|51/100|[from] Stealth Rock
|-ability|p1a: Kyurem|Pressure
|move|p2a: Palpitoad|Scald|p1a: Kyurem
|-resisted|p1a: Kyurem
|-damage|p1a: Kyurem|42/100
|
|upkeep
|turn|15
|inactive|juniiiin has 60 seconds left.
|
|move|p1a: Kyurem|Draco Meteor|p2a: Palpitoad
|-damage|p2a: Palpitoad|0 fnt
|-unboost|p1a: Kyurem|spa|2
|faint|p2a: Palpitoad
|
|upkeep
|inactive|juniiiin has 60 seconds left.
|
|switch|p2a: Hawlucha|Hawlucha, F, shiny|100/100
|-damage|p2a: Hawlucha|88/100|[from] Stealth Rock
|turn|16
|inactive|Rorschach I has 90 seconds left.
|
|move|p2a: Hawlucha|Swords Dance|p2a: Hawlucha
|-boost|p2a: Hawlucha|atk|2
|move|p1a: Kyurem|Draco Meteor|p2a: Hawlucha
|-damage|p2a: Hawlucha|10/100
|-unboost|p1a: Kyurem|spa|2
|
|upkeep
|turn|17
|inactive|juniiiin has 60 seconds left.
|inactive|Rorschach I has 90 seconds left.
|
|switch|p1a: Aegislash|Aegislash, M|94/100
|-damage|p1a: Aegislash|88/100|[from] Stealth Rock
|-item|p1a: Aegislash|Air Balloon
|move|p2a: Hawlucha|Sky Attack||[still]
|-prepare|p2a: Hawlucha|Sky Attack|p1a: Aegislash
|-enditem|p2a: Hawlucha|Power Herb
|-anim|p2a: Hawlucha|Sky Attack|p1a: Aegislash
|-resisted|p1a: Aegislash
|-damage|p1a: Aegislash|28/100
|-enditem|p1a: Aegislash|Air Balloon
|
|upkeep
|turn|18
|inactive|juniiiin has 60 seconds left.
|
|switch|p2a: Rotom|Rotom-Heat, shiny|100/100
|-formechange|p1a: Aegislash|Aegislash-Blade||[from] ability: Stance Change
|move|p1a: Aegislash|Shadow Sneak|p2a: Rotom
|-damage|p2a: Rotom|68/100
|
|upkeep
|turn|19
|inactive|Rorschach I has 90 seconds left.
|inactive|juniiiin has 60 seconds left.
|
|switch|p1a: Terrakion|Terrakion|93/100
|-damage|p1a: Terrakion|87/100|[from] Stealth Rock
|move|p2a: Rotom|Volt Switch|p1a: Terrakion
|-damage|p1a: Terrakion|50/100
|inactive|juniiiin has 60 seconds left.
|
|switch|p2a: Excadrill|Excadrill, M, shiny|97/100|[from]move: Volt Switch
|-damage|p2a: Excadrill|94/100|[from] Stealth Rock
|-ability|p2a: Excadrill|Mold Breaker
|
|upkeep
|turn|20
|inactive|juniiiin has 60 seconds left.
|
|move|p2a: Excadrill|Iron Head|p1a: Terrakion
|-supereffective|p1a: Terrakion
|-damage|p1a: Terrakion|0 fnt
|faint|p1a: Terrakion
|
|upkeep
|inactive|Rorschach I has 90 seconds left.
|
|switch|p1a: Zeraora|Zeraora|100/100
|-damage|p1a: Zeraora|88/100|[from] Stealth Rock
|turn|21
|inactive|Rorschach I has 90 seconds left.
|inactive|juniiiin has 60 seconds left.
|
|switch|p2a: Hawlucha|Hawlucha, F, shiny|10/100
|-damage|p2a: Hawlucha|0 fnt|[from] Stealth Rock
|faint|p2a: Hawlucha
|move|p1a: Zeraora|Bulk Up|p1a: Zeraora
|-boost|p1a: Zeraora|atk|1
|-boost|p1a: Zeraora|def|1
|
|upkeep
|j| NDHB
|
|switch|p2a: Rotom|Rotom-Heat, shiny|68/100
|turn|22
|
|move|p1a: Zeraora|Drain Punch|p2a: Rotom
|-damage|p2a: Rotom|3/100
|-heal|p1a: Zeraora|100/100|[from] drain|[of] p2a: Rotom
|-damage|p1a: Zeraora|91/100|[from] item: Life Orb
|move|p2a: Rotom|Overheat|p1a: Zeraora
|-damage|p1a: Zeraora|12/100
|-unboost|p2a: Rotom|spa|2
|
|upkeep
|turn|23
|
|move|p1a: Zeraora|Drain Punch|p2a: Rotom
|-damage|p2a: Rotom|0 fnt
|-heal|p1a: Zeraora|13/100|[from] drain|[of] p2a: Rotom
|-damage|p1a: Zeraora|3/100|[from] item: Life Orb
|faint|p2a: Rotom
|
|upkeep
|
|switch|p2a: Excadrill|Excadrill, M, shiny|94/100
|-damage|p2a: Excadrill|91/100|[from] Stealth Rock
|-ability|p2a: Excadrill|Mold Breaker
|turn|24
|
|move|p2a: Excadrill|Iron Head|p1a: Zeraora
|-resisted|p1a: Zeraora
|-damage|p1a: Zeraora|0 fnt
|faint|p1a: Zeraora
|
|upkeep
|
|switch|p1a: Aegislash|Aegislash, M|28/100
|-damage|p1a: Aegislash|22/100|[from] Stealth Rock
|turn|25
|
|move|p2a: Excadrill|Iron Head|p1a: Aegislash
|-resisted|p1a: Aegislash
|-damage|p1a: Aegislash|2/100
|-formechange|p1a: Aegislash|Aegislash-Blade||[from] ability: Stance Change
|move|p1a: Aegislash|Close Combat|p2a: Excadrill
|-supereffective|p2a: Excadrill
|-damage|p2a: Excadrill|0 fnt
|-unboost|p1a: Aegislash|def|1
|-unboost|p1a: Aegislash|spd|1
|faint|p2a: Excadrill
|
|win|Rorschach I
|l|☆juniiiin
|l| HeavenStar
||Ladder (probably) updated, but score could not be retrieved (Response not received).
