|j|☆mcp3
|j|☆i'm back from mars
|inactive|Battle timer is ON: inactive players will automatically lose when time's up.
|t:|1634850149
|gametype|singles
|player|p1|mcp3|mars|
|player|p2|i'm back from mars|dawn|
|teamsize|p1|6
|teamsize|p2|6
|gen|8
|tier|[Gen 8] OU
|rated|Tournament battle
|rule|Sleep Clause Mod: Limit one foe put to sleep
|rule|Species Clause: Limit one of each Pokémon
|rule|OHKO Clause: OHKO moves are banned
|rule|Evasion Moves Clause: Evasion moves are banned
|rule|Endless Battle Clause: Forcing endless battles is banned
|rule|HP Percentage Mod: HP is shown in percentages
|rule|Dynamax Clause: You cannot dynamax
|clearpoke
|poke|p1|Blacephalon|
|poke|p1|Snorlax, F|
|poke|p1|Mew|
|poke|p1|Landorus-Therian, M|
|poke|p1|Kartana|
|poke|p1|Volcarona, F|
|poke|p2|Shedinja|
|poke|p2|Skarmory, F|
|poke|p2|Clefable, F|
|poke|p2|Gastrodon-East, M|
|poke|p2|Toxapex, F|
|poke|p2|Hydreigon, F|
|teampreview
|j|@azure nights
|c|☆mcp3|hf
|j| zReptar
|c|☆i'm back from mars|hf
|j| Carkaju
|j| Galactic_God_420
|j| myfeelingssuck
|c| zReptar|yes do it
|j| quagsireslaps
|j| galaxy619ivory
|j| UltraHikariBeam
|c| zReptar|mcp do it
|j| thodoras edition
|j| AlphacatSmasher
|inactive|mcp3 has 120 seconds left.
|
|t:|1634850179
|start
|switch|p1a: metro|Landorus-Therian, M|100/100
|switch|p2a: Skarmory|Skarmory, F|100/100
|-ability|p1a: metro|Intimidate|boost
|-unboost|p2a: Skarmory|atk|1
|turn|1
|
|t:|1634850184
|move|p1a: metro|Stealth Rock|p2a: Skarmory
|-sidestart|p2: i'm back from mars|move: Stealth Rock
|move|p2a: Skarmory|Toxic|p1a: metro
|-status|p1a: metro|tox
|
|-damage|p1a: metro|95/100 tox|[from] psn
|upkeep
|turn|2
|j| Raelonus
|
|t:|1634850189
|move|p1a: metro|Swords Dance|p1a: metro
|-boost|p1a: metro|atk|2
|move|p2a: Skarmory|Roost||[still]
|-fail|p2a: Skarmory|heal
|
|-damage|p1a: metro|83/100 tox|[from] psn
|upkeep
|turn|3
|
|t:|1634850201
|move|p1a: metro|Swords Dance|p1a: metro
|-boost|p1a: metro|atk|2
|move|p2a: Skarmory|Roost||[still]
|-fail|p2a: Skarmory|heal
|
|-damage|p1a: metro|65/100 tox|[from] psn
|upkeep
|turn|4
|j| GreenOctave
|
|t:|1634850226
|switch|p1a: WARNING|Volcarona, F|100/100
|move|p2a: Skarmory|Roost||[still]
|-fail|p2a: Skarmory|heal
|
|upkeep
|turn|5
|
|t:|1634850233
|switch|p1a: WITHOUT|Kartana|100/100
|switch|p2a: Toxapex|Toxapex, F, shiny|100/100
|-damage|p2a: Toxapex|88/100|[from] Stealth Rock
|
|upkeep
|turn|6
|l| Raelonus
|c| Carkaju|lol
|c| Carkaju|wtf
|
|t:|1634850240
|switch|p1a: metro|Landorus-Therian, M|65/100 tox
|-ability|p1a: metro|Intimidate|boost
|-unboost|p2a: Toxapex|atk|1
|switch|p2a: Skarmory|Skarmory, F|100/100
|-damage|p2a: Skarmory|88/100|[from] Stealth Rock
|
|-damage|p1a: metro|59/100 tox|[from] psn
|upkeep
|turn|7
|
|t:|1634850247
|move|p1a: metro|Swords Dance|p1a: metro
|-boost|p1a: metro|atk|2
|move|p2a: Skarmory|Defog|p1a: metro
|-unboost|p1a: metro|evasion|1
|-sideend|p2: i'm back from mars|Stealth Rock|[from] move: Defog|[of] p2a: Skarmory
|
|-damage|p1a: metro|47/100 tox|[from] psn
|upkeep
|turn|8
|
|t:|1634850251
|move|p1a: metro|Stealth Rock|p2a: Skarmory
|-sidestart|p2: i'm back from mars|move: Stealth Rock
|move|p2a: Skarmory|Roost|p2a: Skarmory
|-heal|p2a: Skarmory|100/100
|-singleturn|p2a: Skarmory|move: Roost
|
|-damage|p1a: metro|29/100 tox|[from] psn
|upkeep
|turn|9
|c| Carkaju|why
|
|t:|1634850258
|move|p1a: metro|Explosion|p2a: Skarmory
|-enditem|p1a: metro|Normal Gem|[from] gem
|-resisted|p2a: Skarmory
|-damage|p2a: Skarmory|16/100
|faint|p1a: metro
|move|p2a: Skarmory|Roost|p2a: Skarmory
|-heal|p2a: Skarmory|66/100
|-singleturn|p2a: Skarmory|move: Roost
|
|upkeep
|j| waste yrself
|l| quagsireslaps
|
|t:|1634850265
|switch|p1a: metro 1|Blacephalon|100/100
|turn|10
|j| Zakattack332
|
|t:|1634850272
|switch|p2a: Hydreigon|Hydreigon, F|100/100
|-damage|p2a: Hydreigon|88/100|[from] Stealth Rock
|move|p1a: metro 1|Fire Spin|p2a: Hydreigon
|-resisted|p2a: Hydreigon
|-damage|p2a: Hydreigon|77/100
|-activate|p2a: Hydreigon|move: Fire Spin|[of] p1a: metro 1
|
|-heal|p2a: Hydreigon|83/100|[from] item: Leftovers
|-damage|p2a: Hydreigon|71/100|[from] move: Fire Spin|[partiallytrapped]
|upkeep
|turn|11
|
|t:|1634850277
|move|p1a: metro 1|Explosion|p2a: Hydreigon
|-enditem|p1a: metro 1|Normal Gem|[from] gem
|-crit|p2a: Hydreigon
|-damage|p2a: Hydreigon|0 fnt
|faint|p1a: metro 1
|faint|p2a: Hydreigon
|
|upkeep
|c| AlphacatSmasher|kamikaze team
|c| waste yrself|mcp3 teaching lessons rn
|inactive|i'm back from mars has 120 seconds left.
|
|t:|1634850310
|switch|p1a: WARNING|Volcarona, F|100/100
|switch|p2a: Gastrodon|Gastrodon-East, M|100/100
|-damage|p2a: Gastrodon|94/100|[from] Stealth Rock
|turn|12
|j| forestcave
|
|t:|1634850322
|switch|p1a: stormzone(lame)|Mew|100/100
|move|p2a: Gastrodon|Toxic|p1a: stormzone(lame)
|-status|p1a: stormzone(lame)|tox
|-activate|p1a: stormzone(lame)|ability: Synchronize
|-status|p2a: Gastrodon|tox
|
|-heal|p2a: Gastrodon|100/100 tox|[from] item: Leftovers
|-damage|p1a: stormzone(lame)|94/100 tox|[from] psn
|-damage|p2a: Gastrodon|94/100 tox|[from] psn
|upkeep
|turn|13
|inactive|i'm back from mars has 120 seconds left.
|
|t:|1634850341
|switch|p1a: WITHOUT|Kartana|100/100
|switch|p2a: Toxapex|Toxapex, F, shiny|100/100
|-damage|p2a: Toxapex|88/100|[from] Stealth Rock
|
|upkeep
|turn|14
|c| zReptar|mcps team is beautiful
|
|t:|1634850348
|switch|p2a: Skarmory|Skarmory, F|66/100
|-damage|p2a: Skarmory|54/100|[from] Stealth Rock
|move|p1a: WITHOUT|Swords Dance|p1a: WITHOUT
|-boost|p1a: WITHOUT|atk|2
|
|upkeep
|turn|15
|j| yaboiAshK.
|
|t:|1634850355
|move|p1a: WITHOUT|Swords Dance|p1a: WITHOUT
|-boost|p1a: WITHOUT|atk|2
|move|p2a: Skarmory|Counter||[still]
|-fail|p2a: Skarmory
|
|upkeep
|turn|16
|c| waste yrself|?
|c|☆mcp3|?
|c| yaboiAshK.|?
|
|t:|1634850368
|switch|p2a: Toxapex|Toxapex, F, shiny|100/100
|-damage|p2a: Toxapex|88/100|[from] Stealth Rock
|move|p1a: WITHOUT|Knock Off|p2a: Toxapex
|-damage|p2a: Toxapex|6/100
|-damage|p1a: WITHOUT|84/100|[from] item: Rocky Helmet|[of] p2a: Toxapex
|-enditem|p2a: Toxapex|Rocky Helmet|[from] move: Knock Off|[of] p1a: WITHOUT
|
|upkeep
|turn|17
|c| waste yrself|back on the spaceship
|c| zReptar|good team
|c| waste yrself|right back 2 mars
|c| zReptar|welp
|inactive|i'm back from mars has 120 seconds left.
|n|+tigersjaw|wasteyrself
|
|t:|1634850399
|move|p1a: WITHOUT|Leaf Blade|p2a: Toxapex
|-damage|p2a: Toxapex|0 fnt
|faint|p2a: Toxapex
|-ability|p1a: WITHOUT|Beast Boost|boost
|-boost|p1a: WITHOUT|atk|1
|
|upkeep
|c| Carkaju|volcarona explodes too?
|j| pult02silver
|
|t:|1634850403
|switch|p2a: Clefable|Clefable, F|100/100
|-damage|p2a: Clefable|88/100|[from] Stealth Rock
|turn|18
|
|t:|1634850407
|move|p1a: WITHOUT|Leaf Blade|p2a: Clefable
|-damage|p2a: Clefable|43/100
|move|p2a: Clefable|Soft-Boiled|p2a: Clefable
|-heal|p2a: Clefable|93/100
|
|-heal|p2a: Clefable|99/100|[from] item: Leftovers
|upkeep
|turn|19
|
|t:|1634850412
|move|p1a: WITHOUT|Knock Off|p2a: Clefable
|-resisted|p2a: Clefable
|-damage|p2a: Clefable|82/100
|-enditem|p2a: Clefable|Leftovers|[from] move: Knock Off|[of] p1a: WITHOUT
|move|p2a: Clefable|Calm Mind|p2a: Clefable
|-boost|p2a: Clefable|spa|1
|-boost|p2a: Clefable|spd|1
|
|upkeep
|turn|20
|
|t:|1634850430
|move|p1a: WITHOUT|Leaf Blade|p2a: Clefable
|-damage|p2a: Clefable|40/100
|move|p2a: Clefable|Soft-Boiled|p2a: Clefable
|-heal|p2a: Clefable|90/100
|
|upkeep
|turn|21
|
|t:|1634850434
|move|p1a: WITHOUT|Leaf Blade|p2a: Clefable
|-damage|p2a: Clefable|47/100
|move|p2a: Clefable|Soft-Boiled|p2a: Clefable
|-heal|p2a: Clefable|97/100
|
|upkeep
|turn|22
|
|t:|1634850436
|move|p1a: WITHOUT|Leaf Blade|p2a: Clefable
|-damage|p2a: Clefable|52/100
|move|p2a: Clefable|Moonblast|p1a: WITHOUT
|-resisted|p1a: WITHOUT
|-damage|p1a: WITHOUT|4/100
|-enditem|p1a: WITHOUT|Salac Berry|[eat]
|-boost|p1a: WITHOUT|spe|1|[from] item: Salac Berry
|
|upkeep
|turn|23
|c| Carkaju|gg
|
|t:|1634850455
|move|p1a: WITHOUT|Leaf Blade|p2a: Clefable
|-damage|p2a: Clefable|4/100
|move|p2a: Clefable|Soft-Boiled|p2a: Clefable
|-heal|p2a: Clefable|54/100
|
|upkeep
|turn|24
|c| zReptar|nooo
|
|t:|1634850463
|switch|p2a: Shedinja|Shedinja, shiny|100/100
|move|p1a: WITHOUT|Leaf Blade|p2a: Shedinja
|-immune|p2a: Shedinja|[from] ability: Wonder Guard
|
|upkeep
|turn|25
|c| Carkaju|mhhh
|
|t:|1634850472
|switch|p1a: metro2(stormzone)|Snorlax, F|100/100
|move|p2a: Shedinja|Shadow Sneak|p1a: metro2(stormzone)
|-immune|p1a: metro2(stormzone)
|
|upkeep
|turn|26
|c|☆mcp3|I must look stupid
|
|t:|1634850477
|switch|p2a: Skarmory|Skarmory, F|54/100
|-damage|p2a: Skarmory|42/100|[from] Stealth Rock
|move|p1a: metro2(stormzone)|Belly Drum|p1a: metro2(stormzone)
|-damage|p1a: metro2(stormzone)|50/100
|-setboost|p1a: metro2(stormzone)|atk|6|[from] move: Belly Drum
|
|upkeep
|turn|27
|c|+tigersjaw|quite
|c|☆mcp3|gg
|-enditem|p1a: metro2(stormzone)|Custap Berry|[eat]
|-activate|p1a: metro2(stormzone)|item: Custap Berry|[consumed]
|
|t:|1634850483
|move|p1a: metro2(stormzone)|Heat Crash|p2a: Skarmory
|-supereffective|p2a: Skarmory
|-damage|p2a: Skarmory|0 fnt
|faint|p2a: Skarmory
|
|upkeep
|c|+tigersjaw|not now tho
|c| Zakattack332|LAX SWEEP
|c| pult02silver|go go go mcp3
|c|@azure nights|(stormzone)
|c| zReptar|lax sweep lets go
|
|t:|1634850509
|switch|p2a: Clefable|Clefable, F|54/100
|-damage|p2a: Clefable|41/100|[from] Stealth Rock
|turn|28
|
|t:|1634850513
|move|p2a: Clefable|Soft-Boiled|p2a: Clefable
|-heal|p2a: Clefable|91/100
|move|p1a: metro2(stormzone)|Self-Destruct|p2a: Clefable
|-damage|p2a: Clefable|18/100
|faint|p1a: metro2(stormzone)
|
|upkeep
|c|☆mcp3|I got some bad news
|c| Carkaju|lol
|c| zReptar|mcp3 saved the best for last
|c|+tigersjaw|real bad news
|c|☆i'm back from mars|yeah i was about
|c|☆i'm back from mars|to go shed
|c| pult02silver|siuuuu
|c|☆i'm back from mars|gg
|
|t:|1634850524
|switch|p1a: WARNING|Volcarona, F|100/100
|turn|29
|c| Carkaju|wtf
|c|+tigersjaw|shed was it i think
|c|☆mcp3|gg
|c|☆mcp3|volc just won after
|c|☆i'm back from mars|yeah volc won
|c| Carkaju|volc explodes
|
|t:|1634850554
|switch|p2a: Gastrodon|Gastrodon-East, M|94/100 tox
|-damage|p2a: Gastrodon|88/100 tox|[from] Stealth Rock
|move|p1a: WARNING|Bug Buzz|p2a: Gastrodon
|-damage|p2a: Gastrodon|54/100 tox
|
|-heal|p2a: Gastrodon|60/100 tox|[from] item: Leftovers
|-damage|p2a: Gastrodon|54/100 tox|[from] psn
|upkeep
|turn|30
|
|t:|1634850560
|move|p1a: WARNING|Bug Buzz|p2a: Gastrodon
|-damage|p2a: Gastrodon|20/100 tox
|move|p2a: Gastrodon|Recover|p2a: Gastrodon
|-heal|p2a: Gastrodon|70/100 tox
|
|-heal|p2a: Gastrodon|77/100 tox|[from] item: Leftovers
|-damage|p2a: Gastrodon|64/100 tox|[from] psn
|upkeep
|turn|31
|
|t:|1634850565
|move|p1a: WARNING|Bug Buzz|p2a: Gastrodon
|-damage|p2a: Gastrodon|33/100 tox
|move|p2a: Gastrodon|Recover|p2a: Gastrodon
|-heal|p2a: Gastrodon|83/100 tox
|
|-heal|p2a: Gastrodon|89/100 tox|[from] item: Leftovers
|-damage|p2a: Gastrodon|70/100 tox|[from] psn
|upkeep
|turn|32
|
|t:|1634850571
|switch|p1a: WITHOUT|Kartana|4/100
|switch|p2a: Clefable|Clefable, F|18/100
|-damage|p2a: Clefable|6/100|[from] Stealth Rock
|
|upkeep
|turn|33
|
|t:|1634850579
|move|p1a: WITHOUT|Knock Off|p2a: Clefable
|-resisted|p2a: Clefable
|-damage|p2a: Clefable|0 fnt
|faint|p2a: Clefable
|-ability|p1a: WITHOUT|Beast Boost|boost
|-boost|p1a: WITHOUT|atk|1
|
|upkeep
|
|t:|1634850582
|switch|p2a: Shedinja|Shedinja, shiny|100/100
|turn|34
|
|t:|1634850586
|move|p1a: WITHOUT|Knock Off|p2a: Shedinja
|-supereffective|p2a: Shedinja
|-damage|p2a: Shedinja|0 fnt
|-enditem|p2a: Shedinja|Heavy-Duty Boots|[from] move: Knock Off|[of] p1a: WITHOUT
|faint|p2a: Shedinja
|-ability|p1a: WITHOUT|Beast Boost|boost
|-boost|p1a: WITHOUT|atk|1
|
|upkeep
|
|t:|1634850589
|switch|p2a: Gastrodon|Gastrodon-East, M|70/100 tox
|-damage|p2a: Gastrodon|64/100 tox|[from] Stealth Rock
|turn|35
|
|t:|1634850591
|move|p1a: WITHOUT|Endure|p1a: WITHOUT
|-singleturn|p1a: WITHOUT|move: Endure
|move|p2a: Gastrodon|Scald|p1a: WITHOUT
|-resisted|p1a: WITHOUT
|-activate|p1a: WITHOUT|move: Endure
|-damage|p1a: WITHOUT|1/100
|
|-heal|p2a: Gastrodon|70/100 tox|[from] item: Leftovers
|-damage|p2a: Gastrodon|64/100 tox|[from] psn
|upkeep
|turn|36
|c| Carkaju|wtf
|c| AlphacatSmasher|gg
|c|☆mcp3|gg
|
|t:|1634850595
|move|p1a: WITHOUT|Leaf Blade|p2a: Gastrodon
|-supereffective|p2a: Gastrodon
|-damage|p2a: Gastrodon|0 fnt
|faint|p2a: Gastrodon
|
|win|mcp3
|n|☆mcp3|mcp3
|n|☆i'm back from mars|imbackfrommars
|n| azure nights|azurenights
|n| zReptar|zreptar
|n| Carkaju|carkaju
|n| Galactic_God_420|galacticgod420
|n| myfeelingssuck|myfeelingssuck
|n| galaxy619ivory|galaxy619ivory
|n| UltraHikariBeam|ultrahikaribeam
|n| thodoras edition|thodorasedition
|n| AlphacatSmasher|alphacatsmasher
|n| GreenOctave|greenoctave
|n| Zakattack332|zakattack332
|n| forestcave|forestcave
|n| yaboiAshK.|yaboiashk
|n| tigersjaw|tigersjaw
|n| pult02silver|pult02silver
|c| pult02silver|Gg
|l|☆i'm back from mars
|j| phora
|l| myfeelingssuck
|l| Zakattack332
|l|☆mcp3
|l| yaboiAshK.
|l| thodoras edition
|l| AlphacatSmasher
|l| galaxy619ivory
|l| Galactic_God_420
|l| zReptar
|l| GreenOctave
|l| tigersjaw
|l| pult02silver
|l| Carkaju
|j|☆mcp3
|player|p1|mcp3|mars
|j| zReptar
|l| zReptar
|j| MyNamesPotato
|j| zReptar
|j| yaboiAshK.
|j| OUT Kazt
|j| ThatOnePokemonNerd
|l| zReptar
|l| yaboiAshK.
|j| K1RTO
|l| OUT Kazt
|l| ThatOnePokemonNerd
|l| K1RTO
|j| Aelleden-Z
|c| MyNamesPotato|rawr
|l| forestcave
|l| MyNamesPotato
|l|azurenights
|j| SetsuStsna
