|j|☆d18l
|j|☆zabit
|t:|1663811250
|gametype|singles
|player|p1|d18l|backpacker|1742
|player|p2|zabit|lance|1727
|teamsize|p1|6
|teamsize|p2|6
|gen|8
|tier|[Gen 8] OU
|rated|
|rule|Sleep Clause Mod: Limit one foe put to sleep
|rule|Species Clause: Limit one of each Pokémon
|rule|OHKO Clause: OHKO moves are banned
|rule|Evasion Items Clause: Evasion items are banned
|rule|Evasion Moves Clause: Evasion moves are banned
|rule|Endless Battle Clause: Forcing endless battles is banned
|rule|HP Percentage Mod: HP is shown in percentages
|rule|Dynamax Clause: You cannot dynamax
|clearpoke
|poke|p1|Tapu Koko|
|poke|p1|Victini|
|poke|p1|Landorus-Therian, M|
|poke|p1|Tornadus-Therian, M|
|poke|p1|Rotom-Wash|
|poke|p1|Ferrothorn, F|
|poke|p2|Mew|
|poke|p2|Gyarados, M|
|poke|p2|Garchomp, F|
|poke|p2|Blacephalon|
|poke|p2|Celesteela|
|poke|p2|Weavile, M|
|teampreview
|j| baibaiats
|l| baibaiats
|
|t:|1663811275
|start
|switch|p1a: Victini|Victini|100/100
|switch|p2a: Mew|Mew|100/100
|turn|1
|j| Bro★taro
|
|t:|1663811279
|move|p2a: Mew|Thunder Wave|p1a: Victini
|-status|p1a: Victini|par
|move|p1a: Victini|Taunt|p2a: Mew
|-start|p2a: Mew|move: Taunt
|
|upkeep
|turn|2
|
|t:|1663811286
|switch|p2a: Garchomp|Garchomp, F|100/100
|move|p1a: Victini|U-turn|p2a: Garchomp
|-damage|p2a: Garchomp|79/100
|-damage|p1a: Victini|88/100 par|[from] ability: Rough Skin|[of] p2a: Garchomp
|
|t:|1663811300
|switch|p1a: Tapu Koko|Tapu Koko|100/100|[from]move: U-turn
|-fieldstart|move: Electric Terrain|[from] ability: Electric Surge|[of] p1a: Tapu Koko
|
|upkeep
|turn|3
|
|t:|1663811313
|move|p1a: Tapu Koko|Dazzling Gleam|p2a: Garchomp
|-supereffective|p2a: Garchomp
|-enditem|p2a: Garchomp|Roseli Berry|[eat]
|-enditem|p2a: Garchomp|Roseli Berry|[weaken]
|-damage|p2a: Garchomp|21/100
|move|p2a: Garchomp|Earthquake|p1a: Tapu Koko
|-supereffective|p1a: Tapu Koko
|-damage|p1a: Tapu Koko|0 fnt
|faint|p1a: Tapu Koko
|
|upkeep
|
|t:|1663811320
|switch|p1a: Tornadus|Tornadus-Therian, M|100/100
|turn|4
|
|t:|1663811326
|move|p1a: Tornadus|Hurricane|p2a: Garchomp|[miss]
|-miss|p1a: Tornadus|p2a: Garchomp
|move|p2a: Garchomp|Scale Shot|p1a: Tornadus
|-damage|p1a: Tornadus|86/100
|-damage|p1a: Tornadus|72/100
|-hitcount|p1a: Tornadus|2
|-unboost|p2a: Garchomp|def|1
|-boost|p2a: Garchomp|spe|1
|
|upkeep
|turn|5
|j| forevergodspeed
|
|t:|1663811338
|switch|p1a: Landorus|Landorus-Therian, M|100/100
|-ability|p1a: Landorus|Intimidate|boost
|-unboost|p2a: Garchomp|atk|1
|move|p2a: Garchomp|Fire Fang|p1a: Landorus
|-damage|p1a: Landorus|87/100
|
|-heal|p1a: Landorus|93/100|[from] item: Leftovers
|upkeep
|turn|6
|
|t:|1663811346
|switch|p2a: Mew|Mew|100/100
|move|p1a: Landorus|Earthquake|p2a: Mew
|-damage|p2a: Mew|62/100
|
|-heal|p1a: Landorus|99/100|[from] item: Leftovers
|-fieldend|move: Electric Terrain
|upkeep
|turn|7
|
|t:|1663811351
|move|p2a: Mew|Stealth Rock|p1a: Landorus
|-sidestart|p1: d18l|move: Stealth Rock
|move|p1a: Landorus|Earthquake|p2a: Mew
|-damage|p2a: Mew|25/100
|
|-heal|p1a: Landorus|100/100|[from] item: Leftovers
|upkeep
|turn|8
|
|t:|1663811354
|move|p2a: Mew|Spikes|p1a: Landorus
|-sidestart|p1: d18l|Spikes
|move|p1a: Landorus|Earthquake|p2a: Mew
|-damage|p2a: Mew|0 fnt
|faint|p2a: Mew
|
|upkeep
|l| forevergodspeed
|
|t:|1663811367
|switch|p2a: Celesteela|Celesteela|100/100
|turn|9
|
|t:|1663811379
|move|p1a: Landorus|Defog|p2a: Celesteela
|-unboost|p2a: Celesteela|evasion|1
|-sideend|p1: d18l|Spikes|[from] move: Defog|[of] p1a: Landorus
|-sideend|p1: d18l|Stealth Rock|[from] move: Defog|[of] p1a: Landorus
|move|p2a: Celesteela|Autotomize|p2a: Celesteela
|-boost|p2a: Celesteela|spe|2
|-start|p2a: Celesteela|Autotomize
|
|upkeep
|turn|10
|
|t:|1663811383
|move|p2a: Celesteela|Meteor Beam||[still]
|-prepare|p2a: Celesteela|Meteor Beam
|-boost|p2a: Celesteela|spa|1
|-enditem|p2a: Celesteela|Power Herb
|-anim|p2a: Celesteela|Meteor Beam|p1a: Landorus
|-damage|p1a: Landorus|46/100
|move|p1a: Landorus|U-turn|p2a: Celesteela
|-resisted|p2a: Celesteela
|-damage|p2a: Celesteela|95/100
|
|t:|1663811400
|switch|p1a: Rotom|Rotom-Wash|100/100|[from]move: U-turn
|
|upkeep
|turn|11
|
|t:|1663811404
|move|p2a: Celesteela|Meteor Beam||[still]
|-prepare|p2a: Celesteela|Meteor Beam
|-boost|p2a: Celesteela|spa|1
|move|p1a: Rotom|Volt Switch|p2a: Celesteela
|-supereffective|p2a: Celesteela
|-damage|p2a: Celesteela|46/100
|
|t:|1663811425
|switch|p1a: Victini|Victini|88/100 par|[from]move: Volt Switch
|
|upkeep
|turn|12
|
|t:|1663811428
|move|p2a: Celesteela|Meteor Beam|p1a: Victini|[from]lockedmove
|-supereffective|p1a: Victini
|-damage|p1a: Victini|0 fnt
|faint|p1a: Victini
|-ability|p2a: Celesteela|Beast Boost|boost
|-boost|p2a: Celesteela|spa|1
|
|upkeep
|
|t:|1663811434
|switch|p1a: Rotom|Rotom-Wash|100/100
|turn|13
|
|t:|1663811436
|move|p2a: Celesteela|Air Slash|p1a: Rotom
|-resisted|p1a: Rotom
|-damage|p1a: Rotom|52/100
|move|p1a: Rotom|Volt Switch|p2a: Celesteela
|-supereffective|p2a: Celesteela
|-damage|p2a: Celesteela|0 fnt
|faint|p2a: Celesteela
|
|t:|1663811453
|switch|p1a: Tornadus|Tornadus-Therian, M|100/100|[from]move: Volt Switch
|
|upkeep
|
|t:|1663811460
|switch|p2a: Weavile|Weavile, M|100/100
|-ability|p2a: Weavile|Pressure
|turn|14
|
|t:|1663811462
|switch|p1a: Ferrothorn|Ferrothorn, F|100/100
|move|p2a: Weavile|Triple Axel|p1a: Ferrothorn
|-damage|p1a: Ferrothorn|92/100
|-damage|p2a: Weavile|88/100|[from] ability: Iron Barbs|[of] p1a: Ferrothorn
|-damage|p2a: Weavile|72/100|[from] item: Rocky Helmet|[of] p1a: Ferrothorn
|-damage|p1a: Ferrothorn|77/100
|-damage|p2a: Weavile|59/100|[from] ability: Iron Barbs|[of] p1a: Ferrothorn
|-damage|p2a: Weavile|43/100|[from] item: Rocky Helmet|[of] p1a: Ferrothorn
|-damage|p1a: Ferrothorn|54/100
|-damage|p2a: Weavile|30/100|[from] ability: Iron Barbs|[of] p1a: Ferrothorn
|-damage|p2a: Weavile|14/100|[from] item: Rocky Helmet|[of] p1a: Ferrothorn
|-hitcount|p1a: Ferrothorn|3
|-damage|p2a: Weavile|4/100|[from] item: Life Orb
|
|upkeep
|turn|15
|
|t:|1663811472
|move|p2a: Weavile|Knock Off|p1a: Ferrothorn
|-damage|p1a: Ferrothorn|20/100
|-damage|p2a: Weavile|0 fnt|[from] ability: Iron Barbs|[of] p1a: Ferrothorn
|faint|p2a: Weavile
|move|p1a: Ferrothorn|Stealth Rock|p2: Weavile
|-sidestart|p2: zabit|move: Stealth Rock
|
|upkeep
|
|t:|1663811487
|switch|p2a: Blacephalon|Blacephalon|100/100
|-damage|p2a: Blacephalon|76/100|[from] Stealth Rock
|turn|16
|
|t:|1663811495
|move|p2a: Blacephalon|Shadow Ball|p1a: Ferrothorn
|-damage|p1a: Ferrothorn|0 fnt
|faint|p1a: Ferrothorn
|-ability|p2a: Blacephalon|Beast Boost|boost
|-boost|p2a: Blacephalon|spa|1
|
|upkeep
|
|t:|1663811496
|switch|p1a: Tornadus|Tornadus-Therian, M|100/100
|turn|17
|
|t:|1663811498
|move|p2a: Blacephalon|Shadow Ball|p1a: Tornadus
|-damage|p1a: Tornadus|56/100
|move|p1a: Tornadus|Knock Off|p2a: Blacephalon
|-supereffective|p2a: Blacephalon
|-damage|p2a: Blacephalon|0 fnt
|-enditem|p2a: Blacephalon|Choice Scarf|[from] move: Knock Off|[of] p1a: Tornadus
|faint|p2a: Blacephalon
|
|upkeep
|
|t:|1663811506
|switch|p2a: Gyarados|Gyarados, M|100/100
|-damage|p2a: Gyarados|76/100|[from] Stealth Rock
|turn|18
|
|t:|1663811509
|move|p1a: Tornadus|U-turn|p2a: Gyarados
|-resisted|p2a: Gyarados
|-damage|p2a: Gyarados|68/100
|
|t:|1663811511
|switch|p1a: Rotom|Rotom-Wash|52/100|[from]move: U-turn
|move|p2a: Gyarados|Dragon Dance|p2a: Gyarados
|-boost|p2a: Gyarados|atk|1
|-boost|p2a: Gyarados|spe|1
|
|-heal|p2a: Gyarados|75/100|[from] item: Leftovers
|-heal|p1a: Rotom|58/100|[from] item: Leftovers
|upkeep
|turn|19
|
|t:|1663811516
|move|p2a: Gyarados|Substitute|p2a: Gyarados
|-start|p2a: Gyarados|Substitute
|-damage|p2a: Gyarados|50/100
|move|p1a: Rotom|Volt Switch|p2a: Gyarados
|-supereffective|p2a: Gyarados
|-end|p2a: Gyarados|Substitute
|
|t:|1663811518
|switch|p1a: Landorus|Landorus-Therian, M|46/100|[from]move: Volt Switch
|-ability|p1a: Landorus|Intimidate|boost
|-unboost|p2a: Gyarados|atk|1
|
|-heal|p2a: Gyarados|56/100|[from] item: Leftovers
|-heal|p1a: Landorus|52/100|[from] item: Leftovers
|upkeep
|turn|20
|
|t:|1663811523
|switch|p1a: Rotom|Rotom-Wash|58/100
|move|p2a: Gyarados|Waterfall|p1a: Rotom
|-resisted|p1a: Rotom
|-damage|p1a: Rotom|42/100
|
|-heal|p2a: Gyarados|62/100|[from] item: Leftovers
|-heal|p1a: Rotom|48/100|[from] item: Leftovers
|upkeep
|turn|21
|
|t:|1663811530
|move|p2a: Gyarados|Substitute|p2a: Gyarados
|-start|p2a: Gyarados|Substitute
|-damage|p2a: Gyarados|37/100
|move|p1a: Rotom|Volt Switch|p2a: Gyarados
|-supereffective|p2a: Gyarados
|-end|p2a: Gyarados|Substitute
|
|t:|1663811532
|switch|p1a: Landorus|Landorus-Therian, M|52/100|[from]move: Volt Switch
|-ability|p1a: Landorus|Intimidate|boost
|-unboost|p2a: Gyarados|atk|1
|
|-heal|p2a: Gyarados|44/100|[from] item: Leftovers
|-heal|p1a: Landorus|58/100|[from] item: Leftovers
|upkeep
|turn|22
|
|t:|1663811536
|switch|p1a: Rotom|Rotom-Wash|48/100
|move|p2a: Gyarados|Substitute|p2a: Gyarados
|-start|p2a: Gyarados|Substitute
|-damage|p2a: Gyarados|19/100
|
|-heal|p2a: Gyarados|25/100|[from] item: Leftovers
|-heal|p1a: Rotom|54/100|[from] item: Leftovers
|upkeep
|turn|23
|
|t:|1663811541
|move|p2a: Gyarados|Dragon Dance|p2a: Gyarados
|-boost|p2a: Gyarados|atk|1
|-boost|p2a: Gyarados|spe|1
|move|p1a: Rotom|Volt Switch|p2a: Gyarados
|-supereffective|p2a: Gyarados
|-end|p2a: Gyarados|Substitute
|
|t:|1663811543
|switch|p1a: Landorus|Landorus-Therian, M|58/100|[from]move: Volt Switch
|-ability|p1a: Landorus|Intimidate|boost
|-unboost|p2a: Gyarados|atk|1
|
|-heal|p2a: Gyarados|31/100|[from] item: Leftovers
|-heal|p1a: Landorus|64/100|[from] item: Leftovers
|upkeep
|turn|24
|
|t:|1663811546
|switch|p1a: Rotom|Rotom-Wash|54/100
|move|p2a: Gyarados|Waterfall|p1a: Rotom
|-resisted|p1a: Rotom
|-damage|p1a: Rotom|44/100
|
|-heal|p2a: Gyarados|37/100|[from] item: Leftovers
|-heal|p1a: Rotom|50/100|[from] item: Leftovers
|upkeep
|turn|25
|
|t:|1663811553
|move|p2a: Gyarados|Waterfall|p1a: Rotom
|-resisted|p1a: Rotom
|-damage|p1a: Rotom|38/100
|move|p1a: Rotom|Volt Switch|p2a: Gyarados
|-supereffective|p2a: Gyarados
|-damage|p2a: Gyarados|0 fnt
|faint|p2a: Gyarados
|
|t:|1663811556
|switch|p1a: Tornadus|Tornadus-Therian, M|89/100|[from]move: Volt Switch
|
|upkeep
|
|t:|1663811559
|switch|p2a: Garchomp|Garchomp, F|21/100
|-damage|p2a: Garchomp|15/100|[from] Stealth Rock
|turn|26
|
|t:|1663811563
|move|p1a: Tornadus|Hurricane|p2a: Garchomp
|-damage|p2a: Garchomp|0 fnt
|faint|p2a: Garchomp
|
|win|d18l
|raw|d18l's rating: 1742 &rarr; <strong>1761</strong><br />(+19 for winning)
|raw|zabit's rating: 1727 &rarr; <strong>1708</strong><br />(-19 for losing)
