|raw|<div class="broadcast-blue"><strong>This battle is required to be public due to a player having a name starting with 'lt93oq'.</div>
|j|☆LT93OQ Starbit
|j|☆roboPOKE
|t:|1660499580
|gametype|singles
|player|p1|LT93OQ Starbit|lucas|1690
|player|p2|roboPOKE|101|1666
|teamsize|p1|6
|teamsize|p2|6
|gen|8
|tier|[Gen 8] OU
|rated|
|rule|Sleep Clause Mod: Limit one foe put to sleep
|rule|Species Clause: Limit one of each Pokémon
|rule|OHKO Clause: OHKO moves are banned
|rule|Evasion Items Clause: Evasion items are banned
|rule|Evasion Moves Clause: Evasion moves are banned
|rule|Endless Battle Clause: Forcing endless battles is banned
|rule|HP Percentage Mod: HP is shown in percentages
|rule|Dynamax Clause: You cannot dynamax
|clearpoke
|poke|p1|Clefable, F|
|poke|p1|Umbreon, F|
|poke|p1|Toxapex, F|
|poke|p1|Corviknight, F|
|poke|p1|Reuniclus, F|
|poke|p1|Garchomp, M|
|poke|p2|Tapu Fini|
|poke|p2|Moltres-Galar|
|poke|p2|Rillaboom, M|
|poke|p2|Hawlucha, F|
|poke|p2|Kartana|
|poke|p2|Excadrill, M|
|teampreview
|inactive|Battle timer is ON: inactive players will automatically lose when time's up. (requested by roboPOKE)
|j| Drunkensailer
|
|t:|1660499622
|start
|switch|p1a: Garchomp|Garchomp, M|100/100
|switch|p2a: Excadrill|Excadrill, M|100/100
|-ability|p2a: Excadrill|Mold Breaker
|turn|1
|
|t:|1660499628
|switch|p2a: Rillaboom|Rillaboom, M|100/100
|-fieldstart|move: Grassy Terrain|[from] ability: Grassy Surge|[of] p2a: Rillaboom
|move|p1a: Garchomp|Earthquake|p2a: Rillaboom
|-resisted|p2a: Rillaboom
|-damage|p2a: Rillaboom|89/100
|
|-heal|p2a: Rillaboom|96/100|[from] Grassy Terrain
|upkeep
|turn|2
|
|t:|1660499637
|switch|p2a: Tapu Fini|Tapu Fini|100/100
|-fieldstart|move: Misty Terrain|[from] ability: Misty Surge|[of] p2a: Tapu Fini
|move|p1a: Garchomp|Stealth Rock|p2a: Tapu Fini
|-sidestart|p2: roboPOKE|move: Stealth Rock
|
|upkeep
|turn|3
|
|t:|1660499641
|switch|p1a: Reuniclus|Reuniclus, F|100/100
|move|p2a: Tapu Fini|Calm Mind|p2a: Tapu Fini
|-boost|p2a: Tapu Fini|spa|1
|-boost|p2a: Tapu Fini|spd|1
|
|upkeep
|turn|4
|
|t:|1660499643
|move|p2a: Tapu Fini|Substitute|p2a: Tapu Fini
|-start|p2a: Tapu Fini|Substitute
|-damage|p2a: Tapu Fini|76/100
|move|p1a: Reuniclus|Infestation|p2a: Tapu Fini
|-resisted|p2a: Tapu Fini
|-activate|p2a: Tapu Fini|move: Substitute|[damage]
|
|-heal|p2a: Tapu Fini|82/100|[from] item: Leftovers
|upkeep
|turn|5
|
|t:|1660499650
|switch|p1a: Clefable|Clefable, F|100/100
|move|p2a: Tapu Fini|Scald|p1a: Clefable
|-damage|p1a: Clefable|77/100
|
|-heal|p2a: Tapu Fini|88/100|[from] item: Leftovers
|upkeep
|turn|6
|
|t:|1660499656
|move|p2a: Tapu Fini|Scald|p1a: Clefable
|-damage|p1a: Clefable|54/100
|move|p1a: Clefable|Soft-Boiled|p1a: Clefable
|-heal|p1a: Clefable|100/100
|
|-heal|p2a: Tapu Fini|94/100|[from] item: Leftovers
|-fieldend|Misty Terrain
|upkeep
|turn|7
|
|t:|1660499664
|switch|p1a: Toxapex|Toxapex, F|100/100
|move|p2a: Tapu Fini|Scald|p1a: Toxapex
|-resisted|p1a: Toxapex
|-damage|p1a: Toxapex|84/100
|
|-heal|p2a: Tapu Fini|99/100|[from] item: Leftovers
|upkeep
|turn|8
|
|t:|1660499666
|move|p2a: Tapu Fini|Scald|p1a: Toxapex
|-resisted|p1a: Toxapex
|-damage|p1a: Toxapex|69/100
|move|p1a: Toxapex|Toxic Spikes|p2a: Tapu Fini
|-sidestart|p2: roboPOKE|move: Toxic Spikes
|
|-heal|p2a: Tapu Fini|100/100|[from] item: Leftovers
|upkeep
|turn|9
|
|t:|1660499670
|switch|p1a: Umbreon|Umbreon, F|100/100
|move|p2a: Tapu Fini|Scald|p1a: Umbreon
|-damage|p1a: Umbreon|75/100
|-status|p1a: Umbreon|brn
|-activate|p1a: Umbreon|ability: Synchronize
|-status|p2a: Tapu Fini|brn
|
|-heal|p1a: Umbreon|81/100 brn|[from] item: Leftovers
|-damage|p2a: Tapu Fini|94/100 brn|[from] brn
|-damage|p1a: Umbreon|75/100 brn|[from] brn
|upkeep
|turn|10
|
|t:|1660499683
|switch|p1a: Toxapex|Toxapex, F|100/100
|move|p2a: Tapu Fini|Calm Mind|p2a: Tapu Fini
|-boost|p2a: Tapu Fini|spa|1
|-boost|p2a: Tapu Fini|spd|1
|
|-heal|p2a: Tapu Fini|100/100 brn|[from] item: Leftovers
|-damage|p2a: Tapu Fini|94/100 brn|[from] brn
|upkeep
|turn|11
|
|t:|1660499688
|move|p2a: Tapu Fini|Scald|p1a: Toxapex
|-resisted|p1a: Toxapex
|-damage|p1a: Toxapex|79/100
|move|p1a: Toxapex|Toxic Spikes|p2a: Tapu Fini
|-sidestart|p2: roboPOKE|move: Toxic Spikes
|
|-heal|p2a: Tapu Fini|100/100 brn|[from] item: Leftovers
|-damage|p2a: Tapu Fini|94/100 brn|[from] brn
|upkeep
|turn|12
|
|t:|1660499691
|move|p2a: Tapu Fini|Scald|p1a: Toxapex
|-resisted|p1a: Toxapex
|-damage|p1a: Toxapex|58/100
|move|p1a: Toxapex|Haze|p1a: Toxapex
|-clearallboost
|
|-heal|p2a: Tapu Fini|100/100 brn|[from] item: Leftovers
|-damage|p2a: Tapu Fini|94/100 brn|[from] brn
|upkeep
|turn|13
|
|t:|1660499693
|switch|p1a: Reuniclus|Reuniclus, F|100/100
|move|p2a: Tapu Fini|Scald|p1a: Reuniclus
|-damage|p1a: Reuniclus|89/100
|-status|p1a: Reuniclus|brn
|
|-heal|p2a: Tapu Fini|100/100 brn|[from] item: Leftovers
|-damage|p2a: Tapu Fini|94/100 brn|[from] brn
|-damage|p1a: Reuniclus|83/100 brn|[from] brn
|upkeep
|turn|14
|
|t:|1660499696
|move|p2a: Tapu Fini|Calm Mind|p2a: Tapu Fini
|-boost|p2a: Tapu Fini|spa|1
|-boost|p2a: Tapu Fini|spd|1
|move|p1a: Reuniclus|Psyshock|p2a: Tapu Fini
|-end|p2a: Tapu Fini|Substitute
|
|-heal|p2a: Tapu Fini|100/100 brn|[from] item: Leftovers
|-damage|p2a: Tapu Fini|94/100 brn|[from] brn
|-damage|p1a: Reuniclus|77/100 brn|[from] brn
|upkeep
|turn|15
|
|t:|1660499698
|switch|p2a: Excadrill|Excadrill, M|100/100
|-damage|p2a: Excadrill|97/100|[from] Stealth Rock
|-ability|p2a: Excadrill|Mold Breaker
|move|p1a: Reuniclus|Psyshock|p2a: Excadrill
|-resisted|p2a: Excadrill
|-damage|p2a: Excadrill|75/100
|
|-damage|p1a: Reuniclus|71/100 brn|[from] brn
|upkeep
|turn|16
|
|t:|1660499701
|switch|p1a: Garchomp|Garchomp, M|100/100
|move|p2a: Excadrill|Rapid Spin|p1a: Garchomp
|-damage|p1a: Garchomp|86/100
|-boost|p2a: Excadrill|spe|1
|-damage|p2a: Excadrill|62/100|[from] ability: Rough Skin|[of] p1a: Garchomp
|-sideend|p2: roboPOKE|Toxic Spikes|[from] move: Rapid Spin|[of] p2a: Excadrill
|-sideend|p2: roboPOKE|Stealth Rock|[from] move: Rapid Spin|[of] p2a: Excadrill
|
|-heal|p1a: Garchomp|92/100|[from] item: Leftovers
|upkeep
|turn|17
|
|t:|1660499709
|move|p2a: Excadrill|Stealth Rock|p1a: Garchomp
|-sidestart|p1: LT93OQ Starbit|move: Stealth Rock
|move|p1a: Garchomp|Stealth Rock|p2a: Excadrill
|-sidestart|p2: roboPOKE|move: Stealth Rock
|
|-heal|p1a: Garchomp|99/100|[from] item: Leftovers
|upkeep
|turn|18
|
|t:|1660499714
|move|p2a: Excadrill|Rapid Spin|p1a: Garchomp
|-damage|p1a: Garchomp|86/100
|-boost|p2a: Excadrill|spe|1
|-damage|p2a: Excadrill|50/100|[from] ability: Rough Skin|[of] p1a: Garchomp
|-sideend|p2: roboPOKE|Stealth Rock|[from] move: Rapid Spin|[of] p2a: Excadrill
|move|p1a: Garchomp|Toxic|p2a: Excadrill
|-immune|p2a: Excadrill
|
|-heal|p1a: Garchomp|92/100|[from] item: Leftovers
|upkeep
|turn|19
|
|t:|1660499717
|move|p2a: Excadrill|Earthquake|p1a: Garchomp
|-crit|p1a: Garchomp
|-damage|p1a: Garchomp|30/100
|move|p1a: Garchomp|Stealth Rock|p2a: Excadrill
|-sidestart|p2: roboPOKE|move: Stealth Rock
|
|-heal|p1a: Garchomp|36/100|[from] item: Leftovers
|upkeep
|turn|20
|
|t:|1660499721
|move|p2a: Excadrill|Earthquake|p1a: Garchomp
|-damage|p1a: Garchomp|0 fnt
|faint|p1a: Garchomp
|
|upkeep
|
|t:|1660499724
|switch|p1a: Corviknight|Corviknight, F|100/100
|-damage|p1a: Corviknight|88/100|[from] Stealth Rock
|-ability|p1a: Corviknight|Pressure
|turn|21
|
|t:|1660499729
|switch|p2a: Tapu Fini|Tapu Fini|94/100 brn
|-damage|p2a: Tapu Fini|82/100 brn|[from] Stealth Rock
|-fieldstart|move: Misty Terrain|[from] ability: Misty Surge|[of] p2a: Tapu Fini
|move|p1a: Corviknight|Defog|p2a: Tapu Fini
|-unboost|p2a: Tapu Fini|evasion|1
|-sideend|p2: roboPOKE|Stealth Rock|[from] move: Defog|[of] p1a: Corviknight
|-sideend|p1: LT93OQ Starbit|Stealth Rock|[from] move: Defog|[of] p1a: Corviknight
|-fieldend|Misty Terrain
|
|-heal|p2a: Tapu Fini|88/100 brn|[from] item: Leftovers
|-damage|p2a: Tapu Fini|82/100 brn|[from] brn
|upkeep
|turn|22
|
|t:|1660499736
|switch|p1a: Toxapex|Toxapex, F|92/100
|move|p2a: Tapu Fini|Scald|p1a: Toxapex
|-resisted|p1a: Toxapex
|-damage|p1a: Toxapex|81/100
|
|-heal|p2a: Tapu Fini|88/100 brn|[from] item: Leftovers
|-damage|p2a: Tapu Fini|82/100 brn|[from] brn
|upkeep
|turn|23
|
|t:|1660499741
|move|p2a: Tapu Fini|Substitute|p2a: Tapu Fini
|-start|p2a: Tapu Fini|Substitute
|-damage|p2a: Tapu Fini|57/100 brn
|move|p1a: Toxapex|Toxic Spikes|p2a: Tapu Fini
|-sidestart|p2: roboPOKE|move: Toxic Spikes
|
|-heal|p2a: Tapu Fini|63/100 brn|[from] item: Leftovers
|-damage|p2a: Tapu Fini|57/100 brn|[from] brn
|upkeep
|turn|24
|
|t:|1660499744
|switch|p1a: Reuniclus|Reuniclus, F|100/100 brn
|move|p2a: Tapu Fini|Calm Mind|p2a: Tapu Fini
|-boost|p2a: Tapu Fini|spa|1
|-boost|p2a: Tapu Fini|spd|1
|
|-heal|p2a: Tapu Fini|63/100 brn|[from] item: Leftovers
|-damage|p2a: Tapu Fini|57/100 brn|[from] brn
|-damage|p1a: Reuniclus|94/100 brn|[from] brn
|upkeep
|turn|25
|
|t:|1660499746
|move|p2a: Tapu Fini|Draining Kiss|p1a: Reuniclus
|-crit|p1a: Reuniclus
|-damage|p1a: Reuniclus|79/100 brn
|-heal|p2a: Tapu Fini|72/100 brn|[from] drain|[of] p1a: Reuniclus
|move|p1a: Reuniclus|Psyshock|p2a: Tapu Fini
|-activate|p2a: Tapu Fini|move: Substitute|[damage]
|
|-heal|p2a: Tapu Fini|78/100 brn|[from] item: Leftovers
|-damage|p2a: Tapu Fini|72/100 brn|[from] brn
|-damage|p1a: Reuniclus|73/100 brn|[from] brn
|upkeep
|turn|26
|
|t:|1660499750
|move|p2a: Tapu Fini|Draining Kiss|p1a: Reuniclus
|-damage|p1a: Reuniclus|62/100 brn
|-heal|p2a: Tapu Fini|82/100 brn|[from] drain|[of] p1a: Reuniclus
|move|p1a: Reuniclus|Psyshock|p2a: Tapu Fini
|-end|p2a: Tapu Fini|Substitute
|
|-heal|p2a: Tapu Fini|88/100 brn|[from] item: Leftovers
|-damage|p2a: Tapu Fini|82/100 brn|[from] brn
|-damage|p1a: Reuniclus|56/100 brn|[from] brn
|upkeep
|turn|27
|
|t:|1660499752
|move|p2a: Tapu Fini|Substitute|p2a: Tapu Fini
|-start|p2a: Tapu Fini|Substitute
|-damage|p2a: Tapu Fini|57/100 brn
|move|p1a: Reuniclus|Psyshock|p2a: Tapu Fini
|-activate|p2a: Tapu Fini|move: Substitute|[damage]
|
|-heal|p2a: Tapu Fini|63/100 brn|[from] item: Leftovers
|-damage|p2a: Tapu Fini|57/100 brn|[from] brn
|-damage|p1a: Reuniclus|50/100 brn|[from] brn
|upkeep
|turn|28
|
|t:|1660499757
|switch|p1a: Clefable|Clefable, F|100/100
|move|p2a: Tapu Fini|Scald|p1a: Clefable
|-damage|p1a: Clefable|74/100
|
|-heal|p2a: Tapu Fini|63/100 brn|[from] item: Leftovers
|-damage|p2a: Tapu Fini|57/100 brn|[from] brn
|upkeep
|turn|29
|
|t:|1660499761
|move|p2a: Tapu Fini|Scald|p1a: Clefable
|-damage|p1a: Clefable|48/100
|move|p1a: Clefable|Calm Mind|p1a: Clefable
|-boost|p1a: Clefable|spa|1
|-boost|p1a: Clefable|spd|1
|
|-heal|p2a: Tapu Fini|63/100 brn|[from] item: Leftovers
|-damage|p2a: Tapu Fini|57/100 brn|[from] brn
|upkeep
|turn|30
|
|t:|1660499764
|switch|p2a: Excadrill|Excadrill, M|50/100
|-ability|p2a: Excadrill|Mold Breaker
|move|p1a: Clefable|Soft-Boiled|p1a: Clefable
|-heal|p1a: Clefable|98/100
|
|upkeep
|turn|31
|
|t:|1660499767
|switch|p1a: Corviknight|Corviknight, F|88/100
|-ability|p1a: Corviknight|Pressure
|move|p2a: Excadrill|Rapid Spin|p1a: Corviknight
|-resisted|p1a: Corviknight
|-damage|p1a: Corviknight|81/100
|-boost|p2a: Excadrill|spe|1
|-sideend|p2: roboPOKE|Toxic Spikes|[from] move: Rapid Spin|[of] p2a: Excadrill
|
|upkeep
|turn|32
|
|t:|1660499772
|move|p2a: Excadrill|Stealth Rock|p1a: Corviknight
|-sidestart|p1: LT93OQ Starbit|move: Stealth Rock
|move|p1a: Corviknight|U-turn|p2a: Excadrill
|-resisted|p2a: Excadrill
|-damage|p2a: Excadrill|40/100
|
|t:|1660499775
|switch|p1a: Toxapex|Toxapex, F|100/100|[from]move: U-turn
|-damage|p1a: Toxapex|88/100|[from] Stealth Rock
|
|upkeep
|turn|33
|
|t:|1660499782
|switch|p1a: Corviknight|Corviknight, F|81/100
|-damage|p1a: Corviknight|68/100|[from] Stealth Rock
|-ability|p1a: Corviknight|Pressure
|move|p2a: Excadrill|Earthquake|p1a: Corviknight
|-immune|p1a: Corviknight
|
|upkeep
|turn|34
|
|t:|1660499787
|move|p2a: Excadrill|Steel Beam|p1a: Corviknight
|-resisted|p1a: Corviknight
|-damage|p1a: Corviknight|58/100
|-damage|p2a: Excadrill|0 fnt|[from] mindblown
|faint|p2a: Excadrill
|move|p1a: Corviknight|Defog|p2: Excadrill|[notarget]
|-fail|p1a: Corviknight
|
|upkeep
|inactive|roboPOKE has 120 seconds left.
|inactive|roboPOKE has 90 seconds left.
|
|t:|1660499865
|switch|p2a: Kartana|Kartana|100/100
|turn|35
|
|t:|1660499870
|move|p2a: Kartana|Swords Dance|p2a: Kartana
|-boost|p2a: Kartana|atk|2
|move|p1a: Corviknight|Roost|p1a: Corviknight
|-heal|p1a: Corviknight|100/100
|-singleturn|p1a: Corviknight|move: Roost
|
|upkeep
|turn|36
|
|t:|1660499879
|switch|p1a: Clefable|Clefable, F|98/100
|move|p2a: Kartana|Swords Dance|p2a: Kartana
|-boost|p2a: Kartana|atk|2
|
|upkeep
|turn|37
|
|t:|1660499883
|move|p2a: Kartana|Substitute|p2a: Kartana
|-start|p2a: Kartana|Substitute
|-damage|p2a: Kartana|75/100
|move|p1a: Clefable|Flamethrower|p2a: Kartana
|-supereffective|p2a: Kartana
|-end|p2a: Kartana|Substitute
|
|upkeep
|turn|38
|
|t:|1660499888
|move|p2a: Kartana|Leaf Blade|p1a: Clefable
|-damage|p1a: Clefable|52/100
|move|p1a: Clefable|Flamethrower|p2a: Kartana
|-supereffective|p2a: Kartana
|-damage|p2a: Kartana|0 fnt
|faint|p2a: Kartana
|
|upkeep
|
|t:|1660499891
|switch|p2a: Rillaboom|Rillaboom, M|96/100
|-fieldstart|move: Grassy Terrain|[from] ability: Grassy Surge|[of] p2a: Rillaboom
|turn|39
|
|t:|1660499895
|switch|p1a: Corviknight|Corviknight, F|100/100
|-damage|p1a: Corviknight|88/100|[from] Stealth Rock
|-ability|p1a: Corviknight|Pressure
|move|p2a: Rillaboom|Grassy Glide|p1a: Corviknight
|-resisted|p1a: Corviknight
|-damage|p1a: Corviknight|75/100
|-damage|p2a: Rillaboom|86/100|[from] item: Life Orb
|
|-heal|p2a: Rillaboom|92/100|[from] Grassy Terrain
|upkeep
|turn|40
|
|t:|1660499907
|move|p2a: Rillaboom|Swords Dance|p2a: Rillaboom
|-boost|p2a: Rillaboom|atk|2
|move|p1a: Corviknight|U-turn|p2a: Rillaboom
|-supereffective|p2a: Rillaboom
|-damage|p2a: Rillaboom|64/100
|
|t:|1660499912
|switch|p1a: Clefable|Clefable, F|52/100|[from]move: U-turn
|
|-heal|p2a: Rillaboom|70/100|[from] Grassy Terrain
|-heal|p1a: Clefable|58/100|[from] Grassy Terrain
|upkeep
|turn|41
|inactive|LT93OQ Starbit has 120 seconds left.
|
|t:|1660499966
|move|p2a: Rillaboom|Knock Off|p1a: Clefable
|-resisted|p1a: Clefable
|-damage|p1a: Clefable|40/100
|-enditem|p1a: Clefable|Heavy-Duty Boots|[from] move: Knock Off|[of] p2a: Rillaboom
|-damage|p2a: Rillaboom|61/100|[from] item: Life Orb
|move|p1a: Clefable|Soft-Boiled|p1a: Clefable
|-heal|p1a: Clefable|90/100
|
|-heal|p2a: Rillaboom|67/100|[from] Grassy Terrain
|-heal|p1a: Clefable|96/100|[from] Grassy Terrain
|upkeep
|turn|42
|
|t:|1660499973
|switch|p2a: Hawlucha|Hawlucha, F|100/100
|-enditem|p2a: Hawlucha|Grassy Seed
|-boost|p2a: Hawlucha|def|1|[from] item: Grassy Seed
|move|p1a: Clefable|Flamethrower|p2a: Hawlucha
|-damage|p2a: Hawlucha|74/100
|-status|p2a: Hawlucha|brn
|
|-heal|p1a: Clefable|100/100|[from] Grassy Terrain
|-damage|p2a: Hawlucha|68/100 brn|[from] brn
|upkeep
|turn|43
|
|t:|1660499977
|switch|p2a: Tapu Fini|Tapu Fini|57/100 brn
|-fieldstart|move: Misty Terrain|[from] ability: Misty Surge|[of] p2a: Tapu Fini
|move|p1a: Clefable|Calm Mind|p1a: Clefable
|-boost|p1a: Clefable|spa|1
|-boost|p1a: Clefable|spd|1
|
|-heal|p2a: Tapu Fini|63/100 brn|[from] item: Leftovers
|-damage|p2a: Tapu Fini|57/100 brn|[from] brn
|upkeep
|turn|44
|-message|roboPOKE forfeited.
|
|win|LT93OQ Starbit
|raw|LT93OQ Starbit's rating: 1690 &rarr; <strong>1709</strong><br />(+19 for winning)
|raw|roboPOKE's rating: 1666 &rarr; <strong>1647</strong><br />(-19 for losing)
|l|☆roboPOKE
|l| Drunkensailer
||Ladder isn't responding, score probably updated but might not have (Request timeout).
