|raw|<div class="broadcast-blue"><strong>This battle is required to be public due to a player having a name starting with 'LT73IU'.</div>
|j|☆LT73IU ok
|j|☆ezwz
|t:|1598461172
|player|p1|LT73IU ok|unknownf|1843
|player|p2|ezwz|youngster-gen4|1854
|teamsize|p1|6
|teamsize|p2|6
|gametype|singles
|gen|8
|tier|[Gen 8] OU
|rated|
|clearpoke
|poke|p1|Kommo-o, F|
|poke|p1|Hydreigon, F|
|poke|p1|Gengar, M|
|poke|p1|Azumarill, F|
|poke|p1|Scizor, M|
|poke|p1|Dragapult, M|
|poke|p2|Excadrill, M|
|poke|p2|Ferrothorn, M|
|poke|p2|Volcarona, M|
|poke|p2|Primarina, M|
|poke|p2|Clefable, F|
|poke|p2|Hydreigon, F|
|rule|Sleep Clause Mod: Limit one foe put to sleep
|rule|Species Clause: Limit one of each Pokémon
|rule|OHKO Clause: OHKO moves are banned
|rule|Evasion Moves Clause: Evasion moves are banned
|rule|Endless Battle Clause: Forcing endless battles is banned
|rule|HP Percentage Mod: HP is shown in percentages
|rule|Dynamax Clause: You cannot dynamax
|teampreview
|j| mind_frayer
|j| Aenoz
|j| LT73IU Kappucci
|j| THE LAST WEAPON
|inactive|Battle timer is ON: inactive players will automatically lose when time's up. (requested by LT73IU ok)
|
|t:|1598461252
|start
|switch|p1a: Azumarill|Azumarill, F|100/100
|switch|p2a: Excadrill|Excadrill, M|100/100
|-ability|p2a: Excadrill|Mold Breaker
|turn|1
|j| large owl
|
|t:|1598461279
|switch|p1a: Kommo-o|Kommo-o, F|100/100
|move|p2a: Excadrill|Earthquake|p1a: Kommo-o
|-damage|p1a: Kommo-o|56/100
|
|upkeep
|turn|2
|
|t:|1598461294
|move|p2a: Excadrill|Earthquake|p1a: Kommo-o
|-damage|p1a: Kommo-o|11/100
|move|p1a: Kommo-o|Stealth Rock|p2a: Excadrill
|-sidestart|p2: ezwz|move: Stealth Rock
|
|upkeep
|turn|3
|l| LT73IU Kappucci
|inactive|LT73IU ok has 120 seconds left.
|inactive|LT73IU ok has 90 seconds left.
|
|t:|1598461356
|switch|p1a: Dragapult|Dragapult, M|100/100
|move|p2a: Excadrill|Earthquake|p1a: Dragapult
|-damage|p1a: Dragapult|42/100
|
|upkeep
|turn|4
|
|t:|1598461385
|switch|p1a: Kommo-o|Kommo-o, F|11/100
|switch|p2a: Clefable|Clefable, F|100/100
|
|upkeep
|turn|5
|
|t:|1598461393
|move|p1a: Kommo-o|Flash Cannon|p2a: Clefable
|-supereffective|p2a: Clefable
|-damage|p2a: Clefable|45/100
|-damage|p1a: Kommo-o|2/100|[from] item: Life Orb
|move|p2a: Clefable|Moonblast|p1a: Kommo-o
|-supereffective|p1a: Kommo-o
|-damage|p1a: Kommo-o|0 fnt
|faint|p1a: Kommo-o
|
|upkeep
|inactive|LT73IU ok has 60 seconds left.
|l| mind_frayer
|
|t:|1598461432
|switch|p1a: Gengar|Gengar, M|100/100
|turn|6
|
|t:|1598461441
|switch|p2a: Excadrill|Excadrill, M|100/100
|-damage|p2a: Excadrill|97/100|[from] Stealth Rock
|-ability|p2a: Excadrill|Mold Breaker
|move|p1a: Gengar|Shadow Ball|p2a: Excadrill
|-damage|p2a: Excadrill|57/100
|
|-heal|p2a: Excadrill|63/100|[from] item: Leftovers
|upkeep
|turn|7
|inactive|LT73IU ok has 30 seconds left.
|inactive|LT73IU ok has 20 seconds left.
|j| Livio ElTito
|
|t:|1598461485
|move|p1a: Gengar|Shadow Ball|p2a: Excadrill
|-damage|p2a: Excadrill|23/100
|move|p2a: Excadrill|Earthquake|p1a: Gengar
|-supereffective|p1a: Gengar
|-damage|p1a: Gengar|0 fnt
|faint|p1a: Gengar
|
|-heal|p2a: Excadrill|29/100|[from] item: Leftovers
|upkeep
|inactive|LT73IU ok has 25 seconds left this turn.
|inactive|LT73IU ok has 20 seconds left.
|
|t:|1598461493
|switch|p1a: Azumarill|Azumarill, F|100/100
|turn|8
|inactive|LT73IU ok has 30 seconds left this turn.
|
|t:|1598461498
|move|p1a: Azumarill|Aqua Jet|p2a: Excadrill
|-supereffective|p2a: Excadrill
|-damage|p2a: Excadrill|0 fnt
|faint|p2a: Excadrill
|
|upkeep
|
|t:|1598461514
|switch|p2a: Hydreigon|Hydreigon, F|100/100
|-damage|p2a: Hydreigon|88/100|[from] Stealth Rock
|turn|9
|
|t:|1598461518
|move|p2a: Hydreigon|Flash Cannon|p1a: Azumarill
|-damage|p1a: Azumarill|60/100
|-damage|p2a: Hydreigon|78/100|[from] item: Life Orb
|move|p1a: Azumarill|Play Rough|p2a: Hydreigon
|-supereffective|p2a: Hydreigon
|-damage|p2a: Hydreigon|0 fnt
|faint|p2a: Hydreigon
|
|upkeep
|
|t:|1598461529
|switch|p2a: Ferrothorn|Ferrothorn, M|100/100
|-damage|p2a: Ferrothorn|94/100|[from] Stealth Rock
|turn|10
|
|t:|1598461550
|move|p1a: Azumarill|Belly Drum|p1a: Azumarill
|-damage|p1a: Azumarill|10/100
|-setboost|p1a: Azumarill|atk|6|[from] move: Belly Drum
|-enditem|p1a: Azumarill|Sitrus Berry|[eat]
|-heal|p1a: Azumarill|34/100|[from] item: Sitrus Berry
|move|p2a: Ferrothorn|Leech Seed|p1a: Azumarill
|-start|p1a: Azumarill|move: Leech Seed
|
|-heal|p2a: Ferrothorn|100/100|[from] item: Leftovers
|-damage|p1a: Azumarill|22/100|[from] Leech Seed|[of] p2a: Ferrothorn
|upkeep
|turn|11
|
|t:|1598461557
|switch|p2a: Clefable|Clefable, F|45/100
|move|p1a: Azumarill|Knock Off|p2a: Clefable
|-resisted|p2a: Clefable
|-crit|p2a: Clefable
|-damage|p2a: Clefable|0 fnt
|faint|p2a: Clefable
|
|-damage|p1a: Azumarill|10/100|[from] item: Sticky Barb
|upkeep
|
|t:|1598461575
|switch|p2a: Ferrothorn|Ferrothorn, M|100/100
|-damage|p2a: Ferrothorn|94/100|[from] Stealth Rock
|turn|12
|
|t:|1598461579
|move|p1a: Azumarill|Knock Off|p2a: Ferrothorn
|-damage|p2a: Ferrothorn|0 fnt
|-damage|p1a: Azumarill|0 fnt|[from] ability: Iron Barbs|[of] p2a: Ferrothorn
|faint|p2a: Ferrothorn
|faint|p1a: Azumarill
|
|upkeep
|inactive|LT73IU ok has 60 seconds left.
|
|t:|1598461595
|switch|p1a: Hydreigon|Hydreigon, F|100/100
|switch|p2a: Primarina|Primarina, M|100/100
|-damage|p2a: Primarina|88/100|[from] Stealth Rock
|turn|13
|inactive|LT73IU ok has 60 seconds left.
|
|t:|1598461602
|move|p1a: Hydreigon|Flash Cannon|p2a: Primarina
|-damage|p2a: Primarina|60/100
|-damage|p1a: Hydreigon|91/100|[from] item: Life Orb
|move|p2a: Primarina|Calm Mind|p2a: Primarina
|-boost|p2a: Primarina|spa|1
|-boost|p2a: Primarina|spd|1
|
|-heal|p2a: Primarina|66/100|[from] item: Leftovers
|upkeep
|turn|14
|j| TR0VID
|
|t:|1598461608
|move|p1a: Hydreigon|Flash Cannon|p2a: Primarina
|-damage|p2a: Primarina|47/100
|-unboost|p2a: Primarina|spd|1
|-damage|p1a: Hydreigon|81/100|[from] item: Life Orb
|move|p2a: Primarina|Substitute|p2a: Primarina
|-start|p2a: Primarina|Substitute
|-damage|p2a: Primarina|22/100
|
|-heal|p2a: Primarina|29/100|[from] item: Leftovers
|upkeep
|turn|15
|
|t:|1598461611
|move|p1a: Hydreigon|Flash Cannon|p2a: Primarina
|-end|p2a: Primarina|Substitute
|-damage|p1a: Hydreigon|71/100|[from] item: Life Orb
|move|p2a: Primarina|Draining Kiss|p1a: Hydreigon
|-supereffective|p1a: Hydreigon
|-damage|p1a: Hydreigon|0 fnt
|-heal|p2a: Primarina|76/100|[from] drain|[of] p1a: Hydreigon
|faint|p1a: Hydreigon
|
|-heal|p2a: Primarina|82/100|[from] item: Leftovers
|upkeep
|
|t:|1598461615
|switch|p1a: Scizor|Scizor, M|100/100
|turn|16
|inactive|ezwz has 120 seconds left.
|inactive|LT73IU ok has 60 seconds left.
|
|t:|1598461666
|switch|p2a: Volcarona|Volcarona, M|100/100
|move|p1a: Scizor|Swords Dance|p1a: Scizor
|-boost|p1a: Scizor|atk|2
|
|upkeep
|turn|17
|j| youssef4871
|inactive|LT73IU ok has 60 seconds left.
|
|t:|1598461671
|switch|p1a: Dragapult|Dragapult, M|42/100
|move|p2a: Volcarona|Fiery Dance|p1a: Dragapult
|-resisted|p1a: Dragapult
|-damage|p1a: Dragapult|12/100
|-boost|p2a: Volcarona|spa|1
|
|upkeep
|turn|18
|inactive|LT73IU ok has 60 seconds left.
|inactive|ezwz has 120 seconds left.
|
|t:|1598461682
|switch|p1a: Scizor|Scizor, M|100/100
|switch|p2a: Primarina|Primarina, M|82/100
|-damage|p2a: Primarina|69/100|[from] Stealth Rock
|
|-heal|p2a: Primarina|75/100|[from] item: Leftovers
|upkeep
|turn|19
|
|t:|1598461689
|switch|p2a: Volcarona|Volcarona, M|100/100
|move|p1a: Scizor|Knock Off|p2a: Volcarona
|-damage|p2a: Volcarona|25/100
|-enditem|p2a: Volcarona|Heavy-Duty Boots|[from] move: Knock Off|[of] p1a: Scizor
|-damage|p1a: Scizor|91/100|[from] item: Life Orb
|
|upkeep
|turn|20
|
|t:|1598461693
|move|p1a: Scizor|Bullet Punch|p2a: Volcarona
|-resisted|p2a: Volcarona
|-damage|p2a: Volcarona|0 fnt
|-status|p1a: Scizor|brn|[from] ability: Flame Body|[of] p2a: Volcarona
|-damage|p1a: Scizor|81/100 brn|[from] item: Life Orb
|faint|p2a: Volcarona
|
|-damage|p1a: Scizor|75/100 brn|[from] brn
|upkeep
|
|t:|1598461696
|switch|p2a: Primarina|Primarina, M|75/100
|-damage|p2a: Primarina|63/100|[from] Stealth Rock
|turn|21
|
|t:|1598461703
|move|p1a: Scizor|Swords Dance|p1a: Scizor
|-boost|p1a: Scizor|atk|2
|move|p2a: Primarina|Scald|p1a: Scizor
|-damage|p1a: Scizor|33/100 brn
|
|-heal|p2a: Primarina|69/100|[from] item: Leftovers
|-damage|p1a: Scizor|27/100 brn|[from] brn
|upkeep
|turn|22
|
|t:|1598461709
|move|p1a: Scizor|Bullet Punch|p2a: Primarina
|-damage|p2a: Primarina|32/100
|-damage|p1a: Scizor|17/100 brn|[from] item: Life Orb
|move|p2a: Primarina|Substitute|p2a: Primarina
|-start|p2a: Primarina|Substitute
|-damage|p2a: Primarina|7/100
|
|-heal|p2a: Primarina|13/100|[from] item: Leftovers
|-damage|p1a: Scizor|11/100 brn|[from] brn
|upkeep
|turn|23
|
|t:|1598461715
|move|p1a: Scizor|Bullet Punch|p2a: Primarina
|-end|p2a: Primarina|Substitute
|-damage|p1a: Scizor|1/100 brn|[from] item: Life Orb
|move|p2a: Primarina|Calm Mind|p2a: Primarina
|-boost|p2a: Primarina|spa|1
|-boost|p2a: Primarina|spd|1
|
|-heal|p2a: Primarina|19/100|[from] item: Leftovers
|-damage|p1a: Scizor|0 fnt|[from] brn
|faint|p1a: Scizor
|upkeep
|
|t:|1598461718
|switch|p1a: Dragapult|Dragapult, M|12/100
|turn|24
|c|☆ezwz|ye idk why i did that lol gg
|
|t:|1598461743
|move|p1a: Dragapult|Steel Wing|p2a: Primarina
|-damage|p2a: Primarina|0 fnt
|-damage|p1a: Dragapult|2/100|[from] item: Life Orb
|faint|p2a: Primarina
|
|win|LT73IU ok
|l|☆ezwz
|c|☆LT73IU ok|Gg
|l| large owl
|l|☆LT73IU ok
|c| TR0VID|choke
||Ladder (probably) updated, but score could not be retrieved (Request timeout).
|l| THE LAST WEAPON
|l| TR0VID
|j| LT73IU Reign_X
