|j|☆LT91BB Kebab
|j|☆cute pink team
|t:|1659548513
|gametype|singles
|player|p1|LT91BB Kebab|volkner|1966
|player|p2|cute pink team|youngster|1906
|teamsize|p1|6
|teamsize|p2|6
|gen|8
|tier|[Gen 8] OU
|rated|
|rule|Sleep Clause Mod: Limit one foe put to sleep
|rule|Species Clause: Limit one of each Pokémon
|rule|OHKO Clause: OHKO moves are banned
|rule|Evasion Moves Clause: Evasion moves are banned
|rule|Endless Battle Clause: Forcing endless battles is banned
|rule|HP Percentage Mod: HP is shown in percentages
|rule|Dynamax Clause: You cannot dynamax
|clearpoke
|poke|p1|Rotom-Wash|
|poke|p1|Melmetal|
|poke|p1|Clefable, F|
|poke|p1|Tyranitar, M|
|poke|p1|Excadrill, M|
|poke|p1|Tornadus-Therian, M|
|poke|p2|Tyranitar, F|
|poke|p2|Blacephalon|
|poke|p2|Corviknight, M|
|poke|p2|Volcanion|
|poke|p2|Zapdos|
|poke|p2|Excadrill, F|
|teampreview
|inactive|Battle timer is ON: inactive players will automatically lose when time's up. (requested by cute pink team)
|j| goatseemen
|l| goatseemen
|j| Lemon to Aid
|j|@Quite Quiet
|
|t:|1659548529
|start
|switch|p1a: Brave Heart|Rotom-Wash|100/100
|switch|p2a: Excadrill|Excadrill, F|100/100
|-ability|p2a: Excadrill|Mold Breaker
|turn|1
|j| AlphaRay01
|j| chokst du
|l| chokst du
|
|t:|1659548536
|move|p2a: Excadrill|Earthquake|p1a: Brave Heart
|-supereffective|p1a: Brave Heart
|-damage|p1a: Brave Heart|17/100
|move|p1a: Brave Heart|Will-O-Wisp|p2a: Excadrill
|-status|p2a: Excadrill|brn
|
|-heal|p1a: Brave Heart|23/100|[from] item: Leftovers
|-damage|p2a: Excadrill|94/100 brn|[from] brn
|upkeep
|turn|2
|j| Accidere ☁@!
|j| Lunala
|
|t:|1659548542
|switch|p1a: Magia|Tornadus-Therian, M|100/100
|move|p2a: Excadrill|Stealth Rock|p1a: Magia
|-sidestart|p1: LT91BB Kebab|move: Stealth Rock
|
|-heal|p2a: Excadrill|100/100 brn|[from] item: Leftovers
|-damage|p2a: Excadrill|94/100 brn|[from] brn
|upkeep
|turn|3
|
|t:|1659548545
|move|p1a: Magia|Knock Off|p2a: Excadrill
|-crit|p2a: Excadrill
|-damage|p2a: Excadrill|57/100 brn
|-enditem|p2a: Excadrill|Leftovers|[from] move: Knock Off|[of] p1a: Magia
|move|p2a: Excadrill|Toxic|p1a: Magia
|-status|p1a: Magia|tox
|
|-damage|p1a: Magia|94/100 tox|[from] psn
|-damage|p2a: Excadrill|51/100 brn|[from] brn
|upkeep
|turn|4
|l| Accidere ☁
|
|t:|1659548550
|switch|p2a: Corviknight|Corviknight, M|100/100
|-ability|p2a: Corviknight|Pressure
|move|p1a: Magia|U-turn|p2a: Corviknight
|-resisted|p2a: Corviknight
|-damage|p2a: Corviknight|98/100
|
|t:|1659548552
|switch|p1a: Matilda|Clefable, F|100/100|[from]move: U-turn
|
|-heal|p2a: Corviknight|100/100|[from] item: Leftovers
|upkeep
|turn|5
|
|t:|1659548556
|move|p2a: Corviknight|U-turn|p1a: Matilda
|-resisted|p1a: Matilda
|-damage|p1a: Matilda|95/100
|
|t:|1659548559
|switch|p2a: Volcanion|Volcanion|100/100|[from]move: U-turn
|move|p1a: Matilda|Knock Off|p2a: Volcanion
|-damage|p2a: Volcanion|86/100
|-enditem|p2a: Volcanion|Choice Specs|[from] move: Knock Off|[of] p1a: Matilda
|
|upkeep
|turn|6
|j| Sificon~
|
|t:|1659548564
|move|p2a: Volcanion|Steam Eruption|p1a: Matilda
|-damage|p1a: Matilda|33/100
|move|p1a: Matilda|Soft-Boiled|p1a: Matilda
|-heal|p1a: Matilda|83/100
|
|upkeep
|turn|7
|l| Sificon~
|j| Congwuyu
|
|t:|1659548569
|switch|p1a: Magia|Tornadus-Therian, M|100/100 tox
|move|p2a: Volcanion|Steam Eruption|p1a: Magia|[miss]
|-miss|p2a: Volcanion|p1a: Magia
|
|-damage|p1a: Magia|94/100 tox|[from] psn
|upkeep
|turn|8
|l| Congwuyu
|
|t:|1659548573
|move|p1a: Magia|Hurricane|p2a: Volcanion
|-damage|p2a: Volcanion|35/100
|move|p2a: Volcanion|Steam Eruption|p1a: Magia
|-damage|p1a: Magia|31/100 tox
|
|-damage|p1a: Magia|19/100 tox|[from] psn
|upkeep
|turn|9
|j| lt91bb star
|
|t:|1659548580
|move|p1a: Magia|Hurricane|p2a: Volcanion|[miss]
|-miss|p1a: Magia|p2a: Volcanion
|move|p2a: Volcanion|Steam Eruption|p1a: Magia
|-damage|p1a: Magia|0 fnt
|faint|p1a: Magia
|
|upkeep
|
|t:|1659548582
|switch|p1a: Softcore|Excadrill, M|100/100
|-damage|p1a: Softcore|97/100|[from] Stealth Rock
|turn|10
|
|t:|1659548587
|switch|p2a: Corviknight|Corviknight, M|100/100
|-ability|p2a: Corviknight|Pressure
|move|p1a: Softcore|Rapid Spin|p2a: Corviknight
|-resisted|p2a: Corviknight
|-damage|p2a: Corviknight|93/100
|-boost|p1a: Softcore|spe|1
|-sideend|p1: LT91BB Kebab|Stealth Rock|[from] move: Rapid Spin|[of] p1a: Softcore
|
|-heal|p1a: Softcore|100/100|[from] item: Leftovers
|-heal|p2a: Corviknight|99/100|[from] item: Leftovers
|upkeep
|turn|11
|
|t:|1659548597
|switch|p1a: Matilda|Clefable, F|83/100
|move|p2a: Corviknight|U-turn|p1a: Matilda
|-resisted|p1a: Matilda
|-damage|p1a: Matilda|78/100
|
|t:|1659548607
|switch|p2a: Volcanion|Volcanion|35/100|[from]move: U-turn
|
|upkeep
|turn|12
|j| Sirwings
|j| gridline
|
|t:|1659548610
|move|p2a: Volcanion|Steam Eruption|p1a: Matilda
|-damage|p1a: Matilda|15/100
|move|p1a: Matilda|Soft-Boiled|p1a: Matilda
|-heal|p1a: Matilda|65/100
|
|upkeep
|turn|13
|l| gridline
|
|t:|1659548615
|move|p2a: Volcanion|Overheat|p1a: Matilda
|-damage|p1a: Matilda|0 fnt
|-unboost|p2a: Volcanion|spa|2
|faint|p1a: Matilda
|
|upkeep
|
|t:|1659548618
|switch|p1a: Riptide|Tyranitar, M, shiny|100/100
|-weather|Sandstorm|[from] ability: Sand Stream|[of] p1a: Riptide
|turn|14
|
|t:|1659548621
|switch|p2a: Excadrill|Excadrill, F|51/100 brn
|-ability|p2a: Excadrill|Mold Breaker
|move|p1a: Riptide|Stealth Rock|p2a: Excadrill
|-sidestart|p2: cute pink team|move: Stealth Rock
|
|-weather|Sandstorm|[upkeep]
|-damage|p2a: Excadrill|45/100 brn|[from] brn
|upkeep
|turn|15
|
|t:|1659548628
|move|p2a: Excadrill|Rapid Spin|p1a: Riptide
|-resisted|p1a: Riptide
|-damage|p1a: Riptide|98/100
|-boost|p2a: Excadrill|spe|1
|-sideend|p2: cute pink team|Stealth Rock|[from] move: Rapid Spin|[of] p2a: Excadrill
|move|p1a: Riptide|Earthquake|p2a: Excadrill
|-supereffective|p2a: Excadrill
|-crit|p2a: Excadrill
|-damage|p2a: Excadrill|0 fnt
|faint|p2a: Excadrill
|
|-weather|Sandstorm|[upkeep]
|-heal|p1a: Riptide|100/100|[from] item: Leftovers
|upkeep
|
|t:|1659548631
|switch|p2a: Tyranitar|Tyranitar, F|100/100
|turn|16
|
|t:|1659548641
|switch|p1a: Loveless|Melmetal|100/100
|move|p2a: Tyranitar|Superpower|p1a: Loveless
|-supereffective|p1a: Loveless
|-damage|p1a: Loveless|19/100
|-unboost|p2a: Tyranitar|atk|1
|-unboost|p2a: Tyranitar|def|1
|
|-weather|Sandstorm|[upkeep]
|-heal|p1a: Loveless|25/100|[from] item: Leftovers
|upkeep
|turn|17
|j| NoseWrecky
|
|t:|1659548647
|move|p1a: Loveless|Protect|p1a: Loveless
|-singleturn|p1a: Loveless|Protect
|move|p2a: Tyranitar|Superpower|p1a: Loveless
|-activate|p1a: Loveless|move: Protect
|
|-weather|Sandstorm|[upkeep]
|-heal|p1a: Loveless|31/100|[from] item: Leftovers
|upkeep
|turn|18
|
|t:|1659548651
|move|p2a: Tyranitar|Superpower|p1a: Loveless
|-supereffective|p1a: Loveless
|-damage|p1a: Loveless|0 fnt
|-unboost|p2a: Tyranitar|atk|1
|-unboost|p2a: Tyranitar|def|1
|faint|p1a: Loveless
|
|-weather|none
|upkeep
|
|t:|1659548653
|switch|p1a: Brave Heart|Rotom-Wash|23/100
|turn|19
|
|t:|1659548657
|move|p2a: Tyranitar|Superpower|p1a: Brave Heart
|-damage|p1a: Brave Heart|0 fnt
|-unboost|p2a: Tyranitar|atk|1
|-unboost|p2a: Tyranitar|def|1
|faint|p1a: Brave Heart
|
|upkeep
|
|t:|1659548662
|switch|p1a: Softcore|Excadrill, M|100/100
|turn|20
|
|t:|1659548668
|switch|p2a: Corviknight|Corviknight, M|99/100
|-ability|p2a: Corviknight|Pressure
|move|p1a: Softcore|Swords Dance|p1a: Softcore
|-boost|p1a: Softcore|atk|2
|
|-heal|p2a: Corviknight|100/100|[from] item: Leftovers
|upkeep
|turn|21
|
|t:|1659548674
|switch|p2a: Blacephalon|Blacephalon|100/100
|move|p1a: Softcore|Swords Dance|p1a: Softcore
|-boost|p1a: Softcore|atk|2
|
|upkeep
|turn|22
|
|t:|1659548680
|switch|p2a: Tyranitar|Tyranitar, F|100/100
|-weather|Sandstorm|[from] ability: Sand Stream|[of] p2a: Tyranitar
|switch|p1a: Riptide|Tyranitar, M, shiny|100/100
|
|-weather|Sandstorm|[upkeep]
|upkeep
|turn|23
|j| Djdjdjdjdjfjd
|
|t:|1659548685
|move|p2a: Tyranitar|Superpower|p1a: Riptide
|-supereffective|p1a: Riptide
|-damage|p1a: Riptide|0 fnt
|-unboost|p2a: Tyranitar|atk|1
|-unboost|p2a: Tyranitar|def|1
|faint|p1a: Riptide
|
|-weather|Sandstorm|[upkeep]
|upkeep
|
|t:|1659548688
|switch|p1a: Softcore|Excadrill, M|100/100
|turn|24
|
|t:|1659548693
|move|p1a: Softcore|Rapid Spin|p2a: Tyranitar
|-resisted|p2a: Tyranitar
|-crit|p2a: Tyranitar
|-damage|p2a: Tyranitar|81/100
|-boost|p1a: Softcore|spe|1
|move|p2a: Tyranitar|Superpower|p1a: Softcore
|-supereffective|p1a: Softcore
|-damage|p1a: Softcore|0 fnt
|-unboost|p2a: Tyranitar|atk|1
|-unboost|p2a: Tyranitar|def|1
|faint|p1a: Softcore
|
|win|cute pink team
|raw|LT91BB Kebab's rating: 1966 &rarr; <strong>1943</strong><br />(-23 for losing)
|raw|cute pink team's rating: 1906 &rarr; <strong>1929</strong><br />(+23 for winning)
|l|☆LT91BB Kebab
|l| NoseWrecky
|l| AlphaRay01
|j| Helllllllllo glhf
|l| Lunala
|l|@Quite Quiet
||Ladder isn't responding, score probably updated but might not have (Request timeout).
|l| Djdjdjdjdjfjd
|l| Helllllllllo glhf
|l|☆cute pink team
|l| Sirwings
