|j|☆gotsnsd
|j|☆knexhawk2
|t:|1663894033
|gametype|singles
|player|p1|gotsnsd|beauty-gen2jp|1625
|player|p2|knexhawk2|red-masters|1665
|teamsize|p1|6
|teamsize|p2|6
|gen|8
|tier|[Gen 8] OU
|rated|
|rule|Sleep Clause Mod: Limit one foe put to sleep
|rule|Species Clause: Limit one of each Pokémon
|rule|OHKO Clause: OHKO moves are banned
|rule|Evasion Items Clause: Evasion items are banned
|rule|Evasion Moves Clause: Evasion moves are banned
|rule|Endless Battle Clause: Forcing endless battles is banned
|rule|HP Percentage Mod: HP is shown in percentages
|rule|Dynamax Clause: You cannot dynamax
|clearpoke
|poke|p1|Nidoking, M|
|poke|p1|Dragapult, M|
|poke|p1|Clefable, F|
|poke|p1|Slowking, M|
|poke|p1|Kartana|
|poke|p1|Rotom-Heat|
|poke|p2|Skarmory, F|
|poke|p2|Tyranitar, F|
|poke|p2|Excadrill, M|
|poke|p2|Clefable, M|
|poke|p2|Mandibuzz, F|
|poke|p2|Aegislash, M|
|teampreview
|
|t:|1663894042
|start
|switch|p1a: Dragapult|Dragapult, M|100/100
|switch|p2a: Tyranitar|Tyranitar, F|100/100
|-weather|Sandstorm|[from] ability: Sand Stream|[of] p2a: Tyranitar
|turn|1
|
|t:|1663894048
|switch|p2a: Clefable|Clefable, M|100/100
|move|p1a: Dragapult|U-turn|p2a: Clefable
|-resisted|p2a: Clefable
|-damage|p2a: Clefable|87/100
|
|t:|1663894052
|switch|p1a: Nidoking|Nidoking, M|100/100|[from]move: U-turn
|
|-weather|Sandstorm|[upkeep]
|-heal|p2a: Clefable|93/100|[from] item: Leftovers
|upkeep
|turn|2
|
|t:|1663894058
|switch|p2a: Excadrill|Excadrill, M|100/100
|move|p1a: Nidoking|Flamethrower|p2a: Excadrill
|-supereffective|p2a: Excadrill
|-damage|p2a: Excadrill|0 fnt
|faint|p2a: Excadrill
|
|-weather|Sandstorm|[upkeep]
|upkeep
|
|t:|1663894064
|switch|p2a: Tyranitar|Tyranitar, F|100/100
|turn|3
|
|t:|1663894069
|switch|p1a: Kartana|Kartana|100/100
|move|p2a: Tyranitar|Earthquake|p1a: Kartana
|-damage|p1a: Kartana|37/100
|
|-weather|Sandstorm|[upkeep]
|upkeep
|turn|4
|
|t:|1663894078
|switch|p1a: Clefable|Clefable, F|100/100
|switch|p2a: Skarmory|Skarmory, F|100/100
|
|-weather|Sandstorm|[upkeep]
|upkeep
|turn|5
|
|t:|1663894083
|move|p2a: Skarmory|Spikes|p1a: Clefable
|-sidestart|p1: gotsnsd|Spikes
|move|p1a: Clefable|Stealth Rock|p2a: Skarmory
|-sidestart|p2: knexhawk2|move: Stealth Rock
|
|-weather|none
|upkeep
|turn|6
|
|t:|1663894106
|move|p2a: Skarmory|Spikes|p1a: Clefable
|-sidestart|p1: gotsnsd|Spikes
|move|p1a: Clefable|Knock Off|p2a: Skarmory
|-damage|p2a: Skarmory|92/100
|-enditem|p2a: Skarmory|Rocky Helmet|[from] move: Knock Off|[of] p1a: Clefable
|
|upkeep
|turn|7
|
|t:|1663894124
|switch|p1a: Nidoking|Nidoking, M|100/100
|-damage|p1a: Nidoking|84/100|[from] Spikes
|move|p2a: Skarmory|Spikes|p1a: Nidoking
|-sidestart|p1: gotsnsd|Spikes
|
|upkeep
|turn|8
|
|t:|1663894131
|move|p1a: Nidoking|Flamethrower|p2a: Skarmory
|-supereffective|p2a: Skarmory
|-damage|p2a: Skarmory|0 fnt
|faint|p2a: Skarmory
|
|upkeep
|
|t:|1663894136
|switch|p2a: Tyranitar|Tyranitar, F|100/100
|-damage|p2a: Tyranitar|88/100|[from] Stealth Rock
|-weather|Sandstorm|[from] ability: Sand Stream|[of] p2a: Tyranitar
|turn|9
|
|t:|1663894142
|move|p1a: Nidoking|Earth Power|p2a: Tyranitar
|-supereffective|p2a: Tyranitar
|-damage|p2a: Tyranitar|0 fnt
|faint|p2a: Tyranitar
|
|-weather|Sandstorm|[upkeep]
|upkeep
|-message|knexhawk2 forfeited.
|
|win|gotsnsd
|raw|gotsnsd's rating: 1625 &rarr; <strong>1647</strong><br />(+22 for winning)
|raw|knexhawk2's rating: 1665 &rarr; <strong>1643</strong><br />(-22 for losing)
|l|☆knexhawk2
||Ladder isn't responding, score probably updated but might not have (Request timeout).
