|j|☆Geenobe
|j|☆Spectre Ace
|t:|1667345754
|gametype|singles
|player|p1|Geenobe|170|1641
|player|p2|Spectre Ace|juggler|1659
|teamsize|p1|6
|teamsize|p2|6
|gen|8
|tier|[Gen 8] OU
|rated|
|rule|Sleep Clause Mod: Limit one foe put to sleep
|rule|Species Clause: Limit one of each Pokémon
|rule|OHKO Clause: OHKO moves are banned
|rule|Evasion Items Clause: Evasion items are banned
|rule|Evasion Moves Clause: Evasion moves are banned
|rule|Endless Battle Clause: Forcing endless battles is banned
|rule|HP Percentage Mod: HP is shown in percentages
|rule|Dynamax Clause: You cannot dynamax
|clearpoke
|poke|p1|Blaziken, M|
|poke|p1|Moltres-Galar|
|poke|p1|Dragapult, F|
|poke|p1|Tapu Koko|
|poke|p1|Rillaboom, M|
|poke|p1|Hawlucha, M|
|poke|p2|Raichu-Alola, F|
|poke|p2|Tapu Koko|
|poke|p2|Ferrothorn, F|
|poke|p2|Mandibuzz, F|
|poke|p2|Garchomp, M|
|poke|p2|Heatran, M|
|teampreview
|j| Anoxx17
|
|t:|1667345777
|start
|switch|p1a: Tapu Koko|Tapu Koko|100/100
|switch|p2a: Crane|Garchomp, M|100/100
|-fieldstart|move: Electric Terrain|[from] ability: Electric Surge|[of] p1a: Tapu Koko
|turn|1
|
|t:|1667345783
|move|p1a: Tapu Koko|Taunt|p2a: Crane
|-start|p2a: Crane|move: Taunt
|cant|p2a: Crane|move: Taunt|Stealth Rock
|
|upkeep
|turn|2
|
|t:|1667345788
|move|p1a: Tapu Koko|Reflect|p1a: Tapu Koko
|-sidestart|p1: Geenobe|Reflect
|move|p2a: Crane|Earthquake|p1a: Tapu Koko
|-supereffective|p1a: Tapu Koko
|-damage|p1a: Tapu Koko|42/100
|
|upkeep
|turn|3
|
|t:|1667345793
|switch|p2a: Sundowner|Ferrothorn, F|100/100
|move|p1a: Tapu Koko|Light Screen|p1a: Tapu Koko
|-sidestart|p1: Geenobe|move: Light Screen
|
|upkeep
|turn|4
|
|t:|1667345800
|switch|p2a: Crane|Garchomp, M|100/100
|move|p1a: Tapu Koko|Taunt|p2a: Crane
|-start|p2a: Crane|move: Taunt
|
|upkeep
|turn|5
|
|t:|1667345811
|switch|p1a: Blaziken|Blaziken, M|100/100
|-item|p1a: Blaziken|Air Balloon
|move|p2a: Crane|Stone Edge|p1a: Blaziken
|-damage|p1a: Blaziken|73/100
|-enditem|p1a: Blaziken|Air Balloon
|
|-fieldend|move: Electric Terrain
|upkeep
|turn|6
|
|t:|1667345820
|move|p2a: Crane|Earthquake|p1a: Blaziken
|-supereffective|p1a: Blaziken
|-damage|p1a: Blaziken|0 fnt
|faint|p1a: Blaziken
|
|-end|p2a: Crane|move: Taunt
|upkeep
|
|t:|1667345823
|switch|p1a: Dragapult|Dragapult, F|100/100
|turn|7
|
|t:|1667345829
|switch|p2a: Croft|Mandibuzz, F|100/100
|move|p1a: Dragapult|Dragon Dance|p1a: Dragapult
|-boost|p1a: Dragapult|atk|1
|-boost|p1a: Dragapult|spe|1
|
|upkeep
|turn|8
|
|t:|1667345836
|move|p1a: Dragapult|Dragon Darts|p2a: Croft
|-damage|p2a: Croft|75/100
|-anim|p1a: Dragapult|Dragon Darts|p2a: Croft
|-damage|p2a: Croft|49/100
|move|p2a: Croft|Defog||[still]
|-fail|p1a: Dragapult|unboost|[from] ability: Clear Body|[of] p1a: Dragapult
|-sideend|p1: Geenobe|Reflect
|-sideend|p1: Geenobe|move: Light Screen
|-fail|p2a: Croft
|
|upkeep
|turn|9
|
|t:|1667345845
|switch|p2a: Booker|Tapu Koko|100/100
|-fieldstart|move: Electric Terrain|[from] ability: Electric Surge|[of] p2a: Booker
|move|p1a: Dragapult|Dragon Darts|p2a: Booker
|-immune|p2a: Booker
|
|upkeep
|turn|10
|
|t:|1667345859
|switch|p2a: Sundowner|Ferrothorn, F|100/100
|move|p1a: Dragapult|Dragon Dance|p1a: Dragapult
|-boost|p1a: Dragapult|atk|1
|-boost|p1a: Dragapult|spe|1
|
|upkeep
|turn|11
|
|t:|1667345863
|move|p1a: Dragapult|Flamethrower|p2a: Sundowner
|-supereffective|p2a: Sundowner
|-damage|p2a: Sundowner|41/100
|move|p2a: Sundowner|Knock Off|p1a: Dragapult
|-supereffective|p1a: Dragapult
|-damage|p1a: Dragapult|35/100
|-enditem|p1a: Dragapult|Weakness Policy
|-boost|p1a: Dragapult|atk|2|[from] item: Weakness Policy
|-boost|p1a: Dragapult|spa|2|[from] item: Weakness Policy
|
|-heal|p2a: Sundowner|48/100|[from] item: Leftovers
|upkeep
|turn|12
|
|t:|1667345870
|move|p1a: Dragapult|Flamethrower|p2a: Sundowner
|-supereffective|p2a: Sundowner
|-damage|p2a: Sundowner|0 fnt
|faint|p2a: Sundowner
|
|upkeep
|
|t:|1667345872
|switch|p2a: Kennedy|Heatran, M|100/100
|turn|13
|
|t:|1667345878
|switch|p2a: Croft|Mandibuzz, F|49/100
|move|p1a: Dragapult|Phantom Force||[still]
|-prepare|p1a: Dragapult|Phantom Force
|
|upkeep
|turn|14
|
|t:|1667345881
|move|p1a: Dragapult|Phantom Force|p2a: Croft|[from]lockedmove
|-resisted|p2a: Croft
|-damage|p2a: Croft|6/100
|move|p2a: Croft|Foul Play|p1a: Dragapult
|-supereffective|p1a: Dragapult
|-damage|p1a: Dragapult|0 fnt
|faint|p1a: Dragapult
|
|upkeep
|
|t:|1667345892
|switch|p1a: Tapu Koko|Tapu Koko|42/100
|turn|15
|
|t:|1667345896
|move|p1a: Tapu Koko|U-turn|p2a: Croft
|-damage|p2a: Croft|0 fnt
|faint|p2a: Croft
|
|t:|1667345903
|switch|p1a: Moltres|Moltres-Galar|100/100|[from]move: U-turn
|
|upkeep
|
|t:|1667345906
|switch|p2a: Booker|Tapu Koko|100/100
|turn|16
|
|t:|1667345912
|move|p2a: Booker|Thunderbolt|p1a: Moltres
|-supereffective|p1a: Moltres
|-damage|p1a: Moltres|18/100
|-ability|p1a: Moltres|Berserk|boost
|-boost|p1a: Moltres|spa|1
|move|p1a: Moltres|Fiery Wrath|p2a: Booker
|-resisted|p2a: Booker
|-damage|p2a: Booker|49/100
|
|-fieldend|move: Electric Terrain
|upkeep
|turn|17
|
|t:|1667345917
|move|p2a: Booker|Dazzling Gleam|p1a: Moltres
|-supereffective|p1a: Moltres
|-crit|p1a: Moltres
|-damage|p1a: Moltres|0 fnt
|faint|p1a: Moltres
|
|upkeep
|
|t:|1667345926
|switch|p1a: Rillaboom|Rillaboom, M|100/100
|-fieldstart|move: Grassy Terrain|[from] ability: Grassy Surge|[of] p1a: Rillaboom
|turn|18
|l| Anoxx17
|
|t:|1667345933
|switch|p2a: Crane|Garchomp, M|100/100
|move|p1a: Rillaboom|Superpower|p2a: Crane
|-damage|p2a: Crane|42/100
|-unboost|p1a: Rillaboom|atk|1
|-unboost|p1a: Rillaboom|def|1
|-damage|p1a: Rillaboom|88/100|[from] ability: Rough Skin|[of] p2a: Crane
|-damage|p1a: Rillaboom|78/100|[from] item: Life Orb
|
|-heal|p2a: Crane|48/100|[from] Grassy Terrain
|-heal|p2a: Crane|54/100|[from] item: Leftovers
|-heal|p1a: Rillaboom|84/100|[from] Grassy Terrain
|upkeep
|turn|19
|
|t:|1667345939
|switch|p1a: Tapu Koko|Tapu Koko|42/100
|-fieldstart|move: Electric Terrain|[from] ability: Electric Surge|[of] p1a: Tapu Koko
|move|p2a: Crane|Stealth Rock|p1a: Tapu Koko
|-sidestart|p1: Geenobe|move: Stealth Rock
|
|-heal|p2a: Crane|60/100|[from] item: Leftovers
|upkeep
|turn|20
|
|t:|1667345946
|switch|p2a: Valentine|Raichu-Alola, F, shiny|100/100
|move|p1a: Tapu Koko|Light Screen|p1a: Tapu Koko
|-sidestart|p1: Geenobe|move: Light Screen
|
|upkeep
|turn|21
|
|t:|1667345955
|move|p2a: Valentine|Nasty Plot|p2a: Valentine
|-boost|p2a: Valentine|spa|2
|move|p1a: Tapu Koko|U-turn|p2a: Valentine
|-supereffective|p2a: Valentine
|-damage|p2a: Valentine|17/100
|
|t:|1667345958
|switch|p1a: Rillaboom|Rillaboom, M|84/100|[from]move: U-turn
|-damage|p1a: Rillaboom|72/100|[from] Stealth Rock
|-fieldstart|move: Grassy Terrain|[from] ability: Grassy Surge|[of] p1a: Rillaboom
|
|-heal|p2a: Valentine|23/100|[from] Grassy Terrain
|-heal|p1a: Rillaboom|78/100|[from] Grassy Terrain
|upkeep
|turn|22
|
|t:|1667345970
|switch|p2a: Crane|Garchomp, M|60/100
|move|p1a: Rillaboom|Grassy Glide|p2a: Crane
|-damage|p2a: Crane|0 fnt
|-damage|p1a: Rillaboom|66/100|[from] ability: Rough Skin|[of] p2a: Crane
|faint|p2a: Crane
|-damage|p1a: Rillaboom|56/100|[from] item: Life Orb
|
|-heal|p1a: Rillaboom|62/100|[from] Grassy Terrain
|upkeep
|
|t:|1667345972
|switch|p2a: Booker|Tapu Koko|49/100
|-fieldstart|move: Electric Terrain|[from] ability: Electric Surge|[of] p2a: Booker
|turn|23
|
|t:|1667345979
|move|p2a: Booker|U-turn|p1a: Rillaboom
|-supereffective|p1a: Rillaboom
|-damage|p1a: Rillaboom|26/100
|
|t:|1667345981
|switch|p2a: Kennedy|Heatran, M|100/100|[from]move: U-turn
|move|p1a: Rillaboom|Grassy Glide|p2a: Kennedy
|-resisted|p2a: Kennedy
|-damage|p2a: Kennedy|90/100
|-damage|p1a: Rillaboom|16/100|[from] item: Life Orb
|
|-heal|p2a: Kennedy|97/100|[from] item: Leftovers
|upkeep
|turn|24
|
|t:|1667346002
|move|p1a: Rillaboom|Superpower|p2a: Kennedy
|-supereffective|p2a: Kennedy
|-crit|p2a: Kennedy
|-damage|p2a: Kennedy|0 fnt
|-unboost|p1a: Rillaboom|atk|1
|-unboost|p1a: Rillaboom|def|1
|faint|p2a: Kennedy
|-damage|p1a: Rillaboom|6/100|[from] item: Life Orb
|
|upkeep
|
|t:|1667346009
|switch|p2a: Booker|Tapu Koko|49/100
|turn|25
|
|t:|1667346015
|switch|p1a: Tapu Koko|Tapu Koko|42/100
|-damage|p1a: Tapu Koko|30/100|[from] Stealth Rock
|move|p2a: Booker|Dazzling Gleam|p1a: Tapu Koko
|-damage|p1a: Tapu Koko|9/100
|
|upkeep
|turn|26
|
|t:|1667346020
|move|p2a: Booker|Roost|p2a: Booker
|-heal|p2a: Booker|99/100
|-singleturn|p2a: Booker|move: Roost
|move|p1a: Tapu Koko|U-turn|p2a: Booker
|-resisted|p2a: Booker
|-damage|p2a: Booker|88/100
|
|t:|1667346023
|switch|p1a: Rillaboom|Rillaboom, M|6/100|[from]move: U-turn
|-damage|p1a: Rillaboom|0 fnt|[from] Stealth Rock
|faint|p1a: Rillaboom
|
|upkeep
|
|t:|1667346024
|switch|p1a: Hawlucha|Hawlucha, M|100/100
|-damage|p1a: Hawlucha|88/100|[from] Stealth Rock
|turn|27
|
|t:|1667346028
|move|p2a: Booker|Thunderbolt|p1a: Hawlucha
|-supereffective|p1a: Hawlucha
|-damage|p1a: Hawlucha|15/100
|move|p1a: Hawlucha|Acrobatics|p2a: Booker
|-resisted|p2a: Booker
|-damage|p2a: Booker|70/100
|
|-sideend|p1: Geenobe|move: Light Screen
|upkeep
|turn|28
|
|t:|1667346031
|move|p2a: Booker|Thunderbolt|p1a: Hawlucha
|-supereffective|p1a: Hawlucha
|-damage|p1a: Hawlucha|0 fnt
|faint|p1a: Hawlucha
|
|upkeep
|-message|Geenobe forfeited.
|
|win|Spectre Ace
|raw|Geenobe's rating: 1641 &rarr; <strong>1622</strong><br />(-19 for losing)
|raw|Spectre Ace's rating: 1659 &rarr; <strong>1678</strong><br />(+19 for winning)
|l|☆Geenobe
||Ladder isn't responding, score probably updated but might not have (Request timeout).
