|j|☆Chikami
|j|☆LT82ZW Guatemala
|t:|1633562560
|gametype|singles
|player|p1|Chikami|ethan|1741
|player|p2|LT82ZW Guatemala|102|1842
|teamsize|p1|6
|teamsize|p2|6
|gen|8
|tier|[Gen 8] OU
|rated|
|rule|Sleep Clause Mod: Limit one foe put to sleep
|rule|Species Clause: Limit one of each Pokémon
|rule|OHKO Clause: OHKO moves are banned
|rule|Evasion Moves Clause: Evasion moves are banned
|rule|Endless Battle Clause: Forcing endless battles is banned
|rule|HP Percentage Mod: HP is shown in percentages
|rule|Dynamax Clause: You cannot dynamax
|clearpoke
|poke|p1|Landorus-Therian, M|
|poke|p1|Scolipede, F|
|poke|p1|Rillaboom, F|
|poke|p1|Magnezone|
|poke|p1|Dragapult, F|
|poke|p1|Urshifu-*, F|
|poke|p2|Glastrier|
|poke|p2|Mandibuzz, F|
|poke|p2|Nidoking, M|
|poke|p2|Kyurem|
|poke|p2|Victini|
|poke|p2|Mew|
|teampreview
|inactive|Battle timer is ON: inactive players will automatically lose when time's up. (requested by LT82ZW Guatemala)
|
|t:|1633562575
|start
|switch|p1a: Landorus|Landorus-Therian, M|100/100
|switch|p2a: Nidoking|Nidoking, M|100/100
|-ability|p1a: Landorus|Intimidate|boost
|-unboost|p2a: Nidoking|atk|1
|turn|1
|
|t:|1633562585
|move|p1a: Landorus|U-turn|p2a: Nidoking
|-resisted|p2a: Nidoking
|-damage|p2a: Nidoking|81/100
|
|t:|1633562588
|switch|p1a: Urshifu|Urshifu-Rapid-Strike, F|100/100|[from]move: U-turn
|move|p2a: Nidoking|Ice Beam|p1a: Urshifu
|-resisted|p1a: Urshifu
|-damage|p1a: Urshifu|74/100
|
|upkeep
|turn|2
|
|t:|1633562598
|switch|p2a: Mandibuzz|Mandibuzz, F, shiny|100/100
|move|p1a: Urshifu|Surging Strikes|p2a: Mandibuzz
|-crit|p2a: Mandibuzz
|-damage|p2a: Mandibuzz|84/100
|-damage|p1a: Urshifu|58/100|[from] item: Rocky Helmet|[of] p2a: Mandibuzz
|-crit|p2a: Mandibuzz
|-damage|p2a: Mandibuzz|66/100
|-damage|p1a: Urshifu|42/100|[from] item: Rocky Helmet|[of] p2a: Mandibuzz
|-crit|p2a: Mandibuzz
|-damage|p2a: Mandibuzz|48/100
|-damage|p1a: Urshifu|25/100|[from] item: Rocky Helmet|[of] p2a: Mandibuzz
|-hitcount|p2a: Mandibuzz|3
|
|upkeep
|turn|3
|
|t:|1633562618
|switch|p1a: Magnezone|Magnezone|100/100
|move|p2a: Mandibuzz|Roost|p2a: Mandibuzz
|-heal|p2a: Mandibuzz|98/100
|-singleturn|p2a: Mandibuzz|move: Roost
|
|upkeep
|turn|4
|j| NoobOnALaptop
|
|t:|1633562634
|switch|p1a: Dragapult|Dragapult, F|100/100
|move|p2a: Mandibuzz|Foul Play|p1a: Dragapult
|-supereffective|p1a: Dragapult
|-damage|p1a: Dragapult|1/100
|
|upkeep
|turn|5
|inactive|Chikami has 120 seconds left.
|
|t:|1633562650
|move|p1a: Dragapult|Draco Meteor|p2a: Mandibuzz
|-damage|p2a: Mandibuzz|29/100
|-unboost|p1a: Dragapult|spa|2
|move|p2a: Mandibuzz|Foul Play|p1a: Dragapult
|-supereffective|p1a: Dragapult
|-damage|p1a: Dragapult|0 fnt
|faint|p1a: Dragapult
|
|upkeep
|inactive|Chikami has 120 seconds left.
|j| Burgundy Holmes
|
|t:|1633562681
|switch|p1a: Rillaboom|Rillaboom, F|100/100
|-fieldstart|move: Grassy Terrain|[from] ability: Grassy Surge|[of] p1a: Rillaboom
|turn|6
|
|t:|1633562685
|move|p1a: Rillaboom|Wood Hammer|p2a: Mandibuzz
|-resisted|p2a: Mandibuzz
|-damage|p2a: Mandibuzz|0 fnt
|-damage|p1a: Rillaboom|84/100|[from] item: Rocky Helmet|[of] p2a: Mandibuzz
|faint|p2a: Mandibuzz
|-damage|p1a: Rillaboom|73/100|[from] Recoil
|
|-heal|p1a: Rillaboom|79/100|[from] Grassy Terrain
|upkeep
|
|t:|1633562692
|switch|p2a: Nidoking|Nidoking, M|81/100
|turn|7
|
|t:|1633562704
|switch|p1a: Magnezone|Magnezone|100/100
|move|p2a: Nidoking|Stealth Rock|p1a: Magnezone
|-sidestart|p1: Chikami|move: Stealth Rock
|
|-heal|p2a: Nidoking|87/100|[from] Grassy Terrain
|upkeep
|turn|8
|
|t:|1633562712
|move|p2a: Nidoking|Earth Power|p1a: Magnezone
|-supereffective|p1a: Magnezone
|-damage|p1a: Magnezone|0 fnt
|faint|p1a: Magnezone
|
|-heal|p2a: Nidoking|93/100|[from] Grassy Terrain
|upkeep
|
|t:|1633562718
|switch|p1a: Urshifu|Urshifu-Rapid-Strike, F|25/100
|-damage|p1a: Urshifu|19/100|[from] Stealth Rock
|turn|9
|
|t:|1633562737
|switch|p2a: Glastrier|Glastrier|100/100
|move|p1a: Urshifu|Surging Strikes|p2a: Glastrier
|-crit|p2a: Glastrier
|-damage|p2a: Glastrier|80/100
|-crit|p2a: Glastrier
|-damage|p2a: Glastrier|59/100
|-crit|p2a: Glastrier
|-damage|p2a: Glastrier|41/100
|-hitcount|p2a: Glastrier|3
|
|-heal|p1a: Urshifu|25/100|[from] Grassy Terrain
|-heal|p2a: Glastrier|47/100|[from] Grassy Terrain
|-heal|p2a: Glastrier|53/100|[from] item: Leftovers
|upkeep
|turn|10
|
|t:|1633562745
|move|p1a: Urshifu|Surging Strikes|p2a: Glastrier
|-crit|p2a: Glastrier
|-damage|p2a: Glastrier|33/100
|-crit|p2a: Glastrier
|-damage|p2a: Glastrier|14/100
|-crit|p2a: Glastrier
|-damage|p2a: Glastrier|0 fnt
|faint|p2a: Glastrier
|-hitcount|p2: Glastrier|3
|
|-heal|p1a: Urshifu|31/100|[from] Grassy Terrain
|-fieldend|move: Grassy Terrain
|upkeep
|
|t:|1633562754
|switch|p2a: Kyurem|Kyurem|100/100
|-ability|p2a: Kyurem|Pressure
|turn|11
|
|t:|1633562777
|move|p2a: Kyurem|Ice Beam|p1a: Urshifu
|-resisted|p1a: Urshifu
|-damage|p1a: Urshifu|0 fnt
|faint|p1a: Urshifu
|
|upkeep
|inactive|Chikami has 120 seconds left.
|j| ISimpForKlara
|
|t:|1633562793
|switch|p1a: Rillaboom|Rillaboom, F|79/100
|-damage|p1a: Rillaboom|66/100|[from] Stealth Rock
|-fieldstart|move: Grassy Terrain|[from] ability: Grassy Surge|[of] p1a: Rillaboom
|turn|12
|
|t:|1633562801
|move|p1a: Rillaboom|Grassy Glide|p2a: Kyurem
|-resisted|p2a: Kyurem
|-damage|p2a: Kyurem|62/100
|move|p2a: Kyurem|Ice Beam|p1a: Rillaboom
|-supereffective|p1a: Rillaboom
|-damage|p1a: Rillaboom|0 fnt
|faint|p1a: Rillaboom
|
|-heal|p2a: Kyurem|68/100|[from] Grassy Terrain
|upkeep
|
|t:|1633562804
|switch|p1a: Scolipede|Scolipede, F|100/100
|-damage|p1a: Scolipede|76/100|[from] Stealth Rock
|turn|13
|
|t:|1633562810
|move|p2a: Kyurem|Ice Beam|p1a: Scolipede
|-damage|p1a: Scolipede|0 fnt
|faint|p1a: Scolipede
|
|-heal|p2a: Kyurem|74/100|[from] Grassy Terrain
|upkeep
|c|☆LT82ZW Guatemala|Gg
|-message|Chikami forfeited.
|
|win|LT82ZW Guatemala
|raw|Chikami's rating: 1741 &rarr; <strong>1727</strong><br />(-14 for losing)
|raw|LT82ZW Guatemala's rating: 1842 &rarr; <strong>1856</strong><br />(+14 for winning)
|l|☆Chikami
