|j|☆Betabux
|j|☆HOF69
|t:|1662605334
|gametype|singles
|player|p1|Betabux|2|1683
|player|p2|HOF69|red|1804
|teamsize|p1|6
|teamsize|p2|6
|gen|8
|tier|[Gen 8] OU
|rated|
|rule|Sleep Clause Mod: Limit one foe put to sleep
|rule|Species Clause: Limit one of each Pokémon
|rule|OHKO Clause: OHKO moves are banned
|rule|Evasion Items Clause: Evasion items are banned
|rule|Evasion Moves Clause: Evasion moves are banned
|rule|Endless Battle Clause: Forcing endless battles is banned
|rule|HP Percentage Mod: HP is shown in percentages
|rule|Dynamax Clause: You cannot dynamax
|clearpoke
|poke|p1|Rillaboom, F|
|poke|p1|Terrakion|
|poke|p1|Kartana|
|poke|p1|Swampert, M|
|poke|p1|Hawlucha, M|
|poke|p1|Zapdos|
|poke|p2|Gengar, M|
|poke|p2|Blacephalon|
|poke|p2|Landorus-Therian, M|
|poke|p2|Kartana|
|poke|p2|Tapu Lele|
|poke|p2|Krookodile, M|
|teampreview
|
|t:|1662605345
|start
|switch|p1a: Pete Jones|Swampert, M|100/100
|switch|p2a: Krookodile|Krookodile, M|100/100
|-ability|p2a: Krookodile|Intimidate|boost
|-unboost|p1a: Pete Jones|atk|1
|turn|1
|
|t:|1662605349
|move|p2a: Krookodile|Stealth Rock|p1a: Pete Jones
|-sidestart|p1: Betabux|move: Stealth Rock
|move|p1a: Pete Jones|Stealth Rock|p2a: Krookodile
|-sidestart|p2: HOF69|move: Stealth Rock
|
|upkeep
|turn|2
|
|t:|1662605351
|move|p2a: Krookodile|Knock Off|p1a: Pete Jones
|-damage|p1a: Pete Jones|61/100
|-enditem|p1a: Pete Jones|Leftovers|[from] move: Knock Off|[of] p2a: Krookodile
|move|p1a: Pete Jones|Flip Turn|p2a: Krookodile
|-supereffective|p2a: Krookodile
|-damage|p2a: Krookodile|60/100
|j| KMTQ2
|inactive|Battle timer is ON: inactive players will automatically lose when time's up. (requested by Betabux)
|
|t:|1662605361
|switch|p1a: Me|Rillaboom, F|100/100|[from]move: Flip Turn
|-damage|p1a: Me|88/100|[from] Stealth Rock
|-fieldstart|move: Grassy Terrain|[from] ability: Grassy Surge|[of] p1a: Me
|
|-heal|p2a: Krookodile|66/100|[from] Grassy Terrain
|-heal|p1a: Me|94/100|[from] Grassy Terrain
|upkeep
|turn|3
|
|t:|1662605365
|move|p1a: Me|Grassy Glide|p2a: Krookodile
|-supereffective|p2a: Krookodile
|-crit|p2a: Krookodile
|-damage|p2a: Krookodile|0 fnt
|faint|p2a: Krookodile
|
|-heal|p1a: Me|100/100|[from] Grassy Terrain
|upkeep
|
|t:|1662605377
|switch|p2a: Gengar|Gengar, M, shiny|100/100
|-damage|p2a: Gengar|88/100|[from] Stealth Rock
|turn|4
|
|t:|1662605380
|move|p1a: Me|Grassy Glide|p2a: Gengar
|-resisted|p2a: Gengar
|-damage|p2a: Gengar|7/100
|-start|p1a: Me|Disable|Grassy Glide|[from] ability: Cursed Body|[of] p2a: Gengar
|move|p2a: Gengar|Shadow Ball|p1a: Me
|-damage|p1a: Me|42/100
|
|-heal|p2a: Gengar|13/100|[from] Grassy Terrain
|-heal|p1a: Me|49/100|[from] Grassy Terrain
|upkeep
|turn|5
|j| trumps convoy
|
|t:|1662605387
|switch|p1a: Pete Jones|Swampert, M|61/100
|-damage|p1a: Pete Jones|55/100|[from] Stealth Rock
|move|p2a: Gengar|Shadow Ball|p1a: Pete Jones
|-damage|p1a: Pete Jones|26/100
|
|-heal|p2a: Gengar|19/100|[from] Grassy Terrain
|-heal|p1a: Pete Jones|33/100|[from] Grassy Terrain
|upkeep
|turn|6
|l| trumps convoy
|
|t:|1662605393
|move|p2a: Gengar|Shadow Ball|p1a: Pete Jones
|-damage|p1a: Pete Jones|5/100
|-unboost|p1a: Pete Jones|spd|1
|move|p1a: Pete Jones|Flip Turn|p2a: Gengar
|-damage|p2a: Gengar|0 fnt
|-start|p1a: Pete Jones|Disable|Flip Turn|[from] ability: Cursed Body|[of] p2a: Gengar
|faint|p2a: Gengar
|
|t:|1662605400
|switch|p1a: Me3|Kartana|100/100|[from]move: Flip Turn
|-damage|p1a: Me3|94/100|[from] Stealth Rock
|
|-heal|p1a: Me3|100/100|[from] Grassy Terrain
|-fieldend|move: Grassy Terrain
|upkeep
|j| trumps convoy
|
|t:|1662605407
|switch|p2a: Kartana|Kartana|100/100
|-damage|p2a: Kartana|94/100|[from] Stealth Rock
|turn|7
|l| trumps convoy
|
|t:|1662605413
|switch|p1a: Edgar|Zapdos|100/100
|move|p2a: Kartana|Swords Dance|p2a: Kartana
|-boost|p2a: Kartana|atk|2
|
|upkeep
|turn|8
|
|t:|1662605416
|move|p2a: Kartana|Knock Off|p1a: Edgar
|-damage|p1a: Edgar|30/100
|-enditem|p1a: Edgar|Heavy-Duty Boots|[from] move: Knock Off|[of] p2a: Kartana
|move|p1a: Edgar|Hurricane|p2a: Kartana|[miss]
|-miss|p1a: Edgar|p2a: Kartana
|
|upkeep
|turn|9
|
|t:|1662605422
|move|p2a: Kartana|Leaf Blade|p1a: Edgar
|-resisted|p1a: Edgar
|-damage|p1a: Edgar|0 fnt
|faint|p1a: Edgar
|-ability|p2a: Kartana|Beast Boost|boost
|-boost|p2a: Kartana|atk|1
|
|upkeep
|
|t:|1662605428
|switch|p1a: Me|Rillaboom, F|49/100
|-damage|p1a: Me|36/100|[from] Stealth Rock
|-fieldstart|move: Grassy Terrain|[from] ability: Grassy Surge|[of] p1a: Me
|turn|10
|
|t:|1662605430
|switch|p1a: Pete Jones|Swampert, M|5/100
|-damage|p1a: Pete Jones|0 fnt|[from] Stealth Rock
|faint|p1a: Pete Jones
|move|p2a: Kartana|Knock Off|p1: Pete Jones|[notarget]
|-fail|p2a: Kartana
|
|-heal|p2a: Kartana|100/100|[from] Grassy Terrain
|upkeep
|
|t:|1662605432
|switch|p1a: Not me|Hawlucha, M|100/100
|-damage|p1a: Not me|88/100|[from] Stealth Rock
|-enditem|p1a: Not me|Grassy Seed
|-boost|p1a: Not me|def|1|[from] item: Grassy Seed
|turn|11
|
|t:|1662605441
|move|p1a: Not me|Close Combat|p2a: Kartana
|-supereffective|p2a: Kartana
|-damage|p2a: Kartana|0 fnt
|-unboost|p1a: Not me|def|1
|-unboost|p1a: Not me|spd|1
|faint|p2a: Kartana
|
|upkeep
|
|t:|1662605444
|switch|p2a: Tapu Lele|Tapu Lele|100/100
|-damage|p2a: Tapu Lele|88/100|[from] Stealth Rock
|-fieldstart|move: Psychic Terrain|[from] ability: Psychic Surge|[of] p2a: Tapu Lele
|turn|12
|
|t:|1662605448
|move|p1a: Not me|Acrobatics|p2a: Tapu Lele
|-damage|p2a: Tapu Lele|18/100
|move|p2a: Tapu Lele|Moonblast|p1a: Not me
|-supereffective|p1a: Not me
|-damage|p1a: Not me|0 fnt
|faint|p1a: Not me
|
|upkeep
|
|t:|1662605458
|switch|p1a: Me3|Kartana|100/100
|-damage|p1a: Me3|94/100|[from] Stealth Rock
|turn|13
|
|t:|1662605468
|move|p1a: Me3|Leaf Blade|p2a: Tapu Lele
|-damage|p2a: Tapu Lele|0 fnt
|faint|p2a: Tapu Lele
|-ability|p1a: Me3|Beast Boost|boost
|-boost|p1a: Me3|atk|1
|
|upkeep
|
|t:|1662605472
|switch|p2a: Blacephalon|Blacephalon|100/100
|-damage|p2a: Blacephalon|76/100|[from] Stealth Rock
|turn|14
|
|t:|1662605473
|move|p1a: Me3|Leaf Blade|p2a: Blacephalon
|-resisted|p2a: Blacephalon
|-damage|p2a: Blacephalon|0 fnt
|faint|p2a: Blacephalon
|-ability|p1a: Me3|Beast Boost|boost
|-boost|p1a: Me3|atk|1
|
|upkeep
|-message|HOF69 forfeited.
|
|win|Betabux
|raw|Betabux's rating: 1683 &rarr; <strong>1710</strong><br />(+27 for winning)
|raw|HOF69's rating: 1804 &rarr; <strong>1777</strong><br />(-27 for losing)
|l|☆HOF69
|l| KMTQ2
||Ladder isn't responding, score probably updated but might not have (Request timeout).
