|j|☆knexhawk2
|j|☆IIIodyne
|inactive|Battle timer is ON: inactive players will automatically lose when time's up.
|t:|1667270355
|gametype|singles
|player|p1|knexhawk2|benga|
|player|p2|IIIodyne|265|
|teamsize|p1|6
|teamsize|p2|6
|gen|8
|tier|[Gen 8] OU
|rated|Tournament battle
|rule|Sleep Clause Mod: Limit one foe put to sleep
|rule|Species Clause: Limit one of each Pokémon
|rule|OHKO Clause: OHKO moves are banned
|rule|Evasion Items Clause: Evasion items are banned
|rule|Evasion Moves Clause: Evasion moves are banned
|rule|Endless Battle Clause: Forcing endless battles is banned
|rule|HP Percentage Mod: HP is shown in percentages
|rule|Dynamax Clause: You cannot dynamax
|clearpoke
|poke|p1|Pumpkaboo-*, F|
|poke|p1|Dragapult, F|
|poke|p1|Marowak-Alola, M|
|poke|p1|Drifblim, M|
|poke|p1|Decidueye, F|
|poke|p1|Mimikyu, M|
|poke|p2|Blacephalon|
|poke|p2|Dragapult, F|
|poke|p2|Pumpkaboo-*, F|
|poke|p2|Mimikyu, F|
|poke|p2|Gengar, F|
|poke|p2|Aegislash, M|
|teampreview
|inactive|IIIodyne also wants the timer to be on.
|c|☆IIIodyne|hf
|j|@Mimikyu Stardust
|c|☆knexhawk2|u2
|
|t:|1667270364
|start
|switch|p1a: shit bag|Pumpkaboo, F|100/100
|switch|p2a: Pumpkaboo|Pumpkaboo, F|100/100
|-item|p1a: shit bag|Focus Sash|[from] ability: Frisk|[of] p2a: Pumpkaboo|[identify]
|-item|p2a: Pumpkaboo|Choice Band|[from] ability: Frisk|[of] p1a: shit bag|[identify]
|turn|1
|j|%htcl
|j| cypherstest
|
|t:|1667270389
|move|p2a: Pumpkaboo|Shadow Sneak|p1a: shit bag
|-supereffective|p1a: shit bag
|-damage|p1a: shit bag|57/100
|move|p1a: shit bag|Trick Room|p1a: shit bag
|-fieldstart|move: Trick Room|[of] p1a: shit bag
|
|upkeep
|turn|2
|j| cobra10091
|
|t:|1667270401
|move|p2a: Pumpkaboo|Shadow Sneak|p1a: shit bag
|-supereffective|p1a: shit bag
|-damage|p1a: shit bag|12/100
|move|p1a: shit bag|Destiny Bond|p1a: shit bag
|-singlemove|p1a: shit bag|Destiny Bond
|
|upkeep
|turn|3
|
|t:|1667270406
|move|p2a: Pumpkaboo|Shadow Sneak|p1a: shit bag
|-supereffective|p1a: shit bag
|-damage|p1a: shit bag|0 fnt
|faint|p1a: shit bag
|-activate|p1a: shit bag|move: Destiny Bond
|faint|p2a: Pumpkaboo
|
|upkeep
|
|t:|1667270424
|switch|p1a: shit smasher|Marowak-Alola, M|100/100
|switch|p2a: Mimikyu|Mimikyu, F|100/100
|turn|4
|
|t:|1667270435
|move|p1a: shit smasher|Stealth Rock|p2a: Mimikyu
|-sidestart|p2: IIIodyne|move: Stealth Rock
|move|p2a: Mimikyu|Swords Dance|p2a: Mimikyu
|-boost|p2a: Mimikyu|atk|2
|
|upkeep
|turn|5
|
|t:|1667270438
|move|p2a: Mimikyu|Shadow Sneak|p1a: shit smasher
|-supereffective|p1a: shit smasher
|-damage|p1a: shit smasher|16/100
|-damage|p2a: Mimikyu|91/100|[from] item: Life Orb
|move|p1a: shit smasher|Shadow Bone|p2a: Mimikyu
|-activate|p2a: Mimikyu|ability: Disguise
|-damage|p2a: Mimikyu|91/100
|detailschange|p2a: Mimikyu|Mimikyu-Busted, F
|-damage|p2a: Mimikyu|78/100|[from] pokemon: Mimikyu-Busted
|
|-fieldend|move: Trick Room
|upkeep
|turn|6
|
|t:|1667270447
|move|p2a: Mimikyu|Shadow Sneak|p1a: shit smasher
|-supereffective|p1a: shit smasher
|-damage|p1a: shit smasher|0 fnt
|faint|p1a: shit smasher
|-damage|p2a: Mimikyu|68/100|[from] item: Life Orb
|
|upkeep
|
|t:|1667270450
|switch|p1a: shit puppet|Mimikyu, M|100/100
|turn|7
|
|t:|1667270454
|move|p2a: Mimikyu|Shadow Sneak|p1a: shit puppet
|-activate|p1a: shit puppet|ability: Disguise
|-damage|p1a: shit puppet|100/100
|detailschange|p1a: shit puppet|Mimikyu-Busted, M
|-damage|p1a: shit puppet|88/100|[from] pokemon: Mimikyu-Busted
|-damage|p2a: Mimikyu|58/100|[from] item: Life Orb
|move|p1a: shit puppet|Shadow Claw|p2a: Mimikyu
|-supereffective|p2a: Mimikyu
|-damage|p2a: Mimikyu|0 fnt
|faint|p2a: Mimikyu
|-damage|p1a: shit puppet|78/100|[from] item: Life Orb
|
|upkeep
|j|@Sww-Suwa
|inactive|IIIodyne has 120 seconds left.
|
|t:|1667270490
|switch|p2a: Gengar|Gengar, F|100/100
|-damage|p2a: Gengar|88/100|[from] Stealth Rock
|turn|8
|
|t:|1667270494
|move|p1a: shit puppet|Shadow Sneak|p2a: Gengar
|-supereffective|p2a: Gengar
|-damage|p2a: Gengar|10/100
|-damage|p1a: shit puppet|68/100|[from] item: Life Orb
|move|p2a: Gengar|Shadow Ball|p1a: shit puppet
|-supereffective|p1a: shit puppet
|-damage|p1a: shit puppet|0 fnt
|faint|p1a: shit puppet
|
|upkeep
|
|t:|1667270496
|switch|p1a: shit winger|Decidueye, F|100/100
|turn|9
|l|@Sww-Suwa
|
|t:|1667270501
|move|p1a: shit winger|Shadow Sneak|p2a: Gengar
|-supereffective|p2a: Gengar
|-crit|p2a: Gengar
|-damage|p2a: Gengar|0 fnt
|faint|p2a: Gengar
|
|upkeep
|
|t:|1667270508
|switch|p2a: Aegislash|Aegislash, M|100/100
|-damage|p2a: Aegislash|94/100|[from] Stealth Rock
|turn|10
|
|t:|1667270515
|-formechange|p2a: Aegislash|Aegislash-Blade||[from] ability: Stance Change
|move|p2a: Aegislash|Shadow Sneak|p1a: shit winger
|-supereffective|p1a: shit winger
|-enditem|p1a: shit winger|Kasib Berry|[eat]
|-enditem|p1a: shit winger|Kasib Berry|[weaken]
|-damage|p1a: shit winger|67/100
|move|p1a: shit winger|Poltergeist|p2a: Aegislash
|-activate|p2a: Aegislash|move: Poltergeist|Weakness Policy
|-supereffective|p2a: Aegislash
|-damage|p2a: Aegislash|0 fnt
|faint|p2a: Aegislash
|
|upkeep
|c|☆IIIodyne|f
|c|☆knexhawk2|i should of tailwinded lol
|
|t:|1667270538
|switch|p2a: Dragapult|Dragapult, F|100/100
|-damage|p2a: Dragapult|88/100|[from] Stealth Rock
|turn|11
|c|☆knexhawk2|that would of been funny
|
|t:|1667270545
|move|p1a: shit winger|Shadow Sneak|p2a: Dragapult
|-supereffective|p2a: Dragapult
|-damage|p2a: Dragapult|31/100
|move|p2a: Dragapult|Hex|p1a: shit winger
|-supereffective|p1a: shit winger
|-damage|p1a: shit winger|3/100
|
|-heal|p2a: Dragapult|37/100|[from] item: Leftovers
|upkeep
|turn|12
|c|☆IIIodyne|yep
|c|☆IIIodyne|gg
|
|t:|1667270556
|move|p2a: Dragapult|Thunder Wave|p1a: shit winger
|-status|p1a: shit winger|par
|move|p1a: shit winger|Tailwind|p1a: shit winger
|-sidestart|p1: knexhawk2|move: Tailwind
|
|-heal|p2a: Dragapult|43/100|[from] item: Leftovers
|upkeep
|turn|13
|
|t:|1667270560
|cant|p1a: shit winger|par
|move|p2a: Dragapult|Disable|p1a: shit winger
|-start|p1a: shit winger|Disable|Tailwind
|
|-heal|p2a: Dragapult|49/100|[from] item: Leftovers
|upkeep
|turn|14
|
|t:|1667270563
|move|p1a: shit winger|Shadow Sneak|p2a: Dragapult
|-supereffective|p2a: Dragapult
|-damage|p2a: Dragapult|0 fnt
|faint|p2a: Dragapult
|
|upkeep
|
|t:|1667270564
|switch|p2a: Blacephalon|Blacephalon|100/100
|-damage|p2a: Blacephalon|76/100|[from] Stealth Rock
|turn|15
|c|☆knexhawk2|gg
|
|t:|1667270568
|cant|p1a: shit winger|par
|move|p2a: Blacephalon|Substitute|p2a: Blacephalon
|-start|p2a: Blacephalon|Substitute
|-damage|p2a: Blacephalon|51/100
|
|-sideend|p1: knexhawk2|move: Tailwind
|upkeep
|turn|16
|
|t:|1667270570
|move|p1a: shit winger|Shadow Sneak|p2a: Blacephalon
|-supereffective|p2a: Blacephalon
|-end|p2a: Blacephalon|Substitute
|move|p2a: Blacephalon|Flame Charge|p1a: shit winger
|-supereffective|p1a: shit winger
|-damage|p1a: shit winger|0 fnt
|-boost|p2a: Blacephalon|spe|1
|faint|p1a: shit winger
|-ability|p2a: Blacephalon|Beast Boost|boost
|-boost|p2a: Blacephalon|atk|1
|
|upkeep
|
|t:|1667270578
|switch|p1a: shit inhaler|Drifblim, M|100/100
|turn|17
|
|t:|1667270582
|move|p1a: shit inhaler|Sucker Punch|p2a: Blacephalon
|-supereffective|p2a: Blacephalon
|-damage|p2a: Blacephalon|0 fnt
|faint|p2a: Blacephalon
|
|win|knexhawk2
|n|☆knexhawk2|knexhawk2
|n|☆IIIodyne|iiiodyne
|n| Mimikyu Stardust|mimikyustardust
|n| htcl|htcl
|n| cypherstest|cypherstest
|n| cobra10091|cobra10091
|c|☆IIIodyne|gg shoulda subbed
|c|☆knexhawk2|prob
|c|☆knexhawk2|i had kasib
|c|☆IIIodyne|ic
|l| cypherstest
|c|☆IIIodyne|!showteam
|c| IIIodyne|/raw <div class="infobox"><details><summary>View team</summary>Blacephalon @ Liechi Berry  <br />Ability: Beast Boost  <br />EVs: 252 Atk &#x2f; 4 SpD &#x2f; 252 Spe  <br />Jolly Nature  <br />- Substitute  <br />- Flame Charge  <br />- Shadow Claw  <br />- Explosion  <br /><br />Dragapult @ Leftovers  <br />Ability: Infiltrator  <br />EVs: 252 SpA &#x2f; 252 Spe  <br />Timid Nature  <br />IVs: 0 Atk  <br />- Hex  <br />- Disable  <br />- Substitute  <br />- Thunder Wave  <br /><br />Pumpkaboo @ Choice Band  <br />Ability: Frisk  <br />EVs: 248 HP &#x2f; 252 Atk &#x2f; 4 Def &#x2f; 4 SpD  <br />Adamant Nature  <br />- Poltergeist  <br />- Destiny Bond  <br />- Shadow Sneak  <br />- Toxic  <br /><br />Mimikyu @ Life Orb  <br />Ability: Disguise  <br />EVs: 252 Atk &#x2f; 4 SpD &#x2f; 252 Spe  <br />Jolly Nature  <br />- Swords Dance  <br />- Shadow Sneak  <br />- Shadow Claw  <br />- Play Rough  <br /><br />Gengar @ Focus Sash  <br />Ability: Cursed Body  <br />EVs: 252 SpA &#x2f; 4 SpD &#x2f; 252 Spe  <br />Timid Nature  <br />IVs: 0 Atk  <br />- Nasty Plot  <br />- Substitute  <br />- Shadow Ball  <br />- Hex  <br /><br />Aegislash @ Weakness Policy  <br />Ability: Stance Change  <br />EVs: 252 HP &#x2f; 252 Atk &#x2f; 4 Spe  <br />Adamant Nature  <br />- Swords Dance  <br />- Shadow Sneak  <br />- Iron Head  <br />- Shadow Claw  <br /><br /></details></div>
|c|☆knexhawk2|!showteam
|c| knexhawk2|/raw <div class="infobox"><details><summary>View team</summary>shit bag (Pumpkaboo) @ Focus Sash  <br />Ability: Frisk  <br />EVs: 252 HP &#x2f; 252 Def &#x2f; 4 SpD  <br />Relaxed Nature  <br />IVs: 0 Atk &#x2f; 0 Spe  <br />- Trick Room  <br />- Destiny Bond  <br />- Curse  <br />- Magic Coat  <br /><br />shit licker (Dragapult) @ Choice Scarf  <br />Ability: Infiltrator  <br />EVs: 4 Atk &#x2f; 252 SpA &#x2f; 252 Spe  <br />Hasty Nature  <br />- Shadow Ball  <br />- Dragon Darts  <br />- Sucker Punch  <br />- Curse  <br /><br />shit smasher (Marowak-Alola) @ Thick Club  <br />Ability: Rock Head  <br />EVs: 252 HP &#x2f; 252 Atk &#x2f; 4 Def  <br />Brave Nature  <br />IVs: 0 Spe  <br />- Shadow Bone  <br />- Poltergeist  <br />- Flame Charge  <br />- Stealth Rock  <br /><br />shit inhaler (Drifblim) @ Kasib Berry  <br />Ability: Unburden  <br />EVs: 4 Atk &#x2f; 252 SpA &#x2f; 252 Spe  <br />Mild Nature  <br />- Calm Mind  <br />- Shadow Ball  <br />- Sucker Punch  <br />- Strength Sap  <br /><br />shit winger (Decidueye) @ Kasib Berry  <br />Ability: Long Reach  <br />EVs: 4 HP &#x2f; 252 Atk &#x2f; 252 Spe  <br />Adamant Nature  <br />- Poltergeist  <br />- Shadow Sneak  <br />- Tailwind  <br />- Defog  <br /><br />shit puppet (Mimikyu) @ Life Orb  <br />Ability: Disguise  <br />EVs: 252 Atk &#x2f; 4 SpD &#x2f; 252 Spe  <br />Jolly Nature  <br />- Swords Dance  <br />- Shadow Sneak  <br />- Shadow Claw  <br />- Play Rough  <br /><br /></details></div>
|c|☆knexhawk2|physical was scary
|c|☆knexhawk2|claw might of ohkoed
|c|☆knexhawk2|thats why i suckered
|c|☆IIIodyne|yeah
|c|☆IIIodyne|this set actually goes wild in regular OU
|c|☆IIIodyne|liechi makes it
|c|☆IIIodyne|feel free to use
