|html|<div class="broadcast-blue"><strong>[Gen 8] OU is currently suspecting Melmetal! For information on how to participate check out the <a href="https://www.smogon.com/forums/threads/np-ss-ou-suspect-process-round-12-monster-mash.3709234/">suspect thread</a>.</strong></div>
|j|☆playeraccount
|j|☆terranoumdc
|t:|1665660805
|gametype|singles
|player|p1|playeraccount|101|1344
|player|p2|terranoumdc|dancer|1386
|teamsize|p1|6
|teamsize|p2|6
|gen|8
|tier|[Gen 8] OU
|rated|
|rule|Sleep Clause Mod: Limit one foe put to sleep
|rule|Species Clause: Limit one of each Pokémon
|rule|OHKO Clause: OHKO moves are banned
|rule|Evasion Items Clause: Evasion items are banned
|rule|Evasion Moves Clause: Evasion moves are banned
|rule|Endless Battle Clause: Forcing endless battles is banned
|rule|HP Percentage Mod: HP is shown in percentages
|rule|Dynamax Clause: You cannot dynamax
|clearpoke
|poke|p1|Kartana|
|poke|p1|Nidoqueen, F|
|poke|p1|Slowbro, F|
|poke|p1|Druddigon, M|
|poke|p1|Zapdos|
|poke|p1|Tapu Fini|
|poke|p2|Dragapult, M|
|poke|p2|Slowking-Galar, M|
|poke|p2|Weavile, M|
|poke|p2|Tapu Lele|
|poke|p2|Volcanion|
|poke|p2|Zapdos|
|teampreview
|inactive|Battle timer is ON: inactive players will automatically lose when time's up. (requested by terranoumdc)
|
|t:|1665660816
|start
|switch|p1a: Tapu Fini|Tapu Fini|100/100
|switch|p2a: Weavile|Weavile, M|100/100
|-ability|p2a: Weavile|Pressure
|-fieldstart|move: Misty Terrain|[from] ability: Misty Surge|[of] p1a: Tapu Fini
|turn|1
|
|t:|1665660828
|switch|p2a: Zapdos|Zapdos|100/100
|-ability|p2a: Zapdos|Pressure
|move|p1a: Tapu Fini|Moonblast|p2a: Zapdos
|-damage|p2a: Zapdos|73/100
|
|upkeep
|turn|2
|
|t:|1665660836
|switch|p1a: Nidoqueen|Nidoqueen, F, shiny|100/100
|move|p2a: Zapdos|U-turn|p1a: Nidoqueen
|-resisted|p1a: Nidoqueen
|-damage|p1a: Nidoqueen|93/100
|
|t:|1665660843
|switch|p2a: Weavile|Weavile, M|100/100|[from]move: U-turn
|-ability|p2a: Weavile|Pressure
|
|upkeep
|turn|3
|
|t:|1665660859
|switch|p1a: Druddigon|Druddigon, M|100/100
|move|p2a: Weavile|Triple Axel|p1a: Druddigon|[miss]
|-miss|p2a: Weavile|p1a: Druddigon
|
|upkeep
|turn|4
|
|t:|1665660866
|move|p2a: Weavile|Triple Axel|p1a: Druddigon
|-supereffective|p1a: Druddigon
|-damage|p1a: Druddigon|78/100
|-damage|p2a: Weavile|88/100|[from] ability: Rough Skin|[of] p1a: Druddigon
|-supereffective|p1a: Druddigon
|-damage|p1a: Druddigon|39/100
|-damage|p2a: Weavile|76/100|[from] ability: Rough Skin|[of] p1a: Druddigon
|-supereffective|p1a: Druddigon
|-damage|p1a: Druddigon|0 fnt
|-damage|p2a: Weavile|63/100|[from] ability: Rough Skin|[of] p1a: Druddigon
|faint|p1a: Druddigon
|-hitcount|p1: Druddigon|3
|
|upkeep
|
|t:|1665660870
|switch|p1a: Tapu Fini|Tapu Fini|100/100
|turn|5
|
|t:|1665660883
|switch|p2a: Zapdos|Zapdos|73/100
|-ability|p2a: Zapdos|Pressure
|switch|p1a: Kartana|Kartana|100/100
|
|-fieldend|Misty Terrain
|upkeep
|turn|6
|
|t:|1665660893
|switch|p1a: Zapdos|Zapdos|100/100
|move|p2a: Zapdos|U-turn|p1a: Zapdos
|-resisted|p1a: Zapdos
|-damage|p1a: Zapdos|95/100
|
|t:|1665660908
|switch|p2a: Dragapult|Dragapult, M|100/100|[from]move: U-turn
|
|upkeep
|turn|7
|
|t:|1665660918
|switch|p1a: Tapu Fini|Tapu Fini|100/100
|-fieldstart|move: Misty Terrain|[from] ability: Misty Surge|[of] p1a: Tapu Fini
|move|p2a: Dragapult|U-turn|p1a: Tapu Fini
|-resisted|p1a: Tapu Fini
|-damage|p1a: Tapu Fini|84/100
|
|t:|1665660930
|switch|p2a: Volcanion|Volcanion|100/100|[from]move: U-turn
|
|upkeep
|turn|8
|
|t:|1665660934
|switch|p1a: Zapdos|Zapdos|95/100
|move|p2a: Volcanion|Sludge Wave|p1a: Zapdos
|-damage|p1a: Zapdos|56/100
|
|upkeep
|turn|9
|
|t:|1665660945
|move|p1a: Zapdos|Volt Switch|p2a: Volcanion
|-supereffective|p2a: Volcanion
|-damage|p2a: Volcanion|57/100
|
|t:|1665660949
|switch|p1a: Slowbro|Slowbro, F|100/100|[from]move: Volt Switch
|move|p2a: Volcanion|Steam Eruption|p1a: Slowbro
|-resisted|p1a: Slowbro
|-damage|p1a: Slowbro|70/100
|
|upkeep
|turn|10
|
|t:|1665660962
|switch|p2a: Zapdos|Zapdos|73/100
|-ability|p2a: Zapdos|Pressure
|move|p1a: Slowbro|Teleport|p1a: Slowbro
|
|t:|1665660967
|switch|p1a: Zapdos|Zapdos|56/100|[from]move: Teleport
|
|upkeep
|turn|11
|
|t:|1665660972
|move|p1a: Zapdos|Roost|p1a: Zapdos
|-heal|p1a: Zapdos|100/100
|-singleturn|p1a: Zapdos|move: Roost
|move|p2a: Zapdos|Roost|p2a: Zapdos
|-heal|p2a: Zapdos|100/100
|-singleturn|p2a: Zapdos|move: Roost
|
|-fieldend|Misty Terrain
|upkeep
|turn|12
|
|t:|1665660982
|move|p1a: Zapdos|Volt Switch|p2a: Zapdos
|-damage|p2a: Zapdos|77/100
|
|t:|1665660988
|switch|p1a: Slowbro|Slowbro, F|100/100|[from]move: Volt Switch
|move|p2a: Zapdos|Thunderbolt|p1a: Slowbro
|-supereffective|p1a: Slowbro
|-damage|p1a: Slowbro|27/100
|
|upkeep
|turn|13
|
|t:|1665660996
|switch|p1a: Nidoqueen|Nidoqueen, F, shiny|93/100
|move|p2a: Zapdos|U-turn|p1a: Nidoqueen
|-resisted|p1a: Nidoqueen
|-damage|p1a: Nidoqueen|85/100
|
|t:|1665661005
|switch|p2a: Weavile|Weavile, M|63/100|[from]move: U-turn
|-ability|p2a: Weavile|Pressure
|
|upkeep
|turn|14
|
|t:|1665661015
|switch|p1a: Slowbro|Slowbro, F|60/100
|move|p2a: Weavile|Knock Off|p1a: Slowbro
|-supereffective|p1a: Slowbro
|-damage|p1a: Slowbro|5/100
|-damage|p2a: Weavile|47/100|[from] item: Rocky Helmet|[of] p1a: Slowbro
|-enditem|p1a: Slowbro|Rocky Helmet|[from] move: Knock Off|[of] p2a: Weavile
|
|upkeep
|turn|15
|
|t:|1665661023
|move|p2a: Weavile|Knock Off|p1a: Slowbro
|-supereffective|p1a: Slowbro
|-damage|p1a: Slowbro|0 fnt
|faint|p1a: Slowbro
|
|upkeep
|
|t:|1665661027
|switch|p1a: Tapu Fini|Tapu Fini|84/100
|-fieldstart|move: Misty Terrain|[from] ability: Misty Surge|[of] p1a: Tapu Fini
|turn|16
|
|t:|1665661033
|switch|p2a: Slowking|Slowking-Galar, M|100/100
|switch|p1a: Nidoqueen|Nidoqueen, F, shiny|85/100
|
|upkeep
|turn|17
|
|t:|1665661041
|move|p1a: Nidoqueen|Earth Power|p2a: Slowking
|-supereffective|p2a: Slowking
|-damage|p2a: Slowking|37/100
|move|p2a: Slowking|Future Sight|p1a: Nidoqueen
|-start|p2a: Slowking|move: Future Sight
|
|-heal|p2a: Slowking|43/100|[from] item: Leftovers
|upkeep
|turn|18
|
|t:|1665661049
|switch|p2a: Zapdos|Zapdos|77/100
|-ability|p2a: Zapdos|Pressure
|move|p1a: Nidoqueen|Ice Beam|p2a: Zapdos
|-supereffective|p2a: Zapdos
|-damage|p2a: Zapdos|26/100
|
|upkeep
|turn|19
|
|t:|1665661058
|switch|p1a: Zapdos|Zapdos|100/100
|move|p2a: Zapdos|Roost|p2a: Zapdos
|-heal|p2a: Zapdos|76/100
|-singleturn|p2a: Zapdos|move: Roost
|
|-end|p1a: Zapdos|move: Future Sight
|-damage|p1a: Zapdos|58/100
|upkeep
|turn|20
|
|t:|1665661068
|move|p1a: Zapdos|Roost|p1a: Zapdos
|-heal|p1a: Zapdos|100/100
|-singleturn|p1a: Zapdos|move: Roost
|move|p2a: Zapdos|Thunderbolt|p1a: Zapdos
|-resisted|p1a: Zapdos
|-damage|p1a: Zapdos|79/100
|
|-fieldend|Misty Terrain
|upkeep
|turn|21
|
|t:|1665661080
|move|p1a: Zapdos|Heat Wave|p2a: Zapdos
|-damage|p2a: Zapdos|54/100
|move|p2a: Zapdos|U-turn|p1a: Zapdos
|-resisted|p1a: Zapdos
|-damage|p1a: Zapdos|74/100
|
|t:|1665661088
|switch|p2a: Weavile|Weavile, M|47/100|[from]move: U-turn
|-ability|p2a: Weavile|Pressure
|
|upkeep
|turn|22
|
|t:|1665661094
|move|p2a: Weavile|Triple Axel|p1a: Zapdos
|-supereffective|p1a: Zapdos
|-damage|p1a: Zapdos|56/100
|-supereffective|p1a: Zapdos
|-damage|p1a: Zapdos|24/100
|-status|p2a: Weavile|par|[from] ability: Static|[of] p1a: Zapdos
|-supereffective|p1a: Zapdos
|-damage|p1a: Zapdos|0 fnt
|faint|p1a: Zapdos
|-hitcount|p1: Zapdos|3
|
|upkeep
|
|t:|1665661098
|switch|p1a: Tapu Fini|Tapu Fini|84/100
|-fieldstart|move: Misty Terrain|[from] ability: Misty Surge|[of] p1a: Tapu Fini
|turn|23
|
|t:|1665661115
|switch|p2a: Slowking|Slowking-Galar, M|76/100
|move|p1a: Tapu Fini|Moonblast|p2a: Slowking
|-resisted|p2a: Slowking
|-damage|p2a: Slowking|64/100
|
|-heal|p2a: Slowking|70/100|[from] item: Leftovers
|upkeep
|turn|24
|
|t:|1665661124
|switch|p1a: Kartana|Kartana|100/100
|move|p2a: Slowking|Flamethrower|p1a: Kartana
|-supereffective|p1a: Kartana
|-damage|p1a: Kartana|0 fnt
|faint|p1a: Kartana
|
|-heal|p2a: Slowking|76/100|[from] item: Leftovers
|upkeep
|-message|playeraccount forfeited.
|
|win|terranoumdc
|raw|playeraccount's rating: 1344 &rarr; <strong>1326</strong><br />(-18 for losing)
|raw|terranoumdc's rating: 1386 &rarr; <strong>1404</strong><br />(+18 for winning)
|l|☆playeraccount
|c|☆terranoumdc|Gg
||Ladder isn't responding, score probably updated but might not have (Request timeout).
