|html|<div class="broadcast-blue"><strong>[Gen 8] OU is currently suspecting Melmetal! For information on how to participate check out the <a href="https://www.smogon.com/forums/threads/np-ss-ou-suspect-process-round-12-monster-mash.3709234/">suspect thread</a>.</strong></div>
|j|☆A2MJC
|j|☆toon arctozolt
|t:|1666719695
|gametype|singles
|player|p1|A2MJC|lance|1584
|player|p2|toon arctozolt|harlequin|1676
|teamsize|p1|6
|teamsize|p2|6
|gen|8
|tier|[Gen 8] OU
|rated|
|rule|Sleep Clause Mod: Limit one foe put to sleep
|rule|Species Clause: Limit one of each Pokémon
|rule|OHKO Clause: OHKO moves are banned
|rule|Evasion Items Clause: Evasion items are banned
|rule|Evasion Moves Clause: Evasion moves are banned
|rule|Endless Battle Clause: Forcing endless battles is banned
|rule|HP Percentage Mod: HP is shown in percentages
|rule|Dynamax Clause: You cannot dynamax
|clearpoke
|poke|p1|Regieleki|
|poke|p1|Ferrothorn, F|
|poke|p1|Melmetal|
|poke|p1|Moltres-Galar|
|poke|p1|Kartana|
|poke|p1|Volcarona, F|
|poke|p2|Pelipper, F|
|poke|p2|Corviknight, M|
|poke|p2|Inteleon, F|
|poke|p2|Ferrothorn, F|
|poke|p2|Barraskewda, F|
|poke|p2|Seismitoad, F|
|teampreview
|inactive|Battle timer is ON: inactive players will automatically lose when time's up. (requested by toon arctozolt)
|
|t:|1666719707
|start
|switch|p1a: Ferrothorn|Ferrothorn, F|100/100
|switch|p2a: Pelipper|Pelipper, F|100/100
|-weather|RainDance|[from] ability: Drizzle|[of] p2a: Pelipper
|turn|1
|
|t:|1666719717
|move|p2a: Pelipper|Scald|p1a: Ferrothorn
|-resisted|p1a: Ferrothorn
|-damage|p1a: Ferrothorn|83/100
|move|p1a: Ferrothorn|Stealth Rock|p2a: Pelipper
|-sidestart|p2: toon arctozolt|move: Stealth Rock
|
|-weather|RainDance|[upkeep]
|upkeep
|turn|2
|
|t:|1666719730
|move|p2a: Pelipper|Scald|p1a: Ferrothorn
|-resisted|p1a: Ferrothorn
|-damage|p1a: Ferrothorn|67/100
|move|p1a: Ferrothorn|Leech Seed|p2a: Pelipper
|-start|p2a: Pelipper|move: Leech Seed
|
|-weather|RainDance|[upkeep]
|-damage|p2a: Pelipper|88/100|[from] Leech Seed|[of] p1a: Ferrothorn
|-heal|p1a: Ferrothorn|78/100|[silent]
|upkeep
|turn|3
|
|t:|1666719743
|move|p2a: Pelipper|Scald|p1a: Ferrothorn
|-resisted|p1a: Ferrothorn
|-damage|p1a: Ferrothorn|61/100
|move|p1a: Ferrothorn|Spikes|p2a: Pelipper
|-sidestart|p2: toon arctozolt|Spikes
|
|-weather|RainDance|[upkeep]
|-damage|p2a: Pelipper|76/100|[from] Leech Seed|[of] p1a: Ferrothorn
|-heal|p1a: Ferrothorn|73/100|[silent]
|upkeep
|turn|4
|
|t:|1666719752
|move|p2a: Pelipper|Scald|p1a: Ferrothorn
|-resisted|p1a: Ferrothorn
|-damage|p1a: Ferrothorn|56/100
|move|p1a: Ferrothorn|Gyro Ball|p2a: Pelipper
|-resisted|p2a: Pelipper
|-damage|p2a: Pelipper|62/100
|
|-weather|RainDance|[upkeep]
|-damage|p2a: Pelipper|49/100|[from] Leech Seed|[of] p1a: Ferrothorn
|-heal|p1a: Ferrothorn|68/100|[silent]
|upkeep
|turn|5
|
|t:|1666719767
|move|p2a: Pelipper|Defog|p1a: Ferrothorn
|-unboost|p1a: Ferrothorn|evasion|1
|-sideend|p2: toon arctozolt|Spikes|[from] move: Defog|[of] p2a: Pelipper
|-sideend|p2: toon arctozolt|Stealth Rock|[from] move: Defog|[of] p2a: Pelipper
|move|p1a: Ferrothorn|Spikes|p2a: Pelipper
|-sidestart|p2: toon arctozolt|Spikes
|
|-weather|RainDance|[upkeep]
|-damage|p2a: Pelipper|37/100|[from] Leech Seed|[of] p1a: Ferrothorn
|-heal|p1a: Ferrothorn|79/100|[silent]
|upkeep
|turn|6
|
|t:|1666719781
|move|p2a: Pelipper|Scald|p1a: Ferrothorn
|-resisted|p1a: Ferrothorn
|-damage|p1a: Ferrothorn|61/100
|move|p1a: Ferrothorn|Stealth Rock|p2a: Pelipper
|-sidestart|p2: toon arctozolt|move: Stealth Rock
|
|-weather|RainDance|[upkeep]
|-damage|p2a: Pelipper|25/100|[from] Leech Seed|[of] p1a: Ferrothorn
|-heal|p1a: Ferrothorn|73/100|[silent]
|upkeep
|turn|7
|
|t:|1666719792
|move|p2a: Pelipper|Defog|p1a: Ferrothorn
|-unboost|p1a: Ferrothorn|evasion|1
|-sideend|p2: toon arctozolt|Spikes|[from] move: Defog|[of] p2a: Pelipper
|-sideend|p2: toon arctozolt|Stealth Rock|[from] move: Defog|[of] p2a: Pelipper
|move|p1a: Ferrothorn|Spikes|p2a: Pelipper
|-sidestart|p2: toon arctozolt|Spikes
|
|-weather|RainDance|[upkeep]
|-damage|p2a: Pelipper|12/100|[from] Leech Seed|[of] p1a: Ferrothorn
|-heal|p1a: Ferrothorn|84/100|[silent]
|upkeep
|turn|8
|
|t:|1666719804
|move|p2a: Pelipper|Roost|p2a: Pelipper
|-heal|p2a: Pelipper|62/100
|-singleturn|p2a: Pelipper|move: Roost
|move|p1a: Ferrothorn|Stealth Rock|p2a: Pelipper
|-sidestart|p2: toon arctozolt|move: Stealth Rock
|
|-weather|none
|-damage|p2a: Pelipper|50/100|[from] Leech Seed|[of] p1a: Ferrothorn
|-heal|p1a: Ferrothorn|95/100|[silent]
|upkeep
|turn|9
|
|t:|1666719814
|switch|p1a: Regieleki|Regieleki|100/100
|move|p2a: Pelipper|Defog|p1a: Regieleki
|-unboost|p1a: Regieleki|evasion|1
|-sideend|p2: toon arctozolt|Spikes|[from] move: Defog|[of] p2a: Pelipper
|-sideend|p2: toon arctozolt|Stealth Rock|[from] move: Defog|[of] p2a: Pelipper
|
|-damage|p2a: Pelipper|38/100|[from] Leech Seed|[of] p1a: Regieleki
|upkeep
|turn|10
|
|t:|1666719821
|switch|p2a: Ferrothorn|Ferrothorn, F|100/100
|move|p1a: Regieleki|Light Screen|p1a: Regieleki
|-sidestart|p1: A2MJC|move: Light Screen
|
|upkeep
|turn|11
|
|t:|1666719827
|switch|p1a: Ferrothorn|Ferrothorn, F|95/100
|move|p2a: Ferrothorn|Knock Off|p1a: Ferrothorn
|-damage|p1a: Ferrothorn|82/100
|-damage|p2a: Ferrothorn|88/100|[from] ability: Iron Barbs|[of] p1a: Ferrothorn
|-damage|p2a: Ferrothorn|72/100|[from] item: Rocky Helmet|[of] p1a: Ferrothorn
|-enditem|p1a: Ferrothorn|Rocky Helmet|[from] move: Knock Off|[of] p2a: Ferrothorn
|
|-heal|p2a: Ferrothorn|78/100|[from] item: Leftovers
|upkeep
|turn|12
|
|t:|1666719836
|switch|p2a: Pelipper|Pelipper, F|38/100
|-weather|RainDance|[from] ability: Drizzle|[of] p2a: Pelipper
|move|p1a: Ferrothorn|Stealth Rock|p2a: Pelipper
|-sidestart|p2: toon arctozolt|move: Stealth Rock
|
|-weather|RainDance|[upkeep]
|upkeep
|turn|13
|
|t:|1666719851
|move|p2a: Pelipper|Defog|p1a: Ferrothorn
|-unboost|p1a: Ferrothorn|evasion|1
|-sideend|p1: A2MJC|move: Light Screen
|-sideend|p2: toon arctozolt|Stealth Rock|[from] move: Defog|[of] p2a: Pelipper
|move|p1a: Ferrothorn|Leech Seed|p2a: Pelipper
|-start|p2a: Pelipper|move: Leech Seed
|
|-weather|RainDance|[upkeep]
|-damage|p2a: Pelipper|25/100|[from] Leech Seed|[of] p1a: Ferrothorn
|-heal|p1a: Ferrothorn|94/100|[silent]
|upkeep
|turn|14
|
|t:|1666719866
|move|p2a: Pelipper|Roost|p2a: Pelipper
|-heal|p2a: Pelipper|75/100
|-singleturn|p2a: Pelipper|move: Roost
|move|p1a: Ferrothorn|Gyro Ball|p2a: Pelipper
|-resisted|p2a: Pelipper
|-damage|p2a: Pelipper|61/100
|
|-weather|RainDance|[upkeep]
|-damage|p2a: Pelipper|49/100|[from] Leech Seed|[of] p1a: Ferrothorn
|-heal|p1a: Ferrothorn|100/100|[silent]
|upkeep
|turn|15
|
|t:|1666719871
|move|p2a: Pelipper|Scald|p1a: Ferrothorn
|-resisted|p1a: Ferrothorn
|-damage|p1a: Ferrothorn|83/100
|move|p1a: Ferrothorn|Stealth Rock|p2a: Pelipper
|-sidestart|p2: toon arctozolt|move: Stealth Rock
|
|-weather|RainDance|[upkeep]
|-damage|p2a: Pelipper|37/100|[from] Leech Seed|[of] p1a: Ferrothorn
|-heal|p1a: Ferrothorn|95/100|[silent]
|upkeep
|turn|16
|
|t:|1666719881
|switch|p1a: Regieleki|Regieleki|100/100
|move|p2a: Pelipper|Defog|p1a: Regieleki
|-unboost|p1a: Regieleki|evasion|1
|-sideend|p2: toon arctozolt|Stealth Rock|[from] move: Defog|[of] p2a: Pelipper
|
|-weather|RainDance|[upkeep]
|-damage|p2a: Pelipper|24/100|[from] Leech Seed|[of] p1a: Regieleki
|upkeep
|turn|17
|
|t:|1666719897
|switch|p2a: Barraskewda|Barraskewda, F|100/100
|move|p1a: Regieleki|Reflect|p1a: Regieleki
|-sidestart|p1: A2MJC|Reflect
|
|-weather|RainDance|[upkeep]
|upkeep
|turn|18
|
|t:|1666719910
|move|p2a: Barraskewda|Flip Turn|p1a: Regieleki
|-damage|p1a: Regieleki|39/100
|
|t:|1666719915
|switch|p2a: Seismitoad|Seismitoad, F|100/100|[from]move: Flip Turn
|move|p1a: Regieleki|Volt Switch|p2a: Seismitoad
|-immune|p2a: Seismitoad
|
|-weather|RainDance|[upkeep]
|upkeep
|turn|19
|
|t:|1666719922
|move|p1a: Regieleki|Light Screen|p1a: Regieleki
|-sidestart|p1: A2MJC|move: Light Screen
|move|p2a: Seismitoad|Weather Ball|p1a: Regieleki
|-damage|p1a: Regieleki|0 fnt
|faint|p1a: Regieleki
|-damage|p2a: Seismitoad|91/100|[from] item: Life Orb
|
|-weather|none
|upkeep
|
|t:|1666719928
|switch|p1a: Kartana|Kartana|100/100
|turn|20
|
|t:|1666719934
|switch|p2a: Pelipper|Pelipper, F|24/100
|-weather|RainDance|[from] ability: Drizzle|[of] p2a: Pelipper
|move|p1a: Kartana|Leaf Blade|p2a: Pelipper
|-damage|p2a: Pelipper|0 fnt
|faint|p2a: Pelipper
|-ability|p1a: Kartana|Beast Boost|boost
|-boost|p1a: Kartana|atk|1
|
|-weather|RainDance|[upkeep]
|upkeep
|
|t:|1666719946
|switch|p2a: Ferrothorn|Ferrothorn, F|78/100
|turn|21
|
|t:|1666719964
|switch|p1a: Ferrothorn|Ferrothorn, F|95/100
|move|p2a: Ferrothorn|Stealth Rock|p1a: Ferrothorn
|-sidestart|p1: A2MJC|move: Stealth Rock
|
|-weather|RainDance|[upkeep]
|-heal|p2a: Ferrothorn|84/100|[from] item: Leftovers
|upkeep
|turn|22
|
|t:|1666719975
|switch|p2a: Inteleon|Inteleon, F|100/100
|move|p1a: Ferrothorn|Stealth Rock|p2a: Inteleon
|-sidestart|p2: toon arctozolt|move: Stealth Rock
|
|-weather|RainDance|[upkeep]
|upkeep
|turn|23
|
|t:|1666720002
|move|p2a: Inteleon|Focus Energy|p2a: Inteleon
|-start|p2a: Inteleon|move: Focus Energy
|move|p1a: Ferrothorn|Spikes|p2a: Inteleon
|-sidestart|p2: toon arctozolt|Spikes
|
|-weather|RainDance|[upkeep]
|upkeep
|turn|24
|
|t:|1666720020
|move|p2a: Inteleon|Snipe Shot|p1a: Ferrothorn
|-resisted|p1a: Ferrothorn
|-crit|p1a: Ferrothorn
|-damage|p1a: Ferrothorn|33/100
|move|p1a: Ferrothorn|Spikes|p2a: Inteleon
|-sidestart|p2: toon arctozolt|Spikes
|
|-weather|RainDance|[upkeep]
|-sideend|p1: A2MJC|Reflect
|upkeep
|turn|25
|
|t:|1666720029
|move|p2a: Inteleon|Snipe Shot|p1a: Ferrothorn
|-resisted|p1a: Ferrothorn
|-crit|p1a: Ferrothorn
|-damage|p1a: Ferrothorn|0 fnt
|faint|p1a: Ferrothorn
|
|-weather|RainDance|[upkeep]
|upkeep
|
|t:|1666720048
|switch|p1a: Kartana|Kartana|100/100
|-damage|p1a: Kartana|94/100|[from] Stealth Rock
|turn|26
|
|t:|1666720054
|switch|p2a: Ferrothorn|Ferrothorn, F|84/100
|-damage|p2a: Ferrothorn|78/100|[from] Stealth Rock
|-damage|p2a: Ferrothorn|61/100|[from] Spikes
|move|p1a: Kartana|Leaf Blade|p2a: Ferrothorn
|-resisted|p2a: Ferrothorn
|-damage|p2a: Ferrothorn|49/100
|-damage|p1a: Kartana|82/100|[from] ability: Iron Barbs|[of] p2a: Ferrothorn
|
|-weather|RainDance|[upkeep]
|-heal|p2a: Ferrothorn|55/100|[from] item: Leftovers
|-sideend|p1: A2MJC|move: Light Screen
|upkeep
|turn|27
|
|t:|1666720064
|switch|p1a: Moltres|Moltres-Galar|100/100
|-damage|p1a: Moltres|76/100|[from] Stealth Rock
|switch|p2a: Inteleon|Inteleon, F|100/100
|-damage|p2a: Inteleon|88/100|[from] Stealth Rock
|-damage|p2a: Inteleon|72/100|[from] Spikes
|
|-weather|none
|upkeep
|turn|28
|
|t:|1666720071
|move|p2a: Inteleon|Snipe Shot|p1a: Moltres
|-crit|p1a: Moltres
|-damage|p1a: Moltres|0 fnt
|faint|p1a: Moltres
|
|upkeep
|
|t:|1666720096
|switch|p1a: Kartana|Kartana|82/100
|-damage|p1a: Kartana|76/100|[from] Stealth Rock
|turn|29
|
|t:|1666720104
|move|p1a: Kartana|Knock Off|p2a: Inteleon
|-damage|p2a: Inteleon|0 fnt
|-enditem|p2a: Inteleon|Scope Lens|[from] move: Knock Off|[of] p1a: Kartana
|faint|p2a: Inteleon
|-ability|p1a: Kartana|Beast Boost|boost
|-boost|p1a: Kartana|atk|1
|
|upkeep
|
|t:|1666720117
|switch|p2a: Corviknight|Corviknight, M|100/100
|-damage|p2a: Corviknight|88/100|[from] Stealth Rock
|-ability|p2a: Corviknight|Pressure
|turn|30
|
|t:|1666720124
|move|p1a: Kartana|Knock Off|p2a: Corviknight
|-damage|p2a: Corviknight|49/100
|-damage|p1a: Kartana|59/100|[from] item: Rocky Helmet|[of] p2a: Corviknight
|-enditem|p2a: Corviknight|Rocky Helmet|[from] move: Knock Off|[of] p1a: Kartana
|move|p2a: Corviknight|Brave Bird|p1a: Kartana
|-damage|p1a: Kartana|17/100
|-damage|p2a: Corviknight|40/100|[from] Recoil
|
|upkeep
|turn|31
|
|t:|1666720138
|switch|p1a: Melmetal|Melmetal|100/100
|-damage|p1a: Melmetal|94/100|[from] Stealth Rock
|move|p2a: Corviknight|Roost|p2a: Corviknight
|-heal|p2a: Corviknight|90/100
|-singleturn|p2a: Corviknight|move: Roost
|
|upkeep
|turn|32
|
|t:|1666720144
|move|p2a: Corviknight|U-turn|p1a: Melmetal
|-resisted|p1a: Melmetal
|-damage|p1a: Melmetal|91/100
|
|t:|1666720147
|switch|p2a: Ferrothorn|Ferrothorn, F|55/100|[from]move: U-turn
|-damage|p2a: Ferrothorn|49/100|[from] Stealth Rock
|-damage|p2a: Ferrothorn|32/100|[from] Spikes
|move|p1a: Melmetal|Thunder Punch|p2a: Ferrothorn
|-resisted|p2a: Ferrothorn
|-damage|p2a: Ferrothorn|19/100
|-damage|p1a: Melmetal|78/100|[from] ability: Iron Barbs|[of] p2a: Ferrothorn
|
|-heal|p2a: Ferrothorn|25/100|[from] item: Leftovers
|upkeep
|turn|33
|
|t:|1666720153
|move|p1a: Melmetal|Earthquake|p2a: Ferrothorn
|-damage|p2a: Ferrothorn|0 fnt
|faint|p2a: Ferrothorn
|
|upkeep
|
|t:|1666720158
|switch|p2a: Seismitoad|Seismitoad, F|91/100
|-damage|p2a: Seismitoad|85/100|[from] Stealth Rock
|-damage|p2a: Seismitoad|68/100|[from] Spikes
|turn|34
|
|t:|1666720170
|move|p2a: Seismitoad|Earth Power|p1a: Melmetal
|-supereffective|p1a: Melmetal
|-damage|p1a: Melmetal|4/100
|-damage|p2a: Seismitoad|58/100|[from] item: Life Orb
|move|p1a: Melmetal|Earthquake|p2a: Seismitoad
|-damage|p2a: Seismitoad|8/100
|
|upkeep
|turn|35
|
|t:|1666720179
|-singleturn|p2a: Seismitoad|move: Focus Punch
|move|p1a: Melmetal|Ice Punch|p2a: Seismitoad
|-damage|p2a: Seismitoad|0 fnt
|faint|p2a: Seismitoad
|
|upkeep
|
|t:|1666720181
|switch|p2a: Barraskewda|Barraskewda, F|100/100
|-damage|p2a: Barraskewda|88/100|[from] Stealth Rock
|-damage|p2a: Barraskewda|72/100|[from] Spikes
|turn|36
|
|t:|1666720192
|move|p2a: Barraskewda|Liquidation|p1a: Melmetal
|-damage|p1a: Melmetal|0 fnt
|faint|p1a: Melmetal
|
|upkeep
|
|t:|1666720206
|switch|p1a: Kartana|Kartana|17/100
|-damage|p1a: Kartana|11/100|[from] Stealth Rock
|turn|37
|
|t:|1666720213
|move|p1a: Kartana|Sacred Sword|p2a: Barraskewda
|-damage|p2a: Barraskewda|0 fnt
|faint|p2a: Barraskewda
|-ability|p1a: Kartana|Beast Boost|boost
|-boost|p1a: Kartana|atk|1
|
|upkeep
|
|t:|1666720215
|switch|p2a: Corviknight|Corviknight, M|90/100
|-damage|p2a: Corviknight|77/100|[from] Stealth Rock
|-ability|p2a: Corviknight|Pressure
|turn|38
|
|t:|1666720218
|move|p1a: Kartana|Sacred Sword|p2a: Corviknight
|-damage|p2a: Corviknight|39/100
|move|p2a: Corviknight|Roost|p2a: Corviknight
|-heal|p2a: Corviknight|89/100
|-singleturn|p2a: Corviknight|move: Roost
|
|upkeep
|turn|39
|
|t:|1666720228
|move|p1a: Kartana|Sacred Sword|p2a: Corviknight
|-damage|p2a: Corviknight|51/100
|move|p2a: Corviknight|Roost|p2a: Corviknight
|-heal|p2a: Corviknight|100/100
|-singleturn|p2a: Corviknight|move: Roost
|
|upkeep
|turn|40
|
|t:|1666720240
|move|p1a: Kartana|Sacred Sword|p2a: Corviknight
|-damage|p2a: Corviknight|62/100
|move|p2a: Corviknight|Roost|p2a: Corviknight
|-heal|p2a: Corviknight|100/100
|-singleturn|p2a: Corviknight|move: Roost
|
|upkeep
|turn|41
|
|t:|1666720252
|move|p1a: Kartana|Sacred Sword|p2a: Corviknight
|-damage|p2a: Corviknight|60/100
|move|p2a: Corviknight|Roost|p2a: Corviknight
|-heal|p2a: Corviknight|100/100
|-singleturn|p2a: Corviknight|move: Roost
|
|upkeep
|turn|42
|
|t:|1666720258
|move|p1a: Kartana|Sacred Sword|p2a: Corviknight
|-damage|p2a: Corviknight|58/100
|move|p2a: Corviknight|Roost|p2a: Corviknight
|-heal|p2a: Corviknight|100/100
|-singleturn|p2a: Corviknight|move: Roost
|
|upkeep
|turn|43
|
|t:|1666720261
|move|p1a: Kartana|Sacred Sword|p2a: Corviknight
|-damage|p2a: Corviknight|61/100
|move|p2a: Corviknight|Roost|p2a: Corviknight
|-heal|p2a: Corviknight|100/100
|-singleturn|p2a: Corviknight|move: Roost
|
|upkeep
|turn|44
|
|t:|1666720266
|move|p1a: Kartana|Sacred Sword|p2a: Corviknight
|-damage|p2a: Corviknight|61/100
|move|p2a: Corviknight|Roost|p2a: Corviknight
|-heal|p2a: Corviknight|100/100
|-singleturn|p2a: Corviknight|move: Roost
|
|upkeep
|turn|45
|
|t:|1666720270
|move|p1a: Kartana|Sacred Sword|p2a: Corviknight
|-damage|p2a: Corviknight|63/100
|move|p2a: Corviknight|Roost|p2a: Corviknight
|-heal|p2a: Corviknight|100/100
|-singleturn|p2a: Corviknight|move: Roost
|
|upkeep
|turn|46
|
|t:|1666720272
|move|p1a: Kartana|Sacred Sword|p2a: Corviknight
|-damage|p2a: Corviknight|64/100
|move|p2a: Corviknight|Roost|p2a: Corviknight
|-heal|p2a: Corviknight|100/100
|-singleturn|p2a: Corviknight|move: Roost
|
|upkeep
|turn|47
|
|t:|1666720278
|move|p1a: Kartana|Sacred Sword|p2a: Corviknight
|-damage|p2a: Corviknight|60/100
|move|p2a: Corviknight|Roost|p2a: Corviknight
|-heal|p2a: Corviknight|100/100
|-singleturn|p2a: Corviknight|move: Roost
|
|upkeep
|turn|48
|
|t:|1666720282
|move|p1a: Kartana|Sacred Sword|p2a: Corviknight
|-damage|p2a: Corviknight|63/100
|move|p2a: Corviknight|Roost|p2a: Corviknight
|-heal|p2a: Corviknight|100/100
|-singleturn|p2a: Corviknight|move: Roost
|
|upkeep
|turn|49
|
|t:|1666720286
|move|p1a: Kartana|Sacred Sword|p2a: Corviknight
|-damage|p2a: Corviknight|62/100
|move|p2a: Corviknight|Roost|p2a: Corviknight
|-heal|p2a: Corviknight|100/100
|-singleturn|p2a: Corviknight|move: Roost
|
|upkeep
|turn|50
|
|t:|1666720302
|-activate|p1a: Kartana|move: Struggle
|move|p1a: Kartana|Struggle|p2a: Corviknight
|-damage|p2a: Corviknight|78/100
|-damage|p1a: Kartana|0 fnt|[from] recoil
|faint|p1a: Kartana
|move|p2a: Corviknight|Roost|p2a: Corviknight
|-heal|p2a: Corviknight|100/100
|-singleturn|p2a: Corviknight|move: Roost
|
|upkeep
|
|t:|1666720305
|switch|p1a: Volcarona|Volcarona, F|100/100
|turn|51
|
|t:|1666720311
|move|p1a: Volcarona|Fiery Dance|p2a: Corviknight
|-supereffective|p2a: Corviknight
|-damage|p2a: Corviknight|17/100
|-boost|p1a: Volcarona|spa|1
|move|p2a: Corviknight|Brave Bird|p1a: Volcarona
|-supereffective|p1a: Volcarona
|-damage|p1a: Volcarona|0 fnt
|-status|p2a: Corviknight|brn|[from] ability: Flame Body|[of] p1a: Volcarona
|faint|p1a: Volcarona
|-damage|p2a: Corviknight|0 fnt|[from] Recoil
|faint|p2a: Corviknight
|
|win|toon arctozolt
|raw|A2MJC's rating: 1584 &rarr; <strong>1569</strong><br />(-15 for losing)
|raw|toon arctozolt's rating: 1676 &rarr; <strong>1691</strong><br />(+15 for winning)
|l|☆A2MJC
||Ladder isn't responding, score probably updated but might not have (Request timeout).
