|j|☆Chinchou01
|j|☆brettfavreinnocent
|t:|1664085481
|gametype|singles
|player|p1|Chinchou01|dahlia|1583
|player|p2|brettfavreinnocent|pokemaniac|1580
|teamsize|p1|6
|teamsize|p2|6
|gen|8
|tier|[Gen 8] OU
|rated|
|rule|Sleep Clause Mod: Limit one foe put to sleep
|rule|Species Clause: Limit one of each Pokémon
|rule|OHKO Clause: OHKO moves are banned
|rule|Evasion Items Clause: Evasion items are banned
|rule|Evasion Moves Clause: Evasion moves are banned
|rule|Endless Battle Clause: Forcing endless battles is banned
|rule|HP Percentage Mod: HP is shown in percentages
|rule|Dynamax Clause: You cannot dynamax
|clearpoke
|poke|p1|Tapu Lele|
|poke|p1|Tornadus-Therian, M|
|poke|p1|Hippowdon, F|
|poke|p1|Toxapex, M|
|poke|p1|Heatran, M|
|poke|p1|Buzzwole|
|poke|p2|Zapdos|
|poke|p2|Pelipper, M|
|poke|p2|Ferrothorn, M|
|poke|p2|Barraskewda, F|
|poke|p2|Urshifu-*, F|
|poke|p2|Seismitoad, M|
|teampreview
|inactive|Battle timer is ON: inactive players will automatically lose when time's up. (requested by brettfavreinnocent)
|
|t:|1664085488
|start
|switch|p1a: Tapu Lele|Tapu Lele|100/100
|switch|p2a: Ferrothorn|Ferrothorn, M|100/100
|-fieldstart|move: Psychic Terrain|[from] ability: Psychic Surge|[of] p1a: Tapu Lele
|turn|1
|
|t:|1664085491
|move|p1a: Tapu Lele|Focus Blast|p2a: Ferrothorn
|-supereffective|p2a: Ferrothorn
|-damage|p2a: Ferrothorn|6/100
|move|p2a: Ferrothorn|Gyro Ball|p1a: Tapu Lele
|-supereffective|p1a: Tapu Lele
|-damage|p1a: Tapu Lele|0 fnt
|faint|p1a: Tapu Lele
|
|-heal|p2a: Ferrothorn|12/100|[from] item: Leftovers
|upkeep
|
|t:|1664085498
|switch|p1a: Tornadus|Tornadus-Therian, M|100/100
|turn|2
|
|t:|1664085502
|switch|p2a: Zapdos|Zapdos|100/100
|move|p1a: Tornadus|Knock Off|p2a: Zapdos
|-damage|p2a: Zapdos|78/100
|-enditem|p2a: Zapdos|Heavy-Duty Boots|[from] move: Knock Off|[of] p1a: Tornadus
|
|upkeep
|turn|3
|
|t:|1664085514
|switch|p1a: Hippowdon|Hippowdon, F|100/100
|-weather|Sandstorm|[from] ability: Sand Stream|[of] p1a: Hippowdon
|move|p2a: Zapdos|Hurricane|p1a: Hippowdon|[miss]
|-miss|p2a: Zapdos|p1a: Hippowdon
|
|-weather|Sandstorm|[upkeep]
|-damage|p2a: Zapdos|72/100|[from] Sandstorm
|upkeep
|turn|4
|
|t:|1664085521
|switch|p2a: Pelipper|Pelipper, M|100/100
|-weather|RainDance|[from] ability: Drizzle|[of] p2a: Pelipper
|move|p1a: Hippowdon|Toxic|p2a: Pelipper|[miss]
|-miss|p1a: Hippowdon|p2a: Pelipper
|
|-weather|RainDance|[upkeep]
|upkeep
|turn|5
|
|t:|1664085534
|switch|p1a: Toxapex|Toxapex, M|100/100
|move|p2a: Pelipper|Scald|p1a: Toxapex
|-resisted|p1a: Toxapex
|-damage|p1a: Toxapex|86/100
|
|-weather|RainDance|[upkeep]
|-fieldend|move: Psychic Terrain
|upkeep
|turn|6
|
|t:|1664085540
|move|p2a: Pelipper|Scald|p1a: Toxapex
|-resisted|p1a: Toxapex
|-damage|p1a: Toxapex|72/100
|move|p1a: Toxapex|Knock Off|p2a: Pelipper
|-damage|p2a: Pelipper|89/100
|-enditem|p2a: Pelipper|Damp Rock|[from] move: Knock Off|[of] p1a: Toxapex
|
|-weather|RainDance|[upkeep]
|upkeep
|turn|7
|
|t:|1664085546
|switch|p1a: Tornadus|Tornadus-Therian, M|100/100
|move|p2a: Pelipper|Scald|p1a: Tornadus
|-damage|p1a: Tornadus|62/100
|
|-weather|RainDance|[upkeep]
|upkeep
|turn|8
|
|t:|1664085553
|move|p1a: Tornadus|Hurricane|p2a: Pelipper
|-damage|p2a: Pelipper|34/100
|-start|p2a: Pelipper|confusion
|-activate|p2a: Pelipper|confusion
|-damage|p2a: Pelipper|29/100|[from] confusion
|
|-weather|RainDance|[upkeep]
|upkeep
|turn|9
|
|t:|1664085569
|switch|p2a: Zapdos|Zapdos|72/100
|move|p1a: Tornadus|U-turn|p2a: Zapdos
|-resisted|p2a: Zapdos
|-damage|p2a: Zapdos|64/100
|-status|p1a: Tornadus|par|[from] ability: Static|[of] p2a: Zapdos
|
|t:|1664085571
|switch|p1a: Hippowdon|Hippowdon, F|100/100|[from]move: U-turn
|-weather|Sandstorm|[from] ability: Sand Stream|[of] p1a: Hippowdon
|
|-weather|Sandstorm|[upkeep]
|-damage|p2a: Zapdos|58/100|[from] Sandstorm
|upkeep
|turn|10
|
|t:|1664085575
|move|p2a: Zapdos|Hurricane|p1a: Hippowdon|[miss]
|-miss|p2a: Zapdos|p1a: Hippowdon
|move|p1a: Hippowdon|Toxic|p2a: Zapdos
|-status|p2a: Zapdos|tox
|
|-weather|Sandstorm|[upkeep]
|-damage|p2a: Zapdos|51/100 tox|[from] Sandstorm
|-damage|p2a: Zapdos|45/100 tox|[from] psn
|upkeep
|turn|11
|
|t:|1664085578
|switch|p2a: Pelipper|Pelipper, M|29/100
|-weather|RainDance|[from] ability: Drizzle|[of] p2a: Pelipper
|move|p1a: Hippowdon|Stealth Rock|p2a: Pelipper
|-sidestart|p2: brettfavreinnocent|move: Stealth Rock
|
|-weather|RainDance|[upkeep]
|upkeep
|turn|12
|
|t:|1664085581
|switch|p1a: Tornadus|Tornadus-Therian, M|95/100 par
|move|p2a: Pelipper|Defog|p1a: Tornadus
|-unboost|p1a: Tornadus|evasion|1
|-sideend|p2: brettfavreinnocent|Stealth Rock|[from] move: Defog|[of] p2a: Pelipper
|
|-weather|RainDance|[upkeep]
|upkeep
|turn|13
|
|t:|1664085592
|cant|p1a: Tornadus|par
|move|p2a: Pelipper|Roost|p2a: Pelipper
|-heal|p2a: Pelipper|79/100
|-singleturn|p2a: Pelipper|move: Roost
|
|-weather|RainDance|[upkeep]
|upkeep
|turn|14
|
|t:|1664085607
|switch|p2a: Zapdos|Zapdos|45/100 tox
|cant|p1a: Tornadus|par
|
|-weather|RainDance|[upkeep]
|-damage|p2a: Zapdos|39/100 tox|[from] psn
|upkeep
|turn|15
|
|t:|1664085612
|switch|p1a: Hippowdon|Hippowdon, F|100/100
|-weather|Sandstorm|[from] ability: Sand Stream|[of] p1a: Hippowdon
|move|p2a: Zapdos|Hurricane|p1a: Hippowdon
|-damage|p1a: Hippowdon|58/100
|-start|p1a: Hippowdon|confusion
|
|-weather|Sandstorm|[upkeep]
|-damage|p2a: Zapdos|33/100 tox|[from] Sandstorm
|-heal|p1a: Hippowdon|64/100|[from] item: Leftovers
|-damage|p2a: Zapdos|20/100 tox|[from] psn
|upkeep
|turn|16
|
|t:|1664085620
|move|p2a: Zapdos|Roost|p2a: Zapdos
|-heal|p2a: Zapdos|70/100 tox
|-singleturn|p2a: Zapdos|move: Roost
|-activate|p1a: Hippowdon|confusion
|move|p1a: Hippowdon|Stealth Rock|p2a: Zapdos
|-sidestart|p2: brettfavreinnocent|move: Stealth Rock
|
|-weather|Sandstorm|[upkeep]
|-damage|p2a: Zapdos|64/100 tox|[from] Sandstorm
|-heal|p1a: Hippowdon|70/100|[from] item: Leftovers
|-damage|p2a: Zapdos|45/100 tox|[from] psn
|upkeep
|turn|17
|
|t:|1664085636
|switch|p2a: Pelipper|Pelipper, M|79/100
|-damage|p2a: Pelipper|55/100|[from] Stealth Rock
|-weather|RainDance|[from] ability: Drizzle|[of] p2a: Pelipper
|-activate|p1a: Hippowdon|confusion
|move|p1a: Hippowdon|Toxic|p2a: Pelipper
|-status|p2a: Pelipper|tox
|
|-weather|RainDance|[upkeep]
|-heal|p1a: Hippowdon|76/100|[from] item: Leftovers
|-damage|p2a: Pelipper|48/100 tox|[from] psn
|upkeep
|turn|18
|
|t:|1664085641
|switch|p1a: Tornadus|Tornadus-Therian, M|100/100 par
|move|p2a: Pelipper|Defog|p1a: Tornadus
|-unboost|p1a: Tornadus|evasion|1
|-sideend|p2: brettfavreinnocent|Stealth Rock|[from] move: Defog|[of] p2a: Pelipper
|
|-weather|RainDance|[upkeep]
|-damage|p2a: Pelipper|36/100 tox|[from] psn
|upkeep
|turn|19
|
|t:|1664085646
|switch|p2a: Zapdos|Zapdos|45/100 tox
|move|p1a: Tornadus|Hurricane|p2a: Zapdos
|-resisted|p2a: Zapdos
|-damage|p2a: Zapdos|20/100 tox
|
|-weather|RainDance|[upkeep]
|-damage|p2a: Zapdos|14/100 tox|[from] psn
|upkeep
|turn|20
|
|t:|1664085656
|switch|p2a: Urshifu|Urshifu-Rapid-Strike, F|100/100
|switch|p1a: Hippowdon|Hippowdon, F|76/100
|-weather|Sandstorm|[from] ability: Sand Stream|[of] p1a: Hippowdon
|
|-weather|Sandstorm|[upkeep]
|-damage|p2a: Urshifu|94/100|[from] Sandstorm
|-heal|p1a: Hippowdon|82/100|[from] item: Leftovers
|upkeep
|turn|21
|
|t:|1664085662
|switch|p1a: Buzzwole|Buzzwole|100/100
|move|p2a: Urshifu|Thunder Punch|p1a: Buzzwole
|-damage|p1a: Buzzwole|81/100
|-damage|p2a: Urshifu|78/100|[from] item: Rocky Helmet|[of] p1a: Buzzwole
|
|-weather|Sandstorm|[upkeep]
|-damage|p2a: Urshifu|72/100|[from] Sandstorm
|-damage|p1a: Buzzwole|75/100|[from] Sandstorm
|upkeep
|turn|22
|
|t:|1664085670
|switch|p2a: Ferrothorn|Ferrothorn, M|12/100
|move|p1a: Buzzwole|Ice Punch|p2a: Ferrothorn
|-damage|p2a: Ferrothorn|0 fnt
|-damage|p1a: Buzzwole|63/100|[from] ability: Iron Barbs|[of] p2a: Ferrothorn
|faint|p2a: Ferrothorn
|-ability|p1a: Buzzwole|Beast Boost|boost
|-boost|p1a: Buzzwole|def|1
|
|-weather|Sandstorm|[upkeep]
|-damage|p1a: Buzzwole|56/100|[from] Sandstorm
|upkeep
|
|t:|1664085674
|switch|p2a: Zapdos|Zapdos|14/100 tox
|turn|23
|
|t:|1664085683
|switch|p1a: Heatran|Heatran, M|100/100
|move|p2a: Zapdos|Roost|p2a: Zapdos
|-heal|p2a: Zapdos|64/100 tox
|-singleturn|p2a: Zapdos|move: Roost
|
|-weather|Sandstorm|[upkeep]
|-damage|p2a: Zapdos|58/100 tox|[from] Sandstorm
|-damage|p2a: Zapdos|52/100 tox|[from] psn
|upkeep
|turn|24
|
|t:|1664085691
|switch|p2a: Urshifu|Urshifu-Rapid-Strike, F|72/100
|move|p1a: Heatran|Magma Storm|p2a: Urshifu
|-resisted|p2a: Urshifu
|-damage|p2a: Urshifu|37/100
|-activate|p2a: Urshifu|move: Magma Storm|[of] p1a: Heatran
|
|-weather|none
|-damage|p2a: Urshifu|24/100|[from] move: Magma Storm|[partiallytrapped]
|upkeep
|turn|25
|
|t:|1664085703
|switch|p1a: Buzzwole|Buzzwole|56/100
|move|p2a: Urshifu|Surging Strikes|p1a: Buzzwole
|-crit|p1a: Buzzwole
|-damage|p1a: Buzzwole|42/100
|-damage|p2a: Urshifu|8/100|[from] item: Rocky Helmet|[of] p1a: Buzzwole
|-crit|p1a: Buzzwole
|-damage|p1a: Buzzwole|26/100
|-damage|p2a: Urshifu|0 fnt|[from] item: Rocky Helmet|[of] p1a: Buzzwole
|faint|p2a: Urshifu
|-hitcount|p1a: Buzzwole|2
|
|upkeep
|
|t:|1664085707
|switch|p2a: Barraskewda|Barraskewda, F|100/100
|turn|26
|
|t:|1664085712
|switch|p1a: Toxapex|Toxapex, M|100/100
|move|p2a: Barraskewda|Flip Turn|p1a: Toxapex
|-resisted|p1a: Toxapex
|-damage|p1a: Toxapex|87/100
|
|t:|1664085714
|switch|p2a: Pelipper|Pelipper, M|36/100 tox|[from]move: Flip Turn
|-weather|RainDance|[from] ability: Drizzle|[of] p2a: Pelipper
|
|-weather|RainDance|[upkeep]
|-damage|p2a: Pelipper|30/100 tox|[from] psn
|upkeep
|turn|27
|
|t:|1664085722
|switch|p1a: Tornadus|Tornadus-Therian, M|100/100 par
|move|p2a: Pelipper|Roost|p2a: Pelipper
|-heal|p2a: Pelipper|80/100 tox
|-singleturn|p2a: Pelipper|move: Roost
|
|-weather|RainDance|[upkeep]
|-damage|p2a: Pelipper|68/100 tox|[from] psn
|upkeep
|turn|28
|
|t:|1664085734
|switch|p1a: Hippowdon|Hippowdon, F|82/100
|-weather|Sandstorm|[from] ability: Sand Stream|[of] p1a: Hippowdon
|switch|p2a: Zapdos|Zapdos|52/100 tox
|
|-weather|Sandstorm|[upkeep]
|-damage|p2a: Zapdos|45/100 tox|[from] Sandstorm
|-heal|p1a: Hippowdon|89/100|[from] item: Leftovers
|-damage|p2a: Zapdos|39/100 tox|[from] psn
|upkeep
|turn|29
|
|t:|1664085739
|switch|p2a: Pelipper|Pelipper, M|68/100 tox
|-weather|RainDance|[from] ability: Drizzle|[of] p2a: Pelipper
|switch|p1a: Heatran|Heatran, M|100/100
|
|-weather|RainDance|[upkeep]
|-damage|p2a: Pelipper|61/100 tox|[from] psn
|upkeep
|turn|30
|
|t:|1664085747
|switch|p1a: Hippowdon|Hippowdon, F|89/100
|-weather|Sandstorm|[from] ability: Sand Stream|[of] p1a: Hippowdon
|switch|p2a: Barraskewda|Barraskewda, F|100/100
|
|-weather|Sandstorm|[upkeep]
|-damage|p2a: Barraskewda|94/100|[from] Sandstorm
|-heal|p1a: Hippowdon|95/100|[from] item: Leftovers
|upkeep
|turn|31
|
|t:|1664085756
|switch|p1a: Tornadus|Tornadus-Therian, M|100/100 par
|move|p2a: Barraskewda|Flip Turn|p1a: Tornadus
|-damage|p1a: Tornadus|45/100 par
|
|t:|1664085762
|switch|p2a: Zapdos|Zapdos|39/100 tox|[from]move: Flip Turn
|
|-weather|Sandstorm|[upkeep]
|-damage|p2a: Zapdos|33/100 tox|[from] Sandstorm
|-damage|p1a: Tornadus|39/100 par|[from] Sandstorm
|-damage|p2a: Zapdos|27/100 tox|[from] psn
|upkeep
|turn|32
|
|t:|1664085767
|switch|p1a: Heatran|Heatran, M|100/100
|move|p2a: Zapdos|Roost|p2a: Zapdos
|-heal|p2a: Zapdos|77/100 tox
|-singleturn|p2a: Zapdos|move: Roost
|
|-weather|Sandstorm|[upkeep]
|-damage|p2a: Zapdos|71/100 tox|[from] Sandstorm
|-damage|p2a: Zapdos|58/100 tox|[from] psn
|upkeep
|turn|33
|
|t:|1664085774
|switch|p2a: Barraskewda|Barraskewda, F|94/100
|move|p1a: Heatran|Magma Storm|p2a: Barraskewda|[miss]
|-miss|p1a: Heatran|p2a: Barraskewda
|
|-weather|Sandstorm|[upkeep]
|-damage|p2a: Barraskewda|88/100|[from] Sandstorm
|upkeep
|turn|34
|
|t:|1664085783
|move|p1a: Heatran|Protect|p1a: Heatran
|-singleturn|p1a: Heatran|Protect
|move|p2a: Barraskewda|Flip Turn|p1a: Heatran
|-activate|p1a: Heatran|move: Protect
|
|-weather|none
|upkeep
|turn|35
|
|t:|1664085797
|switch|p1a: Toxapex|Toxapex, M|100/100
|move|p2a: Barraskewda|Flip Turn|p1a: Toxapex
|-resisted|p1a: Toxapex
|-damage|p1a: Toxapex|86/100
|
|t:|1664085806
|switch|p2a: Pelipper|Pelipper, M|61/100 tox|[from]move: Flip Turn
|-weather|RainDance|[from] ability: Drizzle|[of] p2a: Pelipper
|
|-weather|RainDance|[upkeep]
|-damage|p2a: Pelipper|55/100 tox|[from] psn
|upkeep
|turn|36
|
|t:|1664085813
|switch|p1a: Tornadus|Tornadus-Therian, M|73/100 par
|move|p2a: Pelipper|Roost|p2a: Pelipper
|-heal|p2a: Pelipper|100/100 tox
|-singleturn|p2a: Pelipper|move: Roost
|
|-weather|RainDance|[upkeep]
|-damage|p2a: Pelipper|88/100 tox|[from] psn
|upkeep
|turn|37
|
|t:|1664085817
|move|p1a: Tornadus|Hurricane|p2a: Pelipper
|-crit|p2a: Pelipper
|-damage|p2a: Pelipper|8/100 tox
|move|p2a: Pelipper|U-turn|p1a: Tornadus
|-resisted|p1a: Tornadus
|-damage|p1a: Tornadus|67/100 par
|
|t:|1664085826
|switch|p2a: Barraskewda|Barraskewda, F|88/100|[from]move: U-turn
|
|-weather|RainDance|[upkeep]
|upkeep
|turn|38
|
|t:|1664085830
|switch|p1a: Toxapex|Toxapex, M|100/100
|move|p2a: Barraskewda|Liquidation|p1a: Toxapex
|-resisted|p1a: Toxapex
|-damage|p1a: Toxapex|66/100
|
|-weather|RainDance|[upkeep]
|upkeep
|turn|39
|
|t:|1664085837
|move|p2a: Barraskewda|Liquidation|p1a: Toxapex
|-resisted|p1a: Toxapex
|-damage|p1a: Toxapex|37/100
|move|p1a: Toxapex|Scald|p2a: Barraskewda
|-resisted|p2a: Barraskewda
|-damage|p2a: Barraskewda|60/100
|
|-weather|none
|upkeep
|turn|40
|
|t:|1664085844
|switch|p2a: Pelipper|Pelipper, M|8/100 tox
|-weather|RainDance|[from] ability: Drizzle|[of] p2a: Pelipper
|move|p1a: Toxapex|Recover|p1a: Toxapex
|-heal|p1a: Toxapex|87/100
|
|-weather|RainDance|[upkeep]
|-damage|p2a: Pelipper|2/100 tox|[from] psn
|upkeep
|turn|41
|
|t:|1664085851
|move|p2a: Pelipper|Roost|p2a: Pelipper
|-heal|p2a: Pelipper|52/100 tox
|-singleturn|p2a: Pelipper|move: Roost
|move|p1a: Toxapex|Scald|p2a: Pelipper
|-resisted|p2a: Pelipper
|-damage|p2a: Pelipper|35/100 tox
|
|-weather|RainDance|[upkeep]
|-damage|p2a: Pelipper|23/100 tox|[from] psn
|upkeep
|turn|42
|
|t:|1664085859
|move|p2a: Pelipper|Roost|p2a: Pelipper
|-heal|p2a: Pelipper|73/100 tox
|-singleturn|p2a: Pelipper|move: Roost
|move|p1a: Toxapex|Scald|p2a: Pelipper
|-resisted|p2a: Pelipper
|-damage|p2a: Pelipper|53/100 tox
|
|-weather|RainDance|[upkeep]
|-damage|p2a: Pelipper|35/100 tox|[from] psn
|upkeep
|turn|43
|
|t:|1664085862
|move|p2a: Pelipper|U-turn|p1a: Toxapex
|-resisted|p1a: Toxapex
|-damage|p1a: Toxapex|84/100
|
|t:|1664085867
|switch|p2a: Zapdos|Zapdos|58/100 tox|[from]move: U-turn
|move|p1a: Toxapex|Scald|p2a: Zapdos
|-damage|p2a: Zapdos|29/100 tox
|
|-weather|RainDance|[upkeep]
|-damage|p2a: Zapdos|23/100 tox|[from] psn
|upkeep
|turn|44
|
|t:|1664085876
|switch|p2a: Pelipper|Pelipper, M|35/100 tox
|switch|p1a: Hippowdon|Hippowdon, F|95/100
|-weather|Sandstorm|[from] ability: Sand Stream|[of] p1a: Hippowdon
|
|-weather|Sandstorm|[upkeep]
|-damage|p2a: Pelipper|29/100 tox|[from] Sandstorm
|-heal|p1a: Hippowdon|100/100|[from] item: Leftovers
|-damage|p2a: Pelipper|22/100 tox|[from] psn
|upkeep
|turn|45
|l|☆brettfavreinnocent
|inactive|brettfavreinnocent disconnected and has a minute to reconnect!
|player|p2|
|j|☆brettfavreinnocent
|inactive|brettfavreinnocent reconnected and has 130 seconds left.
|player|p2|brettfavreinnocent|pokemaniac
|
|t:|1664085903
|move|p2a: Pelipper|Roost|p2a: Pelipper
|-heal|p2a: Pelipper|73/100 tox
|-singleturn|p2a: Pelipper|move: Roost
|move|p1a: Hippowdon|Stealth Rock|p2a: Pelipper
|-sidestart|p2: brettfavreinnocent|move: Stealth Rock
|
|-weather|Sandstorm|[upkeep]
|-damage|p2a: Pelipper|66/100 tox|[from] Sandstorm
|-damage|p2a: Pelipper|54/100 tox|[from] psn
|upkeep
|turn|46
|
|t:|1664085921
|switch|p1a: Tornadus|Tornadus-Therian, M|100/100 par
|move|p2a: Pelipper|Scald|p1a: Tornadus
|-damage|p1a: Tornadus|77/100 par
|
|-weather|Sandstorm|[upkeep]
|-damage|p1a: Tornadus|71/100 par|[from] Sandstorm
|-damage|p2a: Pelipper|48/100 tox|[from] Sandstorm
|-damage|p2a: Pelipper|29/100 tox|[from] psn
|upkeep
|turn|47
|
|t:|1664085930
|switch|p2a: Zapdos|Zapdos|23/100 tox
|-damage|p2a: Zapdos|0 fnt|[from] Stealth Rock
|faint|p2a: Zapdos
|cant|p1a: Tornadus|par
|
|-weather|Sandstorm|[upkeep]
|-damage|p1a: Tornadus|65/100 par|[from] Sandstorm
|upkeep
|
|t:|1664085936
|switch|p2a: Weatherman|Seismitoad, M, shiny|100/100
|-damage|p2a: Weatherman|95/100|[from] Stealth Rock
|turn|48
|
|t:|1664085955
|move|p2a: Weatherman|Earth Power|p1a: Tornadus
|-immune|p1a: Tornadus
|move|p1a: Tornadus|Knock Off|p2a: Weatherman
|-damage|p2a: Weatherman|69/100
|-enditem|p2a: Weatherman|Life Orb|[from] move: Knock Off|[of] p1a: Tornadus
|
|-weather|none
|upkeep
|turn|49
|
|t:|1664085966
|switch|p2a: Pelipper|Pelipper, M|29/100 tox
|-damage|p2a: Pelipper|5/100 tox|[from] Stealth Rock
|-weather|RainDance|[from] ability: Drizzle|[of] p2a: Pelipper
|cant|p1a: Tornadus|par
|
|-weather|RainDance|[upkeep]
|-damage|p2a: Pelipper|0 fnt|[from] psn
|faint|p2a: Pelipper
|upkeep
|
|t:|1664085969
|switch|p2a: Barraskewda|Barraskewda, F|60/100
|-damage|p2a: Barraskewda|48/100|[from] Stealth Rock
|turn|50
|
|t:|1664085974
|switch|p1a: Toxapex|Toxapex, M|100/100
|move|p2a: Barraskewda|Liquidation|p1a: Toxapex
|-resisted|p1a: Toxapex
|-damage|p1a: Toxapex|71/100
|
|-weather|RainDance|[upkeep]
|upkeep
|turn|51
|
|t:|1664085978
|move|p2a: Barraskewda|Liquidation|p1a: Toxapex
|-resisted|p1a: Toxapex
|-damage|p1a: Toxapex|42/100
|move|p1a: Toxapex|Scald|p2a: Barraskewda
|-resisted|p2a: Barraskewda
|-damage|p2a: Barraskewda|23/100
|-status|p2a: Barraskewda|brn
|
|-weather|RainDance|[upkeep]
|-damage|p2a: Barraskewda|16/100 brn|[from] brn
|upkeep
|turn|52
|
|t:|1664085981
|switch|p2a: Weatherman|Seismitoad, M, shiny|69/100
|-damage|p2a: Weatherman|63/100|[from] Stealth Rock
|move|p1a: Toxapex|Recover|p1a: Toxapex
|-heal|p1a: Toxapex|92/100
|
|-weather|RainDance|[upkeep]
|upkeep
|turn|53
|
|t:|1664085986
|move|p2a: Weatherman|Weather Ball|p1a: Toxapex
|-resisted|p1a: Toxapex
|-crit|p1a: Toxapex
|-damage|p1a: Toxapex|53/100
|move|p1a: Toxapex|Scald|p2a: Weatherman
|-damage|p2a: Weatherman|28/100
|-status|p2a: Weatherman|brn
|
|-weather|none
|-damage|p2a: Weatherman|22/100 brn|[from] brn
|upkeep
|turn|54
|-message|brettfavreinnocent forfeited.
|
|win|Chinchou01
|raw|Chinchou01's rating: 1583 &rarr; <strong>1603</strong><br />(+20 for winning)
|raw|brettfavreinnocent's rating: 1580 &rarr; <strong>1560</strong><br />(-20 for losing)
|l|☆brettfavreinnocent
