|j|☆cump3
|j|☆loolllool
|t:|1653685194
|gametype|singles
|player|p1|cump3|gentleman-gen4|1513
|player|p2|loolllool|1|1550
|teamsize|p1|6
|teamsize|p2|6
|gen|8
|tier|[Gen 8] OU
|rated|
|rule|Sleep Clause Mod: Limit one foe put to sleep
|rule|Species Clause: Limit one of each Pokémon
|rule|OHKO Clause: OHKO moves are banned
|rule|Evasion Moves Clause: Evasion moves are banned
|rule|Endless Battle Clause: Forcing endless battles is banned
|rule|HP Percentage Mod: HP is shown in percentages
|rule|Dynamax Clause: You cannot dynamax
|clearpoke
|poke|p1|Ferrothorn, F|
|poke|p1|Tornadus-Therian, M|
|poke|p1|Slowking, M|
|poke|p1|Urshifu-*, F|
|poke|p1|Porygon-Z|
|poke|p1|Landorus-Therian, M|
|poke|p2|Tapu Lele|
|poke|p2|Kartana|
|poke|p2|Heatran, F|
|poke|p2|Tornadus-Therian, M|
|poke|p2|Dragonite, M|
|poke|p2|Toxapex, F|
|teampreview
|
|t:|1653685224
|start
|switch|p1a: Landorus|Landorus-Therian, M|100/100
|switch|p2a: Tornadus|Tornadus-Therian, M|100/100
|-ability|p1a: Landorus|Intimidate|boost
|-unboost|p2a: Tornadus|atk|1
|turn|1
|
|t:|1653685231
|move|p1a: Landorus|Knock Off|p2a: Tornadus
|-damage|p2a: Tornadus|61/100
|-enditem|p2a: Tornadus|Heavy-Duty Boots|[from] move: Knock Off|[of] p1a: Landorus
|move|p2a: Tornadus|Knock Off|p1a: Landorus
|-damage|p1a: Landorus|85/100
|-enditem|p1a: Landorus|Choice Scarf|[from] move: Knock Off|[of] p2a: Tornadus
|
|upkeep
|turn|2
|
|t:|1653685235
|move|p2a: Tornadus|Hurricane|p1a: Landorus
|-damage|p1a: Landorus|33/100
|move|p1a: Landorus|Toxic|p2a: Tornadus
|-status|p2a: Tornadus|tox
|
|-damage|p2a: Tornadus|55/100 tox|[from] psn
|upkeep
|turn|3
|
|t:|1653685242
|move|p2a: Tornadus|U-turn|p1a: Landorus
|-resisted|p1a: Landorus
|-damage|p1a: Landorus|28/100
|
|t:|1653685244
|switch|p2a: Dragonite|Dragonite, M|100/100|[from]move: U-turn
|move|p1a: Landorus|U-turn|p2a: Dragonite
|-resisted|p2a: Dragonite
|-damage|p2a: Dragonite|94/100
|
|t:|1653685251
|switch|p1a: Porygon-Z|Porygon-Z, shiny|100/100|[from]move: U-turn
|-ability|p1a: Porygon-Z|Download|boost
|-boost|p1a: Porygon-Z|spa|1
|
|upkeep
|turn|4
|
|t:|1653685255
|switch|p2a: Heatran|Heatran, F|100/100
|move|p1a: Porygon-Z|Tri Attack|p2a: Heatran
|-resisted|p2a: Heatran
|-damage|p2a: Heatran|69/100
|
|-heal|p2a: Heatran|75/100|[from] item: Leftovers
|upkeep
|turn|5
|
|t:|1653685261
|switch|p1a: Slowking|Slowking, M, shiny|100/100
|move|p2a: Heatran|Stealth Rock|p1a: Slowking
|-sidestart|p1: cump3|move: Stealth Rock
|
|-heal|p2a: Heatran|81/100|[from] item: Leftovers
|upkeep
|turn|6
|
|t:|1653685271
|switch|p2a: Kartana|Kartana|100/100
|move|p1a: Slowking|Teleport|p1a: Slowking
|
|t:|1653685275
|switch|p1a: Tornadus|Tornadus-Therian, M, shiny|100/100|[from]move: Teleport
|
|upkeep
|turn|7
|
|t:|1653685281
|move|p2a: Kartana|Knock Off|p1a: Tornadus
|-crit|p1a: Tornadus
|-damage|p1a: Tornadus|35/100
|-enditem|p1a: Tornadus|Heavy-Duty Boots|[from] move: Knock Off|[of] p2a: Kartana
|move|p1a: Tornadus|Defog|p2a: Kartana
|-unboost|p2a: Kartana|evasion|1
|-sideend|p1: cump3|Stealth Rock|[from] move: Defog|[of] p1a: Tornadus
|
|upkeep
|turn|8
|
|t:|1653685285
|move|p2a: Kartana|Knock Off|p1a: Tornadus
|-damage|p1a: Tornadus|7/100
|move|p1a: Tornadus|U-turn|p2a: Kartana
|-damage|p2a: Kartana|85/100
|
|t:|1653685289
|switch|p1a: Urshifu|Urshifu-Rapid-Strike, F|100/100|[from]move: U-turn
|
|upkeep
|turn|9
|
|t:|1653685293
|switch|p2a: Toxapex|Toxapex, F|100/100
|move|p1a: Urshifu|U-turn|p2a: Toxapex
|-resisted|p2a: Toxapex
|-damage|p2a: Toxapex|87/100
|-damage|p1a: Urshifu|84/100|[from] item: Rocky Helmet|[of] p2a: Toxapex
|
|t:|1653685295
|switch|p1a: Porygon-Z|Porygon-Z, shiny|100/100|[from]move: U-turn
|-ability|p1a: Porygon-Z|Download|boost
|-boost|p1a: Porygon-Z|atk|1
|
|upkeep
|turn|10
|
|t:|1653685300
|move|p1a: Porygon-Z|Thunderbolt|p2a: Toxapex
|-supereffective|p2a: Toxapex
|-damage|p2a: Toxapex|14/100
|move|p2a: Toxapex|Toxic|p1a: Porygon-Z
|-status|p1a: Porygon-Z|tox
|
|-damage|p1a: Porygon-Z|94/100 tox|[from] psn
|upkeep
|turn|11
|
|t:|1653685306
|switch|p2a: Heatran|Heatran, F|81/100
|move|p1a: Porygon-Z|Thunderbolt|p2a: Heatran
|-damage|p2a: Heatran|50/100
|
|-heal|p2a: Heatran|57/100|[from] item: Leftovers
|-damage|p1a: Porygon-Z|82/100 tox|[from] psn
|upkeep
|turn|12
|
|t:|1653685319
|switch|p1a: Slowking|Slowking, M, shiny|100/100
|move|p2a: Heatran|Stealth Rock|p1a: Slowking
|-sidestart|p1: cump3|move: Stealth Rock
|
|-heal|p2a: Heatran|63/100|[from] item: Leftovers
|upkeep
|turn|13
|
|t:|1653685327
|switch|p2a: Kartana|Kartana|85/100
|move|p1a: Slowking|Teleport|p1a: Slowking
|
|t:|1653685330
|switch|p1a: Tornadus|Tornadus-Therian, M, shiny|40/100|[from]move: Teleport
|-damage|p1a: Tornadus|15/100|[from] Stealth Rock
|
|upkeep
|turn|14
|
|t:|1653685336
|switch|p1a: Ferrothorn|Ferrothorn, F|100/100
|-damage|p1a: Ferrothorn|95/100|[from] Stealth Rock
|move|p2a: Kartana|Knock Off|p1a: Ferrothorn
|-damage|p1a: Ferrothorn|70/100
|-damage|p2a: Kartana|72/100|[from] ability: Iron Barbs|[of] p1a: Ferrothorn
|-damage|p2a: Kartana|56/100|[from] item: Rocky Helmet|[of] p1a: Ferrothorn
|-enditem|p1a: Ferrothorn|Rocky Helmet|[from] move: Knock Off|[of] p2a: Kartana
|
|upkeep
|turn|15
|
|t:|1653685342
|switch|p2a: Heatran|Heatran, F|63/100
|move|p1a: Ferrothorn|Leech Seed|p2a: Heatran
|-start|p2a: Heatran|move: Leech Seed
|
|-heal|p2a: Heatran|69/100|[from] item: Leftovers
|-damage|p2a: Heatran|57/100|[from] Leech Seed|[of] p1a: Ferrothorn
|-heal|p1a: Ferrothorn|83/100|[silent]
|upkeep
|turn|16
|
|t:|1653685348
|switch|p2a: Tapu Lele|Tapu Lele|100/100
|-fieldstart|move: Psychic Terrain|[from] ability: Psychic Surge|[of] p2a: Tapu Lele
|switch|p1a: Urshifu|Urshifu-Rapid-Strike, F|84/100
|-damage|p1a: Urshifu|78/100|[from] Stealth Rock
|
|upkeep
|turn|17
|
|t:|1653685353
|switch|p1a: Slowking|Slowking, M, shiny|100/100
|switch|p2a: Toxapex|Toxapex, F|47/100
|
|upkeep
|turn|18
|
|t:|1653685358
|move|p2a: Toxapex|Toxic|p1a: Slowking
|-status|p1a: Slowking|tox
|move|p1a: Slowking|Future Sight|p2a: Toxapex
|-start|p1a: Slowking|move: Future Sight
|
|-damage|p1a: Slowking|94/100 tox|[from] psn
|upkeep
|turn|19
|
|t:|1653685361
|move|p2a: Toxapex|Recover|p2a: Toxapex
|-heal|p2a: Toxapex|97/100
|move|p1a: Slowking|Teleport|p1a: Slowking
|
|t:|1653685366
|switch|p1a: Tornadus|Tornadus-Therian, M, shiny|48/100|[from]move: Teleport
|-damage|p1a: Tornadus|23/100|[from] Stealth Rock
|
|upkeep
|turn|20
|
|t:|1653685375
|move|p1a: Tornadus|Defog|p2a: Toxapex
|-unboost|p2a: Toxapex|evasion|1
|-sideend|p1: cump3|Stealth Rock|[from] move: Defog|[of] p1a: Tornadus
|-fieldend|move: Psychic Terrain
|move|p2a: Toxapex|Toxic|p1a: Tornadus
|-status|p1a: Tornadus|tox
|
|-end|p2a: Toxapex|move: Future Sight
|-supereffective|p2a: Toxapex
|-damage|p2a: Toxapex|43/100
|-damage|p1a: Tornadus|17/100 tox|[from] psn
|upkeep
|turn|21
|
|t:|1653685380
|switch|p1a: Landorus|Landorus-Therian, M|28/100
|-ability|p1a: Landorus|Intimidate|boost
|-unboost|p2a: Toxapex|atk|1
|move|p2a: Toxapex|Recover|p2a: Toxapex
|-heal|p2a: Toxapex|93/100
|
|upkeep
|turn|22
|
|t:|1653685383
|switch|p2a: Tornadus|Tornadus-Therian, M|88/100 tox
|move|p1a: Landorus|Knock Off|p2a: Tornadus
|-damage|p2a: Tornadus|60/100 tox
|
|-damage|p2a: Tornadus|54/100 tox|[from] psn
|upkeep
|turn|23
|
|t:|1653685390
|switch|p1a: Ferrothorn|Ferrothorn, F|83/100
|move|p2a: Tornadus|Hurricane|p1a: Ferrothorn|[miss]
|-miss|p2a: Tornadus|p1a: Ferrothorn
|
|-damage|p2a: Tornadus|42/100 tox|[from] psn
|upkeep
|turn|24
|
|t:|1653685396
|switch|p2a: Heatran|Heatran, F|57/100
|move|p1a: Ferrothorn|Leech Seed|p2a: Heatran
|-start|p2a: Heatran|move: Leech Seed
|
|-heal|p2a: Heatran|63/100|[from] item: Leftovers
|-damage|p2a: Heatran|50/100|[from] Leech Seed|[of] p1a: Ferrothorn
|-heal|p1a: Ferrothorn|97/100|[silent]
|upkeep
|turn|25
|
|t:|1653685402
|move|p2a: Heatran|Stealth Rock|p1a: Ferrothorn
|-sidestart|p1: cump3|move: Stealth Rock
|move|p1a: Ferrothorn|Body Press|p2a: Heatran
|-supereffective|p2a: Heatran
|-damage|p2a: Heatran|0 fnt
|faint|p2a: Heatran
|
|upkeep
|
|t:|1653685433
|switch|p2a: Tapu Lele|Tapu Lele|100/100
|-fieldstart|move: Psychic Terrain|[from] ability: Psychic Surge|[of] p2a: Tapu Lele
|turn|26
|
|t:|1653685437
|switch|p1a: Slowking|Slowking, M, shiny|100/100 tox
|move|p2a: Tapu Lele|Focus Blast|p1a: Slowking|[miss]
|-miss|p2a: Tapu Lele|p1a: Slowking
|
|-damage|p1a: Slowking|94/100 tox|[from] psn
|upkeep
|turn|27
|
|t:|1653685443
|switch|p2a: Kartana|Kartana|56/100
|move|p1a: Slowking|Future Sight|p2a: Kartana
|-start|p1a: Slowking|move: Future Sight
|
|-damage|p1a: Slowking|82/100 tox|[from] psn
|upkeep
|turn|28
|l|☆loolllool
|player|p2|
|inactive|Battle timer is ON: inactive players will automatically lose when time's up. (requested by cump3)
|j|☆loolllool
|inactive|loolllool reconnected and has 140 seconds left.
|player|p2|loolllool|1
|
|t:|1653685498
|move|p2a: Kartana|Leaf Blade|p1a: Slowking
|-supereffective|p1a: Slowking
|-damage|p1a: Slowking|0 fnt
|faint|p1a: Slowking
|-ability|p2a: Kartana|Beast Boost|boost
|-boost|p2a: Kartana|atk|1
|
|upkeep
|
|t:|1653685507
|switch|p1a: Landorus|Landorus-Therian, M|28/100
|-damage|p1a: Landorus|16/100|[from] Stealth Rock
|-ability|p1a: Landorus|Intimidate|boost
|-unboost|p2a: Kartana|atk|1
|turn|29
|l|☆loolllool
|inactive|loolllool disconnected and has a minute to reconnect!
|player|p2|
|j|☆loolllool
|inactive|loolllool reconnected and has 115 seconds left.
|player|p2|loolllool|1
|
|t:|1653685553
|switch|p2a: Tapu Lele|Tapu Lele|100/100
|switch|p1a: Ferrothorn|Ferrothorn, F|97/100
|-damage|p1a: Ferrothorn|91/100|[from] Stealth Rock
|
|-end|p2a: Tapu Lele|move: Future Sight
|-resisted|p2a: Tapu Lele
|-damage|p2a: Tapu Lele|71/100
|upkeep
|turn|30
|
|t:|1653685561
|move|p2a: Tapu Lele|Focus Blast|p1a: Ferrothorn
|-supereffective|p1a: Ferrothorn
|-damage|p1a: Ferrothorn|0 fnt
|faint|p1a: Ferrothorn
|
|-fieldend|move: Psychic Terrain
|upkeep
|
|t:|1653685567
|switch|p1a: Tornadus|Tornadus-Therian, M, shiny|51/100 tox
|-damage|p1a: Tornadus|26/100 tox|[from] Stealth Rock
|turn|31
|
|t:|1653685574
|switch|p2a: Tornadus|Tornadus-Therian, M|75/100 tox
|move|p1a: Tornadus|Defog|p2a: Tornadus
|-unboost|p2a: Tornadus|evasion|1
|-sideend|p1: cump3|Stealth Rock|[from] move: Defog|[of] p1a: Tornadus
|
|-damage|p2a: Tornadus|69/100 tox|[from] psn
|-damage|p1a: Tornadus|20/100 tox|[from] psn
|upkeep
|turn|32
|
|t:|1653685580
|move|p2a: Tornadus|Knock Off|p1a: Tornadus
|-crit|p1a: Tornadus
|-damage|p1a: Tornadus|0 fnt
|faint|p1a: Tornadus
|
|-damage|p2a: Tornadus|57/100 tox|[from] psn
|upkeep
|
|t:|1653685584
|switch|p1a: Porygon-Z|Porygon-Z, shiny|82/100 tox
|-ability|p1a: Porygon-Z|Download|boost
|-boost|p1a: Porygon-Z|atk|1
|turn|33
|-message|cump3 forfeited.
|
|win|loolllool
|raw|cump3's rating: 1513 &rarr; <strong>1495</strong><br />(-18 for losing)
|raw|loolllool's rating: 1550 &rarr; <strong>1568</strong><br />(+18 for winning)
|l|☆cump3
