|j|☆ultimategoogolplex
|j|☆Dadben
|t:|1667631448
|gametype|singles
|player|p1|ultimategoogolplex|2|1583
|player|p2|Dadben|hiker-gen4|1661
|teamsize|p1|6
|teamsize|p2|6
|gen|8
|tier|[Gen 8] OU
|rated|
|rule|Sleep Clause Mod: Limit one foe put to sleep
|rule|Species Clause: Limit one of each Pokémon
|rule|OHKO Clause: OHKO moves are banned
|rule|Evasion Items Clause: Evasion items are banned
|rule|Evasion Moves Clause: Evasion moves are banned
|rule|Endless Battle Clause: Forcing endless battles is banned
|rule|HP Percentage Mod: HP is shown in percentages
|rule|Dynamax Clause: You cannot dynamax
|clearpoke
|poke|p1|Weavile, F|
|poke|p1|Volcanion|
|poke|p1|Zapdos|
|poke|p1|Landorus-Therian, M|
|poke|p1|Kartana|
|poke|p1|Melmetal|
|poke|p2|Tyranitar, F|
|poke|p2|Landorus-Therian, M|
|poke|p2|Excadrill, M|
|poke|p2|Pelipper, M|
|poke|p2|Ferrothorn, F|
|poke|p2|Barraskewda, F|
|teampreview
|inactive|Battle timer is ON: inactive players will automatically lose when time's up. (requested by ultimategoogolplex)
|inactive|Dadben also wants the timer to be on.
|
|t:|1667631456
|start
|switch|p1a: Volcanion|Volcanion|100/100
|switch|p2a: Tyranitar|Tyranitar, F|100/100
|-weather|Sandstorm|[from] ability: Sand Stream|[of] p2a: Tyranitar
|turn|1
|
|t:|1667631465
|move|p1a: Volcanion|Steam Eruption|p2a: Tyranitar
|-supereffective|p2a: Tyranitar
|-damage|p2a: Tyranitar|30/100
|-status|p2a: Tyranitar|brn
|move|p2a: Tyranitar|Stone Edge|p1a: Volcanion
|-supereffective|p1a: Volcanion
|-damage|p1a: Volcanion|61/100
|
|-weather|Sandstorm|[upkeep]
|-damage|p1a: Volcanion|55/100|[from] Sandstorm
|-damage|p2a: Tyranitar|24/100 brn|[from] brn
|upkeep
|turn|2
|
|t:|1667631476
|switch|p1a: Zapdos|Zapdos|100/100
|switch|p2a: Landorus|Landorus-Therian, M|100/100
|-ability|p2a: Landorus|Intimidate|boost
|-unboost|p1a: Zapdos|atk|1
|
|-weather|Sandstorm|[upkeep]
|-damage|p1a: Zapdos|94/100|[from] Sandstorm
|upkeep
|turn|3
|
|t:|1667631488
|switch|p1a: Landorus|Landorus-Therian, M|100/100
|-ability|p1a: Landorus|Intimidate|boost
|-unboost|p2a: Landorus|atk|1
|move|p2a: Landorus|Knock Off|p1a: Landorus
|-damage|p1a: Landorus|84/100
|-enditem|p1a: Landorus|Leftovers|[from] move: Knock Off|[of] p2a: Landorus
|
|-weather|Sandstorm|[upkeep]
|upkeep
|turn|4
|
|t:|1667631493
|move|p1a: Landorus|Toxic|p2a: Landorus
|-status|p2a: Landorus|tox
|move|p2a: Landorus|U-turn|p1a: Landorus
|-resisted|p1a: Landorus
|-damage|p1a: Landorus|79/100
|
|t:|1667631497
|switch|p2a: Barraskewda|Barraskewda, F|100/100|[from]move: U-turn
|
|-weather|Sandstorm|[upkeep]
|-damage|p2a: Barraskewda|94/100|[from] Sandstorm
|upkeep
|turn|5
|
|t:|1667631506
|switch|p2a: Pelipper|Pelipper, M|100/100
|-weather|RainDance|[from] ability: Drizzle|[of] p2a: Pelipper
|switch|p1a: Melmetal|Melmetal|100/100
|
|-weather|RainDance|[upkeep]
|upkeep
|turn|6
|
|t:|1667631513
|switch|p1a: Zapdos|Zapdos|94/100
|move|p2a: Pelipper|U-turn|p1a: Zapdos
|-resisted|p1a: Zapdos
|-damage|p1a: Zapdos|91/100
|
|t:|1667631518
|switch|p2a: Tyranitar|Tyranitar, F|24/100 brn|[from]move: U-turn
|-weather|Sandstorm|[from] ability: Sand Stream|[of] p2a: Tyranitar
|
|-weather|Sandstorm|[upkeep]
|-damage|p1a: Zapdos|85/100|[from] Sandstorm
|-damage|p2a: Tyranitar|18/100 brn|[from] brn
|upkeep
|turn|7
|
|t:|1667631525
|switch|p2a: Excadrill|Excadrill, M|100/100
|move|p1a: Zapdos|Volt Switch|p2a: Excadrill
|-immune|p2a: Excadrill
|
|-weather|Sandstorm|[upkeep]
|-damage|p1a: Zapdos|79/100|[from] Sandstorm
|upkeep
|turn|8
|
|t:|1667631535
|move|p2a: Excadrill|Swords Dance|p2a: Excadrill
|-boost|p2a: Excadrill|atk|2
|move|p1a: Zapdos|Heat Wave|p2a: Excadrill
|-supereffective|p2a: Excadrill
|-damage|p2a: Excadrill|25/100
|-enditem|p2a: Excadrill|Weakness Policy
|-boost|p2a: Excadrill|atk|2|[from] item: Weakness Policy
|-boost|p2a: Excadrill|spa|2|[from] item: Weakness Policy
|
|-weather|Sandstorm|[upkeep]
|-damage|p1a: Zapdos|73/100|[from] Sandstorm
|upkeep
|turn|9
|
|t:|1667631549
|move|p2a: Excadrill|Iron Head|p1a: Zapdos
|-resisted|p1a: Zapdos
|-damage|p1a: Zapdos|12/100
|cant|p1a: Zapdos|flinch
|
|-weather|Sandstorm|[upkeep]
|-damage|p1a: Zapdos|6/100|[from] Sandstorm
|upkeep
|turn|10
|
|t:|1667631556
|move|p2a: Excadrill|Rapid Spin|p1a: Zapdos
|-damage|p1a: Zapdos|0 fnt
|-boost|p2a: Excadrill|spe|1
|faint|p1a: Zapdos
|
|-weather|Sandstorm|[upkeep]
|upkeep
|
|t:|1667631561
|switch|p1a: Weavile|Weavile, F|100/100
|-ability|p1a: Weavile|Pressure
|turn|11
|
|t:|1667631567
|switch|p2a: Ferrothorn|Ferrothorn, F|100/100
|move|p1a: Weavile|Ice Shard|p2a: Ferrothorn
|-damage|p2a: Ferrothorn|82/100
|
|-weather|Sandstorm|[upkeep]
|-damage|p1a: Weavile|94/100|[from] Sandstorm
|-heal|p2a: Ferrothorn|89/100|[from] item: Leftovers
|upkeep
|turn|12
|
|t:|1667631573
|switch|p1a: Volcanion|Volcanion|55/100
|move|p2a: Ferrothorn|Leech Seed|p1a: Volcanion
|-start|p1a: Volcanion|move: Leech Seed
|
|-weather|Sandstorm|[upkeep]
|-damage|p1a: Volcanion|49/100|[from] Sandstorm
|-heal|p2a: Ferrothorn|95/100|[from] item: Leftovers
|-damage|p1a: Volcanion|36/100|[from] Leech Seed|[of] p2a: Ferrothorn
|-heal|p2a: Ferrothorn|100/100|[silent]
|upkeep
|turn|13
|
|t:|1667631584
|switch|p2a: Pelipper|Pelipper, M|100/100
|-weather|RainDance|[from] ability: Drizzle|[of] p2a: Pelipper
|move|p1a: Volcanion|Steam Eruption|p2a: Pelipper
|-resisted|p2a: Pelipper
|-damage|p2a: Pelipper|0 fnt
|faint|p2a: Pelipper
|
|-weather|RainDance|[upkeep]
|upkeep
|
|t:|1667631590
|switch|p2a: Barraskewda|Barraskewda, F|94/100
|turn|14
|
|t:|1667631604
|switch|p1a: Landorus|Landorus-Therian, M|79/100
|-ability|p1a: Landorus|Intimidate|boost
|-unboost|p2a: Barraskewda|atk|1
|move|p2a: Barraskewda|Close Combat|p1a: Landorus
|-resisted|p1a: Landorus
|-damage|p1a: Landorus|64/100
|-unboost|p2a: Barraskewda|def|1
|-unboost|p2a: Barraskewda|spd|1
|
|-weather|RainDance|[upkeep]
|upkeep
|turn|15
|
|t:|1667631610
|switch|p2a: Landorus|Landorus-Therian, M|100/100 tox
|-ability|p2a: Landorus|Intimidate|boost
|-unboost|p1a: Landorus|atk|1
|move|p1a: Landorus|U-turn|p2a: Landorus
|-resisted|p2a: Landorus
|-damage|p2a: Landorus|95/100 tox
|
|t:|1667631631
|switch|p1a: Volcanion|Volcanion|36/100|[from]move: U-turn
|
|-weather|RainDance|[upkeep]
|-damage|p2a: Landorus|89/100 tox|[from] psn
|upkeep
|turn|16
|
|t:|1667631636
|move|p1a: Volcanion|Steam Eruption|p2a: Landorus
|-supereffective|p2a: Landorus
|-damage|p2a: Landorus|0 fnt
|faint|p2a: Landorus
|
|-weather|RainDance|[upkeep]
|upkeep
|
|t:|1667631639
|switch|p2a: Barraskewda|Barraskewda, F|94/100
|turn|17
|
|t:|1667631653
|switch|p1a: Kartana|Kartana|100/100
|move|p2a: Barraskewda|Close Combat|p1a: Kartana
|-supereffective|p1a: Kartana
|-damage|p1a: Kartana|0 fnt
|-unboost|p2a: Barraskewda|def|1
|-unboost|p2a: Barraskewda|spd|1
|faint|p1a: Kartana
|
|-weather|none
|upkeep
|
|t:|1667631662
|switch|p1a: Landorus|Landorus-Therian, M|64/100
|-ability|p1a: Landorus|Intimidate|boost
|-unboost|p2a: Barraskewda|atk|1
|turn|18
|
|t:|1667631665
|switch|p2a: Ferrothorn|Ferrothorn, F|100/100
|move|p1a: Landorus|U-turn|p2a: Ferrothorn
|-damage|p2a: Ferrothorn|87/100
|-damage|p1a: Landorus|52/100|[from] ability: Iron Barbs|[of] p2a: Ferrothorn
|
|t:|1667631669
|switch|p1a: Volcanion|Volcanion|36/100|[from]move: U-turn
|
|-heal|p2a: Ferrothorn|93/100|[from] item: Leftovers
|upkeep
|turn|19
|
|t:|1667631676
|switch|p2a: Tyranitar|Tyranitar, F|18/100 brn
|-weather|Sandstorm|[from] ability: Sand Stream|[of] p2a: Tyranitar
|move|p1a: Volcanion|Flamethrower|p2a: Tyranitar
|-resisted|p2a: Tyranitar
|-damage|p2a: Tyranitar|3/100 brn
|
|-weather|Sandstorm|[upkeep]
|-damage|p1a: Volcanion|30/100|[from] Sandstorm
|-damage|p2a: Tyranitar|0 fnt|[from] brn
|faint|p2a: Tyranitar
|upkeep
|
|t:|1667631679
|switch|p2a: Excadrill|Excadrill, M|25/100
|turn|20
|
|t:|1667631689
|switch|p1a: Weavile|Weavile, F|94/100
|-ability|p1a: Weavile|Pressure
|move|p2a: Excadrill|Iron Head|p1a: Weavile
|-supereffective|p1a: Weavile
|-damage|p1a: Weavile|0 fnt
|faint|p1a: Weavile
|
|-weather|Sandstorm|[upkeep]
|upkeep
|
|t:|1667631697
|switch|p1a: Landorus|Landorus-Therian, M|52/100
|-ability|p1a: Landorus|Intimidate|boost
|-unboost|p2a: Excadrill|atk|1
|turn|21
|
|t:|1667631703
|switch|p2a: Ferrothorn|Ferrothorn, F|93/100
|move|p1a: Landorus|Earthquake|p2a: Ferrothorn
|-damage|p2a: Ferrothorn|66/100
|
|-weather|Sandstorm|[upkeep]
|-heal|p2a: Ferrothorn|72/100|[from] item: Leftovers
|upkeep
|turn|22
|
|t:|1667631713
|switch|p1a: Volcanion|Volcanion|30/100
|move|p2a: Ferrothorn|Power Whip|p1a: Volcanion|[miss]
|-miss|p2a: Ferrothorn|p1a: Volcanion
|
|-weather|Sandstorm|[upkeep]
|-damage|p1a: Volcanion|24/100|[from] Sandstorm
|-heal|p2a: Ferrothorn|79/100|[from] item: Leftovers
|upkeep
|turn|23
|
|t:|1667631723
|switch|p2a: Barraskewda|Barraskewda, F|94/100
|move|p1a: Volcanion|Flamethrower|p2a: Barraskewda
|-resisted|p2a: Barraskewda
|-crit|p2a: Barraskewda
|-damage|p2a: Barraskewda|0 fnt
|faint|p2a: Barraskewda
|
|-weather|Sandstorm|[upkeep]
|-damage|p1a: Volcanion|18/100|[from] Sandstorm
|upkeep
|
|t:|1667631725
|switch|p2a: Excadrill|Excadrill, M|25/100
|turn|24
|
|t:|1667631737
|switch|p1a: Melmetal|Melmetal|100/100
|move|p2a: Excadrill|Iron Head|p1a: Melmetal
|-resisted|p1a: Melmetal
|-damage|p1a: Melmetal|87/100
|
|-weather|Sandstorm|[upkeep]
|upkeep
|turn|25
|
|t:|1667631748
|move|p2a: Excadrill|Swords Dance|p2a: Excadrill
|-boost|p2a: Excadrill|atk|2
|move|p1a: Melmetal|Earthquake|p2a: Excadrill
|-supereffective|p2a: Excadrill
|-damage|p2a: Excadrill|0 fnt
|faint|p2a: Excadrill
|
|-weather|Sandstorm|[upkeep]
|upkeep
|
|t:|1667631751
|switch|p2a: Ferrothorn|Ferrothorn, F|79/100
|turn|26
|
|t:|1667631759
|switch|p1a: Volcanion|Volcanion|18/100
|move|p2a: Ferrothorn|Iron Defense|p2a: Ferrothorn
|-boost|p2a: Ferrothorn|def|2
|
|-weather|none
|-heal|p2a: Ferrothorn|85/100|[from] item: Leftovers
|upkeep
|turn|27
|
|t:|1667631765
|move|p1a: Volcanion|Flamethrower|p2a: Ferrothorn
|-supereffective|p2a: Ferrothorn
|-damage|p2a: Ferrothorn|0 fnt
|faint|p2a: Ferrothorn
|
|win|ultimategoogolplex
|raw|ultimategoogolplex's rating: 1583 &rarr; <strong>1607</strong><br />(+24 for winning)
|raw|Dadben's rating: 1661 &rarr; <strong>1637</strong><br />(-24 for losing)
|l|☆Dadben
