|j|☆Draco09876
|j|☆WAPtotheTOP
|t:|1653805025
|gametype|singles
|player|p1|Draco09876|1|1769
|player|p2|WAPtotheTOP|candice|1567
|teamsize|p1|6
|teamsize|p2|6
|gen|8
|tier|[Gen 8] OU
|rated|
|rule|Sleep Clause Mod: Limit one foe put to sleep
|rule|Species Clause: Limit one of each Pokémon
|rule|OHKO Clause: OHKO moves are banned
|rule|Evasion Moves Clause: Evasion moves are banned
|rule|Endless Battle Clause: Forcing endless battles is banned
|rule|HP Percentage Mod: HP is shown in percentages
|rule|Dynamax Clause: You cannot dynamax
|clearpoke
|poke|p1|Weavile, F|
|poke|p1|Regieleki|
|poke|p1|Landorus-Therian, M|
|poke|p1|Slowking-Galar, M|
|poke|p1|Buzzwole|
|poke|p1|Urshifu-*, M|
|poke|p2|Clefable, M|
|poke|p2|Quagsire, M|
|poke|p2|Blissey, F|
|poke|p2|Corviknight, M|
|poke|p2|Toxapex, M|
|poke|p2|Dragonite, M|
|teampreview
|inactive|Battle timer is ON: inactive players will automatically lose when time's up. (requested by WAPtotheTOP)
|
|t:|1653805049
|start
|switch|p1a: Landorus|Landorus-Therian, M|100/100
|switch|p2a: Corviknight|Corviknight, M, shiny|100/100
|-ability|p1a: Landorus|Intimidate|boost
|-unboost|p2a: Corviknight|atk|1
|-ability|p2a: Corviknight|Pressure
|turn|1
|
|t:|1653805053
|move|p1a: Landorus|Knock Off|p2a: Corviknight
|-damage|p2a: Corviknight|77/100
|-enditem|p2a: Corviknight|Shed Shell|[from] move: Knock Off|[of] p1a: Landorus
|move|p2a: Corviknight|U-turn|p1a: Landorus
|-resisted|p1a: Landorus
|-damage|p1a: Landorus|96/100
|
|t:|1653805062
|switch|p2a: Clefable|Clefable, M, shiny|100/100|[from]move: U-turn
|
|-heal|p1a: Landorus|100/100|[from] item: Leftovers
|upkeep
|turn|2
|
|t:|1653805066
|move|p1a: Landorus|Knock Off|p2a: Clefable
|-resisted|p2a: Clefable
|-damage|p2a: Clefable|88/100
|-enditem|p2a: Clefable|Life Orb|[from] move: Knock Off|[of] p1a: Landorus
|move|p2a: Clefable|Calm Mind|p2a: Clefable
|-boost|p2a: Clefable|spa|1
|-boost|p2a: Clefable|spd|1
|
|upkeep
|turn|3
|
|t:|1653805076
|switch|p1a: Slowking|Slowking-Galar, M|100/100
|move|p2a: Clefable|Calm Mind|p2a: Clefable
|-boost|p2a: Clefable|spa|1
|-boost|p2a: Clefable|spd|1
|
|upkeep
|turn|4
|
|t:|1653805079
|move|p2a: Clefable|Calm Mind|p2a: Clefable
|-boost|p2a: Clefable|spa|1
|-boost|p2a: Clefable|spd|1
|move|p1a: Slowking|Sludge Bomb|p2a: Clefable
|-supereffective|p2a: Clefable
|-damage|p2a: Clefable|52/100
|
|upkeep
|turn|5
|
|t:|1653805082
|move|p2a: Clefable|Soft-Boiled|p2a: Clefable
|-heal|p2a: Clefable|100/100
|move|p1a: Slowking|Sludge Bomb|p2a: Clefable
|-supereffective|p2a: Clefable
|-damage|p2a: Clefable|68/100
|-status|p2a: Clefable|psn
|
|upkeep
|turn|6
|
|t:|1653805084
|move|p2a: Clefable|Calm Mind|p2a: Clefable
|-boost|p2a: Clefable|spa|1
|-boost|p2a: Clefable|spd|1
|move|p1a: Slowking|Sludge Bomb|p2a: Clefable
|-supereffective|p2a: Clefable
|-damage|p2a: Clefable|38/100 psn
|
|upkeep
|turn|7
|
|t:|1653805086
|move|p2a: Clefable|Soft-Boiled|p2a: Clefable
|-heal|p2a: Clefable|88/100 psn
|move|p1a: Slowking|Sludge Bomb|p2a: Clefable
|-supereffective|p2a: Clefable
|-damage|p2a: Clefable|58/100 psn
|
|upkeep
|turn|8
|
|t:|1653805089
|move|p2a: Clefable|Calm Mind|p2a: Clefable
|-boost|p2a: Clefable|spa|1
|-boost|p2a: Clefable|spd|1
|move|p1a: Slowking|Sludge Bomb|p2a: Clefable
|-supereffective|p2a: Clefable
|-damage|p2a: Clefable|35/100 psn
|
|upkeep
|turn|9
|
|t:|1653805090
|move|p2a: Clefable|Soft-Boiled|p2a: Clefable
|-heal|p2a: Clefable|85/100 psn
|move|p1a: Slowking|Sludge Bomb|p2a: Clefable
|-supereffective|p2a: Clefable
|-damage|p2a: Clefable|62/100 psn
|
|upkeep
|turn|10
|
|t:|1653805092
|move|p2a: Clefable|Soft-Boiled|p2a: Clefable
|-heal|p2a: Clefable|100/100 psn
|move|p1a: Slowking|Sludge Bomb|p2a: Clefable
|-supereffective|p2a: Clefable
|-damage|p2a: Clefable|76/100 psn
|
|upkeep
|turn|11
|
|t:|1653805094
|move|p2a: Clefable|Thunder|p1a: Slowking
|-damage|p1a: Slowking|55/100
|move|p1a: Slowking|Sludge Bomb|p2a: Clefable
|-supereffective|p2a: Clefable
|-damage|p2a: Clefable|52/100 psn
|
|upkeep
|turn|12
|
|t:|1653805100
|move|p2a: Clefable|Soft-Boiled|p2a: Clefable
|-heal|p2a: Clefable|100/100 psn
|move|p1a: Slowking|Sludge Bomb|p2a: Clefable
|-supereffective|p2a: Clefable
|-damage|p2a: Clefable|78/100 psn
|
|upkeep
|turn|13
|
|t:|1653805102
|move|p2a: Clefable|Thunder|p1a: Slowking
|-damage|p1a: Slowking|12/100
|move|p1a: Slowking|Sludge Bomb|p2a: Clefable
|-supereffective|p2a: Clefable
|-damage|p2a: Clefable|53/100 psn
|
|upkeep
|turn|14
|
|t:|1653805106
|switch|p1a: Landorus|Landorus-Therian, M|100/100
|-ability|p1a: Landorus|Intimidate|boost
|-unboost|p2a: Clefable|atk|1
|move|p2a: Clefable|Soft-Boiled|p2a: Clefable
|-heal|p2a: Clefable|100/100 psn
|
|upkeep
|turn|15
|
|t:|1653805109
|move|p1a: Landorus|Earthquake|p2a: Clefable
|-damage|p2a: Clefable|65/100 psn
|move|p2a: Clefable|Moonblast|p1a: Landorus
|-damage|p1a: Landorus|13/100
|-unboost|p1a: Landorus|spa|1
|
|-heal|p1a: Landorus|19/100|[from] item: Leftovers
|upkeep
|turn|16
|
|t:|1653805116
|move|p1a: Landorus|Earthquake|p2a: Clefable
|-damage|p2a: Clefable|26/100 psn
|move|p2a: Clefable|Soft-Boiled|p2a: Clefable
|-heal|p2a: Clefable|76/100 psn
|
|-heal|p1a: Landorus|25/100|[from] item: Leftovers
|upkeep
|turn|17
|
|t:|1653805121
|move|p1a: Landorus|Earthquake|p2a: Clefable
|-damage|p2a: Clefable|38/100 psn
|move|p2a: Clefable|Soft-Boiled|p2a: Clefable
|-heal|p2a: Clefable|88/100 psn
|
|-heal|p1a: Landorus|31/100|[from] item: Leftovers
|upkeep
|turn|18
|j| iamnoob304
|
|t:|1653805124
|move|p1a: Landorus|Earthquake|p2a: Clefable
|-damage|p2a: Clefable|55/100 psn
|move|p2a: Clefable|Soft-Boiled|p2a: Clefable
|-heal|p2a: Clefable|100/100 psn
|
|-heal|p1a: Landorus|37/100|[from] item: Leftovers
|upkeep
|turn|19
|l| iamnoob304
|
|t:|1653805128
|switch|p1a: Slowking|Slowking-Galar, M|45/100
|move|p2a: Clefable|Moonblast|p1a: Slowking
|-resisted|p1a: Slowking
|-damage|p1a: Slowking|15/100
|
|upkeep
|turn|20
|
|t:|1653805133
|switch|p1a: Landorus|Landorus-Therian, M|37/100
|-ability|p1a: Landorus|Intimidate|boost
|-unboost|p2a: Clefable|atk|1
|move|p2a: Clefable|Moonblast|p1a: Landorus
|-damage|p1a: Landorus|0 fnt
|faint|p1a: Landorus
|
|upkeep
|
|t:|1653805136
|switch|p1a: Urshifu|Urshifu-Rapid-Strike, M|100/100
|turn|21
|
|t:|1653805140
|move|p1a: Urshifu|Surging Strikes|p2a: Clefable
|-crit|p2a: Clefable
|-damage|p2a: Clefable|79/100 psn
|-crit|p2a: Clefable
|-damage|p2a: Clefable|58/100 psn
|-crit|p2a: Clefable
|-damage|p2a: Clefable|36/100 psn
|-hitcount|p2a: Clefable|3
|move|p2a: Clefable|Moonblast|p1a: Urshifu
|-supereffective|p1a: Urshifu
|-damage|p1a: Urshifu|0 fnt
|faint|p1a: Urshifu
|
|upkeep
|
|t:|1653805147
|switch|p1a: Weavile|Weavile, F|100/100
|-ability|p1a: Weavile|Pressure
|turn|22
|
|t:|1653805149
|switch|p2a: Toxapex|Toxapex, M, shiny|100/100
|move|p1a: Weavile|Triple Axel|p2a: Toxapex
|-resisted|p2a: Toxapex
|-damage|p2a: Toxapex|98/100
|-damage|p1a: Weavile|84/100|[from] item: Rocky Helmet|[of] p2a: Toxapex
|-resisted|p2a: Toxapex
|-damage|p2a: Toxapex|91/100
|-damage|p1a: Weavile|68/100|[from] item: Rocky Helmet|[of] p2a: Toxapex
|-resisted|p2a: Toxapex
|-damage|p2a: Toxapex|82/100
|-damage|p1a: Weavile|51/100|[from] item: Rocky Helmet|[of] p2a: Toxapex
|-hitcount|p2a: Toxapex|3
|
|upkeep
|turn|23
|
|t:|1653805155
|switch|p1a: Slowking|Slowking-Galar, M|48/100
|move|p2a: Toxapex|Knock Off|p1a: Slowking
|-supereffective|p1a: Slowking
|-damage|p1a: Slowking|18/100
|-enditem|p1a: Slowking|Assault Vest|[from] move: Knock Off|[of] p2a: Toxapex
|
|upkeep
|turn|24
|
|t:|1653805163
|switch|p1a: Weavile|Weavile, F|51/100
|-ability|p1a: Weavile|Pressure
|move|p2a: Toxapex|Knock Off|p1a: Weavile
|-resisted|p1a: Weavile
|-damage|p1a: Weavile|37/100
|-enditem|p1a: Weavile|Heavy-Duty Boots|[from] move: Knock Off|[of] p2a: Toxapex
|
|upkeep
|turn|25
|
|t:|1653805168
|move|p1a: Weavile|Knock Off|p2a: Toxapex
|-damage|p2a: Toxapex|55/100
|-damage|p1a: Weavile|21/100|[from] item: Rocky Helmet|[of] p2a: Toxapex
|-enditem|p2a: Toxapex|Rocky Helmet|[from] move: Knock Off|[of] p1a: Weavile
|move|p2a: Toxapex|Knock Off|p1a: Weavile
|-resisted|p1a: Weavile
|-damage|p1a: Weavile|11/100
|
|upkeep
|turn|26
|
|t:|1653805171
|switch|p1a: Slowking|Slowking-Galar, M|52/100
|move|p2a: Toxapex|Knock Off|p1a: Slowking
|-supereffective|p1a: Slowking
|-damage|p1a: Slowking|30/100
|
|upkeep
|turn|27
|
|t:|1653805173
|move|p2a: Toxapex|Knock Off|p1a: Slowking
|-supereffective|p1a: Slowking
|-damage|p1a: Slowking|9/100
|move|p1a: Slowking|Future Sight|p2a: Toxapex
|-start|p1a: Slowking|move: Future Sight
|
|upkeep
|turn|28
|
|t:|1653805177
|switch|p1a: Buzzwole|Buzzwole|100/100
|move|p2a: Toxapex|Poison Jab|p1a: Buzzwole
|-damage|p1a: Buzzwole|89/100
|-damage|p2a: Toxapex|39/100|[from] item: Rocky Helmet|[of] p1a: Buzzwole
|
|upkeep
|turn|29
|
|t:|1653805182
|switch|p2a: Dragonite|Dragonite, M, shiny|100/100
|move|p1a: Buzzwole|Drain Punch|p2a: Dragonite
|-resisted|p2a: Dragonite
|-damage|p2a: Dragonite|94/100
|-heal|p1a: Buzzwole|92/100|[from] drain|[of] p2a: Dragonite
|
|-end|p2a: Dragonite|move: Future Sight
|-damage|p2a: Dragonite|44/100
|upkeep
|turn|30
|
|t:|1653805186
|move|p2a: Dragonite|Roost|p2a: Dragonite
|-heal|p2a: Dragonite|94/100
|-singleturn|p2a: Dragonite|move: Roost
|move|p1a: Buzzwole|Ice Punch|p2a: Dragonite
|-supereffective|p2a: Dragonite
|-damage|p2a: Dragonite|60/100
|-status|p2a: Dragonite|frz
|
|upkeep
|turn|31
|
|t:|1653805195
|switch|p2a: Toxapex|Toxapex, M, shiny|72/100
|move|p1a: Buzzwole|Ice Punch|p2a: Toxapex
|-resisted|p2a: Toxapex
|-damage|p2a: Toxapex|65/100
|
|upkeep
|turn|32
|
|t:|1653805199
|switch|p1a: Slowking|Slowking-Galar, M|43/100
|move|p2a: Toxapex|Knock Off|p1a: Slowking
|-supereffective|p1a: Slowking
|-damage|p1a: Slowking|19/100
|
|upkeep
|turn|33
|
|t:|1653805206
|switch|p1a: Buzzwole|Buzzwole|92/100
|move|p2a: Toxapex|Knock Off|p1a: Buzzwole
|-resisted|p1a: Buzzwole
|-damage|p1a: Buzzwole|87/100
|-damage|p2a: Toxapex|49/100|[from] item: Rocky Helmet|[of] p1a: Buzzwole
|-enditem|p1a: Buzzwole|Rocky Helmet|[from] move: Knock Off|[of] p2a: Toxapex
|
|upkeep
|turn|34
|
|t:|1653805210
|switch|p1a: Slowking|Slowking-Galar, M|53/100
|move|p2a: Toxapex|Recover|p2a: Toxapex
|-heal|p2a: Toxapex|99/100
|
|upkeep
|turn|35
|
|t:|1653805213
|move|p2a: Toxapex|Knock Off|p1a: Slowking
|-supereffective|p1a: Slowking
|-damage|p1a: Slowking|29/100
|move|p1a: Slowking|Future Sight|p2a: Toxapex
|-start|p1a: Slowking|move: Future Sight
|
|upkeep
|turn|36
|
|t:|1653805215
|switch|p1a: Buzzwole|Buzzwole|87/100
|move|p2a: Toxapex|Knock Off|p1a: Buzzwole
|-resisted|p1a: Buzzwole
|-damage|p1a: Buzzwole|84/100
|
|upkeep
|turn|37
|
|t:|1653805228
|switch|p2a: Corviknight|Corviknight, M, shiny|77/100
|-ability|p2a: Corviknight|Pressure
|move|p1a: Buzzwole|Drain Punch|p2a: Corviknight
|-damage|p2a: Corviknight|50/100
|-heal|p1a: Buzzwole|97/100|[from] drain|[of] p2a: Corviknight
|
|-end|p2a: Corviknight|move: Future Sight
|-resisted|p2a: Corviknight
|-damage|p2a: Corviknight|29/100
|upkeep
|turn|38
|j| Bunch24
|
|t:|1653805240
|switch|p2a: Toxapex|Toxapex, M, shiny|100/100
|move|p1a: Buzzwole|Drain Punch|p2a: Toxapex
|-resisted|p2a: Toxapex
|-damage|p2a: Toxapex|90/100
|-heal|p1a: Buzzwole|100/100|[from] drain|[of] p2a: Toxapex
|
|upkeep
|turn|39
|
|t:|1653805244
|switch|p1a: Slowking|Slowking-Galar, M|62/100
|move|p2a: Toxapex|Knock Off|p1a: Slowking
|-supereffective|p1a: Slowking
|-crit|p1a: Slowking
|-damage|p1a: Slowking|28/100
|
|upkeep
|turn|40
|
|t:|1653805247
|move|p2a: Toxapex|Knock Off|p1a: Slowking
|-supereffective|p1a: Slowking
|-damage|p1a: Slowking|6/100
|move|p1a: Slowking|Future Sight|p2a: Toxapex
|-start|p1a: Slowking|move: Future Sight
|
|upkeep
|turn|41
|
|t:|1653805250
|switch|p1a: Buzzwole|Buzzwole|100/100
|move|p2a: Toxapex|Poison Jab|p1a: Buzzwole
|-damage|p1a: Buzzwole|88/100
|
|upkeep
|turn|42
|
|t:|1653805252
|move|p1a: Buzzwole|Drain Punch|p2a: Toxapex
|-resisted|p2a: Toxapex
|-damage|p2a: Toxapex|79/100
|-heal|p1a: Buzzwole|92/100|[from] drain|[of] p2a: Toxapex
|move|p2a: Toxapex|Poison Jab|p1a: Buzzwole
|-damage|p1a: Buzzwole|80/100
|-status|p1a: Buzzwole|psn
|
|-end|p2a: Toxapex|move: Future Sight
|-supereffective|p2a: Toxapex
|-damage|p2a: Toxapex|0 fnt
|faint|p2a: Toxapex
|-damage|p1a: Buzzwole|68/100 psn|[from] psn
|upkeep
|
|t:|1653805257
|switch|p2a: Clefable|Clefable, M, shiny|36/100 psn
|turn|43
|j| DownzPanda
|
|t:|1653805260
|switch|p1a: Slowking|Slowking-Galar, M|39/100
|move|p2a: Clefable|Soft-Boiled|p2a: Clefable
|-heal|p2a: Clefable|86/100 psn
|
|upkeep
|turn|44
|
|t:|1653805263
|move|p2a: Clefable|Calm Mind|p2a: Clefable
|-boost|p2a: Clefable|spa|1
|-boost|p2a: Clefable|spd|1
|move|p1a: Slowking|Sludge Bomb|p2a: Clefable
|-supereffective|p2a: Clefable
|-damage|p2a: Clefable|27/100 psn
|
|upkeep
|turn|45
|
|t:|1653805266
|move|p2a: Clefable|Thunder|p1a: Slowking
|-damage|p1a: Slowking|11/100
|-status|p1a: Slowking|par
|move|p1a: Slowking|Sludge Bomb|p2a: Clefable
|-supereffective|p2a: Clefable
|-damage|p2a: Clefable|0 fnt
|faint|p2a: Clefable
|
|upkeep
|l| Bunch24
|
|t:|1653805271
|switch|p2a: Blissey|Blissey, F, shiny|100/100
|turn|46
|
|t:|1653805282
|switch|p1a: Buzzwole|Buzzwole|68/100 psn
|move|p2a: Blissey|Seismic Toss|p1a: Buzzwole
|-damage|p1a: Buzzwole|44/100 psn
|
|-damage|p1a: Buzzwole|32/100 psn|[from] psn
|upkeep
|turn|47
|
|t:|1653805286
|switch|p2a: Dragonite|Dragonite, M, shiny|60/100 frz
|move|p1a: Buzzwole|Drain Punch|p2a: Dragonite
|-resisted|p2a: Dragonite
|-damage|p2a: Dragonite|49/100 frz
|-heal|p1a: Buzzwole|37/100 psn|[from] drain|[of] p2a: Dragonite
|
|-damage|p1a: Buzzwole|25/100 psn|[from] psn
|upkeep
|turn|48
|
|t:|1653805290
|cant|p2a: Dragonite|frz
|move|p1a: Buzzwole|Roost|p1a: Buzzwole
|-heal|p1a: Buzzwole|75/100 psn
|-singleturn|p1a: Buzzwole|move: Roost
|
|-damage|p1a: Buzzwole|62/100 psn|[from] psn
|upkeep
|turn|49
|
|t:|1653805293
|cant|p2a: Dragonite|frz
|move|p1a: Buzzwole|Ice Punch|p2a: Dragonite
|-supereffective|p2a: Dragonite
|-damage|p2a: Dragonite|0 fnt
|faint|p2a: Dragonite
|-ability|p1a: Buzzwole|Beast Boost|boost
|-boost|p1a: Buzzwole|atk|1
|
|-damage|p1a: Buzzwole|50/100 psn|[from] psn
|upkeep
|
|t:|1653805296
|switch|p2a: Quagsire|Quagsire, M, shiny|100/100
|turn|50
|
|t:|1653805307
|move|p1a: Buzzwole|Drain Punch|p2a: Quagsire
|-damage|p2a: Quagsire|75/100
|-heal|p1a: Buzzwole|62/100 psn|[from] drain|[of] p2a: Quagsire
|move|p2a: Quagsire|Scald|p1a: Buzzwole
|-damage|p1a: Buzzwole|45/100 psn
|
|-heal|p2a: Quagsire|81/100|[from] item: Leftovers
|-damage|p1a: Buzzwole|32/100 psn|[from] psn
|upkeep
|turn|51
|c|☆WAPtotheTOP|its honestly insane how much rng can carry a person
|
|t:|1653805315
|switch|p1a: Slowking|Slowking-Galar, M|44/100 par
|move|p2a: Quagsire|Scald|p1a: Slowking
|-damage|p1a: Slowking|28/100 par
|
|-heal|p2a: Quagsire|87/100|[from] item: Leftovers
|upkeep
|turn|52
|c|☆Draco09876|lol were on this now haha
|c|☆WAPtotheTOP|it was an easy 6-0
|c|☆WAPtotheTOP|till freeze
|c|☆Draco09876|haha
|inactive|Draco09876 has 120 seconds left.
|c|☆Draco09876|ok well RNG is part of the game deal with it
|c|☆WAPtotheTOP|Fair
|
|t:|1653805360
|switch|p1a: Buzzwole|Buzzwole|32/100 psn
|move|p2a: Quagsire|Scald|p1a: Buzzwole
|-damage|p1a: Buzzwole|14/100 psn
|
|-heal|p2a: Quagsire|93/100|[from] item: Leftovers
|-damage|p1a: Buzzwole|2/100 psn|[from] psn
|upkeep
|turn|53
|c|☆WAPtotheTOP|yet in this situation its very obvious to say I deserve to win
|
|t:|1653805368
|move|p1a: Buzzwole|Roost|p1a: Buzzwole
|-heal|p1a: Buzzwole|52/100 psn
|-singleturn|p1a: Buzzwole|move: Roost
|move|p2a: Quagsire|Scald|p1a: Buzzwole
|-damage|p1a: Buzzwole|34/100 psn
|
|-heal|p2a: Quagsire|99/100|[from] item: Leftovers
|-damage|p1a: Buzzwole|21/100 psn|[from] psn
|upkeep
|turn|54
|
|t:|1653805371
|switch|p1a: Slowking|Slowking-Galar, M|62/100 par
|move|p2a: Quagsire|Scald|p1a: Slowking
|-damage|p1a: Slowking|46/100 par
|
|-heal|p2a: Quagsire|100/100|[from] item: Leftovers
|upkeep
|turn|55
|
|t:|1653805374
|move|p2a: Quagsire|Scald|p1a: Slowking
|-damage|p1a: Slowking|31/100 par
|cant|p1a: Slowking|par
|
|upkeep
|turn|56
|
|t:|1653805378
|move|p2a: Quagsire|Scald|p1a: Slowking
|-damage|p1a: Slowking|15/100 par
|move|p1a: Slowking|Future Sight|p2a: Quagsire
|-start|p1a: Slowking|move: Future Sight
|
|upkeep
|turn|57
|
|t:|1653805384
|switch|p1a: Buzzwole|Buzzwole|21/100 psn
|move|p2a: Quagsire|Scald|p1a: Buzzwole
|-damage|p1a: Buzzwole|5/100 psn
|
|-damage|p1a: Buzzwole|0 fnt|[from] psn
|faint|p1a: Buzzwole
|upkeep
|
|t:|1653805388
|switch|p1a: Weavile|Weavile, F|11/100
|-ability|p1a: Weavile|Pressure
|turn|58
|
|t:|1653805392
|move|p2a: Quagsire|Protect|p2a: Quagsire
|-singleturn|p2a: Quagsire|Protect
|move|p1a: Weavile|Knock Off|p2a: Quagsire
|-activate|p2a: Quagsire|move: Protect
|
|-end|p2a: Quagsire|move: Future Sight
|-damage|p2a: Quagsire|22/100
|-heal|p2a: Quagsire|28/100|[from] item: Leftovers
|upkeep
|turn|59
|
|t:|1653805415
|move|p1a: Weavile|Knock Off|p2a: Quagsire
|-damage|p2a: Quagsire|0 fnt
|-enditem|p2a: Quagsire|Leftovers|[from] move: Knock Off|[of] p1a: Weavile
|faint|p2a: Quagsire
|
|upkeep
|
|t:|1653805417
|switch|p2a: Blissey|Blissey, F, shiny|100/100
|turn|60
|
|t:|1653805430
|switch|p1a: Slowking|Slowking-Galar, M|48/100 par
|move|p2a: Blissey|Seismic Toss|p1a: Slowking
|-damage|p1a: Slowking|23/100 par
|
|upkeep
|turn|61
|
|t:|1653805434
|switch|p1a: Regieleki|Regieleki|100/100
|move|p2a: Blissey|Seismic Toss|p1a: Regieleki
|-damage|p1a: Regieleki|67/100
|
|upkeep
|turn|62
|
|t:|1653805441
|move|p1a: Regieleki|Volt Switch|p2a: Blissey
|-damage|p2a: Blissey|72/100
|
|t:|1653805443
|switch|p1a: Slowking|Slowking-Galar, M|56/100 par|[from]move: Volt Switch
|move|p2a: Blissey|Stealth Rock|p1a: Slowking
|-sidestart|p1: Draco09876|move: Stealth Rock
|
|upkeep
|turn|63
|
|t:|1653805449
|move|p2a: Blissey|Seismic Toss|p1a: Slowking
|-damage|p1a: Slowking|31/100 par
|move|p1a: Slowking|Future Sight|p2a: Blissey
|-start|p1a: Slowking|move: Future Sight
|
|upkeep
|turn|64
|
|t:|1653805457
|switch|p1a: Weavile|Weavile, F|11/100
|-damage|p1a: Weavile|0 fnt|[from] Stealth Rock
|faint|p1a: Weavile
|move|p2a: Blissey|Seismic Toss|p1: Weavile|[notarget]
|-fail|p2a: Blissey
|
|upkeep
|
|t:|1653805460
|switch|p1a: Regieleki|Regieleki|67/100
|-damage|p1a: Regieleki|55/100|[from] Stealth Rock
|turn|65
|
|t:|1653805464
|switch|p2a: Corviknight|Corviknight, M, shiny|29/100
|-ability|p2a: Corviknight|Pressure
|move|p1a: Regieleki|Electro Ball|p2a: Corviknight
|-supereffective|p2a: Corviknight
|-damage|p2a: Corviknight|0 fnt
|faint|p2a: Corviknight
|
|-hint|Future Sight did not hit because the target is fainted.
|upkeep
|
|t:|1653805467
|switch|p2a: Blissey|Blissey, F, shiny|72/100
|turn|66
|
|t:|1653805469
|move|p1a: Regieleki|Electro Ball|p2a: Blissey
|-damage|p2a: Blissey|22/100
|move|p2a: Blissey|Soft-Boiled|p2a: Blissey
|-heal|p2a: Blissey|72/100
|
|upkeep
|turn|67
|
|t:|1653805472
|move|p1a: Regieleki|Electro Ball|p2a: Blissey
|-damage|p2a: Blissey|29/100
|move|p2a: Blissey|Soft-Boiled|p2a: Blissey
|-heal|p2a: Blissey|79/100
|
|upkeep
|turn|68
|
|t:|1653805474
|move|p1a: Regieleki|Electro Ball|p2a: Blissey
|-damage|p2a: Blissey|29/100
|move|p2a: Blissey|Soft-Boiled|p2a: Blissey
|-heal|p2a: Blissey|79/100
|
|upkeep
|turn|69
|
|t:|1653805477
|move|p1a: Regieleki|Electro Ball|p2a: Blissey
|-damage|p2a: Blissey|32/100
|move|p2a: Blissey|Soft-Boiled|p2a: Blissey
|-heal|p2a: Blissey|82/100
|
|upkeep
|turn|70
|
|t:|1653805484
|move|p1a: Regieleki|Electro Ball|p2a: Blissey
|-damage|p2a: Blissey|33/100
|move|p2a: Blissey|Soft-Boiled|p2a: Blissey
|-heal|p2a: Blissey|83/100
|
|upkeep
|turn|71
|
|t:|1653805488
|move|p1a: Regieleki|Electro Ball|p2a: Blissey
|-damage|p2a: Blissey|39/100
|move|p2a: Blissey|Soft-Boiled|p2a: Blissey
|-heal|p2a: Blissey|89/100
|
|upkeep
|turn|72
|
|t:|1653805490
|switch|p1a: Slowking|Slowking-Galar, M|64/100 par
|-damage|p1a: Slowking|52/100 par|[from] Stealth Rock
|move|p2a: Blissey|Soft-Boiled|p2a: Blissey
|-heal|p2a: Blissey|100/100
|
|upkeep
|turn|73
|
|t:|1653805493
|move|p2a: Blissey|Seismic Toss|p1a: Slowking
|-damage|p1a: Slowking|26/100 par
|move|p1a: Slowking|Sludge Bomb|p2a: Blissey
|-damage|p2a: Blissey|83/100
|
|upkeep
|turn|74
|j| Suga丶0112
|
|t:|1653805499
|switch|p1a: Regieleki|Regieleki|55/100
|-damage|p1a: Regieleki|43/100|[from] Stealth Rock
|move|p2a: Blissey|Seismic Toss|p1a: Regieleki
|-damage|p1a: Regieleki|9/100
|
|upkeep
|turn|75
|c|☆WAPtotheTOP|kill
|
|t:|1653805504
|move|p1a: Regieleki|Electro Ball|p2a: Blissey
|-damage|p2a: Blissey|36/100
|move|p2a: Blissey|Seismic Toss|p1a: Regieleki
|-damage|p1a: Regieleki|0 fnt
|faint|p1a: Regieleki
|
|upkeep
|
|t:|1653805507
|switch|p1a: Slowking|Slowking-Galar, M|60/100 par
|-damage|p1a: Slowking|47/100 par|[from] Stealth Rock
|turn|76
|
|t:|1653805511
|move|p2a: Blissey|Soft-Boiled|p2a: Blissey
|-heal|p2a: Blissey|86/100
|move|p1a: Slowking|Sludge Bomb|p2a: Blissey
|-damage|p2a: Blissey|69/100
|
|upkeep
|turn|77
|-message|Draco09876 forfeited.
|
|win|WAPtotheTOP
|raw|Draco09876's rating: 1769 &rarr; <strong>1738</strong><br />(-31 for losing)
|raw|WAPtotheTOP's rating: 1551 &rarr; <strong>1582</strong><br />(+31 for winning)
|l|☆Draco09876
|c|☆WAPtotheTOP|ur so bad
|c|☆WAPtotheTOP|sigh
|c|☆WAPtotheTOP|be ashamed
