|j|☆Lunar Neo
|j|☆OUTM walkeroftime
|player|p1|Lunar Neo|248|1615
|player|p2|OUTM walkeroftime|2|1672
|teamsize|p1|6
|teamsize|p2|6
|gametype|singles
|gen|8
|tier|[Gen 8] OU
|rated|
|rule|Sleep Clause Mod: Limit one foe put to sleep
|rule|Species Clause: Limit one of each Pokémon
|rule|OHKO Clause: OHKO moves are banned
|rule|Evasion Moves Clause: Evasion moves are banned
|rule|Endless Battle Clause: Forcing endless battles is banned
|rule|HP Percentage Mod: HP is shown in percentages
|clearpoke
|poke|p1|Hydreigon, F|
|poke|p1|Mamoswine, F|
|poke|p1|Aegislash, M|
|poke|p1|Clefable, F|
|poke|p1|Rotom-Wash|
|poke|p1|Toxtricity, F|
|poke|p2|Corviknight, M|
|poke|p2|Seismitoad, F|
|poke|p2|Glalie, F|
|poke|p2|Bisharp, M|
|poke|p2|Ditto|
|poke|p2|Dragapult, F|
|teampreview
|j| RockMeAmadaeus
|inactive|Battle timer is ON: inactive players will automatically lose when time's up. (requested by Lunar Neo)
|j| Z the Ultimate
|
|start
|switch|p1a: Toxtricity|Toxtricity, F|100/100
|switch|p2a: Seismitoad|Seismitoad, F|100/100
|turn|1
|
|move|p1a: Toxtricity|Boomburst|p2a: Seismitoad
|-damage|p2a: Seismitoad|0 fnt
|faint|p2a: Seismitoad
|
|upkeep
|j| 21yearoldvirgin
|c|☆Lunar Neo|works every time
|
|switch|p2a: Dragapult|Dragapult, F|100/100
|turn|2
|
|switch|p1a: Clefable|Clefable, F|100/100
|move|p2a: Dragapult|Shadow Ball|p1a: Clefable
|-damage|p1a: Clefable|59/100
|
|-heal|p1a: Clefable|65/100|[from] item: Leftovers
|upkeep
|turn|3
|j| AdamL6012
|c|☆OUTM walkeroftime|I didn t know boombusrt os
|inactive|OUTM walkeroftime has 120 seconds left.
|
|switch|p2a: Bisharp|Bisharp, M|100/100
|move|p1a: Clefable|Moonlight|p1a: Clefable
|-heal|p1a: Clefable|100/100
|
|upkeep
|turn|4
|l| AdamL6012
|
|switch|p1a: Rotom|Rotom-Wash|100/100
|move|p2a: Bisharp|Swords Dance|p2a: Bisharp
|-boost|p2a: Bisharp|atk|2
|
|upkeep
|turn|5
|
|-start|p2a: Bisharp|Dynamax
|-heal|p2a: Bisharp|100/100|[silent]
|move|p2a: Bisharp|Max Darkness|p1a: Rotom
|-damage|p1a: Rotom|0 fnt
|faint|p1a: Rotom
|
|upkeep
|j| Miss Balenciaga
|c|☆Lunar Neo|fuck I have nothing thia
|c| 21yearoldvirgin|Bisharp works every time
|
|switch|p1a: Aegislash|Aegislash, M|100/100
|turn|6
|
|move|p1a: Aegislash|King's Shield|p1a: Aegislash
|-singleturn|p1a: Aegislash|Protect
|move|p2a: Bisharp|Max Darkness|p1a: Aegislash
|-supereffective|p1a: Aegislash
|-zbroken|p1a: Aegislash
|-damage|p1a: Aegislash|49/100
|-unboost|p1a: Aegislash|spd|1
|
|-heal|p1a: Aegislash|55/100|[from] item: Leftovers
|upkeep
|turn|7
|
|move|p2a: Bisharp|Max Darkness|p1a: Aegislash
|-supereffective|p1a: Aegislash
|-damage|p1a: Aegislash|0 fnt
|faint|p1a: Aegislash
|
|-end|p2a: Bisharp|Dynamax
|-heal|p2a: Bisharp|100/100|[silent]
|upkeep
|
|switch|p1a: Mamoswine|Mamoswine, F|100/100
|turn|8
|j| fghjghjn
|l| fghjghjn
|
|-start|p1a: Mamoswine|Dynamax
|-heal|p1a: Mamoswine|100/100|[silent]
|move|p2a: Bisharp|Iron Head|p1a: Mamoswine
|-supereffective|p1a: Mamoswine
|-damage|p1a: Mamoswine|16/100
|move|p1a: Mamoswine|Max Quake|p2a: Bisharp
|-supereffective|p2a: Bisharp
|-enditem|p2a: Bisharp|Focus Sash
|-damage|p2a: Bisharp|1/100
|-boost|p1a: Mamoswine|spd|1
|
|upkeep
|turn|9
|
|move|p2a: Bisharp|Sucker Punch|p1a: Mamoswine
|-damage|p1a: Mamoswine|0 fnt
|faint|p1a: Mamoswine
|
|upkeep
|
|switch|p1a: Hydreigon|Hydreigon, F|100/100
|turn|10
|
|move|p1a: Hydreigon|Dark Pulse|p2a: Bisharp
|-resisted|p2a: Bisharp
|-damage|p2a: Bisharp|0 fnt
|faint|p2a: Bisharp
|
|upkeep
|
|switch|p2a: Ditto|Ditto|100/100
|-transform|p2a: Ditto|p1a: Hydreigon|[from] ability: Imposter
|turn|11
|j| memphisfung
|j| Trarhu
|
|move|p2a: Ditto|Flash Cannon|p1a: Hydreigon
|-damage|p1a: Hydreigon|68/100
|move|p1a: Hydreigon|Nasty Plot|p1a: Hydreigon
|-boost|p1a: Hydreigon|spa|2
|
|-heal|p1a: Hydreigon|74/100|[from] item: Leftovers
|upkeep
|turn|12
|
|move|p2a: Ditto|Flash Cannon|p1a: Hydreigon
|-damage|p1a: Hydreigon|42/100
|move|p1a: Hydreigon|Flash Cannon|p2a: Ditto
|-damage|p2a: Ditto|37/100
|
|-heal|p1a: Hydreigon|48/100|[from] item: Leftovers
|upkeep
|turn|13
|
|move|p2a: Ditto|Flash Cannon|p1a: Hydreigon
|-damage|p1a: Hydreigon|18/100
|move|p1a: Hydreigon|Flash Cannon|p2a: Ditto
|-damage|p2a: Ditto|0 fnt
|faint|p2a: Ditto
|
|-heal|p1a: Hydreigon|24/100|[from] item: Leftovers
|upkeep
|
|switch|p2a: Dragapult|Dragapult, F|100/100
|turn|14
|j| LandoCaminando
|
|switch|p1a: Clefable|Clefable, F|100/100
|move|p2a: Dragapult|Draco Meteor|p1a: Clefable
|-immune|p1a: Clefable
|
|upkeep
|turn|15
|c| 21yearoldvirgin|Glalie sweep
|c| 21yearoldvirgin|Gg
|
|switch|p2a: Corviknight|Corviknight, M|100/100
|-ability|p2a: Corviknight|Pressure
|move|p1a: Clefable|Moonblast|p2a: Corviknight
|-resisted|p2a: Corviknight
|-damage|p2a: Corviknight|88/100
|
|-heal|p2a: Corviknight|95/100|[from] item: Leftovers
|upkeep
|turn|16
|c| 21yearoldvirgin|Damn no u turn??
|
|switch|p1a: Toxtricity|Toxtricity, F|100/100
|move|p2a: Corviknight|Brave Bird|p1a: Toxtricity
|-resisted|p1a: Toxtricity
|-damage|p1a: Toxtricity|74/100
|-damage|p2a: Corviknight|88/100|[from] Recoil
|
|-heal|p2a: Corviknight|94/100|[from] item: Leftovers
|upkeep
|turn|17
|j| OUTM Wander
|
|switch|p2a: Dragapult|Dragapult, F|100/100
|move|p1a: Toxtricity|Overdrive|p2a: Dragapult
|-resisted|p2a: Dragapult
|-damage|p2a: Dragapult|41/100
|
|upkeep
|turn|18
|
|switch|p1a: Clefable|Clefable, F|100/100
|move|p2a: Dragapult|Shadow Ball|p1a: Clefable
|-damage|p1a: Clefable|55/100
|
|-heal|p1a: Clefable|61/100|[from] item: Leftovers
|upkeep
|turn|19
|j|‽frenzy35
|
|move|p2a: Dragapult|Shadow Ball|p1a: Clefable
|-damage|p1a: Clefable|19/100
|-unboost|p1a: Clefable|spd|1
|move|p1a: Clefable|Moonlight|p1a: Clefable
|-heal|p1a: Clefable|69/100
|
|-heal|p1a: Clefable|75/100|[from] item: Leftovers
|upkeep
|turn|20
|l| LandoCaminando
|
|move|p2a: Dragapult|Shadow Ball|p1a: Clefable
|-crit|p1a: Clefable
|-damage|p1a: Clefable|0 fnt
|faint|p1a: Clefable
|
|upkeep
|
|switch|p1a: Hydreigon|Hydreigon, F|24/100
|turn|21
|c|☆OUTM walkeroftime|Nice
|
|move|p2a: Dragapult|Shadow Ball|p1a: Hydreigon
|-resisted|p1a: Hydreigon
|-damage|p1a: Hydreigon|0 fnt
|faint|p1a: Hydreigon
|
|upkeep
|
|switch|p1a: Toxtricity|Toxtricity, F|74/100
|turn|22
|c|☆Lunar Neo|fuck lol
|
|move|p2a: Dragapult|Shadow Ball|p1a: Toxtricity
|-damage|p1a: Toxtricity|0 fnt
|faint|p1a: Toxtricity
|
|win|OUTM walkeroftime
|l|☆OUTM walkeroftime
|c| 21yearoldvirgin|Bruh
|c| 21yearoldvirgin|Luck
|c| 21yearoldvirgin|Op
