|j|☆beanos snap
|j|☆Skipthedripbayless
|t:|1609009992
|player|p1|beanos snap|wally|1806
|player|p2|Skipthedripbayless|aromalady|1842
|teamsize|p1|6
|teamsize|p2|6
|gametype|singles
|gen|8
|tier|[Gen 8] OU
|rated|
|clearpoke
|poke|p1|Magearna|
|poke|p1|Latios, M|
|poke|p1|Crawdaunt, F|
|poke|p1|Ferrothorn, M|
|poke|p1|Moltres|
|poke|p1|Landorus-Therian, M|
|poke|p2|Pelipper, F|
|poke|p2|Volcanion|
|poke|p2|Magearna-Original|
|poke|p2|Cresselia, F|
|poke|p2|Crawdaunt, M|
|poke|p2|Thundurus-Therian, M|
|rule|Sleep Clause Mod: Limit one foe put to sleep
|rule|Species Clause: Limit one of each Pokémon
|rule|OHKO Clause: OHKO moves are banned
|rule|Evasion Moves Clause: Evasion moves are banned
|rule|Endless Battle Clause: Forcing endless battles is banned
|rule|HP Percentage Mod: HP is shown in percentages
|rule|Dynamax Clause: You cannot dynamax
|teampreview
|j| taw
|j| 0zorcNecropHADES
|inactive|Battle timer is ON: inactive players will automatically lose when time's up. (requested by Skipthedripbayless)
|
|t:|1609010008
|start
|switch|p1a: Magearna|Magearna|100/100
|switch|p2a: Thundurus|Thundurus-Therian, M|100/100
|turn|1
|
|t:|1609010011
|move|p2a: Thundurus|Volt Switch|p1a: Magearna
|-damage|p1a: Magearna|63/100
|j| corona positiv
|
|t:|1609010013
|switch|p2a: Magearna|Magearna-Original|100/100|[from]move: Volt Switch
|move|p1a: Magearna|Fleur Cannon|p2a: Magearna
|-resisted|p2a: Magearna
|-damage|p2a: Magearna|50/100
|-unboost|p1a: Magearna|spa|2
|
|-heal|p2a: Magearna|57/100|[from] item: Leftovers
|upkeep
|turn|2
|
|t:|1609010020
|switch|p1a: Moltres|Moltres|100/100
|move|p2a: Magearna|Trick Room|p2a: Magearna
|-fieldstart|move: Trick Room|[of] p2a: Magearna
|
|-heal|p2a: Magearna|63/100|[from] item: Leftovers
|upkeep
|turn|3
|
|t:|1609010024
|move|p2a: Magearna|Volt Switch|p1a: Moltres
|-supereffective|p1a: Moltres
|-damage|p1a: Moltres|62/100
|
|t:|1609010025
|switch|p2a: Pelipper|Pelipper, F|100/100|[from]move: Volt Switch
|-weather|RainDance|[from] ability: Drizzle|[of] p2a: Pelipper
|move|p1a: Moltres|Roost|p1a: Moltres
|-heal|p1a: Moltres|100/100
|-singleturn|p1a: Moltres|move: Roost
|
|-weather|RainDance|[upkeep]
|upkeep
|turn|4
|
|t:|1609010029
|switch|p1a: Ferrothorn|Ferrothorn, M|100/100
|move|p2a: Pelipper|U-turn|p1a: Ferrothorn
|-damage|p1a: Ferrothorn|95/100
|-damage|p2a: Pelipper|88/100|[from] ability: Iron Barbs|[of] p1a: Ferrothorn
|j| Magic Mundo
|
|t:|1609010045
|switch|p2a: Volcanion|Volcanion|100/100|[from]move: U-turn
|
|-weather|RainDance|[upkeep]
|upkeep
|turn|5
|
|t:|1609010053
|move|p1a: Ferrothorn|Spikes|p2a: Volcanion
|-sidestart|p2: Skipthedripbayless|Spikes
|move|p2a: Volcanion|Steam Eruption|p1a: Ferrothorn
|-resisted|p1a: Ferrothorn
|-damage|p1a: Ferrothorn|33/100
|-status|p1a: Ferrothorn|brn
|
|-weather|RainDance|[upkeep]
|-damage|p1a: Ferrothorn|27/100 brn|[from] brn
|upkeep
|turn|6
|
|t:|1609010057
|move|p1a: Ferrothorn|Power Whip|p2a: Volcanion|[miss]
|-miss|p1a: Ferrothorn|p2a: Volcanion
|move|p2a: Volcanion|Steam Eruption|p1a: Ferrothorn
|-resisted|p1a: Ferrothorn
|-damage|p1a: Ferrothorn|0 fnt
|faint|p1a: Ferrothorn
|
|-weather|RainDance|[upkeep]
|-fieldend|move: Trick Room
|upkeep
|
|t:|1609010068
|switch|p1a: Crawdaunt|Crawdaunt, F|100/100
|turn|7
|
|t:|1609010076
|move|p1a: Crawdaunt|Knock Off|p2a: Volcanion
|-damage|p2a: Volcanion|14/100
|-enditem|p2a: Volcanion|Choice Specs|[from] move: Knock Off|[of] p1a: Crawdaunt
|move|p2a: Volcanion|Steam Eruption|p1a: Crawdaunt
|-resisted|p1a: Crawdaunt
|-damage|p1a: Crawdaunt|5/100
|
|-weather|RainDance|[upkeep]
|upkeep
|turn|8
|
|t:|1609010081
|move|p1a: Crawdaunt|Knock Off|p2a: Volcanion
|-damage|p2a: Volcanion|0 fnt
|faint|p2a: Volcanion
|
|-weather|RainDance|[upkeep]
|upkeep
|c| 0zorcNecropHADES|why is volca steam so srtong
|
|t:|1609010085
|switch|p2a: Thundurus|Thundurus-Therian, M|100/100
|turn|9
|
|t:|1609010091
|move|p2a: Thundurus|Weather Ball|p1a: Crawdaunt
|-resisted|p1a: Crawdaunt
|-damage|p1a: Crawdaunt|0 fnt
|faint|p1a: Crawdaunt
|
|-weather|RainDance|[upkeep]
|upkeep
|j| BroSavage
|
|t:|1609010106
|switch|p1a: Landorus|Landorus-Therian, M|100/100
|-ability|p1a: Landorus|Intimidate|boost
|-unboost|p2a: Thundurus|atk|1
|turn|10
|
|t:|1609010113
|move|p1a: Landorus|Knock Off|p2a: Thundurus
|-damage|p2a: Thundurus|45/100
|-enditem|p2a: Thundurus|Heavy-Duty Boots|[from] move: Knock Off|[of] p1a: Landorus
|move|p2a: Thundurus|Weather Ball|p1a: Landorus
|-supereffective|p1a: Landorus
|-damage|p1a: Landorus|0 fnt
|faint|p1a: Landorus
|
|-weather|none
|upkeep
|
|t:|1609010127
|switch|p1a: Magearna|Magearna|63/100
|turn|11
|
|t:|1609010130
|move|p2a: Thundurus|Volt Switch|p1a: Magearna
|-damage|p1a: Magearna|21/100
|
|t:|1609010134
|switch|p2a: Pelipper|Pelipper, F|88/100|[from]move: Volt Switch
|-weather|RainDance|[from] ability: Drizzle|[of] p2a: Pelipper
|move|p1a: Magearna|Flash Cannon|p2a: Pelipper
|-resisted|p2a: Pelipper
|-crit|p2a: Pelipper
|-damage|p2a: Pelipper|13/100
|
|-weather|RainDance|[upkeep]
|upkeep
|turn|12
|
|t:|1609010144
|move|p1a: Magearna|Flash Cannon|p2a: Pelipper
|-resisted|p2a: Pelipper
|-damage|p2a: Pelipper|0 fnt
|faint|p2a: Pelipper
|-ability|p1a: Magearna|Soul-Heart|boost
|-boost|p1a: Magearna|spa|1
|
|-weather|RainDance|[upkeep]
|upkeep
|
|t:|1609010146
|switch|p2a: Thundurus|Thundurus-Therian, M|45/100
|turn|13
|
|t:|1609010156
|switch|p1a: Latios|Latios, M|100/100
|move|p2a: Thundurus|Volt Switch|p1a: Latios
|-resisted|p1a: Latios
|-damage|p1a: Latios|79/100
|
|t:|1609010159
|switch|p2a: Magearna|Magearna-Original|63/100|[from]move: Volt Switch
|-damage|p2a: Magearna|50/100|[from] Spikes
|
|-weather|RainDance|[upkeep]
|-heal|p2a: Magearna|56/100|[from] item: Leftovers
|upkeep
|turn|14
|
|t:|1609010162
|move|p1a: Latios|Earthquake|p2a: Magearna
|-supereffective|p2a: Magearna
|-damage|p2a: Magearna|24/100
|-damage|p1a: Latios|69/100|[from] item: Life Orb
|move|p2a: Magearna|Trick Room|p2a: Magearna
|-fieldstart|move: Trick Room|[of] p2a: Magearna
|
|-weather|RainDance|[upkeep]
|-heal|p2a: Magearna|30/100|[from] item: Leftovers
|upkeep
|turn|15
|
|t:|1609010168
|switch|p1a: Moltres|Moltres|100/100
|move|p2a: Magearna|Fleur Cannon|p1a: Moltres
|-resisted|p1a: Moltres
|-damage|p1a: Moltres|73/100
|-unboost|p2a: Magearna|spa|2
|
|-weather|RainDance|[upkeep]
|-heal|p2a: Magearna|36/100|[from] item: Leftovers
|upkeep
|turn|16
|
|t:|1609010171
|move|p2a: Magearna|Volt Switch|p1a: Moltres
|-supereffective|p1a: Moltres
|-damage|p1a: Moltres|52/100
|
|t:|1609010172
|switch|p2a: Crawdaunt|Crawdaunt, M|100/100|[from]move: Volt Switch
|-damage|p2a: Crawdaunt|88/100|[from] Spikes
|move|p1a: Moltres|Roost|p1a: Moltres
|-heal|p1a: Moltres|100/100
|-singleturn|p1a: Moltres|move: Roost
|
|-weather|RainDance|[upkeep]
|upkeep
|turn|17
|
|t:|1609010177
|move|p2a: Crawdaunt|Crabhammer|p1a: Moltres
|-supereffective|p1a: Moltres
|-damage|p1a: Moltres|0 fnt
|-damage|p2a: Crawdaunt|78/100|[from] item: Life Orb
|faint|p1a: Moltres
|
|-weather|RainDance|[upkeep]
|upkeep
|
|t:|1609010183
|switch|p1a: Magearna|Magearna|21/100
|turn|18
|
|t:|1609010186
|move|p2a: Crawdaunt|Knock Off|p1a: Magearna
|-resisted|p1a: Magearna
|-damage|p1a: Magearna|0 fnt
|-enditem|p1a: Magearna|Choice Specs|[from] move: Knock Off|[of] p2a: Crawdaunt
|-damage|p2a: Crawdaunt|68/100|[from] item: Life Orb
|faint|p1a: Magearna
|
|-weather|none
|-fieldend|move: Trick Room
|upkeep
|
|t:|1609010187
|switch|p1a: Latios|Latios, M|69/100
|turn|19
|
|t:|1609010190
|switch|p2a: Thundurus|Thundurus-Therian, M|45/100
|move|p1a: Latios|Earthquake|p2a: Thundurus
|-immune|p2a: Thundurus
|
|upkeep
|turn|20
|
|t:|1609010193
|move|p1a: Latios|Ice Beam|p2a: Thundurus
|-supereffective|p2a: Thundurus
|-damage|p2a: Thundurus|0 fnt
|-damage|p1a: Latios|59/100|[from] item: Life Orb
|faint|p2a: Thundurus
|
|upkeep
|
|t:|1609010195
|switch|p2a: Cresselia|Cresselia, F|100/100
|turn|21
|
|t:|1609010196
|move|p1a: Latios|Roost|p1a: Latios
|-heal|p1a: Latios|100/100
|-singleturn|p1a: Latios|move: Roost
|move|p2a: Cresselia|Trick Room|p2a: Cresselia
|-fieldstart|move: Trick Room|[of] p2a: Cresselia
|
|upkeep
|turn|22
|
|t:|1609010198
|move|p2a: Cresselia|Lunar Dance|p2a: Cresselia
|faint|p2a: Cresselia
|move|p1a: Latios|Ice Beam|p2: Cresselia|[notarget]
|-fail|p1a: Latios
|
|upkeep
|j| Anpawo
|
|t:|1609010200
|switch|p2a: Crawdaunt|Crawdaunt, M|68/100
|-heal|p2a: Crawdaunt|100/100|[from] move: Lunar Dance
|-damage|p2a: Crawdaunt|88/100|[from] Spikes
|turn|23
|
|t:|1609010203
|move|p2a: Crawdaunt|Knock Off|p1a: Latios
|-supereffective|p1a: Latios
|-damage|p1a: Latios|0 fnt
|-enditem|p1a: Latios|Life Orb|[from] move: Knock Off|[of] p2a: Crawdaunt
|-damage|p2a: Crawdaunt|78/100|[from] item: Life Orb
|faint|p1a: Latios
|
|win|Skipthedripbayless
|c|☆beanos snap|gg
