|j|☆playeraccount
|j|☆bilibilixyzmm
|t:|1661676972
|gametype|singles
|player|p1|playeraccount|101|1088
|player|p2|bilibilixyzmm|giovanni|1078
|teamsize|p1|6
|teamsize|p2|6
|gen|8
|tier|[Gen 8] OU
|rated|
|rule|Sleep Clause Mod: Limit one foe put to sleep
|rule|Species Clause: Limit one of each Pokémon
|rule|OHKO Clause: OHKO moves are banned
|rule|Evasion Items Clause: Evasion items are banned
|rule|Evasion Moves Clause: Evasion moves are banned
|rule|Endless Battle Clause: Forcing endless battles is banned
|rule|HP Percentage Mod: HP is shown in percentages
|rule|Dynamax Clause: You cannot dynamax
|clearpoke
|poke|p1|Latias, F|
|poke|p1|Slowbro, F|
|poke|p1|Nidoqueen, F|
|poke|p1|Scizor, F|
|poke|p1|Audino, M|
|poke|p1|Gengar, F|
|poke|p2|Azumarill, F|
|poke|p2|Torracat, M|
|poke|p2|Raboot, M|
|poke|p2|Kadabra, M|
|poke|p2|Sneasel, F|
|poke|p2|Ferroseed, M|
|teampreview
|inactive|Battle timer is ON: inactive players will automatically lose when time's up. (requested by playeraccount)
|inactive|bilibilixyzmm also wants the timer to be on.
|
|t:|1661676984
|start
|switch|p1a: Scizor|Scizor, F|100/100
|switch|p2a: Sneasel|Sneasel, F, shiny|100/100
|turn|1
|
|t:|1661676994
|switch|p2a: Ferroseed|Ferroseed, M, shiny|100/100
|move|p1a: Scizor|Bullet Punch|p2a: Ferroseed
|-resisted|p2a: Ferroseed
|-damage|p2a: Ferroseed|90/100
|-damage|p1a: Scizor|88/100|[from] ability: Iron Barbs|[of] p2a: Ferroseed
|
|upkeep
|turn|2
|
|t:|1661677006
|move|p1a: Scizor|Knock Off|p2a: Ferroseed
|-damage|p2a: Ferroseed|69/100
|-damage|p1a: Scizor|76/100|[from] ability: Iron Barbs|[of] p2a: Ferroseed
|-enditem|p2a: Ferroseed|Eviolite|[from] move: Knock Off|[of] p1a: Scizor
|move|p2a: Ferroseed|Leech Seed|p1a: Scizor
|-start|p1a: Scizor|move: Leech Seed
|
|-damage|p1a: Scizor|64/100|[from] Leech Seed|[of] p2a: Ferroseed
|-heal|p2a: Ferroseed|84/100|[silent]
|upkeep
|turn|3
|
|t:|1661677014
|switch|p1a: Nidoqueen|Nidoqueen, F, shiny|100/100
|move|p2a: Ferroseed|Protect||[still]
|-fail|p2a: Ferroseed
|
|upkeep
|turn|4
|
|t:|1661677022
|move|p1a: Nidoqueen|Flamethrower|p2a: Ferroseed
|-supereffective|p2a: Ferroseed
|-damage|p2a: Ferroseed|0 fnt
|faint|p2a: Ferroseed
|
|upkeep
|
|t:|1661677027
|switch|p2a: Kadabra|Kadabra, M, shiny|100/100
|turn|5
|
|t:|1661677037
|switch|p1a: Audino|Audino, M, shiny|100/100
|move|p2a: Kadabra|Psychic|p1a: Audino
|-damage|p1a: Audino|64/100
|
|upkeep
|turn|6
|
|t:|1661677045
|move|p2a: Kadabra|Psychic|p1a: Audino
|-damage|p1a: Audino|27/100
|move|p1a: Audino|Yawn|p2a: Kadabra
|-start|p2a: Kadabra|move: Yawn|[of] p1a: Audino
|
|upkeep
|turn|7
|
|t:|1661677050
|switch|p1a: Latias|Latias, F, shiny|100/100
|move|p2a: Kadabra|Psychic|p1a: Latias
|-resisted|p1a: Latias
|-damage|p1a: Latias|78/100
|
|-heal|p1a: Latias|84/100|[from] item: Leftovers
|-end|p2a: Kadabra|move: Yawn|[silent]
|-status|p2a: Kadabra|slp
|upkeep
|turn|8
|
|t:|1661677060
|switch|p1a: Gengar|Gengar, F, shiny|100/100
|cant|p2a: Kadabra|slp
|
|upkeep
|turn|9
|
|t:|1661677066
|switch|p1a: Scizor|Scizor, F|64/100
|switch|p2a: Sneasel|Sneasel, F, shiny|100/100
|
|upkeep
|turn|10
|
|t:|1661677076
|switch|p2a: Torracat|Torracat, M, shiny|100/100
|-ability|p2a: Torracat|Intimidate|boost
|-unboost|p1a: Scizor|atk|1
|move|p1a: Scizor|Bullet Punch|p2a: Torracat
|-resisted|p2a: Torracat
|-damage|p2a: Torracat|88/100
|
|upkeep
|turn|11
|
|t:|1661677088
|switch|p1a: Nidoqueen|Nidoqueen, F, shiny|100/100
|move|p2a: Torracat|Overheat|p1a: Nidoqueen
|-damage|p1a: Nidoqueen|58/100
|-unboost|p2a: Torracat|spa|2
|
|upkeep
|turn|12
|
|t:|1661677095
|move|p1a: Nidoqueen|Earth Power|p2a: Torracat
|-supereffective|p2a: Torracat
|-damage|p2a: Torracat|9/100
|move|p2a: Torracat|Parting Shot|p1a: Nidoqueen
|-unboost|p1a: Nidoqueen|atk|1
|-unboost|p1a: Nidoqueen|spa|1
|
|t:|1661677105
|switch|p2a: Azumarill|Azumarill, F, shiny|100/100|[from]move: Parting Shot
|
|upkeep
|turn|13
|
|t:|1661677109
|switch|p1a: Scizor|Scizor, F|64/100
|move|p2a: Azumarill|Belly Drum|p2a: Azumarill
|-damage|p2a: Azumarill|51/100
|-setboost|p2a: Azumarill|atk|6|[from] move: Belly Drum
|
|upkeep
|turn|14
|
|t:|1661677115
|move|p1a: Scizor|Bullet Punch|p2a: Azumarill
|-damage|p2a: Azumarill|15/100
|-enditem|p2a: Azumarill|Sitrus Berry|[eat]
|-heal|p2a: Azumarill|39/100|[from] item: Sitrus Berry
|move|p2a: Azumarill|Aqua Jet|p1a: Scizor
|-damage|p1a: Scizor|0 fnt
|faint|p1a: Scizor
|
|upkeep
|
|t:|1661677120
|switch|p1a: Gengar|Gengar, F, shiny|100/100
|turn|15
|
|t:|1661677123
|move|p2a: Azumarill|Aqua Jet|p1a: Gengar
|-damage|p1a: Gengar|0 fnt
|faint|p1a: Gengar
|
|upkeep
|
|t:|1661677127
|switch|p1a: Slowbro|Slowbro, F, shiny|100/100
|turn|16
|
|t:|1661677131
|move|p2a: Azumarill|Play Rough|p1a: Slowbro
|-damage|p1a: Slowbro|0 fnt
|-damage|p2a: Azumarill|23/100|[from] item: Rocky Helmet|[of] p1a: Slowbro
|faint|p1a: Slowbro
|
|upkeep
|
|t:|1661677138
|switch|p1a: Nidoqueen|Nidoqueen, F, shiny|58/100
|turn|17
|
|t:|1661677141
|move|p2a: Azumarill|Aqua Jet|p1a: Nidoqueen
|-supereffective|p1a: Nidoqueen
|-damage|p1a: Nidoqueen|0 fnt
|faint|p1a: Nidoqueen
|
|upkeep
|
|t:|1661677145
|switch|p1a: Latias|Latias, F, shiny|84/100
|turn|18
|
|t:|1661677149
|move|p2a: Azumarill|Aqua Jet|p1a: Latias
|-resisted|p1a: Latias
|-damage|p1a: Latias|39/100
|move|p1a: Latias|Calm Mind|p1a: Latias
|-boost|p1a: Latias|spa|1
|-boost|p1a: Latias|spd|1
|
|-heal|p1a: Latias|45/100|[from] item: Leftovers
|upkeep
|turn|19
|
|t:|1661677152
|move|p2a: Azumarill|Aqua Jet|p1a: Latias
|-resisted|p1a: Latias
|-damage|p1a: Latias|2/100
|move|p1a: Latias|Recover|p1a: Latias
|-heal|p1a: Latias|52/100
|
|-heal|p1a: Latias|58/100|[from] item: Leftovers
|upkeep
|turn|20
|
|t:|1661677158
|move|p1a: Latias|Grass Knot|p2a: Azumarill
|-supereffective|p2a: Azumarill
|-damage|p2a: Azumarill|0 fnt
|faint|p2a: Azumarill
|
|-heal|p1a: Latias|64/100|[from] item: Leftovers
|upkeep
|
|t:|1661677161
|switch|p2a: Sneasel|Sneasel, F, shiny|100/100
|turn|21
|
|t:|1661677167
|move|p2a: Sneasel|Knock Off|p1a: Latias
|-supereffective|p1a: Latias
|-damage|p1a: Latias|0 fnt
|-enditem|p1a: Latias|Leftovers|[from] move: Knock Off|[of] p2a: Sneasel
|faint|p1a: Latias
|-damage|p2a: Sneasel|91/100|[from] item: Life Orb
|
|upkeep
|-message|playeraccount forfeited.
|
|win|bilibilixyzmm
|raw|playeraccount's rating: 1088 &rarr; <strong>1064</strong><br />(-24 for losing)
|raw|bilibilixyzmm's rating: 1078 &rarr; <strong>1107</strong><br />(+29 for winning)
|l|☆playeraccount
