|j|☆Dumb And Broke
|j|☆valentine
|t:|1614039369
|player|p1|Dumb And Broke|artist-gen4|
|player|p2|valentine|acetrainer|
|teamsize|p1|6
|teamsize|p2|6
|gametype|singles
|gen|8
|tier|[Gen 8] OU
|clearpoke
|poke|p1|Volcarona, M|
|poke|p1|Clefable, F|
|poke|p1|Toxapex, M|
|poke|p1|Landorus-Therian, M|
|poke|p1|Corviknight, M|
|poke|p1|Tapu Koko|
|poke|p2|Tapu Koko|
|poke|p2|Landorus-Therian, M|
|poke|p2|Kartana|
|poke|p2|Hawlucha, M|
|poke|p2|Dragapult, M|
|poke|p2|Dragonite, F|
|rule|Sleep Clause Mod: Limit one foe put to sleep
|rule|Species Clause: Limit one of each Pokémon
|rule|OHKO Clause: OHKO moves are banned
|rule|Evasion Moves Clause: Evasion moves are banned
|rule|Endless Battle Clause: Forcing endless battles is banned
|rule|HP Percentage Mod: HP is shown in percentages
|rule|Dynamax Clause: You cannot dynamax
|teampreview
|c|☆valentine|hf
|j| HIROGARU NAMIDA
|c|☆Dumb And Broke|Hf
|j| Hockey1
|c| Hockey1|LETS GO VAL
|n| ima|hirogarunamida
|inactive|Battle timer is ON: inactive players will automatically lose when time's up. (requested by valentine)
|j| z0mOG
|
|t:|1614039433
|start
|switch|p1a: Corviknight|Corviknight, M|100/100
|switch|p2a: Dragapult|Dragapult, M|100/100
|-ability|p1a: Corviknight|Pressure
|turn|1
|
|t:|1614039452
|move|p2a: Dragapult|Flamethrower|p1a: Corviknight
|-supereffective|p1a: Corviknight
|-damage|p1a: Corviknight|26/100
|move|p1a: Corviknight|Brave Bird|p2a: Dragapult
|-damage|p2a: Dragapult|53/100
|-damage|p1a: Corviknight|14/100|[from] Recoil
|
|-heal|p1a: Corviknight|20/100|[from] item: Leftovers
|upkeep
|turn|2
|
|t:|1614039473
|switch|p2a: Landorus|Landorus-Therian, M|100/100
|-ability|p2a: Landorus|Intimidate|boost
|-unboost|p1a: Corviknight|atk|1
|move|p1a: Corviknight|Roost|p1a: Corviknight
|-heal|p1a: Corviknight|70/100
|-singleturn|p1a: Corviknight|move: Roost
|
|-heal|p1a: Corviknight|76/100|[from] item: Leftovers
|upkeep
|turn|3
|
|t:|1614039478
|move|p2a: Landorus|Stealth Rock|p1a: Corviknight
|-sidestart|p1: Dumb And Broke|move: Stealth Rock
|move|p1a: Corviknight|Brave Bird|p2a: Landorus
|-damage|p2a: Landorus|71/100
|-damage|p1a: Corviknight|69/100|[from] Recoil
|
|-heal|p1a: Corviknight|75/100|[from] item: Leftovers
|upkeep
|turn|4
|
|t:|1614039485
|move|p2a: Landorus|Explosion|p1a: Corviknight
|-resisted|p1a: Corviknight
|-damage|p1a: Corviknight|40/100
|faint|p2a: Landorus
|move|p1a: Corviknight|Defog|p2: Landorus|[notarget]
|-fail|p1a: Corviknight
|
|-heal|p1a: Corviknight|47/100|[from] item: Leftovers
|upkeep
|
|t:|1614039508
|switch|p2a: Dragapult|Dragapult, M|53/100
|turn|5
|inactive|Dumb And Broke has 270 seconds left.
|
|t:|1614039566
|switch|p1a: Toxapex|Toxapex, M|100/100
|-damage|p1a: Toxapex|88/100|[from] Stealth Rock
|move|p2a: Dragapult|Shadow Ball|p1a: Toxapex
|-damage|p1a: Toxapex|53/100
|
|upkeep
|turn|6
|
|t:|1614039575
|switch|p2a: Tapu Koko|Tapu Koko|100/100
|-fieldstart|move: Electric Terrain|[from] ability: Electric Surge|[of] p2a: Tapu Koko
|move|p1a: Toxapex|Knock Off|p2a: Tapu Koko
|-resisted|p2a: Tapu Koko
|-damage|p2a: Tapu Koko|89/100
|-enditem|p2a: Tapu Koko|Choice Specs|[from] move: Knock Off|[of] p1a: Toxapex
|
|upkeep
|turn|7
|inactive|Dumb And Broke has 240 seconds left.
|j| THN MANA SOU
|inactive|valentine has 270 seconds left.
|inactive|Dumb And Broke has 210 seconds left.
|l| THN MANA SOU
|inactive|Dumb And Broke has 180 seconds left.
|
|t:|1614039659
|switch|p1a: Landorus|Landorus-Therian, M|100/100
|-damage|p1a: Landorus|88/100|[from] Stealth Rock
|-ability|p1a: Landorus|Intimidate|boost
|-unboost|p2a: Tapu Koko|atk|1
|move|p2a: Tapu Koko|U-turn|p1a: Landorus
|-resisted|p1a: Landorus
|-damage|p1a: Landorus|84/100
|inactive|valentine has 240 seconds left.
|inactive|valentine has 210 seconds left.
|
|t:|1614039712
|switch|p2a: Dragapult|Dragapult, M|53/100|[from]move: U-turn
|
|-heal|p1a: Landorus|90/100|[from] item: Leftovers
|upkeep
|turn|8
|inactive|valentine has 210 seconds left.
|
|t:|1614039725
|move|p2a: Dragapult|Draco Meteor|p1a: Landorus
|-damage|p1a: Landorus|0 fnt
|-unboost|p2a: Dragapult|spa|2
|faint|p1a: Landorus
|
|upkeep
|
|t:|1614039731
|switch|p1a: Tapu Koko|Tapu Koko|100/100
|turn|9
|inactive|valentine has 210 seconds left.
|inactive|valentine has 180 seconds left.
|
|t:|1614039784
|switch|p2a: Kartana|Kartana|100/100
|move|p1a: Tapu Koko|Dazzling Gleam|p2a: Kartana
|-resisted|p2a: Kartana
|-damage|p2a: Kartana|50/100
|
|upkeep
|turn|10
|inactive|valentine has 180 seconds left.
|c|☆Dumb And Broke|Y’all can hurry up •_•
|
|t:|1614039803
|move|p2a: Kartana|Leaf Blade|p1a: Tapu Koko
|-damage|p1a: Tapu Koko|18/100
|move|p1a: Tapu Koko|Thunderbolt|p2a: Kartana
|-resisted|p2a: Kartana
|-damage|p2a: Kartana|0 fnt
|faint|p2a: Kartana
|
|-fieldend|move: Electric Terrain
|upkeep
|c|☆valentine|just me cheif
|inactive|valentine has 180 seconds left.
|c|☆valentine|and my timer was higher until just now
|c|☆valentine|hah
|c| ima|was bout to say
|c| ima|dont yall have less time
|c|☆Dumb And Broke|Im joking
|inactive|valentine has 150 seconds left.
|c|☆Dumb And Broke|And kek
|c|☆Dumb And Broke|Why would I ghost Robert
|
|t:|1614039864
|switch|p2a: Tapu Koko|Tapu Koko|89/100
|-fieldstart|move: Electric Terrain|[from] ability: Electric Surge|[of] p2a: Tapu Koko
|turn|11
|c|☆Dumb And Broke|Oh you no mean now
|c| ima|kek
|inactive|valentine has 120 seconds left.
|c|☆Dumb And Broke|Bea moment
|
|t:|1614039888
|switch|p1a: Volcarona|Volcarona, M|100/100
|move|p2a: Tapu Koko|Volt Switch|p1a: Volcarona
|-damage|p1a: Volcarona|64/100
|inactive|valentine has 120 seconds left.
|inactive|valentine has 90 seconds left.
|inactive|valentine has 60 seconds left.
|c| ima|timer
|
|t:|1614039971
|switch|p2a: Hawlucha|Hawlucha, M|100/100|[from]move: Volt Switch
|-enditem|p2a: Hawlucha|Electric Seed
|-boost|p2a: Hawlucha|def|1|[from] item: Electric Seed
|
|upkeep
|turn|12
|
|t:|1614039976
|move|p2a: Hawlucha|Swords Dance|p2a: Hawlucha
|-boost|p2a: Hawlucha|atk|2
|move|p1a: Volcarona|Flamethrower|p2a: Hawlucha
|-damage|p2a: Hawlucha|24/100
|
|upkeep
|turn|13
|
|t:|1614039988
|move|p2a: Hawlucha|Acrobatics|p1a: Volcarona
|-supereffective|p1a: Volcarona
|-damage|p1a: Volcarona|0 fnt
|faint|p1a: Volcarona
|
|upkeep
|
|t:|1614039997
|switch|p1a: Clefable|Clefable, F|100/100
|turn|14
|
|t:|1614040001
|move|p2a: Hawlucha|Acrobatics|p1a: Clefable
|-damage|p1a: Clefable|0 fnt
|faint|p1a: Clefable
|
|-damage|p2a: Hawlucha|12/100|[from] item: Sticky Barb
|upkeep
|c|☆Dumb And Broke|How I get all the wrong sets
|c|☆valentine|lmao
|c|☆Dumb And Broke|lmao
|c|☆Dumb And Broke|gg
|c|☆valentine|i swore unaware
|c|☆valentine|boots
|c|☆valentine|ggs
|inactive|Dumb And Broke has 210 seconds left.
|c|☆Dumb And Broke|Ggs
|-message|Dumb And Broke forfeited.
|
|win|valentine
|l|☆Dumb And Broke
