|j|☆liquid heroin
|j|☆Pinks1ip
|inactive|Battle timer is ON: inactive players will automatically lose when time's up.
|t:|1658330605
|gametype|singles
|player|p1|liquid heroin|doctor|
|player|p2|Pinks1ip|skierf|
|teamsize|p1|6
|teamsize|p2|6
|gen|8
|tier|[Gen 8] OU
|rated|Tournament battle
|rule|Sleep Clause Mod: Limit one foe put to sleep
|rule|Species Clause: Limit one of each Pokémon
|rule|OHKO Clause: OHKO moves are banned
|rule|Evasion Moves Clause: Evasion moves are banned
|rule|Endless Battle Clause: Forcing endless battles is banned
|rule|HP Percentage Mod: HP is shown in percentages
|rule|Dynamax Clause: You cannot dynamax
|clearpoke
|poke|p1|Mew|
|poke|p1|Weavile, F|
|poke|p1|Celesteela|
|poke|p1|Crawdaunt, F|
|poke|p1|Garchomp, M|
|poke|p1|Blacephalon|
|poke|p2|Krookodile, M|
|poke|p2|Keldeo-Resolute|
|poke|p2|Volcanion|
|poke|p2|Tornadus-Therian, M|
|poke|p2|Tangrowth, F|
|poke|p2|Heatran, F|
|teampreview
|
|t:|1658330621
|start
|switch|p1a: リード|Mew, shiny|100/100
|switch|p2a: Heatran|Heatran, F|100/100
|turn|1
|j| HiddenWater
|
|t:|1658330624
|move|p1a: リード|Taunt|p2a: Heatran
|-start|p2a: Heatran|move: Taunt
|move|p2a: Heatran|Magma Storm|p1a: リード|[miss]
|-miss|p2a: Heatran|p1a: リード
|
|upkeep
|turn|2
|
|t:|1658330629
|move|p1a: リード|Thunder Wave|p2a: Heatran
|-status|p2a: Heatran|par
|move|p2a: Heatran|Magma Storm|p1a: リード
|-damage|p1a: リード|67/100
|-activate|p1a: リード|move: Magma Storm|[of] p2a: Heatran
|
|-damage|p1a: リード|55/100|[from] move: Magma Storm|[partiallytrapped]
|upkeep
|turn|3
|
|t:|1658330632
|move|p1a: リード|Stealth Rock|p2a: Heatran
|-sidestart|p2: Pinks1ip|move: Stealth Rock
|cant|p2a: Heatran|par
|
|-damage|p1a: リード|42/100|[from] move: Magma Storm|[partiallytrapped]
|-end|p2a: Heatran|move: Taunt
|upkeep
|turn|4
|
|t:|1658330635
|move|p1a: リード|Spikes|p2a: Heatran
|-sidestart|p2: Pinks1ip|Spikes
|move|p2a: Heatran|Earth Power|p1a: リード
|-damage|p1a: リード|19/100
|
|-damage|p1a: リード|6/100|[from] move: Magma Storm|[partiallytrapped]
|upkeep
|turn|5
|
|t:|1658330640
|switch|p2a: Tangrowth|Tangrowth, F|100/100
|-damage|p2a: Tangrowth|88/100|[from] Stealth Rock
|-damage|p2a: Tangrowth|76/100|[from] Spikes
|move|p1a: リード|Taunt|p2a: Tangrowth
|-start|p2a: Tangrowth|move: Taunt
|
|-end|p1a: リード|Magma Storm|[partiallytrapped]|[silent]
|upkeep
|turn|6
|
|t:|1658330647
|switch|p2a: Krookodile|Krookodile, M|100/100
|-damage|p2a: Krookodile|94/100|[from] Stealth Rock
|-damage|p2a: Krookodile|82/100|[from] Spikes
|-ability|p2a: Krookodile|Intimidate|boost
|-unboost|p1a: リード|atk|1
|move|p1a: リード|Thunder Wave|p2a: Krookodile
|-immune|p2a: Krookodile
|
|upkeep
|turn|7
|
|t:|1658330649
|move|p2a: Krookodile|Knock Off|p1a: リード
|-supereffective|p1a: リード
|-damage|p1a: リード|0 fnt
|-enditem|p1a: リード|Mental Herb|[from] move: Knock Off|[of] p2a: Krookodile
|faint|p1a: リード
|
|upkeep
|
|t:|1658330657
|switch|p1a: 攻撃＃1|Weavile, F, shiny|100/100
|-ability|p1a: 攻撃＃1|Pressure
|turn|8
|
|t:|1658330660
|switch|p2a: Keldeo|Keldeo-Resolute|100/100
|-damage|p2a: Keldeo|94/100|[from] Stealth Rock
|-damage|p2a: Keldeo|82/100|[from] Spikes
|move|p1a: 攻撃＃1|Swords Dance|p1a: 攻撃＃1
|-boost|p1a: 攻撃＃1|atk|2
|
|upkeep
|turn|9
|
|t:|1658330663
|move|p1a: 攻撃＃1|Triple Axel|p2a: Keldeo
|-resisted|p2a: Keldeo
|-crit|p2a: Keldeo
|-damage|p2a: Keldeo|58/100
|-resisted|p2a: Keldeo
|-damage|p2a: Keldeo|27/100
|-resisted|p2a: Keldeo
|-damage|p2a: Keldeo|0 fnt
|faint|p2a: Keldeo
|-hitcount|p2: Keldeo|3
|
|upkeep
|
|t:|1658330676
|switch|p2a: Krookodile|Krookodile, M|82/100
|-damage|p2a: Krookodile|76/100|[from] Stealth Rock
|-damage|p2a: Krookodile|64/100|[from] Spikes
|-ability|p2a: Krookodile|Intimidate|boost
|-unboost|p1a: 攻撃＃1|atk|1
|turn|10
|
|t:|1658330678
|move|p1a: 攻撃＃1|Ice Shard|p2a: Krookodile
|-supereffective|p2a: Krookodile
|-damage|p2a: Krookodile|0 fnt
|faint|p2a: Krookodile
|
|upkeep
|
|t:|1658330682
|switch|p2a: Tornadus|Tornadus-Therian, M|100/100
|turn|11
|-message|Pinks1ip forfeited.
|
|win|liquid heroin
|n|☆liquid heroin|liquidheroin
|n|☆Pinks1ip|pinks1ip
|n| HiddenWater|hiddenwater
|l|☆Pinks1ip
