|j|☆AgencyIsOwn
|j|☆Batataplays
|t:|1654226063
|gametype|singles
|player|p1|AgencyIsOwn|zinnia|1781
|player|p2|Batataplays|sonia|1840
|teamsize|p1|6
|teamsize|p2|6
|gen|8
|tier|[Gen 8] OU
|rated|
|rule|Sleep Clause Mod: Limit one foe put to sleep
|rule|Species Clause: Limit one of each Pokémon
|rule|OHKO Clause: OHKO moves are banned
|rule|Evasion Moves Clause: Evasion moves are banned
|rule|Endless Battle Clause: Forcing endless battles is banned
|rule|HP Percentage Mod: HP is shown in percentages
|rule|Dynamax Clause: You cannot dynamax
|clearpoke
|poke|p1|Toxapex, M|
|poke|p1|Clefable, F|
|poke|p1|Dragapult, M|
|poke|p1|Weavile, M|
|poke|p1|Heatran, F|
|poke|p1|Landorus-Therian, M|
|poke|p2|Weavile, M|
|poke|p2|Tapu Fini|
|poke|p2|Ferrothorn, F|
|poke|p2|Mandibuzz, F|
|poke|p2|Blacephalon|
|poke|p2|Garchomp, F|
|teampreview
|j| Knopper
|j| quadratix
|inactive|Battle timer is ON: inactive players will automatically lose when time's up. (requested by Batataplays)
|
|t:|1654226093
|start
|switch|p1a: Heatran|Heatran, F|100/100
|switch|p2a: Tapu Fini|Tapu Fini|100/100
|-item|p1a: Heatran|Air Balloon
|-fieldstart|move: Misty Terrain|[from] ability: Misty Surge|[of] p2a: Tapu Fini
|turn|1
|
|t:|1654226100
|switch|p1a: Toxapex|Toxapex, M|100/100
|move|p2a: Tapu Fini|Nature's Madness|p1a: Toxapex
|-damage|p1a: Toxapex|51/100
|
|upkeep
|turn|2
|
|t:|1654226111
|switch|p1a: Dragapult|Dragapult, M|100/100
|move|p2a: Tapu Fini|Whirlpool|p1a: Dragapult|[miss]
|-miss|p2a: Tapu Fini|p1a: Dragapult
|
|upkeep
|turn|3
|
|t:|1654226115
|move|p1a: Dragapult|U-turn|p2a: Tapu Fini
|-resisted|p2a: Tapu Fini
|-damage|p2a: Tapu Fini|94/100
|
|t:|1654226122
|switch|p1a: Toxapex|Toxapex, M|84/100|[from]move: U-turn
|move|p2a: Tapu Fini|Whirlpool|p1a: Toxapex|[miss]
|-miss|p2a: Tapu Fini|p1a: Toxapex
|
|-heal|p2a: Tapu Fini|99/100|[from] item: Leftovers
|upkeep
|turn|4
|
|t:|1654226128
|switch|p1a: Dragapult|Dragapult, M|100/100
|move|p2a: Tapu Fini|Whirlpool|p1a: Dragapult|[miss]
|-miss|p2a: Tapu Fini|p1a: Dragapult
|
|-heal|p2a: Tapu Fini|100/100|[from] item: Leftovers
|upkeep
|turn|5
|
|t:|1654226139
|move|p1a: Dragapult|Shadow Ball|p2a: Tapu Fini
|-damage|p2a: Tapu Fini|64/100
|move|p2a: Tapu Fini|Whirlpool|p1a: Dragapult
|-resisted|p1a: Dragapult
|-damage|p1a: Dragapult|93/100
|-activate|p1a: Dragapult|move: Whirlpool|[of] p2a: Tapu Fini
|
|-heal|p2a: Tapu Fini|71/100|[from] item: Leftovers
|-damage|p1a: Dragapult|81/100|[from] move: Whirlpool|[partiallytrapped]
|-fieldend|Misty Terrain
|upkeep
|turn|6
|
|t:|1654226142
|move|p1a: Dragapult|Shadow Ball|p2a: Tapu Fini
|-damage|p2a: Tapu Fini|32/100
|move|p2a: Tapu Fini|Moonblast|p1a: Dragapult
|-supereffective|p1a: Dragapult
|-damage|p1a: Dragapult|2/100
|
|-heal|p2a: Tapu Fini|38/100|[from] item: Leftovers
|-damage|p1a: Dragapult|0 fnt|[from] move: Whirlpool|[partiallytrapped]
|faint|p1a: Dragapult
|upkeep
|j| prof dankness
|
|t:|1654226157
|switch|p1a: Clefable|Clefable, F|100/100
|turn|7
|
|t:|1654226160
|switch|p2a: Blacephalon|Blacephalon|100/100
|move|p1a: Clefable|Moonblast|p2a: Blacephalon
|-resisted|p2a: Blacephalon
|-crit|p2a: Blacephalon
|-damage|p2a: Blacephalon|61/100
|-unboost|p2a: Blacephalon|spa|1
|
|upkeep
|turn|8
|
|t:|1654226163
|move|p1a: Clefable|Protect|p1a: Clefable
|-singleturn|p1a: Clefable|Protect
|move|p2a: Blacephalon|Shadow Ball|p1a: Clefable
|-activate|p1a: Clefable|move: Protect
|
|upkeep
|turn|9
|
|t:|1654226168
|switch|p2a: Ferrothorn|Ferrothorn, F|100/100
|move|p1a: Clefable|Wish|p1a: Clefable
|
|upkeep
|turn|10
|
|t:|1654226174
|switch|p1a: Heatran|Heatran, F|100/100
|-item|p1a: Heatran|Air Balloon
|move|p2a: Ferrothorn|Stealth Rock|p1a: Heatran
|-sidestart|p1: AgencyIsOwn|move: Stealth Rock
|
|upkeep
|turn|11
|
|t:|1654226190
|switch|p2a: Mandibuzz|Mandibuzz, F|100/100
|move|p1a: Heatran|Stealth Rock|p2a: Mandibuzz
|-sidestart|p2: Batataplays|move: Stealth Rock
|
|upkeep
|turn|12
|inactive|AgencyIsOwn has 120 seconds left.
|j| shumgrove
|inactive|AgencyIsOwn has 90 seconds left.
|
|t:|1654226257
|switch|p1a: Toxapex|Toxapex, M|100/100
|-damage|p1a: Toxapex|88/100|[from] Stealth Rock
|move|p2a: Mandibuzz|U-turn|p1a: Toxapex
|-resisted|p1a: Toxapex
|-damage|p1a: Toxapex|85/100
|-damage|p2a: Mandibuzz|84/100|[from] item: Rocky Helmet|[of] p1a: Toxapex
|
|t:|1654226263
|switch|p2a: Tapu Fini|Tapu Fini|38/100|[from]move: U-turn
|-damage|p2a: Tapu Fini|26/100|[from] Stealth Rock
|-fieldstart|move: Misty Terrain|[from] ability: Misty Surge|[of] p2a: Tapu Fini
|
|-heal|p2a: Tapu Fini|32/100|[from] item: Leftovers
|upkeep
|turn|13
|
|t:|1654226268
|switch|p1a: Landorus|Landorus-Therian, M, shiny|100/100
|-damage|p1a: Landorus|88/100|[from] Stealth Rock
|-ability|p1a: Landorus|Intimidate|boost
|-unboost|p2a: Tapu Fini|atk|1
|move|p2a: Tapu Fini|Whirlpool|p1a: Landorus
|-supereffective|p1a: Landorus
|-damage|p1a: Landorus|71/100
|-activate|p1a: Landorus|move: Whirlpool|[of] p2a: Tapu Fini
|
|-heal|p1a: Landorus|77/100|[from] item: Leftovers
|-heal|p2a: Tapu Fini|38/100|[from] item: Leftovers
|-damage|p1a: Landorus|65/100|[from] move: Whirlpool|[partiallytrapped]
|upkeep
|turn|14
|
|t:|1654226272
|move|p1a: Landorus|Earthquake|p2a: Tapu Fini
|-damage|p2a: Tapu Fini|6/100
|move|p2a: Tapu Fini|Nature's Madness|p1a: Landorus|[miss]
|-miss|p2a: Tapu Fini|p1a: Landorus
|
|-heal|p1a: Landorus|71/100|[from] item: Leftovers
|-heal|p2a: Tapu Fini|12/100|[from] item: Leftovers
|-damage|p1a: Landorus|58/100|[from] move: Whirlpool|[partiallytrapped]
|upkeep
|turn|15
|
|t:|1654226278
|switch|p2a: Mandibuzz|Mandibuzz, F|84/100
|move|p1a: Landorus|Earthquake|p2a: Mandibuzz
|-immune|p2a: Mandibuzz
|
|-heal|p1a: Landorus|64/100|[from] item: Leftovers
|-end|p1a: Landorus|Whirlpool|[partiallytrapped]|[silent]
|upkeep
|turn|16
|
|t:|1654226281
|move|p1a: Landorus|Toxic|p2a: Mandibuzz
|-status|p2a: Mandibuzz|tox
|move|p2a: Mandibuzz|U-turn|p1a: Landorus
|-resisted|p1a: Landorus
|-damage|p1a: Landorus|59/100
|
|t:|1654226285
|switch|p2a: Blacephalon|Blacephalon|61/100|[from]move: U-turn
|-damage|p2a: Blacephalon|36/100|[from] Stealth Rock
|
|-heal|p1a: Landorus|65/100|[from] item: Leftovers
|-fieldend|Misty Terrain
|upkeep
|turn|17
|
|t:|1654226291
|move|p2a: Blacephalon|Shadow Ball|p1a: Landorus
|-damage|p1a: Landorus|13/100
|-unboost|p1a: Landorus|spd|1
|move|p1a: Landorus|Earthquake|p2a: Blacephalon
|-supereffective|p2a: Blacephalon
|-damage|p2a: Blacephalon|0 fnt
|faint|p2a: Blacephalon
|
|-heal|p1a: Landorus|19/100|[from] item: Leftovers
|upkeep
|
|t:|1654226297
|switch|p2a: Weavile|Weavile, M|100/100
|-damage|p2a: Weavile|76/100|[from] Stealth Rock
|-ability|p2a: Weavile|Pressure
|turn|18
|
|t:|1654226300
|switch|p1a: Toxapex|Toxapex, M|100/100
|-damage|p1a: Toxapex|88/100|[from] Stealth Rock
|move|p2a: Weavile|Knock Off|p1a: Toxapex
|-damage|p1a: Toxapex|44/100
|-damage|p2a: Weavile|59/100|[from] item: Rocky Helmet|[of] p1a: Toxapex
|-enditem|p1a: Toxapex|Rocky Helmet|[from] move: Knock Off|[of] p2a: Weavile
|
|upkeep
|turn|19
|
|t:|1654226304
|switch|p2a: Garchomp|Garchomp, F|100/100
|-damage|p2a: Garchomp|94/100|[from] Stealth Rock
|move|p1a: Toxapex|Recover|p1a: Toxapex
|-heal|p1a: Toxapex|94/100
|
|-heal|p2a: Garchomp|100/100|[from] item: Leftovers
|upkeep
|turn|20
|
|t:|1654226310
|switch|p2a: Ferrothorn|Ferrothorn, F|100/100
|-damage|p2a: Ferrothorn|94/100|[from] Stealth Rock
|move|p1a: Toxapex|Toxic|p2a: Ferrothorn
|-immune|p2a: Ferrothorn
|
|-heal|p2a: Ferrothorn|100/100|[from] item: Leftovers
|upkeep
|turn|21
|
|t:|1654226313
|switch|p1a: Heatran|Heatran, F|100/100
|-damage|p1a: Heatran|88/100|[from] Stealth Rock
|-item|p1a: Heatran|Air Balloon
|move|p2a: Ferrothorn|Knock Off|p1a: Heatran
|-damage|p1a: Heatran|68/100
|-enditem|p1a: Heatran|Air Balloon
|
|upkeep
|turn|22
|
|t:|1654226319
|switch|p2a: Mandibuzz|Mandibuzz, F|84/100 tox
|move|p1a: Heatran|Magma Storm|p2a: Mandibuzz
|-damage|p2a: Mandibuzz|45/100 tox
|-activate|p2a: Mandibuzz|move: Magma Storm|[of] p1a: Heatran
|
|-damage|p2a: Mandibuzz|39/100 tox|[from] psn
|-damage|p2a: Mandibuzz|26/100 tox|[from] move: Magma Storm|[partiallytrapped]
|upkeep
|turn|23
|
|t:|1654226322
|move|p1a: Heatran|Flash Cannon|p2a: Mandibuzz
|-damage|p2a: Mandibuzz|0 fnt
|faint|p2a: Mandibuzz
|
|upkeep
|
|t:|1654226324
|switch|p2a: Garchomp|Garchomp, F|100/100
|-damage|p2a: Garchomp|94/100|[from] Stealth Rock
|turn|24
|
|t:|1654226333
|switch|p1a: Clefable|Clefable, F|100/100
|-damage|p1a: Clefable|88/100|[from] Stealth Rock
|move|p2a: Garchomp|Swords Dance|p2a: Garchomp
|-boost|p2a: Garchomp|atk|2
|
|-heal|p2a: Garchomp|100/100|[from] item: Leftovers
|-heal|p1a: Clefable|94/100|[from] item: Leftovers
|upkeep
|turn|25
|j| BabyPigsAreLaughin
|
|t:|1654226340
|switch|p2a: Ferrothorn|Ferrothorn, F|100/100
|-damage|p2a: Ferrothorn|94/100|[from] Stealth Rock
|move|p1a: Clefable|Wish|p1a: Clefable
|
|-heal|p1a: Clefable|99/100|[from] item: Leftovers
|-heal|p2a: Ferrothorn|100/100|[from] item: Leftovers
|upkeep
|turn|26
|
|t:|1654226344
|switch|p1a: Heatran|Heatran, F|68/100
|-damage|p1a: Heatran|55/100|[from] Stealth Rock
|move|p2a: Ferrothorn|Leech Seed|p1a: Heatran
|-start|p1a: Heatran|move: Leech Seed
|
|-heal|p1a: Heatran|100/100|[from] move: Wish|[wisher] Clefable
|-damage|p1a: Heatran|88/100|[from] Leech Seed|[of] p2a: Ferrothorn
|upkeep
|turn|27
|
|t:|1654226351
|switch|p1a: Weavile|Weavile, M|100/100
|-ability|p1a: Weavile|Pressure
|switch|p2a: Garchomp|Garchomp, F|100/100
|-damage|p2a: Garchomp|94/100|[from] Stealth Rock
|
|-heal|p2a: Garchomp|100/100|[from] item: Leftovers
|upkeep
|turn|28
|
|t:|1654226357
|switch|p2a: Tapu Fini|Tapu Fini|12/100
|-damage|p2a: Tapu Fini|0 fnt|[from] Stealth Rock
|faint|p2a: Tapu Fini
|move|p1a: Weavile|Knock Off|p2: Tapu Fini|[notarget]
|-fail|p1a: Weavile
|
|upkeep
|
|t:|1654226359
|switch|p2a: Weavile|Weavile, M|59/100
|-damage|p2a: Weavile|34/100|[from] Stealth Rock
|-ability|p2a: Weavile|Pressure
|turn|29
|j| youhuanbingshi
|
|t:|1654226365
|switch|p1a: Toxapex|Toxapex, M|100/100
|-damage|p1a: Toxapex|88/100|[from] Stealth Rock
|move|p2a: Weavile|Knock Off|p1a: Toxapex
|-damage|p1a: Toxapex|55/100
|
|upkeep
|turn|30
|
|t:|1654226368
|switch|p2a: Garchomp|Garchomp, F|100/100
|-damage|p2a: Garchomp|94/100|[from] Stealth Rock
|move|p1a: Toxapex|Recover|p1a: Toxapex
|-heal|p1a: Toxapex|100/100
|
|-heal|p2a: Garchomp|100/100|[from] item: Leftovers
|upkeep
|turn|31
|
|t:|1654226372
|move|p2a: Garchomp|Earthquake|p1a: Toxapex
|-supereffective|p1a: Toxapex
|-damage|p1a: Toxapex|38/100
|move|p1a: Toxapex|Toxic|p2a: Garchomp
|-status|p2a: Garchomp|tox
|
|-damage|p2a: Garchomp|94/100 tox|[from] psn
|upkeep
|turn|32
|
|t:|1654226376
|switch|p1a: Clefable|Clefable, F|99/100
|-damage|p1a: Clefable|88/100|[from] Stealth Rock
|move|p2a: Garchomp|Scale Shot|p1a: Clefable
|-immune|p1a: Clefable
|
|-heal|p2a: Garchomp|100/100 tox|[from] item: Leftovers
|-heal|p1a: Clefable|94/100|[from] item: Leftovers
|-damage|p2a: Garchomp|88/100 tox|[from] psn
|upkeep
|turn|33
|
|t:|1654226379
|move|p2a: Garchomp|Earthquake|p1a: Clefable
|-damage|p1a: Clefable|53/100
|move|p1a: Clefable|Wish|p1a: Clefable
|
|-heal|p2a: Garchomp|94/100 tox|[from] item: Leftovers
|-heal|p1a: Clefable|59/100|[from] item: Leftovers
|-damage|p2a: Garchomp|76/100 tox|[from] psn
|upkeep
|turn|34
|c|☆Batataplays|clefable unaware is cringe
|-message|Batataplays forfeited.
|
|win|AgencyIsOwn
|raw|AgencyIsOwn's rating: 1781 &rarr; <strong>1804</strong><br />(+23 for winning)
|raw|Batataplays's rating: 1840 &rarr; <strong>1817</strong><br />(-23 for losing)
|l|☆Batataplays
