|html|<div class="broadcast-blue"><strong>[Gen 8] OU is currently suspecting Melmetal! For information on how to participate check out the <a href="https://www.smogon.com/forums/threads/np-ss-ou-suspect-process-round-12-monster-mash.3709234/">suspect thread</a>.</strong></div>
|j|☆Power-trip7blitz
|j|☆Run For Me Plz
|t:|1666436641
|gametype|singles
|player|p1|Power-trip7blitz|169|1734
|player|p2|Run For Me Plz|zinnia|1713
|teamsize|p1|6
|teamsize|p2|6
|gen|8
|tier|[Gen 8] OU
|rated|
|rule|Sleep Clause Mod: Limit one foe put to sleep
|rule|Species Clause: Limit one of each Pokémon
|rule|OHKO Clause: OHKO moves are banned
|rule|Evasion Items Clause: Evasion items are banned
|rule|Evasion Moves Clause: Evasion moves are banned
|rule|Endless Battle Clause: Forcing endless battles is banned
|rule|HP Percentage Mod: HP is shown in percentages
|rule|Dynamax Clause: You cannot dynamax
|clearpoke
|poke|p1|Cursola, F|
|poke|p1|Blaziken, F|
|poke|p1|Polteageist-Antique|
|poke|p1|Hatterene, F|
|poke|p1|Stakataka|
|poke|p1|Gastrodon, F|
|poke|p2|Tapu Lele|
|poke|p2|Zapdos|
|poke|p2|Buzzwole|
|poke|p2|Slowking, M|
|poke|p2|Hippowdon, F|
|poke|p2|Toxapex, F|
|teampreview
|j| AI with the braids
|
|t:|1666436655
|start
|switch|p1a: Cursola|Cursola, F|100/100
|switch|p2a: Tapu Lele|Tapu Lele, shiny|100/100
|-fieldstart|move: Psychic Terrain|[from] ability: Psychic Surge|[of] p2a: Tapu Lele
|turn|1
|
|t:|1666436659
|switch|p2a: Toxapex|Toxapex, F, shiny|100/100
|move|p1a: Cursola|Stealth Rock|p2a: Toxapex
|-sidestart|p2: Run For Me Plz|move: Stealth Rock
|
|upkeep
|turn|2
|
|t:|1666436662
|move|p1a: Cursola|Earth Power|p2a: Toxapex
|-supereffective|p2a: Toxapex
|-damage|p2a: Toxapex|60/100
|move|p2a: Toxapex|Knock Off|p1a: Cursola
|-supereffective|p1a: Cursola
|-damage|p1a: Cursola|40/100
|-ability|p1a: Cursola|Weak Armor|boost
|-unboost|p1a: Cursola|def|1
|-boost|p1a: Cursola|spe|2
|-enditem|p1a: Cursola|Focus Sash|[from] move: Knock Off|[of] p2a: Toxapex
|
|-heal|p2a: Toxapex|67/100|[from] item: Black Sludge
|upkeep
|turn|3
|
|t:|1666436667
|switch|p1a: Hatterene|Hatterene, F|100/100
|move|p2a: Toxapex|Recover|p2a: Toxapex
|-heal|p2a: Toxapex|100/100
|
|upkeep
|turn|4
|
|t:|1666436672
|move|p2a: Toxapex|Knock Off|p1a: Hatterene
|-damage|p1a: Hatterene|84/100
|-enditem|p1a: Hatterene|Life Orb|[from] move: Knock Off|[of] p2a: Toxapex
|move|p1a: Hatterene|Psyshock|p2a: Toxapex
|-supereffective|p2a: Toxapex
|-damage|p2a: Toxapex|0 fnt
|faint|p2a: Toxapex
|
|upkeep
|
|t:|1666436675
|switch|p2a: Tapu Lele|Tapu Lele, shiny|100/100
|-damage|p2a: Tapu Lele|88/100|[from] Stealth Rock
|turn|5
|
|t:|1666436679
|switch|p1a: Cursola|Cursola, F|40/100
|move|p2a: Tapu Lele|Moonblast|p1a: Cursola
|-damage|p1a: Cursola|0 fnt
|faint|p1a: Cursola
|
|-fieldend|move: Psychic Terrain
|upkeep
|
|t:|1666436681
|switch|p1a: Polteageist|Polteageist-Antique|100/100
|turn|6
|
|t:|1666436683
|move|p2a: Tapu Lele|Moonblast|p1a: Polteageist
|-damage|p1a: Polteageist|6/100
|move|p1a: Polteageist|Shell Smash|p1a: Polteageist
|-unboost|p1a: Polteageist|def|1
|-unboost|p1a: Polteageist|spd|1
|-boost|p1a: Polteageist|atk|2
|-boost|p1a: Polteageist|spa|2
|-boost|p1a: Polteageist|spe|2
|
|upkeep
|turn|7
|
|t:|1666436687
|switch|p2a: Hippowdon|Hippowdon, F, shiny|100/100
|-damage|p2a: Hippowdon|94/100|[from] Stealth Rock
|-weather|Sandstorm|[from] ability: Sand Stream|[of] p2a: Hippowdon
|move|p1a: Polteageist|Giga Drain|p2a: Hippowdon
|-supereffective|p2a: Hippowdon
|-damage|p2a: Hippowdon|14/100
|-heal|p1a: Polteageist|71/100|[from] drain|[of] p2a: Hippowdon
|
|-weather|Sandstorm|[upkeep]
|-damage|p1a: Polteageist|64/100|[from] Sandstorm
|-heal|p2a: Hippowdon|20/100|[from] item: Leftovers
|upkeep
|turn|8
|
|t:|1666436689
|move|p1a: Polteageist|Giga Drain|p2a: Hippowdon
|-supereffective|p2a: Hippowdon
|-damage|p2a: Hippowdon|0 fnt
|-heal|p1a: Polteageist|81/100|[from] drain|[of] p2a: Hippowdon
|faint|p2a: Hippowdon
|
|-weather|Sandstorm|[upkeep]
|-damage|p1a: Polteageist|74/100|[from] Sandstorm
|upkeep
|
|t:|1666436691
|switch|p2a: Zapdos|Zapdos, shiny|100/100
|turn|9
|
|t:|1666436693
|move|p1a: Polteageist|Stored Power|p2a: Zapdos
|-damage|p2a: Zapdos|0 fnt
|faint|p2a: Zapdos
|
|-weather|Sandstorm|[upkeep]
|-damage|p1a: Polteageist|68/100|[from] Sandstorm
|upkeep
|-message|Run For Me Plz forfeited.
|
|win|Power-trip7blitz
|raw|Power-trip7blitz's rating: 1734 &rarr; <strong>1753</strong><br />(+19 for winning)
|raw|Run For Me Plz's rating: 1713 &rarr; <strong>1694</strong><br />(-19 for losing)
|l|☆Run For Me Plz
|l|☆Power-trip7blitz
