|j|☆Azamat1404
|j|☆Allelaja
|t:|1649850310
|gametype|singles
|player|p1|Azamat1404|blue|1427
|player|p2|Allelaja|170|1455
|teamsize|p1|6
|teamsize|p2|6
|gen|8
|tier|[Gen 8] OU
|rated|
|rule|Sleep Clause Mod: Limit one foe put to sleep
|rule|Species Clause: Limit one of each Pokémon
|rule|OHKO Clause: OHKO moves are banned
|rule|Evasion Moves Clause: Evasion moves are banned
|rule|Endless Battle Clause: Forcing endless battles is banned
|rule|HP Percentage Mod: HP is shown in percentages
|rule|Dynamax Clause: You cannot dynamax
|clearpoke
|poke|p1|Clefable, F|
|poke|p1|Tyranitar, M|
|poke|p1|Salamence, M|
|poke|p1|Suicune|
|poke|p1|Heatran, M|
|poke|p1|Excadrill, M|
|poke|p2|Kartana|
|poke|p2|Tapu Lele|
|poke|p2|Toxapex, F|
|poke|p2|Magnezone|
|poke|p2|Landorus-Therian, M|
|poke|p2|Zapdos|
|teampreview
|inactive|Battle timer is ON: inactive players will automatically lose when time's up. (requested by Allelaja)
|j| noobmaster1309
|
|t:|1649850339
|start
|switch|p1a: Құмтор|Tyranitar, M, shiny|100/100
|switch|p2a: Landorus|Landorus-Therian, M|100/100
|-ability|p2a: Landorus|Intimidate|boost
|-unboost|p1a: Құмтор|atk|1
|-weather|Sandstorm|[from] ability: Sand Stream|[of] p1a: Құмтор
|turn|1
|
|t:|1649850349
|move|p2a: Landorus|Earthquake|p1a: Құмтор
|-supereffective|p1a: Құмтор
|-damage|p1a: Құмтор|38/100
|move|p1a: Құмтор|Ice Beam|p2a: Landorus
|-supereffective|p2a: Landorus
|-damage|p2a: Landorus|44/100
|-status|p2a: Landorus|frz
|
|-weather|Sandstorm|[upkeep]
|-heal|p2a: Landorus|50/100 frz|[from] item: Leftovers
|upkeep
|turn|2
|
|t:|1649850362
|switch|p1a: Айдаһар|Salamence, M, shiny|100/100
|-ability|p1a: Айдаһар|Intimidate|boost
|-unboost|p2a: Landorus|atk|1
|cant|p2a: Landorus|frz
|
|-weather|Sandstorm|[upkeep]
|-damage|p1a: Айдаһар|94/100|[from] Sandstorm
|-heal|p2a: Landorus|56/100 frz|[from] item: Leftovers
|upkeep
|turn|3
|
|t:|1649850368
|switch|p2a: Zapdos|Zapdos|100/100
|move|p1a: Айдаһар|Wish|p1a: Айдаһар
|
|-weather|Sandstorm|[upkeep]
|-damage|p1a: Айдаһар|88/100|[from] Sandstorm
|-damage|p2a: Zapdos|94/100|[from] Sandstorm
|-heal|p2a: Zapdos|100/100|[from] item: Leftovers
|upkeep
|turn|4
|
|t:|1649850372
|switch|p1a: Құмтор|Tyranitar, M, shiny|38/100
|move|p2a: Zapdos|Toxic|p1a: Құмтор
|-status|p1a: Құмтор|tox
|
|-weather|Sandstorm|[upkeep]
|-damage|p2a: Zapdos|94/100|[from] Sandstorm
|-heal|p1a: Құмтор|85/100 tox|[from] move: Wish|[wisher] Айдаһар
|-heal|p2a: Zapdos|100/100|[from] item: Leftovers
|-damage|p1a: Құмтор|79/100 tox|[from] psn
|upkeep
|turn|5
|
|t:|1649850379
|switch|p1a: Соқыр Кірпі|Excadrill, M|100/100
|-ability|p1a: Соқыр Кірпі|Mold Breaker
|move|p2a: Zapdos|Volt Switch|p1a: Соқыр Кірпі
|-immune|p1a: Соқыр Кірпі
|
|-weather|none
|upkeep
|turn|6
|
|t:|1649850386
|switch|p2a: Kartana|Kartana|100/100
|move|p1a: Соқыр Кірпі|Stealth Rock|p2a: Kartana
|-sidestart|p2: Allelaja|move: Stealth Rock
|
|upkeep
|turn|7
|
|t:|1649850391
|switch|p1a: Айдаһар|Salamence, M, shiny|88/100
|-ability|p1a: Айдаһар|Intimidate|boost
|-unboost|p2a: Kartana|atk|1
|move|p2a: Kartana|Knock Off|p1a: Айдаһар
|-damage|p1a: Айдаһар|51/100
|-enditem|p1a: Айдаһар|Heavy-Duty Boots|[from] move: Knock Off|[of] p2a: Kartana
|
|upkeep
|turn|8
|
|t:|1649850400
|switch|p2a: Tapu Lele|Tapu Lele|100/100
|-damage|p2a: Tapu Lele|88/100|[from] Stealth Rock
|-fieldstart|move: Psychic Terrain|[from] ability: Psychic Surge|[of] p2a: Tapu Lele
|move|p1a: Айдаһар|Roost|p1a: Айдаһар
|-heal|p1a: Айдаһар|100/100
|-singleturn|p1a: Айдаһар|move: Roost
|
|upkeep
|turn|9
|
|t:|1649850407
|switch|p2a: Magnezone|Magnezone|100/100
|-damage|p2a: Magnezone|94/100|[from] Stealth Rock
|switch|p1a: Соқыр Кірпі|Excadrill, M|100/100
|-ability|p1a: Соқыр Кірпі|Mold Breaker
|
|-heal|p2a: Magnezone|100/100|[from] item: Leftovers
|upkeep
|turn|10
|
|t:|1649850414
|switch|p2a: Landorus|Landorus-Therian, M|56/100 frz
|-damage|p2a: Landorus|44/100 frz|[from] Stealth Rock
|-ability|p2a: Landorus|Intimidate|boost
|-unboost|p1a: Соқыр Кірпі|atk|1
|move|p1a: Соқыр Кірпі|Earthquake|p2a: Landorus
|-immune|p2a: Landorus
|
|-heal|p2a: Landorus|50/100 frz|[from] item: Leftovers
|upkeep
|turn|11
|
|t:|1649850420
|switch|p1a: Солтүстік Жел|Suicune, shiny|100/100
|-ability|p1a: Солтүстік Жел|Pressure
|cant|p2a: Landorus|frz
|
|-heal|p2a: Landorus|56/100 frz|[from] item: Leftovers
|upkeep
|turn|12
|
|t:|1649850427
|switch|p2a: Toxapex|Toxapex, F|100/100
|-damage|p2a: Toxapex|88/100|[from] Stealth Rock
|move|p1a: Солтүстік Жел|Substitute|p1a: Солтүстік Жел
|-start|p1a: Солтүстік Жел|Substitute
|-damage|p1a: Солтүстік Жел|75/100
|
|-heal|p1a: Солтүстік Жел|82/100|[from] item: Leftovers
|-fieldend|move: Psychic Terrain
|upkeep
|turn|13
|
|t:|1649850431
|move|p1a: Солтүстік Жел|Whirlpool|p2a: Toxapex
|-resisted|p2a: Toxapex
|-damage|p2a: Toxapex|84/100
|-activate|p2a: Toxapex|move: Whirlpool|[of] p1a: Солтүстік Жел
|-enditem|p2a: Toxapex|Eject Button
|
|t:|1649850435
|switch|p2a: Kartana|Kartana|100/100
|-damage|p2a: Kartana|94/100|[from] Stealth Rock
|
|-heal|p1a: Солтүстік Жел|88/100|[from] item: Leftovers
|upkeep
|turn|14
|
|t:|1649850438
|move|p2a: Kartana|Leaf Blade|p1a: Солтүстік Жел
|-supereffective|p1a: Солтүстік Жел
|-end|p1a: Солтүстік Жел|Substitute
|move|p1a: Солтүстік Жел|Scald|p2a: Kartana
|-resisted|p2a: Kartana
|-damage|p2a: Kartana|51/100
|-status|p2a: Kartana|brn
|
|-heal|p1a: Солтүстік Жел|94/100|[from] item: Leftovers
|-damage|p2a: Kartana|45/100 brn|[from] brn
|upkeep
|turn|15
|c|☆Allelaja|Lol
|c|☆Allelaja|Without rocks from lando i can't win
|c|☆Allelaja|Gg man
|-message|Allelaja forfeited.
|
|win|Azamat1404
|raw|Azamat1404's rating: 1427 &rarr; <strong>1449</strong><br />(+22 for winning)
|raw|Allelaja's rating: 1455 &rarr; <strong>1433</strong><br />(-22 for losing)
|l|☆Allelaja
|c|☆Azamat1404|Gg
