|j|☆tolm_e
|j|☆kazt 5
|inactive|Battle timer is ON: inactive players will automatically lose when time's up.
|t:|1663896879
|gametype|singles
|player|p1|tolm_e|pilot|
|player|p2|kazt 5|acetrainersnowf|
|teamsize|p1|6
|teamsize|p2|6
|gen|8
|tier|[Gen 8] OU
|rated|Tournament battle
|rule|Sleep Clause Mod: Limit one foe put to sleep
|rule|Species Clause: Limit one of each Pokémon
|rule|OHKO Clause: OHKO moves are banned
|rule|Evasion Items Clause: Evasion items are banned
|rule|Evasion Moves Clause: Evasion moves are banned
|rule|Endless Battle Clause: Forcing endless battles is banned
|rule|HP Percentage Mod: HP is shown in percentages
|rule|Dynamax Clause: You cannot dynamax
|clearpoke
|poke|p1|Mawile-Mega, F|
|poke|p1|Audino-Mega, F|
|poke|p1|Aggron-Mega, F|
|poke|p1|Camerupt-Mega, F|
|poke|p1|Ampharos-Mega, F|
|poke|p1|Slowbro-Mega, M|
|poke|p2|Heatran, F|
|poke|p2|Heracross, M|
|poke|p2|Landorus-Therian, M|
|poke|p2|Slowbro, M|
|poke|p2|Mandibuzz, F|
|poke|p2|Gengar, M|
|teampreview
|c|☆tolm_e|glhf lol
|j| BRA Yami
|c|☆kazt 5|I was making my team but I dont have timeeeee
|j| purple13
|l| purple13
|l| BRA Yami
|inactive|tolm_e has 120 seconds left.
|
|t:|1663896921
|start
|switch|p1a: Audino|Audino-Mega, F|100/100
|switch|p2a: Landorus|Landorus-Therian, M|100/100
|-ability|p2a: Landorus|Intimidate|boost
|-unboost|p1a: Audino|atk|1
|turn|1
|
|t:|1663896926
|move|p2a: Landorus|U-turn|p1a: Audino
|-resisted|p1a: Audino
|-damage|p1a: Audino|91/100
|
|t:|1663896928
|switch|p2a: Heatran|Heatran, F|100/100|[from]move: U-turn
|move|p1a: Audino|Trick Room|p1a: Audino
|-fieldstart|move: Trick Room|[of] p1a: Audino
|
|-heal|p1a: Audino|97/100|[from] item: Leftovers
|upkeep
|turn|2
|c|☆tolm_e|lol just converted my trick room team into megas
|c|☆tolm_e|mew-audino
|c|☆tolm_e|pory-slowbro
|inactive|tolm_e has 120 seconds left.
|c|☆tolm_e|marowak-came
|c|☆tolm_e|exegu-amp
|c|☆tolm_e|and melmetal to aggron
|c|☆tolm_e|and rhy to mawile
|
|t:|1663896979
|switch|p1a: Camerupt|Camerupt-Mega, F|100/100
|move|p2a: Heatran|Stealth Rock|p1a: Camerupt
|-sidestart|p1: tolm_e|move: Stealth Rock
|
|upkeep
|turn|3
|
|t:|1663896995
|switch|p2a: Slowbro|Slowbro, M|100/100
|move|p1a: Camerupt|Earth Power|p2a: Slowbro
|-damage|p2a: Slowbro|22/100
|
|upkeep
|turn|4
|
|t:|1663897003
|move|p1a: Camerupt|Eruption|p2a: Slowbro
|-resisted|p2a: Slowbro
|-damage|p2a: Slowbro|0 fnt
|faint|p2a: Slowbro
|
|upkeep
|
|t:|1663897009
|switch|p2a: Heatran|Heatran, F|100/100
|turn|5
|
|t:|1663897012
|switch|p2a: Landorus|Landorus-Therian, M|100/100
|-ability|p2a: Landorus|Intimidate|boost
|-unboost|p1a: Camerupt|atk|1
|move|p1a: Camerupt|Earth Power|p2a: Landorus
|-immune|p2a: Landorus
|
|-fieldend|move: Trick Room
|upkeep
|turn|6
|
|t:|1663897016
|switch|p1a: Slowbro|Slowbro-Mega, M|100/100
|-damage|p1a: Slowbro|88/100|[from] Stealth Rock
|move|p2a: Landorus|Earthquake|p1a: Slowbro
|-damage|p1a: Slowbro|64/100
|
|upkeep
|turn|7
|
|t:|1663897020
|switch|p2a: Gengar|Gengar, M|100/100
|move|p1a: Slowbro|Trick Room|p1a: Slowbro
|-fieldstart|move: Trick Room|[of] p1a: Slowbro
|
|upkeep
|turn|8
|
|t:|1663897025
|switch|p1a: Audino|Audino-Mega, F|97/100
|-damage|p1a: Audino|85/100|[from] Stealth Rock
|move|p2a: Gengar|Shadow Ball|p1a: Audino
|-immune|p1a: Audino
|
|-heal|p1a: Audino|91/100|[from] item: Leftovers
|upkeep
|turn|9
|
|t:|1663897030
|switch|p2a: Heracross|Heracross, M|100/100
|move|p1a: Audino|Yawn|p2a: Heracross
|-start|p2a: Heracross|move: Yawn|[of] p1a: Audino
|
|-heal|p1a: Audino|97/100|[from] item: Leftovers
|-status|p2a: Heracross|brn|[from] item: Flame Orb
|upkeep
|turn|10
|
|t:|1663897041
|move|p1a: Audino|Protect|p1a: Audino
|-singleturn|p1a: Audino|Protect
|move|p2a: Heracross|Facade|p1a: Audino
|-activate|p1a: Audino|move: Protect
|
|-heal|p1a: Audino|100/100|[from] item: Leftovers
|-damage|p2a: Heracross|94/100 brn|[from] brn
|-end|p2a: Heracross|move: Yawn|[silent]
|upkeep
|turn|11
|
|t:|1663897058
|switch|p1a: Mawile|Mawile-Mega, F|100/100
|-damage|p1a: Mawile|95/100|[from] Stealth Rock
|move|p2a: Heracross|Swords Dance|p2a: Heracross
|-boost|p2a: Heracross|atk|2
|
|-damage|p2a: Heracross|88/100 brn|[from] brn
|-fieldend|move: Trick Room
|upkeep
|turn|12
|
|t:|1663897062
|move|p2a: Heracross|Earthquake|p1a: Mawile
|-supereffective|p1a: Mawile
|-enditem|p1a: Mawile|Shuca Berry|[eat]
|-enditem|p1a: Mawile|Shuca Berry|[weaken]
|-damage|p1a: Mawile|0 fnt
|faint|p1a: Mawile
|
|-damage|p2a: Heracross|82/100 brn|[from] brn
|upkeep
|c|☆tolm_e|bruh
|
|t:|1663897077
|switch|p1a: Audino|Audino-Mega, F|100/100
|-damage|p1a: Audino|88/100|[from] Stealth Rock
|turn|13
|c|☆kazt 5|this thing sweeps I think lol
|j| Cra3k
|c|☆tolm_e|i made a mistake
|
|t:|1663897084
|move|p2a: Heracross|Close Combat|p1a: Audino
|-damage|p1a: Audino|0 fnt
|-unboost|p2a: Heracross|def|1
|-unboost|p2a: Heracross|spd|1
|faint|p1a: Audino
|
|-damage|p2a: Heracross|76/100 brn|[from] brn
|upkeep
|c|☆tolm_e|the yawn
|c|☆tolm_e|i forgot you were burned
|c|☆tolm_e|lol
|
|t:|1663897096
|switch|p1a: Aggron|Aggron-Mega, F|100/100
|-damage|p1a: Aggron|94/100|[from] Stealth Rock
|turn|14
|
|t:|1663897101
|move|p2a: Heracross|Close Combat|p1a: Aggron
|-supereffective|p1a: Aggron
|-damage|p1a: Aggron|0 fnt
|-unboost|p2a: Heracross|def|1
|-unboost|p2a: Heracross|spd|1
|faint|p1a: Aggron
|
|-damage|p2a: Heracross|70/100 brn|[from] brn
|upkeep
|c|☆kazt 5|I could've been scarf tbf
|
|t:|1663897113
|switch|p1a: Camerupt|Camerupt-Mega, F|100/100
|-damage|p1a: Camerupt|88/100|[from] Stealth Rock
|turn|15
|c|☆tolm_e|i made so many mistakes
|
|t:|1663897120
|move|p2a: Heracross|Earthquake|p1a: Camerupt
|-supereffective|p1a: Camerupt
|-damage|p1a: Camerupt|0 fnt
|faint|p1a: Camerupt
|
|-damage|p2a: Heracross|63/100 brn|[from] brn
|upkeep
|c|☆tolm_e|kinda funny lol gg
|
|t:|1663897126
|switch|p1a: Ampharos|Ampharos-Mega, F|100/100
|-damage|p1a: Ampharos|88/100|[from] Stealth Rock
|-ability|p1a: Ampharos|Mold Breaker
|turn|16
|
|t:|1663897130
|move|p2a: Heracross|Close Combat|p1a: Ampharos
|-damage|p1a: Ampharos|0 fnt
|-unboost|p2a: Heracross|def|1
|-unboost|p2a: Heracross|spd|1
|faint|p1a: Ampharos
|
|-damage|p2a: Heracross|57/100 brn|[from] brn
|upkeep
|c|☆kazt 5|gg lol
|
|t:|1663897134
|switch|p1a: Slowbro|Slowbro-Mega, M|64/100
|-damage|p1a: Slowbro|51/100|[from] Stealth Rock
|turn|17
|
|t:|1663897137
|move|p2a: Heracross|Facade|p1a: Slowbro
|-damage|p1a: Slowbro|0 fnt
|faint|p1a: Slowbro
|
|win|kazt 5
|n|☆tolm_e|tolme
|n|☆kazt 5|kazt5
|n| Cra3k|cra3k
|l|☆tolm_e
