|raw|<div class="broadcast-blue"><strong>This battle is required to be public due to a player having a name starting with 'LT73IU'.</div>
|j|☆LT73IU AQUY
|j|☆Ayante
|t:|1598317460
|player|p1|LT73IU AQUY|unknown|1501
|player|p2|Ayante|koga|1623
|teamsize|p1|6
|teamsize|p2|6
|gametype|singles
|gen|8
|tier|[Gen 8] OU
|rated|
|clearpoke
|poke|p1|Magnezone|
|poke|p1|Rillaboom, F|
|poke|p1|Primarina, M|
|poke|p1|Kommo-o, M|
|poke|p1|Volcarona, M|
|poke|p1|Zeraora|
|poke|p2|Amoonguss, F|
|poke|p2|Primarina, M|
|poke|p2|Dragapult, M|
|poke|p2|Rotom-Heat|
|poke|p2|Corviknight, F|
|poke|p2|Kommo-o, F|
|rule|Sleep Clause Mod: Limit one foe put to sleep
|rule|Species Clause: Limit one of each Pokémon
|rule|OHKO Clause: OHKO moves are banned
|rule|Evasion Moves Clause: Evasion moves are banned
|rule|Endless Battle Clause: Forcing endless battles is banned
|rule|HP Percentage Mod: HP is shown in percentages
|rule|Dynamax Clause: You cannot dynamax
|teampreview
|inactive|Battle timer is ON: inactive players will automatically lose when time's up. (requested by LT73IU AQUY)
|
|t:|1598317487
|start
|switch|p1a: Kommo-o|Kommo-o, M|100/100
|switch|p2a: Kommo-o|Kommo-o, F|100/100
|turn|1
|
|t:|1598317500
|move|p1a: Kommo-o|Stealth Rock|p2a: Kommo-o
|-sidestart|p2: Ayante|move: Stealth Rock
|move|p2a: Kommo-o|Taunt|p1a: Kommo-o
|-start|p1a: Kommo-o|move: Taunt
|
|upkeep
|turn|2
|
|t:|1598317509
|switch|p1a: Primarina|Primarina, M, shiny|100/100
|move|p2a: Kommo-o|Stealth Rock|p1a: Primarina
|-sidestart|p1: LT73IU AQUY|move: Stealth Rock
|
|upkeep
|turn|3
|
|t:|1598317521
|move|p2a: Kommo-o|Taunt|p1a: Primarina
|-start|p1a: Primarina|move: Taunt
|move|p1a: Primarina|Draining Kiss|p2a: Kommo-o
|-supereffective|p2a: Kommo-o
|-damage|p2a: Kommo-o|29/100
|
|-heal|p2a: Kommo-o|35/100|[from] item: Leftovers
|upkeep
|turn|4
|
|t:|1598317534
|switch|p2a: Rotom|Rotom-Heat|100/100
|move|p1a: Primarina|Draining Kiss|p2a: Rotom
|-resisted|p2a: Rotom
|-damage|p2a: Rotom|91/100
|
|upkeep
|turn|5
|
|t:|1598317542
|move|p2a: Rotom|Nasty Plot|p2a: Rotom
|-boost|p2a: Rotom|spa|2
|move|p1a: Primarina|Scald|p2a: Rotom
|-supereffective|p2a: Rotom
|-damage|p2a: Rotom|23/100
|
|-end|p1a: Primarina|move: Taunt
|upkeep
|turn|6
|
|t:|1598317551
|switch|p1a: Kommo-o|Kommo-o, M|100/100
|-damage|p1a: Kommo-o|94/100|[from] Stealth Rock
|move|p2a: Rotom|Pain Split|p1a: Kommo-o
|-sethp|p1a: Kommo-o|57/100|[from] move: Pain Split|[silent]
|-sethp|p2a: Rotom|66/100|[from] move: Pain Split
|
|-heal|p1a: Kommo-o|63/100|[from] item: Leftovers
|upkeep
|turn|7
|
|t:|1598317562
|move|p1a: Kommo-o|Toxic|p2a: Rotom
|-status|p2a: Rotom|tox
|move|p2a: Rotom|Overheat|p1a: Kommo-o
|-resisted|p1a: Kommo-o
|-damage|p1a: Kommo-o|17/100
|-unboost|p2a: Rotom|spa|2
|
|-heal|p1a: Kommo-o|23/100|[from] item: Leftovers
|-damage|p2a: Rotom|60/100 tox|[from] psn
|upkeep
|turn|8
|
|t:|1598317575
|switch|p2a: Corviknight|Corviknight, F|100/100
|-damage|p2a: Corviknight|88/100|[from] Stealth Rock
|-ability|p2a: Corviknight|Pressure
|move|p1a: Kommo-o|Body Press|p2a: Corviknight
|-damage|p2a: Corviknight|54/100
|
|-heal|p1a: Kommo-o|29/100|[from] item: Leftovers
|-heal|p2a: Corviknight|60/100|[from] item: Leftovers
|upkeep
|turn|9
|
|t:|1598317586
|switch|p1a: Magnezone|Magnezone, shiny|100/100
|-damage|p1a: Magnezone|94/100|[from] Stealth Rock
|move|p2a: Corviknight|U-turn|p1a: Magnezone
|-resisted|p1a: Magnezone
|-crit|p1a: Magnezone
|-damage|p1a: Magnezone|83/100
|
|t:|1598317594
|switch|p2a: Rotom|Rotom-Heat|60/100 tox|[from]move: U-turn
|
|-damage|p2a: Rotom|54/100 tox|[from] psn
|upkeep
|turn|10
|
|t:|1598317600
|switch|p1a: Zeraora|Zeraora, shiny|100/100
|move|p2a: Rotom|Overheat|p1a: Zeraora
|-damage|p1a: Zeraora|30/100
|-unboost|p2a: Rotom|spa|2
|
|-damage|p2a: Rotom|41/100 tox|[from] psn
|upkeep
|turn|11
|
|t:|1598317610
|switch|p2a: Amoonguss|Amoonguss, F|100/100
|-damage|p2a: Amoonguss|88/100|[from] Stealth Rock
|move|p1a: Zeraora|Volt Switch|p2a: Amoonguss
|-resisted|p2a: Amoonguss
|-damage|p2a: Amoonguss|78/100
|
|t:|1598317615
|switch|p1a: Volcarona|Volcarona, M, shiny|100/100|[from]move: Volt Switch
|
|upkeep
|turn|12
|
|t:|1598317622
|switch|p2a: Dragapult|Dragapult, M|100/100
|-damage|p2a: Dragapult|88/100|[from] Stealth Rock
|move|p1a: Volcarona|Safeguard|p1a: Volcarona
|-sidestart|p1: LT73IU AQUY|Safeguard
|
|-heal|p2a: Dragapult|94/100|[from] item: Leftovers
|upkeep
|turn|13
|
|t:|1598317632
|switch|p1a: Primarina|Primarina, M, shiny|100/100
|-damage|p1a: Primarina|88/100|[from] Stealth Rock
|move|p2a: Dragapult|Dragon Darts|p1a: Primarina
|-immune|p1a: Primarina
|
|-heal|p2a: Dragapult|99/100|[from] item: Leftovers
|-heal|p1a: Primarina|94/100|[from] item: Leftovers
|upkeep
|turn|14
|
|t:|1598317643
|switch|p2a: Primarina|Primarina, M|100/100
|-damage|p2a: Primarina|88/100|[from] Stealth Rock
|move|p1a: Primarina|Calm Mind|p1a: Primarina
|-boost|p1a: Primarina|spa|1
|-boost|p1a: Primarina|spd|1
|
|-heal|p1a: Primarina|100/100|[from] item: Leftovers
|-heal|p2a: Primarina|94/100|[from] item: Leftovers
|upkeep
|turn|15
|
|t:|1598317653
|move|p1a: Primarina|Calm Mind|p1a: Primarina
|-boost|p1a: Primarina|spa|1
|-boost|p1a: Primarina|spd|1
|move|p2a: Primarina|Calm Mind|p2a: Primarina
|-boost|p2a: Primarina|spa|1
|-boost|p2a: Primarina|spd|1
|
|-heal|p2a: Primarina|99/100|[from] item: Leftovers
|upkeep
|turn|16
|
|t:|1598317662
|move|p1a: Primarina|Substitute|p1a: Primarina
|-start|p1a: Primarina|Substitute
|-damage|p1a: Primarina|76/100
|move|p2a: Primarina|Calm Mind|p2a: Primarina
|-boost|p2a: Primarina|spa|1
|-boost|p2a: Primarina|spd|1
|
|-heal|p1a: Primarina|82/100|[from] item: Leftovers
|-heal|p2a: Primarina|100/100|[from] item: Leftovers
|-sideend|p1: LT73IU AQUY|Safeguard
|upkeep
|turn|17
|
|t:|1598317672
|move|p1a: Primarina|Calm Mind|p1a: Primarina
|-boost|p1a: Primarina|spa|1
|-boost|p1a: Primarina|spd|1
|move|p2a: Primarina|Substitute|p2a: Primarina
|-start|p2a: Primarina|Substitute
|-damage|p2a: Primarina|76/100
|
|-heal|p1a: Primarina|88/100|[from] item: Leftovers
|-heal|p2a: Primarina|82/100|[from] item: Leftovers
|upkeep
|turn|18
|
|t:|1598317684
|move|p1a: Primarina|Calm Mind|p1a: Primarina
|-boost|p1a: Primarina|spa|1
|-boost|p1a: Primarina|spd|1
|move|p2a: Primarina|Calm Mind|p2a: Primarina
|-boost|p2a: Primarina|spa|1
|-boost|p2a: Primarina|spd|1
|
|-heal|p1a: Primarina|94/100|[from] item: Leftovers
|-heal|p2a: Primarina|88/100|[from] item: Leftovers
|upkeep
|turn|19
|
|t:|1598317694
|move|p1a: Primarina|Calm Mind|p1a: Primarina
|-boost|p1a: Primarina|spa|1
|-boost|p1a: Primarina|spd|1
|move|p2a: Primarina|Calm Mind|p2a: Primarina
|-boost|p2a: Primarina|spa|1
|-boost|p2a: Primarina|spd|1
|
|-heal|p1a: Primarina|99/100|[from] item: Leftovers
|-heal|p2a: Primarina|94/100|[from] item: Leftovers
|upkeep
|turn|20
|
|t:|1598317705
|move|p1a: Primarina|Calm Mind|p1a: Primarina
|-boost|p1a: Primarina|spa|1
|-boost|p1a: Primarina|spd|1
|move|p2a: Primarina|Calm Mind|p2a: Primarina
|-boost|p2a: Primarina|spa|1
|-boost|p2a: Primarina|spd|1
|
|-heal|p1a: Primarina|100/100|[from] item: Leftovers
|-heal|p2a: Primarina|99/100|[from] item: Leftovers
|upkeep
|turn|21
|
|t:|1598317721
|move|p1a: Primarina|Draining Kiss|p2a: Primarina
|-activate|p2a: Primarina|move: Substitute|[damage]
|move|p2a: Primarina|Calm Mind|p2a: Primarina
|-boost|p2a: Primarina|spa|1
|-boost|p2a: Primarina|spd|1
|
|-heal|p2a: Primarina|100/100|[from] item: Leftovers
|upkeep
|turn|22
|
|t:|1598317732
|move|p1a: Primarina|Scald|p2a: Primarina
|-resisted|p2a: Primarina
|-end|p2a: Primarina|Substitute
|move|p2a: Primarina|Substitute|p2a: Primarina
|-start|p2a: Primarina|Substitute
|-damage|p2a: Primarina|76/100
|
|-heal|p2a: Primarina|82/100|[from] item: Leftovers
|upkeep
|turn|23
|
|t:|1598317743
|move|p1a: Primarina|Scald|p2a: Primarina
|-resisted|p2a: Primarina
|-activate|p2a: Primarina|move: Substitute|[damage]
|move|p2a: Primarina|Scald|p1a: Primarina
|-resisted|p1a: Primarina
|-activate|p1a: Primarina|move: Substitute|[damage]
|
|-heal|p2a: Primarina|88/100|[from] item: Leftovers
|upkeep
|turn|24
|
|t:|1598317754
|move|p1a: Primarina|Calm Mind|p1a: Primarina
|-boost|p1a: Primarina|spa|0
|-boost|p1a: Primarina|spd|0
|move|p2a: Primarina|Substitute|p2a: Primarina
|-fail|p2a: Primarina|move: Substitute
|
|-heal|p2a: Primarina|94/100|[from] item: Leftovers
|upkeep
|turn|25
|
|t:|1598317766
|move|p1a: Primarina|Substitute|p1a: Primarina
|-fail|p1a: Primarina|move: Substitute
|move|p2a: Primarina|Scald|p1a: Primarina
|-resisted|p1a: Primarina
|-end|p1a: Primarina|Substitute
|
|-heal|p2a: Primarina|99/100|[from] item: Leftovers
|upkeep
|turn|26
|
|t:|1598317776
|move|p1a: Primarina|Scald|p2a: Primarina
|-resisted|p2a: Primarina
|-end|p2a: Primarina|Substitute
|move|p2a: Primarina|Calm Mind|p2a: Primarina
|-boost|p2a: Primarina|spa|0
|-boost|p2a: Primarina|spd|0
|
|-heal|p2a: Primarina|100/100|[from] item: Leftovers
|upkeep
|turn|27
|
|t:|1598317785
|move|p1a: Primarina|Substitute|p1a: Primarina
|-start|p1a: Primarina|Substitute
|-damage|p1a: Primarina|76/100
|move|p2a: Primarina|Substitute|p2a: Primarina
|-start|p2a: Primarina|Substitute
|-damage|p2a: Primarina|76/100
|
|-heal|p1a: Primarina|82/100|[from] item: Leftovers
|-heal|p2a: Primarina|82/100|[from] item: Leftovers
|upkeep
|turn|28
|
|t:|1598317804
|move|p1a: Primarina|Calm Mind|p1a: Primarina
|-boost|p1a: Primarina|spa|0
|-boost|p1a: Primarina|spd|0
|move|p2a: Primarina|Calm Mind|p2a: Primarina
|-boost|p2a: Primarina|spa|0
|-boost|p2a: Primarina|spd|0
|
|-heal|p1a: Primarina|88/100|[from] item: Leftovers
|-heal|p2a: Primarina|88/100|[from] item: Leftovers
|upkeep
|turn|29
|
|t:|1598317816
|move|p1a: Primarina|Calm Mind|p1a: Primarina
|-boost|p1a: Primarina|spa|0
|-boost|p1a: Primarina|spd|0
|move|p2a: Primarina|Calm Mind|p2a: Primarina
|-boost|p2a: Primarina|spa|0
|-boost|p2a: Primarina|spd|0
|
|-heal|p1a: Primarina|94/100|[from] item: Leftovers
|-heal|p2a: Primarina|94/100|[from] item: Leftovers
|upkeep
|turn|30
|
|t:|1598317828
|move|p1a: Primarina|Calm Mind|p1a: Primarina
|-boost|p1a: Primarina|spa|0
|-boost|p1a: Primarina|spd|0
|move|p2a: Primarina|Calm Mind|p2a: Primarina
|-boost|p2a: Primarina|spa|0
|-boost|p2a: Primarina|spd|0
|
|-heal|p1a: Primarina|99/100|[from] item: Leftovers
|-heal|p2a: Primarina|99/100|[from] item: Leftovers
|upkeep
|turn|31
|
|t:|1598317840
|move|p1a: Primarina|Calm Mind|p1a: Primarina
|-boost|p1a: Primarina|spa|0
|-boost|p1a: Primarina|spd|0
|move|p2a: Primarina|Scald|p1a: Primarina
|-resisted|p1a: Primarina
|-activate|p1a: Primarina|move: Substitute|[damage]
|
|-heal|p1a: Primarina|100/100|[from] item: Leftovers
|-heal|p2a: Primarina|100/100|[from] item: Leftovers
|upkeep
|turn|32
|
|t:|1598317852
|move|p1a: Primarina|Scald|p2a: Primarina
|-resisted|p2a: Primarina
|-activate|p2a: Primarina|move: Substitute|[damage]
|move|p2a: Primarina|Scald|p1a: Primarina
|-resisted|p1a: Primarina
|-end|p1a: Primarina|Substitute
|
|upkeep
|turn|33
|
|t:|1598317861
|move|p1a: Primarina|Substitute|p1a: Primarina
|-start|p1a: Primarina|Substitute
|-damage|p1a: Primarina|76/100
|move|p2a: Primarina|Calm Mind|p2a: Primarina
|-boost|p2a: Primarina|spa|0
|-boost|p2a: Primarina|spd|0
|
|-heal|p1a: Primarina|82/100|[from] item: Leftovers
|upkeep
|turn|34
|
|t:|1598317871
|move|p1a: Primarina|Calm Mind|p1a: Primarina
|-boost|p1a: Primarina|spa|0
|-boost|p1a: Primarina|spd|0
|move|p2a: Primarina|Calm Mind|p2a: Primarina
|-boost|p2a: Primarina|spa|0
|-boost|p2a: Primarina|spd|0
|
|-heal|p1a: Primarina|88/100|[from] item: Leftovers
|upkeep
|turn|35
|
|t:|1598317882
|move|p1a: Primarina|Calm Mind|p1a: Primarina
|-boost|p1a: Primarina|spa|0
|-boost|p1a: Primarina|spd|0
|move|p2a: Primarina|Calm Mind|p2a: Primarina
|-boost|p2a: Primarina|spa|0
|-boost|p2a: Primarina|spd|0
|
|-heal|p1a: Primarina|94/100|[from] item: Leftovers
|upkeep
|turn|36
|
|t:|1598317892
|move|p1a: Primarina|Calm Mind|p1a: Primarina
|-boost|p1a: Primarina|spa|0
|-boost|p1a: Primarina|spd|0
|move|p2a: Primarina|Scald|p1a: Primarina
|-resisted|p1a: Primarina
|-activate|p1a: Primarina|move: Substitute|[damage]
|
|-heal|p1a: Primarina|99/100|[from] item: Leftovers
|upkeep
|turn|37
|
|t:|1598317902
|move|p1a: Primarina|Scald|p2a: Primarina
|-resisted|p2a: Primarina
|-crit|p2a: Primarina
|-end|p2a: Primarina|Substitute
|move|p2a: Primarina|Calm Mind|p2a: Primarina
|-boost|p2a: Primarina|spa|0
|-boost|p2a: Primarina|spd|0
|
|-heal|p1a: Primarina|100/100|[from] item: Leftovers
|upkeep
|turn|38
|
|t:|1598317914
|move|p1a: Primarina|Scald|p2a: Primarina
|-resisted|p2a: Primarina
|-damage|p2a: Primarina|85/100
|move|p2a: Primarina|Substitute|p2a: Primarina
|-start|p2a: Primarina|Substitute
|-damage|p2a: Primarina|60/100
|
|-heal|p2a: Primarina|66/100|[from] item: Leftovers
|upkeep
|turn|39
|
|t:|1598317931
|move|p1a: Primarina|Substitute|p1a: Primarina
|-fail|p1a: Primarina|move: Substitute
|move|p2a: Primarina|Draining Kiss|p1a: Primarina
|-end|p1a: Primarina|Substitute
|-heal|p2a: Primarina|74/100|[from] drain|[of] p1a: Primarina
|
|-heal|p2a: Primarina|80/100|[from] item: Leftovers
|upkeep
|turn|40
|
|t:|1598317941
|move|p1a: Primarina|Substitute|p1a: Primarina
|-start|p1a: Primarina|Substitute
|-damage|p1a: Primarina|76/100
|move|p2a: Primarina|Calm Mind|p2a: Primarina
|-boost|p2a: Primarina|spa|0
|-boost|p2a: Primarina|spd|0
|
|-heal|p1a: Primarina|82/100|[from] item: Leftovers
|-heal|p2a: Primarina|86/100|[from] item: Leftovers
|upkeep
|turn|41
|
|t:|1598317951
|move|p1a: Primarina|Scald|p2a: Primarina
|-resisted|p2a: Primarina
|-activate|p2a: Primarina|move: Substitute|[damage]
|move|p2a: Primarina|Draining Kiss|p1a: Primarina
|-activate|p1a: Primarina|move: Substitute|[damage]
|-heal|p2a: Primarina|98/100|[from] drain|[of] p1a: Primarina
|
|-heal|p1a: Primarina|88/100|[from] item: Leftovers
|-heal|p2a: Primarina|100/100|[from] item: Leftovers
|upkeep
|turn|42
|
|t:|1598317963
|move|p1a: Primarina|Draining Kiss|p2a: Primarina
|-end|p2a: Primarina|Substitute
|-heal|p1a: Primarina|95/100|[from] drain|[of] p2a: Primarina
|move|p2a: Primarina|Calm Mind|p2a: Primarina
|-boost|p2a: Primarina|spa|0
|-boost|p2a: Primarina|spd|0
|
|-heal|p1a: Primarina|100/100|[from] item: Leftovers
|upkeep
|turn|43
|
|t:|1598317973
|move|p1a: Primarina|Scald|p2a: Primarina
|-resisted|p2a: Primarina
|-damage|p2a: Primarina|85/100
|move|p2a: Primarina|Substitute|p2a: Primarina
|-start|p2a: Primarina|Substitute
|-damage|p2a: Primarina|60/100
|
|-heal|p2a: Primarina|66/100|[from] item: Leftovers
|upkeep
|turn|44
|
|t:|1598317989
|move|p1a: Primarina|Calm Mind|p1a: Primarina
|-boost|p1a: Primarina|spa|0
|-boost|p1a: Primarina|spd|0
|move|p2a: Primarina|Calm Mind|p2a: Primarina
|-boost|p2a: Primarina|spa|0
|-boost|p2a: Primarina|spd|0
|
|-heal|p2a: Primarina|72/100|[from] item: Leftovers
|upkeep
|turn|45
|
|t:|1598318002
|move|p1a: Primarina|Calm Mind|p1a: Primarina
|-boost|p1a: Primarina|spa|0
|-boost|p1a: Primarina|spd|0
|move|p2a: Primarina|Calm Mind|p2a: Primarina
|-boost|p2a: Primarina|spa|0
|-boost|p2a: Primarina|spd|0
|
|-heal|p2a: Primarina|78/100|[from] item: Leftovers
|upkeep
|turn|46
|
|t:|1598318012
|move|p1a: Primarina|Calm Mind|p1a: Primarina
|-boost|p1a: Primarina|spa|0
|-boost|p1a: Primarina|spd|0
|move|p2a: Primarina|Calm Mind|p2a: Primarina
|-boost|p2a: Primarina|spa|0
|-boost|p2a: Primarina|spd|0
|
|-heal|p2a: Primarina|85/100|[from] item: Leftovers
|upkeep
|turn|47
|
|t:|1598318038
|move|p1a: Primarina|Draining Kiss|p2a: Primarina
|-activate|p2a: Primarina|move: Substitute|[damage]
|move|p2a: Primarina|Scald|p1a: Primarina
|-resisted|p1a: Primarina
|-end|p1a: Primarina|Substitute
|
|-heal|p2a: Primarina|91/100|[from] item: Leftovers
|upkeep
|turn|48
|
|t:|1598318050
|move|p1a: Primarina|Calm Mind|p1a: Primarina
|-boost|p1a: Primarina|spa|0
|-boost|p1a: Primarina|spd|0
|move|p2a: Primarina|Calm Mind|p2a: Primarina
|-boost|p2a: Primarina|spa|0
|-boost|p2a: Primarina|spd|0
|
|-heal|p2a: Primarina|97/100|[from] item: Leftovers
|upkeep
|turn|49
|
|t:|1598318063
|move|p1a: Primarina|Scald|p2a: Primarina
|-resisted|p2a: Primarina
|-end|p2a: Primarina|Substitute
|move|p2a: Primarina|Scald|p1a: Primarina
|-resisted|p1a: Primarina
|-damage|p1a: Primarina|86/100
|
|-heal|p1a: Primarina|92/100|[from] item: Leftovers
|-heal|p2a: Primarina|100/100|[from] item: Leftovers
|upkeep
|turn|50
|
|t:|1598318075
|move|p1a: Primarina|Scald|p2a: Primarina
|-resisted|p2a: Primarina
|-damage|p2a: Primarina|86/100
|move|p2a: Primarina|Substitute|p2a: Primarina
|-start|p2a: Primarina|Substitute
|-damage|p2a: Primarina|61/100
|
|-heal|p1a: Primarina|98/100|[from] item: Leftovers
|-heal|p2a: Primarina|67/100|[from] item: Leftovers
|upkeep
|turn|51
|
|t:|1598318087
|move|p1a: Primarina|Substitute|p1a: Primarina
|-start|p1a: Primarina|Substitute
|-damage|p1a: Primarina|73/100
|move|p2a: Primarina|Scald|p1a: Primarina
|-resisted|p1a: Primarina
|-activate|p1a: Primarina|move: Substitute|[damage]
|
|-heal|p1a: Primarina|79/100|[from] item: Leftovers
|-heal|p2a: Primarina|74/100|[from] item: Leftovers
|upkeep
|turn|52
|
|t:|1598318099
|move|p1a: Primarina|Draining Kiss|p2a: Primarina
|-activate|p2a: Primarina|move: Substitute|[damage]
|-heal|p1a: Primarina|93/100|[from] drain|[of] p2a: Primarina
|move|p2a: Primarina|Calm Mind|p2a: Primarina
|-boost|p2a: Primarina|spa|0
|-boost|p2a: Primarina|spd|0
|
|-heal|p1a: Primarina|99/100|[from] item: Leftovers
|-heal|p2a: Primarina|80/100|[from] item: Leftovers
|upkeep
|turn|53
|
|t:|1598318112
|move|p1a: Primarina|Calm Mind|p1a: Primarina
|-boost|p1a: Primarina|spa|0
|-boost|p1a: Primarina|spd|0
|move|p2a: Primarina|Calm Mind|p2a: Primarina
|-boost|p2a: Primarina|spa|0
|-boost|p2a: Primarina|spd|0
|
|-heal|p1a: Primarina|100/100|[from] item: Leftovers
|-heal|p2a: Primarina|86/100|[from] item: Leftovers
|upkeep
|turn|54
|
|t:|1598318122
|move|p1a: Primarina|Calm Mind|p1a: Primarina
|-boost|p1a: Primarina|spa|0
|-boost|p1a: Primarina|spd|0
|move|p2a: Primarina|Scald|p1a: Primarina
|-resisted|p1a: Primarina
|-end|p1a: Primarina|Substitute
|
|-heal|p2a: Primarina|92/100|[from] item: Leftovers
|upkeep
|turn|55
|
|t:|1598318133
|move|p1a: Primarina|Scald|p2a: Primarina
|-resisted|p2a: Primarina
|-end|p2a: Primarina|Substitute
|move|p2a: Primarina|Calm Mind|p2a: Primarina
|-boost|p2a: Primarina|spa|0
|-boost|p2a: Primarina|spd|0
|
|-heal|p2a: Primarina|98/100|[from] item: Leftovers
|upkeep
|turn|56
|
|t:|1598318143
|move|p1a: Primarina|Scald|p2a: Primarina
|-resisted|p2a: Primarina
|-damage|p2a: Primarina|85/100
|move|p2a: Primarina|Substitute|p2a: Primarina
|-start|p2a: Primarina|Substitute
|-damage|p2a: Primarina|60/100
|
|-heal|p2a: Primarina|66/100|[from] item: Leftovers
|upkeep
|turn|57
|
|t:|1598318153
|move|p1a: Primarina|Substitute|p1a: Primarina
|-start|p1a: Primarina|Substitute
|-damage|p1a: Primarina|76/100
|move|p2a: Primarina|Scald|p1a: Primarina
|-resisted|p1a: Primarina
|-activate|p1a: Primarina|move: Substitute|[damage]
|
|-heal|p1a: Primarina|82/100|[from] item: Leftovers
|-heal|p2a: Primarina|72/100|[from] item: Leftovers
|upkeep
|turn|58
|
|t:|1598318164
|move|p1a: Primarina|Draining Kiss|p2a: Primarina
|-activate|p2a: Primarina|move: Substitute|[damage]
|-heal|p1a: Primarina|95/100|[from] drain|[of] p2a: Primarina
|move|p2a: Primarina|Calm Mind|p2a: Primarina
|-boost|p2a: Primarina|spa|0
|-boost|p2a: Primarina|spd|0
|
|-heal|p1a: Primarina|100/100|[from] item: Leftovers
|-heal|p2a: Primarina|78/100|[from] item: Leftovers
|upkeep
|turn|59
|
|t:|1598318175
|move|p1a: Primarina|Scald|p2a: Primarina
|-resisted|p2a: Primarina
|-end|p2a: Primarina|Substitute
|move|p2a: Primarina|Scald|p1a: Primarina
|-resisted|p1a: Primarina
|-end|p1a: Primarina|Substitute
|
|-heal|p2a: Primarina|84/100|[from] item: Leftovers
|upkeep
|turn|60
|
|t:|1598318186
|move|p1a: Primarina|Scald|p2a: Primarina
|-resisted|p2a: Primarina
|-damage|p2a: Primarina|68/100
|move|p2a: Primarina|Substitute|p2a: Primarina
|-start|p2a: Primarina|Substitute
|-damage|p2a: Primarina|43/100
|
|-heal|p2a: Primarina|50/100|[from] item: Leftovers
|upkeep
|turn|61
|
|t:|1598318195
|move|p1a: Primarina|Substitute|p1a: Primarina
|-start|p1a: Primarina|Substitute
|-damage|p1a: Primarina|76/100
|move|p2a: Primarina|Draining Kiss|p1a: Primarina
|-activate|p1a: Primarina|move: Substitute|[damage]
|-heal|p2a: Primarina|63/100|[from] drain|[of] p1a: Primarina
|
|-heal|p1a: Primarina|82/100|[from] item: Leftovers
|-heal|p2a: Primarina|69/100|[from] item: Leftovers
|upkeep
|turn|62
|
|t:|1598318209
|move|p1a: Primarina|Calm Mind|p1a: Primarina
|-boost|p1a: Primarina|spa|0
|-boost|p1a: Primarina|spd|0
|move|p2a: Primarina|Draining Kiss|p1a: Primarina
|-end|p1a: Primarina|Substitute
|-heal|p2a: Primarina|74/100|[from] drain|[of] p1a: Primarina
|
|-heal|p1a: Primarina|88/100|[from] item: Leftovers
|-heal|p2a: Primarina|80/100|[from] item: Leftovers
|upkeep
|turn|63
|
|t:|1598318221
|move|p1a: Primarina|Scald|p2a: Primarina
|-resisted|p2a: Primarina
|-activate|p2a: Primarina|move: Substitute|[damage]
|move|p2a: Primarina|Calm Mind|p2a: Primarina
|-boost|p2a: Primarina|spa|0
|-boost|p2a: Primarina|spd|0
|
|-heal|p1a: Primarina|94/100|[from] item: Leftovers
|-heal|p2a: Primarina|86/100|[from] item: Leftovers
|upkeep
|turn|64
|
|t:|1598318231
|move|p1a: Primarina|Substitute|p1a: Primarina
|-start|p1a: Primarina|Substitute
|-damage|p1a: Primarina|69/100
|move|p2a: Primarina|Scald|p1a: Primarina
|-resisted|p1a: Primarina
|-activate|p1a: Primarina|move: Substitute|[damage]
|
|-heal|p1a: Primarina|75/100|[from] item: Leftovers
|-heal|p2a: Primarina|92/100|[from] item: Leftovers
|upkeep
|turn|65
|
|t:|1598318243
|move|p1a: Primarina|Scald|p2a: Primarina
|-resisted|p2a: Primarina
|-end|p2a: Primarina|Substitute
|move|p2a: Primarina|Calm Mind|p2a: Primarina
|-boost|p2a: Primarina|spa|0
|-boost|p2a: Primarina|spd|0
|
|-heal|p1a: Primarina|81/100|[from] item: Leftovers
|-heal|p2a: Primarina|98/100|[from] item: Leftovers
|upkeep
|turn|66
|
|t:|1598318254
|move|p1a: Primarina|Calm Mind|p1a: Primarina
|-boost|p1a: Primarina|spa|0
|-boost|p1a: Primarina|spd|0
|move|p2a: Primarina|Substitute|p2a: Primarina
|-start|p2a: Primarina|Substitute
|-damage|p2a: Primarina|74/100
|
|-heal|p1a: Primarina|88/100|[from] item: Leftovers
|-heal|p2a: Primarina|80/100|[from] item: Leftovers
|upkeep
|turn|67
|
|t:|1598318265
|move|p1a: Primarina|Scald|p2a: Primarina
|-resisted|p2a: Primarina
|-activate|p2a: Primarina|move: Substitute|[damage]
|move|p2a: Primarina|Calm Mind|p2a: Primarina
|-boost|p2a: Primarina|spa|0
|-boost|p2a: Primarina|spd|0
|
|-heal|p1a: Primarina|94/100|[from] item: Leftovers
|-heal|p2a: Primarina|86/100|[from] item: Leftovers
|upkeep
|turn|68
|
|t:|1598318278
|move|p1a: Primarina|Draining Kiss|p2a: Primarina
|-end|p2a: Primarina|Substitute
|-heal|p1a: Primarina|100/100|[from] drain|[of] p2a: Primarina
|move|p2a: Primarina|Scald|p1a: Primarina
|-resisted|p1a: Primarina
|-end|p1a: Primarina|Substitute
|
|-heal|p2a: Primarina|92/100|[from] item: Leftovers
|upkeep
|turn|69
|
|t:|1598318288
|move|p1a: Primarina|Scald|p2a: Primarina
|-resisted|p2a: Primarina
|-crit|p2a: Primarina
|-damage|p2a: Primarina|3/100
|move|p2a: Primarina|Substitute|p2a: Primarina
|-fail|p2a: Primarina|move: Substitute|[weak]
|
|-heal|p2a: Primarina|9/100|[from] item: Leftovers
|upkeep
|turn|70
|
|t:|1598318297
|move|p1a: Primarina|Substitute|p1a: Primarina
|-start|p1a: Primarina|Substitute
|-damage|p1a: Primarina|76/100
|move|p2a: Primarina|Draining Kiss|p1a: Primarina
|-crit|p1a: Primarina
|-end|p1a: Primarina|Substitute
|-heal|p2a: Primarina|27/100|[from] drain|[of] p1a: Primarina
|
|-heal|p1a: Primarina|82/100|[from] item: Leftovers
|-heal|p2a: Primarina|34/100|[from] item: Leftovers
|upkeep
|turn|71
|
|t:|1598318308
|move|p1a: Primarina|Draining Kiss|p2a: Primarina
|-damage|p2a: Primarina|17/100
|-heal|p1a: Primarina|95/100|[from] drain|[of] p2a: Primarina
|move|p2a: Primarina|Draining Kiss|p1a: Primarina
|-damage|p1a: Primarina|78/100
|-heal|p2a: Primarina|29/100|[from] drain|[of] p1a: Primarina
|
|-heal|p1a: Primarina|84/100|[from] item: Leftovers
|-heal|p2a: Primarina|35/100|[from] item: Leftovers
|upkeep
|turn|72
|
|t:|1598318327
|move|p1a: Primarina|Draining Kiss|p2a: Primarina
|-damage|p2a: Primarina|18/100
|-heal|p1a: Primarina|97/100|[from] drain|[of] p2a: Primarina
|move|p2a: Primarina|Draining Kiss|p1a: Primarina
|-damage|p1a: Primarina|80/100
|-heal|p2a: Primarina|31/100|[from] drain|[of] p1a: Primarina
|
|-heal|p1a: Primarina|86/100|[from] item: Leftovers
|-heal|p2a: Primarina|37/100|[from] item: Leftovers
|upkeep
|turn|73
|
|t:|1598318339
|move|p1a: Primarina|Substitute|p1a: Primarina
|-start|p1a: Primarina|Substitute
|-damage|p1a: Primarina|61/100
|move|p2a: Primarina|Draining Kiss|p1a: Primarina
|-activate|p1a: Primarina|move: Substitute|[damage]
|-heal|p2a: Primarina|49/100|[from] drain|[of] p1a: Primarina
|
|-heal|p1a: Primarina|67/100|[from] item: Leftovers
|-heal|p2a: Primarina|55/100|[from] item: Leftovers
|upkeep
|turn|74
|
|t:|1598318350
|move|p1a: Primarina|Draining Kiss|p2a: Primarina
|-damage|p2a: Primarina|36/100
|-heal|p1a: Primarina|82/100|[from] drain|[of] p2a: Primarina
|move|p2a: Primarina|Substitute|p2a: Primarina
|-start|p2a: Primarina|Substitute
|-damage|p2a: Primarina|11/100
|
|-heal|p1a: Primarina|88/100|[from] item: Leftovers
|-heal|p2a: Primarina|17/100|[from] item: Leftovers
|upkeep
|turn|75
|
|t:|1598318361
|move|p1a: Primarina|Scald|p2a: Primarina
|-resisted|p2a: Primarina
|-activate|p2a: Primarina|move: Substitute|[damage]
|move|p2a: Primarina|Draining Kiss|p1a: Primarina
|-end|p1a: Primarina|Substitute
|-heal|p2a: Primarina|23/100|[from] drain|[of] p1a: Primarina
|
|-heal|p1a: Primarina|95/100|[from] item: Leftovers
|-heal|p2a: Primarina|29/100|[from] item: Leftovers
|upkeep
|turn|76
|
|t:|1598318376
|move|p1a: Primarina|Scald|p2a: Primarina
|-resisted|p2a: Primarina
|-end|p2a: Primarina|Substitute
|move|p2a: Primarina|Substitute|p2a: Primarina
|-start|p2a: Primarina|Substitute
|-damage|p2a: Primarina|4/100
|
|-heal|p1a: Primarina|100/100|[from] item: Leftovers
|-heal|p2a: Primarina|10/100|[from] item: Leftovers
|upkeep
|turn|77
|
|t:|1598318386
|move|p1a: Primarina|Scald|p2a: Primarina
|-resisted|p2a: Primarina
|-activate|p2a: Primarina|move: Substitute|[damage]
|move|p2a: Primarina|Draining Kiss|p1a: Primarina
|-damage|p1a: Primarina|84/100
|-heal|p2a: Primarina|23/100|[from] drain|[of] p1a: Primarina
|
|-heal|p1a: Primarina|90/100|[from] item: Leftovers
|-heal|p2a: Primarina|29/100|[from] item: Leftovers
|upkeep
|turn|78
|
|t:|1598318400
|move|p1a: Primarina|Draining Kiss|p2a: Primarina
|-end|p2a: Primarina|Substitute
|-heal|p1a: Primarina|98/100|[from] drain|[of] p2a: Primarina
|move|p2a: Primarina|Draining Kiss|p1a: Primarina
|-damage|p1a: Primarina|80/100
|-heal|p2a: Primarina|42/100|[from] drain|[of] p1a: Primarina
|
|-heal|p1a: Primarina|86/100|[from] item: Leftovers
|-heal|p2a: Primarina|48/100|[from] item: Leftovers
|upkeep
|turn|79
|
|t:|1598318412
|move|p1a: Primarina|Scald|p2a: Primarina
|-resisted|p2a: Primarina
|-damage|p2a: Primarina|34/100
|move|p2a: Primarina|Draining Kiss|p1a: Primarina
|-damage|p1a: Primarina|70/100
|-heal|p2a: Primarina|46/100|[from] drain|[of] p1a: Primarina
|
|-heal|p1a: Primarina|76/100|[from] item: Leftovers
|-heal|p2a: Primarina|52/100|[from] item: Leftovers
|upkeep
|turn|80
|
|t:|1598318428
|move|p1a: Primarina|Calm Mind|p1a: Primarina
|-boost|p1a: Primarina|spa|0
|-boost|p1a: Primarina|spd|0
|move|p2a: Primarina|Substitute|p2a: Primarina
|-start|p2a: Primarina|Substitute
|-damage|p2a: Primarina|27/100
|
|-heal|p1a: Primarina|82/100|[from] item: Leftovers
|-heal|p2a: Primarina|33/100|[from] item: Leftovers
|upkeep
|turn|81
|
|t:|1598318440
|move|p1a: Primarina|Substitute|p1a: Primarina
|-start|p1a: Primarina|Substitute
|-damage|p1a: Primarina|57/100
|move|p2a: Primarina|Scald|p1a: Primarina
|-resisted|p1a: Primarina
|-activate|p1a: Primarina|move: Substitute|[damage]
|
|-heal|p1a: Primarina|64/100|[from] item: Leftovers
|-heal|p2a: Primarina|39/100|[from] item: Leftovers
|upkeep
|turn|82
|
|t:|1598318452
|move|p1a: Primarina|Calm Mind|p1a: Primarina
|-boost|p1a: Primarina|spa|0
|-boost|p1a: Primarina|spd|0
|move|p2a: Primarina|Scald|p1a: Primarina
|-resisted|p1a: Primarina
|-end|p1a: Primarina|Substitute
|
|-heal|p1a: Primarina|70/100|[from] item: Leftovers
|-heal|p2a: Primarina|45/100|[from] item: Leftovers
|upkeep
|turn|83
|
|t:|1598318464
|move|p1a: Primarina|Substitute|p1a: Primarina
|-start|p1a: Primarina|Substitute
|-damage|p1a: Primarina|45/100
|move|p2a: Primarina|Calm Mind|p2a: Primarina
|-boost|p2a: Primarina|spa|0
|-boost|p2a: Primarina|spd|0
|
|-heal|p1a: Primarina|51/100|[from] item: Leftovers
|-heal|p2a: Primarina|51/100|[from] item: Leftovers
|upkeep
|turn|84
|
|t:|1598318473
|move|p1a: Primarina|Draining Kiss|p2a: Primarina
|-activate|p2a: Primarina|move: Substitute|[damage]
|-heal|p1a: Primarina|66/100|[from] drain|[of] p2a: Primarina
|move|p2a: Primarina|Calm Mind|p2a: Primarina
|-boost|p2a: Primarina|spa|0
|-boost|p2a: Primarina|spd|0
|
|-heal|p1a: Primarina|72/100|[from] item: Leftovers
|-heal|p2a: Primarina|58/100|[from] item: Leftovers
|upkeep
|turn|85
|
|t:|1598318487
|move|p1a: Primarina|Calm Mind|p1a: Primarina
|-boost|p1a: Primarina|spa|0
|-boost|p1a: Primarina|spd|0
|move|p2a: Primarina|Calm Mind|p2a: Primarina
|-boost|p2a: Primarina|spa|0
|-boost|p2a: Primarina|spd|0
|
|-heal|p1a: Primarina|78/100|[from] item: Leftovers
|-heal|p2a: Primarina|64/100|[from] item: Leftovers
|upkeep
|turn|86
|
|t:|1598318506
|move|p1a: Primarina|Scald|p2a: Primarina
|-resisted|p2a: Primarina
|-end|p2a: Primarina|Substitute
|move|p2a: Primarina|Scald|p1a: Primarina
|-resisted|p1a: Primarina
|-activate|p1a: Primarina|move: Substitute|[damage]
|
|-heal|p1a: Primarina|85/100|[from] item: Leftovers
|-heal|p2a: Primarina|70/100|[from] item: Leftovers
|upkeep
|turn|87
|
|t:|1598318517
|move|p1a: Primarina|Calm Mind|p1a: Primarina
|-boost|p1a: Primarina|spa|0
|-boost|p1a: Primarina|spd|0
|move|p2a: Primarina|Substitute|p2a: Primarina
|-start|p2a: Primarina|Substitute
|-damage|p2a: Primarina|45/100
|
|-heal|p1a: Primarina|91/100|[from] item: Leftovers
|-heal|p2a: Primarina|51/100|[from] item: Leftovers
|upkeep
|turn|88
|
|t:|1598318528
|move|p1a: Primarina|Calm Mind|p1a: Primarina
|-boost|p1a: Primarina|spa|0
|-boost|p1a: Primarina|spd|0
|move|p2a: Primarina|Scald|p1a: Primarina
|-resisted|p1a: Primarina
|-end|p1a: Primarina|Substitute
|
|-heal|p1a: Primarina|97/100|[from] item: Leftovers
|-heal|p2a: Primarina|57/100|[from] item: Leftovers
|upkeep
|turn|89
|
|t:|1598318539
|move|p1a: Primarina|Substitute|p1a: Primarina
|-start|p1a: Primarina|Substitute
|-damage|p1a: Primarina|72/100
|move|p2a: Primarina|Calm Mind|p2a: Primarina
|-boost|p2a: Primarina|spa|0
|-boost|p2a: Primarina|spd|0
|
|-heal|p1a: Primarina|78/100|[from] item: Leftovers
|-heal|p2a: Primarina|63/100|[from] item: Leftovers
|upkeep
|turn|90
|
|t:|1598318554
|move|p1a: Primarina|Draining Kiss|p2a: Primarina
|-activate|p2a: Primarina|move: Substitute|[damage]
|-heal|p1a: Primarina|92/100|[from] drain|[of] p2a: Primarina
|move|p2a: Primarina|Scald|p1a: Primarina
|-resisted|p1a: Primarina
|-activate|p1a: Primarina|move: Substitute|[damage]
|
|-heal|p1a: Primarina|99/100|[from] item: Leftovers
|-heal|p2a: Primarina|69/100|[from] item: Leftovers
|upkeep
|turn|91
|
|t:|1598318566
|move|p1a: Primarina|Calm Mind|p1a: Primarina
|-boost|p1a: Primarina|spa|0
|-boost|p1a: Primarina|spd|0
|move|p2a: Primarina|Calm Mind|p2a: Primarina
|-boost|p2a: Primarina|spa|0
|-boost|p2a: Primarina|spd|0
|
|-heal|p1a: Primarina|100/100|[from] item: Leftovers
|-heal|p2a: Primarina|75/100|[from] item: Leftovers
|upkeep
|turn|92
|
|t:|1598318577
|move|p1a: Primarina|Calm Mind|p1a: Primarina
|-boost|p1a: Primarina|spa|0
|-boost|p1a: Primarina|spd|0
|move|p2a: Primarina|Scald|p1a: Primarina
|-resisted|p1a: Primarina
|-end|p1a: Primarina|Substitute
|
|-heal|p2a: Primarina|81/100|[from] item: Leftovers
|upkeep
|turn|93
|
|t:|1598318588
|move|p1a: Primarina|Draining Kiss|p2a: Primarina
|-end|p2a: Primarina|Substitute
|move|p2a: Primarina|Scald|p1a: Primarina
|-resisted|p1a: Primarina
|-damage|p1a: Primarina|86/100
|
|-heal|p1a: Primarina|92/100|[from] item: Leftovers
|-heal|p2a: Primarina|87/100|[from] item: Leftovers
|upkeep
|turn|94
|inactive|LT73IU AQUY has 120 seconds left.
|
|t:|1598318619
|move|p1a: Primarina|Calm Mind|p1a: Primarina
|-boost|p1a: Primarina|spa|0
|-boost|p1a: Primarina|spd|0
|move|p2a: Primarina|Substitute|p2a: Primarina
|-start|p2a: Primarina|Substitute
|-damage|p2a: Primarina|62/100
|
|-heal|p1a: Primarina|99/100|[from] item: Leftovers
|-heal|p2a: Primarina|69/100|[from] item: Leftovers
|upkeep
|turn|95
|
|t:|1598318629
|move|p1a: Primarina|Substitute|p1a: Primarina
|-start|p1a: Primarina|Substitute
|-damage|p1a: Primarina|74/100
|move|p2a: Primarina|Scald|p1a: Primarina
|-resisted|p1a: Primarina
|-activate|p1a: Primarina|move: Substitute|[damage]
|
|-heal|p1a: Primarina|80/100|[from] item: Leftovers
|-heal|p2a: Primarina|75/100|[from] item: Leftovers
|upkeep
|turn|96
|
|t:|1598318640
|move|p1a: Primarina|Draining Kiss|p2a: Primarina
|-activate|p2a: Primarina|move: Substitute|[damage]
|-heal|p1a: Primarina|95/100|[from] drain|[of] p2a: Primarina
|move|p2a: Primarina|Scald|p1a: Primarina
|-resisted|p1a: Primarina
|-end|p1a: Primarina|Substitute
|
|-heal|p1a: Primarina|100/100|[from] item: Leftovers
|-heal|p2a: Primarina|81/100|[from] item: Leftovers
|upkeep
|turn|97
|
|t:|1598318652
|move|p1a: Primarina|Calm Mind|p1a: Primarina
|-boost|p1a: Primarina|spa|0
|-boost|p1a: Primarina|spd|0
|move|p2a: Primarina|Draining Kiss|p1a: Primarina
|-damage|p1a: Primarina|83/100
|-heal|p2a: Primarina|94/100|[from] drain|[of] p1a: Primarina
|
|-heal|p1a: Primarina|89/100|[from] item: Leftovers
|-heal|p2a: Primarina|99/100|[from] item: Leftovers
|upkeep
|turn|98
|
|t:|1598318663
|move|p1a: Primarina|Calm Mind|p1a: Primarina
|-boost|p1a: Primarina|spa|0
|-boost|p1a: Primarina|spd|0
|move|p2a: Primarina|Draining Kiss|p1a: Primarina
|-damage|p1a: Primarina|70/100
|-heal|p2a: Primarina|100/100|[from] drain|[of] p1a: Primarina
|
|-heal|p1a: Primarina|76/100|[from] item: Leftovers
|upkeep
|turn|99
|
|t:|1598318674
|-activate|p1a: Primarina|move: Struggle
|move|p1a: Primarina|Struggle|p2a: Primarina
|-end|p2a: Primarina|Substitute
|-damage|p1a: Primarina|51/100|[from] recoil
|move|p2a: Primarina|Scald|p1a: Primarina
|-resisted|p1a: Primarina
|-damage|p1a: Primarina|38/100
|
|-heal|p1a: Primarina|44/100|[from] item: Leftovers
|upkeep
|turn|100
|
|t:|1598318686
|-activate|p1a: Primarina|move: Struggle
|move|p1a: Primarina|Struggle|p2a: Primarina
|-damage|p2a: Primarina|94/100
|-damage|p1a: Primarina|19/100|[from] recoil
|move|p2a: Primarina|Draining Kiss|p1a: Primarina
|-damage|p1a: Primarina|2/100
|-heal|p2a: Primarina|100/100|[from] drain|[of] p1a: Primarina
|
|-heal|p1a: Primarina|8/100|[from] item: Leftovers
|upkeep
|turn|101
|inactive|Ayante has 120 seconds left.
|
|t:|1598318700
|-activate|p1a: Primarina|move: Struggle
|move|p1a: Primarina|Struggle|p2a: Primarina
|-damage|p2a: Primarina|95/100
|-damage|p1a: Primarina|0 fnt|[from] recoil
|faint|p1a: Primarina
|move|p2a: Primarina|Scald|p1: Primarina|[notarget]
|-fail|p2a: Primarina
|
|-heal|p2a: Primarina|100/100|[from] item: Leftovers
|upkeep
|
|t:|1598318703
|switch|p1a: Rillaboom|Rillaboom, F|100/100
|-damage|p1a: Rillaboom|88/100|[from] Stealth Rock
|-fieldstart|move: Grassy Terrain|[from] ability: Grassy Surge|[of] p1a: Rillaboom
|turn|102
|inactive|Ayante has 120 seconds left.
|
|t:|1598318715
|move|p1a: Rillaboom|Grassy Glide|p2a: Primarina
|-supereffective|p2a: Primarina
|-damage|p2a: Primarina|0 fnt
|faint|p2a: Primarina
|
|-heal|p1a: Rillaboom|94/100|[from] Grassy Terrain
|upkeep
|inactive|Ayante has 120 seconds left.
|
|t:|1598318748
|switch|p2a: Amoonguss|Amoonguss, F|100/100
|-damage|p2a: Amoonguss|88/100|[from] Stealth Rock
|turn|103
|
|t:|1598318753
|switch|p1a: Magnezone|Magnezone, shiny|83/100
|-damage|p1a: Magnezone|77/100|[from] Stealth Rock
|move|p2a: Amoonguss|Sludge Bomb|p1a: Magnezone
|-immune|p1a: Magnezone
|
|-heal|p1a: Magnezone|83/100|[from] Grassy Terrain
|-heal|p2a: Amoonguss|94/100|[from] Grassy Terrain
|upkeep
|turn|104
|inactive|Ayante has 90 seconds left.
|
|t:|1598318764
|move|p1a: Magnezone|Flash Cannon|p2a: Amoonguss
|-damage|p2a: Amoonguss|25/100
|move|p2a: Amoonguss|Spore|p1a: Magnezone
|-status|p1a: Magnezone|slp|[from] move: Spore
|
|-heal|p1a: Magnezone|89/100 slp|[from] Grassy Terrain
|-heal|p2a: Amoonguss|32/100|[from] Grassy Terrain
|upkeep
|turn|105
|inactive|Ayante has 90 seconds left.
|
|t:|1598318779
|switch|p2a: Rotom|Rotom-Heat|41/100 tox
|cant|p1a: Magnezone|slp
|
|-heal|p1a: Magnezone|96/100 slp|[from] Grassy Terrain
|-damage|p2a: Rotom|35/100 tox|[from] psn
|upkeep
|turn|106
|
|t:|1598318788
|switch|p1a: Kommo-o|Kommo-o, M|29/100
|-damage|p1a: Kommo-o|23/100|[from] Stealth Rock
|move|p2a: Rotom|Overheat|p1a: Kommo-o
|-resisted|p1a: Kommo-o
|-damage|p1a: Kommo-o|0 fnt
|-unboost|p2a: Rotom|spa|2
|faint|p1a: Kommo-o
|
|-fieldend|move: Grassy Terrain
|-damage|p2a: Rotom|23/100 tox|[from] psn
|upkeep
|
|t:|1598318797
|switch|p1a: Volcarona|Volcarona, M, shiny|100/100
|turn|107
|inactive|Ayante has 90 seconds left.
|
|t:|1598318803
|switch|p2a: Dragapult|Dragapult, M|99/100
|-damage|p2a: Dragapult|88/100|[from] Stealth Rock
|move|p1a: Volcarona|Flamethrower|p2a: Dragapult
|-resisted|p2a: Dragapult
|-damage|p2a: Dragapult|59/100
|
|-heal|p2a: Dragapult|65/100|[from] item: Leftovers
|upkeep
|turn|108
|inactive|Ayante has 90 seconds left.
|
|t:|1598318818
|move|p2a: Dragapult|Dragon Dance|p2a: Dragapult
|-boost|p2a: Dragapult|atk|1
|-boost|p2a: Dragapult|spe|1
|move|p1a: Volcarona|Flamethrower|p2a: Dragapult
|-resisted|p2a: Dragapult
|-damage|p2a: Dragapult|37/100
|
|-heal|p2a: Dragapult|43/100|[from] item: Leftovers
|upkeep
|turn|109
|
|t:|1598318832
|switch|p1a: Zeraora|Zeraora, shiny|30/100
|move|p2a: Dragapult|Dragon Darts|p1a: Zeraora
|-damage|p1a: Zeraora|0 fnt
|faint|p1a: Zeraora
|
|-heal|p2a: Dragapult|49/100|[from] item: Leftovers
|upkeep
|
|t:|1598318834
|switch|p1a: Rillaboom|Rillaboom, F|94/100
|-damage|p1a: Rillaboom|82/100|[from] Stealth Rock
|-fieldstart|move: Grassy Terrain|[from] ability: Grassy Surge|[of] p1a: Rillaboom
|turn|110
|inactive|Ayante has 90 seconds left.
|
|t:|1598318864
|switch|p2a: Amoonguss|Amoonguss, F|65/100
|-damage|p2a: Amoonguss|53/100|[from] Stealth Rock
|move|p1a: Rillaboom|Grassy Glide|p2a: Amoonguss
|-resisted|p2a: Amoonguss
|-damage|p2a: Amoonguss|40/100
|-damage|p1a: Rillaboom|66/100|[from] item: Rocky Helmet|[of] p2a: Amoonguss
|
|-heal|p1a: Rillaboom|72/100|[from] Grassy Terrain
|-heal|p2a: Amoonguss|47/100|[from] Grassy Terrain
|upkeep
|turn|111
|
|t:|1598318876
|switch|p1a: Volcarona|Volcarona, M, shiny|100/100
|switch|p2a: Dragapult|Dragapult, M|49/100
|-damage|p2a: Dragapult|37/100|[from] Stealth Rock
|
|-heal|p2a: Dragapult|43/100|[from] item: Leftovers
|-heal|p2a: Dragapult|49/100|[from] Grassy Terrain
|upkeep
|turn|112
|inactive|Ayante has 60 seconds left.
|
|t:|1598318891
|switch|p1a: Magnezone|Magnezone, shiny|96/100 slp
|-damage|p1a: Magnezone|89/100 slp|[from] Stealth Rock
|move|p2a: Dragapult|Substitute|p2a: Dragapult
|-start|p2a: Dragapult|Substitute
|-damage|p2a: Dragapult|24/100
|
|-heal|p2a: Dragapult|30/100|[from] item: Leftovers
|-heal|p2a: Dragapult|36/100|[from] Grassy Terrain
|-heal|p1a: Magnezone|96/100 slp|[from] Grassy Terrain
|upkeep
|turn|113
|inactive|Ayante has 60 seconds left.
|
|t:|1598318902
|move|p2a: Dragapult|Hex|p1a: Magnezone
|-damage|p1a: Magnezone|35/100 slp
|cant|p1a: Magnezone|slp
|
|-heal|p2a: Dragapult|42/100|[from] item: Leftovers
|-heal|p2a: Dragapult|48/100|[from] Grassy Terrain
|-heal|p1a: Magnezone|41/100 slp|[from] Grassy Terrain
|upkeep
|turn|114
|
|t:|1598318914
|move|p2a: Dragapult|Hex|p1a: Magnezone
|-damage|p1a: Magnezone|0 fnt
|faint|p1a: Magnezone
|
|-heal|p2a: Dragapult|54/100|[from] item: Leftovers
|-heal|p2a: Dragapult|60/100|[from] Grassy Terrain
|-fieldend|move: Grassy Terrain
|upkeep
|
|t:|1598318917
|switch|p1a: Volcarona|Volcarona, M, shiny|100/100
|turn|115
|-message|LT73IU AQUY forfeited.
|
|win|Ayante
|l|☆LT73IU AQUY
|raw|LT73IU AQUY's rating: 1501 &rarr; <strong>1487</strong><br />(-14 for losing)
|raw|Ayante's rating: 1602 &rarr; <strong>1616</strong><br />(+14 for winning)
