|j|☆kekosportos
|j|☆BugCatcherWeevil
|t:|1604489799
|player|p1|kekosportos|170|1752
|player|p2|BugCatcherWeevil|7|1745
|teamsize|p1|6
|teamsize|p2|6
|gametype|singles
|gen|8
|tier|[Gen 8] OU
|rated|
|clearpoke
|poke|p1|Volcarona, F|
|poke|p1|Mamoswine, F|
|poke|p1|Urshifu-*, M|
|poke|p1|Zapdos|
|poke|p1|Melmetal|
|poke|p1|Tapu Fini|
|poke|p2|Abomasnow, F|
|poke|p2|Arctozolt|
|poke|p2|Cinderace, M|
|poke|p2|Swampert, M|
|poke|p2|Melmetal|
|poke|p2|Landorus, M|
|rule|Sleep Clause Mod: Limit one foe put to sleep
|rule|Species Clause: Limit one of each Pokémon
|rule|OHKO Clause: OHKO moves are banned
|rule|Evasion Moves Clause: Evasion moves are banned
|rule|Endless Battle Clause: Forcing endless battles is banned
|rule|HP Percentage Mod: HP is shown in percentages
|rule|Dynamax Clause: You cannot dynamax
|teampreview
|j| Boi 240
|j| BJX_Toko
|j| Coronavirus EUW
|
|t:|1604489872
|start
|switch|p1a: Urshifu|Urshifu, M|100/100
|switch|p2a: Swampert|Swampert, M|100/100
|turn|1
|j| B.rand2z
|
|t:|1604489879
|move|p1a: Urshifu|Wicked Blow|p2a: Swampert
|-crit|p2a: Swampert
|-damage|p2a: Swampert|42/100
|move|p2a: Swampert|Counter|p1a: Urshifu
|-damage|p1a: Urshifu|0 fnt
|faint|p1a: Urshifu
|
|-heal|p2a: Swampert|49/100|[from] item: Leftovers
|upkeep
|l| B.rand2z
|j| pplopp
|j| Trump2020Winner
|j| CCCCold
|l| Trump2020Winner
|inactive|Battle timer is ON: inactive players will automatically lose when time's up. (requested by BugCatcherWeevil)
|l| BJX_Toko
|
|t:|1604489988
|switch|p1a: Volcarona|Volcarona, F|100/100
|turn|2
|
|t:|1604489997
|move|p1a: Volcarona|Giga Drain|p2a: Swampert
|-supereffective|p2a: Swampert
|-damage|p2a: Swampert|0 fnt
|faint|p2a: Swampert
|
|upkeep
|
|t:|1604490003
|switch|p2a: Cinderace|Cinderace, M|100/100
|turn|3
|
|t:|1604490008
|switch|p1a: Tapu Fini|Tapu Fini|100/100
|-fieldstart|move: Misty Terrain|[from] ability: Misty Surge|[of] p1a: Tapu Fini
|move|p2a: Cinderace|Pyro Ball|p1a: Tapu Fini
|-resisted|p1a: Tapu Fini
|-damage|p1a: Tapu Fini|78/100
|
|-heal|p1a: Tapu Fini|84/100|[from] item: Leftovers
|upkeep
|turn|4
|
|t:|1604490013
|move|p2a: Cinderace|U-turn|p1a: Tapu Fini
|-start|p2a: Cinderace|typechange|Bug|[from] ability: Libero
|-resisted|p1a: Tapu Fini
|-damage|p1a: Tapu Fini|71/100
|
|t:|1604490016
|switch|p2a: Abomasnow|Abomasnow, F|100/100|[from]move: U-turn
|-weather|Hail|[from] ability: Snow Warning|[of] p2a: Abomasnow
|move|p1a: Tapu Fini|Scald|p2a: Abomasnow
|-resisted|p2a: Abomasnow
|-damage|p2a: Abomasnow|87/100
|
|-weather|Hail|[upkeep]
|-damage|p1a: Tapu Fini|65/100|[from] Hail
|-heal|p1a: Tapu Fini|71/100|[from] item: Leftovers
|upkeep
|turn|5
|
|t:|1604490021
|switch|p1a: Volcarona|Volcarona, F|100/100
|move|p2a: Abomasnow|Leech Seed|p1a: Volcarona
|-start|p1a: Volcarona|move: Leech Seed
|
|-weather|Hail|[upkeep]
|-damage|p1a: Volcarona|94/100|[from] Hail
|-damage|p1a: Volcarona|82/100|[from] Leech Seed|[of] p2a: Abomasnow
|-heal|p2a: Abomasnow|99/100|[silent]
|upkeep
|turn|6
|
|t:|1604490031
|switch|p2a: Cinderace|Cinderace, M|100/100
|move|p1a: Volcarona|Flamethrower|p2a: Cinderace
|-resisted|p2a: Cinderace
|-damage|p2a: Cinderace|73/100
|
|-weather|Hail|[upkeep]
|-damage|p2a: Cinderace|67/100|[from] Hail
|-damage|p1a: Volcarona|76/100|[from] Hail
|-damage|p1a: Volcarona|64/100|[from] Leech Seed|[of] p2a: Cinderace
|-heal|p2a: Cinderace|82/100|[silent]
|upkeep
|turn|7
|
|t:|1604490040
|switch|p1a: Tapu Fini|Tapu Fini|71/100
|move|p2a: Cinderace|U-turn|p1a: Tapu Fini
|-start|p2a: Cinderace|typechange|Bug|[from] ability: Libero
|-resisted|p1a: Tapu Fini
|-damage|p1a: Tapu Fini|58/100
|
|t:|1604490046
|switch|p2a: Arctozolt|Arctozolt|100/100|[from]move: U-turn
|
|-weather|Hail|[upkeep]
|-damage|p1a: Tapu Fini|52/100|[from] Hail
|-heal|p1a: Tapu Fini|58/100|[from] item: Leftovers
|-fieldend|Misty Terrain
|upkeep
|turn|8
|
|t:|1604490050
|switch|p1a: Mamoswine|Mamoswine, F|100/100
|move|p2a: Arctozolt|Icicle Spear|p1a: Mamoswine
|-damage|p1a: Mamoswine|92/100
|-damage|p1a: Mamoswine|84/100
|-damage|p1a: Mamoswine|76/100
|-damage|p1a: Mamoswine|68/100
|-hitcount|p1a: Mamoswine|4
|-damage|p2a: Arctozolt|91/100|[from] item: Life Orb
|
|-weather|Hail|[upkeep]
|upkeep
|turn|9
|
|t:|1604490062
|switch|p2a: Abomasnow|Abomasnow, F|99/100
|move|p1a: Mamoswine|Stealth Rock|p2a: Abomasnow
|-sidestart|p2: BugCatcherWeevil|move: Stealth Rock
|
|-weather|Hail|[upkeep]
|upkeep
|turn|10
|
|t:|1604490071
|move|p1a: Mamoswine|Icicle Crash|p2a: Abomasnow
|-damage|p2a: Abomasnow|42/100
|move|p2a: Abomasnow|Giga Drain|p1a: Mamoswine
|-supereffective|p1a: Mamoswine
|-crit|p1a: Mamoswine
|-damage|p1a: Mamoswine|0 fnt
|-heal|p2a: Abomasnow|74/100|[from] drain|[of] p1a: Mamoswine
|faint|p1a: Mamoswine
|
|-weather|Hail|[upkeep]
|upkeep
|
|t:|1604490079
|switch|p1a: Melmetal|Melmetal|100/100
|turn|11
|
|t:|1604490083
|switch|p2a: Melmetal|Melmetal|100/100
|-damage|p2a: Melmetal|94/100|[from] Stealth Rock
|move|p1a: Melmetal|Double Iron Bash|p2a: Melmetal
|-resisted|p2a: Melmetal
|-damage|p2a: Melmetal|81/100
|-resisted|p2a: Melmetal
|-damage|p2a: Melmetal|67/100
|-hitcount|p2a: Melmetal|2
|
|-weather|none
|upkeep
|turn|12
|
|t:|1604490095
|move|p2a: Melmetal|Thunder Punch|p1a: Melmetal
|-damage|p1a: Melmetal|82/100
|move|p1a: Melmetal|Earthquake|p2a: Melmetal
|-supereffective|p2a: Melmetal
|-damage|p2a: Melmetal|14/100
|
|upkeep
|turn|13
|
|t:|1604490104
|move|p2a: Melmetal|Superpower|p1a: Melmetal
|-supereffective|p1a: Melmetal
|-damage|p1a: Melmetal|33/100
|-unboost|p2a: Melmetal|atk|1
|-unboost|p2a: Melmetal|def|1
|move|p1a: Melmetal|Double Iron Bash|p2a: Melmetal
|-resisted|p2a: Melmetal
|-damage|p2a: Melmetal|0 fnt
|-hitcount|p2a: Melmetal|1
|faint|p2a: Melmetal
|
|upkeep
|
|t:|1604490115
|switch|p2a: Landorus|Landorus, M|100/100
|-damage|p2a: Landorus|88/100|[from] Stealth Rock
|turn|14
|
|t:|1604490119
|move|p2a: Landorus|Earth Power|p1a: Melmetal
|-supereffective|p1a: Melmetal
|-damage|p1a: Melmetal|0 fnt
|faint|p1a: Melmetal
|
|upkeep
|
|t:|1604490122
|switch|p1a: Tapu Fini|Tapu Fini|58/100
|-fieldstart|move: Misty Terrain|[from] ability: Misty Surge|[of] p1a: Tapu Fini
|turn|15
|
|t:|1604490127
|move|p2a: Landorus|Sludge Wave|p1a: Tapu Fini
|-supereffective|p1a: Tapu Fini
|-damage|p1a: Tapu Fini|0 fnt
|faint|p1a: Tapu Fini
|
|upkeep
|
|t:|1604490133
|switch|p1a: Zapdos|Zapdos|100/100
|turn|16
|
|t:|1604490136
|switch|p2a: Abomasnow|Abomasnow, F|74/100
|-damage|p2a: Abomasnow|49/100|[from] Stealth Rock
|-weather|Hail|[from] ability: Snow Warning|[of] p2a: Abomasnow
|move|p1a: Zapdos|Heat Wave|p2a: Abomasnow
|-supereffective|p2a: Abomasnow
|-damage|p2a: Abomasnow|0 fnt
|faint|p2a: Abomasnow
|
|-weather|Hail|[upkeep]
|-damage|p1a: Zapdos|94/100|[from] Hail
|upkeep
|
|t:|1604490147
|switch|p2a: Arctozolt|Arctozolt|91/100
|-damage|p2a: Arctozolt|66/100|[from] Stealth Rock
|turn|17
|
|t:|1604490152
|move|p2a: Arctozolt|Icicle Spear|p1a: Zapdos
|-supereffective|p1a: Zapdos
|-damage|p1a: Zapdos|72/100
|-supereffective|p1a: Zapdos
|-damage|p1a: Zapdos|49/100
|-hitcount|p1a: Zapdos|2
|-damage|p2a: Arctozolt|56/100|[from] item: Life Orb
|move|p1a: Zapdos|Heat Wave|p2a: Arctozolt
|-supereffective|p2a: Arctozolt
|-damage|p2a: Arctozolt|0 fnt
|faint|p2a: Arctozolt
|
|-weather|Hail|[upkeep]
|-damage|p1a: Zapdos|43/100|[from] Hail
|upkeep
|
|t:|1604490159
|switch|p2a: Landorus|Landorus, M|88/100
|-damage|p2a: Landorus|76/100|[from] Stealth Rock
|turn|18
|
|t:|1604490163
|move|p2a: Landorus|Weather Ball|p1a: Zapdos
|-supereffective|p1a: Zapdos
|-damage|p1a: Zapdos|0 fnt
|-damage|p2a: Landorus|66/100|[from] item: Life Orb
|faint|p1a: Zapdos
|
|-weather|Hail|[upkeep]
|-damage|p2a: Landorus|60/100|[from] Hail
|upkeep
|
|t:|1604490166
|switch|p1a: Volcarona|Volcarona, F|64/100
|turn|19
|j| VolcSwarm
|
|t:|1604490169
|move|p2a: Landorus|Earth Power|p1a: Volcarona
|-damage|p1a: Volcarona|5/100
|move|p1a: Volcarona|Quiver Dance|p1a: Volcarona
|-boost|p1a: Volcarona|spa|1
|-boost|p1a: Volcarona|spd|1
|-boost|p1a: Volcarona|spe|1
|
|-weather|Hail|[upkeep]
|-damage|p1a: Volcarona|0 fnt|[from] Hail
|-damage|p2a: Landorus|54/100|[from] Hail
|faint|p1a: Volcarona
|
|win|BugCatcherWeevil
|upkeep
|raw|kekosportos's rating: 1739 &rarr; <strong>1719</strong><br />(-20 for losing)
|raw|BugCatcherWeevil's rating: 1745 &rarr; <strong>1764</strong><br />(+19 for winning)
|l|☆kekosportos
|l| Boi 240
|l| CCCCold
