|raw|<div class="broadcast-blue"><strong>This battle is required to be public due to a player having a name starting with 'LT74PF'.</div>
|j|☆roboPOKE
|j|☆lt74pf yadic
|t:|1599255393
|player|p1|roboPOKE|1|1792
|player|p2|lt74pf yadic|169|1798
|teamsize|p1|6
|teamsize|p2|6
|gametype|singles
|gen|8
|tier|[Gen 8] OU
|rated|
|clearpoke
|poke|p1|Necrozma|
|poke|p1|Hippowdon, M|
|poke|p1|Xatu, M|
|poke|p1|Togekiss, F|
|poke|p1|Dragapult, F|
|poke|p1|Clefable, M|
|poke|p2|Toxapex, M|
|poke|p2|Hippowdon, F|
|poke|p2|Skarmory, M|
|poke|p2|Zarude|
|poke|p2|Clefable, M|
|poke|p2|Dragapult, M|
|rule|Sleep Clause Mod: Limit one foe put to sleep
|rule|Species Clause: Limit one of each Pokémon
|rule|OHKO Clause: OHKO moves are banned
|rule|Evasion Moves Clause: Evasion moves are banned
|rule|Endless Battle Clause: Forcing endless battles is banned
|rule|HP Percentage Mod: HP is shown in percentages
|rule|Dynamax Clause: You cannot dynamax
|teampreview
|j| lavurn1
|
|t:|1599255448
|start
|switch|p1a: Clefable|Clefable, M|100/100
|switch|p2a: Zarude|Zarude|100/100
|turn|1
|
|t:|1599255455
|switch|p2a: Toxapex|Toxapex, M|100/100
|move|p1a: Clefable|Calm Mind|p1a: Clefable
|-boost|p1a: Clefable|spa|1
|-boost|p1a: Clefable|spd|1
|
|upkeep
|turn|2
|
|t:|1599255459
|move|p1a: Clefable|Thunderbolt|p2a: Toxapex
|-supereffective|p2a: Toxapex
|-damage|p2a: Toxapex|6/100
|move|p2a: Toxapex|Haze|p2a: Toxapex
|-clearallboost
|
|-heal|p2a: Toxapex|13/100|[from] item: Black Sludge
|upkeep
|turn|3
|
|t:|1599255465
|switch|p2a: Clefable|Clefable, M|100/100
|move|p1a: Clefable|Calm Mind|p1a: Clefable
|-boost|p1a: Clefable|spa|1
|-boost|p1a: Clefable|spd|1
|
|upkeep
|turn|4
|
|t:|1599255468
|move|p1a: Clefable|Moonblast|p2a: Clefable
|-damage|p2a: Clefable|16/100
|-unboost|p2a: Clefable|spa|1
|move|p2a: Clefable|Thunder Wave|p1a: Clefable
|-status|p1a: Clefable|par
|
|-heal|p2a: Clefable|22/100|[from] item: Leftovers
|upkeep
|turn|5
|
|t:|1599255476
|switch|p2a: Hippowdon|Hippowdon, F|100/100
|-weather|Sandstorm|[from] ability: Sand Stream|[of] p2a: Hippowdon
|cant|p1a: Clefable|par
|
|-weather|Sandstorm|[upkeep]
|upkeep
|turn|6
|
|t:|1599255480
|switch|p1a: Xatu|Xatu, M|100/100
|move|p2a: Hippowdon|Earthquake|p1a: Xatu
|-immune|p1a: Xatu
|
|-weather|Sandstorm|[upkeep]
|-damage|p1a: Xatu|95/100|[from] Sandstorm
|upkeep
|turn|7
|j| LT74PF croo
|
|t:|1599255491
|switch|p2a: Toxapex|Toxapex, M|46/100
|move|p1a: Xatu|Night Shade|p2a: Toxapex
|-damage|p2a: Toxapex|13/100
|
|-weather|Sandstorm|[upkeep]
|-damage|p1a: Xatu|89/100|[from] Sandstorm
|-damage|p2a: Toxapex|7/100|[from] Sandstorm
|-heal|p2a: Toxapex|13/100|[from] item: Black Sludge
|upkeep
|turn|8
|
|t:|1599255509
|switch|p2a: Hippowdon|Hippowdon, F|100/100
|move|p1a: Xatu|Magic Room|p1a: Xatu
|-fieldstart|move: Magic Room|[of] p1a: Xatu
|
|-weather|Sandstorm|[upkeep]
|-damage|p1a: Xatu|83/100|[from] Sandstorm
|upkeep
|turn|9
|c|☆lt74pf yadic|what is this
|
|t:|1599255519
|move|p1a: Xatu|Night Shade|p2a: Hippowdon
|-damage|p2a: Hippowdon|77/100
|move|p2a: Hippowdon|Rock Slide|p1a: Xatu
|-supereffective|p1a: Xatu
|-damage|p1a: Xatu|47/100
|
|-weather|none
|upkeep
|turn|10
|
|t:|1599255529
|move|p1a: Xatu|Roost|p1a: Xatu
|-heal|p1a: Xatu|97/100
|-singleturn|p1a: Xatu|move: Roost
|move|p2a: Hippowdon|Earthquake|p1a: Xatu
|-damage|p1a: Xatu|64/100
|
|upkeep
|turn|11
|
|t:|1599255533
|move|p2a: Hippowdon|Slack Off|p2a: Hippowdon
|-heal|p2a: Hippowdon|100/100
|move|p1a: Xatu|Teleport|p1a: Xatu
|
|t:|1599255537
|switch|p1a: Togekiss|Togekiss, F|100/100|[from]move: Teleport
|
|upkeep
|turn|12
|
|t:|1599255540
|move|p1a: Togekiss|Nasty Plot|p1a: Togekiss
|-boost|p1a: Togekiss|spa|2
|move|p2a: Hippowdon|Rock Slide|p1a: Togekiss
|-supereffective|p1a: Togekiss
|-damage|p1a: Togekiss|53/100
|
|-fieldend|move: Magic Room|[of] p1: Xatu
|upkeep
|turn|13
|
|t:|1599255556
|switch|p2a: Clefable|Clefable, M|22/100
|move|p1a: Togekiss|Air Slash|p2a: Clefable
|-damage|p2a: Clefable|0 fnt
|faint|p2a: Clefable
|
|upkeep
|
|t:|1599255559
|switch|p2a: Dragapult|Dragapult, M|100/100
|turn|14
|
|t:|1599255566
|move|p1a: Togekiss|Air Slash|p2a: Dragapult
|-damage|p2a: Dragapult|0 fnt
|faint|p2a: Dragapult
|
|upkeep
|c|☆lt74pf yadic|gg
|c|☆roboPOKE|gg
|-message|lt74pf yadic forfeited.
|
|win|roboPOKE
|j| slainey
|j| Ninja 2X
|j|+Vrin
|j| olaskag
|l| Ninja 2X
|l|☆lt74pf yadic
|j| Fusien
|j| faunazon
|raw|roboPOKE's rating: 1806 &rarr; <strong>1825</strong><br />(+19 for winning)
|raw|lt74pf yadic's rating: 1798 &rarr; <strong>1779</strong><br />(-19 for losing)
