|j|☆Stimo96
|j|☆MrAcido
|t:|1658699854
|gametype|singles
|player|p1|Stimo96|alder|1577
|player|p2|MrAcido|pryce|1582
|teamsize|p1|6
|teamsize|p2|6
|gen|8
|tier|[Gen 8] OU
|rated|
|rule|Sleep Clause Mod: Limit one foe put to sleep
|rule|Species Clause: Limit one of each Pokémon
|rule|OHKO Clause: OHKO moves are banned
|rule|Evasion Moves Clause: Evasion moves are banned
|rule|Endless Battle Clause: Forcing endless battles is banned
|rule|HP Percentage Mod: HP is shown in percentages
|rule|Dynamax Clause: You cannot dynamax
|clearpoke
|poke|p1|Dragapult, M|
|poke|p1|Garchomp, M|
|poke|p1|Melmetal|
|poke|p1|Zapdos|
|poke|p1|Landorus-Therian, M|
|poke|p1|Tapu Fini|
|poke|p2|Rotom-Wash|
|poke|p2|Weavile, F|
|poke|p2|Landorus-Therian, M|
|poke|p2|Heatran, M|
|poke|p2|Tangrowth, F|
|poke|p2|Melmetal|
|teampreview
|c|☆MrAcido|gl hf
|inactive|Battle timer is ON: inactive players will automatically lose when time's up. (requested by MrAcido)
|c|☆Stimo96|u2
|
|t:|1658699874
|start
|switch|p1a: Dragapult|Dragapult, M|100/100
|switch|p2a: Melmetal|Melmetal|100/100
|turn|1
|
|t:|1658699886
|move|p1a: Dragapult|U-turn|p2a: Melmetal
|-resisted|p2a: Melmetal
|-damage|p2a: Melmetal|96/100
|
|t:|1658699892
|switch|p1a: Melmetal|Melmetal, shiny|100/100|[from]move: U-turn
|move|p2a: Melmetal|Double Iron Bash|p1a: Melmetal
|-resisted|p1a: Melmetal
|-damage|p1a: Melmetal|90/100
|-resisted|p1a: Melmetal
|-damage|p1a: Melmetal|80/100
|-hitcount|p1a: Melmetal|2
|
|-heal|p1a: Melmetal|86/100|[from] item: Leftovers
|upkeep
|turn|2
|
|t:|1658699902
|switch|p2a: rotomwash|Rotom-Wash|100/100
|move|p1a: Melmetal|Toxic|p2a: rotomwash
|-status|p2a: rotomwash|tox
|
|-heal|p1a: Melmetal|92/100|[from] item: Leftovers
|-damage|p2a: rotomwash|94/100 tox|[from] psn
|upkeep
|turn|3
|
|t:|1658699912
|move|p1a: Melmetal|Protect|p1a: Melmetal
|-singleturn|p1a: Melmetal|Protect
|move|p2a: rotomwash|Hydro Pump|p1a: Melmetal
|-activate|p1a: Melmetal|move: Protect
|
|-heal|p2a: rotomwash|100/100 tox|[from] item: Leftovers
|-heal|p1a: Melmetal|99/100|[from] item: Leftovers
|-damage|p2a: rotomwash|88/100 tox|[from] psn
|upkeep
|turn|4
|
|t:|1658699922
|switch|p2a: Heatran|Heatran, M|100/100
|-item|p2a: Heatran|Air Balloon
|switch|p1a: Dragapult|Dragapult, M|100/100
|
|upkeep
|turn|5
|
|t:|1658699928
|move|p1a: Dragapult|U-turn|p2a: Heatran
|-resisted|p2a: Heatran
|-crit|p2a: Heatran
|-damage|p2a: Heatran|94/100
|-enditem|p2a: Heatran|Air Balloon
|
|t:|1658699933
|switch|p1a: Garchomp|Garchomp, M|100/100|[from]move: U-turn
|move|p2a: Heatran|Stealth Rock|p1a: Garchomp
|-sidestart|p1: Stimo96|move: Stealth Rock
|
|upkeep
|turn|6
|
|t:|1658699945
|switch|p1a: Dragapult|Dragapult, M|100/100
|-damage|p1a: Dragapult|88/100|[from] Stealth Rock
|switch|p2a: landorustherian|Landorus-Therian, M|100/100
|-ability|p2a: landorustherian|Intimidate|boost
|-unboost|p1a: Dragapult|atk|1
|
|upkeep
|turn|7
|
|t:|1658699954
|move|p1a: Dragapult|U-turn|p2a: landorustherian
|-resisted|p2a: landorustherian
|-damage|p2a: landorustherian|95/100
|
|t:|1658699958
|switch|p1a: Tapu Fini|Tapu Fini|100/100|[from]move: U-turn
|-damage|p1a: Tapu Fini|88/100|[from] Stealth Rock
|-fieldstart|move: Misty Terrain|[from] ability: Misty Surge|[of] p1a: Tapu Fini
|move|p2a: landorustherian|Toxic|p1a: Tapu Fini
|-activate|p1a: Tapu Fini|move: Misty Terrain
|
|-heal|p2a: landorustherian|100/100|[from] item: Leftovers
|-heal|p1a: Tapu Fini|94/100|[from] item: Leftovers
|upkeep
|turn|8
|
|t:|1658699967
|move|p2a: landorustherian|U-turn|p1a: Tapu Fini
|-resisted|p1a: Tapu Fini
|-damage|p1a: Tapu Fini|85/100
|
|t:|1658699967
|switch|p2a: Melmetal|Melmetal|96/100|[from]move: U-turn
|move|p1a: Tapu Fini|Defog|p2a: Melmetal
|-unboost|p2a: Melmetal|evasion|1
|-sideend|p1: Stimo96|Stealth Rock|[from] move: Defog|[of] p1a: Tapu Fini
|-fieldend|Misty Terrain
|
|-heal|p1a: Tapu Fini|91/100|[from] item: Leftovers
|upkeep
|turn|9
|
|t:|1658699978
|switch|p1a: Zapdos|Zapdos|100/100
|move|p2a: Melmetal|Double Iron Bash|p1a: Zapdos
|-resisted|p1a: Zapdos
|-damage|p1a: Zapdos|83/100
|-resisted|p1a: Zapdos
|-damage|p1a: Zapdos|67/100
|-hitcount|p1a: Zapdos|2
|
|upkeep
|turn|10
|
|t:|1658699988
|move|p1a: Zapdos|Roost|p1a: Zapdos
|-heal|p1a: Zapdos|100/100
|-singleturn|p1a: Zapdos|move: Roost
|move|p2a: Melmetal|Ice Punch|p1a: Zapdos
|-damage|p1a: Zapdos|72/100
|
|upkeep
|turn|11
|
|t:|1658699995
|move|p1a: Zapdos|Heat Wave|p2a: Melmetal
|-supereffective|p2a: Melmetal
|-damage|p2a: Melmetal|66/100
|-status|p2a: Melmetal|brn
|move|p2a: Melmetal|Ice Punch|p1a: Zapdos
|-supereffective|p1a: Zapdos
|-damage|p1a: Zapdos|44/100
|-status|p1a: Zapdos|frz
|
|-damage|p2a: Melmetal|60/100 brn|[from] brn
|upkeep
|turn|12
|
|t:|1658700008
|cant|p1a: Zapdos|frz
|move|p2a: Melmetal|Ice Punch|p1a: Zapdos
|-supereffective|p1a: Zapdos
|-damage|p1a: Zapdos|17/100 frz
|
|-damage|p2a: Melmetal|54/100 brn|[from] brn
|upkeep
|turn|13
|
|t:|1658700015
|switch|p1a: Melmetal|Melmetal, shiny|99/100
|move|p2a: Melmetal|Double Iron Bash|p1a: Melmetal
|-resisted|p1a: Melmetal
|-damage|p1a: Melmetal|93/100
|-resisted|p1a: Melmetal
|-damage|p1a: Melmetal|88/100
|-hitcount|p1a: Melmetal|2
|
|-heal|p1a: Melmetal|95/100|[from] item: Leftovers
|-damage|p2a: Melmetal|48/100 brn|[from] brn
|upkeep
|turn|14
|
|t:|1658700025
|switch|p2a: rotomwash|Rotom-Wash|88/100 tox
|move|p1a: Melmetal|Double Iron Bash|p2a: rotomwash
|-resisted|p2a: rotomwash
|-damage|p2a: rotomwash|79/100 tox
|-resisted|p2a: rotomwash
|-damage|p2a: rotomwash|69/100 tox
|-hitcount|p2a: rotomwash|2
|
|-heal|p2a: rotomwash|75/100 tox|[from] item: Leftovers
|-heal|p1a: Melmetal|100/100|[from] item: Leftovers
|-damage|p2a: rotomwash|69/100 tox|[from] psn
|upkeep
|turn|15
|
|t:|1658700037
|switch|p1a: Dragapult|Dragapult, M|88/100
|move|p2a: rotomwash|Hydro Pump|p1a: Dragapult
|-resisted|p1a: Dragapult
|-damage|p1a: Dragapult|61/100
|
|-heal|p2a: rotomwash|75/100 tox|[from] item: Leftovers
|-damage|p2a: rotomwash|63/100 tox|[from] psn
|upkeep
|turn|16
|
|t:|1658700045
|switch|p2a: Melmetal|Melmetal|48/100 brn
|move|p1a: Dragapult|Shadow Ball|p2a: Melmetal
|-crit|p2a: Melmetal
|-damage|p2a: Melmetal|4/100 brn
|
|-damage|p2a: Melmetal|0 fnt|[from] brn
|faint|p2a: Melmetal
|upkeep
|
|t:|1658700045
|switch|p2a: Weavile|Weavile, F|100/100
|-ability|p2a: Weavile|Pressure
|turn|17
|
|t:|1658700057
|switch|p1a: Tapu Fini|Tapu Fini|91/100
|-fieldstart|move: Misty Terrain|[from] ability: Misty Surge|[of] p1a: Tapu Fini
|move|p2a: Weavile|Knock Off|p1a: Tapu Fini
|-resisted|p1a: Tapu Fini
|-damage|p1a: Tapu Fini|62/100
|-enditem|p1a: Tapu Fini|Leftovers|[from] move: Knock Off|[of] p2a: Weavile
|
|upkeep
|turn|18
|
|t:|1658700071
|switch|p2a: Tangrowth|Tangrowth, F|100/100
|switch|p1a: Dragapult|Dragapult, M|61/100
|
|upkeep
|turn|19
|
|t:|1658700079
|switch|p2a: landorustherian|Landorus-Therian, M|100/100
|-ability|p2a: landorustherian|Intimidate|boost
|-unboost|p1a: Dragapult|atk|1
|move|p1a: Dragapult|U-turn|p2a: landorustherian
|-resisted|p2a: landorustherian
|-damage|p2a: landorustherian|96/100
|
|t:|1658700087
|switch|p1a: Landorus|Landorus-Therian, M|100/100|[from]move: U-turn
|-ability|p1a: Landorus|Intimidate|boost
|-unboost|p2a: landorustherian|atk|1
|
|-heal|p2a: landorustherian|100/100|[from] item: Leftovers
|upkeep
|turn|20
|
|t:|1658700094
|switch|p2a: Tangrowth|Tangrowth, F|100/100
|move|p1a: Landorus|Stealth Rock|p2a: Tangrowth
|-sidestart|p2: MrAcido|move: Stealth Rock
|
|upkeep
|turn|21
|
|t:|1658700115
|move|p1a: Landorus|Earthquake|p2a: Tangrowth
|-resisted|p2a: Tangrowth
|-damage|p2a: Tangrowth|89/100
|move|p2a: Tangrowth|Knock Off|p1a: Landorus
|-damage|p1a: Landorus|78/100
|-enditem|p1a: Landorus|Leftovers|[from] move: Knock Off|[of] p2a: Tangrowth
|
|-fieldend|Misty Terrain
|upkeep
|turn|22
|
|t:|1658700122
|move|p1a: Landorus|Toxic|p2a: Tangrowth
|-status|p2a: Tangrowth|tox
|move|p2a: Tangrowth|Giga Drain|p1a: Landorus
|-damage|p1a: Landorus|59/100
|-heal|p2a: Tangrowth|98/100 tox|[from] drain|[of] p1a: Landorus
|
|-damage|p2a: Tangrowth|92/100 tox|[from] psn
|upkeep
|turn|23
|
|t:|1658700130
|switch|p2a: landorustherian|Landorus-Therian, M|100/100
|-damage|p2a: landorustherian|88/100|[from] Stealth Rock
|-ability|p2a: landorustherian|Intimidate|boost
|-unboost|p1a: Landorus|atk|1
|move|p1a: Landorus|U-turn|p2a: landorustherian
|-resisted|p2a: landorustherian
|-damage|p2a: landorustherian|81/100
|
|t:|1658700149
|switch|p1a: Tapu Fini|Tapu Fini|62/100|[from]move: U-turn
|-fieldstart|move: Misty Terrain|[from] ability: Misty Surge|[of] p1a: Tapu Fini
|
|-heal|p2a: landorustherian|87/100|[from] item: Leftovers
|upkeep
|turn|24
|
|t:|1658700157
|move|p2a: landorustherian|Defog|p1a: Tapu Fini
|-unboost|p1a: Tapu Fini|evasion|1
|-sideend|p2: MrAcido|Stealth Rock|[from] move: Defog|[of] p2a: landorustherian
|-fieldend|Misty Terrain
|move|p1a: Tapu Fini|Nature's Madness|p2a: landorustherian
|-damage|p2a: landorustherian|44/100
|
|-heal|p2a: landorustherian|50/100|[from] item: Leftovers
|upkeep
|turn|25
|
|t:|1658700167
|move|p2a: landorustherian|Earthquake|p1a: Tapu Fini
|-damage|p1a: Tapu Fini|24/100
|move|p1a: Tapu Fini|Scald|p2a: landorustherian
|-supereffective|p2a: landorustherian
|-damage|p2a: landorustherian|7/100
|
|-heal|p2a: landorustherian|13/100|[from] item: Leftovers
|upkeep
|turn|26
|
|t:|1658700175
|switch|p1a: Landorus|Landorus-Therian, M|59/100
|-ability|p1a: Landorus|Intimidate|boost
|-unboost|p2a: landorustherian|atk|1
|move|p2a: landorustherian|Earthquake|p1a: Landorus
|-immune|p1a: Landorus
|
|-heal|p2a: landorustherian|19/100|[from] item: Leftovers
|upkeep
|turn|27
|
|t:|1658700184
|move|p2a: landorustherian|Toxic|p1a: Landorus
|-status|p1a: Landorus|tox
|move|p1a: Landorus|U-turn|p2a: landorustherian
|-resisted|p2a: landorustherian
|-damage|p2a: landorustherian|8/100
|
|t:|1658700189
|switch|p1a: Dragapult|Dragapult, M|61/100|[from]move: U-turn
|
|-heal|p2a: landorustherian|14/100|[from] item: Leftovers
|upkeep
|turn|28
|
|t:|1658700195
|move|p1a: Dragapult|Shadow Ball|p2a: landorustherian
|-crit|p2a: landorustherian
|-damage|p2a: landorustherian|0 fnt
|faint|p2a: landorustherian
|
|upkeep
|
|t:|1658700195
|switch|p2a: Weavile|Weavile, F|100/100
|-ability|p2a: Weavile|Pressure
|turn|29
|
|t:|1658700205
|switch|p1a: Zapdos|Zapdos|17/100 frz
|move|p2a: Weavile|Knock Off|p1a: Zapdos
|-damage|p1a: Zapdos|0 fnt
|-enditem|p1a: Zapdos|Heavy-Duty Boots|[from] move: Knock Off|[of] p2a: Weavile
|faint|p1a: Zapdos
|
|upkeep
|
|t:|1658700212
|switch|p1a: Melmetal|Melmetal, shiny|100/100
|turn|30
|
|t:|1658700217
|switch|p2a: Tangrowth|Tangrowth, F|100/100 tox
|switch|p1a: Dragapult|Dragapult, M|61/100
|
|-damage|p2a: Tangrowth|94/100 tox|[from] psn
|upkeep
|turn|31
|
|t:|1658700228
|switch|p2a: Heatran|Heatran, M|94/100
|move|p1a: Dragapult|Shadow Ball|p2a: Heatran
|-damage|p2a: Heatran|41/100
|
|upkeep
|turn|32
|
|t:|1658700235
|switch|p2a: Weavile|Weavile, F|100/100
|-ability|p2a: Weavile|Pressure
|move|p1a: Dragapult|Shadow Ball|p2a: Weavile
|-resisted|p2a: Weavile
|-damage|p2a: Weavile|63/100
|
|upkeep
|turn|33
|
|t:|1658700246
|switch|p1a: Landorus|Landorus-Therian, M|59/100 tox
|-ability|p1a: Landorus|Intimidate|boost
|-unboost|p2a: Weavile|atk|1
|move|p2a: Weavile|Knock Off|p1a: Landorus
|-damage|p1a: Landorus|28/100 tox
|
|-damage|p1a: Landorus|21/100 tox|[from] psn
|upkeep
|turn|34
|
|t:|1658700257
|move|p2a: Weavile|Knock Off|p1a: Landorus
|-damage|p1a: Landorus|0 fnt
|faint|p1a: Landorus
|
|upkeep
|
|t:|1658700262
|switch|p1a: Dragapult|Dragapult, M|61/100
|turn|35
|
|t:|1658700265
|switch|p2a: rotomwash|Rotom-Wash|63/100 tox
|move|p1a: Dragapult|Shadow Ball|p2a: rotomwash
|-damage|p2a: rotomwash|7/100 tox
|
|-heal|p2a: rotomwash|14/100 tox|[from] item: Leftovers
|-damage|p2a: rotomwash|7/100 tox|[from] psn
|upkeep
|turn|36
|
|t:|1658700273
|move|p1a: Dragapult|Shadow Ball|p2a: rotomwash
|-damage|p2a: rotomwash|0 fnt
|faint|p2a: rotomwash
|
|upkeep
|
|t:|1658700273
|switch|p2a: Weavile|Weavile, F|63/100
|-ability|p2a: Weavile|Pressure
|turn|37
|
|t:|1658700287
|switch|p1a: Tapu Fini|Tapu Fini|24/100
|-fieldstart|move: Misty Terrain|[from] ability: Misty Surge|[of] p1a: Tapu Fini
|move|p2a: Weavile|Knock Off|p1a: Tapu Fini
|-resisted|p1a: Tapu Fini
|-damage|p1a: Tapu Fini|3/100
|
|upkeep
|turn|38
|
|t:|1658700295
|move|p2a: Weavile|Knock Off|p1a: Tapu Fini
|-resisted|p1a: Tapu Fini
|-damage|p1a: Tapu Fini|0 fnt
|faint|p1a: Tapu Fini
|
|upkeep
|
|t:|1658700300
|switch|p1a: Dragapult|Dragapult, M|61/100
|turn|39
|
|t:|1658700304
|switch|p2a: Heatran|Heatran, M|41/100
|move|p1a: Dragapult|Shadow Ball|p2a: Heatran
|-damage|p2a: Heatran|0 fnt
|faint|p2a: Heatran
|
|upkeep
|
|t:|1658700304
|switch|p2a: Weavile|Weavile, F|63/100
|-ability|p2a: Weavile|Pressure
|turn|40
|
|t:|1658700317
|switch|p1a: Garchomp|Garchomp, M|100/100
|move|p2a: Weavile|Knock Off|p1a: Garchomp
|-damage|p1a: Garchomp|33/100
|-damage|p2a: Weavile|51/100|[from] ability: Rough Skin|[of] p1a: Garchomp
|-enditem|p1a: Garchomp|Leftovers|[from] move: Knock Off|[of] p2a: Weavile
|
|upkeep
|turn|41
|
|t:|1658700325
|move|p2a: Weavile|Knock Off|p1a: Garchomp
|-damage|p1a: Garchomp|0 fnt
|-damage|p2a: Weavile|38/100|[from] ability: Rough Skin|[of] p1a: Garchomp
|faint|p1a: Garchomp
|
|-fieldend|Misty Terrain
|upkeep
|
|t:|1658700333
|switch|p1a: Dragapult|Dragapult, M|61/100
|turn|42
|
|t:|1658700346
|move|p1a: Dragapult|Draco Meteor|p2a: Weavile
|-damage|p2a: Weavile|0 fnt
|-unboost|p1a: Dragapult|spa|2
|faint|p2a: Weavile
|
|upkeep
|
|t:|1658700346
|switch|p2a: Tangrowth|Tangrowth, F|100/100 tox
|turn|43
|
|t:|1658700354
|switch|p1a: Melmetal|Melmetal, shiny|100/100
|move|p2a: Tangrowth|Knock Off|p1a: Melmetal
|-damage|p1a: Melmetal|89/100
|-enditem|p1a: Melmetal|Leftovers|[from] move: Knock Off|[of] p2a: Tangrowth
|
|-damage|p2a: Tangrowth|94/100 tox|[from] psn
|upkeep
|turn|44
|c|☆Stimo96|gg
|
|t:|1658700362
|move|p2a: Tangrowth|Sleep Powder|p1a: Melmetal
|-status|p1a: Melmetal|slp|[from] move: Sleep Powder
|cant|p1a: Melmetal|slp
|
|-damage|p2a: Tangrowth|82/100 tox|[from] psn
|upkeep
|turn|45
|
|t:|1658700370
|move|p2a: Tangrowth|Knock Off|p1a: Melmetal
|-damage|p1a: Melmetal|80/100 slp
|cant|p1a: Melmetal|slp
|
|-damage|p2a: Tangrowth|63/100 tox|[from] psn
|upkeep
|turn|46
|
|t:|1658700377
|cant|p1a: Melmetal|slp
|move|p2a: Tangrowth|Giga Drain|p1a: Melmetal
|-resisted|p1a: Melmetal
|-damage|p1a: Melmetal|70/100 slp
|-heal|p2a: Tangrowth|69/100 tox|[from] drain|[of] p1a: Melmetal
|
|-damage|p2a: Tangrowth|45/100 tox|[from] psn
|upkeep
|turn|47
|
|t:|1658700385
|move|p2a: Tangrowth|Focus Blast|p1a: Melmetal
|-supereffective|p1a: Melmetal
|-damage|p1a: Melmetal|29/100 slp
|-curestatus|p1a: Melmetal|slp|[msg]
|move|p1a: Melmetal|Double Iron Bash|p2a: Tangrowth
|-damage|p2a: Tangrowth|26/100 tox
|-damage|p1a: Melmetal|12/100|[from] item: Rocky Helmet|[of] p2a: Tangrowth
|-damage|p2a: Tangrowth|8/100 tox
|-damage|p1a: Melmetal|0 fnt|[from] item: Rocky Helmet|[of] p2a: Tangrowth
|faint|p1a: Melmetal
|-hitcount|p2a: Tangrowth|2
|
|-damage|p2a: Tangrowth|0 fnt|[from] psn
|faint|p2a: Tangrowth
|
|win|Stimo96
|upkeep
|raw|Stimo96's rating: 1577 &rarr; <strong>1597</strong><br />(+20 for winning)
|raw|MrAcido's rating: 1582 &rarr; <strong>1562</strong><br />(-20 for losing)
|c|☆MrAcido|gg
