|j|☆Rheinmetal
|j|☆Zimthia
|player|p1|Rheinmetal|cynthia|1471
|player|p2|Zimthia|caitlin|1452
|teamsize|p1|6
|teamsize|p2|6
|gametype|singles
|gen|8
|tier|[Gen 8] OU
|rated|
|clearpoke
|poke|p1|Dragapult, F|
|poke|p1|Incineroar, M|
|poke|p1|Corviknight, F|
|poke|p1|Darmanitan, F|
|poke|p1|Clefable, M|
|poke|p1|Obstagoon, F|
|poke|p2|Mamoswine, F|
|poke|p2|Dragapult, F|
|poke|p2|Corviknight, F|
|poke|p2|Rotom-Mow|
|poke|p2|Clefable, F|
|poke|p2|Ditto|
|rule|Sleep Clause Mod: Limit one foe put to sleep
|rule|Species Clause: Limit one of each Pokémon
|rule|OHKO Clause: OHKO moves are banned
|rule|Evasion Moves Clause: Evasion moves are banned
|rule|Endless Battle Clause: Forcing endless battles is banned
|rule|HP Percentage Mod: HP is shown in percentages
|rule|Dynamax Clause: You cannot dynamax
|teampreview
|
|start
|switch|p1a: Obstagoon|Obstagoon, F|100/100
|switch|p2a: Mamoswine|Mamoswine, F|100/100
|turn|1
|
|move|p1a: Obstagoon|Parting Shot|p2a: Mamoswine
|-unboost|p2a: Mamoswine|atk|1
|-unboost|p2a: Mamoswine|spa|1
|
|switch|p1a: Incineroar|Incineroar, M, shiny|100/100|[from]move: Parting Shot
|-ability|p1a: Incineroar|Intimidate|boost
|-unboost|p2a: Mamoswine|atk|1
|move|p2a: Mamoswine|Icicle Crash|p1a: Incineroar
|-resisted|p1a: Incineroar
|-damage|p1a: Incineroar|94/100
|
|upkeep
|turn|2
|inactive|Battle timer is ON: inactive players will automatically lose when time's up. (requested by Rheinmetal)
|
|switch|p2a: Ditto|Ditto|100/100
|-transform|p2a: Ditto|p1a: Incineroar|[from] ability: Imposter
|-ability|p2a: Ditto|Intimidate|boost
|-unboost|p1a: Incineroar|atk|1
|move|p1a: Incineroar|Knock Off|p2a: Ditto
|-resisted|p2a: Ditto
|-damage|p2a: Ditto|90/100
|-enditem|p2a: Ditto|Choice Scarf|[from] move: Knock Off|[of] p1a: Incineroar
|
|upkeep
|turn|3
|
|switch|p1a: Clefable|Clefable, M|100/100
|move|p2a: Ditto|Toxic|p1a: Clefable
|-status|p1a: Clefable|tox
|
|upkeep
|turn|4
|
|move|p2a: Ditto|Knock Off|p1a: Clefable
|-resisted|p1a: Clefable
|-damage|p1a: Clefable|79/100 tox
|-enditem|p1a: Clefable|Leftovers|[from] move: Knock Off|[of] p2a: Ditto
|move|p1a: Clefable|Stealth Rock|p2a: Ditto
|-sidestart|p2: Zimthia|move: Stealth Rock
|
|upkeep
|turn|5
|
|move|p2a: Ditto|Flare Blitz|p1a: Clefable
|-damage|p1a: Clefable|25/100 tox
|-damage|p2a: Ditto|66/100|[from] Recoil
|move|p1a: Clefable|Toxic|p2a: Ditto
|-status|p2a: Ditto|tox
|
|-damage|p2a: Ditto|60/100 tox|[from] psn
|upkeep
|turn|6
|
|move|p2a: Ditto|U-turn|p1a: Clefable
|-resisted|p1a: Clefable
|-damage|p1a: Clefable|15/100 tox
|
|switch|p2a: Mamoswine|Mamoswine, F|100/100|[from]move: U-turn
|-damage|p2a: Mamoswine|88/100|[from] Stealth Rock
|move|p1a: Clefable|Soft-Boiled|p1a: Clefable
|-heal|p1a: Clefable|65/100 tox
|
|upkeep
|turn|7
|
|switch|p1a: Incineroar|Incineroar, M, shiny|94/100
|-ability|p1a: Incineroar|Intimidate|boost
|-unboost|p2a: Mamoswine|atk|1
|move|p2a: Mamoswine|Icicle Crash|p1a: Incineroar
|-resisted|p1a: Incineroar
|-damage|p1a: Incineroar|84/100
|
|upkeep
|turn|8
|
|switch|p2a: Clefable|Clefable, F|100/100
|move|p1a: Incineroar|U-turn|p2a: Clefable
|-resisted|p2a: Clefable
|-damage|p2a: Clefable|90/100
|
|switch|p1a: Darmanitan|Darmanitan, F|100/100|[from]move: U-turn
|
|upkeep
|turn|9
|inactive|Zimthia has 120 seconds left.
|
|move|p1a: Darmanitan|Flare Blitz|p2a: Clefable
|-damage|p2a: Clefable|0 fnt
|-damage|p1a: Darmanitan|69/100|[from] Recoil
|faint|p2a: Clefable
|
|upkeep
|
|switch|p2a: Ditto|Ditto|60/100 tox
|-damage|p2a: Ditto|48/100 tox|[from] Stealth Rock
|-transform|p2a: Ditto|p1a: Darmanitan|[from] ability: Imposter
|turn|10
|
|switch|p1a: Incineroar|Incineroar, M, shiny|84/100
|-ability|p1a: Incineroar|Intimidate|boost
|-unboost|p2a: Ditto|atk|1
|move|p2a: Ditto|U-turn|p1a: Incineroar
|-damage|p1a: Incineroar|73/100
|inactive|Zimthia has 120 seconds left.
|
|switch|p2a: Dragapult|Dragapult, F|100/100|[from]move: U-turn
|-damage|p2a: Dragapult|88/100|[from] Stealth Rock
|
|upkeep
|turn|11
|
|move|p2a: Dragapult|Draco Meteor|p1a: Incineroar
|-damage|p1a: Incineroar|0 fnt
|-unboost|p2a: Dragapult|spa|2
|faint|p1a: Incineroar
|
|upkeep
|
|switch|p1a: Obstagoon|Obstagoon, F|100/100
|turn|12
|
|switch|p2a: Ditto|Ditto|48/100 tox
|-damage|p2a: Ditto|35/100 tox|[from] Stealth Rock
|-transform|p2a: Ditto|p1a: Obstagoon|[from] ability: Imposter
|move|p1a: Obstagoon|Knock Off|p2a: Ditto
|-resisted|p2a: Ditto
|-damage|p2a: Ditto|21/100 tox
|
|-damage|p2a: Ditto|15/100 tox|[from] psn
|upkeep
|turn|13
|
|move|p1a: Obstagoon|Knock Off|p2a: Ditto
|-resisted|p2a: Ditto
|-damage|p2a: Ditto|3/100 tox
|move|p2a: Ditto|Close Combat|p1a: Obstagoon
|-supereffective|p1a: Obstagoon
|-damage|p1a: Obstagoon|0 fnt
|-unboost|p2a: Ditto|def|1
|-unboost|p2a: Ditto|spd|1
|faint|p1a: Obstagoon
|
|-damage|p2a: Ditto|0 fnt|[from] psn
|faint|p2a: Ditto
|upkeep
|
|switch|p1a: Darmanitan|Darmanitan, F|69/100
|switch|p2a: Dragapult|Dragapult, F|88/100
|-damage|p2a: Dragapult|76/100|[from] Stealth Rock
|turn|14
|
|switch|p1a: Clefable|Clefable, M|65/100 tox
|move|p2a: Dragapult|Shadow Ball|p1a: Clefable
|-damage|p1a: Clefable|30/100 tox
|
|upkeep
|turn|15
|
|move|p2a: Dragapult|Shadow Ball|p1a: Clefable
|-damage|p1a: Clefable|0 fnt
|faint|p1a: Clefable
|
|upkeep
|
|switch|p1a: Dragapult|Dragapult, F|100/100
|turn|16
|
|switch|p2a: Corviknight|Corviknight, F|100/100
|-damage|p2a: Corviknight|88/100|[from] Stealth Rock
|-ability|p2a: Corviknight|Pressure
|move|p1a: Dragapult|Shadow Ball|p2a: Corviknight
|-damage|p2a: Corviknight|50/100
|
|-heal|p2a: Corviknight|56/100|[from] item: Leftovers
|upkeep
|turn|17
|
|switch|p1a: Darmanitan|Darmanitan, F|69/100
|move|p2a: Corviknight|Defog|p1a: Darmanitan
|-unboost|p1a: Darmanitan|evasion|1
|-sideend|p2: Zimthia|Stealth Rock|[from] move: Defog|[of] p2a: Corviknight
|
|-heal|p2a: Corviknight|62/100|[from] item: Leftovers
|upkeep
|turn|18
|
|move|p1a: Darmanitan|Flare Blitz|p2a: Corviknight
|-supereffective|p2a: Corviknight
|-damage|p2a: Corviknight|0 fnt
|-damage|p1a: Darmanitan|45/100|[from] Recoil
|faint|p2a: Corviknight
|
|upkeep
|
|switch|p2a: Dragapult|Dragapult, F|76/100
|turn|19
|
|switch|p1a: Corviknight|Corviknight, F, shiny|100/100
|-ability|p1a: Corviknight|Pressure
|move|p2a: Dragapult|Shadow Ball|p1a: Corviknight
|-damage|p1a: Corviknight|64/100
|
|-heal|p1a: Corviknight|70/100|[from] item: Leftovers
|upkeep
|turn|20
|
|switch|p2a: Rotom|Rotom-Mow|100/100
|move|p1a: Corviknight|Roost|p1a: Corviknight
|-heal|p1a: Corviknight|100/100
|-singleturn|p1a: Corviknight|move: Roost
|
|upkeep
|turn|21
|
|switch|p1a: Dragapult|Dragapult, F|100/100
|move|p2a: Rotom|Will-O-Wisp|p1a: Dragapult
|-status|p1a: Dragapult|brn
|
|-damage|p1a: Dragapult|95/100 brn|[from] brn
|upkeep
|turn|22
|
|move|p1a: Dragapult|Draco Meteor|p2a: Rotom
|-damage|p2a: Rotom|3/100
|-unboost|p1a: Dragapult|spa|2
|move|p2a: Rotom|Volt Switch|p1a: Dragapult
|-resisted|p1a: Dragapult
|-damage|p1a: Dragapult|77/100 brn
|
|switch|p2a: Mamoswine|Mamoswine, F|88/100|[from]move: Volt Switch
|
|-damage|p1a: Dragapult|71/100 brn|[from] brn
|upkeep
|turn|23
|
|switch|p1a: Corviknight|Corviknight, F, shiny|100/100
|-ability|p1a: Corviknight|Pressure
|move|p2a: Mamoswine|Icicle Crash|p1a: Corviknight
|-damage|p1a: Corviknight|64/100
|
|-heal|p1a: Corviknight|70/100|[from] item: Leftovers
|upkeep
|turn|24
|
|move|p2a: Mamoswine|Icicle Crash|p1a: Corviknight
|-damage|p1a: Corviknight|33/100
|move|p1a: Corviknight|Roost|p1a: Corviknight
|-heal|p1a: Corviknight|83/100
|-singleturn|p1a: Corviknight|move: Roost
|
|-heal|p1a: Corviknight|89/100|[from] item: Leftovers
|upkeep
|turn|25
|
|move|p2a: Mamoswine|Icicle Crash|p1a: Corviknight
|-damage|p1a: Corviknight|56/100
|cant|p1a: Corviknight|flinch
|
|-heal|p1a: Corviknight|62/100|[from] item: Leftovers
|upkeep
|turn|26
|
|move|p2a: Mamoswine|Icicle Crash|p1a: Corviknight
|-damage|p1a: Corviknight|26/100
|cant|p1a: Corviknight|flinch
|
|-heal|p1a: Corviknight|32/100|[from] item: Leftovers
|upkeep
|turn|27
|
|move|p2a: Mamoswine|Icicle Crash|p1a: Corviknight|[miss]
|-miss|p2a: Mamoswine|p1a: Corviknight
|move|p1a: Corviknight|Roost|p1a: Corviknight
|-heal|p1a: Corviknight|82/100
|-singleturn|p1a: Corviknight|move: Roost
|
|-heal|p1a: Corviknight|88/100|[from] item: Leftovers
|upkeep
|turn|28
|
|move|p2a: Mamoswine|Icicle Crash|p1a: Corviknight
|-damage|p1a: Corviknight|55/100
|move|p1a: Corviknight|Roost|p1a: Corviknight
|-heal|p1a: Corviknight|100/100
|-singleturn|p1a: Corviknight|move: Roost
|
|upkeep
|turn|29
|
|move|p2a: Mamoswine|Icicle Crash|p1a: Corviknight
|-damage|p1a: Corviknight|63/100
|cant|p1a: Corviknight|flinch
|
|-heal|p1a: Corviknight|69/100|[from] item: Leftovers
|upkeep
|turn|30
|
|switch|p2a: Dragapult|Dragapult, F|76/100
|move|p1a: Corviknight|Roost|p1a: Corviknight
|-heal|p1a: Corviknight|100/100
|-singleturn|p1a: Corviknight|move: Roost
|
|upkeep
|turn|31
|
|move|p2a: Dragapult|Fire Blast|p1a: Corviknight
|-supereffective|p1a: Corviknight
|-damage|p1a: Corviknight|36/100
|move|p1a: Corviknight|U-turn|p2a: Dragapult
|-resisted|p2a: Dragapult
|-damage|p2a: Dragapult|66/100
|
|switch|p1a: Dragapult|Dragapult, F|71/100 brn|[from]move: U-turn
|
|-damage|p1a: Dragapult|65/100 brn|[from] brn
|upkeep
|turn|32
|
|switch|p2a: Rotom|Rotom-Mow|3/100
|move|p1a: Dragapult|Shadow Ball|p2a: Rotom
|-damage|p2a: Rotom|0 fnt
|faint|p2a: Rotom
|
|-damage|p1a: Dragapult|59/100 brn|[from] brn
|upkeep
|
|switch|p2a: Mamoswine|Mamoswine, F|88/100
|turn|33
|
|switch|p2a: Dragapult|Dragapult, F|66/100
|switch|p1a: Corviknight|Corviknight, F, shiny|36/100
|-ability|p1a: Corviknight|Pressure
|
|-heal|p1a: Corviknight|42/100|[from] item: Leftovers
|upkeep
|turn|34
|
|move|p2a: Dragapult|Fire Blast|p1a: Corviknight
|-supereffective|p1a: Corviknight
|-damage|p1a: Corviknight|0 fnt
|faint|p1a: Corviknight
|
|upkeep
|
|switch|p1a: Dragapult|Dragapult, F|59/100 brn
|turn|35
|
|switch|p2a: Mamoswine|Mamoswine, F|88/100
|move|p1a: Dragapult|Shadow Ball|p2a: Mamoswine
|-damage|p2a: Mamoswine|8/100
|
|-damage|p1a: Dragapult|53/100 brn|[from] brn
|upkeep
|turn|36
|
|move|p2a: Mamoswine|Earthquake|p1a: Dragapult
|-damage|p1a: Dragapult|0 fnt
|faint|p1a: Dragapult
|
|upkeep
|-message|Rheinmetal forfeited.
|
|win|Zimthia
|l|☆Rheinmetal
|raw|Rheinmetal's rating: 1454 &rarr; <strong>1434</strong><br />(-20 for losing)
|raw|Zimthia's rating: 1452 &rarr; <strong>1472</strong><br />(+20 for winning)
