|raw|<div class="broadcast-blue"><strong>This battle is required to be public due to a player having a name starting with 'lt91bb'.</div>
|j|☆tolstoy
|j|☆LT91BB Highv0ltag3
|t:|1659381559
|gametype|singles
|player|p1|tolstoy|#lax|1881
|player|p2|LT91BB Highv0ltag3|volo|1945
|teamsize|p1|6
|teamsize|p2|6
|gen|8
|tier|[Gen 8] OU
|rated|
|rule|Sleep Clause Mod: Limit one foe put to sleep
|rule|Species Clause: Limit one of each Pokémon
|rule|OHKO Clause: OHKO moves are banned
|rule|Evasion Moves Clause: Evasion moves are banned
|rule|Endless Battle Clause: Forcing endless battles is banned
|rule|HP Percentage Mod: HP is shown in percentages
|rule|Dynamax Clause: You cannot dynamax
|clearpoke
|poke|p1|Ninetales-Alola, F|
|poke|p1|Clefable, F|
|poke|p1|Magnezone|
|poke|p1|Jirachi|
|poke|p1|Primarina, F|
|poke|p1|Landorus-Therian, M|
|poke|p2|Tangrowth, M|
|poke|p2|Toxapex, M|
|poke|p2|Corviknight, F|
|poke|p2|Gastrodon, M|
|poke|p2|Blissey, F|
|poke|p2|Jirachi|
|teampreview
|c|☆LT91BB Highv0ltag3|Gl
|inactive|Battle timer is ON: inactive players will automatically lose when time's up. (requested by tolstoy)
|c|☆tolstoy|u2
|j| LT91BB Lou
|j| Lt91bb quartos
|inactive|tolstoy has 120 seconds left.
|j| peepeehandler
|
|t:|1659381602
|start
|switch|p1a: Landorus|Landorus-Therian, M, shiny|100/100
|switch|p2a: Fuck tran|Toxapex, M|100/100
|-ability|p1a: Landorus|Intimidate|boost
|-unboost|p2a: Fuck tran|atk|1
|turn|1
|j| balls2004
|j| LT91BB Ox
|j| LT91BB Storm
|j| RNN YasuKe
|j| irgendwasmitmeeem
|l| irgendwasmitmeeem
|j| fluffeluff
|
|t:|1659381616
|move|p1a: Landorus|Earthquake|p2a: Fuck tran
|-supereffective|p2a: Fuck tran
|-damage|p2a: Fuck tran|39/100
|move|p2a: Fuck tran|Scald|p1a: Landorus
|-supereffective|p1a: Landorus
|-damage|p1a: Landorus|74/100
|
|-heal|p1a: Landorus|80/100|[from] item: Leftovers
|upkeep
|turn|2
|j|+dex
|j| Plasmeek
|
|t:|1659381621
|switch|p2a: Dark resist|Tangrowth, M|100/100
|move|p1a: Landorus|Stealth Rock|p2a: Dark resist
|-sidestart|p2: LT91BB Highv0ltag3|move: Stealth Rock
|
|-heal|p1a: Landorus|86/100|[from] item: Leftovers
|upkeep
|turn|3
|j| LT91BB Tace
|j| Isza
|j| BIG $TEPPA
|
|t:|1659381632
|move|p1a: Landorus|U-turn|p2a: Dark resist
|-supereffective|p2a: Dark resist
|-damage|p2a: Dark resist|77/100
|j| Lt91bb suf
|
|t:|1659381635
|switch|p1a: Ninetales|Ninetales-Alola, F|100/100|[from]move: U-turn
|-weather|Hail|[from] ability: Snow Warning|[of] p1a: Ninetales
|move|p2a: Dark resist|Knock Off|p1a: Ninetales
|-resisted|p1a: Ninetales
|-damage|p1a: Ninetales|85/100
|-enditem|p1a: Ninetales|Light Clay|[from] move: Knock Off|[of] p2a: Dark resist
|
|-weather|Hail|[upkeep]
|-damage|p2a: Dark resist|71/100|[from] Hail
|upkeep
|turn|4
|j| ourghostingduties
|j| Break Me Free
|l| ourghostingduties
|
|t:|1659381642
|switch|p2a: Fuck tran|Toxapex, M|72/100
|-damage|p2a: Fuck tran|59/100|[from] Stealth Rock
|move|p1a: Ninetales|Hypnosis|p2a: Fuck tran
|-status|p2a: Fuck tran|slp|[from] move: Hypnosis
|
|-weather|Hail|[upkeep]
|-damage|p2a: Fuck tran|53/100 slp|[from] Hail
|upkeep
|turn|5
|j| darmua
|j| thottinomus
|
|t:|1659381652
|switch|p1a: Landorus|Landorus-Therian, M, shiny|86/100
|-ability|p1a: Landorus|Intimidate|boost
|-unboost|p2a: Fuck tran|atk|1
|switch|p2a: Fuck taunt|Blissey, F|100/100
|
|-weather|Hail|[upkeep]
|-damage|p1a: Landorus|80/100|[from] Hail
|-damage|p2a: Fuck taunt|94/100|[from] Hail
|-heal|p1a: Landorus|86/100|[from] item: Leftovers
|upkeep
|turn|6
|l| darmua
|
|t:|1659381657
|move|p1a: Landorus|Earthquake|p2a: Fuck taunt
|-damage|p2a: Fuck taunt|51/100
|move|p2a: Fuck taunt|Stealth Rock|p1a: Landorus
|-sidestart|p1: tolstoy|move: Stealth Rock
|
|-weather|Hail|[upkeep]
|-damage|p1a: Landorus|80/100|[from] Hail
|-damage|p2a: Fuck taunt|45/100|[from] Hail
|-heal|p1a: Landorus|86/100|[from] item: Leftovers
|upkeep
|turn|7
|
|t:|1659381666
|switch|p2a: Dark resist|Tangrowth, M|100/100
|-damage|p2a: Dark resist|88/100|[from] Stealth Rock
|move|p1a: Landorus|Earthquake|p2a: Dark resist
|-resisted|p2a: Dark resist
|-damage|p2a: Dark resist|75/100
|
|-weather|none
|-heal|p1a: Landorus|92/100|[from] item: Leftovers
|upkeep
|turn|8
|
|t:|1659381673
|move|p1a: Landorus|U-turn|p2a: Dark resist
|-supereffective|p2a: Dark resist
|-crit|p2a: Dark resist
|-damage|p2a: Dark resist|41/100
|
|t:|1659381689
|switch|p1a: Ninetales|Ninetales-Alola, F|85/100|[from]move: U-turn
|-damage|p1a: Ninetales|60/100|[from] Stealth Rock
|-weather|Hail|[from] ability: Snow Warning|[of] p1a: Ninetales
|move|p2a: Dark resist|Knock Off|p1a: Ninetales
|-resisted|p1a: Ninetales
|-damage|p1a: Ninetales|49/100
|
|-weather|Hail|[upkeep]
|-damage|p2a: Dark resist|35/100|[from] Hail
|upkeep
|turn|9
|
|t:|1659381697
|switch|p1a: Jirachi|Jirachi|100/100
|-damage|p1a: Jirachi|94/100|[from] Stealth Rock
|switch|p2a: Lele broken man|Jirachi|100/100
|-damage|p2a: Lele broken man|94/100|[from] Stealth Rock
|
|-weather|Hail|[upkeep]
|-damage|p1a: Jirachi|88/100|[from] Hail
|-damage|p2a: Lele broken man|88/100|[from] Hail
|-heal|p2a: Lele broken man|94/100|[from] item: Leftovers
|upkeep
|turn|10
|l| fluffeluff
|
|t:|1659381705
|move|p1a: Jirachi|Calm Mind|p1a: Jirachi
|-boost|p1a: Jirachi|spa|1
|-boost|p1a: Jirachi|spd|1
|move|p2a: Lele broken man|Iron Head|p1a: Jirachi
|-resisted|p1a: Jirachi
|-damage|p1a: Jirachi|75/100
|
|-weather|Hail|[upkeep]
|-damage|p1a: Jirachi|69/100|[from] Hail
|-damage|p2a: Lele broken man|88/100|[from] Hail
|-heal|p2a: Lele broken man|94/100|[from] item: Leftovers
|upkeep
|turn|11
|
|t:|1659381714
|move|p1a: Jirachi|Calm Mind|p1a: Jirachi
|-boost|p1a: Jirachi|spa|1
|-boost|p1a: Jirachi|spd|1
|move|p2a: Lele broken man|Iron Head|p1a: Jirachi
|-resisted|p1a: Jirachi
|-damage|p1a: Jirachi|54/100
|
|-weather|Hail|[upkeep]
|-damage|p1a: Jirachi|47/100|[from] Hail
|-damage|p2a: Lele broken man|88/100|[from] Hail
|-heal|p2a: Lele broken man|94/100|[from] item: Leftovers
|upkeep
|turn|12
|
|t:|1659381718
|move|p1a: Jirachi|Calm Mind|p1a: Jirachi
|-boost|p1a: Jirachi|spa|1
|-boost|p1a: Jirachi|spd|1
|move|p2a: Lele broken man|Iron Head|p1a: Jirachi
|-resisted|p1a: Jirachi
|-damage|p1a: Jirachi|34/100
|
|-weather|none
|-heal|p2a: Lele broken man|100/100|[from] item: Leftovers
|upkeep
|turn|13
|j| Ava<3
|
|t:|1659381723
|move|p1a: Jirachi|Calm Mind|p1a: Jirachi
|-boost|p1a: Jirachi|spa|1
|-boost|p1a: Jirachi|spd|1
|move|p2a: Lele broken man|Iron Head|p1a: Jirachi
|-resisted|p1a: Jirachi
|-damage|p1a: Jirachi|20/100
|
|upkeep
|turn|14
|l| LT91BB Storm
|j| Benzomatic
|j| Fraudinos
|l| LT91BB Lou
|inactive|LT91BB Highv0ltag3 has 120 seconds left.
|l| Lt91bb suf
|l| Fraudinos
|j| innovamania
|l| innovamania
|
|t:|1659381778
|move|p1a: Jirachi|Aura Sphere|p2a: Lele broken man
|-damage|p2a: Lele broken man|56/100
|move|p2a: Lele broken man|Iron Head|p1a: Jirachi
|-resisted|p1a: Jirachi
|-damage|p1a: Jirachi|5/100
|
|-heal|p2a: Lele broken man|63/100|[from] item: Leftovers
|upkeep
|turn|15
|j| fiuu fiuu
|
|t:|1659381787
|move|p2a: Lele broken man|Protect|p2a: Lele broken man
|-singleturn|p2a: Lele broken man|Protect
|move|p1a: Jirachi|Aura Sphere|p2a: Lele broken man
|-activate|p2a: Lele broken man|move: Protect
|
|-heal|p2a: Lele broken man|69/100|[from] item: Leftovers
|upkeep
|turn|16
|j| LT91BB Lou
|
|t:|1659381791
|move|p1a: Jirachi|Aura Sphere|p2a: Lele broken man
|-crit|p2a: Lele broken man
|-damage|p2a: Lele broken man|0 fnt
|faint|p2a: Lele broken man
|
|upkeep
|c|☆tolstoy|lmao
|l| LT91BB Ox
|c|☆tolstoy|pokemon gaming
|c|☆LT91BB Highv0ltag3|Oh my fucking
|j| CALL THE CREW
|
|t:|1659381808
|switch|p2a: Shed shell7%?|Corviknight, F|100/100
|-damage|p2a: Shed shell7%?|88/100|[from] Stealth Rock
|-ability|p2a: Shed shell7%?|Pressure
|turn|17
|
|t:|1659381813
|move|p1a: Jirachi|Aura Sphere|p2a: Shed shell7%?
|-damage|p2a: Shed shell7%?|18/100
|move|p2a: Shed shell7%?|Body Press|p1a: Jirachi
|-damage|p1a: Jirachi|0 fnt
|faint|p1a: Jirachi
|
|upkeep
|j| LT91BB LA BOMBA
|l| LT91BB Lou
|
|t:|1659381823
|switch|p1a: Primarina|Primarina, F|100/100
|-damage|p1a: Primarina|88/100|[from] Stealth Rock
|turn|18
|l| LT91BB LA BOMBA
|
|t:|1659381829
|switch|p2a: I'm also pink blob|Gastrodon, M|100/100
|-damage|p2a: I'm also pink blob|94/100|[from] Stealth Rock
|move|p1a: Primarina|Work Up|p1a: Primarina
|-boost|p1a: Primarina|atk|1
|-boost|p1a: Primarina|spa|1
|
|-heal|p1a: Primarina|94/100|[from] item: Leftovers
|-heal|p2a: I'm also pink blob|100/100|[from] item: Leftovers
|upkeep
|turn|19
|
|t:|1659381832
|move|p1a: Primarina|Substitute|p1a: Primarina
|-start|p1a: Primarina|Substitute
|-damage|p1a: Primarina|69/100
|move|p2a: I'm also pink blob|Earth Power|p1a: Primarina
|-end|p1a: Primarina|Substitute
|
|-heal|p1a: Primarina|75/100|[from] item: Leftovers
|upkeep
|turn|20
|
|t:|1659381842
|move|p1a: Primarina|Substitute|p1a: Primarina
|-start|p1a: Primarina|Substitute
|-damage|p1a: Primarina|50/100
|move|p2a: I'm also pink blob|Clear Smog|p1a: Primarina
|-supereffective|p1a: Primarina
|-activate|p1a: Primarina|move: Substitute|[damage]
|
|-heal|p1a: Primarina|56/100|[from] item: Leftovers
|upkeep
|turn|21
|
|t:|1659381846
|move|p1a: Primarina|Work Up|p1a: Primarina
|-boost|p1a: Primarina|atk|1
|-boost|p1a: Primarina|spa|1
|move|p2a: I'm also pink blob|Earth Power|p1a: Primarina
|-end|p1a: Primarina|Substitute
|
|-heal|p1a: Primarina|62/100|[from] item: Leftovers
|upkeep
|turn|22
|
|t:|1659381851
|move|p1a: Primarina|Substitute|p1a: Primarina
|-start|p1a: Primarina|Substitute
|-damage|p1a: Primarina|37/100
|move|p2a: I'm also pink blob|Clear Smog|p1a: Primarina
|-supereffective|p1a: Primarina
|-activate|p1a: Primarina|move: Substitute|[damage]
|
|-heal|p1a: Primarina|43/100|[from] item: Leftovers
|upkeep
|turn|23
|
|t:|1659381854
|move|p1a: Primarina|Moonblast|p2a: I'm also pink blob
|-damage|p2a: I'm also pink blob|29/100
|-unboost|p2a: I'm also pink blob|spa|1
|move|p2a: I'm also pink blob|Earth Power|p1a: Primarina
|-end|p1a: Primarina|Substitute
|
|-heal|p1a: Primarina|49/100|[from] item: Leftovers
|-heal|p2a: I'm also pink blob|35/100|[from] item: Leftovers
|upkeep
|turn|24
|c|☆LT91BB Highv0ltag3|Gg
|c| fiuu fiuu|did you see what happen when you use stall?
|c|☆tolstoy|gg
|c|☆LT91BB Highv0ltag3|Jira walled this but
|c| fiuu fiuu|u get smoked
|c|☆tolstoy|yo
|c|☆tolstoy|prima gets calm mind
|c|☆tolstoy|wtf
|l| Lt91bb quartos
|c|☆tolstoy|since when
|inactive|LT91BB Highv0ltag3 has 120 seconds left.
|c|☆LT91BB Highv0ltag3|Lol
|-message|LT91BB Highv0ltag3 forfeited.
|
|win|tolstoy
|raw|tolstoy's rating: 1881 &rarr; <strong>1905</strong><br />(+24 for winning)
|raw|LT91BB Highv0ltag3's rating: 1945 &rarr; <strong>1921</strong><br />(-24 for losing)
|l|☆LT91BB Highv0ltag3
|l|+dex
|j| kind of liked it
|l|☆tolstoy
