|html|<div class="broadcast-blue"><strong>[Gen 8] OU is currently suspecting Melmetal! For information on how to participate check out the <a href="https://www.smogon.com/forums/threads/np-ss-ou-suspect-process-round-12-monster-mash.3709234/">suspect thread</a>.</strong></div>
|j|☆cancel or not
|j|☆ChandosH
|t:|1665893383
|gametype|singles
|player|p1|cancel or not|steven|1363
|player|p2|ChandosH|n-masters|1422
|teamsize|p1|6
|teamsize|p2|6
|gen|8
|tier|[Gen 8] OU
|rated|
|rule|Sleep Clause Mod: Limit one foe put to sleep
|rule|Species Clause: Limit one of each Pokémon
|rule|OHKO Clause: OHKO moves are banned
|rule|Evasion Items Clause: Evasion items are banned
|rule|Evasion Moves Clause: Evasion moves are banned
|rule|Endless Battle Clause: Forcing endless battles is banned
|rule|HP Percentage Mod: HP is shown in percentages
|rule|Dynamax Clause: You cannot dynamax
|clearpoke
|poke|p1|Blaziken, F|
|poke|p1|Rillaboom, F|
|poke|p1|Blissey, F|
|poke|p1|Zapdos|
|poke|p1|Garchomp, M|
|poke|p1|Tapu Lele|
|poke|p2|Moltres-Galar|
|poke|p2|Crawdaunt, M|
|poke|p2|Melmetal|
|poke|p2|Hatterene, F|
|poke|p2|Landorus-Therian, M|
|poke|p2|Rotom-Wash|
|teampreview
|inactive|Battle timer is ON: inactive players will automatically lose when time's up. (requested by cancel or not)
|c|☆ChandosH|cancel
|c|☆ChandosH|ez
|inactive|ChandosH has 120 seconds left.
|
|t:|1665893433
|start
|switch|p1a: Rillaboom|Rillaboom, F|100/100
|switch|p2a: Moltres|Moltres-Galar|100/100
|-fieldstart|move: Grassy Terrain|[from] ability: Grassy Surge|[of] p1a: Rillaboom
|turn|1
|
|t:|1665893444
|switch|p1a: Blissey|Blissey, F|100/100
|move|p2a: Moltres|U-turn|p1a: Blissey
|-damage|p1a: Blissey|90/100
|
|t:|1665893449
|switch|p2a: Crawdaunt|Crawdaunt, M|100/100|[from]move: U-turn
|
|-heal|p1a: Blissey|96/100|[from] Grassy Terrain
|upkeep
|turn|2
|c|☆cancel or not|中国人吗
|
|t:|1665893464
|switch|p1a: Zapdos|Zapdos|100/100
|move|p2a: Crawdaunt|Knock Off|p1a: Zapdos
|-damage|p1a: Zapdos|26/100
|-enditem|p1a: Zapdos|Heavy-Duty Boots|[from] move: Knock Off|[of] p2a: Crawdaunt
|-damage|p2a: Crawdaunt|91/100|[from] item: Life Orb
|
|-heal|p2a: Crawdaunt|97/100|[from] Grassy Terrain
|upkeep
|turn|3
|
|t:|1665893476
|move|p2a: Crawdaunt|Aqua Jet|p1a: Zapdos
|-damage|p1a: Zapdos|0 fnt
|faint|p1a: Zapdos
|-damage|p2a: Crawdaunt|87/100|[from] item: Life Orb
|
|-heal|p2a: Crawdaunt|93/100|[from] Grassy Terrain
|upkeep
|
|t:|1665893481
|switch|p1a: Rillaboom|Rillaboom, F|100/100
|turn|4
|
|t:|1665893485
|switch|p2a: Melmetal|Melmetal|100/100
|move|p1a: Rillaboom|Superpower|p2a: Melmetal
|-supereffective|p2a: Melmetal
|-damage|p2a: Melmetal|18/100
|-unboost|p1a: Rillaboom|atk|1
|-unboost|p1a: Rillaboom|def|1
|
|-heal|p2a: Melmetal|24/100|[from] Grassy Terrain
|-heal|p2a: Melmetal|30/100|[from] item: Leftovers
|upkeep
|turn|5
|
|t:|1665893498
|switch|p2a: Landorus|Landorus-Therian, M|100/100
|-ability|p2a: Landorus|Intimidate|boost
|-unboost|p1a: Rillaboom|atk|1
|move|p1a: Rillaboom|Superpower|p2a: Landorus
|-resisted|p2a: Landorus
|-damage|p2a: Landorus|85/100
|-unboost|p1a: Rillaboom|atk|1
|-unboost|p1a: Rillaboom|def|1
|
|-heal|p2a: Landorus|91/100|[from] item: Leftovers
|-fieldend|move: Grassy Terrain
|upkeep
|turn|6
|
|t:|1665893503
|switch|p1a: Garchomp|Garchomp, M|100/100
|move|p2a: Landorus|U-turn|p1a: Garchomp
|-damage|p1a: Garchomp|84/100
|-damage|p2a: Landorus|79/100|[from] ability: Rough Skin|[of] p1a: Garchomp
|
|t:|1665893513
|switch|p2a: Moltres|Moltres-Galar|100/100|[from]move: U-turn
|
|-heal|p1a: Garchomp|90/100|[from] item: Leftovers
|upkeep
|turn|7
|
|t:|1665893520
|move|p1a: Garchomp|Toxic|p2a: Moltres
|-status|p2a: Moltres|tox
|move|p2a: Moltres|Fiery Wrath|p1a: Garchomp
|-damage|p1a: Garchomp|32/100
|
|-heal|p1a: Garchomp|38/100|[from] item: Leftovers
|-damage|p2a: Moltres|94/100 tox|[from] psn
|upkeep
|turn|8
|
|t:|1665893525
|switch|p1a: Blissey|Blissey, F|96/100
|switch|p2a: Crawdaunt|Crawdaunt, M|93/100
|
|upkeep
|turn|9
|c|☆cancel or not|wow
|
|t:|1665893543
|switch|p1a: Garchomp|Garchomp, M|38/100
|move|p2a: Crawdaunt|Knock Off|p1a: Garchomp
|-damage|p1a: Garchomp|0 fnt
|-damage|p2a: Crawdaunt|81/100|[from] ability: Rough Skin|[of] p1a: Garchomp
|-enditem|p1a: Garchomp|Leftovers|[from] move: Knock Off|[of] p2a: Crawdaunt
|faint|p1a: Garchomp
|-damage|p2a: Crawdaunt|71/100|[from] item: Life Orb
|
|upkeep
|
|t:|1665893548
|switch|p1a: Tapu Lele|Tapu Lele|100/100
|-fieldstart|move: Psychic Terrain|[from] ability: Psychic Surge|[of] p1a: Tapu Lele
|turn|10
|
|t:|1665893559
|switch|p2a: Melmetal|Melmetal|30/100
|move|p1a: Tapu Lele|Moonblast|p2a: Melmetal
|-resisted|p2a: Melmetal
|-damage|p2a: Melmetal|7/100
|
|-heal|p2a: Melmetal|13/100|[from] item: Leftovers
|upkeep
|turn|11
|
|t:|1665893568
|move|p2a: Melmetal|Protect|p2a: Melmetal
|-singleturn|p2a: Melmetal|Protect
|move|p1a: Tapu Lele|Moonblast|p2a: Melmetal
|-activate|p2a: Melmetal|move: Protect
|
|-heal|p2a: Melmetal|19/100|[from] item: Leftovers
|upkeep
|turn|12
|
|t:|1665893580
|move|p1a: Tapu Lele|Moonblast|p2a: Melmetal
|-resisted|p2a: Melmetal
|-damage|p2a: Melmetal|0 fnt
|faint|p2a: Melmetal
|
|upkeep
|inactive|ChandosH has 120 seconds left.
|
|t:|1665893633
|switch|p2a: Landorus|Landorus-Therian, M|79/100
|-ability|p2a: Landorus|Intimidate|boost
|-unboost|p1a: Tapu Lele|atk|1
|turn|13
|
|t:|1665893639
|switch|p1a: Rillaboom|Rillaboom, F|100/100
|-fieldstart|move: Grassy Terrain|[from] ability: Grassy Surge|[of] p1a: Rillaboom
|move|p2a: Landorus|Earthquake|p1a: Rillaboom
|-resisted|p1a: Rillaboom
|-damage|p1a: Rillaboom|90/100
|
|-heal|p2a: Landorus|85/100|[from] item: Leftovers
|-heal|p1a: Rillaboom|97/100|[from] Grassy Terrain
|upkeep
|turn|14
|
|t:|1665893649
|move|p1a: Rillaboom|Grassy Glide|p2a: Landorus
|-damage|p2a: Landorus|10/100
|move|p2a: Landorus|U-turn|p1a: Rillaboom
|-supereffective|p1a: Rillaboom
|-damage|p1a: Rillaboom|56/100
|
|t:|1665893654
|switch|p2a: Moltres|Moltres-Galar|94/100 tox|[from]move: U-turn
|
|-heal|p1a: Rillaboom|62/100|[from] Grassy Terrain
|-damage|p2a: Moltres|88/100 tox|[from] psn
|upkeep
|turn|15
|
|t:|1665893665
|move|p1a: Rillaboom|Grassy Glide|p2a: Moltres
|-resisted|p2a: Moltres
|-damage|p2a: Moltres|42/100 tox
|-ability|p2a: Moltres|Berserk|boost
|-boost|p2a: Moltres|spa|1
|move|p2a: Moltres|Fiery Wrath|p1a: Rillaboom
|-damage|p1a: Rillaboom|0 fnt
|faint|p1a: Rillaboom
|
|-damage|p2a: Moltres|30/100 tox|[from] psn
|upkeep
|
|t:|1665893671
|switch|p1a: Blaziken|Blaziken, F|100/100
|turn|16
|
|t:|1665893675
|move|p1a: Blaziken|Protect|p1a: Blaziken
|-singleturn|p1a: Blaziken|Protect
|move|p2a: Moltres|Fiery Wrath|p1a: Blaziken
|-activate|p1a: Blaziken|move: Protect
|
|-damage|p2a: Moltres|11/100 tox|[from] psn
|-ability|p1a: Blaziken|Speed Boost|boost
|-boost|p1a: Blaziken|spe|1
|upkeep
|turn|17
|
|t:|1665893692
|move|p1a: Blaziken|Swords Dance|p1a: Blaziken
|-boost|p1a: Blaziken|atk|2
|move|p2a: Moltres|Fiery Wrath|p1a: Blaziken
|-resisted|p1a: Blaziken
|-damage|p1a: Blaziken|27/100
|
|-heal|p1a: Blaziken|33/100|[from] Grassy Terrain
|-heal|p1a: Blaziken|39/100|[from] item: Leftovers
|-damage|p2a: Moltres|0 fnt|[from] psn
|faint|p2a: Moltres
|-fieldend|move: Grassy Terrain
|-ability|p1a: Blaziken|Speed Boost|boost
|-boost|p1a: Blaziken|spe|1
|upkeep
|
|t:|1665893697
|switch|p2a: Crawdaunt|Crawdaunt, M|71/100
|turn|18
|
|t:|1665893705
|switch|p1a: Tapu Lele|Tapu Lele|100/100
|-fieldstart|move: Psychic Terrain|[from] ability: Psychic Surge|[of] p1a: Tapu Lele
|move|p2a: Crawdaunt|Knock Off|p1a: Tapu Lele
|-damage|p1a: Tapu Lele|0 fnt
|-enditem|p1a: Tapu Lele|Choice Scarf|[from] move: Knock Off|[of] p2a: Crawdaunt
|faint|p1a: Tapu Lele
|-damage|p2a: Crawdaunt|61/100|[from] item: Life Orb
|
|upkeep
|
|t:|1665893710
|switch|p1a: Blaziken|Blaziken, F|39/100
|turn|19
|
|t:|1665893718
|switch|p2a: Landorus|Landorus-Therian, M|10/100
|-ability|p2a: Landorus|Intimidate|boost
|-unboost|p1a: Blaziken|atk|1
|move|p1a: Blaziken|Flare Blitz|p2a: Landorus
|-damage|p2a: Landorus|0 fnt
|faint|p2a: Landorus
|-damage|p1a: Blaziken|35/100|[from] Recoil
|
|-heal|p1a: Blaziken|41/100|[from] item: Leftovers
|-ability|p1a: Blaziken|Speed Boost|boost
|-boost|p1a: Blaziken|spe|1
|upkeep
|
|t:|1665893728
|switch|p2a: Hatterene|Hatterene, F|100/100
|turn|20
|
|t:|1665893734
|switch|p1a: Blissey|Blissey, F|96/100
|move|p2a: Hatterene|Psyshock|p1a: Blissey
|-damage|p1a: Blissey|59/100
|
|upkeep
|turn|21
|
|t:|1665893742
|move|p2a: Hatterene|Calm Mind|p2a: Hatterene
|-boost|p2a: Hatterene|spa|1
|-boost|p2a: Hatterene|spd|1
|move|p1a: Blissey|Teleport|p1a: Blissey
|
|t:|1665893744
|switch|p1a: Blaziken|Blaziken, F|41/100|[from]move: Teleport
|
|-heal|p1a: Blaziken|47/100|[from] item: Leftovers
|upkeep
|turn|22
|
|t:|1665893750
|move|p1a: Blaziken|Flare Blitz|p2a: Hatterene
|-damage|p2a: Hatterene|48/100
|-damage|p1a: Blaziken|28/100|[from] Recoil
|move|p2a: Hatterene|Psyshock|p1a: Blaziken
|-supereffective|p1a: Blaziken
|-damage|p1a: Blaziken|0 fnt
|faint|p1a: Blaziken
|
|-heal|p2a: Hatterene|54/100|[from] item: Leftovers
|-fieldend|move: Psychic Terrain
|upkeep
|c|☆ChandosH|Gg
|-message|cancel or not forfeited.
|
|win|ChandosH
|raw|cancel or not's rating: 1363 &rarr; <strong>1346</strong><br />(-17 for losing)
|raw|ChandosH's rating: 1422 &rarr; <strong>1439</strong><br />(+17 for winning)
|l|☆cancel or not
||Ladder isn't responding, score probably updated but might not have (Request timeout).
