|j|☆4funaccount
|j|☆Rochy rd
|player|p1|4funaccount|hilda-dueldisk|1813
|player|p2|Rochy rd|ethan|1797
|teamsize|p1|6
|teamsize|p2|6
|gametype|singles
|gen|8
|tier|[Gen 8] OU
|rated|
|clearpoke
|poke|p1|Centiskorch, M|
|poke|p1|Rotom-Wash|
|poke|p1|Dragapult, F|
|poke|p1|Ferrothorn, M|
|poke|p1|Excadrill, F|
|poke|p1|Hydreigon, F|
|poke|p2|Mew|
|poke|p2|Gyarados, F|
|poke|p2|Dragapult, M|
|poke|p2|Cloyster, F|
|poke|p2|Bisharp, M|
|poke|p2|Mimikyu, F|
|rule|Sleep Clause Mod: Limit one foe put to sleep
|rule|Species Clause: Limit one of each Pokémon
|rule|OHKO Clause: OHKO moves are banned
|rule|Evasion Moves Clause: Evasion moves are banned
|rule|Endless Battle Clause: Forcing endless battles is banned
|rule|HP Percentage Mod: HP is shown in percentages
|rule|Dynamax Clause: You cannot dynamax
|teampreview
|j| Oemmel
|j| Zielgroin
|inactive|Battle timer is ON: inactive players will automatically lose when time's up. (requested by Rochy rd)
|j| Soy Boi 08
|
|start
|switch|p1a: Gen 8 heatran|Centiskorch, M|100/100
|switch|p2a: Mew|Mew|100/100
|turn|1
|
|move|p2a: Mew|Stealth Rock|p1a: Gen 8 heatran
|-sidestart|p1: 4funaccount|move: Stealth Rock
|move|p1a: Gen 8 heatran|Leech Life|p2a: Mew
|-supereffective|p2a: Mew
|-damage|p2a: Mew|23/100
|-enditem|p2a: Mew|Red Card|[of] p1a: Gen 8 heatran
|drag|p1a: Hydreigon|Hydreigon, F|100/100
|-damage|p1a: Hydreigon|88/100|[from] Stealth Rock
|
|-heal|p1a: Hydreigon|94/100|[from] item: Leftovers
|upkeep
|turn|2
|j| master of miss
|j| Kdyg565
|l| Soy Boi 08
|
|switch|p1a: Gen 8 heatran|Centiskorch, M|100/100
|move|p2a: Mew|Self-Destruct|p1a: Gen 8 heatran
|-damage|p1a: Gen 8 heatran|31/100
|faint|p2a: Mew
|
|upkeep
|j| Sir Isaac Mewton
|
|switch|p2a: Cloyster|Cloyster, F|100/100
|turn|3
|
|switch|p1a: gen 8 rotom|Rotom-Wash|100/100
|-damage|p1a: gen 8 rotom|88/100|[from] Stealth Rock
|move|p2a: Cloyster|Shell Smash|p2a: Cloyster
|-unboost|p2a: Cloyster|def|1
|-unboost|p2a: Cloyster|spd|1
|-boost|p2a: Cloyster|atk|2
|-boost|p2a: Cloyster|spa|2
|-boost|p2a: Cloyster|spe|2
|
|upkeep
|turn|4
|
|move|p2a: Cloyster|Icicle Spear|p1a: gen 8 rotom
|-resisted|p1a: gen 8 rotom
|-damage|p1a: gen 8 rotom|79/100
|-resisted|p1a: gen 8 rotom
|-damage|p1a: gen 8 rotom|68/100
|-resisted|p1a: gen 8 rotom
|-damage|p1a: gen 8 rotom|59/100
|-resisted|p1a: gen 8 rotom
|-damage|p1a: gen 8 rotom|50/100
|-resisted|p1a: gen 8 rotom
|-damage|p1a: gen 8 rotom|40/100
|-hitcount|p1a: gen 8 rotom|5
|move|p1a: gen 8 rotom|Volt Switch|p2a: Cloyster
|-supereffective|p2a: Cloyster
|-damage|p2a: Cloyster|0 fnt
|faint|p2a: Cloyster
|
|switch|p1a: gen 8 marshadow|Dragapult, F|100/100|[from]move: Volt Switch
|-damage|p1a: gen 8 marshadow|88/100|[from] Stealth Rock
|
|upkeep
|
|switch|p2a: Mimikyu|Mimikyu, F|100/100
|turn|5
|
|switch|p1a: gen 8 ferrothorn|Ferrothorn, M|100/100
|-damage|p1a: gen 8 ferrothorn|94/100|[from] Stealth Rock
|move|p2a: Mimikyu|Swords Dance|p2a: Mimikyu
|-boost|p2a: Mimikyu|atk|2
|
|-heal|p1a: gen 8 ferrothorn|100/100|[from] item: Leftovers
|upkeep
|turn|6
|j| unegaonuage
|
|move|p2a: Mimikyu|Shadow Claw|p1a: gen 8 ferrothorn
|-damage|p1a: gen 8 ferrothorn|51/100
|-damage|p2a: Mimikyu|88/100|[from] ability: Iron Barbs|[of] p1a: gen 8 ferrothorn
|-damage|p2a: Mimikyu|78/100|[from] item: Life Orb
|move|p1a: gen 8 ferrothorn|Leech Seed|p2a: Mimikyu
|-start|p2a: Mimikyu|move: Leech Seed
|
|-heal|p1a: gen 8 ferrothorn|57/100|[from] item: Leftovers
|-damage|p2a: Mimikyu|66/100|[from] Leech Seed|[of] p1a: gen 8 ferrothorn
|-heal|p1a: gen 8 ferrothorn|66/100|[silent]
|upkeep
|turn|7
|
|move|p2a: Mimikyu|Shadow Claw|p1a: gen 8 ferrothorn
|-damage|p1a: gen 8 ferrothorn|23/100
|-damage|p2a: Mimikyu|53/100|[from] ability: Iron Barbs|[of] p1a: gen 8 ferrothorn
|-damage|p2a: Mimikyu|44/100|[from] item: Life Orb
|move|p1a: gen 8 ferrothorn|Knock Off|p2a: Mimikyu
|-activate|p2a: Mimikyu|ability: Disguise
|-damage|p2a: Mimikyu|44/100
|-enditem|p2a: Mimikyu|Life Orb|[from] move: Knock Off|[of] p1a: gen 8 ferrothorn
|detailschange|p2a: Mimikyu|Mimikyu-Busted, F
|-damage|p2a: Mimikyu|31/100|[from] ability: Disguise|[of] p2a: Mimikyu
|
|-heal|p1a: gen 8 ferrothorn|29/100|[from] item: Leftovers
|-damage|p2a: Mimikyu|19/100|[from] Leech Seed|[of] p1a: gen 8 ferrothorn
|-heal|p1a: gen 8 ferrothorn|38/100|[silent]
|upkeep
|turn|8
|
|move|p1a: gen 8 ferrothorn|Protect|p1a: gen 8 ferrothorn
|-singleturn|p1a: gen 8 ferrothorn|Protect
|move|p2a: Mimikyu|Shadow Claw|p1a: gen 8 ferrothorn
|-activate|p1a: gen 8 ferrothorn|move: Protect
|
|-heal|p1a: gen 8 ferrothorn|44/100|[from] item: Leftovers
|-damage|p2a: Mimikyu|6/100|[from] Leech Seed|[of] p1a: gen 8 ferrothorn
|-heal|p1a: gen 8 ferrothorn|53/100|[silent]
|upkeep
|turn|9
|
|switch|p1a: Gen 8 heatran|Centiskorch, M|31/100
|move|p2a: Mimikyu|Shadow Claw|p1a: Gen 8 heatran
|-damage|p1a: Gen 8 heatran|0 fnt
|faint|p1a: Gen 8 heatran
|
|upkeep
|
|switch|p1a: gen 8 ferrothorn|Ferrothorn, M|53/100
|-damage|p1a: gen 8 ferrothorn|47/100|[from] Stealth Rock
|turn|10
|
|switch|p2a: Bisharp|Bisharp, M|100/100
|move|p1a: gen 8 ferrothorn|Protect||[still]
|-fail|p1a: gen 8 ferrothorn
|
|-heal|p1a: gen 8 ferrothorn|53/100|[from] item: Leftovers
|upkeep
|turn|11
|
|switch|p1a: Hydreigon|Hydreigon, F|94/100
|-damage|p1a: Hydreigon|82/100|[from] Stealth Rock
|move|p2a: Bisharp|Swords Dance|p2a: Bisharp
|-boost|p2a: Bisharp|atk|2
|
|-heal|p1a: Hydreigon|88/100|[from] item: Leftovers
|upkeep
|turn|12
|
|move|p2a: Bisharp|Sucker Punch|p1a: Hydreigon
|-resisted|p1a: Hydreigon
|-damage|p1a: Hydreigon|38/100
|-damage|p2a: Bisharp|91/100|[from] item: Life Orb
|move|p1a: Hydreigon|Fire Blast|p2a: Bisharp
|-supereffective|p2a: Bisharp
|-damage|p2a: Bisharp|0 fnt
|faint|p2a: Bisharp
|
|-heal|p1a: Hydreigon|44/100|[from] item: Leftovers
|upkeep
|
|switch|p2a: Dragapult|Dragapult, M|100/100
|turn|13
|
|move|p2a: Dragapult|Dragon Darts|p1a: Hydreigon
|-supereffective|p1a: Hydreigon
|-damage|p1a: Hydreigon|0 fnt
|-hitcount|p1a: Hydreigon|1
|faint|p1a: Hydreigon
|
|upkeep
|
|switch|p1a: gen 8 marshadow|Dragapult, F|88/100
|-damage|p1a: gen 8 marshadow|76/100|[from] Stealth Rock
|turn|14
|j| Eon lights
|
|switch|p2a: Mimikyu|Mimikyu-Busted, F|6/100
|move|p1a: gen 8 marshadow|Shadow Ball|p2a: Mimikyu
|-supereffective|p2a: Mimikyu
|-damage|p2a: Mimikyu|0 fnt
|faint|p2a: Mimikyu
|
|upkeep
|
|switch|p2a: Gyarados|Gyarados, F|100/100
|turn|15
|j| Caressing Children
|
|switch|p1a: gen 8 ferrothorn|Ferrothorn, M|53/100
|-damage|p1a: gen 8 ferrothorn|47/100|[from] Stealth Rock
|move|p2a: Gyarados|Dragon Dance|p2a: Gyarados
|-boost|p2a: Gyarados|atk|1
|-boost|p2a: Gyarados|spe|1
|
|-heal|p1a: gen 8 ferrothorn|53/100|[from] item: Leftovers
|upkeep
|turn|16
|
|move|p2a: Gyarados|Substitute|p2a: Gyarados
|-start|p2a: Gyarados|Substitute
|-damage|p2a: Gyarados|76/100
|move|p1a: gen 8 ferrothorn|Leech Seed||[still]
|-fail|p1a: gen 8 ferrothorn
|
|-heal|p1a: gen 8 ferrothorn|59/100|[from] item: Leftovers
|upkeep
|turn|17
|
|move|p2a: Gyarados|Dragon Dance|p2a: Gyarados
|-boost|p2a: Gyarados|atk|1
|-boost|p2a: Gyarados|spe|1
|move|p1a: gen 8 ferrothorn|Knock Off|p2a: Gyarados
|-end|p2a: Gyarados|Substitute
|
|-heal|p1a: gen 8 ferrothorn|65/100|[from] item: Leftovers
|upkeep
|turn|18
|
|move|p2a: Gyarados|Earthquake|p1a: gen 8 ferrothorn
|-damage|p1a: gen 8 ferrothorn|24/100
|move|p1a: gen 8 ferrothorn|Knock Off|p2a: Gyarados
|-damage|p2a: Gyarados|51/100
|-enditem|p2a: Gyarados|Heavy-Duty Boots|[from] move: Knock Off|[of] p1a: gen 8 ferrothorn
|
|-heal|p1a: gen 8 ferrothorn|30/100|[from] item: Leftovers
|upkeep
|turn|19
|c| Eon lights|it does look like marshadow
|
|move|p2a: Gyarados|Substitute|p2a: Gyarados
|-start|p2a: Gyarados|Substitute
|-damage|p2a: Gyarados|26/100
|move|p1a: gen 8 ferrothorn|Leech Seed|p2a: Gyarados|[miss]
|-miss|p1a: gen 8 ferrothorn|p2a: Gyarados
|
|-heal|p1a: gen 8 ferrothorn|36/100|[from] item: Leftovers
|upkeep
|turn|20
|
|move|p2a: Gyarados|Earthquake|p1a: gen 8 ferrothorn
|-crit|p1a: gen 8 ferrothorn
|-damage|p1a: gen 8 ferrothorn|0 fnt
|faint|p1a: gen 8 ferrothorn
|-ability|p2a: Gyarados|Moxie|boost
|-boost|p2a: Gyarados|atk|1
|
|upkeep
|
|switch|p1a: gen 8 marshadow|Dragapult, F|76/100
|-damage|p1a: gen 8 marshadow|64/100|[from] Stealth Rock
|turn|21
|
|move|p1a: gen 8 marshadow|Shadow Ball|p2a: Gyarados
|-damage|p2a: Gyarados|0 fnt
|faint|p2a: Gyarados
|
|upkeep
|
|switch|p2a: Dragapult|Dragapult, M|100/100
|turn|22
|c|☆Rochy rd|Unset
|c|☆Rochy rd|Lmao
|
|move|p1a: gen 8 marshadow|Shadow Ball|p2a: Dragapult
|-supereffective|p2a: Dragapult
|-damage|p2a: Dragapult|1/100
|move|p2a: Dragapult|Dragon Dance|p2a: Dragapult
|-boost|p2a: Dragapult|atk|1
|-boost|p2a: Dragapult|spe|1
|
|-heal|p2a: Dragapult|7/100|[from] item: Leftovers
|upkeep
|turn|23
|
|move|p2a: Dragapult|Dragon Darts|p1a: gen 8 marshadow
|-supereffective|p1a: gen 8 marshadow
|-damage|p1a: gen 8 marshadow|0 fnt
|-hitcount|p1a: gen 8 marshadow|1
|faint|p1a: gen 8 marshadow
|
|-heal|p2a: Dragapult|13/100|[from] item: Leftovers
|upkeep
|
|switch|p1a: gen 8 excadrill|Excadrill, F|100/100
|-damage|p1a: gen 8 excadrill|97/100|[from] Stealth Rock
|-ability|p1a: gen 8 excadrill|Mold Breaker
|turn|24
|
|move|p2a: Dragapult|Phantom Force||[still]
|-prepare|p2a: Dragapult|Phantom Force|p1a: gen 8 excadrill
|move|p1a: gen 8 excadrill|Earthquake|p2a: Dragapult|[miss]
|-miss|p1a: gen 8 excadrill|p2a: Dragapult
|
|-heal|p2a: Dragapult|19/100|[from] item: Leftovers
|-heal|p1a: gen 8 excadrill|100/100|[from] item: Leftovers
|upkeep
|turn|25
|
|move|p2a: Dragapult|Phantom Force|p1a: gen 8 excadrill|[from]lockedmove
|-damage|p1a: gen 8 excadrill|11/100
|move|p1a: gen 8 excadrill|Earthquake|p2a: Dragapult
|-damage|p2a: Dragapult|0 fnt
|faint|p2a: Dragapult
|
|win|4funaccount
|raw|4funaccount's rating: 1813 &rarr; <strong>1832</strong><br />(+19 for winning)
|raw|Rochy rd's rating: 1797 &rarr; <strong>1778</strong><br />(-19 for losing)
|c|☆4funaccount|gg
|c|☆Rochy rd|Gg
