|j|☆Green Yes
|j|☆Testingtesting1
|t:|1605913037
|player|p1|Green Yes|parasollady|1457
|player|p2|Testingtesting1|1|1446
|teamsize|p1|6
|teamsize|p2|6
|gametype|singles
|gen|8
|tier|[Gen 8] OU
|rated|
|clearpoke
|poke|p1|Garchomp, M|
|poke|p1|Magnezone|
|poke|p1|Dragonite, F|
|poke|p1|Kartana|
|poke|p1|Hydreigon, F|
|poke|p1|Tapu Fini|
|poke|p2|Nihilego|
|poke|p2|Tyrantrum, M|
|poke|p2|Magearna|
|poke|p2|Heatran, M|
|poke|p2|Tapu Fini|
|poke|p2|Landorus-Therian, M|
|rule|Sleep Clause Mod: Limit one foe put to sleep
|rule|Species Clause: Limit one of each Pokémon
|rule|OHKO Clause: OHKO moves are banned
|rule|Evasion Moves Clause: Evasion moves are banned
|rule|Endless Battle Clause: Forcing endless battles is banned
|rule|HP Percentage Mod: HP is shown in percentages
|rule|Dynamax Clause: You cannot dynamax
|teampreview
|
|t:|1605913045
|start
|switch|p1a: Kartana|Kartana|100/100
|switch|p2a: Tyrantrum|Tyrantrum, M|100/100
|turn|1
|
|t:|1605913077
|move|p1a: Kartana|Smart Strike|p2a: Tyrantrum
|-supereffective|p2a: Tyrantrum
|-damage|p2a: Tyrantrum|4/100
|move|p2a: Tyrantrum|Close Combat|p1a: Kartana
|-supereffective|p1a: Kartana
|-damage|p1a: Kartana|0 fnt
|-unboost|p2a: Tyrantrum|def|1
|-unboost|p2a: Tyrantrum|spd|1
|faint|p1a: Kartana
|
|upkeep
|
|t:|1605913087
|switch|p1a: Picklenite|Dragonite, F, shiny|100/100
|turn|2
|
|t:|1605913091
|switch|p2a: Magearna|Magearna|100/100
|move|p1a: Picklenite|Extreme Speed|p2a: Magearna
|-resisted|p2a: Magearna
|-damage|p2a: Magearna|87/100
|
|upkeep
|turn|3
|
|t:|1605913102
|switch|p1a: Magnezone|Magnezone|100/100
|move|p2a: Magearna|Volt Switch|p1a: Magnezone
|-resisted|p1a: Magnezone
|-damage|p1a: Magnezone|75/100
|
|t:|1605913109
|switch|p2a: Tyrantrum|Tyrantrum, M|4/100|[from]move: Volt Switch
|
|upkeep
|turn|4
|j| TGD Azure
|
|t:|1605913115
|switch|p1a: Picklenite|Dragonite, F, shiny|100/100
|move|p2a: Tyrantrum|Head Smash|p1a: Picklenite
|-supereffective|p1a: Picklenite
|-damage|p1a: Picklenite|0 fnt
|faint|p1a: Picklenite
|
|upkeep
|
|t:|1605913126
|switch|p1a: Garchomp|Garchomp, M|100/100
|turn|5
|
|t:|1605913129
|move|p1a: Garchomp|Earthquake|p2a: Tyrantrum
|-supereffective|p2a: Tyrantrum
|-damage|p2a: Tyrantrum|0 fnt
|-damage|p1a: Garchomp|91/100|[from] item: Life Orb
|faint|p2a: Tyrantrum
|
|upkeep
|
|t:|1605913136
|switch|p2a: Tapu Fini|Tapu Fini|100/100
|-fieldstart|move: Misty Terrain|[from] ability: Misty Surge|[of] p2a: Tapu Fini
|turn|6
|
|t:|1605913141
|switch|p1a: Magnezone|Magnezone|75/100
|move|p2a: Tapu Fini|Surf|p1a: Magnezone
|-damage|p1a: Magnezone|38/100
|
|upkeep
|turn|7
|
|t:|1605913152
|switch|p2a: Heatran|Heatran, M|100/100
|move|p1a: Magnezone|Flash Cannon|p2a: Heatran
|-resisted|p2a: Heatran
|-damage|p2a: Heatran|89/100
|
|-heal|p2a: Heatran|96/100|[from] item: Leftovers
|upkeep
|turn|8
|
|t:|1605913161
|switch|p1a: Hydreigon|Hydreigon, F|100/100
|move|p2a: Heatran|Earth Power|p1a: Hydreigon
|-immune|p1a: Hydreigon|[from] ability: Levitate
|
|-heal|p2a: Heatran|100/100|[from] item: Leftovers
|upkeep
|turn|9
|
|t:|1605913169
|move|p1a: Hydreigon|Earth Power|p2a: Heatran
|-supereffective|p2a: Heatran
|-crit|p2a: Heatran
|-damage|p2a: Heatran|0 fnt
|faint|p2a: Heatran
|
|upkeep
|
|t:|1605913179
|switch|p2a: Landorus|Landorus-Therian, M|100/100
|-ability|p2a: Landorus|Intimidate|boost
|-unboost|p1a: Hydreigon|atk|1
|turn|10
|
|t:|1605913185
|move|p2a: Landorus|U-turn|p1a: Hydreigon
|-supereffective|p1a: Hydreigon
|-damage|p1a: Hydreigon|50/100
|
|t:|1605913190
|switch|p2a: Magearna|Magearna|87/100|[from]move: U-turn
|move|p1a: Hydreigon|Dark Pulse|p2a: Magearna
|-resisted|p2a: Magearna
|-damage|p2a: Magearna|71/100
|
|-heal|p1a: Hydreigon|56/100|[from] item: Leftovers
|-fieldend|Misty Terrain
|upkeep
|turn|11
|
|t:|1605913204
|switch|p1a: Magnezone|Magnezone|38/100
|move|p2a: Magearna|Fleur Cannon|p1a: Magnezone
|-resisted|p1a: Magnezone
|-damage|p1a: Magnezone|0 fnt
|-unboost|p2a: Magearna|spa|2
|faint|p1a: Magnezone
|-ability|p2a: Magearna|Soul-Heart|boost
|-boost|p2a: Magearna|spa|1
|
|upkeep
|
|t:|1605913213
|switch|p1a: Garchomp|Garchomp, M|91/100
|turn|12
|
|t:|1605913219
|switch|p2a: Tapu Fini|Tapu Fini|100/100
|-fieldstart|move: Misty Terrain|[from] ability: Misty Surge|[of] p2a: Tapu Fini
|move|p1a: Garchomp|Swords Dance|p1a: Garchomp
|-boost|p1a: Garchomp|atk|2
|
|upkeep
|turn|13
|
|t:|1605913250
|move|p1a: Garchomp|Earthquake|p2a: Tapu Fini
|-crit|p2a: Tapu Fini
|-damage|p2a: Tapu Fini|0 fnt
|-damage|p1a: Garchomp|81/100|[from] item: Life Orb
|faint|p2a: Tapu Fini
|
|upkeep
|
|t:|1605913266
|switch|p2a: Landorus|Landorus-Therian, M|100/100
|-ability|p2a: Landorus|Intimidate|boost
|-unboost|p1a: Garchomp|atk|1
|turn|14
|
|t:|1605913273
|move|p2a: Landorus|Earthquake|p1a: Garchomp
|-damage|p1a: Garchomp|23/100
|move|p1a: Garchomp|Stone Edge|p2a: Landorus
|-damage|p2a: Landorus|30/100
|-damage|p1a: Garchomp|13/100|[from] item: Life Orb
|
|upkeep
|turn|15
|
|t:|1605913282
|switch|p2a: Magearna|Magearna|71/100
|switch|p1a: Hydreigon|Hydreigon, F|56/100
|
|-heal|p1a: Hydreigon|63/100|[from] item: Leftovers
|upkeep
|turn|16
|
|t:|1605913292
|move|p1a: Hydreigon|Earth Power|p2a: Magearna
|-supereffective|p2a: Magearna
|-damage|p2a: Magearna|17/100
|move|p2a: Magearna|Volt Switch|p1a: Hydreigon
|-resisted|p1a: Hydreigon
|-damage|p1a: Hydreigon|44/100
|
|t:|1605913298
|switch|p2a: Nihilego|Nihilego|100/100|[from]move: Volt Switch
|
|-heal|p1a: Hydreigon|50/100|[from] item: Leftovers
|-fieldend|Misty Terrain
|upkeep
|turn|17
|
|t:|1605913303
|move|p2a: Nihilego|Meteor Beam||[still]
|-prepare|p2a: Nihilego|Meteor Beam
|-boost|p2a: Nihilego|spa|1
|-enditem|p2a: Nihilego|Power Herb
|-anim|p2a: Nihilego|Meteor Beam|p1a: Hydreigon
|-damage|p1a: Hydreigon|0 fnt
|faint|p1a: Hydreigon
|-ability|p2a: Nihilego|Beast Boost|boost
|-boost|p2a: Nihilego|spe|1
|
|upkeep
|
|t:|1605913312
|switch|p1a: Tapu Fini|Tapu Fini|100/100
|-fieldstart|move: Misty Terrain|[from] ability: Misty Surge|[of] p1a: Tapu Fini
|turn|18
|
|t:|1605913316
|move|p2a: Nihilego|Sludge Wave|p1a: Tapu Fini
|-supereffective|p1a: Tapu Fini
|-damage|p1a: Tapu Fini|0 fnt
|faint|p1a: Tapu Fini
|-ability|p2a: Nihilego|Beast Boost|boost
|-boost|p2a: Nihilego|spe|1
|
|upkeep
|-message|Green Yes forfeited.
|
|win|Testingtesting1
|c|☆Green Yes|gg
|c|☆Testingtesting1|gg
|c|☆Green Yes|fuck
|c|☆Green Yes|kart was so needed
|c|☆Green Yes|mb
|c|☆Testingtesting1|yeahh it wouldve been key
|c|☆Green Yes|i had no clue
||Ladder (probably) updated, but score could not be retrieved (Request timeout).
