|j|☆horsehunter
|j|☆bramitoboy
|t:|1661383189
|gametype|singles
|player|p1|horsehunter|acetrainerf-gen4dp|1818
|player|p2|bramitoboy|170|1846
|teamsize|p1|6
|teamsize|p2|6
|gen|8
|tier|[Gen 8] OU
|rated|
|rule|Sleep Clause Mod: Limit one foe put to sleep
|rule|Species Clause: Limit one of each Pokémon
|rule|OHKO Clause: OHKO moves are banned
|rule|Evasion Items Clause: Evasion items are banned
|rule|Evasion Moves Clause: Evasion moves are banned
|rule|Endless Battle Clause: Forcing endless battles is banned
|rule|HP Percentage Mod: HP is shown in percentages
|rule|Dynamax Clause: You cannot dynamax
|clearpoke
|poke|p1|Slowbro-Galar, F|
|poke|p1|Clefable, M|
|poke|p1|Ninetales-Alola, F|
|poke|p1|Magnezone|
|poke|p1|Seismitoad, M|
|poke|p1|Tornadus-Therian, M|
|poke|p2|Zarude-Dada|
|poke|p2|Keldeo-Resolute|
|poke|p2|Tapu Lele|
|poke|p2|Tapu Koko|
|poke|p2|Heatran, M|
|poke|p2|Landorus-Therian, M|
|teampreview
|
|t:|1661383198
|start
|switch|p1a: Seismitoad|Seismitoad, M|100/100
|switch|p2a: Tapu Koko|Tapu Koko|100/100
|-fieldstart|move: Electric Terrain|[from] ability: Electric Surge|[of] p2a: Tapu Koko
|turn|1
|
|t:|1661383204
|move|p2a: Tapu Koko|Toxic|p1a: Seismitoad
|-status|p1a: Seismitoad|tox
|move|p1a: Seismitoad|Stealth Rock|p2a: Tapu Koko
|-sidestart|p2: bramitoboy|move: Stealth Rock
|
|-damage|p1a: Seismitoad|94/100 tox|[from] psn
|upkeep
|turn|2
|
|t:|1661383210
|switch|p2a: Zarude|Zarude-Dada|100/100
|-damage|p2a: Zarude|88/100|[from] Stealth Rock
|move|p1a: Seismitoad|Knock Off|p2a: Zarude
|-resisted|p2a: Zarude
|-damage|p2a: Zarude|77/100
|-enditem|p2a: Zarude|Life Orb|[from] move: Knock Off|[of] p1a: Seismitoad
|
|-heal|p1a: Seismitoad|100/100 tox|[from] item: Leftovers
|-damage|p1a: Seismitoad|88/100 tox|[from] psn
|upkeep
|turn|3
|
|t:|1661383216
|switch|p2a: Landorus|Landorus-Therian, M|100/100
|-damage|p2a: Landorus|88/100|[from] Stealth Rock
|-ability|p2a: Landorus|Intimidate|boost
|-unboost|p1a: Seismitoad|atk|1
|switch|p1a: Tornadus|Tornadus-Therian, M|100/100
|
|upkeep
|turn|4
|j| Kweazy
|
|t:|1661383221
|move|p1a: Tornadus|Nasty Plot|p1a: Tornadus
|-boost|p1a: Tornadus|spa|2
|move|p2a: Landorus|Defog|p1a: Tornadus
|-unboost|p1a: Tornadus|evasion|1
|-sideend|p2: bramitoboy|Stealth Rock|[from] move: Defog|[of] p2a: Landorus
|-fieldend|move: Electric Terrain
|
|upkeep
|turn|5
|
|t:|1661383224
|switch|p2a: Tapu Koko|Tapu Koko|100/100
|-fieldstart|move: Electric Terrain|[from] ability: Electric Surge|[of] p2a: Tapu Koko
|move|p1a: Tornadus|Hurricane|p2a: Tapu Koko
|-resisted|p2a: Tapu Koko
|-damage|p2a: Tapu Koko|26/100
|
|upkeep
|turn|6
|
|t:|1661383231
|switch|p1a: Seismitoad|Seismitoad, M|88/100 tox
|move|p2a: Tapu Koko|Thunderbolt|p1a: Seismitoad
|-immune|p1a: Seismitoad
|
|-heal|p1a: Seismitoad|94/100 tox|[from] item: Leftovers
|-damage|p1a: Seismitoad|88/100 tox|[from] psn
|upkeep
|turn|7
|
|t:|1661383236
|switch|p2a: Tapu Lele|Tapu Lele|100/100
|-fieldstart|move: Psychic Terrain|[from] ability: Psychic Surge|[of] p2a: Tapu Lele
|move|p1a: Seismitoad|Stealth Rock|p2a: Tapu Lele
|-sidestart|p2: bramitoboy|move: Stealth Rock
|
|-heal|p1a: Seismitoad|94/100 tox|[from] item: Leftovers
|-damage|p1a: Seismitoad|82/100 tox|[from] psn
|upkeep
|turn|8
|
|t:|1661383239
|move|p2a: Tapu Lele|Focus Blast|p1a: Seismitoad|[miss]
|-miss|p2a: Tapu Lele|p1a: Seismitoad
|move|p1a: Seismitoad|Knock Off|p2a: Tapu Lele
|-damage|p2a: Tapu Lele|67/100
|-enditem|p2a: Tapu Lele|Assault Vest|[from] move: Knock Off|[of] p1a: Seismitoad
|
|-heal|p1a: Seismitoad|88/100 tox|[from] item: Leftovers
|-damage|p1a: Seismitoad|70/100 tox|[from] psn
|upkeep
|turn|9
|
|t:|1661383246
|switch|p1a: Ninetales|Ninetales-Alola, F|100/100
|-weather|Hail|[from] ability: Snow Warning|[of] p1a: Ninetales
|move|p2a: Tapu Lele|Psyshock|p1a: Ninetales
|-damage|p1a: Ninetales|27/100
|
|-weather|Hail|[upkeep]
|-damage|p2a: Tapu Lele|61/100|[from] Hail
|upkeep
|turn|10
|
|t:|1661383251
|move|p1a: Ninetales|Aurora Veil|p1a: Ninetales
|-sidestart|p1: horsehunter|move: Aurora Veil
|move|p2a: Tapu Lele|Psyshock|p1a: Ninetales
|-damage|p1a: Ninetales|0 fnt
|faint|p1a: Ninetales
|
|-weather|Hail|[upkeep]
|-damage|p2a: Tapu Lele|55/100|[from] Hail
|upkeep
|j| Santiago Bernabeu
|
|t:|1661383254
|switch|p1a: Slowbro|Slowbro-Galar, F|100/100
|turn|11
|-activate|p1a: Slowbro|item: Quick Claw
|
|t:|1661383257
|switch|p2a: Heatran|Heatran, M|100/100
|-damage|p2a: Heatran|88/100|[from] Stealth Rock
|-item|p2a: Heatran|Air Balloon
|move|p1a: Slowbro|Nasty Plot|p1a: Slowbro
|-boost|p1a: Slowbro|spa|2
|
|-weather|Hail|[upkeep]
|-damage|p2a: Heatran|82/100|[from] Hail
|-damage|p1a: Slowbro|94/100|[from] Hail
|-fieldend|move: Psychic Terrain
|upkeep
|turn|12
|-activate|p1a: Slowbro|ability: Quick Draw
|
|t:|1661383270
|move|p1a: Slowbro|Focus Blast|p2a: Heatran|[miss]
|-miss|p1a: Slowbro|p2a: Heatran
|move|p2a: Heatran|Stealth Rock|p1a: Slowbro
|-sidestart|p1: horsehunter|move: Stealth Rock
|
|-weather|Hail|[upkeep]
|-damage|p2a: Heatran|76/100|[from] Hail
|-damage|p1a: Slowbro|88/100|[from] Hail
|upkeep
|turn|13
|
|t:|1661383277
|switch|p2a: Tapu Lele|Tapu Lele|55/100
|-damage|p2a: Tapu Lele|42/100|[from] Stealth Rock
|-fieldstart|move: Psychic Terrain|[from] ability: Psychic Surge|[of] p2a: Tapu Lele
|move|p1a: Slowbro|Focus Blast|p2a: Tapu Lele
|-resisted|p2a: Tapu Lele
|-damage|p2a: Tapu Lele|23/100
|
|-weather|none
|upkeep
|turn|14
|-activate|p1a: Slowbro|ability: Quick Draw
|
|t:|1661383289
|switch|p2a: Heatran|Heatran, M|76/100
|-damage|p2a: Heatran|63/100|[from] Stealth Rock
|-item|p2a: Heatran|Air Balloon
|move|p1a: Slowbro|Psychic|p2a: Heatran
|-resisted|p2a: Heatran
|-damage|p2a: Heatran|13/100
|-enditem|p2a: Heatran|Air Balloon
|
|upkeep
|turn|15
|
|t:|1661383298
|move|p2a: Heatran|Earth Power|p1a: Slowbro
|-supereffective|p1a: Slowbro
|-damage|p1a: Slowbro|46/100
|move|p1a: Slowbro|Psychic|p2a: Heatran
|-resisted|p2a: Heatran
|-damage|p2a: Heatran|0 fnt
|faint|p2a: Heatran
|
|upkeep
|j| ThreeStar3
|
|t:|1661383311
|switch|p2a: Zarude|Zarude-Dada|77/100
|-damage|p2a: Zarude|65/100|[from] Stealth Rock
|turn|16
|
|t:|1661383314
|move|p2a: Zarude|Darkest Lariat|p1a: Slowbro
|-supereffective|p1a: Slowbro
|-damage|p1a: Slowbro|6/100
|move|p1a: Slowbro|Ice Beam|p2a: Zarude
|-supereffective|p2a: Zarude
|-damage|p2a: Zarude|0 fnt
|faint|p2a: Zarude
|
|upkeep
|
|t:|1661383321
|switch|p2a: Keldeo|Keldeo-Resolute|100/100
|-damage|p2a: Keldeo|94/100|[from] Stealth Rock
|turn|17
|
|t:|1661383323
|move|p2a: Keldeo|Scald|p1a: Slowbro
|-crit|p1a: Slowbro
|-damage|p1a: Slowbro|0 fnt
|faint|p1a: Slowbro
|
|-heal|p2a: Keldeo|100/100|[from] item: Leftovers
|-sideend|p1: horsehunter|move: Aurora Veil
|-fieldend|move: Psychic Terrain
|upkeep
|
|t:|1661383329
|switch|p1a: Tornadus|Tornadus-Therian, M|100/100
|turn|18
|
|t:|1661383335
|switch|p2a: Tapu Lele|Tapu Lele|23/100
|-damage|p2a: Tapu Lele|10/100|[from] Stealth Rock
|-fieldstart|move: Psychic Terrain|[from] ability: Psychic Surge|[of] p2a: Tapu Lele
|move|p1a: Tornadus|Hurricane|p2a: Tapu Lele
|-damage|p2a: Tapu Lele|0 fnt
|faint|p2a: Tapu Lele
|
|upkeep
|
|t:|1661383340
|switch|p2a: Landorus|Landorus-Therian, M|88/100
|-damage|p2a: Landorus|76/100|[from] Stealth Rock
|-ability|p2a: Landorus|Intimidate|boost
|-unboost|p1a: Tornadus|atk|1
|turn|19
|
|t:|1661383346
|move|p1a: Tornadus|Hurricane|p2a: Landorus|[miss]
|-miss|p1a: Tornadus|p2a: Landorus
|move|p2a: Landorus|Knock Off|p1a: Tornadus
|-damage|p1a: Tornadus|58/100
|-enditem|p1a: Tornadus|Heavy-Duty Boots|[from] move: Knock Off|[of] p2a: Landorus
|
|upkeep
|turn|20
|
|t:|1661383353
|move|p1a: Tornadus|Hurricane|p2a: Landorus
|-damage|p2a: Landorus|17/100
|-start|p2a: Landorus|confusion
|-activate|p2a: Landorus|confusion
|move|p2a: Landorus|Defog|p1a: Tornadus
|-unboost|p1a: Tornadus|evasion|1
|-sideend|p1: horsehunter|Stealth Rock|[from] move: Defog|[of] p2a: Landorus
|-sideend|p2: bramitoboy|Stealth Rock|[from] move: Defog|[of] p2a: Landorus
|-fieldend|move: Psychic Terrain
|
|upkeep
|turn|21
|
|t:|1661383360
|move|p1a: Tornadus|Heat Wave|p2a: Landorus|[miss]
|-miss|p1a: Tornadus|p2a: Landorus
|-activate|p2a: Landorus|confusion
|move|p2a: Landorus|Knock Off|p1a: Tornadus
|-damage|p1a: Tornadus|26/100
|
|upkeep
|turn|22
|
|t:|1661383367
|move|p1a: Tornadus|Heat Wave|p2a: Landorus
|-damage|p2a: Landorus|0 fnt
|faint|p2a: Landorus
|
|upkeep
|
|t:|1661383370
|switch|p2a: Tapu Koko|Tapu Koko|26/100
|-fieldstart|move: Electric Terrain|[from] ability: Electric Surge|[of] p2a: Tapu Koko
|turn|23
|
|t:|1661383374
|switch|p2a: Keldeo|Keldeo-Resolute|100/100
|switch|p1a: Seismitoad|Seismitoad, M|70/100 tox
|
|-heal|p1a: Seismitoad|76/100 tox|[from] item: Leftovers
|-damage|p1a: Seismitoad|70/100 tox|[from] psn
|upkeep
|turn|24
|
|t:|1661383381
|switch|p1a: Tornadus|Tornadus-Therian, M|59/100
|move|p2a: Keldeo|Substitute|p2a: Keldeo
|-start|p2a: Keldeo|Substitute
|-damage|p2a: Keldeo|75/100
|
|-heal|p2a: Keldeo|82/100|[from] item: Leftovers
|upkeep
|turn|25
|
|t:|1661383384
|move|p1a: Tornadus|Hurricane|p2a: Keldeo
|-supereffective|p2a: Keldeo
|-end|p2a: Keldeo|Substitute
|move|p2a: Keldeo|Calm Mind|p2a: Keldeo
|-boost|p2a: Keldeo|spa|1
|-boost|p2a: Keldeo|spd|1
|
|-heal|p2a: Keldeo|88/100|[from] item: Leftovers
|upkeep
|turn|26
|
|t:|1661383388
|move|p1a: Tornadus|Hurricane|p2a: Keldeo
|-supereffective|p2a: Keldeo
|-damage|p2a: Keldeo|10/100
|move|p2a: Keldeo|Scald|p1a: Tornadus
|-damage|p1a: Tornadus|0 fnt
|faint|p1a: Tornadus
|
|-heal|p2a: Keldeo|16/100|[from] item: Leftovers
|upkeep
|
|t:|1661383391
|switch|p1a: Seismitoad|Seismitoad, M|70/100 tox
|turn|27
|
|t:|1661383399
|move|p2a: Keldeo|Secret Sword|p1a: Seismitoad
|-damage|p1a: Seismitoad|6/100 tox
|move|p1a: Seismitoad|Toxic|p2a: Keldeo
|-status|p2a: Keldeo|tox
|
|-heal|p2a: Keldeo|22/100 tox|[from] item: Leftovers
|-heal|p1a: Seismitoad|12/100 tox|[from] item: Leftovers
|-damage|p2a: Keldeo|16/100 tox|[from] psn
|-damage|p1a: Seismitoad|6/100 tox|[from] psn
|-fieldend|move: Electric Terrain
|upkeep
|turn|28
|
|t:|1661383406
|move|p2a: Keldeo|Secret Sword|p1a: Seismitoad
|-damage|p1a: Seismitoad|0 fnt
|faint|p1a: Seismitoad
|
|-heal|p2a: Keldeo|22/100 tox|[from] item: Leftovers
|-damage|p2a: Keldeo|10/100 tox|[from] psn
|upkeep
|
|t:|1661383409
|switch|p1a: Clefable|Clefable, M|100/100
|turn|29
|
|t:|1661383415
|switch|p2a: Tapu Koko|Tapu Koko|26/100
|-fieldstart|move: Electric Terrain|[from] ability: Electric Surge|[of] p2a: Tapu Koko
|move|p1a: Clefable|Soft-Boiled||[still]
|-fail|p1a: Clefable|heal
|
|upkeep
|turn|30
|
|t:|1661383419
|move|p2a: Tapu Koko|Thunderbolt|p1a: Clefable
|-damage|p1a: Clefable|52/100
|move|p1a: Clefable|Cosmic Power|p1a: Clefable
|-boost|p1a: Clefable|def|1
|-boost|p1a: Clefable|spd|1
|
|-heal|p1a: Clefable|58/100|[from] item: Leftovers
|upkeep
|turn|31
|j| Jongruenwald
|
|t:|1661383424
|move|p2a: Tapu Koko|Thunderbolt|p1a: Clefable
|-damage|p1a: Clefable|30/100
|move|p1a: Clefable|Soft-Boiled|p1a: Clefable
|-heal|p1a: Clefable|80/100
|
|-heal|p1a: Clefable|86/100|[from] item: Leftovers
|upkeep
|turn|32
|c|☆bramitoboy|that slowbro
|c|☆bramitoboy|completely fucked me up
|c|☆bramitoboy|didn't expect something similar
|c|☆horsehunter|thats wild yeah
|c|☆bramitoboy|yes, an interesting boy
|c|☆bramitoboy|gg
|c|☆horsehunter|gg
|-message|bramitoboy forfeited.
|
|win|horsehunter
|raw|horsehunter's rating: 1818 &rarr; <strong>1840</strong><br />(+22 for winning)
|raw|bramitoboy's rating: 1846 &rarr; <strong>1824</strong><br />(-22 for losing)
|l|☆bramitoboy
|l| Kweazy
|l| Jongruenwald
|l|☆horsehunter
|l| Santiago Bernabeu
