|j|☆ghecisbestvillain
|j|☆dumpster dwelling
|t:|1662324305
|gametype|singles
|player|p1|ghecisbestvillain|scientist-gen4|1708
|player|p2|dumpster dwelling|janitor|1660
|teamsize|p1|6
|teamsize|p2|6
|gen|8
|tier|[Gen 8] OU
|rated|
|rule|Sleep Clause Mod: Limit one foe put to sleep
|rule|Species Clause: Limit one of each Pokémon
|rule|OHKO Clause: OHKO moves are banned
|rule|Evasion Items Clause: Evasion items are banned
|rule|Evasion Moves Clause: Evasion moves are banned
|rule|Endless Battle Clause: Forcing endless battles is banned
|rule|HP Percentage Mod: HP is shown in percentages
|rule|Dynamax Clause: You cannot dynamax
|clearpoke
|poke|p1|Chansey, F|
|poke|p1|Quagsire, M|
|poke|p1|Zapdos|
|poke|p1|Corviknight, M|
|poke|p1|Toxapex, M|
|poke|p1|Victini|
|poke|p2|Corviknight, M|
|poke|p2|Clefable, M|
|poke|p2|Conkeldurr, M|
|poke|p2|Bronzong|
|poke|p2|Krookodile, M|
|poke|p2|Dragonite, F|
|teampreview
|j| Kwaga
|j| srtjdtyj
|inactive|Battle timer is ON: inactive players will automatically lose when time's up. (requested by ghecisbestvillain)
|
|t:|1662324327
|start
|switch|p1a: Toxapex|Toxapex, M|100/100
|switch|p2a: Krookodile|Krookodile, M|100/100
|turn|1
|
|t:|1662324344
|move|p2a: Krookodile|Knock Off|p1a: Toxapex
|-damage|p1a: Toxapex|73/100
|-damage|p2a: Krookodile|84/100|[from] item: Rocky Helmet|[of] p1a: Toxapex
|-enditem|p1a: Toxapex|Rocky Helmet|[from] move: Knock Off|[of] p2a: Krookodile
|move|p1a: Toxapex|Scald|p2a: Krookodile
|-supereffective|p2a: Krookodile
|-damage|p2a: Krookodile|44/100
|
|upkeep
|turn|2
|
|t:|1662324355
|switch|p2a: Clefable|Clefable, M|100/100
|move|p1a: Toxapex|Recover|p1a: Toxapex
|-heal|p1a: Toxapex|100/100
|
|upkeep
|turn|3
|
|t:|1662324361
|move|p2a: Clefable|Wish|p2a: Clefable
|move|p1a: Toxapex|Knock Off|p2a: Clefable
|-resisted|p2a: Clefable
|-damage|p2a: Clefable|94/100
|-enditem|p2a: Clefable|Leftovers|[from] move: Knock Off|[of] p1a: Toxapex
|
|upkeep
|turn|4
|
|t:|1662324368
|move|p1a: Toxapex|Scald|p2a: Clefable
|-damage|p2a: Clefable|79/100
|-status|p2a: Clefable|brn
|move|p2a: Clefable|Teleport|p2a: Clefable
|
|t:|1662324378
|switch|p2a: Krookodile|Krookodile, M|44/100|[from]move: Teleport
|
|-heal|p2a: Krookodile|100/100|[from] move: Wish|[wisher] Clefable
|upkeep
|turn|5
|
|t:|1662324382
|switch|p2a: Clefable|Clefable, M|79/100 brn
|move|p1a: Toxapex|Scald|p2a: Clefable
|-damage|p2a: Clefable|63/100 brn
|
|upkeep
|turn|6
|
|t:|1662324388
|switch|p1a: Victini|Victini|100/100
|move|p2a: Clefable|Wish|p2a: Clefable
|
|upkeep
|turn|7
|
|t:|1662324393
|move|p2a: Clefable|Protect|p2a: Clefable
|-singleturn|p2a: Clefable|Protect
|move|p1a: Victini|Power-Up Punch|p2a: Clefable
|-activate|p2a: Clefable|move: Protect
|
|-heal|p2a: Clefable|100/100 brn|[from] move: Wish|[wisher] Clefable
|upkeep
|turn|8
|
|t:|1662324405
|switch|p2a: Dragonite|Dragonite, F|100/100
|move|p1a: Victini|Power-Up Punch|p2a: Dragonite
|-resisted|p2a: Dragonite
|-damage|p2a: Dragonite|99/100
|-boost|p1a: Victini|atk|1
|
|upkeep
|turn|9
|
|t:|1662324413
|move|p1a: Victini|Bolt Strike|p2a: Dragonite
|-damage|p2a: Dragonite|65/100
|move|p2a: Dragonite|Earthquake|p1a: Victini
|-supereffective|p1a: Victini
|-damage|p1a: Victini|52/100
|
|upkeep
|turn|10
|
|t:|1662324419
|move|p1a: Victini|Bolt Strike|p2a: Dragonite
|-damage|p2a: Dragonite|33/100
|move|p2a: Dragonite|Roost|p2a: Dragonite
|-heal|p2a: Dragonite|83/100
|-singleturn|p2a: Dragonite|move: Roost
|
|upkeep
|turn|11
|
|t:|1662324430
|move|p1a: Victini|Bolt Strike|p2a: Dragonite
|-damage|p2a: Dragonite|49/100
|move|p2a: Dragonite|Roost|p2a: Dragonite
|-heal|p2a: Dragonite|99/100
|-singleturn|p2a: Dragonite|move: Roost
|
|upkeep
|turn|12
|
|t:|1662324439
|move|p1a: Victini|Power-Up Punch|p2a: Dragonite
|-resisted|p2a: Dragonite
|-damage|p2a: Dragonite|94/100
|-boost|p1a: Victini|atk|1
|move|p2a: Dragonite|Roost|p2a: Dragonite
|-heal|p2a: Dragonite|100/100
|-singleturn|p2a: Dragonite|move: Roost
|
|upkeep
|turn|13
|
|t:|1662324448
|move|p1a: Victini|Power-Up Punch|p2a: Dragonite
|-resisted|p2a: Dragonite
|-damage|p2a: Dragonite|97/100
|-boost|p1a: Victini|atk|1
|move|p2a: Dragonite|Earthquake|p1a: Victini
|-supereffective|p1a: Victini
|-damage|p1a: Victini|5/100
|
|upkeep
|turn|14
|j| ChristianIsHim
|
|t:|1662324456
|move|p1a: Victini|Rest|p1a: Victini
|-status|p1a: Victini|slp|[from] move: Rest
|-heal|p1a: Victini|100/100 slp|[silent]
|move|p2a: Dragonite|Earthquake|p1a: Victini
|-supereffective|p1a: Victini
|-damage|p1a: Victini|52/100 slp
|
|upkeep
|turn|15
|j| Rubiaa
|
|t:|1662324464
|switch|p1a: Chansey|Chansey, F|100/100
|move|p2a: Dragonite|Earthquake|p1a: Chansey
|-damage|p1a: Chansey|80/100
|
|upkeep
|turn|16
|
|t:|1662324469
|switch|p2a: Bronzong|Bronzong|100/100
|move|p1a: Chansey|Stealth Rock|p2a: Bronzong
|-sidestart|p2: dumpster dwelling|move: Stealth Rock
|
|upkeep
|turn|17
|
|t:|1662324474
|move|p1a: Chansey|Aromatherapy|p1a: Chansey
|-activate|p1a: Chansey|move: Aromatherapy
|-curestatus|p1: Victini|slp|[msg]
|move|p2a: Bronzong|Stealth Rock|p1a: Chansey
|-sidestart|p1: ghecisbestvillain|move: Stealth Rock
|
|upkeep
|turn|18
|
|t:|1662324484
|switch|p1a: Quagsire|Quagsire, M|100/100
|-damage|p1a: Quagsire|94/100|[from] Stealth Rock
|move|p2a: Bronzong|Future Sight|p1a: Quagsire
|-start|p2a: Bronzong|move: Future Sight
|
|-heal|p1a: Quagsire|100/100|[from] item: Leftovers
|upkeep
|turn|19
|
|t:|1662324491
|move|p1a: Quagsire|Scald|p2a: Bronzong
|-damage|p2a: Bronzong|86/100
|move|p2a: Bronzong|Toxic|p1a: Quagsire
|-status|p1a: Quagsire|tox
|
|-heal|p2a: Bronzong|92/100|[from] item: Leftovers
|-damage|p1a: Quagsire|94/100 tox|[from] psn
|upkeep
|turn|20
|j| gerotor
|
|t:|1662324499
|switch|p1a: Victini|Victini|52/100
|switch|p2a: Clefable|Clefable, M|100/100 brn
|
|-end|p1a: Victini|move: Future Sight
|-resisted|p1a: Victini
|-damage|p1a: Victini|41/100
|upkeep
|turn|21
|l| gerotor
|
|t:|1662324509
|switch|p2a: Dragonite|Dragonite, F|97/100
|move|p1a: Victini|Power-Up Punch|p2a: Dragonite
|-resisted|p2a: Dragonite
|-damage|p2a: Dragonite|94/100
|-boost|p1a: Victini|atk|1
|
|upkeep
|turn|22
|
|t:|1662324522
|switch|p1a: Zapdos|Zapdos|100/100
|-ability|p1a: Zapdos|Pressure
|move|p2a: Dragonite|Earthquake|p1a: Zapdos
|-immune|p1a: Zapdos
|
|upkeep
|turn|23
|
|t:|1662324530
|switch|p2a: Bronzong|Bronzong|92/100
|-damage|p2a: Bronzong|86/100|[from] Stealth Rock
|move|p1a: Zapdos|Toxic|p2a: Bronzong
|-immune|p2a: Bronzong
|
|-heal|p2a: Bronzong|92/100|[from] item: Leftovers
|upkeep
|turn|24
|
|t:|1662324551
|switch|p1a: Victini|Victini|41/100
|move|p2a: Bronzong|Toxic|p1a: Victini
|-status|p1a: Victini|tox
|
|-heal|p2a: Bronzong|98/100|[from] item: Leftovers
|-damage|p1a: Victini|35/100 tox|[from] psn
|upkeep
|turn|25
|
|t:|1662324563
|switch|p2a: Krookodile|Krookodile, M|100/100
|-damage|p2a: Krookodile|94/100|[from] Stealth Rock
|move|p1a: Victini|Rest|p1a: Victini
|-status|p1a: Victini|slp|[from] move: Rest
|-heal|p1a: Victini|100/100 slp|[silent]
|
|upkeep
|turn|26
|
|t:|1662324580
|switch|p1a: Corviknight|Corviknight, M|100/100
|-damage|p1a: Corviknight|88/100|[from] Stealth Rock
|-ability|p1a: Corviknight|Pressure
|move|p2a: Krookodile|Knock Off|p1a: Corviknight
|-damage|p1a: Corviknight|57/100
|-enditem|p1a: Corviknight|Leftovers|[from] move: Knock Off|[of] p2a: Krookodile
|
|upkeep
|turn|27
|
|t:|1662324589
|switch|p2a: Conkeldurr|Conkeldurr, M|100/100
|-damage|p2a: Conkeldurr|94/100|[from] Stealth Rock
|move|p1a: Corviknight|Roost|p1a: Corviknight
|-heal|p1a: Corviknight|100/100
|-singleturn|p1a: Corviknight|move: Roost
|
|upkeep
|turn|28
|
|t:|1662324597
|move|p2a: Conkeldurr|Thunder Punch|p1a: Corviknight
|-supereffective|p1a: Corviknight
|-damage|p1a: Corviknight|39/100
|move|p1a: Corviknight|Bulk Up|p1a: Corviknight
|-boost|p1a: Corviknight|atk|1
|-boost|p1a: Corviknight|def|1
|
|upkeep
|turn|29
|
|t:|1662324620
|switch|p1a: Quagsire|Quagsire, M|94/100 tox
|-damage|p1a: Quagsire|88/100 tox|[from] Stealth Rock
|move|p2a: Conkeldurr|Thunder Punch|p1a: Quagsire
|-immune|p1a: Quagsire
|
|-heal|p1a: Quagsire|94/100 tox|[from] item: Leftovers
|-damage|p1a: Quagsire|88/100 tox|[from] psn
|upkeep
|turn|30
|
|t:|1662324633
|switch|p2a: Clefable|Clefable, M|100/100 brn
|switch|p1a: Corviknight|Corviknight, M|39/100
|-damage|p1a: Corviknight|26/100|[from] Stealth Rock
|-ability|p1a: Corviknight|Pressure
|
|upkeep
|turn|31
|
|t:|1662324641
|move|p1a: Corviknight|Roost|p1a: Corviknight
|-heal|p1a: Corviknight|76/100
|-singleturn|p1a: Corviknight|move: Roost
|move|p2a: Clefable|Teleport|p2a: Clefable
|
|t:|1662324647
|switch|p2a: Corviknight|Corviknight, M|100/100|[from]move: Teleport
|-damage|p2a: Corviknight|88/100|[from] Stealth Rock
|-ability|p2a: Corviknight|Pressure
|
|-heal|p2a: Corviknight|94/100|[from] item: Leftovers
|upkeep
|turn|32
|
|t:|1662324654
|move|p1a: Corviknight|Defog|p2a: Corviknight
|-unboost|p2a: Corviknight|evasion|1
|-sideend|p2: dumpster dwelling|Stealth Rock|[from] move: Defog|[of] p1a: Corviknight
|-sideend|p1: ghecisbestvillain|Stealth Rock|[from] move: Defog|[of] p1a: Corviknight
|move|p2a: Corviknight|Substitute|p2a: Corviknight
|-start|p2a: Corviknight|Substitute
|-damage|p2a: Corviknight|69/100
|
|-heal|p2a: Corviknight|75/100|[from] item: Leftovers
|upkeep
|turn|33
|
|t:|1662324663
|switch|p1a: Toxapex|Toxapex, M|100/100
|move|p2a: Corviknight|Bulk Up|p2a: Corviknight
|-boost|p2a: Corviknight|atk|1
|-boost|p2a: Corviknight|def|1
|
|-heal|p2a: Corviknight|82/100|[from] item: Leftovers
|upkeep
|turn|34
|
|t:|1662324675
|move|p2a: Corviknight|Bulk Up|p2a: Corviknight
|-boost|p2a: Corviknight|atk|1
|-boost|p2a: Corviknight|def|1
|move|p1a: Toxapex|Haze|p1a: Toxapex
|-clearallboost
|
|-heal|p2a: Corviknight|88/100|[from] item: Leftovers
|upkeep
|turn|35
|
|t:|1662324683
|switch|p1a: Chansey|Chansey, F|80/100
|move|p2a: Corviknight|Spite||[still]
|-fail|p2a: Corviknight
|
|-heal|p2a: Corviknight|94/100|[from] item: Leftovers
|upkeep
|turn|36
|
|t:|1662324692
|switch|p2a: Bronzong|Bronzong|98/100
|switch|p1a: Toxapex|Toxapex, M|100/100
|
|-heal|p2a: Bronzong|100/100|[from] item: Leftovers
|upkeep
|turn|37
|j| qxfn143
|l| qxfn143
|
|t:|1662324716
|switch|p2a: Clefable|Clefable, M|100/100 brn
|move|p1a: Toxapex|Knock Off|p2a: Clefable
|-resisted|p2a: Clefable
|-damage|p2a: Clefable|97/100 brn
|
|upkeep
|turn|38
|j| qxfn143
|
|t:|1662324727
|switch|p1a: Chansey|Chansey, F|80/100
|move|p2a: Clefable|Teleport|p2a: Clefable
|
|t:|1662324740
|switch|p2a: Conkeldurr|Conkeldurr, M|94/100|[from]move: Teleport
|
|upkeep
|turn|39
|
|t:|1662324744
|switch|p1a: Toxapex|Toxapex, M|100/100
|move|p2a: Conkeldurr|Ice Punch|p1a: Toxapex
|-resisted|p1a: Toxapex
|-damage|p1a: Toxapex|86/100
|
|upkeep
|turn|40
|
|t:|1662324752
|switch|p1a: Chansey|Chansey, F|80/100
|move|p2a: Conkeldurr|Ice Punch|p1a: Chansey
|-damage|p1a: Chansey|42/100
|
|upkeep
|turn|41
|
|t:|1662324766
|move|p2a: Conkeldurr|Drain Punch|p1a: Chansey
|-supereffective|p1a: Chansey
|-damage|p1a: Chansey|0 fnt
|-heal|p2a: Conkeldurr|100/100|[from] drain|[of] p1a: Chansey
|faint|p1a: Chansey
|-damage|p2a: Conkeldurr|91/100|[from] item: Life Orb
|
|upkeep
|
|t:|1662324778
|switch|p1a: Victini|Victini|100/100 slp
|turn|42
|l| qxfn143
|l| ChristianIsHim
|
|t:|1662324802
|switch|p2a: Krookodile|Krookodile, M|94/100
|cant|p1a: Victini|slp
|
|upkeep
|turn|43
|
|t:|1662324828
|switch|p2a: Conkeldurr|Conkeldurr, M|91/100
|switch|p1a: Zapdos|Zapdos|100/100
|-ability|p1a: Zapdos|Pressure
|
|upkeep
|turn|44
|
|t:|1662324836
|switch|p2a: Bronzong|Bronzong|100/100
|move|p1a: Zapdos|Toxic|p2a: Bronzong
|-immune|p2a: Bronzong
|
|upkeep
|turn|45
|
|t:|1662324842
|move|p1a: Zapdos|Heat Wave|p2a: Bronzong
|-supereffective|p2a: Bronzong
|-damage|p2a: Bronzong|64/100
|move|p2a: Bronzong|Stealth Rock|p1a: Zapdos
|-sidestart|p1: ghecisbestvillain|move: Stealth Rock
|
|-heal|p2a: Bronzong|70/100|[from] item: Leftovers
|upkeep
|turn|46
|
|t:|1662324848
|move|p1a: Zapdos|Heat Wave|p2a: Bronzong
|-supereffective|p2a: Bronzong
|-damage|p2a: Bronzong|32/100
|move|p2a: Bronzong|Toxic|p1a: Zapdos|[miss]
|-miss|p2a: Bronzong|p1a: Zapdos
|
|-heal|p2a: Bronzong|38/100|[from] item: Leftovers
|upkeep
|turn|47
|
|t:|1662324855
|switch|p2a: Clefable|Clefable, M|97/100 brn
|move|p1a: Zapdos|Heat Wave|p2a: Clefable
|-damage|p2a: Clefable|72/100 brn
|
|upkeep
|turn|48
|j| Me Mamasita
|
|t:|1662324865
|switch|p1a: Corviknight|Corviknight, M|76/100
|-damage|p1a: Corviknight|64/100|[from] Stealth Rock
|-ability|p1a: Corviknight|Pressure
|move|p2a: Clefable|Wish|p2a: Clefable
|
|upkeep
|turn|49
|
|t:|1662324873
|switch|p2a: Bronzong|Bronzong|38/100
|move|p1a: Corviknight|Bulk Up|p1a: Corviknight
|-boost|p1a: Corviknight|atk|1
|-boost|p1a: Corviknight|def|1
|
|-heal|p2a: Bronzong|97/100|[from] move: Wish|[wisher] Clefable
|-heal|p2a: Bronzong|100/100|[from] item: Leftovers
|upkeep
|turn|50
|
|t:|1662324882
|switch|p2a: Corviknight|Corviknight, M|94/100
|-ability|p2a: Corviknight|Pressure
|move|p1a: Corviknight|Bulk Up|p1a: Corviknight
|-boost|p1a: Corviknight|atk|1
|-boost|p1a: Corviknight|def|1
|
|-heal|p2a: Corviknight|100/100|[from] item: Leftovers
|upkeep
|turn|51
|
|t:|1662324891
|move|p1a: Corviknight|Defog|p2a: Corviknight
|-unboost|p2a: Corviknight|evasion|1
|-sideend|p1: ghecisbestvillain|Stealth Rock|[from] move: Defog|[of] p1a: Corviknight
|move|p2a: Corviknight|Bulk Up|p2a: Corviknight
|-boost|p2a: Corviknight|atk|1
|-boost|p2a: Corviknight|def|1
|
|upkeep
|turn|52
|
|t:|1662324898
|switch|p1a: Victini|Victini|100/100 slp
|move|p2a: Corviknight|Bulk Up|p2a: Corviknight
|-boost|p2a: Corviknight|atk|1
|-boost|p2a: Corviknight|def|1
|
|upkeep
|turn|53
|
|t:|1662324906
|switch|p1a: Toxapex|Toxapex, M|100/100
|move|p2a: Corviknight|Brave Bird|p1a: Toxapex
|-damage|p1a: Toxapex|53/100
|-damage|p2a: Corviknight|88/100|[from] Recoil
|
|-heal|p2a: Corviknight|95/100|[from] item: Leftovers
|upkeep
|turn|54
|
|t:|1662324914
|move|p2a: Corviknight|Brave Bird|p1a: Toxapex
|-damage|p1a: Toxapex|9/100
|-damage|p2a: Corviknight|84/100|[from] Recoil
|move|p1a: Toxapex|Haze|p1a: Toxapex
|-clearallboost
|
|-heal|p2a: Corviknight|90/100|[from] item: Leftovers
|upkeep
|turn|55
|
|t:|1662324922
|switch|p2a: Bronzong|Bronzong|100/100
|switch|p1a: Victini|Victini|100/100 slp
|
|upkeep
|turn|56
|
|t:|1662324927
|switch|p1a: Toxapex|Toxapex, M|42/100
|move|p2a: Bronzong|Stealth Rock|p1a: Toxapex
|-sidestart|p1: ghecisbestvillain|move: Stealth Rock
|
|upkeep
|turn|57
|
|t:|1662324934
|switch|p1a: Victini|Victini|100/100 slp
|switch|p2a: Clefable|Clefable, M|72/100 brn
|
|upkeep
|turn|58
|
|t:|1662324943
|switch|p2a: Krookodile|Krookodile, M|94/100
|cant|p1a: Victini|slp
|
|upkeep
|turn|59
|
|t:|1662324953
|switch|p1a: Corviknight|Corviknight, M|64/100
|-damage|p1a: Corviknight|51/100|[from] Stealth Rock
|-ability|p1a: Corviknight|Pressure
|move|p2a: Krookodile|Knock Off|p1a: Corviknight
|-damage|p1a: Corviknight|34/100
|
|upkeep
|turn|60
|
|t:|1662324962
|switch|p2a: Conkeldurr|Conkeldurr, M|91/100
|move|p1a: Corviknight|Roost|p1a: Corviknight
|-heal|p1a: Corviknight|84/100
|-singleturn|p1a: Corviknight|move: Roost
|
|upkeep
|turn|61
|
|t:|1662324969
|move|p2a: Conkeldurr|Ice Punch|p1a: Corviknight
|-damage|p1a: Corviknight|51/100
|move|p1a: Corviknight|Brave Bird|p2a: Conkeldurr
|-supereffective|p2a: Conkeldurr
|-damage|p2a: Conkeldurr|25/100
|-damage|p1a: Corviknight|31/100|[from] Recoil
|
|upkeep
|turn|62
|
|t:|1662324979
|switch|p1a: Quagsire|Quagsire, M|88/100 tox
|-damage|p1a: Quagsire|82/100 tox|[from] Stealth Rock
|move|p2a: Conkeldurr|Ice Punch|p1a: Quagsire
|-damage|p1a: Quagsire|47/100 tox
|
|-heal|p1a: Quagsire|53/100 tox|[from] item: Leftovers
|-damage|p1a: Quagsire|47/100 tox|[from] psn
|upkeep
|turn|63
|
|t:|1662324988
|switch|p1a: Zapdos|Zapdos|100/100
|-ability|p1a: Zapdos|Pressure
|move|p2a: Conkeldurr|Drain Punch|p1a: Zapdos
|-resisted|p1a: Zapdos
|-damage|p1a: Zapdos|70/100
|-heal|p2a: Conkeldurr|42/100|[from] drain|[of] p1a: Zapdos
|-damage|p2a: Conkeldurr|32/100|[from] item: Life Orb
|
|upkeep
|turn|64
|
|t:|1662325000
|switch|p1a: Corviknight|Corviknight, M|31/100
|-damage|p1a: Corviknight|19/100|[from] Stealth Rock
|-ability|p1a: Corviknight|Pressure
|switch|p2a: Bronzong|Bronzong|100/100
|
|upkeep
|turn|65
|
|t:|1662325008
|move|p1a: Corviknight|Roost|p1a: Corviknight
|-heal|p1a: Corviknight|69/100
|-singleturn|p1a: Corviknight|move: Roost
|move|p2a: Bronzong|Body Press|p1a: Corviknight
|-supereffective|p1a: Corviknight
|-damage|p1a: Corviknight|38/100
|
|upkeep
|turn|66
|j| baptee
|
|t:|1662325015
|switch|p2a: Clefable|Clefable, M|72/100 brn
|move|p1a: Corviknight|Roost|p1a: Corviknight
|-heal|p1a: Corviknight|88/100
|-singleturn|p1a: Corviknight|move: Roost
|
|upkeep
|turn|67
|j| Irene Belserion
|
|t:|1662325022
|move|p1a: Corviknight|Defog|p2a: Clefable
|-unboost|p2a: Clefable|evasion|1
|-sideend|p1: ghecisbestvillain|Stealth Rock|[from] move: Defog|[of] p1a: Corviknight
|move|p2a: Clefable|Wish|p2a: Clefable
|
|upkeep
|turn|68
|l| baptee
|
|t:|1662325030
|switch|p1a: Victini|Victini|100/100 slp
|move|p2a: Clefable|Teleport|p2a: Clefable
|
|t:|1662325033
|switch|p2a: Conkeldurr|Conkeldurr, M|32/100|[from]move: Teleport
|
|-heal|p2a: Conkeldurr|85/100|[from] move: Wish|[wisher] Clefable
|upkeep
|turn|69
|
|t:|1662325040
|switch|p1a: Zapdos|Zapdos|70/100
|-ability|p1a: Zapdos|Pressure
|switch|p2a: Dragonite|Dragonite, F|94/100
|
|upkeep
|turn|70
|
|t:|1662325048
|switch|p2a: Clefable|Clefable, M|72/100 brn
|move|p1a: Zapdos|Toxic|p2a: Clefable|[miss]
|-miss|p1a: Zapdos|p2a: Clefable
|
|upkeep
|turn|71
|
|t:|1662325054
|switch|p1a: Victini|Victini|100/100 slp
|move|p2a: Clefable|Wish|p2a: Clefable
|
|upkeep
|turn|72
|
|t:|1662325067
|move|p2a: Clefable|Protect|p2a: Clefable
|-singleturn|p2a: Clefable|Protect
|-curestatus|p1a: Victini|slp|[msg]
|move|p1a: Victini|Power-Up Punch|p2a: Clefable
|-activate|p2a: Clefable|move: Protect
|
|-heal|p2a: Clefable|100/100 brn|[from] move: Wish|[wisher] Clefable
|upkeep
|turn|73
|l| Me Mamasita
|inactive|ghecisbestvillain has 120 seconds left.
|
|t:|1662325108
|switch|p2a: Dragonite|Dragonite, F|94/100
|move|p1a: Victini|Power-Up Punch|p2a: Dragonite
|-resisted|p2a: Dragonite
|-damage|p2a: Dragonite|90/100
|-boost|p1a: Victini|atk|1
|
|upkeep
|turn|74
|
|t:|1662325120
|switch|p1a: Corviknight|Corviknight, M|88/100
|-ability|p1a: Corviknight|Pressure
|move|p2a: Dragonite|Roost|p2a: Dragonite
|-heal|p2a: Dragonite|100/100
|-singleturn|p2a: Dragonite|move: Roost
|
|upkeep
|turn|75
|j| Partynparadise
|
|t:|1662325135
|switch|p2a: Corviknight|Corviknight, M|90/100
|-ability|p2a: Corviknight|Pressure
|switch|p1a: Victini|Victini|100/100
|
|-heal|p2a: Corviknight|96/100|[from] item: Leftovers
|upkeep
|turn|76
|j| Quagshi
|inactive|ghecisbestvillain has 120 seconds left.
|l| Quagshi
|inactive|ghecisbestvillain has 90 seconds left.
|c|☆dumpster dwelling|rubi you still watchin?
|
|t:|1662325195
|switch|p2a: Dragonite|Dragonite, F|100/100
|move|p1a: Victini|Power-Up Punch|p2a: Dragonite
|-resisted|p2a: Dragonite
|-damage|p2a: Dragonite|99/100
|-boost|p1a: Victini|atk|1
|
|upkeep
|turn|77
|
|t:|1662325203
|switch|p1a: Corviknight|Corviknight, M|88/100
|-ability|p1a: Corviknight|Pressure
|move|p2a: Dragonite|Earthquake|p1a: Corviknight
|-immune|p1a: Corviknight
|
|upkeep
|turn|78
|
|t:|1662325210
|move|p2a: Dragonite|Ice Beam|p1a: Corviknight
|-damage|p1a: Corviknight|70/100
|move|p1a: Corviknight|Bulk Up|p1a: Corviknight
|-boost|p1a: Corviknight|atk|1
|-boost|p1a: Corviknight|def|1
|
|upkeep
|turn|79
|
|t:|1662325220
|switch|p2a: Corviknight|Corviknight, M|96/100
|-ability|p2a: Corviknight|Pressure
|switch|p1a: Victini|Victini|100/100
|
|-heal|p2a: Corviknight|100/100|[from] item: Leftovers
|upkeep
|turn|80
|
|t:|1662325230
|switch|p2a: Dragonite|Dragonite, F|99/100
|move|p1a: Victini|Power-Up Punch|p2a: Dragonite
|-resisted|p2a: Dragonite
|-damage|p2a: Dragonite|95/100
|-boost|p1a: Victini|atk|1
|
|upkeep
|turn|81
|inactive|ghecisbestvillain has 90 seconds left.
|
|t:|1662325244
|switch|p1a: Corviknight|Corviknight, M|70/100
|-ability|p1a: Corviknight|Pressure
|switch|p2a: Krookodile|Krookodile, M|94/100
|
|upkeep
|turn|82
|
|t:|1662325252
|switch|p2a: Corviknight|Corviknight, M|100/100
|-ability|p2a: Corviknight|Pressure
|move|p1a: Corviknight|Brave Bird|p2a: Corviknight
|-resisted|p2a: Corviknight
|-damage|p2a: Corviknight|84/100
|-damage|p1a: Corviknight|65/100|[from] Recoil
|
|-heal|p2a: Corviknight|91/100|[from] item: Leftovers
|upkeep
|turn|83
|
|t:|1662325262
|switch|p2a: Krookodile|Krookodile, M|94/100
|move|p1a: Corviknight|Roost|p1a: Corviknight
|-heal|p1a: Corviknight|100/100
|-singleturn|p1a: Corviknight|move: Roost
|
|upkeep
|turn|84
|
|t:|1662325269
|switch|p2a: Clefable|Clefable, M|100/100 brn
|move|p1a: Corviknight|Bulk Up|p1a: Corviknight
|-boost|p1a: Corviknight|atk|1
|-boost|p1a: Corviknight|def|1
|
|upkeep
|turn|85
|
|t:|1662325284
|switch|p1a: Victini|Victini|100/100
|switch|p2a: Corviknight|Corviknight, M|91/100
|-ability|p2a: Corviknight|Pressure
|
|-heal|p2a: Corviknight|97/100|[from] item: Leftovers
|upkeep
|turn|86
|inactive|ghecisbestvillain has 90 seconds left.
|
|t:|1662325319
|switch|p2a: Dragonite|Dragonite, F|95/100
|move|p1a: Victini|Power-Up Punch|p2a: Dragonite
|-resisted|p2a: Dragonite
|-damage|p2a: Dragonite|92/100
|-boost|p1a: Victini|atk|1
|
|upkeep
|turn|87
|inactive|ghecisbestvillain has 90 seconds left.
|inactive|dumpster dwelling has 120 seconds left.
|
|t:|1662325337
|switch|p2a: Krookodile|Krookodile, M|94/100
|move|p1a: Victini|Power-Up Punch|p2a: Krookodile
|-supereffective|p2a: Krookodile
|-damage|p2a: Krookodile|61/100
|-boost|p1a: Victini|atk|1
|
|upkeep
|turn|88
|
|t:|1662325345
|switch|p2a: Conkeldurr|Conkeldurr, M|85/100
|move|p1a: Victini|V-create|p2a: Conkeldurr
|-damage|p2a: Conkeldurr|0 fnt
|-unboost|p1a: Victini|spe|1
|-unboost|p1a: Victini|def|1
|-unboost|p1a: Victini|spd|1
|faint|p2a: Conkeldurr
|
|upkeep
|inactive|dumpster dwelling has 120 seconds left.
|
|t:|1662325360
|switch|p2a: Krookodile|Krookodile, M|61/100
|turn|89
|
|t:|1662325364
|switch|p1a: Corviknight|Corviknight, M|100/100
|-ability|p1a: Corviknight|Pressure
|move|p2a: Krookodile|Knock Off|p1a: Corviknight
|-damage|p1a: Corviknight|82/100
|
|upkeep
|turn|90
|
|t:|1662325381
|switch|p2a: Bronzong|Bronzong|100/100
|move|p1a: Corviknight|Bulk Up|p1a: Corviknight
|-boost|p1a: Corviknight|atk|1
|-boost|p1a: Corviknight|def|1
|
|upkeep
|turn|91
|inactive|ghecisbestvillain has 120 seconds left.
|
|t:|1662325399
|move|p1a: Corviknight|Bulk Up|p1a: Corviknight
|-boost|p1a: Corviknight|atk|1
|-boost|p1a: Corviknight|def|1
|move|p2a: Bronzong|Stealth Rock|p1a: Corviknight
|-sidestart|p1: ghecisbestvillain|move: Stealth Rock
|
|upkeep
|turn|92
|
|t:|1662325405
|switch|p2a: Corviknight|Corviknight, M|97/100
|-ability|p2a: Corviknight|Pressure
|move|p1a: Corviknight|Defog|p2a: Corviknight
|-unboost|p2a: Corviknight|evasion|1
|-sideend|p1: ghecisbestvillain|Stealth Rock|[from] move: Defog|[of] p1a: Corviknight
|
|-heal|p2a: Corviknight|100/100|[from] item: Leftovers
|upkeep
|turn|93
|inactive|ghecisbestvillain has 120 seconds left.
|
|t:|1662325415
|switch|p1a: Toxapex|Toxapex, M|76/100
|move|p2a: Corviknight|Substitute|p2a: Corviknight
|-start|p2a: Corviknight|Substitute
|-damage|p2a: Corviknight|75/100
|
|-heal|p2a: Corviknight|82/100|[from] item: Leftovers
|upkeep
|turn|94
|inactive|ghecisbestvillain has 120 seconds left.
|
|t:|1662325422
|switch|p1a: Zapdos|Zapdos|70/100
|-ability|p1a: Zapdos|Pressure
|move|p2a: Corviknight|Bulk Up|p2a: Corviknight
|-boost|p2a: Corviknight|atk|1
|-boost|p2a: Corviknight|def|1
|
|-heal|p2a: Corviknight|88/100|[from] item: Leftovers
|upkeep
|turn|95
|inactive|ghecisbestvillain has 120 seconds left.
|
|t:|1662325432
|switch|p1a: Toxapex|Toxapex, M|100/100
|move|p2a: Corviknight|Spite||[still]
|-fail|p2a: Corviknight
|
|-heal|p2a: Corviknight|94/100|[from] item: Leftovers
|upkeep
|turn|96
|inactive|ghecisbestvillain has 120 seconds left.
|
|t:|1662325439
|switch|p1a: Zapdos|Zapdos|70/100
|-ability|p1a: Zapdos|Pressure
|move|p2a: Corviknight|Brave Bird|p1a: Zapdos
|-resisted|p1a: Zapdos
|-damage|p1a: Zapdos|44/100
|-damage|p2a: Corviknight|86/100|[from] Recoil
|
|-heal|p2a: Corviknight|92/100|[from] item: Leftovers
|upkeep
|turn|97
|inactive|ghecisbestvillain has 120 seconds left.
|
|t:|1662325450
|switch|p1a: Toxapex|Toxapex, M|100/100
|move|p2a: Corviknight|Bulk Up|p2a: Corviknight
|-boost|p2a: Corviknight|atk|1
|-boost|p2a: Corviknight|def|1
|
|-heal|p2a: Corviknight|98/100|[from] item: Leftovers
|upkeep
|turn|98
|
|t:|1662325459
|move|p2a: Corviknight|Brave Bird|p1a: Toxapex
|-damage|p1a: Toxapex|60/100
|-damage|p2a: Corviknight|88/100|[from] Recoil
|move|p1a: Toxapex|Haze|p1a: Toxapex
|-clearallboost
|
|-heal|p2a: Corviknight|94/100|[from] item: Leftovers
|upkeep
|turn|99
|
|t:|1662325468
|switch|p1a: Quagsire|Quagsire, M|47/100 tox
|move|p2a: Corviknight|Bulk Up|p2a: Corviknight
|-boost|p2a: Corviknight|atk|1
|-boost|p2a: Corviknight|def|1
|
|-heal|p2a: Corviknight|100/100|[from] item: Leftovers
|-heal|p1a: Quagsire|53/100 tox|[from] item: Leftovers
|-damage|p1a: Quagsire|47/100 tox|[from] psn
|upkeep
|turn|100
|j| Me Mamasita
|
|t:|1662325478
|move|p2a: Corviknight|Bulk Up|p2a: Corviknight
|-boost|p2a: Corviknight|atk|1
|-boost|p2a: Corviknight|def|1
|move|p1a: Quagsire|Recover|p1a: Quagsire
|-heal|p1a: Quagsire|97/100 tox
|
|-heal|p1a: Quagsire|100/100 tox|[from] item: Leftovers
|-damage|p1a: Quagsire|88/100 tox|[from] psn
|upkeep
|turn|101
|l| Me Mamasita
|
|t:|1662325487
|switch|p1a: Toxapex|Toxapex, M|93/100
|move|p2a: Corviknight|Brave Bird|p1a: Toxapex
|-damage|p1a: Toxapex|49/100
|-damage|p2a: Corviknight|89/100|[from] Recoil
|
|-heal|p2a: Corviknight|95/100|[from] item: Leftovers
|upkeep
|turn|102
|
|t:|1662325495
|move|p2a: Corviknight|Brave Bird|p1a: Toxapex
|-damage|p1a: Toxapex|7/100
|-damage|p2a: Corviknight|85/100|[from] Recoil
|move|p1a: Toxapex|Haze|p1a: Toxapex
|-clearallboost
|
|-heal|p2a: Corviknight|91/100|[from] item: Leftovers
|upkeep
|turn|103
|
|t:|1662325504
|switch|p1a: Zapdos|Zapdos|44/100
|-ability|p1a: Zapdos|Pressure
|move|p2a: Corviknight|Bulk Up|p2a: Corviknight
|-boost|p2a: Corviknight|atk|1
|-boost|p2a: Corviknight|def|1
|
|-heal|p2a: Corviknight|97/100|[from] item: Leftovers
|upkeep
|turn|104
|
|t:|1662325513
|move|p1a: Zapdos|Roost|p1a: Zapdos
|-heal|p1a: Zapdos|94/100
|-singleturn|p1a: Zapdos|move: Roost
|move|p2a: Corviknight|Brave Bird|p1a: Zapdos
|-resisted|p1a: Zapdos
|-damage|p1a: Zapdos|66/100
|-damage|p2a: Corviknight|88/100|[from] Recoil
|
|-heal|p2a: Corviknight|95/100|[from] item: Leftovers
|upkeep
|turn|105
|
|t:|1662325523
|switch|p1a: Toxapex|Toxapex, M|40/100
|move|p2a: Corviknight|Bulk Up|p2a: Corviknight
|-boost|p2a: Corviknight|atk|1
|-boost|p2a: Corviknight|def|1
|
|-heal|p2a: Corviknight|100/100|[from] item: Leftovers
|upkeep
|turn|106
|
|t:|1662325531
|switch|p1a: Quagsire|Quagsire, M|88/100 tox
|move|p2a: Corviknight|Bulk Up|p2a: Corviknight
|-boost|p2a: Corviknight|atk|1
|-boost|p2a: Corviknight|def|1
|
|-heal|p1a: Quagsire|94/100 tox|[from] item: Leftovers
|-damage|p1a: Quagsire|88/100 tox|[from] psn
|upkeep
|turn|107
|
|t:|1662325541
|switch|p1a: Corviknight|Corviknight, M|82/100
|-ability|p1a: Corviknight|Pressure
|move|p2a: Corviknight|Bulk Up|p2a: Corviknight
|-boost|p2a: Corviknight|atk|1
|-boost|p2a: Corviknight|def|1
|
|upkeep
|turn|108
|
|t:|1662325549
|move|p1a: Corviknight|Bulk Up|p1a: Corviknight
|-boost|p1a: Corviknight|atk|1
|-boost|p1a: Corviknight|def|1
|move|p2a: Corviknight|Bulk Up|p2a: Corviknight
|-boost|p2a: Corviknight|atk|1
|-boost|p2a: Corviknight|def|1
|
|upkeep
|turn|109
|
|t:|1662325557
|move|p1a: Corviknight|Bulk Up|p1a: Corviknight
|-boost|p1a: Corviknight|atk|1
|-boost|p1a: Corviknight|def|1
|move|p2a: Corviknight|Bulk Up|p2a: Corviknight
|-boost|p2a: Corviknight|atk|1
|-boost|p2a: Corviknight|def|1
|
|upkeep
|turn|110
|
|t:|1662325569
|switch|p1a: Quagsire|Quagsire, M|88/100 tox
|move|p2a: Corviknight|Spite||[still]
|-fail|p2a: Corviknight
|
|-heal|p1a: Quagsire|94/100 tox|[from] item: Leftovers
|-damage|p1a: Quagsire|88/100 tox|[from] psn
|upkeep
|turn|111
|
|t:|1662325577
|switch|p1a: Corviknight|Corviknight, M|82/100
|-ability|p1a: Corviknight|Pressure
|move|p2a: Corviknight|Brave Bird|p1a: Corviknight
|-resisted|p1a: Corviknight
|-damage|p1a: Corviknight|41/100
|-damage|p2a: Corviknight|87/100|[from] Recoil
|
|-heal|p2a: Corviknight|93/100|[from] item: Leftovers
|upkeep
|turn|112
|
|t:|1662325587
|move|p1a: Corviknight|Roost|p1a: Corviknight
|-heal|p1a: Corviknight|91/100
|-singleturn|p1a: Corviknight|move: Roost
|move|p2a: Corviknight|Brave Bird|p1a: Corviknight
|-resisted|p1a: Corviknight
|-damage|p1a: Corviknight|46/100
|-damage|p2a: Corviknight|78/100|[from] Recoil
|
|-heal|p2a: Corviknight|85/100|[from] item: Leftovers
|upkeep
|turn|113
|j| Oh So Cynical
|
|t:|1662325600
|switch|p1a: Quagsire|Quagsire, M|88/100 tox
|move|p2a: Corviknight|Spite||[still]
|-fail|p2a: Corviknight
|
|-heal|p2a: Corviknight|91/100|[from] item: Leftovers
|-heal|p1a: Quagsire|94/100 tox|[from] item: Leftovers
|-damage|p1a: Quagsire|88/100 tox|[from] psn
|upkeep
|turn|114
|j| Brenik
|
|t:|1662325609
|move|p2a: Corviknight|Brave Bird|p1a: Quagsire
|-damage|p1a: Quagsire|63/100 tox
|-damage|p2a: Corviknight|83/100|[from] Recoil
|move|p1a: Quagsire|Scald|p2a: Corviknight
|-activate|p2a: Corviknight|move: Substitute|[damage]
|
|-heal|p2a: Corviknight|89/100|[from] item: Leftovers
|-heal|p1a: Quagsire|69/100 tox|[from] item: Leftovers
|-damage|p1a: Quagsire|57/100 tox|[from] psn
|upkeep
|turn|115
|inactive|ghecisbestvillain has 90 seconds left.
|
|t:|1662325623
|move|p2a: Corviknight|Spite|p1a: Quagsire
|-activate|p1a: Quagsire|move: Spite|Scald|4
|move|p1a: Quagsire|Scald|p2a: Corviknight
|-end|p2a: Corviknight|Substitute
|
|-heal|p2a: Corviknight|95/100|[from] item: Leftovers
|-heal|p1a: Quagsire|63/100 tox|[from] item: Leftovers
|-damage|p1a: Quagsire|45/100 tox|[from] psn
|upkeep
|turn|116
|c| Rubiaa|yall should maybe call a tie
|inactive|ghecisbestvillain has 90 seconds left.
|
|t:|1662325635
|switch|p1a: Toxapex|Toxapex, M|74/100
|move|p2a: Corviknight|Substitute|p2a: Corviknight
|-start|p2a: Corviknight|Substitute
|-damage|p2a: Corviknight|70/100
|
|-heal|p2a: Corviknight|76/100|[from] item: Leftovers
|upkeep
|turn|117
|
|t:|1662325645
|switch|p1a: Quagsire|Quagsire, M|45/100 tox
|move|p2a: Corviknight|Brave Bird|p1a: Quagsire
|-damage|p1a: Quagsire|17/100 tox
|-damage|p2a: Corviknight|67/100|[from] Recoil
|
|-heal|p2a: Corviknight|74/100|[from] item: Leftovers
|-heal|p1a: Quagsire|23/100 tox|[from] item: Leftovers
|-damage|p1a: Quagsire|17/100 tox|[from] psn
|upkeep
|turn|118
|
|t:|1662325659
|move|p2a: Corviknight|Brave Bird|p1a: Quagsire
|-damage|p1a: Quagsire|0 fnt
|faint|p1a: Quagsire
|-damage|p2a: Corviknight|68/100|[from] Recoil
|
|-heal|p2a: Corviknight|75/100|[from] item: Leftovers
|upkeep
|l| Oh So Cynical
|c| Rubiaa|nvm
|
|t:|1662325666
|switch|p1a: Zapdos|Zapdos|66/100
|-ability|p1a: Zapdos|Pressure
|turn|119
|
|t:|1662325680
|move|p1a: Zapdos|Roost|p1a: Zapdos
|-heal|p1a: Zapdos|100/100
|-singleturn|p1a: Zapdos|move: Roost
|move|p2a: Corviknight|Spite|p1a: Zapdos
|-activate|p1a: Zapdos|move: Spite|Roost|4
|
|-heal|p2a: Corviknight|81/100|[from] item: Leftovers
|upkeep
|turn|120
|
|t:|1662325690
|move|p1a: Zapdos|Discharge|p2a: Corviknight
|-supereffective|p2a: Corviknight
|-end|p2a: Corviknight|Substitute
|move|p2a: Corviknight|Brave Bird|p1a: Zapdos
|-resisted|p1a: Zapdos
|-damage|p1a: Zapdos|23/100
|-damage|p2a: Corviknight|57/100|[from] Recoil
|
|-heal|p2a: Corviknight|63/100|[from] item: Leftovers
|upkeep
|turn|121
|
|t:|1662325702
|move|p1a: Zapdos|Discharge|p2a: Corviknight
|-supereffective|p2a: Corviknight
|-damage|p2a: Corviknight|19/100
|move|p2a: Corviknight|Brave Bird|p1a: Zapdos
|-resisted|p1a: Zapdos
|-damage|p1a: Zapdos|0 fnt
|faint|p1a: Zapdos
|-damage|p2a: Corviknight|12/100|[from] Recoil
|
|-heal|p2a: Corviknight|18/100|[from] item: Leftovers
|upkeep
|
|t:|1662325712
|switch|p1a: Victini|Victini|100/100
|turn|122
|
|t:|1662325716
|switch|p2a: Dragonite|Dragonite, F|92/100
|move|p1a: Victini|V-create|p2a: Dragonite
|-resisted|p2a: Dragonite
|-damage|p2a: Dragonite|68/100
|-unboost|p1a: Victini|spe|1
|-unboost|p1a: Victini|def|1
|-unboost|p1a: Victini|spd|1
|
|upkeep
|turn|123
|
|t:|1662325725
|switch|p1a: Corviknight|Corviknight, M|46/100
|-ability|p1a: Corviknight|Pressure
|move|p2a: Dragonite|Roost|p2a: Dragonite
|-heal|p2a: Dragonite|100/100
|-singleturn|p2a: Dragonite|move: Roost
|
|upkeep
|turn|124
|
|t:|1662325733
|move|p2a: Dragonite|Ice Beam|p1a: Corviknight
|-damage|p1a: Corviknight|27/100
|move|p1a: Corviknight|Roost|p1a: Corviknight
|-heal|p1a: Corviknight|77/100
|-singleturn|p1a: Corviknight|move: Roost
|
|upkeep
|turn|125
|
|t:|1662325740
|switch|p2a: Clefable|Clefable, M|100/100 brn
|switch|p1a: Toxapex|Toxapex, M|100/100
|
|upkeep
|turn|126
|
|t:|1662325746
|switch|p1a: Victini|Victini|100/100
|move|p2a: Clefable|Wish|p2a: Clefable
|
|upkeep
|turn|127
|
|t:|1662325753
|move|p1a: Victini|Power-Up Punch|p2a: Clefable
|-resisted|p2a: Clefable
|-crit|p2a: Clefable
|-damage|p2a: Clefable|95/100 brn
|-boost|p1a: Victini|atk|1
|move|p2a: Clefable|Teleport|p2a: Clefable
|
|t:|1662325756
|switch|p2a: Corviknight|Corviknight, M|18/100|[from]move: Teleport
|-ability|p2a: Corviknight|Pressure
|
|-heal|p2a: Corviknight|67/100|[from] move: Wish|[wisher] Clefable
|-heal|p2a: Corviknight|73/100|[from] item: Leftovers
|upkeep
|turn|128
|inactive|ghecisbestvillain has 90 seconds left.
|j| BestChad
|
|t:|1662325765
|switch|p2a: Dragonite|Dragonite, F|100/100
|move|p1a: Victini|Power-Up Punch|p2a: Dragonite
|-resisted|p2a: Dragonite
|-damage|p2a: Dragonite|98/100
|-boost|p1a: Victini|atk|1
|
|upkeep
|turn|129
|inactive|ghecisbestvillain has 90 seconds left.
|
|t:|1662325789
|move|p1a: Victini|Bolt Strike|p2a: Dragonite
|-damage|p2a: Dragonite|55/100
|-status|p2a: Dragonite|par
|move|p2a: Dragonite|Ice Beam|p1a: Victini
|-resisted|p1a: Victini
|-damage|p1a: Victini|94/100
|
|upkeep
|turn|130
|inactive|ghecisbestvillain has 90 seconds left.
|
|t:|1662325796
|move|p1a: Victini|Power-Up Punch|p2a: Dragonite
|-resisted|p2a: Dragonite
|-damage|p2a: Dragonite|48/100 par
|-boost|p1a: Victini|atk|1
|move|p2a: Dragonite|Roost|p2a: Dragonite
|-heal|p2a: Dragonite|98/100 par
|-singleturn|p2a: Dragonite|move: Roost
|
|upkeep
|turn|131
|inactive|ghecisbestvillain has 90 seconds left.
|
|t:|1662325805
|move|p1a: Victini|Power-Up Punch|p2a: Dragonite
|-resisted|p2a: Dragonite
|-damage|p2a: Dragonite|90/100 par
|-boost|p1a: Victini|atk|1
|move|p2a: Dragonite|Earthquake|p1a: Victini
|-supereffective|p1a: Victini
|-damage|p1a: Victini|42/100
|
|upkeep
|turn|132
|inactive|ghecisbestvillain has 90 seconds left.
|
|t:|1662325813
|move|p1a: Victini|Bolt Strike|p2a: Dragonite
|-damage|p2a: Dragonite|18/100 par
|cant|p2a: Dragonite|par
|
|upkeep
|turn|133
|inactive|ghecisbestvillain has 90 seconds left.
|inactive|dumpster dwelling has 120 seconds left.
|
|t:|1662325842
|move|p1a: Victini|V-create|p2a: Dragonite
|-resisted|p2a: Dragonite
|-damage|p2a: Dragonite|0 fnt
|-unboost|p1a: Victini|spe|1
|-unboost|p1a: Victini|def|1
|-unboost|p1a: Victini|spd|1
|faint|p2a: Dragonite
|
|upkeep
|
|t:|1662325851
|switch|p2a: Krookodile|Krookodile, M|61/100
|turn|134
|
|t:|1662325857
|switch|p2a: Bronzong|Bronzong|100/100
|switch|p1a: Corviknight|Corviknight, M|77/100
|-ability|p1a: Corviknight|Pressure
|
|upkeep
|turn|135
|
|t:|1662325864
|switch|p1a: Victini|Victini|42/100
|move|p2a: Bronzong|Stealth Rock|p1a: Victini
|-sidestart|p1: ghecisbestvillain|move: Stealth Rock
|
|upkeep
|turn|136
|inactive|dumpster dwelling has 120 seconds left.
|
|t:|1662325873
|move|p1a: Victini|Rest|p1a: Victini
|-status|p1a: Victini|slp|[from] move: Rest
|-heal|p1a: Victini|100/100 slp|[silent]
|move|p2a: Bronzong|Toxic||[still]
|-fail|p2a: Bronzong
|
|upkeep
|turn|137
|inactive|dumpster dwelling has 120 seconds left.
|
|t:|1662325880
|switch|p1a: Corviknight|Corviknight, M|77/100
|-damage|p1a: Corviknight|65/100|[from] Stealth Rock
|-ability|p1a: Corviknight|Pressure
|switch|p2a: Krookodile|Krookodile, M|61/100
|
|upkeep
|turn|138
|inactive|dumpster dwelling has 120 seconds left.
|
|t:|1662325911
|switch|p2a: Corviknight|Corviknight, M|73/100
|-ability|p2a: Corviknight|Pressure
|move|p1a: Corviknight|Bulk Up|p1a: Corviknight
|-boost|p1a: Corviknight|atk|1
|-boost|p1a: Corviknight|def|1
|
|-heal|p2a: Corviknight|80/100|[from] item: Leftovers
|upkeep
|turn|139
|inactive|dumpster dwelling has 90 seconds left.
|
|t:|1662325922
|move|p1a: Corviknight|Defog|p2a: Corviknight
|-unboost|p2a: Corviknight|evasion|1
|-sideend|p1: ghecisbestvillain|Stealth Rock|[from] move: Defog|[of] p1a: Corviknight
|move|p2a: Corviknight|Bulk Up|p2a: Corviknight
|-boost|p2a: Corviknight|atk|1
|-boost|p2a: Corviknight|def|1
|
|-heal|p2a: Corviknight|86/100|[from] item: Leftovers
|upkeep
|turn|140
|inactive|dumpster dwelling has 90 seconds left.
|
|t:|1662325931
|switch|p1a: Toxapex|Toxapex, M|100/100
|move|p2a: Corviknight|Bulk Up|p2a: Corviknight
|-boost|p2a: Corviknight|atk|1
|-boost|p2a: Corviknight|def|1
|
|-heal|p2a: Corviknight|92/100|[from] item: Leftovers
|upkeep
|turn|141
|inactive|dumpster dwelling has 90 seconds left.
|
|t:|1662325940
|move|p2a: Corviknight|Substitute|p2a: Corviknight
|-start|p2a: Corviknight|Substitute
|-damage|p2a: Corviknight|67/100
|move|p1a: Toxapex|Haze|p1a: Toxapex
|-clearallboost
|
|-heal|p2a: Corviknight|73/100|[from] item: Leftovers
|upkeep
|turn|142
|
|t:|1662325949
|switch|p1a: Corviknight|Corviknight, M|65/100
|-ability|p1a: Corviknight|Pressure
|move|p2a: Corviknight|Bulk Up|p2a: Corviknight
|-boost|p2a: Corviknight|atk|1
|-boost|p2a: Corviknight|def|1
|
|-heal|p2a: Corviknight|80/100|[from] item: Leftovers
|upkeep
|turn|143
|
|t:|1662325957
|switch|p1a: Toxapex|Toxapex, M|100/100
|move|p2a: Corviknight|Bulk Up|p2a: Corviknight
|-boost|p2a: Corviknight|atk|1
|-boost|p2a: Corviknight|def|1
|
|-heal|p2a: Corviknight|86/100|[from] item: Leftovers
|upkeep
|turn|144
|inactive|dumpster dwelling has 90 seconds left.
|
|t:|1662325968
|move|p2a: Corviknight|Brave Bird|p1a: Toxapex
|-damage|p1a: Toxapex|58/100
|-damage|p2a: Corviknight|75/100|[from] Recoil
|move|p1a: Toxapex|Haze|p1a: Toxapex
|-clearallboost
|
|-heal|p2a: Corviknight|81/100|[from] item: Leftovers
|upkeep
|turn|145
|inactive|dumpster dwelling has 90 seconds left.
|
|t:|1662325977
|switch|p1a: Corviknight|Corviknight, M|65/100
|-ability|p1a: Corviknight|Pressure
|move|p2a: Corviknight|Bulk Up|p2a: Corviknight
|-boost|p2a: Corviknight|atk|1
|-boost|p2a: Corviknight|def|1
|
|-heal|p2a: Corviknight|88/100|[from] item: Leftovers
|upkeep
|turn|146
|
|t:|1662325986
|switch|p1a: Toxapex|Toxapex, M|91/100
|move|p2a: Corviknight|Bulk Up|p2a: Corviknight
|-boost|p2a: Corviknight|atk|1
|-boost|p2a: Corviknight|def|1
|
|-heal|p2a: Corviknight|94/100|[from] item: Leftovers
|upkeep
|turn|147
|
|t:|1662325993
|move|p2a: Corviknight|Brave Bird|p1a: Toxapex
|-damage|p1a: Toxapex|50/100
|-damage|p2a: Corviknight|84/100|[from] Recoil
|move|p1a: Toxapex|Haze|p1a: Toxapex
|-clearallboost
|
|-heal|p2a: Corviknight|90/100|[from] item: Leftovers
|upkeep
|turn|148
|inactive|dumpster dwelling has 90 seconds left.
|
|t:|1662326014
|switch|p2a: Bronzong|Bronzong|100/100
|switch|p1a: Corviknight|Corviknight, M|65/100
|-ability|p1a: Corviknight|Pressure
|
|upkeep
|turn|149
|
|t:|1662326021
|switch|p1a: Victini|Victini|100/100 slp
|move|p2a: Bronzong|Stealth Rock|p1a: Victini
|-sidestart|p1: ghecisbestvillain|move: Stealth Rock
|
|upkeep
|turn|150
|
|t:|1662326027
|cant|p1a: Victini|slp
|move|p2a: Bronzong|Future Sight|p1a: Victini
|-start|p2a: Bronzong|move: Future Sight
|
|upkeep
|turn|151
|
|t:|1662326030
|switch|p1a: Corviknight|Corviknight, M|65/100
|-damage|p1a: Corviknight|52/100|[from] Stealth Rock
|-ability|p1a: Corviknight|Pressure
|switch|p2a: Krookodile|Krookodile, M|61/100
|
|upkeep
|turn|152
|inactive|dumpster dwelling has 90 seconds left.
|
|t:|1662326050
|switch|p2a: Bronzong|Bronzong|100/100
|move|p1a: Corviknight|Roost|p1a: Corviknight
|-heal|p1a: Corviknight|100/100
|-singleturn|p1a: Corviknight|move: Roost
|
|-end|p1a: Corviknight|move: Future Sight
|-resisted|p1a: Corviknight
|-damage|p1a: Corviknight|83/100
|upkeep
|turn|153
|
|t:|1662326059
|move|p1a: Corviknight|Defog|p2a: Bronzong
|-unboost|p2a: Bronzong|evasion|1
|-sideend|p1: ghecisbestvillain|Stealth Rock|[from] move: Defog|[of] p1a: Corviknight
|move|p2a: Bronzong|Future Sight|p1a: Corviknight
|-start|p2a: Bronzong|move: Future Sight
|
|upkeep
|turn|154
|j| BabyPigsAreLaughin
|
|t:|1662326067
|switch|p1a: Victini|Victini|100/100 slp
|move|p2a: Bronzong|Stealth Rock|p1a: Victini
|-sidestart|p1: ghecisbestvillain|move: Stealth Rock
|
|upkeep
|turn|155
|inactive|dumpster dwelling has 90 seconds left.
|
|t:|1662326074
|switch|p2a: Corviknight|Corviknight, M|90/100
|-ability|p2a: Corviknight|Pressure
|cant|p1a: Victini|slp
|
|-end|p1a: Victini|move: Future Sight
|-resisted|p1a: Victini
|-damage|p1a: Victini|89/100 slp
|-heal|p2a: Corviknight|96/100|[from] item: Leftovers
|upkeep
|turn|156
|inactive|dumpster dwelling has 90 seconds left.
|
|t:|1662326087
|switch|p1a: Toxapex|Toxapex, M|84/100
|-damage|p1a: Toxapex|71/100|[from] Stealth Rock
|move|p2a: Corviknight|Spite||[still]
|-fail|p2a: Corviknight
|
|-heal|p2a: Corviknight|100/100|[from] item: Leftovers
|upkeep
|turn|157
|
|t:|1662326098
|switch|p2a: Clefable|Clefable, M|95/100 brn
|switch|p1a: Corviknight|Corviknight, M|83/100
|-damage|p1a: Corviknight|71/100|[from] Stealth Rock
|-ability|p1a: Corviknight|Pressure
|
|upkeep
|turn|158
|
|t:|1662326105
|switch|p2a: Bronzong|Bronzong|100/100
|move|p1a: Corviknight|Bulk Up|p1a: Corviknight
|-boost|p1a: Corviknight|atk|1
|-boost|p1a: Corviknight|def|1
|
|upkeep
|turn|159
|
|t:|1662326112
|move|p1a: Corviknight|Defog|p2a: Bronzong
|-unboost|p2a: Bronzong|evasion|1
|-sideend|p1: ghecisbestvillain|Stealth Rock|[from] move: Defog|[of] p1a: Corviknight
|move|p2a: Bronzong|Future Sight|p1a: Corviknight
|-start|p2a: Bronzong|move: Future Sight
|
|upkeep
|turn|160
|
|t:|1662326122
|move|p1a: Corviknight|Bulk Up|p1a: Corviknight
|-boost|p1a: Corviknight|atk|1
|-boost|p1a: Corviknight|def|1
|move|p2a: Bronzong|Stealth Rock|p1a: Corviknight
|-sidestart|p1: ghecisbestvillain|move: Stealth Rock
|
|upkeep
|turn|161
|inactive|dumpster dwelling has 90 seconds left.
|
|t:|1662326137
|switch|p2a: Krookodile|Krookodile, M|61/100
|move|p1a: Corviknight|Defog|p2a: Krookodile
|-unboost|p2a: Krookodile|evasion|1
|-sideend|p1: ghecisbestvillain|Stealth Rock|[from] move: Defog|[of] p1a: Corviknight
|
|-end|p1a: Corviknight|move: Future Sight
|-resisted|p1a: Corviknight
|-damage|p1a: Corviknight|54/100
|upkeep
|turn|162
|
|t:|1662326146
|switch|p2a: Corviknight|Corviknight, M|100/100
|-ability|p2a: Corviknight|Pressure
|move|p1a: Corviknight|Brave Bird|p2a: Corviknight
|-resisted|p2a: Corviknight
|-damage|p2a: Corviknight|68/100
|-damage|p1a: Corviknight|43/100|[from] Recoil
|
|-heal|p2a: Corviknight|74/100|[from] item: Leftovers
|upkeep
|turn|163
|
|t:|1662326156
|switch|p1a: Toxapex|Toxapex, M|100/100
|move|p2a: Corviknight|Spite||[still]
|-fail|p2a: Corviknight
|
|-heal|p2a: Corviknight|81/100|[from] item: Leftovers
|upkeep
|turn|164
|inactive|ghecisbestvillain has 90 seconds left.
|
|t:|1662326176
|switch|p2a: Bronzong|Bronzong|100/100
|switch|p1a: Victini|Victini|89/100 slp
|
|upkeep
|turn|165
|inactive|ghecisbestvillain has 90 seconds left.
|c| Partynparadise|rubiaa
|inactive|dumpster dwelling has 60 seconds left.
|
|t:|1662326191
|switch|p1a: Corviknight|Corviknight, M|43/100
|-ability|p1a: Corviknight|Pressure
|switch|p2a: Clefable|Clefable, M|95/100 brn
|
|upkeep
|turn|166
|c| Partynparadise|wassup man
|inactive|ghecisbestvillain has 90 seconds left.
|c| Rubiaa|yo
|
|t:|1662326198
|move|p1a: Corviknight|Roost|p1a: Corviknight
|-heal|p1a: Corviknight|93/100
|-singleturn|p1a: Corviknight|move: Roost
|move|p2a: Clefable|Wish|p2a: Clefable
|
|upkeep
|turn|167
|c| Rubiaa|who u? LOL
|inactive|ghecisbestvillain has 90 seconds left.
|c| Rubiaa|sorry, have we met?
|
|t:|1662326205
|switch|p1a: Victini|Victini|89/100 slp
|move|p2a: Clefable|Teleport|p2a: Clefable
|
|t:|1662326207
|switch|p2a: Krookodile|Krookodile, M|61/100|[from]move: Teleport
|
|-heal|p2a: Krookodile|100/100|[from] move: Wish|[wisher] Clefable
|upkeep
|turn|168
|c| Partynparadise|u told me to add you on discord
|j| Ctannn
|inactive|dumpster dwelling has 60 seconds left.
|
|t:|1662326223
|switch|p2a: Bronzong|Bronzong|100/100
|switch|p1a: Corviknight|Corviknight, M|93/100
|-ability|p1a: Corviknight|Pressure
|
|upkeep
|turn|169
|c| Rubiaa|whats your disc name?
|c| Partynparadise|u never responded lmao
|
|t:|1662326231
|switch|p1a: Victini|Victini|89/100 slp
|move|p2a: Bronzong|Future Sight|p1a: Victini
|-start|p2a: Bronzong|move: Future Sight
|
|upkeep
|turn|170
|
|t:|1662326238
|-curestatus|p1a: Victini|slp|[msg]
|move|p1a: Victini|Power-Up Punch|p2a: Bronzong
|-damage|p2a: Bronzong|93/100
|-boost|p1a: Victini|atk|1
|move|p2a: Bronzong|Stealth Rock|p1a: Victini
|-sidestart|p1: ghecisbestvillain|move: Stealth Rock
|
|-heal|p2a: Bronzong|99/100|[from] item: Leftovers
|upkeep
|turn|171
|inactive|dumpster dwelling also wants the timer to be on.
|c| Rubiaa|whats your disc name?
|inactive|dumpster dwelling has 60 seconds left.
|
|t:|1662326253
|switch|p2a: Clefable|Clefable, M|95/100 brn
|move|p1a: Victini|Power-Up Punch|p2a: Clefable
|-resisted|p2a: Clefable
|-damage|p2a: Clefable|89/100 brn
|-boost|p1a: Victini|atk|1
|
|-end|p1a: Victini|move: Future Sight
|-resisted|p1a: Victini
|-damage|p1a: Victini|79/100
|upkeep
|turn|172
|
|t:|1662326262
|switch|p2a: Corviknight|Corviknight, M|81/100
|-ability|p2a: Corviknight|Pressure
|move|p1a: Victini|Power-Up Punch|p2a: Corviknight
|-damage|p2a: Corviknight|64/100
|-boost|p1a: Victini|atk|1
|
|-heal|p2a: Corviknight|70/100|[from] item: Leftovers
|upkeep
|turn|173
|
|t:|1662326272
|move|p1a: Victini|V-create|p2a: Corviknight
|-supereffective|p2a: Corviknight
|-damage|p2a: Corviknight|0 fnt
|-unboost|p1a: Victini|spe|1
|-unboost|p1a: Victini|def|1
|-unboost|p1a: Victini|spd|1
|faint|p2a: Corviknight
|
|upkeep
|
|t:|1662326278
|switch|p2a: Krookodile|Krookodile, M|100/100
|turn|174
|
|t:|1662326282
|switch|p2a: Bronzong|Bronzong|99/100
|switch|p1a: Corviknight|Corviknight, M|93/100
|-damage|p1a: Corviknight|80/100|[from] Stealth Rock
|-ability|p1a: Corviknight|Pressure
|
|-heal|p2a: Bronzong|100/100|[from] item: Leftovers
|upkeep
|turn|175
|
|t:|1662326291
|move|p1a: Corviknight|Defog|p2a: Bronzong
|-unboost|p2a: Bronzong|evasion|1
|-sideend|p1: ghecisbestvillain|Stealth Rock|[from] move: Defog|[of] p1a: Corviknight
|move|p2a: Bronzong|Body Press|p1a: Corviknight
|-damage|p1a: Corviknight|67/100
|
|upkeep
|turn|176
|
|t:|1662326298
|switch|p1a: Toxapex|Toxapex, M|100/100
|move|p2a: Bronzong|Stealth Rock|p1a: Toxapex
|-sidestart|p1: ghecisbestvillain|move: Stealth Rock
|
|upkeep
|turn|177
|
|t:|1662326304
|switch|p1a: Corviknight|Corviknight, M|67/100
|-damage|p1a: Corviknight|54/100|[from] Stealth Rock
|-ability|p1a: Corviknight|Pressure
|switch|p2a: Clefable|Clefable, M|89/100 brn
|
|upkeep
|turn|178
|j| msk930
|
|t:|1662326313
|move|p1a: Corviknight|Bulk Up|p1a: Corviknight
|-boost|p1a: Corviknight|atk|1
|-boost|p1a: Corviknight|def|1
|move|p2a: Clefable|Teleport|p2a: Clefable
|
|t:|1662326314
|switch|p2a: Bronzong|Bronzong|100/100|[from]move: Teleport
|
|upkeep
|turn|179
|l| msk930
|
|t:|1662326320
|move|p1a: Corviknight|Bulk Up|p1a: Corviknight
|-boost|p1a: Corviknight|atk|1
|-boost|p1a: Corviknight|def|1
|move|p2a: Bronzong|Body Press|p1a: Corviknight
|-crit|p1a: Corviknight
|-damage|p1a: Corviknight|34/100
|
|upkeep
|turn|180
|
|t:|1662326326
|move|p1a: Corviknight|Bulk Up|p1a: Corviknight
|-boost|p1a: Corviknight|atk|1
|-boost|p1a: Corviknight|def|1
|move|p2a: Bronzong|Body Press|p1a: Corviknight
|-damage|p1a: Corviknight|28/100
|
|upkeep
|turn|181
|
|t:|1662326333
|switch|p2a: Krookodile|Krookodile, M|100/100
|move|p1a: Corviknight|Roost|p1a: Corviknight
|-heal|p1a: Corviknight|78/100
|-singleturn|p1a: Corviknight|move: Roost
|
|upkeep
|turn|182
|
|t:|1662326339
|move|p2a: Krookodile|Foul Play|p1a: Corviknight
|-damage|p1a: Corviknight|62/100
|move|p1a: Corviknight|Bulk Up|p1a: Corviknight
|-boost|p1a: Corviknight|atk|1
|-boost|p1a: Corviknight|def|1
|
|upkeep
|turn|183
|
|t:|1662326347
|switch|p2a: Bronzong|Bronzong|100/100
|move|p1a: Corviknight|Defog|p2a: Bronzong
|-unboost|p2a: Bronzong|evasion|1
|-sideend|p1: ghecisbestvillain|Stealth Rock|[from] move: Defog|[of] p1a: Corviknight
|
|upkeep
|turn|184
|j| Crinzz
|
|t:|1662326354
|move|p1a: Corviknight|Bulk Up|p1a: Corviknight
|-boost|p1a: Corviknight|atk|1
|-boost|p1a: Corviknight|def|1
|move|p2a: Bronzong|Body Press|p1a: Corviknight
|-damage|p1a: Corviknight|58/100
|
|upkeep
|turn|185
|
|t:|1662326359
|move|p1a: Corviknight|Bulk Up|p1a: Corviknight
|-boost|p1a: Corviknight|atk|1
|-boost|p1a: Corviknight|def|1
|move|p2a: Bronzong|Body Press|p1a: Corviknight
|-damage|p1a: Corviknight|54/100
|
|upkeep
|turn|186
|
|t:|1662326369
|move|p1a: Corviknight|Brave Bird|p2a: Bronzong
|-resisted|p2a: Bronzong
|-damage|p2a: Bronzong|46/100
|-damage|p1a: Corviknight|39/100|[from] Recoil
|move|p2a: Bronzong|Body Press|p1a: Corviknight
|-damage|p1a: Corviknight|35/100
|
|-heal|p2a: Bronzong|53/100|[from] item: Leftovers
|upkeep
|turn|187
|inactive|dumpster dwelling has 90 seconds left.
|
|t:|1662326381
|switch|p2a: Clefable|Clefable, M|89/100 brn
|move|p1a: Corviknight|Brave Bird|p2a: Clefable
|-damage|p2a: Clefable|0 fnt
|faint|p2a: Clefable
|-damage|p1a: Corviknight|6/100|[from] Recoil
|
|upkeep
|j| Hedon
|
|t:|1662326390
|switch|p2a: Krookodile|Krookodile, M|100/100
|turn|188
|
|t:|1662326399
|switch|p1a: Toxapex|Toxapex, M|100/100
|move|p2a: Krookodile|Foul Play|p1a: Toxapex
|-damage|p1a: Toxapex|87/100
|
|upkeep
|turn|189
|
|t:|1662326405
|move|p2a: Krookodile|Foul Play|p1a: Toxapex
|-damage|p1a: Toxapex|74/100
|move|p1a: Toxapex|Scald|p2a: Krookodile
|-supereffective|p2a: Krookodile
|-damage|p2a: Krookodile|59/100
|
|upkeep
|turn|190
|
|t:|1662326411
|switch|p2a: Bronzong|Bronzong|53/100
|move|p1a: Toxapex|Scald|p2a: Bronzong
|-damage|p2a: Bronzong|42/100
|
|-heal|p2a: Bronzong|48/100|[from] item: Leftovers
|upkeep
|turn|191
|
|t:|1662326419
|switch|p1a: Corviknight|Corviknight, M|6/100
|-ability|p1a: Corviknight|Pressure
|move|p2a: Bronzong|Body Press|p1a: Corviknight
|-damage|p1a: Corviknight|0 fnt
|faint|p1a: Corviknight
|
|-heal|p2a: Bronzong|54/100|[from] item: Leftovers
|upkeep
|c| Rubiaa|gg
|
|t:|1662326428
|switch|p1a: Victini|Victini|79/100
|turn|192
|c| Rubiaa|finally LOL
|
|t:|1662326433
|move|p1a: Victini|V-create|p2a: Bronzong
|-supereffective|p2a: Bronzong
|-damage|p2a: Bronzong|0 fnt
|-unboost|p1a: Victini|spe|1
|-unboost|p1a: Victini|def|1
|-unboost|p1a: Victini|spd|1
|faint|p2a: Bronzong
|
|upkeep
|
|t:|1662326434
|switch|p2a: Krookodile|Krookodile, M|59/100
|turn|193
|
|t:|1662326443
|move|p2a: Krookodile|Earthquake|p1a: Victini
|-supereffective|p1a: Victini
|-damage|p1a: Victini|0 fnt
|faint|p1a: Victini
|-ability|p2a: Krookodile|Moxie|boost
|-boost|p2a: Krookodile|atk|1
|
|upkeep
|
|t:|1662326449
|switch|p1a: Toxapex|Toxapex, M|100/100
|turn|194
|
|t:|1662326452
|move|p2a: Krookodile|Earthquake|p1a: Toxapex
|-supereffective|p1a: Toxapex
|-damage|p1a: Toxapex|9/100
|move|p1a: Toxapex|Scald|p2a: Krookodile
|-supereffective|p2a: Krookodile
|-damage|p2a: Krookodile|13/100
|-status|p2a: Krookodile|brn
|
|-damage|p2a: Krookodile|7/100 brn|[from] brn
|upkeep
|turn|195
|c|☆dumpster dwelling|GGG
|c|☆dumpster dwelling|GG
|inactive|ghecisbestvillain has 90 seconds left.
|c|☆dumpster dwelling|BITCHHHHHHHHHHHHHHHHHH
|c| Rubiaa|LOL
|c| Rubiaa|he choked
|c|☆ghecisbestvillain|your mom die
|c| Rubiaa|all he had to do was roost
|c| BabyPigsAreLaughin|I would let the time run out.
|c|☆ghecisbestvillain|TOMORROW
|c|☆dumpster dwelling|lmaoooooo
|c|☆ghecisbestvillain|SHE
|c|☆ghecisbestvillain|DIE
|c|☆ghecisbestvillain|SHE
|c|☆ghecisbestvillain|DIE
|c|☆dumpster dwelling|I'm sry bro, she's alive
|inactive|ghecisbestvillain has 60 seconds left.
|c| Rubiaa|LOL
|c|☆ghecisbestvillain|R --- A ... P ... E
|c|☆ghecisbestvillain|AND AFTER KILL HER
|c| Rubiaa|._.
|c|☆ghecisbestvillain|TODAY IT'S ALIVE
|c|☆dumpster dwelling|Woahhhhh, strong's words. U kisd yo mother with that mouth?
|c| Rubiaa|LOL
|c|☆ghecisbestvillain|BUT TOMORROW...
|inactive|ghecisbestvillain has 30 seconds left.
|c|☆ghecisbestvillain|WAIT ME
|inactive|ghecisbestvillain has 20 seconds left.
|c| BabyPigsAreLaughin|Those death threats, though.
|inactive|ghecisbestvillain has 15 seconds left.
|c| Rubiaa|fr
|c|☆ghecisbestvillain|WAIT ME
|inactive|ghecisbestvillain has 10 seconds left.
|c|☆ghecisbestvillain|T
|c|☆ghecisbestvillain|O
|c|☆ghecisbestvillain|M
|c|☆ghecisbestvillain|O
|c|☆ghecisbestvillain|R
|inactive|ghecisbestvillain has 5 seconds left.
|c|☆ghecisbestvillain|R
|c|☆ghecisbestvillain|O
|c|☆ghecisbestvillain|W
|c| Rubiaa|bro can get banned for this
|-message|ghecisbestvillain lost due to inactivity.
|
|win|dumpster dwelling
|raw|ghecisbestvillain's rating: 1708 &rarr; <strong>1685</strong><br />(-23 for losing)
|raw|dumpster dwelling's rating: 1660 &rarr; <strong>1683</strong><br />(+23 for winning)
|c|☆ghecisbestvillain|AND YOUR MOM DIE
|l| Crinzz
|c| Rubiaa|got taken out of 1700s
|c|☆dumpster dwelling|FOH
|c| Rubiaa|FOH
|c|☆ghecisbestvillain|T
|c|☆ghecisbestvillain|O
|c|☆dumpster dwelling|FOHHHHHHHHHHHH
|c|☆ghecisbestvillain|M
|c|☆ghecisbestvillain|O
|c|☆ghecisbestvillain|R
|c|☆ghecisbestvillain|R
|c| Rubiaa|FOHHHHHHHHHHHHHHHHHHHHHH
|c|☆ghecisbestvillain|O
|c|☆ghecisbestvillain|W
|c| Rubiaa|FOHHHHHHHHHHHHHH
|c| Partynparadise|Smh lol
|c|☆ghecisbestvillain|WHAT THE FUCK YOU SAY IDIOT WITH YOUR SECOND PROFILE?
|n|‽ghecisbestvillain|ghecisbestvillain
|c|&|/log ghecisbestvillain was locked from talking by Artemis (☆ghecisbestvillain: WHAT THE FUCK YOU SAY IDIOT WITH YOUR SECOND PROFILE?)
|c|&|/raw <small>This action was done automatically. Want to learn more about the AI? <a href="https://www.smogon.com/forums/threads/3570628/#post-9056769">Visit the information thread</a>.</small>
|c| Rubiaa|LMAOO
|l| Brenik
||Ladder isn't responding, score probably updated but might not have (Request timeout).
|l| Ctannn
|c| BabyPigsAreLaughin|I've never seen someone make death threats over losing a game. That was crazy.
|c| Rubiaa|lol
|c| Rubiaa|its the way it is ig
|c| Rubiaa|he lost tho
|c| Rubiaa|w stall and got mad
|c| Rubiaa|x.x
