|j|☆LT_Alt1
|j|☆UnarmoredReiner
|t:|1661324360
|gametype|singles
|player|p1|LT_Alt1|2|1686
|player|p2|UnarmoredReiner|scientist-gen4|1701
|teamsize|p1|6
|teamsize|p2|6
|gen|8
|tier|[Gen 8] OU
|rated|
|rule|Sleep Clause Mod: Limit one foe put to sleep
|rule|Species Clause: Limit one of each Pokémon
|rule|OHKO Clause: OHKO moves are banned
|rule|Evasion Items Clause: Evasion items are banned
|rule|Evasion Moves Clause: Evasion moves are banned
|rule|Endless Battle Clause: Forcing endless battles is banned
|rule|HP Percentage Mod: HP is shown in percentages
|rule|Dynamax Clause: You cannot dynamax
|clearpoke
|poke|p1|Alakazam, F|
|poke|p1|Chansey, F|
|poke|p1|Zapdos|
|poke|p1|Clefable, F|
|poke|p1|Slowbro, M|
|poke|p1|Rhydon, M|
|poke|p2|Toxtricity, F|
|poke|p2|Landorus-Therian, M|
|poke|p2|Scizor, F|
|poke|p2|Dragapult, M|
|poke|p2|Slowbro, F|
|poke|p2|Tyranitar, M|
|teampreview
|inactive|Battle timer is ON: inactive players will automatically lose when time's up. (requested by UnarmoredReiner)
|
|t:|1661324383
|start
|switch|p1a: Slowbro|Slowbro, M|100/100
|switch|p2a: Slowbro|Slowbro, F|100/100
|turn|1
|
|t:|1661324388
|move|p1a: Slowbro|Future Sight|p2a: Slowbro
|-start|p1a: Slowbro|move: Future Sight
|move|p2a: Slowbro|Future Sight|p1a: Slowbro
|-start|p2a: Slowbro|move: Future Sight
|
|upkeep
|turn|2
|
|t:|1661324392
|move|p1a: Slowbro|Ice Beam|p2a: Slowbro
|-resisted|p2a: Slowbro
|-damage|p2a: Slowbro|89/100
|move|p2a: Slowbro|Teleport|p2a: Slowbro
|
|t:|1661324400
|switch|p2a: Scizor|Scizor, F|100/100|[from]move: Teleport
|
|upkeep
|turn|3
|
|t:|1661324408
|move|p2a: Scizor|Knock Off|p1a: Slowbro
|-supereffective|p1a: Slowbro
|-damage|p1a: Slowbro|65/100
|-damage|p2a: Scizor|84/100|[from] item: Rocky Helmet|[of] p1a: Slowbro
|-enditem|p1a: Slowbro|Rocky Helmet|[from] move: Knock Off|[of] p2a: Scizor
|move|p1a: Slowbro|Ice Beam|p2a: Scizor
|-resisted|p2a: Scizor
|-damage|p2a: Scizor|73/100
|
|-end|p2a: Scizor|move: Future Sight
|-resisted|p2a: Scizor
|-damage|p2a: Scizor|49/100
|-end|p1a: Slowbro|move: Future Sight
|-resisted|p1a: Slowbro
|-damage|p1a: Slowbro|45/100
|-heal|p2a: Scizor|55/100|[from] item: Leftovers
|upkeep
|turn|4
|
|t:|1661324421
|move|p2a: Scizor|Knock Off|p1a: Slowbro
|-supereffective|p1a: Slowbro
|-damage|p1a: Slowbro|24/100
|move|p1a: Slowbro|Teleport|p1a: Slowbro
|
|t:|1661324425
|switch|p1a: Rhydon|Rhydon, M|100/100|[from]move: Teleport
|
|-heal|p2a: Scizor|61/100|[from] item: Leftovers
|upkeep
|turn|5
|
|t:|1661324434
|switch|p2a: Slowbro|Slowbro, F|100/100
|move|p1a: Rhydon|Stealth Rock|p2a: Slowbro
|-sidestart|p2: UnarmoredReiner|move: Stealth Rock
|
|upkeep
|turn|6
|
|t:|1661324439
|switch|p1a: Slowbro|Slowbro, M|57/100
|move|p2a: Slowbro|Future Sight|p1a: Slowbro
|-start|p2a: Slowbro|move: Future Sight
|
|upkeep
|turn|7
|
|t:|1661324443
|move|p1a: Slowbro|Future Sight|p2a: Slowbro
|-start|p1a: Slowbro|move: Future Sight
|move|p2a: Slowbro|Teleport|p2a: Slowbro
|
|t:|1661324447
|switch|p2a: Scizor|Scizor, F|61/100|[from]move: Teleport
|-damage|p2a: Scizor|49/100|[from] Stealth Rock
|
|-heal|p2a: Scizor|55/100|[from] item: Leftovers
|upkeep
|turn|8
|
|t:|1661324458
|move|p2a: Scizor|Roost|p2a: Scizor
|-heal|p2a: Scizor|100/100
|-singleturn|p2a: Scizor|move: Roost
|move|p1a: Slowbro|Teleport|p1a: Slowbro
|
|t:|1661324461
|switch|p1a: Chansey|Chansey, F|100/100|[from]move: Teleport
|
|-end|p1a: Chansey|move: Future Sight
|-damage|p1a: Chansey|87/100
|upkeep
|turn|9
|
|t:|1661324468
|switch|p1a: Slowbro|Slowbro, M|90/100
|move|p2a: Scizor|Swords Dance|p2a: Scizor
|-boost|p2a: Scizor|atk|2
|
|-end|p2a: Scizor|move: Future Sight
|-resisted|p2a: Scizor
|-damage|p2a: Scizor|79/100
|-heal|p2a: Scizor|85/100|[from] item: Leftovers
|upkeep
|turn|10
|
|t:|1661324476
|move|p2a: Scizor|Knock Off|p1a: Slowbro
|-supereffective|p1a: Slowbro
|-damage|p1a: Slowbro|48/100
|move|p1a: Slowbro|Teleport|p1a: Slowbro
|
|t:|1661324480
|switch|p1a: Rhydon|Rhydon, M|100/100|[from]move: Teleport
|
|-heal|p2a: Scizor|91/100|[from] item: Leftovers
|upkeep
|turn|11
|
|t:|1661324485
|switch|p2a: Landorus|Landorus-Therian, M|100/100
|-damage|p2a: Landorus|88/100|[from] Stealth Rock
|-ability|p2a: Landorus|Intimidate|boost
|-unboost|p1a: Rhydon|atk|1
|move|p1a: Rhydon|Fire Punch|p2a: Landorus
|-damage|p2a: Landorus|69/100
|
|-heal|p2a: Landorus|75/100|[from] item: Leftovers
|upkeep
|turn|12
|
|t:|1661324495
|switch|p1a: Slowbro|Slowbro, M|81/100
|move|p2a: Landorus|Defog|p1a: Slowbro
|-unboost|p1a: Slowbro|evasion|1
|-sideend|p2: UnarmoredReiner|Stealth Rock|[from] move: Defog|[of] p2a: Landorus
|
|-heal|p2a: Landorus|81/100|[from] item: Leftovers
|upkeep
|turn|13
|
|t:|1661324502
|switch|p2a: Tyranitar|Tyranitar, M|100/100
|-weather|Sandstorm|[from] ability: Sand Stream|[of] p2a: Tyranitar
|move|p1a: Slowbro|Future Sight|p2a: Tyranitar
|-start|p1a: Slowbro|move: Future Sight
|
|-weather|Sandstorm|[upkeep]
|-damage|p1a: Slowbro|75/100|[from] Sandstorm
|upkeep
|turn|14
|
|t:|1661324510
|move|p2a: Tyranitar|Crunch|p1a: Slowbro
|-supereffective|p1a: Slowbro
|-damage|p1a: Slowbro|18/100
|-unboost|p1a: Slowbro|def|1
|move|p1a: Slowbro|Body Press|p2a: Tyranitar
|-supereffective|p2a: Tyranitar
|-damage|p2a: Tyranitar|38/100
|
|-weather|Sandstorm|[upkeep]
|-damage|p1a: Slowbro|12/100|[from] Sandstorm
|upkeep
|turn|15
|
|t:|1661324520
|switch|p1a: Clefable|Clefable, F|100/100
|move|p2a: Tyranitar|Stealth Rock|p1a: Clefable
|-sidestart|p1: LT_Alt1|move: Stealth Rock
|
|-weather|Sandstorm|[upkeep]
|-end|p2a: Tyranitar|move: Future Sight
|-immune|p2a: Tyranitar
|upkeep
|turn|16
|
|t:|1661324535
|move|p2a: Tyranitar|Stone Edge|p1a: Clefable
|-damage|p1a: Clefable|39/100
|move|p1a: Clefable|Moonblast|p2a: Tyranitar
|-supereffective|p2a: Tyranitar
|-damage|p2a: Tyranitar|0 fnt
|faint|p2a: Tyranitar
|
|-weather|Sandstorm|[upkeep]
|upkeep
|inactive|UnarmoredReiner has 120 seconds left.
|
|t:|1661324561
|switch|p2a: Toxtricity|Toxtricity, F, shiny|100/100
|turn|17
|
|t:|1661324564
|switch|p1a: Chansey|Chansey, F|87/100
|-damage|p1a: Chansey|74/100|[from] Stealth Rock
|move|p2a: Toxtricity|Gunk Shot|p1a: Chansey
|-damage|p1a: Chansey|29/100
|-status|p1a: Chansey|psn
|-damage|p2a: Toxtricity|91/100|[from] item: Life Orb
|
|-weather|none
|-damage|p1a: Chansey|16/100 psn|[from] psn
|upkeep
|turn|18
|
|t:|1661324574
|move|p2a: Toxtricity|Gunk Shot|p1a: Chansey
|-damage|p1a: Chansey|0 fnt
|faint|p1a: Chansey
|-damage|p2a: Toxtricity|81/100|[from] item: Life Orb
|
|upkeep
|
|t:|1661324580
|switch|p1a: Alakazam|Alakazam, F|100/100
|turn|19
|
|t:|1661324583
|switch|p2a: Slowbro|Slowbro, F|100/100
|move|p1a: Alakazam|Psychic|p2a: Slowbro
|-resisted|p2a: Slowbro
|-damage|p2a: Slowbro|67/100
|
|upkeep
|turn|20
|
|t:|1661324589
|move|p1a: Alakazam|Shadow Ball|p2a: Slowbro
|-supereffective|p2a: Slowbro
|-damage|p2a: Slowbro|0 fnt
|faint|p2a: Slowbro
|
|upkeep
|
|t:|1661324591
|switch|p2a: Dragapult|Dragapult, M|100/100
|turn|21
|
|t:|1661324599
|switch|p1a: Slowbro|Slowbro, M|45/100
|-damage|p1a: Slowbro|33/100|[from] Stealth Rock
|move|p2a: Dragapult|Shadow Ball|p1a: Slowbro
|-supereffective|p1a: Slowbro
|-damage|p1a: Slowbro|0 fnt
|faint|p1a: Slowbro
|
|upkeep
|
|t:|1661324607
|switch|p1a: Zapdos|Zapdos|100/100
|turn|22
|
|t:|1661324613
|move|p2a: Dragapult|Shadow Ball|p1a: Zapdos
|-damage|p1a: Zapdos|50/100
|-unboost|p1a: Zapdos|spd|1
|move|p1a: Zapdos|Hurricane|p2a: Dragapult
|-damage|p2a: Dragapult|41/100
|-start|p2a: Dragapult|confusion
|
|upkeep
|turn|23
|
|t:|1661324621
|-activate|p2a: Dragapult|confusion
|-damage|p2a: Dragapult|28/100|[from] confusion
|move|p1a: Zapdos|Hurricane|p2a: Dragapult
|-damage|p2a: Dragapult|0 fnt
|faint|p2a: Dragapult
|
|upkeep
|
|t:|1661324636
|switch|p2a: Toxtricity|Toxtricity, F, shiny|81/100
|turn|24
|
|t:|1661324654
|move|p1a: Zapdos|Volt Switch|p2a: Toxtricity
|-resisted|p2a: Toxtricity
|-damage|p2a: Toxtricity|59/100
|
|t:|1661324657
|switch|p1a: Clefable|Clefable, F|39/100|[from]move: Volt Switch
|move|p2a: Toxtricity|Gunk Shot|p1a: Clefable
|-supereffective|p1a: Clefable
|-damage|p1a: Clefable|0 fnt
|faint|p1a: Clefable
|-damage|p2a: Toxtricity|49/100|[from] item: Life Orb
|
|upkeep
|
|t:|1661324672
|switch|p1a: Rhydon|Rhydon, M|100/100
|-damage|p1a: Rhydon|94/100|[from] Stealth Rock
|turn|25
|
|t:|1661324677
|switch|p2a: Landorus|Landorus-Therian, M|81/100
|-ability|p2a: Landorus|Intimidate|boost
|-unboost|p1a: Rhydon|atk|1
|move|p1a: Rhydon|Stone Edge|p2a: Landorus|[miss]
|-miss|p1a: Rhydon|p2a: Landorus
|
|-heal|p2a: Landorus|87/100|[from] item: Leftovers
|upkeep
|turn|26
|
|t:|1661324685
|switch|p1a: Zapdos|Zapdos|50/100
|move|p2a: Landorus|Earthquake|p1a: Zapdos
|-immune|p1a: Zapdos
|
|-heal|p2a: Landorus|93/100|[from] item: Leftovers
|upkeep
|turn|27
|
|t:|1661324692
|move|p1a: Zapdos|Hurricane|p2a: Landorus
|-damage|p2a: Landorus|57/100
|move|p2a: Landorus|Toxic|p1a: Zapdos
|-status|p1a: Zapdos|tox
|
|-heal|p2a: Landorus|63/100|[from] item: Leftovers
|-damage|p1a: Zapdos|44/100 tox|[from] psn
|upkeep
|turn|28
|
|t:|1661324703
|switch|p2a: Toxtricity|Toxtricity, F, shiny|49/100
|move|p1a: Zapdos|Volt Switch|p2a: Toxtricity
|-resisted|p2a: Toxtricity
|-damage|p2a: Toxtricity|27/100
|
|t:|1661324709
|switch|p1a: Alakazam|Alakazam, F|100/100|[from]move: Volt Switch
|
|upkeep
|turn|29
|
|t:|1661324713
|move|p1a: Alakazam|Psychic|p2a: Toxtricity
|-supereffective|p2a: Toxtricity
|-damage|p2a: Toxtricity|0 fnt
|faint|p2a: Toxtricity
|
|upkeep
|
|t:|1661324717
|switch|p2a: Landorus|Landorus-Therian, M|63/100
|-ability|p2a: Landorus|Intimidate|boost
|-unboost|p1a: Alakazam|atk|1
|turn|30
|
|t:|1661324722
|switch|p1a: Zapdos|Zapdos|44/100 tox
|move|p2a: Landorus|U-turn|p1a: Zapdos
|-resisted|p1a: Zapdos
|-damage|p1a: Zapdos|35/100 tox
|
|t:|1661324725
|switch|p2a: Scizor|Scizor, F|91/100|[from]move: U-turn
|
|-heal|p2a: Scizor|97/100|[from] item: Leftovers
|-damage|p1a: Zapdos|28/100 tox|[from] psn
|upkeep
|turn|31
|
|t:|1661324733
|switch|p2a: Landorus|Landorus-Therian, M|63/100
|-ability|p2a: Landorus|Intimidate|boost
|-unboost|p1a: Zapdos|atk|1
|move|p1a: Zapdos|Volt Switch|p2a: Landorus
|-immune|p2a: Landorus
|
|-heal|p2a: Landorus|69/100|[from] item: Leftovers
|-damage|p1a: Zapdos|16/100 tox|[from] psn
|upkeep
|turn|32
|
|t:|1661324744
|switch|p2a: Scizor|Scizor, F|97/100
|move|p1a: Zapdos|Hurricane|p2a: Scizor|[miss]
|-miss|p1a: Zapdos|p2a: Scizor
|
|-heal|p2a: Scizor|100/100|[from] item: Leftovers
|-damage|p1a: Zapdos|0 fnt|[from] psn
|faint|p1a: Zapdos
|upkeep
|
|t:|1661324753
|switch|p1a: Rhydon|Rhydon, M|94/100
|-damage|p1a: Rhydon|88/100|[from] Stealth Rock
|turn|33
|
|t:|1661324758
|switch|p2a: Landorus|Landorus-Therian, M|69/100
|-ability|p2a: Landorus|Intimidate|boost
|-unboost|p1a: Rhydon|atk|1
|move|p1a: Rhydon|Stone Edge|p2a: Landorus
|-damage|p2a: Landorus|34/100
|
|-heal|p2a: Landorus|40/100|[from] item: Leftovers
|upkeep
|turn|34
|
|t:|1661324766
|move|p2a: Landorus|Earthquake|p1a: Rhydon
|-supereffective|p1a: Rhydon
|-damage|p1a: Rhydon|34/100
|move|p1a: Rhydon|Stone Edge|p2a: Landorus
|-damage|p2a: Landorus|6/100
|
|-heal|p2a: Landorus|12/100|[from] item: Leftovers
|upkeep
|turn|35
|-message|LT_Alt1 forfeited.
|
|win|UnarmoredReiner
|raw|LT_Alt1's rating: 1686 &rarr; <strong>1667</strong><br />(-19 for losing)
|raw|UnarmoredReiner's rating: 1701 &rarr; <strong>1720</strong><br />(+19 for winning)
|l|☆UnarmoredReiner
|j|☆UnarmoredReiner
|player|p2|UnarmoredReiner|scientist-gen4
