|raw|<div class="broadcast-blue"><strong>This battle is required to be public due to a player having a name starting with 'LT73IU'.</div>
|j|☆ezwz
|j|☆LT73IU N
|t:|1598453167
|player|p1|ezwz|youngster-gen4|1908
|player|p2|LT73IU N|blue-gen3|1765
|teamsize|p1|6
|teamsize|p2|6
|gametype|singles
|gen|8
|tier|[Gen 8] OU
|rated|
|clearpoke
|poke|p1|Excadrill, F|
|poke|p1|Ferrothorn, M|
|poke|p1|Volcarona, M|
|poke|p1|Primarina, F|
|poke|p1|Clefable, M|
|poke|p1|Hydreigon, F|
|poke|p2|Dragapult, M|
|poke|p2|Tyranitar, M|
|poke|p2|Amoonguss, M|
|poke|p2|Corviknight, F|
|poke|p2|Excadrill, M|
|poke|p2|Hatterene, F|
|rule|Sleep Clause Mod: Limit one foe put to sleep
|rule|Species Clause: Limit one of each Pokémon
|rule|OHKO Clause: OHKO moves are banned
|rule|Evasion Moves Clause: Evasion moves are banned
|rule|Endless Battle Clause: Forcing endless battles is banned
|rule|HP Percentage Mod: HP is shown in percentages
|rule|Dynamax Clause: You cannot dynamax
|teampreview
|inactive|Battle timer is ON: inactive players will automatically lose when time's up. (requested by LT73IU N)
|
|t:|1598453194
|start
|switch|p1a: Clefable|Clefable, M|100/100
|switch|p2a: Dragapult|Dragapult, M|100/100
|turn|1
|
|t:|1598453199
|move|p2a: Dragapult|U-turn|p1a: Clefable
|-resisted|p1a: Clefable
|-damage|p1a: Clefable|86/100
|
|t:|1598453204
|switch|p2a: Corviknight|Corviknight, F|100/100|[from]move: U-turn
|-ability|p2a: Corviknight|Pressure
|move|p1a: Clefable|Trick|p2a: Corviknight
|-activate|p1a: Clefable|move: Trick|[of] p2a: Corviknight
|-item|p2a: Corviknight|Sticky Barb|[from] move: Trick
|-item|p1a: Clefable|Rocky Helmet|[from] move: Trick
|
|-damage|p2a: Corviknight|88/100|[from] item: Sticky Barb
|upkeep
|turn|2
|j| Livio ElTito
|
|t:|1598453220
|move|p1a: Clefable|Soft-Boiled|p1a: Clefable
|-heal|p1a: Clefable|100/100
|move|p2a: Corviknight|U-turn|p1a: Clefable
|-resisted|p1a: Clefable
|-damage|p1a: Clefable|95/100
|-damage|p2a: Corviknight|72/100|[from] item: Rocky Helmet|[of] p1a: Clefable
|
|t:|1598453226
|switch|p2a: Amoonguss|Amoonguss, M|100/100|[from]move: U-turn
|
|upkeep
|turn|3
|
|t:|1598453234
|switch|p1a: Ferrothorn|Ferrothorn, M|100/100
|switch|p2a: Hatterene|Hatterene, F|100/100
|
|upkeep
|turn|4
|
|t:|1598453243
|switch|p1a: Excadrill|Excadrill, F|100/100
|-ability|p1a: Excadrill|Mold Breaker
|move|p2a: Hatterene|Mystical Fire|p1a: Excadrill
|-supereffective|p1a: Excadrill
|-damage|p1a: Excadrill|59/100
|-unboost|p1a: Excadrill|spa|1
|
|-heal|p1a: Excadrill|65/100|[from] item: Leftovers
|upkeep
|turn|5
|
|t:|1598453248
|move|p1a: Excadrill|Stealth Rock|p2a: Hatterene
|-sidestart|p2: LT73IU N|move: Stealth Rock
|move|p2a: Hatterene|Mystical Fire|p1a: Excadrill
|-supereffective|p1a: Excadrill
|-damage|p1a: Excadrill|19/100
|-unboost|p1a: Excadrill|spa|1
|
|-heal|p1a: Excadrill|25/100|[from] item: Leftovers
|upkeep
|turn|6
|
|t:|1598453267
|move|p1a: Excadrill|Iron Head|p2a: Hatterene
|-supereffective|p2a: Hatterene
|-damage|p2a: Hatterene|36/100
|move|p2a: Hatterene|Mystical Fire|p1a: Excadrill
|-supereffective|p1a: Excadrill
|-damage|p1a: Excadrill|0 fnt
|faint|p1a: Excadrill
|
|-heal|p2a: Hatterene|42/100|[from] item: Leftovers
|upkeep
|j| poxzcpv
|
|t:|1598453273
|switch|p1a: Primarina|Primarina, F|100/100
|turn|7
|
|t:|1598453278
|switch|p2a: Amoonguss|Amoonguss, M|100/100
|-damage|p2a: Amoonguss|88/100|[from] Stealth Rock
|move|p1a: Primarina|Calm Mind|p1a: Primarina
|-boost|p1a: Primarina|spa|1
|-boost|p1a: Primarina|spd|1
|
|-heal|p2a: Amoonguss|94/100|[from] item: Black Sludge
|upkeep
|turn|8
|
|t:|1598453282
|move|p1a: Primarina|Calm Mind|p1a: Primarina
|-boost|p1a: Primarina|spa|1
|-boost|p1a: Primarina|spd|1
|move|p2a: Amoonguss|Sludge Bomb|p1a: Primarina
|-supereffective|p1a: Primarina
|-damage|p1a: Primarina|79/100
|-status|p1a: Primarina|psn
|
|-heal|p1a: Primarina|85/100 psn|[from] item: Leftovers
|-heal|p2a: Amoonguss|99/100|[from] item: Black Sludge
|-damage|p1a: Primarina|72/100 psn|[from] psn
|upkeep
|turn|9
|
|t:|1598453290
|move|p1a: Primarina|Calm Mind|p1a: Primarina
|-boost|p1a: Primarina|spa|1
|-boost|p1a: Primarina|spd|1
|move|p2a: Amoonguss|Sludge Bomb|p1a: Primarina
|-supereffective|p1a: Primarina
|-damage|p1a: Primarina|52/100 psn
|
|-heal|p1a: Primarina|58/100 psn|[from] item: Leftovers
|-heal|p2a: Amoonguss|100/100|[from] item: Black Sludge
|-damage|p1a: Primarina|46/100 psn|[from] psn
|upkeep
|turn|10
|
|t:|1598453295
|move|p1a: Primarina|Scald|p2a: Amoonguss
|-resisted|p2a: Amoonguss
|-damage|p2a: Amoonguss|56/100
|move|p2a: Amoonguss|Sludge Bomb|p1a: Primarina
|-supereffective|p1a: Primarina
|-damage|p1a: Primarina|26/100 psn
|
|-heal|p1a: Primarina|32/100 psn|[from] item: Leftovers
|-heal|p2a: Amoonguss|62/100|[from] item: Black Sludge
|-damage|p1a: Primarina|19/100 psn|[from] psn
|upkeep
|turn|11
|
|t:|1598453302
|move|p1a: Primarina|Scald|p2a: Amoonguss
|-resisted|p2a: Amoonguss
|-damage|p2a: Amoonguss|0 fnt
|faint|p2a: Amoonguss
|
|-heal|p1a: Primarina|25/100 psn|[from] item: Leftovers
|-damage|p1a: Primarina|13/100 psn|[from] psn
|upkeep
|
|t:|1598453310
|switch|p2a: Excadrill|Excadrill, M|100/100
|-damage|p2a: Excadrill|97/100|[from] Stealth Rock
|turn|12
|
|t:|1598453333
|switch|p1a: Ferrothorn|Ferrothorn, M|100/100
|move|p2a: Excadrill|Rapid Spin|p1a: Ferrothorn
|-resisted|p1a: Ferrothorn
|-crit|p1a: Ferrothorn
|-damage|p1a: Ferrothorn|94/100
|-boost|p2a: Excadrill|spe|1
|-damage|p2a: Excadrill|85/100|[from] ability: Iron Barbs|[of] p1a: Ferrothorn
|-sideend|p2: LT73IU N|Stealth Rock|[from] move: Rapid Spin|[of] p2a: Excadrill
|
|-heal|p2a: Excadrill|91/100|[from] item: Leftovers
|-heal|p1a: Ferrothorn|99/100|[from] item: Leftovers
|upkeep
|turn|13
|
|t:|1598453339
|switch|p2a: Corviknight|Corviknight, F|72/100
|-ability|p2a: Corviknight|Pressure
|move|p1a: Ferrothorn|Knock Off|p2a: Corviknight
|-damage|p2a: Corviknight|59/100
|-enditem|p2a: Corviknight|Sticky Barb|[from] move: Knock Off|[of] p1a: Ferrothorn
|
|-heal|p1a: Ferrothorn|100/100|[from] item: Leftovers
|upkeep
|turn|14
|
|t:|1598453349
|move|p2a: Corviknight|Roost|p2a: Corviknight
|-heal|p2a: Corviknight|100/100
|-singleturn|p2a: Corviknight|move: Roost
|move|p1a: Ferrothorn|Body Press|p2a: Corviknight
|-supereffective|p2a: Corviknight
|-damage|p2a: Corviknight|64/100
|
|upkeep
|turn|15
|
|t:|1598453360
|move|p2a: Corviknight|Roost|p2a: Corviknight
|-heal|p2a: Corviknight|100/100
|-singleturn|p2a: Corviknight|move: Roost
|move|p1a: Ferrothorn|Leech Seed|p2a: Corviknight
|-start|p2a: Corviknight|move: Leech Seed
|
|-damage|p2a: Corviknight|88/100|[from] Leech Seed|[of] p1a: Ferrothorn
|upkeep
|turn|16
|
|t:|1598453382
|switch|p2a: Tyranitar|Tyranitar, M|100/100
|-weather|Sandstorm|[from] ability: Sand Stream|[of] p2a: Tyranitar
|move|p1a: Ferrothorn|Knock Off|p2a: Tyranitar
|-resisted|p2a: Tyranitar
|-damage|p2a: Tyranitar|93/100
|-enditem|p2a: Tyranitar|Leftovers|[from] move: Knock Off|[of] p1a: Ferrothorn
|
|-weather|Sandstorm|[upkeep]
|upkeep
|turn|17
|
|t:|1598453387
|move|p2a: Tyranitar|Flamethrower|p1a: Ferrothorn
|-supereffective|p1a: Ferrothorn
|-damage|p1a: Ferrothorn|35/100
|move|p1a: Ferrothorn|Body Press|p2a: Tyranitar
|-supereffective|p2a: Tyranitar
|-damage|p2a: Tyranitar|0 fnt
|faint|p2a: Tyranitar
|
|-weather|Sandstorm|[upkeep]
|-heal|p1a: Ferrothorn|41/100|[from] item: Leftovers
|upkeep
|
|t:|1598453400
|switch|p2a: Hatterene|Hatterene, F|42/100
|turn|18
|
|t:|1598453415
|switch|p1a: Primarina|Primarina, F|13/100 psn
|move|p2a: Hatterene|Mystical Fire|p1a: Primarina
|-resisted|p1a: Primarina
|-damage|p1a: Primarina|4/100 psn
|-unboost|p1a: Primarina|spa|1
|
|-weather|Sandstorm|[upkeep]
|-damage|p1a: Primarina|0 fnt|[from] Sandstorm
|-damage|p2a: Hatterene|36/100|[from] Sandstorm
|faint|p1a: Primarina
|-heal|p2a: Hatterene|42/100|[from] item: Leftovers
|upkeep
|
|t:|1598453435
|switch|p1a: Hydreigon|Hydreigon, F|100/100
|turn|19
|
|t:|1598453454
|switch|p2a: Corviknight|Corviknight, F|88/100
|-ability|p2a: Corviknight|Pressure
|move|p1a: Hydreigon|Flash Cannon|p2a: Corviknight
|-resisted|p2a: Corviknight
|-damage|p2a: Corviknight|72/100
|-damage|p1a: Hydreigon|91/100|[from] item: Life Orb
|
|-weather|Sandstorm|[upkeep]
|-damage|p1a: Hydreigon|84/100|[from] Sandstorm
|upkeep
|turn|20
|
|t:|1598453463
|move|p1a: Hydreigon|Flamethrower|p2a: Corviknight
|-supereffective|p2a: Corviknight
|-damage|p2a: Corviknight|0 fnt
|-damage|p1a: Hydreigon|75/100|[from] item: Life Orb
|faint|p2a: Corviknight
|
|-weather|none
|upkeep
|
|t:|1598453469
|switch|p2a: Dragapult|Dragapult, M|100/100
|turn|21
|
|t:|1598453475
|switch|p1a: Ferrothorn|Ferrothorn, M|41/100
|move|p2a: Dragapult|U-turn|p1a: Ferrothorn
|-damage|p1a: Ferrothorn|19/100
|-damage|p2a: Dragapult|88/100|[from] ability: Iron Barbs|[of] p1a: Ferrothorn
|
|t:|1598453481
|switch|p2a: Hatterene|Hatterene, F|42/100|[from]move: U-turn
|
|-heal|p2a: Hatterene|48/100|[from] item: Leftovers
|-heal|p1a: Ferrothorn|25/100|[from] item: Leftovers
|upkeep
|turn|22
|
|t:|1598453484
|move|p2a: Hatterene|Mystical Fire|p1a: Ferrothorn
|-supereffective|p1a: Ferrothorn
|-damage|p1a: Ferrothorn|0 fnt
|faint|p1a: Ferrothorn
|
|-heal|p2a: Hatterene|53/100|[from] item: Leftovers
|upkeep
|
|t:|1598453491
|switch|p1a: Hydreigon|Hydreigon, F|75/100
|turn|23
|
|t:|1598453496
|switch|p2a: Excadrill|Excadrill, M|91/100
|move|p1a: Hydreigon|Flash Cannon|p2a: Excadrill
|-resisted|p2a: Excadrill
|-damage|p2a: Excadrill|72/100
|-damage|p1a: Hydreigon|65/100|[from] item: Life Orb
|
|-heal|p2a: Excadrill|78/100|[from] item: Leftovers
|upkeep
|turn|24
|
|t:|1598453521
|switch|p2a: Dragapult|Dragapult, M|88/100
|move|p1a: Hydreigon|Draco Meteor|p2a: Dragapult|[miss]
|-miss|p1a: Hydreigon|p2a: Dragapult
|
|upkeep
|turn|25
|c|☆ezwz|lol
|
|t:|1598453527
|switch|p1a: Clefable|Clefable, M|95/100
|move|p2a: Dragapult|U-turn|p1a: Clefable
|-resisted|p1a: Clefable
|-damage|p1a: Clefable|81/100
|-damage|p2a: Dragapult|72/100|[from] item: Rocky Helmet|[of] p1a: Clefable
|c|☆LT73IU N|u should thank me
|
|t:|1598453536
|switch|p2a: Excadrill|Excadrill, M|78/100|[from]move: U-turn
|
|-heal|p2a: Excadrill|84/100|[from] item: Leftovers
|upkeep
|turn|26
|
|t:|1598453553
|switch|p1a: Volcarona|Volcarona, M|100/100
|move|p2a: Excadrill|Earthquake|p1a: Volcarona
|-damage|p1a: Volcarona|46/100
|
|-heal|p2a: Excadrill|90/100|[from] item: Leftovers
|upkeep
|turn|27
|
|t:|1598453564
|switch|p2a: Dragapult|Dragapult, M|72/100
|switch|p1a: Hydreigon|Hydreigon, F|65/100
|
|upkeep
|turn|28
|
|t:|1598453586
|move|p2a: Dragapult|U-turn|p1a: Hydreigon
|-supereffective|p1a: Hydreigon
|-damage|p1a: Hydreigon|0 fnt
|faint|p1a: Hydreigon
|
|t:|1598453591
|switch|p2a: Excadrill|Excadrill, M|90/100|[from]move: U-turn
|
|-heal|p2a: Excadrill|96/100|[from] item: Leftovers
|upkeep
|
|t:|1598453598
|switch|p1a: Volcarona|Volcarona, M|46/100
|turn|29
|
|t:|1598453601
|move|p2a: Excadrill|Earthquake|p1a: Volcarona
|-damage|p1a: Volcarona|0 fnt
|faint|p1a: Volcarona
|
|-heal|p2a: Excadrill|100/100|[from] item: Leftovers
|upkeep
|inactive|ezwz has 120 seconds left.
|c|☆ezwz|the sludge bomb poison was lucky enough let alone that miss
|-message|ezwz forfeited.
|
|win|LT73IU N
|l|☆ezwz
|c|☆LT73IU N|the miss made exca win safely
