|j|☆Timmy257
|j|☆Kikoobuster
|t:|1641343311
|gametype|singles
|player|p1|Timmy257|266|1459
|player|p2|Kikoobuster|169|1480
|teamsize|p1|6
|teamsize|p2|6
|gen|8
|tier|[Gen 8] OU
|rated|
|rule|Sleep Clause Mod: Limit one foe put to sleep
|rule|Species Clause: Limit one of each Pokémon
|rule|OHKO Clause: OHKO moves are banned
|rule|Evasion Moves Clause: Evasion moves are banned
|rule|Endless Battle Clause: Forcing endless battles is banned
|rule|HP Percentage Mod: HP is shown in percentages
|rule|Dynamax Clause: You cannot dynamax
|clearpoke
|poke|p1|Skarmory, M|
|poke|p1|Ferrothorn, F|
|poke|p1|Blissey, F|
|poke|p1|Toxapex, M|
|poke|p1|Clefable, M|
|poke|p1|Quagsire, M|
|poke|p2|Lycanroc-Dusk, M|
|poke|p2|Excadrill, M|
|poke|p2|Hawlucha, F|
|poke|p2|Azumarill, F|
|poke|p2|Zeraora|
|poke|p2|Rillaboom, F|
|teampreview
|inactive|Battle timer is ON: inactive players will automatically lose when time's up. (requested by Timmy257)
|c|☆Timmy257|Glhf
|
|t:|1641343338
|start
|switch|p1a: Skarmory|Skarmory, M|100/100
|switch|p2a: Rillaboom|Rillaboom, F|100/100
|-fieldstart|move: Grassy Terrain|[from] ability: Grassy Surge|[of] p2a: Rillaboom
|turn|1
|c|☆Kikoobuster|gl hf
|
|t:|1641343343
|move|p2a: Rillaboom|Knock Off|p1a: Skarmory
|-damage|p1a: Skarmory|73/100
|-enditem|p1a: Skarmory|Leftovers|[from] move: Knock Off|[of] p2a: Rillaboom
|move|p1a: Skarmory|Spikes|p2a: Rillaboom
|-sidestart|p2: Kikoobuster|Spikes
|
|upkeep
|turn|2
|
|t:|1641343351
|switch|p2a: Excadrill|Excadrill, M|100/100
|-damage|p2a: Excadrill|88/100|[from] Spikes
|-ability|p2a: Excadrill|Mold Breaker
|move|p1a: Skarmory|Spikes|p2a: Excadrill
|-sidestart|p2: Kikoobuster|Spikes
|
|-heal|p2a: Excadrill|94/100|[from] Grassy Terrain
|upkeep
|turn|3
|
|t:|1641343359
|move|p2a: Excadrill|Rapid Spin|p1a: Skarmory
|-resisted|p1a: Skarmory
|-damage|p1a: Skarmory|68/100
|-boost|p2a: Excadrill|spe|1
|-sideend|p2: Kikoobuster|Spikes|[from] move: Rapid Spin|[of] p2a: Excadrill
|move|p1a: Skarmory|Roost|p1a: Skarmory
|-heal|p1a: Skarmory|100/100
|-singleturn|p1a: Skarmory|move: Roost
|
|-heal|p2a: Excadrill|99/100|[from] Grassy Terrain
|upkeep
|turn|4
|
|t:|1641343364
|switch|p2a: Azumarill|Azumarill, F|100/100
|move|p1a: Skarmory|Spikes|p2a: Azumarill
|-sidestart|p2: Kikoobuster|Spikes
|
|upkeep
|turn|5
|
|t:|1641343367
|move|p2a: Azumarill|Belly Drum|p2a: Azumarill
|-damage|p2a: Azumarill|50/100
|-setboost|p2a: Azumarill|atk|6|[from] move: Belly Drum
|-enditem|p2a: Azumarill|Sitrus Berry|[eat]
|-heal|p2a: Azumarill|75/100|[from] item: Sitrus Berry
|move|p1a: Skarmory|Whirlwind|p2a: Azumarill
|drag|p2a: Lycanroc|Lycanroc-Dusk, M|100/100
|-damage|p2a: Lycanroc|88/100|[from] Spikes
|
|-heal|p2a: Lycanroc|94/100|[from] Grassy Terrain
|-fieldend|move: Grassy Terrain
|upkeep
|turn|6
|
|t:|1641343378
|move|p2a: Lycanroc|Taunt|p1a: Skarmory
|-start|p1a: Skarmory|move: Taunt
|cant|p1a: Skarmory|move: Taunt|Spikes
|
|upkeep
|turn|7
|
|t:|1641343385
|switch|p1a: Clefable|Clefable, M|100/100
|move|p2a: Lycanroc|Stealth Rock|p1a: Clefable
|-sidestart|p1: Timmy257|move: Stealth Rock
|
|upkeep
|turn|8
|
|t:|1641343388
|move|p2a: Lycanroc|Taunt|p1a: Clefable
|-start|p1a: Clefable|move: Taunt
|move|p1a: Clefable|Knock Off|p2a: Lycanroc
|-damage|p2a: Lycanroc|70/100
|-enditem|p2a: Lycanroc|Focus Sash|[from] move: Knock Off|[of] p1a: Clefable
|
|upkeep
|turn|9
|
|t:|1641343395
|switch|p1a: Ferrothorn|Ferrothorn, F|100/100
|-damage|p1a: Ferrothorn|94/100|[from] Stealth Rock
|move|p2a: Lycanroc|Accelerock|p1a: Ferrothorn
|-resisted|p1a: Ferrothorn
|-damage|p1a: Ferrothorn|87/100
|-damage|p2a: Lycanroc|58/100|[from] ability: Iron Barbs|[of] p1a: Ferrothorn
|
|-heal|p1a: Ferrothorn|93/100|[from] item: Leftovers
|upkeep
|turn|10
|
|t:|1641343400
|move|p2a: Lycanroc|Taunt|p1a: Ferrothorn
|-start|p1a: Ferrothorn|move: Taunt
|move|p1a: Ferrothorn|Knock Off|p2a: Lycanroc
|-damage|p2a: Lycanroc|33/100
|
|-heal|p1a: Ferrothorn|99/100|[from] item: Leftovers
|upkeep
|turn|11
|
|t:|1641343402
|move|p2a: Lycanroc|Endeavor|p1a: Ferrothorn
|-damage|p1a: Ferrothorn|27/100
|-damage|p2a: Lycanroc|20/100|[from] ability: Iron Barbs|[of] p1a: Ferrothorn
|move|p1a: Ferrothorn|Knock Off|p2a: Lycanroc
|-damage|p2a: Lycanroc|0 fnt
|faint|p2a: Lycanroc
|
|-heal|p1a: Ferrothorn|33/100|[from] item: Leftovers
|upkeep
|
|t:|1641343413
|switch|p2a: Zeraora|Zeraora|100/100
|turn|12
|
|t:|1641343422
|switch|p1a: Quagsire|Quagsire, M|100/100
|-damage|p1a: Quagsire|94/100|[from] Stealth Rock
|move|p2a: Zeraora|Blaze Kick|p1a: Quagsire
|-resisted|p1a: Quagsire
|-damage|p1a: Quagsire|85/100
|
|-heal|p1a: Quagsire|91/100|[from] item: Leftovers
|upkeep
|turn|13
|
|t:|1641343428
|switch|p1a: Clefable|Clefable, M|100/100
|-damage|p1a: Clefable|88/100|[from] Stealth Rock
|move|p2a: Zeraora|Taunt|p1a: Clefable
|-start|p1a: Clefable|move: Taunt
|
|-heal|p1a: Clefable|94/100|[from] item: Leftovers
|upkeep
|turn|14
|
|t:|1641343434
|move|p2a: Zeraora|Plasma Fists|p1a: Clefable
|-damage|p1a: Clefable|57/100
|-fieldactivate|move: Ion Deluge
|-hint|Normal-type moves become Electric-type after using Plasma Fists.
|move|p1a: Clefable|Knock Off|p2a: Zeraora
|-damage|p2a: Zeraora|80/100
|-enditem|p2a: Zeraora|Heavy-Duty Boots|[from] move: Knock Off|[of] p1a: Clefable
|
|-heal|p1a: Clefable|63/100|[from] item: Leftovers
|upkeep
|turn|15
|
|t:|1641343443
|switch|p2a: Rillaboom|Rillaboom, F|100/100
|-damage|p2a: Rillaboom|88/100|[from] Spikes
|-fieldstart|move: Grassy Terrain|[from] ability: Grassy Surge|[of] p2a: Rillaboom
|switch|p1a: Quagsire|Quagsire, M|91/100
|-damage|p1a: Quagsire|85/100|[from] Stealth Rock
|
|-heal|p2a: Rillaboom|94/100|[from] Grassy Terrain
|-heal|p1a: Quagsire|91/100|[from] Grassy Terrain
|-heal|p1a: Quagsire|97/100|[from] item: Leftovers
|upkeep
|turn|16
|
|t:|1641343449
|switch|p1a: Skarmory|Skarmory, M|100/100
|-damage|p1a: Skarmory|88/100|[from] Stealth Rock
|move|p2a: Rillaboom|Knock Off|p1a: Skarmory
|-damage|p1a: Skarmory|68/100
|
|-heal|p2a: Rillaboom|100/100|[from] Grassy Terrain
|upkeep
|turn|17
|
|t:|1641343453
|switch|p2a: Excadrill|Excadrill, M|99/100
|-damage|p2a: Excadrill|88/100|[from] Spikes
|-ability|p2a: Excadrill|Mold Breaker
|move|p1a: Skarmory|Spikes|p2a: Excadrill
|-sidestart|p2: Kikoobuster|Spikes
|
|-heal|p2a: Excadrill|94/100|[from] Grassy Terrain
|upkeep
|turn|18
|
|t:|1641343456
|move|p2a: Excadrill|Rapid Spin|p1a: Skarmory
|-resisted|p1a: Skarmory
|-damage|p1a: Skarmory|63/100
|-boost|p2a: Excadrill|spe|1
|-sideend|p2: Kikoobuster|Spikes|[from] move: Rapid Spin|[of] p2a: Excadrill
|move|p1a: Skarmory|Roost|p1a: Skarmory
|-heal|p1a: Skarmory|100/100
|-singleturn|p1a: Skarmory|move: Roost
|
|-heal|p2a: Excadrill|99/100|[from] Grassy Terrain
|upkeep
|turn|19
|
|t:|1641343464
|move|p2a: Excadrill|Rock Slide|p1a: Skarmory|[miss]
|-miss|p2a: Excadrill|p1a: Skarmory
|move|p1a: Skarmory|Spikes|p2a: Excadrill
|-sidestart|p2: Kikoobuster|Spikes
|
|-heal|p2a: Excadrill|100/100|[from] Grassy Terrain
|-fieldend|move: Grassy Terrain
|upkeep
|turn|20
|
|t:|1641343482
|switch|p1a: Quagsire|Quagsire, M|97/100
|-damage|p1a: Quagsire|91/100|[from] Stealth Rock
|move|p2a: Excadrill|Rapid Spin|p1a: Quagsire
|-damage|p1a: Quagsire|79/100
|-boost|p2a: Excadrill|spe|1
|-sideend|p2: Kikoobuster|Spikes|[from] move: Rapid Spin|[of] p2a: Excadrill
|
|-heal|p1a: Quagsire|85/100|[from] item: Leftovers
|upkeep
|turn|21
|
|t:|1641343495
|switch|p2a: Azumarill|Azumarill, F|75/100
|move|p1a: Quagsire|Counter||[still]
|-fail|p1a: Quagsire
|
|-heal|p1a: Quagsire|91/100|[from] item: Leftovers
|upkeep
|turn|22
|
|t:|1641343501
|move|p2a: Azumarill|Knock Off|p1a: Quagsire
|-damage|p1a: Quagsire|61/100
|-enditem|p1a: Quagsire|Leftovers|[from] move: Knock Off|[of] p2a: Azumarill
|move|p1a: Quagsire|Toxic|p2a: Azumarill
|-status|p2a: Azumarill|tox
|
|-damage|p2a: Azumarill|69/100 tox|[from] psn
|upkeep
|turn|23
|
|t:|1641343508
|move|p2a: Azumarill|Belly Drum|p2a: Azumarill
|-damage|p2a: Azumarill|19/100 tox
|-setboost|p2a: Azumarill|atk|6|[from] move: Belly Drum
|move|p1a: Quagsire|Recover|p1a: Quagsire
|-heal|p1a: Quagsire|100/100
|
|-damage|p2a: Azumarill|7/100 tox|[from] psn
|upkeep
|turn|24
|
|t:|1641343515
|move|p2a: Azumarill|Aqua Jet|p1a: Quagsire
|-damage|p1a: Quagsire|82/100
|move|p1a: Quagsire|Scald|p2a: Azumarill
|-resisted|p2a: Azumarill
|-damage|p2a: Azumarill|0 fnt
|faint|p2a: Azumarill
|
|upkeep
|
|t:|1641343523
|switch|p2a: Rillaboom|Rillaboom, F|100/100
|-fieldstart|move: Grassy Terrain|[from] ability: Grassy Surge|[of] p2a: Rillaboom
|turn|25
|
|t:|1641343526
|switch|p1a: Skarmory|Skarmory, M|100/100
|-damage|p1a: Skarmory|88/100|[from] Stealth Rock
|move|p2a: Rillaboom|U-turn|p1a: Skarmory
|-resisted|p1a: Skarmory
|-damage|p1a: Skarmory|83/100
|
|t:|1641343535
|switch|p2a: Zeraora|Zeraora|80/100|[from]move: U-turn
|
|-heal|p2a: Zeraora|86/100|[from] Grassy Terrain
|upkeep
|turn|26
|
|t:|1641343546
|switch|p1a: Ferrothorn|Ferrothorn, F|33/100
|-damage|p1a: Ferrothorn|27/100|[from] Stealth Rock
|move|p2a: Zeraora|Taunt|p1a: Ferrothorn
|-start|p1a: Ferrothorn|move: Taunt
|
|-heal|p2a: Zeraora|92/100|[from] Grassy Terrain
|-heal|p1a: Ferrothorn|33/100|[from] Grassy Terrain
|-heal|p1a: Ferrothorn|40/100|[from] item: Leftovers
|upkeep
|turn|27
|
|t:|1641343550
|move|p2a: Zeraora|Blaze Kick|p1a: Ferrothorn
|-supereffective|p1a: Ferrothorn
|-damage|p1a: Ferrothorn|0 fnt
|-damage|p2a: Zeraora|80/100|[from] ability: Iron Barbs|[of] p1a: Ferrothorn
|faint|p1a: Ferrothorn
|
|-heal|p2a: Zeraora|86/100|[from] Grassy Terrain
|upkeep
|
|t:|1641343563
|switch|p1a: Quagsire|Quagsire, M|82/100
|-damage|p1a: Quagsire|76/100|[from] Stealth Rock
|turn|28
|
|t:|1641343566
|move|p2a: Zeraora|Taunt|p1a: Quagsire
|-start|p1a: Quagsire|move: Taunt
|move|p1a: Quagsire|Scald|p2a: Zeraora
|-damage|p2a: Zeraora|63/100
|
|-heal|p2a: Zeraora|69/100|[from] Grassy Terrain
|-heal|p1a: Quagsire|82/100|[from] Grassy Terrain
|upkeep
|turn|29
|
|t:|1641343575
|switch|p2a: Rillaboom|Rillaboom, F|100/100
|move|p1a: Quagsire|Scald|p2a: Rillaboom
|-resisted|p2a: Rillaboom
|-damage|p2a: Rillaboom|88/100
|-status|p2a: Rillaboom|brn
|
|-heal|p2a: Rillaboom|94/100 brn|[from] Grassy Terrain
|-heal|p1a: Quagsire|88/100|[from] Grassy Terrain
|-damage|p2a: Rillaboom|88/100 brn|[from] brn
|-fieldend|move: Grassy Terrain
|upkeep
|turn|30
|
|t:|1641343580
|switch|p1a: Toxapex|Toxapex, M|100/100
|-damage|p1a: Toxapex|88/100|[from] Stealth Rock
|move|p2a: Rillaboom|Grassy Glide|p1a: Toxapex
|-damage|p1a: Toxapex|68/100
|
|-heal|p1a: Toxapex|74/100|[from] item: Black Sludge
|-damage|p2a: Rillaboom|82/100 brn|[from] brn
|upkeep
|turn|31
|
|t:|1641343586
|switch|p2a: Zeraora|Zeraora|69/100
|move|p1a: Toxapex|Knock Off|p2a: Zeraora
|-damage|p2a: Zeraora|56/100
|
|-heal|p1a: Toxapex|80/100|[from] item: Black Sludge
|upkeep
|turn|32
|
|t:|1641343600
|switch|p1a: Quagsire|Quagsire, M|88/100
|-damage|p1a: Quagsire|82/100|[from] Stealth Rock
|move|p2a: Zeraora|Plasma Fists|p1a: Quagsire
|-immune|p1a: Quagsire
|
|upkeep
|turn|33
|
|t:|1641343608
|switch|p2a: Rillaboom|Rillaboom, F|82/100 brn
|-fieldstart|move: Grassy Terrain|[from] ability: Grassy Surge|[of] p2a: Rillaboom
|move|p1a: Quagsire|Scald|p2a: Rillaboom
|-resisted|p2a: Rillaboom
|-damage|p2a: Rillaboom|70/100 brn
|
|-heal|p2a: Rillaboom|76/100 brn|[from] Grassy Terrain
|-heal|p1a: Quagsire|88/100|[from] Grassy Terrain
|-damage|p2a: Rillaboom|70/100 brn|[from] brn
|upkeep
|turn|34
|
|t:|1641343611
|switch|p1a: Toxapex|Toxapex, M|100/100
|-damage|p1a: Toxapex|88/100|[from] Stealth Rock
|move|p2a: Rillaboom|U-turn|p1a: Toxapex
|-resisted|p1a: Toxapex
|-damage|p1a: Toxapex|82/100
|
|t:|1641343622
|switch|p2a: Hawlucha|Hawlucha, F|100/100|[from]move: U-turn
|-enditem|p2a: Hawlucha|Grassy Seed
|-boost|p2a: Hawlucha|def|1|[from] item: Grassy Seed
|
|-heal|p1a: Toxapex|88/100|[from] Grassy Terrain
|-heal|p1a: Toxapex|94/100|[from] item: Black Sludge
|upkeep
|turn|35
|
|t:|1641343636
|switch|p1a: Quagsire|Quagsire, M|88/100
|-damage|p1a: Quagsire|82/100|[from] Stealth Rock
|move|p2a: Hawlucha|Taunt|p1a: Quagsire
|-start|p1a: Quagsire|move: Taunt
|
|-heal|p1a: Quagsire|88/100|[from] Grassy Terrain
|upkeep
|turn|36
|
|t:|1641343642
|move|p2a: Hawlucha|Acrobatics|p1a: Quagsire
|-crit|p1a: Quagsire
|-damage|p1a: Quagsire|33/100
|move|p1a: Quagsire|Counter|p2a: Hawlucha
|-damage|p2a: Hawlucha|0 fnt
|faint|p2a: Hawlucha
|
|-heal|p1a: Quagsire|39/100|[from] Grassy Terrain
|upkeep
|
|t:|1641343651
|switch|p2a: Rillaboom|Rillaboom, F|70/100 brn
|turn|37
|
|t:|1641343662
|switch|p1a: Blissey|Blissey, F|100/100
|-damage|p1a: Blissey|88/100|[from] Stealth Rock
|move|p2a: Rillaboom|Grassy Glide|p1a: Blissey
|-damage|p1a: Blissey|25/100
|
|-heal|p2a: Rillaboom|76/100 brn|[from] Grassy Terrain
|-heal|p1a: Blissey|32/100|[from] Grassy Terrain
|-heal|p1a: Blissey|38/100|[from] item: Leftovers
|-damage|p2a: Rillaboom|70/100 brn|[from] brn
|-fieldend|move: Grassy Terrain
|upkeep
|turn|38
|
|t:|1641343668
|move|p2a: Rillaboom|Grassy Glide|p1a: Blissey
|-damage|p1a: Blissey|0 fnt
|faint|p1a: Blissey
|
|-damage|p2a: Rillaboom|64/100 brn|[from] brn
|upkeep
|
|t:|1641343675
|switch|p1a: Toxapex|Toxapex, M|100/100
|-damage|p1a: Toxapex|88/100|[from] Stealth Rock
|turn|39
|
|t:|1641343679
|switch|p2a: Zeraora|Zeraora|56/100
|move|p1a: Toxapex|Knock Off|p2a: Zeraora
|-damage|p2a: Zeraora|43/100
|
|-heal|p1a: Toxapex|94/100|[from] item: Black Sludge
|upkeep
|turn|40
|
|t:|1641343685
|move|p2a: Zeraora|Taunt|p1a: Toxapex
|-start|p1a: Toxapex|move: Taunt
|move|p1a: Toxapex|Scald|p2a: Zeraora
|-crit|p2a: Zeraora
|-damage|p2a: Zeraora|7/100
|
|-heal|p1a: Toxapex|100/100|[from] item: Black Sludge
|upkeep
|turn|41
|
|t:|1641343714
|switch|p2a: Rillaboom|Rillaboom, F|64/100 brn
|-fieldstart|move: Grassy Terrain|[from] ability: Grassy Surge|[of] p2a: Rillaboom
|move|p1a: Toxapex|Scald|p2a: Rillaboom
|-resisted|p2a: Rillaboom
|-damage|p2a: Rillaboom|53/100 brn
|
|-heal|p2a: Rillaboom|59/100 brn|[from] Grassy Terrain
|-damage|p2a: Rillaboom|53/100 brn|[from] brn
|upkeep
|turn|42
|
|t:|1641343725
|move|p2a: Rillaboom|Knock Off|p1a: Toxapex
|-crit|p1a: Toxapex
|-damage|p1a: Toxapex|74/100
|-enditem|p1a: Toxapex|Black Sludge|[from] move: Knock Off|[of] p2a: Rillaboom
|move|p1a: Toxapex|Knock Off|p2a: Rillaboom
|-damage|p2a: Rillaboom|37/100 brn
|-enditem|p2a: Rillaboom|Choice Band|[from] move: Knock Off|[of] p1a: Toxapex
|
|-heal|p2a: Rillaboom|43/100 brn|[from] Grassy Terrain
|-heal|p1a: Toxapex|80/100|[from] Grassy Terrain
|-damage|p2a: Rillaboom|37/100 brn|[from] brn
|-end|p1a: Toxapex|move: Taunt
|upkeep
|turn|43
|
|t:|1641343734
|move|p2a: Rillaboom|Grassy Glide|p1a: Toxapex
|-damage|p1a: Toxapex|65/100
|move|p1a: Toxapex|Toxic Spikes|p2a: Rillaboom
|-sidestart|p2: Kikoobuster|move: Toxic Spikes
|
|-heal|p2a: Rillaboom|43/100 brn|[from] Grassy Terrain
|-heal|p1a: Toxapex|71/100|[from] Grassy Terrain
|-damage|p2a: Rillaboom|37/100 brn|[from] brn
|upkeep
|turn|44
|
|t:|1641343741
|move|p2a: Rillaboom|High Horsepower|p1a: Toxapex|[miss]
|-miss|p2a: Rillaboom|p1a: Toxapex
|move|p1a: Toxapex|Knock Off|p2a: Rillaboom
|-damage|p2a: Rillaboom|28/100 brn
|
|-heal|p2a: Rillaboom|34/100 brn|[from] Grassy Terrain
|-heal|p1a: Toxapex|77/100|[from] Grassy Terrain
|-damage|p2a: Rillaboom|28/100 brn|[from] brn
|upkeep
|turn|45
|
|t:|1641343746
|move|p2a: Rillaboom|High Horsepower|p1a: Toxapex
|-supereffective|p1a: Toxapex
|-damage|p1a: Toxapex|55/100
|move|p1a: Toxapex|Recover|p1a: Toxapex
|-heal|p1a: Toxapex|100/100
|
|-heal|p2a: Rillaboom|34/100 brn|[from] Grassy Terrain
|-damage|p2a: Rillaboom|28/100 brn|[from] brn
|-fieldend|move: Grassy Terrain
|upkeep
|turn|46
|
|t:|1641343749
|switch|p2a: Excadrill|Excadrill, M|100/100
|-ability|p2a: Excadrill|Mold Breaker
|move|p1a: Toxapex|Knock Off|p2a: Excadrill
|-damage|p2a: Excadrill|82/100
|-enditem|p2a: Excadrill|Focus Sash|[from] move: Knock Off|[of] p1a: Toxapex
|
|upkeep
|turn|47
|
|t:|1641343758
|switch|p1a: Skarmory|Skarmory, M|83/100
|-damage|p1a: Skarmory|71/100|[from] Stealth Rock
|move|p2a: Excadrill|Rapid Spin|p1a: Skarmory
|-resisted|p1a: Skarmory
|-damage|p1a: Skarmory|65/100
|-boost|p2a: Excadrill|spe|1
|-sideend|p2: Kikoobuster|Toxic Spikes|[from] move: Rapid Spin|[of] p2a: Excadrill
|
|upkeep
|turn|48
|
|t:|1641343766
|move|p2a: Excadrill|Rock Slide|p1a: Skarmory
|-crit|p1a: Skarmory
|-damage|p1a: Skarmory|43/100
|cant|p1a: Skarmory|flinch
|
|upkeep
|turn|49
|
|t:|1641343771
|move|p2a: Excadrill|Rock Slide|p1a: Skarmory|[miss]
|-miss|p2a: Excadrill|p1a: Skarmory
|move|p1a: Skarmory|Roost|p1a: Skarmory
|-heal|p1a: Skarmory|93/100
|-singleturn|p1a: Skarmory|move: Roost
|
|upkeep
|turn|50
|
|t:|1641343781
|switch|p2a: Zeraora|Zeraora|7/100
|move|p1a: Skarmory|Spikes|p2a: Zeraora
|-sidestart|p2: Kikoobuster|Spikes
|
|upkeep
|turn|51
|
|t:|1641343799
|move|p2a: Zeraora|Plasma Fists|p1a: Skarmory
|-supereffective|p1a: Skarmory
|-damage|p1a: Skarmory|41/100
|-fieldactivate|move: Ion Deluge
|-hint|Normal-type moves become Electric-type after using Plasma Fists.
|move|p1a: Skarmory|Whirlwind|p2a: Zeraora
|-heal|p2a: Zeraora|32/100|[from] ability: Volt Absorb|[of] p1a: Skarmory
|
|upkeep
|turn|52
|c|☆Kikoobuster|;)
|c|☆Timmy257|O no
|
|t:|1641343823
|move|p2a: Zeraora|Taunt|p1a: Skarmory
|-start|p1a: Skarmory|move: Taunt
|cant|p1a: Skarmory|move: Taunt|Roost
|
|upkeep
|turn|53
|
|t:|1641343829
|move|p2a: Zeraora|Taunt||[still]
|-fail|p2a: Zeraora
|-activate|p1a: Skarmory|move: Struggle
|move|p1a: Skarmory|Struggle|p2a: Zeraora
|-damage|p2a: Zeraora|22/100
|-damage|p1a: Skarmory|15/100|[from] recoil
|
|upkeep
|turn|54
|
|t:|1641343832
|move|p2a: Zeraora|Plasma Fists|p1a: Skarmory
|-supereffective|p1a: Skarmory
|-damage|p1a: Skarmory|0 fnt
|-fieldactivate|move: Ion Deluge
|-hint|Normal-type moves become Electric-type after using Plasma Fists.
|faint|p1a: Skarmory
|
|upkeep
|
|t:|1641343843
|switch|p1a: Quagsire|Quagsire, M|39/100
|-damage|p1a: Quagsire|33/100|[from] Stealth Rock
|turn|55
|
|t:|1641343848
|switch|p2a: Rillaboom|Rillaboom, F|28/100 brn
|-damage|p2a: Rillaboom|15/100 brn|[from] Spikes
|-fieldstart|move: Grassy Terrain|[from] ability: Grassy Surge|[of] p2a: Rillaboom
|move|p1a: Quagsire|Scald|p2a: Rillaboom
|-resisted|p2a: Rillaboom
|-damage|p2a: Rillaboom|3/100 brn
|
|-heal|p2a: Rillaboom|9/100 brn|[from] Grassy Terrain
|-heal|p1a: Quagsire|39/100|[from] Grassy Terrain
|-damage|p2a: Rillaboom|3/100 brn|[from] brn
|upkeep
|turn|56
|
|t:|1641343852
|switch|p1a: Toxapex|Toxapex, M|100/100
|-damage|p1a: Toxapex|88/100|[from] Stealth Rock
|move|p2a: Rillaboom|Grassy Glide|p1a: Toxapex
|-damage|p1a: Toxapex|71/100
|
|-heal|p2a: Rillaboom|9/100 brn|[from] Grassy Terrain
|-heal|p1a: Toxapex|77/100|[from] Grassy Terrain
|-damage|p2a: Rillaboom|3/100 brn|[from] brn
|upkeep
|turn|57
|
|t:|1641343856
|move|p2a: Rillaboom|High Horsepower|p1a: Toxapex
|-supereffective|p1a: Toxapex
|-damage|p1a: Toxapex|54/100
|move|p1a: Toxapex|Scald|p2a: Rillaboom
|-resisted|p2a: Rillaboom
|-damage|p2a: Rillaboom|0 fnt
|faint|p2a: Rillaboom
|
|-heal|p1a: Toxapex|61/100|[from] Grassy Terrain
|upkeep
|
|t:|1641343860
|switch|p2a: Excadrill|Excadrill, M|82/100
|-damage|p2a: Excadrill|69/100|[from] Spikes
|-ability|p2a: Excadrill|Mold Breaker
|turn|58
|
|t:|1641343863
|move|p2a: Excadrill|Rapid Spin|p1a: Toxapex
|-damage|p1a: Toxapex|48/100
|-boost|p2a: Excadrill|spe|1
|-sideend|p2: Kikoobuster|Spikes|[from] move: Rapid Spin|[of] p2a: Excadrill
|move|p1a: Toxapex|Scald|p2a: Excadrill
|-supereffective|p2a: Excadrill
|-damage|p2a: Excadrill|24/100
|
|-heal|p2a: Excadrill|30/100|[from] Grassy Terrain
|-heal|p1a: Toxapex|54/100|[from] Grassy Terrain
|upkeep
|turn|59
|
|t:|1641343867
|switch|p2a: Zeraora|Zeraora|22/100
|move|p1a: Toxapex|Scald|p2a: Zeraora
|-damage|p2a: Zeraora|0 fnt
|faint|p2a: Zeraora
|
|-heal|p1a: Toxapex|60/100|[from] Grassy Terrain
|-fieldend|move: Grassy Terrain
|upkeep
|
|t:|1641343869
|switch|p2a: Excadrill|Excadrill, M|30/100
|-ability|p2a: Excadrill|Mold Breaker
|turn|60
|
|t:|1641343873
|switch|p1a: Quagsire|Quagsire, M|39/100
|-damage|p1a: Quagsire|33/100|[from] Stealth Rock
|move|p2a: Excadrill|Earthquake|p1a: Quagsire
|-damage|p1a: Quagsire|0 fnt
|faint|p1a: Quagsire
|
|upkeep
|
|t:|1641343879
|switch|p1a: Toxapex|Toxapex, M|94/100
|-damage|p1a: Toxapex|81/100|[from] Stealth Rock
|turn|61
|
|t:|1641343883
|move|p2a: Excadrill|Earthquake|p1a: Toxapex
|-supereffective|p1a: Toxapex
|-damage|p1a: Toxapex|3/100
|move|p1a: Toxapex|Scald|p2a: Excadrill
|-supereffective|p2a: Excadrill
|-damage|p2a: Excadrill|0 fnt
|faint|p2a: Excadrill
|
|win|Timmy257
|raw|Timmy257's rating: 1459 &rarr; <strong>1480</strong><br />(+21 for winning)
|raw|Kikoobuster's rating: 1480 &rarr; <strong>1459</strong><br />(-21 for losing)
|c|☆Kikoobuster|nooo
|c|☆Timmy257|Hg
|c|☆Timmy257|Gg
|c|☆Kikoobuster|gg
||Ladder isn't responding, score probably updated but might not have (Request timeout).
