|j|☆PQPP214
|j|☆pquigglez
|t:|1645583959
|gametype|singles
|player|p1|PQPP214|265|1425
|player|p2|pquigglez|170|1464
|teamsize|p1|6
|teamsize|p2|6
|gen|8
|tier|[Gen 8] OU
|rated|
|rule|Sleep Clause Mod: Limit one foe put to sleep
|rule|Species Clause: Limit one of each Pokémon
|rule|OHKO Clause: OHKO moves are banned
|rule|Evasion Moves Clause: Evasion moves are banned
|rule|Endless Battle Clause: Forcing endless battles is banned
|rule|HP Percentage Mod: HP is shown in percentages
|rule|Dynamax Clause: You cannot dynamax
|clearpoke
|poke|p1|Landorus-Therian, M|
|poke|p1|Tornadus-Therian, M|
|poke|p1|Zeraora|
|poke|p1|Zapdos-Galar|
|poke|p1|Jirachi|
|poke|p1|Toxapex, F|
|poke|p2|Pelipper, M|
|poke|p2|Barraskewda, F|
|poke|p2|Weezing-Galar, M|
|poke|p2|Ferrothorn, F|
|poke|p2|Tapu Lele|
|poke|p2|Seismitoad, M|
|teampreview
|inactive|Battle timer is ON: inactive players will automatically lose when time's up. (requested by PQPP214)
|inactive|pquigglez has 120 seconds left.
|
|t:|1645584005
|start
|switch|p1a: Zeraora|Zeraora, shiny|100/100
|switch|p2a: Pelipper|Pelipper, M|100/100
|-weather|RainDance|[from] ability: Drizzle|[of] p2a: Pelipper
|turn|1
|
|t:|1645584013
|switch|p2a: Seismitoad|Seismitoad, M|100/100
|move|p1a: Zeraora|Knock Off|p2a: Seismitoad
|-damage|p2a: Seismitoad|63/100
|-enditem|p2a: Seismitoad|Choice Specs|[from] move: Knock Off|[of] p1a: Zeraora
|
|-weather|RainDance|[upkeep]
|upkeep
|turn|2
|
|t:|1645584027
|switch|p1a: Tornadus|Tornadus-Therian, M, shiny|100/100
|move|p2a: Seismitoad|Weather Ball|p1a: Tornadus
|-damage|p1a: Tornadus|37/100
|
|-weather|RainDance|[upkeep]
|upkeep
|turn|3
|
|t:|1645584035
|switch|p1a: Toxapex|Toxapex, F, shiny|100/100
|move|p2a: Seismitoad|Weather Ball|p1a: Toxapex
|-resisted|p1a: Toxapex
|-damage|p1a: Toxapex|75/100
|
|-weather|RainDance|[upkeep]
|upkeep
|turn|4
|
|t:|1645584052
|move|p2a: Seismitoad|Earth Power|p1a: Toxapex
|-supereffective|p1a: Toxapex
|-damage|p1a: Toxapex|13/100
|move|p1a: Toxapex|Scald|p2a: Seismitoad
|-crit|p2a: Seismitoad
|-damage|p2a: Seismitoad|14/100
|
|-weather|RainDance|[upkeep]
|upkeep
|turn|5
|
|t:|1645584063
|switch|p1a: Jirachi|Jirachi, shiny|100/100
|move|p2a: Seismitoad|Weather Ball|p1a: Jirachi
|-damage|p1a: Jirachi|63/100
|
|-weather|RainDance|[upkeep]
|-heal|p1a: Jirachi|69/100|[from] item: Leftovers
|upkeep
|turn|6
|
|t:|1645584076
|switch|p2a: Ferrothorn|Ferrothorn, F|100/100
|switch|p1a: Tornadus|Tornadus-Therian, M, shiny|71/100
|
|-weather|RainDance|[upkeep]
|upkeep
|turn|7
|
|t:|1645584089
|switch|p1a: Zapdos|Zapdos-Galar|100/100
|move|p2a: Ferrothorn|Leech Seed|p1a: Zapdos
|-start|p1a: Zapdos|move: Leech Seed
|
|-weather|RainDance|[upkeep]
|-damage|p1a: Zapdos|88/100|[from] Leech Seed|[of] p2a: Ferrothorn
|upkeep
|turn|8
|
|t:|1645584096
|switch|p2a: Weezing|Weezing-Galar, M|100/100
|-ability|p2a: Weezing|Neutralizing Gas
|move|p1a: Zapdos|Close Combat|p2a: Weezing
|-resisted|p2a: Weezing
|-crit|p2a: Weezing
|-damage|p2a: Weezing|79/100
|-unboost|p1a: Zapdos|def|1
|-unboost|p1a: Zapdos|spd|1
|
|-weather|none
|-heal|p2a: Weezing|85/100|[from] item: Black Sludge
|-damage|p1a: Zapdos|76/100|[from] Leech Seed|[of] p2a: Weezing
|-heal|p2a: Weezing|97/100|[silent]
|upkeep
|turn|9
|
|t:|1645584116
|switch|p1a: Landorus|Landorus-Therian, M, shiny|100/100
|move|p2a: Weezing|Strange Steam|p1a: Landorus
|-damage|p1a: Landorus|81/100
|
|-heal|p1a: Landorus|87/100|[from] item: Leftovers
|-heal|p2a: Weezing|100/100|[from] item: Black Sludge
|upkeep
|turn|10
|
|t:|1645584125
|-end|p2a: Weezing|ability: Neutralizing Gas
|-ability|p1a: Landorus|Intimidate|boost
|-unboost|p2a: Weezing|atk|1
|switch|p2a: Pelipper|Pelipper, M|100/100
|-weather|RainDance|[from] ability: Drizzle|[of] p2a: Pelipper
|move|p1a: Landorus|U-turn|p2a: Pelipper
|-resisted|p2a: Pelipper
|-damage|p2a: Pelipper|90/100
|
|t:|1645584138
|switch|p1a: Zeraora|Zeraora, shiny|100/100|[from]move: U-turn
|
|-weather|RainDance|[upkeep]
|upkeep
|turn|11
|
|t:|1645584143
|switch|p2a: Ferrothorn|Ferrothorn, F|100/100
|move|p1a: Zeraora|Close Combat|p2a: Ferrothorn
|-supereffective|p2a: Ferrothorn
|-damage|p2a: Ferrothorn|60/100
|-unboost|p1a: Zeraora|def|1
|-unboost|p1a: Zeraora|spd|1
|-damage|p1a: Zeraora|88/100|[from] ability: Iron Barbs|[of] p2a: Ferrothorn
|-damage|p1a: Zeraora|72/100|[from] item: Rocky Helmet|[of] p2a: Ferrothorn
|
|-weather|RainDance|[upkeep]
|upkeep
|turn|12
|
|t:|1645584155
|switch|p1a: Zapdos|Zapdos-Galar|76/100
|move|p2a: Ferrothorn|Body Press|p1a: Zapdos
|-resisted|p1a: Zapdos
|-damage|p1a: Zapdos|59/100
|
|-weather|RainDance|[upkeep]
|upkeep
|turn|13
|
|t:|1645584164
|move|p1a: Zapdos|Brave Bird|p2a: Ferrothorn
|-damage|p2a: Ferrothorn|5/100
|-damage|p1a: Zapdos|46/100|[from] ability: Iron Barbs|[of] p2a: Ferrothorn
|-damage|p1a: Zapdos|30/100|[from] item: Rocky Helmet|[of] p2a: Ferrothorn
|-damage|p1a: Zapdos|10/100|[from] Recoil
|move|p2a: Ferrothorn|Stealth Rock|p1a: Zapdos
|-sidestart|p1: PQPP214|move: Stealth Rock
|
|-weather|RainDance|[upkeep]
|upkeep
|turn|14
|
|t:|1645584174
|switch|p1a: Landorus|Landorus-Therian, M, shiny|87/100
|-damage|p1a: Landorus|75/100|[from] Stealth Rock
|-ability|p1a: Landorus|Intimidate|boost
|-unboost|p2a: Ferrothorn|atk|1
|move|p2a: Ferrothorn|Leech Seed|p1a: Landorus
|-start|p1a: Landorus|move: Leech Seed
|
|-weather|RainDance|[upkeep]
|-heal|p1a: Landorus|81/100|[from] item: Leftovers
|-damage|p1a: Landorus|68/100|[from] Leech Seed|[of] p2a: Ferrothorn
|-heal|p2a: Ferrothorn|19/100|[silent]
|upkeep
|turn|15
|
|t:|1645584197
|move|p1a: Landorus|Defog|p2a: Ferrothorn
|-unboost|p2a: Ferrothorn|evasion|1
|-sideend|p1: PQPP214|Stealth Rock|[from] move: Defog|[of] p1a: Landorus
|move|p2a: Ferrothorn|Body Press|p1a: Landorus
|-resisted|p1a: Landorus
|-damage|p1a: Landorus|54/100
|
|-weather|RainDance|[upkeep]
|-heal|p1a: Landorus|60/100|[from] item: Leftovers
|-damage|p1a: Landorus|48/100|[from] Leech Seed|[of] p2a: Ferrothorn
|-heal|p2a: Ferrothorn|32/100|[silent]
|upkeep
|turn|16
|
|t:|1645584208
|move|p1a: Landorus|Earthquake|p2a: Ferrothorn
|-damage|p2a: Ferrothorn|4/100
|move|p2a: Ferrothorn|Stealth Rock|p1a: Landorus
|-sidestart|p1: PQPP214|move: Stealth Rock
|
|-weather|RainDance|[upkeep]
|-heal|p1a: Landorus|54/100|[from] item: Leftovers
|-damage|p1a: Landorus|42/100|[from] Leech Seed|[of] p2a: Ferrothorn
|-heal|p2a: Ferrothorn|18/100|[silent]
|upkeep
|turn|17
|
|t:|1645584217
|switch|p2a: Pelipper|Pelipper, M|90/100
|move|p1a: Landorus|Earthquake|p2a: Pelipper
|-immune|p2a: Pelipper
|
|-weather|none
|-heal|p1a: Landorus|48/100|[from] item: Leftovers
|-damage|p1a: Landorus|35/100|[from] Leech Seed|[of] p2a: Pelipper
|-heal|p2a: Pelipper|100/100|[silent]
|upkeep
|turn|18
|
|t:|1645584228
|move|p1a: Landorus|Defog|p2a: Pelipper
|-unboost|p2a: Pelipper|evasion|1
|-sideend|p1: PQPP214|Stealth Rock|[from] move: Defog|[of] p1a: Landorus
|move|p2a: Pelipper|U-turn|p1a: Landorus
|-resisted|p1a: Landorus
|-damage|p1a: Landorus|31/100
|
|t:|1645584236
|switch|p2a: Barraskewda|Barraskewda, F|100/100|[from]move: U-turn
|
|-heal|p1a: Landorus|37/100|[from] item: Leftovers
|-damage|p1a: Landorus|25/100|[from] Leech Seed|[of] p2a: Barraskewda
|upkeep
|turn|19
|
|t:|1645584244
|switch|p1a: Toxapex|Toxapex, F, shiny|46/100
|move|p2a: Barraskewda|Flip Turn|p1a: Toxapex
|-resisted|p1a: Toxapex
|-damage|p1a: Toxapex|31/100
|-damage|p2a: Barraskewda|84/100|[from] item: Rocky Helmet|[of] p1a: Toxapex
|
|t:|1645584252
|switch|p2a: Tapu Lele|Tapu Lele|100/100|[from]move: Flip Turn
|-fieldstart|move: Psychic Terrain|[from] ability: Psychic Surge|[of] p2a: Tapu Lele
|
|upkeep
|turn|20
|
|t:|1645584267
|switch|p1a: Jirachi|Jirachi, shiny|69/100
|move|p2a: Tapu Lele|Thunder|p1a: Jirachi
|-damage|p1a: Jirachi|42/100
|-status|p1a: Jirachi|par
|
|-heal|p1a: Jirachi|48/100 par|[from] item: Leftovers
|upkeep
|turn|21
|
|t:|1645584275
|switch|p2a: Pelipper|Pelipper, M|100/100
|-weather|RainDance|[from] ability: Drizzle|[of] p2a: Pelipper
|cant|p1a: Jirachi|par
|
|-weather|RainDance|[upkeep]
|-heal|p1a: Jirachi|54/100 par|[from] item: Leftovers
|upkeep
|turn|22
|
|t:|1645584285
|move|p2a: Pelipper|U-turn|p1a: Jirachi
|-damage|p1a: Jirachi|47/100 par
|
|t:|1645584289
|switch|p2a: Seismitoad|Seismitoad, M|14/100|[from]move: U-turn
|move|p1a: Jirachi|Stealth Rock|p2a: Seismitoad
|-sidestart|p2: pquigglez|move: Stealth Rock
|
|-weather|RainDance|[upkeep]
|-heal|p1a: Jirachi|54/100 par|[from] item: Leftovers
|upkeep
|turn|23
|
|t:|1645584298
|switch|p1a: Toxapex|Toxapex, F, shiny|65/100
|move|p2a: Seismitoad|Weather Ball|p1a: Toxapex
|-resisted|p1a: Toxapex
|-damage|p1a: Toxapex|38/100
|
|-weather|RainDance|[upkeep]
|-fieldend|move: Psychic Terrain
|upkeep
|turn|24
|
|t:|1645584307
|switch|p1a: Tornadus|Tornadus-Therian, M, shiny|100/100
|move|p2a: Seismitoad|Earth Power|p1a: Tornadus
|-immune|p1a: Tornadus
|
|-weather|RainDance|[upkeep]
|upkeep
|turn|25
|
|t:|1645584317
|move|p2a: Seismitoad|Weather Ball|p1a: Tornadus
|-damage|p1a: Tornadus|37/100
|move|p1a: Tornadus|Hurricane|p2a: Seismitoad
|-damage|p2a: Seismitoad|0 fnt
|faint|p2a: Seismitoad
|
|-weather|RainDance|[upkeep]
|upkeep
|
|t:|1645584331
|switch|p2a: Tapu Lele|Tapu Lele|100/100
|-damage|p2a: Tapu Lele|88/100|[from] Stealth Rock
|-fieldstart|move: Psychic Terrain|[from] ability: Psychic Surge|[of] p2a: Tapu Lele
|turn|26
|
|t:|1645584341
|switch|p1a: Jirachi|Jirachi, shiny|54/100 par
|move|p2a: Tapu Lele|Psyshock|p1a: Jirachi
|-resisted|p1a: Jirachi
|-damage|p1a: Jirachi|41/100 par
|
|-weather|RainDance|[upkeep]
|-heal|p1a: Jirachi|47/100 par|[from] item: Leftovers
|upkeep
|turn|27
|
|t:|1645584353
|switch|p2a: Ferrothorn|Ferrothorn, F|18/100
|-damage|p2a: Ferrothorn|12/100|[from] Stealth Rock
|switch|p1a: Landorus|Landorus-Therian, M, shiny|25/100
|-ability|p1a: Landorus|Intimidate|boost
|-unboost|p2a: Ferrothorn|atk|1
|
|-weather|RainDance|[upkeep]
|-heal|p1a: Landorus|31/100|[from] item: Leftovers
|upkeep
|turn|28
|
|t:|1645584363
|move|p1a: Landorus|U-turn|p2a: Ferrothorn
|-damage|p2a: Ferrothorn|0 fnt
|-damage|p1a: Landorus|18/100|[from] ability: Iron Barbs|[of] p2a: Ferrothorn
|-damage|p1a: Landorus|2/100|[from] item: Rocky Helmet|[of] p2a: Ferrothorn
|faint|p2a: Ferrothorn
|
|t:|1645584377
|switch|p1a: Tornadus|Tornadus-Therian, M, shiny|71/100|[from]move: U-turn
|
|-weather|none
|upkeep
|
|t:|1645584382
|switch|p2a: Pelipper|Pelipper, M|100/100
|-damage|p2a: Pelipper|76/100|[from] Stealth Rock
|-weather|RainDance|[from] ability: Drizzle|[of] p2a: Pelipper
|turn|29
|
|t:|1645584388
|move|p1a: Tornadus|Hurricane|p2a: Pelipper
|-damage|p2a: Pelipper|39/100
|-start|p2a: Pelipper|confusion
|-activate|p2a: Pelipper|confusion
|-damage|p2a: Pelipper|33/100|[from] confusion
|
|-weather|RainDance|[upkeep]
|upkeep
|turn|30
|
|t:|1645584398
|move|p1a: Tornadus|Hurricane|p2a: Pelipper
|-damage|p2a: Pelipper|0 fnt
|faint|p2a: Pelipper
|
|-weather|RainDance|[upkeep]
|-fieldend|move: Psychic Terrain
|upkeep
|
|t:|1645584405
|switch|p2a: Barraskewda|Barraskewda, F|84/100
|-damage|p2a: Barraskewda|72/100|[from] Stealth Rock
|turn|31
|
|t:|1645584410
|switch|p1a: Toxapex|Toxapex, F, shiny|71/100
|move|p2a: Barraskewda|Liquidation|p1a: Toxapex
|-resisted|p1a: Toxapex
|-damage|p1a: Toxapex|42/100
|-damage|p2a: Barraskewda|56/100|[from] item: Rocky Helmet|[of] p1a: Toxapex
|
|-weather|RainDance|[upkeep]
|upkeep
|turn|32
|-message|pquigglez forfeited.
|
|win|PQPP214
|raw|PQPP214's rating: 1425 &rarr; <strong>1447</strong><br />(+22 for winning)
|raw|pquigglez's rating: 1464 &rarr; <strong>1442</strong><br />(-22 for losing)
|l|☆pquigglez
