|j|☆ty-tyui↻
|j|☆gotsnsd
|t:|1665437066
|gametype|singles
|player|p1|ty-tyui↻|kamado|1611
|player|p2|gotsnsd|beauty-gen2jp|1605
|teamsize|p1|6
|teamsize|p2|6
|gen|8
|tier|[Gen 8] OU
|rated|
|rule|Sleep Clause Mod: Limit one foe put to sleep
|rule|Species Clause: Limit one of each Pokémon
|rule|OHKO Clause: OHKO moves are banned
|rule|Evasion Items Clause: Evasion items are banned
|rule|Evasion Moves Clause: Evasion moves are banned
|rule|Endless Battle Clause: Forcing endless battles is banned
|rule|HP Percentage Mod: HP is shown in percentages
|rule|Dynamax Clause: You cannot dynamax
|clearpoke
|poke|p1|Mienshao, F|
|poke|p1|Ninetales-Alola, M|
|poke|p1|Blacephalon|
|poke|p1|Landorus-Therian, M|
|poke|p1|Corviknight, M|
|poke|p1|Rotom-Wash|
|poke|p2|Melmetal|
|poke|p2|Blacephalon|
|poke|p2|Kartana|
|poke|p2|Tapu Fini|
|poke|p2|Tornadus-Therian, M|
|poke|p2|Landorus-Therian, M|
|teampreview
|
|t:|1665437075
|start
|switch|p1a: Rotom|Rotom-Wash|100/100
|switch|p2a: Blacephalon|Blacephalon|100/100
|turn|1
|
|t:|1665437081
|move|p2a: Blacephalon|Shadow Ball|p1a: Rotom
|-damage|p1a: Rotom|41/100
|move|p1a: Rotom|Hydro Pump|p2a: Blacephalon
|-supereffective|p2a: Blacephalon
|-damage|p2a: Blacephalon|0 fnt
|faint|p2a: Blacephalon
|
|-heal|p1a: Rotom|47/100|[from] item: Leftovers
|upkeep
|
|t:|1665437086
|switch|p2a: Kartana|Kartana|100/100
|turn|2
|
|t:|1665437091
|switch|p2a: Tapu Fini|Tapu Fini|100/100
|-fieldstart|move: Misty Terrain|[from] ability: Misty Surge|[of] p2a: Tapu Fini
|switch|p1a: Corviknight|Corviknight, M|100/100
|-ability|p1a: Corviknight|Pressure
|
|upkeep
|turn|3
|
|t:|1665437093
|move|p2a: Tapu Fini|Trick|p1a: Corviknight
|-activate|p2a: Tapu Fini|move: Trick|[of] p1a: Corviknight
|-item|p1a: Corviknight|Choice Scarf|[from] move: Trick
|-item|p2a: Tapu Fini|Rocky Helmet|[from] move: Trick
|move|p1a: Corviknight|U-turn|p2a: Tapu Fini
|-resisted|p2a: Tapu Fini
|-damage|p2a: Tapu Fini|93/100
|-damage|p1a: Corviknight|84/100|[from] item: Rocky Helmet|[of] p2a: Tapu Fini
|
|t:|1665437096
|switch|p1a: Rotom|Rotom-Wash|47/100|[from]move: U-turn
|
|-heal|p1a: Rotom|53/100|[from] item: Leftovers
|upkeep
|turn|4
|
|t:|1665437099
|move|p2a: Tapu Fini|Moonblast|p1a: Rotom
|-damage|p1a: Rotom|25/100
|move|p1a: Rotom|Pain Split|p2a: Tapu Fini
|-sethp|p2a: Tapu Fini|58/100|[from] move: Pain Split|[silent]
|-sethp|p1a: Rotom|65/100|[from] move: Pain Split
|
|-heal|p1a: Rotom|71/100|[from] item: Leftovers
|upkeep
|turn|5
|
|t:|1665437109
|switch|p2a: Landorus|Landorus-Therian, M|100/100
|-ability|p2a: Landorus|Intimidate|boost
|-unboost|p1a: Rotom|atk|1
|move|p1a: Rotom|Pain Split|p2a: Landorus
|-sethp|p2a: Landorus|79/100|[from] move: Pain Split|[silent]
|-sethp|p1a: Rotom|98/100|[from] move: Pain Split
|
|-heal|p2a: Landorus|85/100|[from] item: Leftovers
|-heal|p1a: Rotom|100/100|[from] item: Leftovers
|upkeep
|turn|6
|
|t:|1665437113
|move|p2a: Landorus|Stealth Rock|p1a: Rotom
|-sidestart|p1: ty-tyui↻|move: Stealth Rock
|move|p1a: Rotom|Hydro Pump|p2a: Landorus
|-supereffective|p2a: Landorus
|-damage|p2a: Landorus|0 fnt
|faint|p2a: Landorus
|
|-fieldend|Misty Terrain
|upkeep
|
|t:|1665437118
|switch|p2a: Kartana|Kartana|100/100
|turn|7
|
|t:|1665437121
|switch|p1a: Corviknight|Corviknight, M|84/100
|-damage|p1a: Corviknight|71/100|[from] Stealth Rock
|-ability|p1a: Corviknight|Pressure
|move|p2a: Kartana|Swords Dance|p2a: Kartana
|-boost|p2a: Kartana|atk|2
|
|upkeep
|turn|8
|
|t:|1665437123
|move|p2a: Kartana|Swords Dance|p2a: Kartana
|-boost|p2a: Kartana|atk|2
|move|p1a: Corviknight|Defog|p2a: Kartana
|-unboost|p2a: Kartana|evasion|1
|-sideend|p1: ty-tyui↻|Stealth Rock|[from] move: Defog|[of] p1a: Corviknight
|
|upkeep
|turn|9
|
|t:|1665437133
|switch|p1a: Landorus|Landorus-Therian, M|100/100
|-ability|p1a: Landorus|Intimidate|boost
|-unboost|p2a: Kartana|atk|1
|move|p2a: Kartana|Sacred Sword|p1a: Landorus
|-resisted|p1a: Landorus
|-damage|p1a: Landorus|49/100
|
|-heal|p1a: Landorus|55/100|[from] item: Leftovers
|upkeep
|turn|10
|
|t:|1665437138
|move|p2a: Kartana|Leaf Blade|p1a: Landorus
|-damage|p1a: Landorus|0 fnt
|faint|p1a: Landorus
|-ability|p2a: Kartana|Beast Boost|boost
|-boost|p2a: Kartana|atk|1
|
|upkeep
|
|t:|1665437142
|switch|p1a: Blacephalon|Blacephalon, shiny|100/100
|turn|11
|
|t:|1665437148
|switch|p2a: Tornadus|Tornadus-Therian, M|100/100
|move|p1a: Blacephalon|Shadow Ball|p2a: Tornadus
|-damage|p2a: Tornadus|53/100
|
|upkeep
|turn|12
|
|t:|1665437153
|switch|p1a: Corviknight|Corviknight, M|71/100
|-ability|p1a: Corviknight|Pressure
|move|p2a: Tornadus|Knock Off|p1a: Corviknight
|-crit|p1a: Corviknight
|-damage|p1a: Corviknight|52/100
|-enditem|p1a: Corviknight|Choice Scarf|[from] move: Knock Off|[of] p2a: Tornadus
|
|upkeep
|turn|13
|
|t:|1665437160
|move|p2a: Tornadus|Taunt|p1a: Corviknight
|-start|p1a: Corviknight|move: Taunt
|cant|p1a: Corviknight|move: Taunt|Roost
|
|upkeep
|turn|14
|
|t:|1665437164
|switch|p2a: Tapu Fini|Tapu Fini|58/100
|-fieldstart|move: Misty Terrain|[from] ability: Misty Surge|[of] p2a: Tapu Fini
|switch|p1a: Rotom|Rotom-Wash|100/100
|
|upkeep
|turn|15
|
|t:|1665437172
|move|p2a: Tapu Fini|Moonblast|p1a: Rotom
|-damage|p1a: Rotom|73/100
|-unboost|p1a: Rotom|spa|1
|move|p1a: Rotom|Volt Switch|p2a: Tapu Fini
|-supereffective|p2a: Tapu Fini
|-damage|p2a: Tapu Fini|31/100
|inactive|Battle timer is ON: inactive players will automatically lose when time's up. (requested by ty-tyui↻)
|
|t:|1665437178
|switch|p1a: Blacephalon|Blacephalon, shiny|100/100|[from]move: Volt Switch
|
|upkeep
|turn|16
|j| Kyurem
|
|t:|1665437182
|move|p1a: Blacephalon|Shadow Ball|p2a: Tapu Fini
|-damage|p2a: Tapu Fini|0 fnt
|faint|p2a: Tapu Fini
|-ability|p1a: Blacephalon|Beast Boost|boost
|-boost|p1a: Blacephalon|spa|1
|
|upkeep
|
|t:|1665437184
|switch|p2a: Tornadus|Tornadus-Therian, M|86/100
|turn|17
|
|t:|1665437189
|switch|p1a: Rotom|Rotom-Wash|73/100
|move|p2a: Tornadus|Knock Off|p1a: Rotom
|-damage|p1a: Rotom|49/100
|-enditem|p1a: Rotom|Leftovers|[from] move: Knock Off|[of] p2a: Tornadus
|
|upkeep
|turn|18
|
|t:|1665437194
|move|p2a: Tornadus|Taunt|p1a: Rotom
|-start|p1a: Rotom|move: Taunt
|cant|p1a: Rotom|move: Taunt|Thunder Wave
|
|-fieldend|Misty Terrain
|upkeep
|turn|19
|
|t:|1665437201
|move|p2a: Tornadus|Hurricane|p1a: Rotom
|-resisted|p1a: Rotom
|-damage|p1a: Rotom|31/100
|-start|p1a: Rotom|confusion
|-activate|p1a: Rotom|confusion
|move|p1a: Rotom|Volt Switch|p2a: Tornadus
|-supereffective|p2a: Tornadus
|-damage|p2a: Tornadus|39/100
|
|t:|1665437206
|switch|p1a: Blacephalon|Blacephalon, shiny|100/100|[from]move: Volt Switch
|
|upkeep
|turn|20
|c|☆ty-tyui↻|gg
|
|t:|1665437217
|switch|p2a: Kartana|Kartana|100/100
|move|p1a: Blacephalon|Flamethrower|p2a: Kartana
|-supereffective|p2a: Kartana
|-damage|p2a: Kartana|0 fnt
|faint|p2a: Kartana
|-ability|p1a: Blacephalon|Beast Boost|boost
|-boost|p1a: Blacephalon|spa|1
|
|upkeep
|
|t:|1665437220
|switch|p2a: Tornadus|Tornadus-Therian, M|72/100
|turn|21
|
|t:|1665437223
|move|p1a: Blacephalon|Flamethrower|p2a: Tornadus
|-damage|p2a: Tornadus|0 fnt
|faint|p2a: Tornadus
|-ability|p1a: Blacephalon|Beast Boost|boost
|-boost|p1a: Blacephalon|spa|1
|
|upkeep
|
|t:|1665437230
|switch|p2a: Melmetal|Melmetal|100/100
|turn|22
|
|t:|1665437233
|move|p1a: Blacephalon|Flamethrower|p2a: Melmetal
|-supereffective|p2a: Melmetal
|-damage|p2a: Melmetal|0 fnt
|faint|p2a: Melmetal
|
|win|ty-tyui↻
|raw|ty-tyui↻'s rating: 1611 &rarr; <strong>1631</strong><br />(+20 for winning)
|raw|gotsnsd's rating: 1605 &rarr; <strong>1585</strong><br />(-20 for losing)
|l|☆gotsnsd
||Ladder isn't responding, score probably updated but might not have (Request timeout).
