|j|☆LT82ZW Guatemala
|j|☆galarian dragapult
|t:|1662609474
|gametype|singles
|player|p1|LT82ZW Guatemala|169|1807
|player|p2|galarian dragapult|zinzolin|1800
|teamsize|p1|6
|teamsize|p2|6
|gen|8
|tier|[Gen 8] OU
|rated|
|rule|Sleep Clause Mod: Limit one foe put to sleep
|rule|Species Clause: Limit one of each Pokémon
|rule|OHKO Clause: OHKO moves are banned
|rule|Evasion Items Clause: Evasion items are banned
|rule|Evasion Moves Clause: Evasion moves are banned
|rule|Endless Battle Clause: Forcing endless battles is banned
|rule|HP Percentage Mod: HP is shown in percentages
|rule|Dynamax Clause: You cannot dynamax
|clearpoke
|poke|p1|Tornadus-Therian, M|
|poke|p1|Landorus-Therian, M|
|poke|p1|Ferrothorn, F|
|poke|p1|Tapu Lele|
|poke|p1|Goodra, M|
|poke|p1|Garchomp, F|
|poke|p2|Crawdaunt, M|
|poke|p2|Dragapult, M|
|poke|p2|Landorus-Therian, M|
|poke|p2|Aegislash, M|
|poke|p2|Ferrothorn, F|
|poke|p2|Nidoking, M|
|teampreview
|inactive|Battle timer is ON: inactive players will automatically lose when time's up. (requested by LT82ZW Guatemala)
|l|☆LT82ZW Guatemala
|inactive|LT82ZW Guatemala disconnected and has a minute to reconnect!
|player|p1|
|j|☆LT82ZW Guatemala
|inactive|LT82ZW Guatemala reconnected.
|player|p1|LT82ZW Guatemala|169
|inactive|galarian dragapult has 120 seconds left.
|
|t:|1662609522
|start
|switch|p1a: Tornadus|Tornadus-Therian, M|100/100
|switch|p2a: Landorus|Landorus-Therian, M|100/100
|-ability|p2a: Landorus|Intimidate|boost
|-unboost|p1a: Tornadus|atk|1
|turn|1
|
|t:|1662609537
|move|p1a: Tornadus|Knock Off|p2a: Landorus
|-damage|p2a: Landorus|87/100
|-enditem|p2a: Landorus|Leftovers|[from] move: Knock Off|[of] p1a: Tornadus
|move|p2a: Landorus|Toxic|p1a: Tornadus
|-status|p1a: Tornadus|tox
|
|-damage|p1a: Tornadus|94/100 tox|[from] psn
|upkeep
|turn|2
|
|t:|1662609552
|move|p1a: Tornadus|U-turn|p2a: Landorus
|-resisted|p2a: Landorus
|-damage|p2a: Landorus|83/100
|
|t:|1662609554
|switch|p1a: Landorus|Landorus-Therian, M|100/100|[from]move: U-turn
|-ability|p1a: Landorus|Intimidate|boost
|-unboost|p2a: Landorus|atk|1
|move|p2a: Landorus|U-turn|p1a: Landorus
|-resisted|p1a: Landorus
|-damage|p1a: Landorus|93/100
|j| nodragondanceinrb
|
|t:|1662609561
|switch|p2a: Nidoking|Nidoking, M|100/100|[from]move: U-turn
|
|-heal|p1a: Landorus|99/100|[from] item: Leftovers
|upkeep
|turn|3
|
|t:|1662609571
|switch|p1a: Ferrothorn|Ferrothorn, F|100/100
|move|p2a: Nidoking|Ice Beam|p1a: Ferrothorn
|-damage|p1a: Ferrothorn|75/100
|
|-heal|p1a: Ferrothorn|81/100|[from] item: Leftovers
|upkeep
|turn|4
|
|t:|1662609580
|switch|p2a: Ferrothorn|Ferrothorn, F|100/100
|switch|p1a: Goodra|Goodra, M|100/100
|
|upkeep
|turn|5
|
|t:|1662609585
|switch|p2a: Landorus|Landorus-Therian, M|83/100
|-ability|p2a: Landorus|Intimidate|boost
|-unboost|p1a: Goodra|atk|1
|move|p1a: Goodra|Infestation|p2a: Landorus
|-resisted|p2a: Landorus
|-damage|p2a: Landorus|80/100
|-activate|p2a: Landorus|move: Infestation|[of] p1a: Goodra
|
|-damage|p2a: Landorus|68/100|[from] move: Infestation|[partiallytrapped]
|upkeep
|turn|6
|
|t:|1662609588
|move|p1a: Goodra|Draco Meteor|p2a: Landorus
|-damage|p2a: Landorus|22/100
|-unboost|p1a: Goodra|spa|2
|move|p2a: Landorus|U-turn|p1a: Goodra
|-damage|p1a: Goodra|71/100
|
|t:|1662609596
|switch|p2a: Crawdaunt|Crawdaunt, M|100/100|[from]move: U-turn
|
|-heal|p1a: Goodra|77/100|[from] item: Leftovers
|upkeep
|turn|7
|
|t:|1662609599
|move|p1a: Goodra|Focus Blast|p2a: Crawdaunt
|-supereffective|p2a: Crawdaunt
|-damage|p2a: Crawdaunt|17/100
|move|p2a: Crawdaunt|Knock Off|p1a: Goodra
|-damage|p1a: Goodra|0 fnt
|-enditem|p1a: Goodra|Leftovers|[from] move: Knock Off|[of] p2a: Crawdaunt
|faint|p1a: Goodra
|-damage|p2a: Crawdaunt|8/100|[from] item: Life Orb
|
|upkeep
|
|t:|1662609608
|switch|p1a: Tapu Lele|Tapu Lele|100/100
|-fieldstart|move: Psychic Terrain|[from] ability: Psychic Surge|[of] p1a: Tapu Lele
|turn|8
|
|t:|1662609611
|move|p1a: Tapu Lele|Moonblast|p2a: Crawdaunt
|-supereffective|p2a: Crawdaunt
|-damage|p2a: Crawdaunt|0 fnt
|faint|p2a: Crawdaunt
|
|upkeep
|
|t:|1662609618
|switch|p2a: Aegislash|Aegislash, M|100/100
|turn|9
|
|t:|1662609620
|switch|p1a: Tornadus|Tornadus-Therian, M|100/100 tox
|move|p2a: Aegislash|Swords Dance|p2a: Aegislash
|-boost|p2a: Aegislash|atk|2
|
|-damage|p1a: Tornadus|94/100 tox|[from] psn
|upkeep
|turn|10
|
|t:|1662609628
|move|p1a: Tornadus|Heat Wave|p2a: Aegislash
|-supereffective|p2a: Aegislash
|-damage|p2a: Aegislash|56/100
|-enditem|p2a: Aegislash|Weakness Policy
|-boost|p2a: Aegislash|atk|2|[from] item: Weakness Policy
|-boost|p2a: Aegislash|spa|2|[from] item: Weakness Policy
|-formechange|p2a: Aegislash|Aegislash-Blade||[from] ability: Stance Change
|move|p2a: Aegislash|Shadow Claw|p1a: Tornadus
|-damage|p1a: Tornadus|0 fnt
|faint|p1a: Tornadus
|
|upkeep
|
|t:|1662609634
|switch|p1a: Garchomp|Garchomp, F|100/100
|turn|11
|
|t:|1662609650
|switch|p2a: Landorus|Landorus-Therian, M|22/100
|-ability|p2a: Landorus|Intimidate|boost
|-unboost|p1a: Garchomp|atk|1
|move|p1a: Garchomp|Scale Shot|p2a: Landorus
|-damage|p2a: Landorus|12/100
|-damage|p2a: Landorus|3/100
|-damage|p2a: Landorus|0 fnt
|faint|p2a: Landorus
|-hitcount|p2: Landorus|3
|-unboost|p1a: Garchomp|def|1
|-boost|p1a: Garchomp|spe|1
|
|upkeep
|
|t:|1662609658
|switch|p2a: Ferrothorn|Ferrothorn, F|100/100
|turn|12
|
|t:|1662609661
|move|p1a: Garchomp|Swords Dance|p1a: Garchomp
|-boost|p1a: Garchomp|atk|2
|move|p2a: Ferrothorn|Gyro Ball|p1a: Garchomp
|-damage|p1a: Garchomp|30/100
|-damage|p2a: Ferrothorn|88/100|[from] ability: Rough Skin|[of] p1a: Garchomp
|
|-heal|p2a: Ferrothorn|94/100|[from] item: Leftovers
|-fieldend|move: Psychic Terrain
|upkeep
|turn|13
|j| Gilbraker kekkk
|
|t:|1662609666
|move|p1a: Garchomp|Fire Fang|p2a: Ferrothorn
|-supereffective|p2a: Ferrothorn
|-damage|p2a: Ferrothorn|9/100
|-damage|p1a: Garchomp|17/100|[from] ability: Iron Barbs|[of] p2a: Ferrothorn
|move|p2a: Ferrothorn|Gyro Ball|p1a: Garchomp
|-crit|p1a: Garchomp
|-damage|p1a: Garchomp|0 fnt
|-damage|p2a: Ferrothorn|0 fnt|[from] ability: Rough Skin|[of] p1a: Garchomp
|faint|p1a: Garchomp
|faint|p2a: Ferrothorn
|
|upkeep
|
|t:|1662609684
|switch|p1a: Tapu Lele|Tapu Lele|100/100
|switch|p2a: Nidoking|Nidoking, M|100/100
|-fieldstart|move: Psychic Terrain|[from] ability: Psychic Surge|[of] p1a: Tapu Lele
|turn|14
|
|t:|1662609687
|move|p2a: Nidoking|Sludge Wave|p1a: Tapu Lele
|-supereffective|p1a: Tapu Lele
|-damage|p1a: Tapu Lele|2/100
|move|p1a: Tapu Lele|Psychic|p2a: Nidoking
|-supereffective|p2a: Nidoking
|-damage|p2a: Nidoking|0 fnt
|faint|p2a: Nidoking
|
|upkeep
|
|t:|1662609692
|switch|p2a: Aegislash|Aegislash, M|56/100
|turn|15
|
|t:|1662609698
|switch|p1a: Ferrothorn|Ferrothorn, F|81/100
|move|p2a: Aegislash|Swords Dance|p2a: Aegislash
|-boost|p2a: Aegislash|atk|2
|
|-heal|p1a: Ferrothorn|87/100|[from] item: Leftovers
|upkeep
|turn|16
|
|t:|1662609705
|-formechange|p2a: Aegislash|Aegislash-Blade||[from] ability: Stance Change
|move|p2a: Aegislash|Shadow Claw|p1a: Ferrothorn
|-damage|p1a: Ferrothorn|35/100
|-damage|p2a: Aegislash|44/100|[from] ability: Iron Barbs|[of] p1a: Ferrothorn
|move|p1a: Ferrothorn|Spikes|p2a: Aegislash
|-sidestart|p2: galarian dragapult|Spikes
|
|-heal|p1a: Ferrothorn|41/100|[from] item: Leftovers
|upkeep
|turn|17
|
|t:|1662609711
|move|p2a: Aegislash|Shadow Claw|p1a: Ferrothorn
|-damage|p1a: Ferrothorn|0 fnt
|-damage|p2a: Aegislash|32/100|[from] ability: Iron Barbs|[of] p1a: Ferrothorn
|faint|p1a: Ferrothorn
|
|upkeep
|
|t:|1662609714
|switch|p1a: Landorus|Landorus-Therian, M|99/100
|-ability|p1a: Landorus|Intimidate|boost
|-unboost|p2a: Aegislash|atk|1
|turn|18
|
|t:|1662609717
|move|p2a: Aegislash|Shadow Sneak|p1a: Landorus
|-hint|Psychic Terrain doesn't affect Pokémon immune to Ground.
|-damage|p1a: Landorus|63/100
|move|p1a: Landorus|Earthquake|p2a: Aegislash
|-supereffective|p2a: Aegislash
|-damage|p2a: Aegislash|0 fnt
|faint|p2a: Aegislash
|
|-heal|p1a: Landorus|69/100|[from] item: Leftovers
|-fieldend|move: Psychic Terrain
|upkeep
|
|t:|1662609719
|switch|p2a: Dragapult|Dragapult, M|100/100
|-damage|p2a: Dragapult|88/100|[from] Spikes
|turn|19
|
|t:|1662609721
|move|p2a: Dragapult|Shadow Ball|p1a: Landorus
|-damage|p1a: Landorus|21/100
|move|p1a: Landorus|Knock Off|p2a: Dragapult
|-supereffective|p2a: Dragapult
|-damage|p2a: Dragapult|0 fnt
|-enditem|p2a: Dragapult|Choice Specs|[from] move: Knock Off|[of] p1a: Landorus
|faint|p2a: Dragapult
|
|win|LT82ZW Guatemala
|raw|LT82ZW Guatemala's rating: 1807 &rarr; <strong>1827</strong><br />(+20 for winning)
|raw|galarian dragapult's rating: 1800 &rarr; <strong>1780</strong><br />(-20 for losing)
|l|☆galarian dragapult
|c|☆LT82ZW Guatemala|Gg
|l| Gilbraker kekkk
||Ladder isn't responding, score probably updated but might not have (Request timeout).
