|j|☆greatalex
|j|☆Lost Temple
|t:|1667016029
|gametype|singles
|player|p1|greatalex|169|1592
|player|p2|Lost Temple|brock-gen1rb|1675
|teamsize|p1|6
|teamsize|p2|6
|gen|8
|tier|[Gen 8] OU
|rated|
|rule|Sleep Clause Mod: Limit one foe put to sleep
|rule|Species Clause: Limit one of each Pokémon
|rule|OHKO Clause: OHKO moves are banned
|rule|Evasion Items Clause: Evasion items are banned
|rule|Evasion Moves Clause: Evasion moves are banned
|rule|Endless Battle Clause: Forcing endless battles is banned
|rule|HP Percentage Mod: HP is shown in percentages
|rule|Dynamax Clause: You cannot dynamax
|clearpoke
|poke|p1|Claydol|
|poke|p1|Landorus-Therian, M|
|poke|p1|Grimmsnarl, M|
|poke|p1|Volcarona, M|
|poke|p1|Zapdos-Galar|
|poke|p1|Rillaboom, F|
|poke|p2|Nidoking, M|
|poke|p2|Urshifu-*, M|
|poke|p2|Landorus-Therian, M|
|poke|p2|Slowking, M|
|poke|p2|Heatran, M|
|poke|p2|Mandibuzz, F|
|teampreview
|
|t:|1667016047
|start
|switch|p1a: Zapdos|Zapdos-Galar|100/100
|switch|p2a: Nidoking|Nidoking, M|100/100
|turn|1
|
|t:|1667016054
|switch|p2a: Slowking|Slowking, M|100/100
|move|p1a: Zapdos|Brave Bird|p2a: Slowking
|-damage|p2a: Slowking|50/100
|-damage|p1a: Zapdos|80/100|[from] Recoil
|-enditem|p2a: Slowking|Eject Button
|
|t:|1667016059
|switch|p2a: Heatran|Heatran, M|100/100
|
|upkeep
|turn|2
|
|t:|1667016067
|switch|p1a: Claydol|Claydol|100/100
|move|p2a: Heatran|Stealth Rock|p1a: Claydol
|-sidestart|p1: greatalex|move: Stealth Rock
|
|upkeep
|turn|3
|
|t:|1667016076
|move|p2a: Heatran|Magma Storm|p1a: Claydol
|-damage|p1a: Claydol|67/100
|-activate|p1a: Claydol|move: Magma Storm|[of] p2a: Heatran
|move|p1a: Claydol|Cosmic Power|p1a: Claydol
|-boost|p1a: Claydol|def|1
|-boost|p1a: Claydol|spd|1
|
|-heal|p1a: Claydol|73/100|[from] item: Leftovers
|-damage|p1a: Claydol|61/100|[from] move: Magma Storm|[partiallytrapped]
|upkeep
|turn|4
|j| HOF69
|
|t:|1667016102
|switch|p2a: Slowking|Slowking, M|83/100
|move|p1a: Claydol|Cosmic Power|p1a: Claydol
|-boost|p1a: Claydol|def|1
|-boost|p1a: Claydol|spd|1
|
|-heal|p1a: Claydol|67/100|[from] item: Leftovers
|-end|p1a: Claydol|Magma Storm|[partiallytrapped]|[silent]
|upkeep
|turn|5
|
|t:|1667016110
|move|p1a: Claydol|Cosmic Power|p1a: Claydol
|-boost|p1a: Claydol|def|1
|-boost|p1a: Claydol|spd|1
|move|p2a: Slowking|Teleport|p2a: Slowking
|
|t:|1667016112
|switch|p2a: Urshifu|Urshifu-Rapid-Strike, M|100/100|[from]move: Teleport
|
|-heal|p1a: Claydol|73/100|[from] item: Leftovers
|upkeep
|turn|6
|
|t:|1667016120
|move|p2a: Urshifu|Surging Strikes|p1a: Claydol
|-supereffective|p1a: Claydol
|-crit|p1a: Claydol
|-damage|p1a: Claydol|26/100
|-supereffective|p1a: Claydol
|-crit|p1a: Claydol
|-damage|p1a: Claydol|0 fnt
|faint|p1a: Claydol
|-hitcount|p1: Claydol|2
|
|upkeep
|
|t:|1667016138
|switch|p1a: Zapdos|Zapdos-Galar|80/100
|-damage|p1a: Zapdos|68/100|[from] Stealth Rock
|turn|7
|
|t:|1667016143
|switch|p2a: Slowking|Slowking, M|100/100
|move|p1a: Zapdos|Brave Bird|p2a: Slowking
|-damage|p2a: Slowking|50/100
|-damage|p1a: Zapdos|48/100|[from] Recoil
|
|upkeep
|turn|8
|j| I suck smh
|l| I suck smh
|
|t:|1667016159
|switch|p1a: Landorus|Landorus-Therian, M|100/100
|-damage|p1a: Landorus|88/100|[from] Stealth Rock
|-ability|p1a: Landorus|Intimidate|boost
|-unboost|p2a: Slowking|atk|1
|move|p2a: Slowking|Teleport|p2a: Slowking
|
|t:|1667016162
|switch|p2a: Urshifu|Urshifu-Rapid-Strike, M|100/100|[from]move: Teleport
|
|upkeep
|turn|9
|
|t:|1667016170
|switch|p1a: Rillaboom|Rillaboom, F|100/100
|-damage|p1a: Rillaboom|88/100|[from] Stealth Rock
|-fieldstart|move: Grassy Terrain|[from] ability: Grassy Surge|[of] p1a: Rillaboom
|move|p2a: Urshifu|Surging Strikes|p1a: Rillaboom
|-resisted|p1a: Rillaboom
|-crit|p1a: Rillaboom
|-damage|p1a: Rillaboom|72/100
|-resisted|p1a: Rillaboom
|-crit|p1a: Rillaboom
|-damage|p1a: Rillaboom|57/100
|-resisted|p1a: Rillaboom
|-crit|p1a: Rillaboom
|-damage|p1a: Rillaboom|41/100
|-hitcount|p1a: Rillaboom|3
|
|-heal|p1a: Rillaboom|47/100|[from] Grassy Terrain
|upkeep
|turn|10
|
|t:|1667016186
|switch|p2a: Mandibuzz|Mandibuzz, F|100/100
|move|p1a: Rillaboom|Knock Off|p2a: Mandibuzz
|-resisted|p2a: Mandibuzz
|-damage|p2a: Mandibuzz|87/100
|-enditem|p2a: Mandibuzz|Heavy-Duty Boots|[from] move: Knock Off|[of] p1a: Rillaboom
|-damage|p1a: Rillaboom|37/100|[from] item: Life Orb
|
|-heal|p1a: Rillaboom|43/100|[from] Grassy Terrain
|upkeep
|turn|11
|
|t:|1667016197
|move|p1a: Rillaboom|Swords Dance|p1a: Rillaboom
|-boost|p1a: Rillaboom|atk|2
|move|p2a: Mandibuzz|Foul Play|p1a: Rillaboom
|-damage|p1a: Rillaboom|0 fnt
|faint|p1a: Rillaboom
|
|upkeep
|
|t:|1667016209
|switch|p1a: Grimmsnarl|Grimmsnarl, M|100/100
|-damage|p1a: Grimmsnarl|88/100|[from] Stealth Rock
|turn|12
|
|t:|1667016214
|move|p1a: Grimmsnarl|Reflect|p1a: Grimmsnarl
|-sidestart|p1: greatalex|Reflect
|move|p2a: Mandibuzz|U-turn|p1a: Grimmsnarl
|-damage|p1a: Grimmsnarl|81/100
|
|t:|1667016221
|switch|p2a: Heatran|Heatran, M|100/100|[from]move: U-turn
|
|-heal|p1a: Grimmsnarl|88/100|[from] Grassy Terrain
|upkeep
|turn|13
|
|t:|1667016229
|switch|p2a: Nidoking|Nidoking, M|100/100
|move|p1a: Grimmsnarl|Spirit Break|p2a: Nidoking
|-resisted|p2a: Nidoking
|-damage|p2a: Nidoking|80/100
|-unboost|p2a: Nidoking|spa|1
|
|-heal|p2a: Nidoking|86/100|[from] Grassy Terrain
|-heal|p1a: Grimmsnarl|94/100|[from] Grassy Terrain
|-fieldend|move: Grassy Terrain
|upkeep
|turn|14
|
|t:|1667016239
|switch|p2a: Slowking|Slowking, M|83/100
|move|p1a: Grimmsnarl|Light Screen|p1a: Grimmsnarl
|-sidestart|p1: greatalex|move: Light Screen
|
|upkeep
|turn|15
|
|t:|1667016244
|move|p1a: Grimmsnarl|Spirit Break|p2a: Slowking
|-damage|p2a: Slowking|56/100
|-unboost|p2a: Slowking|spa|1
|move|p2a: Slowking|Future Sight|p1a: Grimmsnarl
|-start|p2a: Slowking|move: Future Sight
|
|upkeep
|turn|16
|
|t:|1667016252
|move|p1a: Grimmsnarl|Spirit Break|p2a: Slowking
|-damage|p2a: Slowking|31/100
|-unboost|p2a: Slowking|spa|1
|move|p2a: Slowking|Scald|p1a: Grimmsnarl
|-damage|p1a: Grimmsnarl|89/100
|-status|p1a: Grimmsnarl|brn
|
|-damage|p1a: Grimmsnarl|83/100 brn|[from] brn
|upkeep
|turn|17
|
|t:|1667016263
|switch|p1a: Volcarona|Volcarona, M|100/100
|move|p2a: Slowking|Slack Off|p2a: Slowking
|-heal|p2a: Slowking|81/100
|
|-end|p1a: Volcarona|move: Future Sight
|-damage|p1a: Volcarona|92/100
|upkeep
|turn|18
|
|t:|1667016275
|move|p1a: Volcarona|Quiver Dance|p1a: Volcarona
|-boost|p1a: Volcarona|spa|1
|-boost|p1a: Volcarona|spd|1
|-boost|p1a: Volcarona|spe|1
|move|p2a: Slowking|Teleport|p2a: Slowking
|
|t:|1667016280
|switch|p2a: Landorus|Landorus-Therian, M|100/100|[from]move: Teleport
|-ability|p2a: Landorus|Intimidate|boost
|-unboost|p1a: Volcarona|atk|1
|
|upkeep
|turn|19
|
|t:|1667016286
|move|p2a: Landorus|Stone Edge|p1a: Volcarona
|-supereffective|p1a: Volcarona
|-damage|p1a: Volcarona|23/100
|move|p1a: Volcarona|Quiver Dance|p1a: Volcarona
|-boost|p1a: Volcarona|spa|1
|-boost|p1a: Volcarona|spd|1
|-boost|p1a: Volcarona|spe|1
|
|-sideend|p1: greatalex|Reflect
|upkeep
|turn|20
|
|t:|1667016295
|move|p1a: Volcarona|Fiery Dance|p2a: Landorus
|-damage|p2a: Landorus|10/100
|-boost|p1a: Volcarona|spa|1
|move|p2a: Landorus|Stone Edge|p1a: Volcarona|[miss]
|-miss|p2a: Landorus|p1a: Volcarona
|
|upkeep
|turn|21
|
|t:|1667016304
|move|p1a: Volcarona|Fiery Dance|p2a: Landorus
|-damage|p2a: Landorus|0 fnt
|faint|p2a: Landorus
|
|-sideend|p1: greatalex|move: Light Screen
|upkeep
|
|t:|1667016310
|switch|p2a: Urshifu|Urshifu-Rapid-Strike, M|100/100
|turn|22
|
|t:|1667016313
|move|p2a: Urshifu|Aqua Jet|p1a: Volcarona
|-supereffective|p1a: Volcarona
|-damage|p1a: Volcarona|0 fnt
|faint|p1a: Volcarona
|
|upkeep
|
|t:|1667016322
|switch|p1a: Grimmsnarl|Grimmsnarl, M|83/100 brn
|-damage|p1a: Grimmsnarl|70/100 brn|[from] Stealth Rock
|turn|23
|
|t:|1667016330
|switch|p2a: Heatran|Heatran, M|100/100
|move|p1a: Grimmsnarl|Spirit Break|p2a: Heatran
|-resisted|p2a: Heatran
|-damage|p2a: Heatran|98/100
|-unboost|p2a: Heatran|spa|1
|
|-heal|p2a: Heatran|100/100|[from] item: Leftovers
|-damage|p1a: Grimmsnarl|64/100 brn|[from] brn
|upkeep
|turn|24
|
|t:|1667016341
|move|p1a: Grimmsnarl|Light Screen|p1a: Grimmsnarl
|-sidestart|p1: greatalex|move: Light Screen
|move|p2a: Heatran|Taunt|p1a: Grimmsnarl
|-start|p1a: Grimmsnarl|move: Taunt
|
|-damage|p1a: Grimmsnarl|58/100 brn|[from] brn
|upkeep
|turn|25
|
|t:|1667016349
|switch|p1a: Landorus|Landorus-Therian, M|88/100
|-damage|p1a: Landorus|76/100|[from] Stealth Rock
|-ability|p1a: Landorus|Intimidate|boost
|-unboost|p2a: Heatran|atk|1
|move|p2a: Heatran|Magma Storm|p1a: Landorus
|-damage|p1a: Landorus|57/100
|-activate|p1a: Landorus|move: Magma Storm|[of] p2a: Heatran
|
|-damage|p1a: Landorus|44/100|[from] move: Magma Storm|[partiallytrapped]
|upkeep
|turn|26
|
|t:|1667016367
|switch|p2a: Mandibuzz|Mandibuzz, F|87/100
|move|p1a: Landorus|Stealth Rock|p2a: Mandibuzz
|-sidestart|p2: Lost Temple|move: Stealth Rock
|
|-end|p1a: Landorus|Magma Storm|[partiallytrapped]|[silent]
|upkeep
|turn|27
|
|t:|1667016374
|move|p1a: Landorus|Explosion|p2a: Mandibuzz
|-damage|p2a: Mandibuzz|19/100
|faint|p1a: Landorus
|move|p2a: Mandibuzz|Roost|p2a: Mandibuzz
|-heal|p2a: Mandibuzz|69/100
|-singleturn|p2a: Mandibuzz|move: Roost
|
|upkeep
|
|t:|1667016384
|switch|p1a: Zapdos|Zapdos-Galar|48/100
|-damage|p1a: Zapdos|35/100|[from] Stealth Rock
|turn|28
|
|t:|1667016391
|move|p1a: Zapdos|Close Combat|p2a: Mandibuzz
|-damage|p2a: Mandibuzz|33/100
|-unboost|p1a: Zapdos|def|1
|-unboost|p1a: Zapdos|spd|1
|move|p2a: Mandibuzz|Roost|p2a: Mandibuzz
|-heal|p2a: Mandibuzz|83/100
|-singleturn|p2a: Mandibuzz|move: Roost
|
|upkeep
|turn|29
|
|t:|1667016402
|switch|p2a: Slowking|Slowking, M|100/100
|-damage|p2a: Slowking|88/100|[from] Stealth Rock
|move|p1a: Zapdos|Close Combat|p2a: Slowking
|-resisted|p2a: Slowking
|-damage|p2a: Slowking|60/100
|-unboost|p1a: Zapdos|def|1
|-unboost|p1a: Zapdos|spd|1
|
|upkeep
|turn|30
|-message|greatalex forfeited.
|
|win|Lost Temple
|raw|greatalex's rating: 1592 &rarr; <strong>1577</strong><br />(-15 for losing)
|raw|Lost Temple's rating: 1675 &rarr; <strong>1690</strong><br />(+15 for winning)
|l|☆greatalex
