|raw|<div class="broadcast-blue"><strong>This battle is required to be public due to a player having a name starting with 'lt93oq'.</div>
|j|☆LT93OQCR
|j|☆tolstoy
|t:|1660707999
|gametype|singles
|player|p1|LT93OQCR|1|1863
|player|p2|tolstoy|101|1831
|teamsize|p1|6
|teamsize|p2|6
|gen|8
|tier|[Gen 8] OU
|rated|
|rule|Sleep Clause Mod: Limit one foe put to sleep
|rule|Species Clause: Limit one of each Pokémon
|rule|OHKO Clause: OHKO moves are banned
|rule|Evasion Items Clause: Evasion items are banned
|rule|Evasion Moves Clause: Evasion moves are banned
|rule|Endless Battle Clause: Forcing endless battles is banned
|rule|HP Percentage Mod: HP is shown in percentages
|rule|Dynamax Clause: You cannot dynamax
|clearpoke
|poke|p1|Landorus-Therian, M|
|poke|p1|Dragapult, F|
|poke|p1|Zapdos|
|poke|p1|Crawdaunt, F|
|poke|p1|Kartana|
|poke|p1|Tapu Lele|
|poke|p2|Excadrill, M|
|poke|p2|Tapu Koko|
|poke|p2|Corviknight, F|
|poke|p2|Clefable, M|
|poke|p2|Heatran, M|
|poke|p2|Toxapex, M|
|teampreview
|inactive|Battle timer is ON: inactive players will automatically lose when time's up. (requested by LT93OQCR)
|inactive|LT93OQCR has 120 seconds left.
|inactive|tolstoy has 120 seconds left.
|j| pop smoke
|j| mitu0411
|j| LT_Alt1
|j| Tace
|
|t:|1660708054
|start
|switch|p1a: funkin|Crawdaunt, F|100/100
|switch|p2a: Corviknight|Corviknight, F|100/100
|-ability|p2a: Corviknight|Pressure
|turn|1
|
|t:|1660708063
|switch|p1a: freezing|Landorus-Therian, M|100/100
|-ability|p1a: freezing|Intimidate|boost
|-unboost|p2a: Corviknight|atk|1
|switch|p2a: Clefable|Clefable, M|100/100
|
|upkeep
|turn|2
|
|t:|1660708066
|move|p1a: freezing|Stealth Rock|p2a: Clefable
|-sidestart|p2: tolstoy|move: Stealth Rock
|move|p2a: Clefable|Knock Off|p1a: freezing
|-damage|p1a: freezing|86/100
|-enditem|p1a: freezing|Leftovers|[from] move: Knock Off|[of] p2a: Clefable
|
|upkeep
|turn|3
|
|t:|1660708071
|move|p1a: freezing|U-turn|p2a: Clefable
|-resisted|p2a: Clefable
|-damage|p2a: Clefable|92/100
|-damage|p1a: freezing|70/100|[from] item: Rocky Helmet|[of] p2a: Clefable
|
|t:|1660708081
|switch|p1a: snowmen|Tapu Lele|100/100|[from]move: U-turn
|-fieldstart|move: Psychic Terrain|[from] ability: Psychic Surge|[of] p1a: snowmen
|move|p2a: Clefable|Knock Off|p1a: snowmen
|-damage|p1a: snowmen|76/100
|-enditem|p1a: snowmen|Choice Scarf|[from] move: Knock Off|[of] p2a: Clefable
|
|upkeep
|turn|4
|j| l TPH l
|
|t:|1660708091
|switch|p1a: funkin|Crawdaunt, F|100/100
|switch|p2a: Corviknight|Corviknight, F|100/100
|-damage|p2a: Corviknight|88/100|[from] Stealth Rock
|-ability|p2a: Corviknight|Pressure
|
|-heal|p2a: Corviknight|94/100|[from] item: Leftovers
|upkeep
|turn|5
|j| Reigen shishou
|
|t:|1660708097
|switch|p2a: Clefable|Clefable, M|92/100
|move|p1a: funkin|Knock Off|p2a: Clefable
|-resisted|p2a: Clefable
|-damage|p2a: Clefable|57/100
|-damage|p1a: funkin|84/100|[from] item: Rocky Helmet|[of] p2a: Clefable
|-enditem|p2a: Clefable|Rocky Helmet|[from] move: Knock Off|[of] p1a: funkin
|-damage|p1a: funkin|74/100|[from] item: Life Orb
|
|upkeep
|turn|6
|
|t:|1660708103
|move|p1a: funkin|Knock Off|p2a: Clefable
|-resisted|p2a: Clefable
|-damage|p2a: Clefable|36/100
|-damage|p1a: funkin|65/100|[from] item: Life Orb
|move|p2a: Clefable|Moonblast|p1a: funkin
|-supereffective|p1a: funkin
|-damage|p1a: funkin|0 fnt
|faint|p1a: funkin
|
|upkeep
|
|t:|1660708110
|switch|p1a: its friday baby|Kartana|100/100
|turn|7
|
|t:|1660708114
|switch|p2a: Heatran|Heatran, M|100/100
|-damage|p2a: Heatran|88/100|[from] Stealth Rock
|-item|p2a: Heatran|Air Balloon
|move|p1a: its friday baby|Leaf Blade|p2a: Heatran
|-resisted|p2a: Heatran
|-damage|p2a: Heatran|75/100
|-status|p1a: its friday baby|brn|[from] ability: Flame Body|[of] p2a: Heatran
|-enditem|p2a: Heatran|Air Balloon
|-damage|p1a: its friday baby|91/100 brn|[from] item: Life Orb
|
|-damage|p1a: its friday baby|85/100 brn|[from] brn
|-fieldend|move: Psychic Terrain
|upkeep
|turn|8
|j| my favorite part
|j| LT92PF Chait
|
|t:|1660708124
|switch|p1a: snowmen|Tapu Lele|76/100
|-fieldstart|move: Psychic Terrain|[from] ability: Psychic Surge|[of] p1a: snowmen
|move|p2a: Heatran|Stealth Rock|p1a: snowmen
|-sidestart|p1: LT93OQCR|move: Stealth Rock
|
|upkeep
|turn|9
|
|t:|1660708130
|switch|p2a: Corviknight|Corviknight, F|94/100
|-damage|p2a: Corviknight|82/100|[from] Stealth Rock
|-ability|p2a: Corviknight|Pressure
|move|p1a: snowmen|Focus Blast|p2a: Corviknight
|-damage|p2a: Corviknight|52/100
|
|-heal|p2a: Corviknight|59/100|[from] item: Leftovers
|upkeep
|turn|10
|j| LT93OQ Bee
|
|t:|1660708137
|switch|p1a: golden brown|Zapdos|100/100
|-damage|p1a: golden brown|76/100|[from] Stealth Rock
|-ability|p1a: golden brown|Pressure
|move|p2a: Corviknight|Roost|p2a: Corviknight
|-heal|p2a: Corviknight|100/100
|-singleturn|p2a: Corviknight|move: Roost
|
|-heal|p1a: golden brown|82/100|[from] item: Leftovers
|upkeep
|turn|11
|j| keldeo
|l| my favorite part
|
|t:|1660708147
|move|p1a: golden brown|Hurricane|p2a: Corviknight
|-resisted|p2a: Corviknight
|-damage|p2a: Corviknight|81/100
|move|p2a: Corviknight|U-turn|p1a: golden brown
|-resisted|p1a: golden brown
|-damage|p1a: golden brown|74/100
|j| atvin
|j| LT93OQ Fa
|
|t:|1660708152
|switch|p2a: Tapu Koko|Tapu Koko|100/100|[from]move: U-turn
|-fieldstart|move: Electric Terrain|[from] ability: Electric Surge|[of] p2a: Tapu Koko
|
|-heal|p1a: golden brown|80/100|[from] item: Leftovers
|upkeep
|turn|12
|
|t:|1660708163
|switch|p1a: freezing|Landorus-Therian, M|70/100
|-damage|p1a: freezing|58/100|[from] Stealth Rock
|-ability|p1a: freezing|Intimidate|boost
|-unboost|p2a: Tapu Koko|atk|1
|move|p2a: Tapu Koko|Thunderbolt|p1a: freezing
|-immune|p1a: freezing
|
|upkeep
|turn|13
|l| LT93OQ Fa
|
|t:|1660708172
|switch|p2a: Corviknight|Corviknight, F|81/100
|-damage|p2a: Corviknight|69/100|[from] Stealth Rock
|-ability|p2a: Corviknight|Pressure
|move|p1a: freezing|U-turn|p2a: Corviknight
|-resisted|p2a: Corviknight
|-damage|p2a: Corviknight|65/100
|
|t:|1660708194
|switch|p1a: golden brown|Zapdos|80/100|[from]move: U-turn
|-damage|p1a: golden brown|55/100|[from] Stealth Rock
|-ability|p1a: golden brown|Pressure
|
|-heal|p1a: golden brown|61/100|[from] item: Leftovers
|-heal|p2a: Corviknight|71/100|[from] item: Leftovers
|upkeep
|turn|14
|j| Luthier
|
|t:|1660708201
|move|p1a: golden brown|Hurricane|p2a: Corviknight|[miss]
|-miss|p1a: golden brown|p2a: Corviknight
|move|p2a: Corviknight|Roost|p2a: Corviknight
|-heal|p2a: Corviknight|100/100
|-singleturn|p2a: Corviknight|move: Roost
|
|-heal|p1a: golden brown|67/100|[from] item: Leftovers
|upkeep
|turn|15
|
|t:|1660708208
|switch|p2a: Tapu Koko|Tapu Koko|100/100
|move|p1a: golden brown|Thunderbolt|p2a: Tapu Koko
|-resisted|p2a: Tapu Koko
|-damage|p2a: Tapu Koko|64/100
|
|-heal|p1a: golden brown|74/100|[from] item: Leftovers
|-fieldend|move: Electric Terrain
|upkeep
|turn|16
|
|t:|1660708212
|move|p2a: Tapu Koko|Calm Mind|p2a: Tapu Koko
|-boost|p2a: Tapu Koko|spa|1
|-boost|p2a: Tapu Koko|spd|1
|move|p1a: golden brown|Hurricane|p2a: Tapu Koko
|-resisted|p2a: Tapu Koko
|-damage|p2a: Tapu Koko|38/100
|
|-heal|p1a: golden brown|80/100|[from] item: Leftovers
|upkeep
|turn|17
|
|t:|1660708218
|switch|p1a: freezing|Landorus-Therian, M|58/100
|-damage|p1a: freezing|45/100|[from] Stealth Rock
|-ability|p1a: freezing|Intimidate|boost
|-unboost|p2a: Tapu Koko|atk|1
|move|p2a: Tapu Koko|Roost|p2a: Tapu Koko
|-heal|p2a: Tapu Koko|88/100
|-singleturn|p2a: Tapu Koko|move: Roost
|
|upkeep
|turn|18
|
|t:|1660708220
|switch|p2a: Corviknight|Corviknight, F|100/100
|-damage|p2a: Corviknight|88/100|[from] Stealth Rock
|-ability|p2a: Corviknight|Pressure
|move|p1a: freezing|U-turn|p2a: Corviknight
|-resisted|p2a: Corviknight
|-crit|p2a: Corviknight
|-damage|p2a: Corviknight|81/100
|j| EL BAMZUKA
|j| Ctannn
|l| EL BAMZUKA
|
|t:|1660708230
|switch|p1a: golden brown|Zapdos|80/100|[from]move: U-turn
|-damage|p1a: golden brown|55/100|[from] Stealth Rock
|-ability|p1a: golden brown|Pressure
|
|-heal|p1a: golden brown|61/100|[from] item: Leftovers
|-heal|p2a: Corviknight|87/100|[from] item: Leftovers
|upkeep
|turn|19
|
|t:|1660708233
|switch|p2a: Tapu Koko|Tapu Koko|88/100
|-fieldstart|move: Electric Terrain|[from] ability: Electric Surge|[of] p2a: Tapu Koko
|move|p1a: golden brown|Charge Beam|p2a: Tapu Koko|[miss]
|-miss|p1a: golden brown|p2a: Tapu Koko
|
|-heal|p1a: golden brown|67/100|[from] item: Leftovers
|upkeep
|turn|20
|
|t:|1660708238
|move|p2a: Tapu Koko|Calm Mind|p2a: Tapu Koko
|-boost|p2a: Tapu Koko|spa|1
|-boost|p2a: Tapu Koko|spd|1
|move|p1a: golden brown|Hurricane|p2a: Tapu Koko
|-resisted|p2a: Tapu Koko
|-damage|p2a: Tapu Koko|60/100
|-start|p2a: Tapu Koko|confusion
|
|-heal|p1a: golden brown|74/100|[from] item: Leftovers
|upkeep
|turn|21
|
|t:|1660708242
|-activate|p2a: Tapu Koko|confusion
|move|p2a: Tapu Koko|Roost|p2a: Tapu Koko
|-heal|p2a: Tapu Koko|100/100
|-singleturn|p2a: Tapu Koko|move: Roost
|move|p1a: golden brown|Thunderbolt|p2a: Tapu Koko
|-resisted|p2a: Tapu Koko
|-damage|p2a: Tapu Koko|79/100
|
|-heal|p1a: golden brown|80/100|[from] item: Leftovers
|upkeep
|turn|22
|
|t:|1660708245
|-activate|p2a: Tapu Koko|confusion
|-damage|p2a: Tapu Koko|68/100|[from] confusion
|move|p1a: golden brown|Thunderbolt|p2a: Tapu Koko
|-resisted|p2a: Tapu Koko
|-damage|p2a: Tapu Koko|46/100
|
|-heal|p1a: golden brown|86/100|[from] item: Leftovers
|upkeep
|turn|23
|
|t:|1660708247
|-activate|p2a: Tapu Koko|confusion
|move|p2a: Tapu Koko|Roost|p2a: Tapu Koko
|-heal|p2a: Tapu Koko|96/100
|-singleturn|p2a: Tapu Koko|move: Roost
|move|p1a: golden brown|Thunderbolt|p2a: Tapu Koko
|-resisted|p2a: Tapu Koko
|-damage|p2a: Tapu Koko|75/100
|
|-heal|p1a: golden brown|92/100|[from] item: Leftovers
|-fieldend|move: Electric Terrain
|upkeep
|turn|24
|
|t:|1660708250
|-end|p2a: Tapu Koko|confusion
|move|p2a: Tapu Koko|Thunderbolt|p1a: golden brown
|-damage|p1a: golden brown|27/100
|move|p1a: golden brown|Hurricane|p2a: Tapu Koko
|-resisted|p2a: Tapu Koko
|-damage|p2a: Tapu Koko|45/100
|-start|p2a: Tapu Koko|confusion
|
|-heal|p1a: golden brown|33/100|[from] item: Leftovers
|upkeep
|turn|25
|
|t:|1660708255
|-activate|p2a: Tapu Koko|confusion
|-damage|p2a: Tapu Koko|33/100|[from] confusion
|move|p1a: golden brown|Thunderbolt|p2a: Tapu Koko
|-resisted|p2a: Tapu Koko
|-damage|p2a: Tapu Koko|9/100
|
|-heal|p1a: golden brown|39/100|[from] item: Leftovers
|upkeep
|turn|26
|
|t:|1660708257
|-end|p2a: Tapu Koko|confusion
|move|p2a: Tapu Koko|Thunderbolt|p1a: golden brown
|-crit|p1a: golden brown
|-damage|p1a: golden brown|0 fnt
|faint|p1a: golden brown
|
|upkeep
|
|t:|1660708282
|switch|p1a: snowmen|Tapu Lele|76/100
|-damage|p1a: snowmen|64/100|[from] Stealth Rock
|-fieldstart|move: Psychic Terrain|[from] ability: Psychic Surge|[of] p1a: snowmen
|turn|27
|
|t:|1660708285
|move|p2a: Tapu Koko|Thunderbolt|p1a: snowmen
|-damage|p1a: snowmen|0 fnt
|faint|p1a: snowmen
|
|upkeep
|
|t:|1660708296
|switch|p1a: freezing|Landorus-Therian, M|45/100
|-damage|p1a: freezing|33/100|[from] Stealth Rock
|-ability|p1a: freezing|Intimidate|boost
|-unboost|p2a: Tapu Koko|atk|1
|turn|28
|
|t:|1660708298
|move|p2a: Tapu Koko|Dazzling Gleam|p1a: freezing
|-damage|p1a: freezing|0 fnt
|faint|p1a: freezing
|
|upkeep
|
|t:|1660708302
|switch|p1a: its friday baby|Kartana|85/100 brn
|-damage|p1a: its friday baby|78/100 brn|[from] Stealth Rock
|turn|29
|
|t:|1660708304
|move|p2a: Tapu Koko|Thunderbolt|p1a: its friday baby
|-resisted|p1a: its friday baby
|-damage|p1a: its friday baby|0 fnt
|faint|p1a: its friday baby
|
|upkeep
|-message|LT93OQCR forfeited.
|
|win|tolstoy
|raw|LT93OQCR's rating: 1863 &rarr; <strong>1841</strong><br />(-22 for losing)
|raw|tolstoy's rating: 1831 &rarr; <strong>1853</strong><br />(+22 for winning)
|l|☆LT93OQCR
|l| mitu0411
|l|☆tolstoy
|l| LT92PF Chait
|l| Tace
||Ladder isn't responding, score probably updated but might not have (Request timeout).
|j| blarghlfarghl
|l| keldeo
