|raw|<div class="broadcast-blue"><strong>This battle is required to be public due to a player having a name starting with 'btlt200'.</div>
|j|☆BTLT200$ Qrts
|j|☆Out of Eden
|t:|1668006590
|gametype|singles
|player|p1|BTLT200$ Qrts|#wcop2022france|1794
|player|p2|Out of Eden|#splxiitigers|1917
|teamsize|p1|6
|teamsize|p2|6
|gen|8
|tier|[Gen 8] OU
|rated|
|rule|Sleep Clause Mod: Limit one foe put to sleep
|rule|Species Clause: Limit one of each Pokémon
|rule|OHKO Clause: OHKO moves are banned
|rule|Evasion Items Clause: Evasion items are banned
|rule|Evasion Moves Clause: Evasion moves are banned
|rule|Endless Battle Clause: Forcing endless battles is banned
|rule|HP Percentage Mod: HP is shown in percentages
|rule|Dynamax Clause: You cannot dynamax
|clearpoke
|poke|p1|Pelipper, F|
|poke|p1|Urshifu-*, F|
|poke|p1|Dragapult, M|
|poke|p1|Landorus-Therian, M|
|poke|p1|Melmetal|
|poke|p1|Tapu Lele|
|poke|p2|Rillaboom, M|
|poke|p2|Tornadus-Therian, M|
|poke|p2|Slowking-Galar, F|
|poke|p2|Melmetal|
|poke|p2|Garchomp, M|
|poke|p2|Toxapex, F|
|teampreview
|j| aReptileDysfunctn
|j| xKSr
|
|t:|1668006621
|start
|switch|p1a: P'tit don|Landorus-Therian, M|100/100
|switch|p2a: Rillaboom|Rillaboom, M|100/100
|-ability|p1a: P'tit don|Intimidate|boost
|-unboost|p2a: Rillaboom|atk|1
|-fieldstart|move: Grassy Terrain|[from] ability: Grassy Surge|[of] p2a: Rillaboom
|turn|1
|inactive|Battle timer is ON: inactive players will automatically lose when time's up. (requested by BTLT200$ Qrts)
|
|t:|1668006637
|move|p1a: P'tit don|Knock Off|p2a: Rillaboom
|-damage|p2a: Rillaboom|71/100
|-enditem|p2a: Rillaboom|Leftovers|[from] move: Knock Off|[of] p1a: P'tit don
|move|p2a: Rillaboom|Swords Dance|p2a: Rillaboom
|-boost|p2a: Rillaboom|atk|2
|
|-heal|p2a: Rillaboom|77/100|[from] Grassy Terrain
|upkeep
|turn|2
|
|t:|1668006656
|move|p2a: Rillaboom|Grassy Glide|p1a: P'tit don
|-damage|p1a: P'tit don|44/100
|-enditem|p1a: P'tit don|Eject Button
|j| nhgrhg
|l| xKSr
|
|t:|1668006664
|switch|p1a: Shafoffi|Tapu Lele|100/100
|-fieldstart|move: Psychic Terrain|[from] ability: Psychic Surge|[of] p1a: Shafoffi
|
|upkeep
|turn|3
|j| xKSr
|l| xKSr
|
|t:|1668006676
|switch|p2a: Tornadus|Tornadus-Therian, M|100/100
|move|p1a: Shafoffi|Psyshock|p2a: Tornadus
|-damage|p2a: Tornadus|28/100
|
|upkeep
|turn|4
|
|t:|1668006683
|move|p2a: Tornadus|U-turn|p1a: Shafoffi
|-damage|p1a: Shafoffi|76/100
|
|t:|1668006687
|switch|p2a: Melmetal|Melmetal|100/100|[from]move: U-turn
|move|p1a: Shafoffi|Focus Blast|p2a: Melmetal
|-supereffective|p2a: Melmetal
|-damage|p2a: Melmetal|17/100
|
|-heal|p2a: Melmetal|23/100|[from] item: Leftovers
|upkeep
|turn|5
|j| viper33
|
|t:|1668006698
|move|p2a: Melmetal|Protect|p2a: Melmetal
|-singleturn|p2a: Melmetal|Protect
|move|p1a: Shafoffi|Focus Blast|p2a: Melmetal
|-activate|p2a: Melmetal|move: Protect
|
|-heal|p2a: Melmetal|29/100|[from] item: Leftovers
|upkeep
|turn|6
|
|t:|1668006704
|switch|p2a: Slowking|Slowking-Galar, F|100/100
|move|p1a: Shafoffi|Future Sight|p2a: Slowking
|-start|p1a: Shafoffi|move: Future Sight
|
|-fieldend|move: Psychic Terrain
|upkeep
|turn|7
|
|t:|1668006714
|switch|p1a: MS3D 😐|Melmetal|100/100
|move|p2a: Slowking|Scald|p1a: MS3D 😐
|-damage|p1a: MS3D 😐|84/100
|
|-heal|p1a: MS3D 😐|90/100|[from] item: Leftovers
|upkeep
|turn|8
|
|t:|1668006724
|switch|p2a: Garchomp|Garchomp, M|100/100
|move|p1a: MS3D 😐|Double Iron Bash|p2a: Garchomp
|-damage|p2a: Garchomp|72/100
|-damage|p1a: MS3D 😐|77/100|[from] ability: Rough Skin|[of] p2a: Garchomp
|-damage|p2a: Garchomp|43/100
|-damage|p1a: MS3D 😐|65/100|[from] ability: Rough Skin|[of] p2a: Garchomp
|-hitcount|p2a: Garchomp|2
|
|-end|p2a: Garchomp|move: Future Sight
|-damage|p2a: Garchomp|0 fnt
|faint|p2a: Garchomp
|-heal|p1a: MS3D 😐|71/100|[from] item: Leftovers
|upkeep
|
|t:|1668006737
|switch|p2a: Tornadus|Tornadus-Therian, M|62/100
|turn|9
|
|t:|1668006742
|move|p2a: Tornadus|U-turn|p1a: MS3D 😐
|-resisted|p1a: MS3D 😐
|-damage|p1a: MS3D 😐|67/100
|
|t:|1668006746
|switch|p2a: Toxapex|Toxapex, F|100/100|[from]move: U-turn
|move|p1a: MS3D 😐|Double Iron Bash|p2a: Toxapex
|-resisted|p2a: Toxapex
|-damage|p2a: Toxapex|89/100
|-resisted|p2a: Toxapex
|-damage|p2a: Toxapex|76/100
|-hitcount|p2a: Toxapex|2
|
|-heal|p2a: Toxapex|82/100|[from] item: Black Sludge
|-heal|p1a: MS3D 😐|74/100|[from] item: Leftovers
|upkeep
|turn|10
|
|t:|1668006754
|switch|p1a: Shafoffi|Tapu Lele|76/100
|-fieldstart|move: Psychic Terrain|[from] ability: Psychic Surge|[of] p1a: Shafoffi
|move|p2a: Toxapex|Knock Off|p1a: Shafoffi
|-damage|p1a: Shafoffi|55/100
|-enditem|p1a: Shafoffi|Twisted Spoon|[from] move: Knock Off|[of] p2a: Toxapex
|
|-heal|p2a: Toxapex|89/100|[from] item: Black Sludge
|upkeep
|turn|11
|
|t:|1668006761
|move|p1a: Shafoffi|Future Sight|p2a: Toxapex
|-start|p1a: Shafoffi|move: Future Sight
|move|p2a: Toxapex|Toxic|p1a: Shafoffi
|-status|p1a: Shafoffi|tox
|
|-heal|p2a: Toxapex|95/100|[from] item: Black Sludge
|-damage|p1a: Shafoffi|49/100 tox|[from] psn
|upkeep
|turn|12
|l|☆BTLT200$ Qrts
|inactive|BTLT200$ Qrts disconnected and has a minute to reconnect!
|player|p1|
|
|t:|1668006780
|switch|p1a: MS3D 😐|Melmetal|74/100
|switch|p2a: Tornadus|Tornadus-Therian, M|95/100
|
|-heal|p1a: MS3D 😐|80/100|[from] item: Leftovers
|upkeep
|turn|13
|j|☆BTLT200$ Qrts
|inactive|BTLT200$ Qrts reconnected and has 140 seconds left.
|player|p1|BTLT200$ Qrts|#wcop2022france
|
|t:|1668006795
|switch|p2a: Melmetal|Melmetal|29/100
|move|p1a: MS3D 😐|Double Iron Bash|p2a: Melmetal
|-resisted|p2a: Melmetal
|-damage|p2a: Melmetal|18/100
|-resisted|p2a: Melmetal
|-damage|p2a: Melmetal|7/100
|-hitcount|p2a: Melmetal|2
|
|-end|p2a: Melmetal|move: Future Sight
|-resisted|p2a: Melmetal
|-damage|p2a: Melmetal|0 fnt
|faint|p2a: Melmetal
|-heal|p1a: MS3D 😐|86/100|[from] item: Leftovers
|upkeep
|
|t:|1668006805
|switch|p2a: Tornadus|Tornadus-Therian, M|100/100
|turn|14
|-message|Out of Eden forfeited.
|
|win|BTLT200$ Qrts
|raw|BTLT200$ Qrts's rating: 1794 &rarr; <strong>1821</strong><br />(+27 for winning)
|raw|Out of Eden's rating: 1917 &rarr; <strong>1890</strong><br />(-27 for losing)
|l|☆BTLT200$ Qrts
|l|☆Out of Eden
|l| nhgrhg
||Ladder isn't responding, score probably updated but might not have (Request timeout).
|l| viper33
