|j|☆I'm back from Mars
|j|☆Aim for number one
|inactive|Battle timer is ON: inactive players will automatically lose when time's up.
|t:|1596389425
|player|p1|I'm back from Mars|skierf|
|player|p2|Aim for number one|ingo|
|teamsize|p1|6
|teamsize|p2|6
|gametype|singles
|gen|8
|tier|[Gen 8] OU
|rated|Tournament battle
|html|<div class="broadcast-blue"><strong>OU is currently suspecting Magearna! For information on how to participate check out the <a href="https://www.smogon.com/forums/threads/3667669/">suspect thread</a>.</strong></div>
|clearpoke
|poke|p1|Hippowdon, F|
|poke|p1|Excadrill, M|
|poke|p1|Mandibuzz, F|
|poke|p1|Toxapex, M|
|poke|p1|Chansey, F|
|poke|p1|Clefable, F|
|poke|p2|Hippowdon, F|
|poke|p2|Mandibuzz, F|
|poke|p2|Toxapex, M|
|poke|p2|Magearna|
|poke|p2|Cinderace, M|
|poke|p2|Dragapult, F|
|rule|Sleep Clause Mod: Limit one foe put to sleep
|rule|Species Clause: Limit one of each Pokémon
|rule|OHKO Clause: OHKO moves are banned
|rule|Evasion Moves Clause: Evasion moves are banned
|rule|Endless Battle Clause: Forcing endless battles is banned
|rule|HP Percentage Mod: HP is shown in percentages
|rule|Dynamax Clause: You cannot dynamax
|teampreview
|j| Sporrty
|j| Andrei0111
|c|☆Aim for number one|hf
|c|☆I'm back from Mars|hf
|j| pressure pills
|j| nooob ninja
|j| Yungster_Testboi
|j| Ske
|j| isheavydead
|j| the412gang ㋛
|j| hairdye1
|
|t:|1596389446
|start
|switch|p1a: Toxapex|Toxapex, M, shiny|100/100
|switch|p2a: Magearna|Magearna|100/100
|turn|1
|l| the412gang ㋛
|
|t:|1596389449
|move|p2a: Magearna|Trick|p1a: Toxapex
|-activate|p2a: Magearna|move: Trick|[of] p1a: Toxapex
|-item|p1a: Toxapex|Choice Specs|[from] move: Trick
|-item|p2a: Magearna|Rocky Helmet|[from] move: Trick
|move|p1a: Toxapex|Knock Off|p2a: Magearna
|-resisted|p2a: Magearna
|-damage|p2a: Magearna|94/100
|-damage|p1a: Toxapex|84/100|[from] item: Rocky Helmet|[of] p2a: Magearna
|-enditem|p2a: Magearna|Rocky Helmet|[from] move: Knock Off|[of] p1a: Toxapex
|
|upkeep
|turn|2
|
|t:|1596389455
|move|p2a: Magearna|Fleur Cannon|p1a: Toxapex
|-resisted|p1a: Toxapex
|-crit|p1a: Toxapex
|-damage|p1a: Toxapex|36/100
|-unboost|p2a: Magearna|spa|2
|move|p1a: Toxapex|Knock Off|p2a: Magearna
|-resisted|p2a: Magearna
|-damage|p2a: Magearna|89/100
|
|upkeep
|turn|3
|
|t:|1596389459
|switch|p1a: Excadrill|Excadrill, M, shiny|100/100
|move|p2a: Magearna|Fleur Cannon|p1a: Excadrill|[miss]
|-miss|p2a: Magearna|p1a: Excadrill
|
|upkeep
|turn|4
|
|t:|1596389465
|switch|p1a: Hippowdon|Hippowdon, F|100/100
|-weather|Sandstorm|[from] ability: Sand Stream|[of] p1a: Hippowdon
|switch|p2a: Hippowdon|Hippowdon, F|100/100
|
|-weather|Sandstorm|[upkeep]
|upkeep
|turn|5
|
|t:|1596389475
|move|p2a: Hippowdon|Toxic|p1a: Hippowdon
|-status|p1a: Hippowdon|tox
|move|p1a: Hippowdon|Toxic|p2a: Hippowdon
|-status|p2a: Hippowdon|tox
|
|-weather|Sandstorm|[upkeep]
|-damage|p1a: Hippowdon|94/100 tox|[from] psn
|-damage|p2a: Hippowdon|94/100 tox|[from] psn
|upkeep
|turn|6
|
|t:|1596389478
|move|p2a: Hippowdon|Stealth Rock|p1a: Hippowdon
|-sidestart|p1: I'm back from Mars|move: Stealth Rock
|move|p1a: Hippowdon|Stealth Rock|p2a: Hippowdon
|-sidestart|p2: Aim for number one|move: Stealth Rock
|
|-weather|Sandstorm|[upkeep]
|-damage|p1a: Hippowdon|82/100 tox|[from] psn
|-damage|p2a: Hippowdon|82/100 tox|[from] psn
|upkeep
|turn|7
|c| isheavydead|trade those rocks
|
|t:|1596389484
|switch|p1a: Clefable|Clefable, F|100/100
|switch|p2a: Toxapex|Toxapex, M|100/100
|-damage|p2a: Toxapex|88/100|[from] Stealth Rock
|
|-weather|Sandstorm|[upkeep]
|-damage|p2a: Toxapex|82/100|[from] Sandstorm
|-heal|p2a: Toxapex|88/100|[from] item: Black Sludge
|upkeep
|turn|8
|
|t:|1596389494
|move|p1a: Clefable|Thunder|p2a: Toxapex
|-supereffective|p2a: Toxapex
|-damage|p2a: Toxapex|35/100
|-status|p2a: Toxapex|par
|cant|p2a: Toxapex|par
|
|-weather|Sandstorm|[upkeep]
|-damage|p2a: Toxapex|29/100 par|[from] Sandstorm
|-heal|p2a: Toxapex|35/100 par|[from] item: Black Sludge
|upkeep
|turn|9
|
|t:|1596389507
|switch|p2a: Magearna|Magearna|89/100
|-damage|p2a: Magearna|83/100|[from] Stealth Rock
|move|p1a: Clefable|Calm Mind|p1a: Clefable
|-boost|p1a: Clefable|spa|1
|-boost|p1a: Clefable|spd|1
|
|-weather|Sandstorm|[upkeep]
|upkeep
|turn|10
|
|t:|1596389515
|switch|p1a: Excadrill|Excadrill, M, shiny|100/100
|-damage|p1a: Excadrill|97/100|[from] Stealth Rock
|move|p2a: Magearna|Flash Cannon|p1a: Excadrill
|-resisted|p1a: Excadrill
|-crit|p1a: Excadrill
|-damage|p1a: Excadrill|56/100
|
|-weather|Sandstorm|[upkeep]
|-heal|p1a: Excadrill|62/100|[from] item: Leftovers
|upkeep
|turn|11
|
|t:|1596389525
|switch|p2a: Dragapult|Dragapult, F|100/100
|-damage|p2a: Dragapult|88/100|[from] Stealth Rock
|move|p1a: Excadrill|Earthquake|p2a: Dragapult
|-damage|p2a: Dragapult|11/100
|
|-weather|none
|-heal|p1a: Excadrill|68/100|[from] item: Leftovers
|upkeep
|turn|12
|j| Fitchlove1
|
|t:|1596389543
|switch|p1a: Chansey|Chansey, F|100/100
|-damage|p1a: Chansey|88/100|[from] Stealth Rock
|move|p2a: Dragapult|Thunder Wave|p1a: Chansey
|-status|p1a: Chansey|par
|
|upkeep
|turn|13
|inactive|I'm back from Mars has 120 seconds left.
|
|t:|1596389569
|switch|p2a: Toxapex|Toxapex, M|68/100 par
|-damage|p2a: Toxapex|56/100 par|[from] Stealth Rock
|move|p1a: Chansey|Thunder Wave|p2a: Toxapex
|-fail|p2a: Toxapex|par
|
|-heal|p2a: Toxapex|62/100 par|[from] item: Black Sludge
|upkeep
|turn|14
|
|t:|1596389577
|switch|p1a: Toxapex|Toxapex, M, shiny|69/100
|-damage|p1a: Toxapex|57/100|[from] Stealth Rock
|move|p2a: Toxapex|Scald|p1a: Toxapex
|-resisted|p1a: Toxapex
|-damage|p1a: Toxapex|50/100
|
|-heal|p2a: Toxapex|68/100 par|[from] item: Black Sludge
|upkeep
|turn|15
|
|t:|1596389584
|move|p1a: Toxapex|Knock Off|p2a: Toxapex
|-damage|p2a: Toxapex|58/100 par
|-enditem|p2a: Toxapex|Black Sludge|[from] move: Knock Off|[of] p1a: Toxapex
|move|p2a: Toxapex|Scald|p1a: Toxapex
|-resisted|p1a: Toxapex
|-crit|p1a: Toxapex
|-damage|p1a: Toxapex|39/100
|-status|p1a: Toxapex|brn
|
|-damage|p1a: Toxapex|33/100 brn|[from] brn
|upkeep
|turn|16
|
|t:|1596389590
|switch|p1a: Clefable|Clefable, F|100/100
|move|p2a: Toxapex|Knock Off|p1a: Clefable
|-resisted|p1a: Clefable
|-crit|p1a: Clefable
|-damage|p1a: Clefable|92/100
|-enditem|p1a: Clefable|Life Orb|[from] move: Knock Off|[of] p2a: Toxapex
|
|upkeep
|turn|17
|
|t:|1596389600
|switch|p2a: Magearna|Magearna|83/100
|-damage|p2a: Magearna|77/100|[from] Stealth Rock
|move|p1a: Clefable|Moonblast|p2a: Magearna
|-resisted|p2a: Magearna
|-damage|p2a: Magearna|61/100
|-unboost|p2a: Magearna|spa|1
|
|upkeep
|turn|18
|
|t:|1596389611
|switch|p2a: big C|Cinderace, M|100/100
|switch|p1a: Excadrill|Excadrill, M, shiny|68/100
|-damage|p1a: Excadrill|65/100|[from] Stealth Rock
|
|-heal|p1a: Excadrill|71/100|[from] item: Leftovers
|upkeep
|turn|19
|
|t:|1596389621
|switch|p1a: Mandibuzz|Mandibuzz, F|100/100
|move|p2a: big C|Bulk Up|p2a: big C
|-start|p2a: big C|typechange|Fighting|[from] ability: Libero
|-boost|p2a: big C|atk|1
|-boost|p2a: big C|def|1
|
|upkeep
|turn|20
|c| isheavydead|wuh oh
|
|t:|1596389629
|switch|p1a: Hippowdon|Hippowdon, F|82/100 tox
|-damage|p1a: Hippowdon|76/100 tox|[from] Stealth Rock
|-weather|Sandstorm|[from] ability: Sand Stream|[of] p1a: Hippowdon
|move|p2a: big C|U-turn|p1a: Hippowdon
|-start|p2a: big C|typechange|Bug|[from] ability: Libero
|-damage|p1a: Hippowdon|45/100 tox
|
|t:|1596389634
|switch|p2a: Magearna|Magearna|61/100|[from]move: U-turn
|-damage|p2a: Magearna|55/100|[from] Stealth Rock
|
|-weather|Sandstorm|[upkeep]
|-damage|p1a: Hippowdon|39/100 tox|[from] psn
|upkeep
|turn|21
|
|t:|1596389639
|switch|p1a: Excadrill|Excadrill, M, shiny|71/100
|-damage|p1a: Excadrill|68/100|[from] Stealth Rock
|move|p2a: Magearna|Fleur Cannon|p1a: Excadrill|[miss]
|-miss|p2a: Magearna|p1a: Excadrill
|
|-weather|Sandstorm|[upkeep]
|-heal|p1a: Excadrill|74/100|[from] item: Leftovers
|upkeep
|turn|22
|
|t:|1596389651
|switch|p2a: Mandibuzz|Mandibuzz, F|100/100
|move|p1a: Excadrill|Rapid Spin|p2a: Mandibuzz
|-damage|p2a: Mandibuzz|85/100
|-boost|p1a: Excadrill|spe|1
|-sideend|p1: I'm back from Mars|Stealth Rock|[from] move: Rapid Spin|[of] p1a: Excadrill
|
|-weather|Sandstorm|[upkeep]
|-heal|p1a: Excadrill|80/100|[from] item: Leftovers
|upkeep
|turn|23
|
|t:|1596389664
|switch|p1a: Clefable|Clefable, F|92/100
|move|p2a: Mandibuzz|Defog|p1a: Clefable
|-unboost|p1a: Clefable|evasion|1
|-sideend|p2: Aim for number one|Stealth Rock|[from] move: Defog|[of] p2a: Mandibuzz
|
|-weather|Sandstorm|[upkeep]
|upkeep
|turn|24
|
|t:|1596389674
|move|p2a: Mandibuzz|U-turn|p1a: Clefable
|-resisted|p1a: Clefable
|-damage|p1a: Clefable|87/100
|
|t:|1596389681
|switch|p2a: Toxapex|Toxapex, M|92/100 par|[from]move: U-turn
|move|p1a: Clefable|Thunder|p2a: Toxapex
|-supereffective|p2a: Toxapex
|-damage|p2a: Toxapex|53/100 par
|
|-weather|Sandstorm|[upkeep]
|-damage|p2a: Toxapex|47/100 par|[from] Sandstorm
|upkeep
|turn|25
|
|t:|1596389689
|switch|p2a: Hippowdon|Hippowdon, F|82/100 tox
|move|p1a: Clefable|Calm Mind|p1a: Clefable
|-boost|p1a: Clefable|spa|1
|-boost|p1a: Clefable|spd|1
|
|-weather|Sandstorm|[upkeep]
|-damage|p2a: Hippowdon|76/100 tox|[from] psn
|upkeep
|turn|26
|
|t:|1596389693
|move|p1a: Clefable|Calm Mind|p1a: Clefable
|-boost|p1a: Clefable|spa|1
|-boost|p1a: Clefable|spd|1
|move|p2a: Hippowdon|Stealth Rock|p1a: Clefable
|-sidestart|p1: I'm back from Mars|move: Stealth Rock
|
|-weather|Sandstorm|[upkeep]
|-damage|p2a: Hippowdon|63/100 tox|[from] psn
|upkeep
|turn|27
|
|t:|1596389698
|move|p1a: Clefable|Moonblast|p2a: Hippowdon
|-damage|p2a: Hippowdon|2/100 tox
|move|p2a: Hippowdon|Earthquake|p1a: Clefable
|-damage|p1a: Clefable|55/100
|
|-weather|none
|-damage|p2a: Hippowdon|0 fnt|[from] psn
|faint|p2a: Hippowdon
|upkeep
|
|t:|1596389703
|switch|p2a: big C|Cinderace, M|100/100
|turn|28
|
|t:|1596389713
|move|p2a: big C|Pyro Ball|p1a: Clefable
|-damage|p1a: Clefable|8/100
|move|p1a: Clefable|Moonblast|p2a: big C
|-resisted|p2a: big C
|-damage|p2a: big C|57/100
|-unboost|p2a: big C|spa|1
|
|upkeep
|turn|29
|j| Sirfight Glum
|l| Sirfight Glum
|j| bike mike
|
|t:|1596389737
|move|p2a: big C|U-turn|p1a: Clefable
|-start|p2a: big C|typechange|Bug|[from] ability: Libero
|-resisted|p1a: Clefable
|-damage|p1a: Clefable|0 fnt
|faint|p1a: Clefable
|
|t:|1596389741
|switch|p2a: Dragapult|Dragapult, F|11/100|[from]move: U-turn
|
|upkeep
|
|t:|1596389750
|switch|p1a: Mandibuzz|Mandibuzz, F|100/100
|turn|30
|
|t:|1596389755
|move|p2a: Dragapult|Dragon Darts|p1a: Mandibuzz
|-damage|p1a: Mandibuzz|75/100
|-anim|p2a: Dragapult|Dragon Darts|p1a: Mandibuzz
|-damage|p1a: Mandibuzz|52/100
|move|p1a: Mandibuzz|Knock Off|p2a: Dragapult
|-supereffective|p2a: Dragapult
|-damage|p2a: Dragapult|0 fnt
|-enditem|p2a: Dragapult|Choice Band|[from] move: Knock Off|[of] p1a: Mandibuzz
|faint|p2a: Dragapult
|
|upkeep
|
|t:|1596389763
|switch|p2a: Magearna|Magearna|55/100
|turn|31
|
|t:|1596389769
|switch|p1a: Excadrill|Excadrill, M, shiny|80/100
|-damage|p1a: Excadrill|77/100|[from] Stealth Rock
|move|p2a: Magearna|Flash Cannon|p1a: Excadrill
|-resisted|p1a: Excadrill
|-damage|p1a: Excadrill|46/100
|-unboost|p1a: Excadrill|spd|1
|
|-heal|p1a: Excadrill|52/100|[from] item: Leftovers
|upkeep
|turn|32
|
|t:|1596389791
|switch|p2a: Mandibuzz|Mandibuzz, F|85/100
|move|p1a: Excadrill|Iron Head|p2a: Mandibuzz
|-damage|p2a: Mandibuzz|48/100
|
|-heal|p1a: Excadrill|58/100|[from] item: Leftovers
|upkeep
|turn|33
|
|t:|1596389799
|switch|p1a: Hippowdon|Hippowdon, F|39/100 tox
|-damage|p1a: Hippowdon|32/100 tox|[from] Stealth Rock
|-weather|Sandstorm|[from] ability: Sand Stream|[of] p1a: Hippowdon
|move|p2a: Mandibuzz|Foul Play|p1a: Hippowdon
|-damage|p1a: Hippowdon|14/100 tox
|
|-weather|Sandstorm|[upkeep]
|-damage|p1a: Hippowdon|7/100 tox|[from] psn
|upkeep
|turn|34
|
|t:|1596389822
|switch|p1a: Chansey|Chansey, F|88/100
|-damage|p1a: Chansey|76/100|[from] Stealth Rock
|move|p2a: Mandibuzz|Roost|p2a: Mandibuzz
|-heal|p2a: Mandibuzz|98/100
|-singleturn|p2a: Mandibuzz|move: Roost
|
|-weather|Sandstorm|[upkeep]
|-damage|p1a: Chansey|70/100|[from] Sandstorm
|upkeep
|turn|35
|c|☆Aim for number one|that exca should be so dead by now
|c|☆I'm back from Mars|?
|inactive|I'm back from Mars has 120 seconds left.
|
|t:|1596389847
|move|p2a: Mandibuzz|U-turn|p1a: Chansey
|-damage|p1a: Chansey|62/100
|c|☆Aim for number one|i miss two fleurs
|
|t:|1596389850
|switch|p2a: Toxapex|Toxapex, M|80/100 par|[from]move: U-turn
|move|p1a: Chansey|Seismic Toss|p2a: Toxapex
|-damage|p2a: Toxapex|47/100 par
|
|-weather|Sandstorm|[upkeep]
|-damage|p1a: Chansey|56/100|[from] Sandstorm
|-damage|p2a: Toxapex|41/100 par|[from] Sandstorm
|upkeep
|turn|36
|l| bike mike
|c|☆I'm back from Mars|had you hit them
|inactive|I'm back from Mars has 120 seconds left.
|c|☆I'm back from Mars|i would have not let exca die
|c|☆Aim for number one|yep
|inactive|I'm back from Mars has 90 seconds left.
|
|t:|1596389902
|move|p1a: Chansey|Seismic Toss|p2a: Toxapex
|-damage|p2a: Toxapex|8/100 par
|move|p2a: Toxapex|Knock Off|p1a: Chansey
|-damage|p1a: Chansey|46/100
|-enditem|p1a: Chansey|Eviolite|[from] move: Knock Off|[of] p2a: Toxapex
|
|-weather|Sandstorm|[upkeep]
|-damage|p1a: Chansey|40/100|[from] Sandstorm
|-damage|p2a: Toxapex|1/100 par|[from] Sandstorm
|upkeep
|turn|37
|inactive|I'm back from Mars has 90 seconds left.
|
|t:|1596389909
|move|p1a: Chansey|Thunder Wave|p2a: Toxapex
|-fail|p2a: Toxapex|par
|move|p2a: Toxapex|Recover|p2a: Toxapex
|-heal|p2a: Toxapex|51/100 par
|
|-weather|Sandstorm|[upkeep]
|-damage|p1a: Chansey|34/100|[from] Sandstorm
|-damage|p2a: Toxapex|45/100 par|[from] Sandstorm
|upkeep
|turn|38
|l| Ske
|
|t:|1596389916
|move|p1a: Chansey|Soft-Boiled|p1a: Chansey
|-heal|p1a: Chansey|84/100
|move|p2a: Toxapex|Recover|p2a: Toxapex
|-heal|p2a: Toxapex|95/100 par
|
|-weather|Sandstorm|[upkeep]
|-damage|p1a: Chansey|77/100|[from] Sandstorm
|-damage|p2a: Toxapex|89/100 par|[from] Sandstorm
|upkeep
|turn|39
|
|t:|1596389921
|move|p1a: Chansey|Seismic Toss|p2a: Toxapex
|-damage|p2a: Toxapex|56/100 par
|cant|p2a: Toxapex|par
|
|-weather|Sandstorm|[upkeep]
|-damage|p1a: Chansey|71/100|[from] Sandstorm
|-damage|p2a: Toxapex|50/100 par|[from] Sandstorm
|upkeep
|turn|40
|
|t:|1596389925
|move|p1a: Chansey|Seismic Toss|p2a: Toxapex
|-damage|p2a: Toxapex|17/100 par
|move|p2a: Toxapex|Recover|p2a: Toxapex
|-heal|p2a: Toxapex|67/100 par
|
|-weather|none
|upkeep
|turn|41
|
|t:|1596389929
|move|p1a: Chansey|Seismic Toss|p2a: Toxapex
|-damage|p2a: Toxapex|34/100 par
|move|p2a: Toxapex|Scald|p1a: Chansey
|-damage|p1a: Chansey|63/100
|
|upkeep
|turn|42
|
|t:|1596389934
|switch|p2a: Mandibuzz|Mandibuzz, F|98/100
|move|p1a: Chansey|Seismic Toss|p2a: Mandibuzz
|-damage|p2a: Mandibuzz|74/100
|
|upkeep
|turn|43
|
|t:|1596389939
|move|p2a: Mandibuzz|U-turn|p1a: Chansey
|-damage|p1a: Chansey|52/100
|
|t:|1596389941
|switch|p2a: Toxapex|Toxapex, M|67/100 par|[from]move: U-turn
|move|p1a: Chansey|Soft-Boiled|p1a: Chansey
|-heal|p1a: Chansey|100/100
|
|upkeep
|turn|44
|
|t:|1596389946
|move|p1a: Chansey|Seismic Toss|p2a: Toxapex
|-damage|p2a: Toxapex|34/100 par
|move|p2a: Toxapex|Recover|p2a: Toxapex
|-heal|p2a: Toxapex|84/100 par
|
|upkeep
|turn|45
|
|t:|1596389949
|move|p1a: Chansey|Seismic Toss|p2a: Toxapex
|-damage|p2a: Toxapex|51/100 par
|move|p2a: Toxapex|Scald|p1a: Chansey
|-damage|p1a: Chansey|93/100
|-status|p1a: Chansey|brn
|
|-damage|p1a: Chansey|87/100 brn|[from] brn
|upkeep
|turn|46
|
|t:|1596389964
|-curestatus|p1a: Chansey|brn|[from] ability: Natural Cure
|switch|p1a: Hippowdon|Hippowdon, F|7/100 tox
|-damage|p1a: Hippowdon|1/100 tox|[from] Stealth Rock
|-weather|Sandstorm|[from] ability: Sand Stream|[of] p1a: Hippowdon
|move|p2a: Toxapex|Recover|p2a: Toxapex
|-heal|p2a: Toxapex|100/100 par
|
|-weather|Sandstorm|[upkeep]
|-damage|p2a: Toxapex|94/100 par|[from] Sandstorm
|-damage|p1a: Hippowdon|0 fnt|[from] psn
|faint|p1a: Hippowdon
|upkeep
|
|t:|1596389966
|switch|p1a: Excadrill|Excadrill, M, shiny|58/100
|-damage|p1a: Excadrill|55/100|[from] Stealth Rock
|turn|47
|
|t:|1596389970
|move|p1a: Excadrill|Earthquake|p2a: Toxapex
|-supereffective|p2a: Toxapex
|-damage|p2a: Toxapex|17/100 par
|move|p2a: Toxapex|Scald|p1a: Excadrill
|-supereffective|p1a: Excadrill
|-damage|p1a: Excadrill|10/100
|-status|p1a: Excadrill|brn
|
|-weather|Sandstorm|[upkeep]
|-damage|p2a: Toxapex|11/100 par|[from] Sandstorm
|-heal|p1a: Excadrill|16/100 brn|[from] item: Leftovers
|-damage|p1a: Excadrill|10/100 brn|[from] brn
|upkeep
|turn|48
|
|t:|1596389979
|switch|p2a: Mandibuzz|Mandibuzz, F|74/100
|move|p1a: Excadrill|Iron Head|p2a: Mandibuzz
|-damage|p2a: Mandibuzz|57/100
|
|-weather|Sandstorm|[upkeep]
|-heal|p1a: Excadrill|16/100 brn|[from] item: Leftovers
|-damage|p1a: Excadrill|10/100 brn|[from] brn
|upkeep
|turn|49
|
|t:|1596389984
|move|p1a: Excadrill|Rock Slide|p2a: Mandibuzz
|-supereffective|p2a: Mandibuzz
|-damage|p2a: Mandibuzz|36/100
|cant|p2a: Mandibuzz|flinch
|
|-weather|Sandstorm|[upkeep]
|-heal|p1a: Excadrill|16/100 brn|[from] item: Leftovers
|-damage|p1a: Excadrill|10/100 brn|[from] brn
|upkeep
|turn|50
|
|t:|1596389990
|move|p1a: Excadrill|Rock Slide|p2a: Mandibuzz|[miss]
|-miss|p1a: Excadrill|p2a: Mandibuzz
|move|p2a: Mandibuzz|Foul Play|p1a: Excadrill
|-damage|p1a: Excadrill|0 fnt
|faint|p1a: Excadrill
|
|-weather|Sandstorm|[upkeep]
|upkeep
|c| isheavydead|bruh that burn
|c|☆I'm back from Mars|gg
|-message|I'm back from Mars forfeited.
|
|win|Aim for number one
