|j|☆GaijinEagle
|j|☆Melvin L De Guia
|t:|1596561164
|player|p1|GaijinEagle|102|1178
|player|p2|Melvin L De Guia|depotagent|1227
|teamsize|p1|6
|teamsize|p2|6
|gametype|singles
|gen|8
|tier|[Gen 8] OU
|rated|
|html|<div class="broadcast-blue"><strong>OU is currently suspecting Magearna! For information on how to participate check out the <a href="https://www.smogon.com/forums/threads/3667669/">suspect thread</a>.</strong></div>
|clearpoke
|poke|p1|Shuckle, F|
|poke|p1|Urshifu-*, M|
|poke|p1|Weavile, M|
|poke|p1|Alakazam, F|
|poke|p1|Cinderace, F|
|poke|p1|Conkeldurr, F|
|poke|p2|Dragapult, M|
|poke|p2|Blastoise, M|
|poke|p2|Ferrothorn, M|
|poke|p2|Rotom-Heat|
|poke|p2|Terrakion|
|poke|p2|Braviary, M|
|rule|Sleep Clause Mod: Limit one foe put to sleep
|rule|Species Clause: Limit one of each Pokémon
|rule|OHKO Clause: OHKO moves are banned
|rule|Evasion Moves Clause: Evasion moves are banned
|rule|Endless Battle Clause: Forcing endless battles is banned
|rule|HP Percentage Mod: HP is shown in percentages
|rule|Dynamax Clause: You cannot dynamax
|teampreview
|inactive|Battle timer is ON: inactive players will automatically lose when time's up. (requested by GaijinEagle)
|inactive|GaijinEagle has 120 seconds left.
|inactive|GaijinEagle has 90 seconds left.
|inactive|GaijinEagle has 60 seconds left.
|inactive|GaijinEagle has 30 seconds left.
|inactive|GaijinEagle has 20 seconds left.
|inactive|GaijinEagle has 15 seconds left.
|inactive|GaijinEagle has 10 seconds left.
|inactive|GaijinEagle has 5 seconds left.
|inactiveoff|Battle timer is now OFF.
|
|t:|1596561316
|start
|switch|p1a: Shuckle|Shuckle, F|100/100
|switch|p2a: Blastoise|Blastoise, M|100/100
|turn|1
|inactive|Battle timer is ON: inactive players will automatically lose when time's up. (requested by Melvin L De Guia)
|inactive|GaijinEagle has 60 seconds left.
|c|☆Melvin L De Guia|wtf wrong wif u
|
|t:|1596561333
|move|p2a: Blastoise|Scald|p1a: Shuckle
|-supereffective|p1a: Shuckle
|-damage|p1a: Shuckle|73/100
|move|p1a: Shuckle|Sticky Web|p2a: Blastoise
|-sidestart|p2: Melvin L De Guia|move: Sticky Web
|
|upkeep
|turn|2
|
|t:|1596561339
|move|p2a: Blastoise|Scald|p1a: Shuckle
|-supereffective|p1a: Shuckle
|-damage|p1a: Shuckle|46/100
|move|p1a: Shuckle|Stealth Rock|p2a: Blastoise
|-sidestart|p2: Melvin L De Guia|move: Stealth Rock
|
|upkeep
|turn|3
|inactive|GaijinEagle has 60 seconds left.
|
|t:|1596561371
|switch|p1a: Urshifu|Urshifu, M|100/100
|move|p2a: Blastoise|Rapid Spin|p1a: Urshifu
|-damage|p1a: Urshifu|93/100
|-boost|p2a: Blastoise|spe|1
|-sideend|p2: Melvin L De Guia|Stealth Rock|[from] move: Rapid Spin|[of] p2a: Blastoise
|-sideend|p2: Melvin L De Guia|Sticky Web|[from] move: Rapid Spin|[of] p2a: Blastoise
|
|upkeep
|turn|4
|
|t:|1596561382
|switch|p2a: Raging bull|Terrakion|100/100
|move|p1a: Urshifu|Wicked Blow|p2a: Raging bull
|-resisted|p2a: Raging bull
|-crit|p2a: Raging bull
|-damage|p2a: Raging bull|55/100
|-ability|p2a: Raging bull|Justified|boost
|-boost|p2a: Raging bull|atk|1
|-damage|p1a: Urshifu|83/100|[from] item: Life Orb
|
|upkeep
|turn|5
|inactive|GaijinEagle has 60 seconds left.
|
|t:|1596561395
|move|p2a: Raging bull|Close Combat|p1a: Urshifu
|-supereffective|p1a: Urshifu
|-damage|p1a: Urshifu|0 fnt
|-unboost|p2a: Raging bull|def|1
|-unboost|p2a: Raging bull|spd|1
|faint|p1a: Urshifu
|
|upkeep
|inactive|GaijinEagle has 60 seconds left.
|
|t:|1596561420
|switch|p1a: Alakazam|Alakazam, F|100/100
|turn|6
|
|t:|1596561427
|switch|p2a: Blastoise|Blastoise, M|100/100
|move|p1a: Alakazam|Psychic|p2a: Blastoise
|-damage|p2a: Blastoise|65/100
|-unboost|p2a: Blastoise|spd|1
|
|upkeep
|turn|7
|inactive|GaijinEagle has 60 seconds left.
|inactive|GaijinEagle has 30 seconds left.
|inactive|GaijinEagle has 20 seconds left.
|inactive|GaijinEagle has 15 seconds left.
|
|t:|1596561479
|switch|p2a: Beyblade|Ferrothorn, M|100/100
|move|p1a: Alakazam|Nasty Plot|p1a: Alakazam
|-boost|p1a: Alakazam|spa|2
|
|upkeep
|turn|8
|inactive|GaijinEagle has 25 seconds left this turn.
|inactive|GaijinEagle has 20 seconds left.
|inactive|GaijinEagle has 15 seconds left.
|
|t:|1596561491
|move|p2a: Beyblade|Protect|p2a: Beyblade
|-singleturn|p2a: Beyblade|Protect
|move|p1a: Alakazam|Focus Blast|p2a: Beyblade
|-activate|p2a: Beyblade|move: Protect
|
|upkeep
|turn|9
|inactive|GaijinEagle has 25 seconds left this turn.
|
|t:|1596561505
|move|p1a: Alakazam|Focus Blast|p2a: Beyblade
|-supereffective|p2a: Beyblade
|-damage|p2a: Beyblade|0 fnt
|faint|p2a: Beyblade
|
|upkeep
|inactive|GaijinEagle has 30 seconds left this turn.
|
|t:|1596561508
|switch|p2a: Ghost lizard|Dragapult, M|100/100
|turn|10
|inactive|GaijinEagle has 30 seconds left.
|
|t:|1596561523
|move|p2a: Ghost lizard|Shadow Ball|p1a: Alakazam
|-supereffective|p1a: Alakazam
|-enditem|p1a: Alakazam|Focus Sash
|-damage|p1a: Alakazam|1/100
|-unboost|p1a: Alakazam|spd|1
|move|p1a: Alakazam|Psychic|p2a: Ghost lizard
|-damage|p2a: Ghost lizard|0 fnt
|faint|p2a: Ghost lizard
|
|upkeep
|inactive|GaijinEagle has 30 seconds left this turn.
|
|t:|1596561528
|switch|p2a: Raging bull|Terrakion|55/100
|turn|11
|
|t:|1596561535
|move|p2a: Raging bull|Quick Attack|p1a: Alakazam
|-damage|p1a: Alakazam|0 fnt
|faint|p1a: Alakazam
|
|upkeep
|inactive|GaijinEagle has 30 seconds left.
|inactive|GaijinEagle has 20 seconds left.
|inactive|GaijinEagle has 15 seconds left.
|inactive|GaijinEagle has 10 seconds left.
|inactive|GaijinEagle has 5 seconds left.
|
|t:|1596561571
|switch|p1a: Cinderace|Cinderace, F|100/100
|turn|12
|inactive|GaijinEagle has 15 seconds left this turn.
|
|t:|1596561581
|switch|p2a: Heaty-rotom|Rotom-Heat|100/100
|move|p1a: Cinderace|Zen Headbutt|p2a: Heaty-rotom
|-start|p1a: Cinderace|typechange|Psychic|[from] ability: Libero
|-damage|p2a: Heaty-rotom|48/100
|
|upkeep
|turn|13
|inactive|GaijinEagle has 25 seconds left this turn.
|
|t:|1596561592
|move|p1a: Cinderace|Zen Headbutt|p2a: Heaty-rotom
|-crit|p2a: Heaty-rotom
|-damage|p2a: Heaty-rotom|0 fnt
|faint|p2a: Heaty-rotom
|
|upkeep
|inactive|GaijinEagle has 30 seconds left this turn.
|
|t:|1596561596
|switch|p2a: Braviary|Braviary, M|100/100
|turn|14
|inactive|GaijinEagle has 30 seconds left.
|
|t:|1596561609
|move|p2a: Braviary|Brave Bird|p1a: Cinderace
|-damage|p1a: Cinderace|15/100
|-damage|p2a: Braviary|76/100|[from] Recoil
|move|p1a: Cinderace|Pyro Ball|p2a: Braviary
|-start|p1a: Cinderace|typechange|Fire|[from] ability: Libero
|-damage|p2a: Braviary|1/100
|
|upkeep
|turn|15
|
|t:|1596561615
|move|p1a: Cinderace|Sucker Punch|p2a: Braviary
|-start|p1a: Cinderace|typechange|Dark|[from] ability: Libero
|-damage|p2a: Braviary|0 fnt
|faint|p2a: Braviary
|
|upkeep
|
|t:|1596561618
|switch|p2a: Raging bull|Terrakion|55/100
|turn|16
|inactive|GaijinEagle has 30 seconds left.
|inactive|GaijinEagle has 20 seconds left.
|
|t:|1596561657
|switch|p1a: Shuckle|Shuckle, F|46/100
|move|p2a: Raging bull|Quick Attack|p1a: Shuckle
|-resisted|p1a: Shuckle
|-damage|p1a: Shuckle|39/100
|
|upkeep
|turn|17
|inactive|GaijinEagle has 30 seconds left this turn.
|
|t:|1596561661
|switch|p2a: Blastoise|Blastoise, M|65/100
|move|p1a: Shuckle|Sticky Web|p2a: Blastoise
|-sidestart|p2: Melvin L De Guia|move: Sticky Web
|
|upkeep
|turn|18
|
|t:|1596561665
|move|p2a: Blastoise|Rapid Spin|p1a: Shuckle
|-resisted|p1a: Shuckle
|-damage|p1a: Shuckle|36/100
|-boost|p2a: Blastoise|spe|1
|-sideend|p2: Melvin L De Guia|Sticky Web|[from] move: Rapid Spin|[of] p2a: Blastoise
|move|p1a: Shuckle|Final Gambit|p2a: Blastoise
|-damage|p2a: Blastoise|36/100
|faint|p1a: Shuckle
|
|upkeep
|inactive|GaijinEagle has 30 seconds left.
|
|t:|1596561685
|switch|p1a: Conkeldurr|Conkeldurr, F|100/100
|turn|19
|
|t:|1596561690
|move|p2a: Blastoise|Scald|p1a: Conkeldurr
|-damage|p1a: Conkeldurr|67/100
|move|p1a: Conkeldurr|Close Combat|p2a: Blastoise
|-damage|p2a: Blastoise|0 fnt
|-unboost|p1a: Conkeldurr|def|1
|-unboost|p1a: Conkeldurr|spd|1
|faint|p2a: Blastoise
|
|-status|p1a: Conkeldurr|brn|[from] item: Flame Orb
|upkeep
|
|t:|1596561696
|switch|p2a: Raging bull|Terrakion|55/100
|turn|20
|
|t:|1596561714
|move|p2a: Raging bull|Close Combat|p1a: Conkeldurr
|-damage|p1a: Conkeldurr|0 fnt
|-unboost|p2a: Raging bull|def|1
|-unboost|p2a: Raging bull|spd|1
|faint|p1a: Conkeldurr
|
|upkeep
|
|t:|1596561728
|switch|p1a: Weavile|Weavile, M|100/100
|-ability|p1a: Weavile|Pressure
|turn|21
|
|t:|1596561730
|move|p1a: Weavile|Low Kick|p2a: Raging bull
|-supereffective|p2a: Raging bull
|-damage|p2a: Raging bull|0 fnt
|-damage|p1a: Weavile|91/100|[from] item: Life Orb
|faint|p2a: Raging bull
|
|win|GaijinEagle
|l|☆Melvin L De Guia
|c|☆GaijinEagle|gg
||Ladder (probably) updated, but score could not be retrieved (Request timeout).
