|j|☆legitteambuilder
|j|☆Selah
|t:|1609009523
|player|p1|legitteambuilder|lance|1698
|player|p2|Selah|102|1713
|teamsize|p1|6
|teamsize|p2|6
|gametype|singles
|gen|8
|tier|[Gen 8] OU
|rated|
|clearpoke
|poke|p1|Azumarill, F|
|poke|p1|Regieleki|
|poke|p1|Magearna|
|poke|p1|Buzzwole|
|poke|p1|Spectrier|
|poke|p1|Landorus-Therian, M|
|poke|p2|Moltres|
|poke|p2|Gastrodon-East, M|
|poke|p2|Ferrothorn, F|
|poke|p2|Obstagoon, M|
|poke|p2|Clefable, F|
|poke|p2|Spectrier|
|rule|Sleep Clause Mod: Limit one foe put to sleep
|rule|Species Clause: Limit one of each Pokémon
|rule|OHKO Clause: OHKO moves are banned
|rule|Evasion Moves Clause: Evasion moves are banned
|rule|Endless Battle Clause: Forcing endless battles is banned
|rule|HP Percentage Mod: HP is shown in percentages
|rule|Dynamax Clause: You cannot dynamax
|teampreview
|
|t:|1609009536
|start
|switch|p1a: Landorus|Landorus-Therian, M|100/100
|switch|p2a: Ferrothorn|Ferrothorn, F|100/100
|-ability|p1a: Landorus|Intimidate|boost
|-unboost|p2a: Ferrothorn|atk|1
|turn|1
|
|t:|1609009540
|move|p1a: Landorus|Swords Dance|p1a: Landorus
|-boost|p1a: Landorus|atk|2
|move|p2a: Ferrothorn|Spikes|p1a: Landorus
|-sidestart|p1: legitteambuilder|Spikes
|
|upkeep
|turn|2
|
|t:|1609009542
|move|p1a: Landorus|Earthquake|p2a: Ferrothorn
|-damage|p2a: Ferrothorn|39/100
|move|p2a: Ferrothorn|Power Whip|p1a: Landorus
|-damage|p1a: Landorus|71/100
|
|-heal|p2a: Ferrothorn|45/100|[from] item: Leftovers
|upkeep
|turn|3
|
|t:|1609009551
|move|p1a: Landorus|Stealth Rock|p2a: Ferrothorn
|-sidestart|p2: Selah|move: Stealth Rock
|move|p2a: Ferrothorn|Leech Seed|p1a: Landorus
|-start|p1a: Landorus|move: Leech Seed
|
|-heal|p2a: Ferrothorn|51/100|[from] item: Leftovers
|-damage|p1a: Landorus|59/100|[from] Leech Seed|[of] p2a: Ferrothorn
|-heal|p2a: Ferrothorn|62/100|[silent]
|upkeep
|turn|4
|
|t:|1609009555
|switch|p2a: Moltres|Moltres|100/100
|move|p1a: Landorus|Earthquake|p2a: Moltres
|-immune|p2a: Moltres
|
|-damage|p1a: Landorus|47/100|[from] Leech Seed|[of] p2a: Moltres
|upkeep
|turn|5
|
|t:|1609009558
|switch|p2a: Ferrothorn|Ferrothorn, F|62/100
|-damage|p2a: Ferrothorn|56/100|[from] Stealth Rock
|move|p1a: Landorus|Explosion|p2a: Ferrothorn
|-resisted|p2a: Ferrothorn
|-damage|p2a: Ferrothorn|3/100
|faint|p1a: Landorus
|
|-heal|p2a: Ferrothorn|9/100|[from] item: Leftovers
|upkeep
|j| Asb05
|
|t:|1609009563
|switch|p1a: Buzzwole|Buzzwole|100/100
|-damage|p1a: Buzzwole|88/100|[from] Spikes
|turn|6
|
|t:|1609009569
|switch|p2a: Clefable|Clefable, F|100/100
|move|p1a: Buzzwole|Substitute|p1a: Buzzwole
|-start|p1a: Buzzwole|Substitute
|-damage|p1a: Buzzwole|63/100
|
|-heal|p1a: Buzzwole|69/100|[from] item: Leftovers
|upkeep
|turn|7
|
|t:|1609009571
|move|p1a: Buzzwole|Drain Punch|p2a: Clefable
|-resisted|p2a: Clefable
|-damage|p2a: Clefable|83/100
|-heal|p1a: Buzzwole|78/100|[from] drain|[of] p2a: Clefable
|-damage|p1a: Buzzwole|61/100|[from] item: Rocky Helmet|[of] p2a: Clefable
|move|p2a: Clefable|Moonblast|p1a: Buzzwole
|-supereffective|p1a: Buzzwole
|-end|p1a: Buzzwole|Substitute
|
|-heal|p1a: Buzzwole|67/100|[from] item: Leftovers
|upkeep
|turn|8
|j| jeanmilapipe
|
|t:|1609009579
|switch|p1a: Magearna|Magearna|100/100
|-damage|p1a: Magearna|88/100|[from] Spikes
|move|p2a: Clefable|Stealth Rock|p1a: Magearna
|-sidestart|p1: legitteambuilder|move: Stealth Rock
|
|-heal|p1a: Magearna|94/100|[from] item: Leftovers
|upkeep
|turn|9
|
|t:|1609009586
|switch|p2a: Moltres|Moltres|100/100
|move|p1a: Magearna|Shift Gear|p1a: Magearna
|-boost|p1a: Magearna|spe|2
|-boost|p1a: Magearna|atk|1
|
|-heal|p1a: Magearna|100/100|[from] item: Leftovers
|upkeep
|turn|10
|
|t:|1609009588
|move|p1a: Magearna|Calm Mind|p1a: Magearna
|-boost|p1a: Magearna|spa|1
|-boost|p1a: Magearna|spd|1
|move|p2a: Moltres|Mystical Fire|p1a: Magearna
|-supereffective|p1a: Magearna
|-damage|p1a: Magearna|58/100
|-unboost|p1a: Magearna|spa|1
|
|-heal|p1a: Magearna|64/100|[from] item: Leftovers
|upkeep
|turn|11
|
|t:|1609009591
|move|p1a: Magearna|Calm Mind|p1a: Magearna
|-boost|p1a: Magearna|spa|1
|-boost|p1a: Magearna|spd|1
|move|p2a: Moltres|Mystical Fire|p1a: Magearna
|-supereffective|p1a: Magearna
|-damage|p1a: Magearna|33/100
|-unboost|p1a: Magearna|spa|1
|
|-heal|p1a: Magearna|39/100|[from] item: Leftovers
|upkeep
|turn|12
|j| Ginblum
|
|t:|1609009598
|move|p1a: Magearna|Stored Power|p2a: Moltres
|-damage|p2a: Moltres|60/100
|move|p2a: Moltres|Mystical Fire|p1a: Magearna
|-supereffective|p1a: Magearna
|-damage|p1a: Magearna|11/100
|-unboost|p1a: Magearna|spa|1
|
|-heal|p1a: Magearna|18/100|[from] item: Leftovers
|upkeep
|turn|13
|
|t:|1609009602
|move|p1a: Magearna|Stored Power|p2a: Moltres
|-crit|p2a: Moltres
|-damage|p2a: Moltres|0 fnt
|faint|p2a: Moltres
|-ability|p1a: Magearna|Soul-Heart|boost
|-boost|p1a: Magearna|spa|1
|
|-heal|p1a: Magearna|24/100|[from] item: Leftovers
|upkeep
|
|t:|1609009614
|switch|p2a: Gastrodon|Gastrodon-East, M|100/100
|turn|14
|
|t:|1609009623
|move|p1a: Magearna|Stored Power|p2a: Gastrodon
|-damage|p2a: Gastrodon|74/100
|move|p2a: Gastrodon|Earthquake|p1a: Magearna
|-supereffective|p1a: Magearna
|-damage|p1a: Magearna|0 fnt
|faint|p1a: Magearna
|
|upkeep
|j| Allgemeine SS
|inactive|Battle timer is ON: inactive players will automatically lose when time's up. (requested by Selah)
|
|t:|1609009640
|switch|p1a: Azumarill|Azumarill, F|100/100
|-damage|p1a: Azumarill|88/100|[from] Stealth Rock
|-damage|p1a: Azumarill|76/100|[from] Spikes
|turn|15
|
|t:|1609009647
|move|p1a: Azumarill|Belly Drum|p1a: Azumarill
|-damage|p1a: Azumarill|26/100
|-setboost|p1a: Azumarill|atk|6|[from] move: Belly Drum
|-enditem|p1a: Azumarill|Sitrus Berry|[eat]
|-heal|p1a: Azumarill|51/100|[from] item: Sitrus Berry
|move|p2a: Gastrodon|Earthquake|p1a: Azumarill
|-damage|p1a: Azumarill|15/100
|
|upkeep
|turn|16
|
|t:|1609009654
|switch|p2a: Ferrothorn|Ferrothorn, F|9/100
|-damage|p2a: Ferrothorn|3/100|[from] Stealth Rock
|move|p1a: Azumarill|Knock Off|p2a: Ferrothorn
|-damage|p2a: Ferrothorn|0 fnt
|-damage|p1a: Azumarill|3/100|[from] ability: Iron Barbs|[of] p2a: Ferrothorn
|-enditem|p2a: Ferrothorn|Leftovers|[from] move: Knock Off|[of] p1a: Azumarill
|faint|p2a: Ferrothorn
|
|upkeep
|
|t:|1609009666
|switch|p2a: Obstagoon|Obstagoon, M, shiny|100/100
|-damage|p2a: Obstagoon|88/100|[from] Stealth Rock
|turn|17
|
|t:|1609009673
|switch|p2a: Clefable|Clefable, F|83/100
|move|p1a: Azumarill|Aqua Jet|p2a: Clefable
|-damage|p2a: Clefable|7/100
|-damage|p1a: Azumarill|0 fnt|[from] item: Rocky Helmet|[of] p2a: Clefable
|faint|p1a: Azumarill
|
|upkeep
|j| Wiso7
|
|t:|1609009687
|switch|p1a: Regieleki|Regieleki|100/100
|-damage|p1a: Regieleki|88/100|[from] Stealth Rock
|-damage|p1a: Regieleki|76/100|[from] Spikes
|turn|18
|
|t:|1609009690
|switch|p2a: Gastrodon|Gastrodon-East, M|74/100
|move|p1a: Regieleki|Reflect|p1a: Regieleki
|-sidestart|p1: legitteambuilder|Reflect
|
|upkeep
|turn|19
|
|t:|1609009693
|move|p1a: Regieleki|Light Screen|p1a: Regieleki
|-sidestart|p1: legitteambuilder|move: Light Screen
|move|p2a: Gastrodon|Scald|p1a: Regieleki
|-damage|p1a: Regieleki|54/100
|
|upkeep
|turn|20
|
|t:|1609009696
|move|p1a: Regieleki|Explosion|p2a: Gastrodon
|-damage|p2a: Gastrodon|23/100
|faint|p1a: Regieleki
|move|p2a: Gastrodon|Scald|p1: Regieleki|[notarget]
|-fail|p2a: Gastrodon
|
|upkeep
|
|t:|1609009698
|switch|p1a: Spectrier|Spectrier|100/100
|-damage|p1a: Spectrier|88/100|[from] Spikes
|-damage|p1a: Spectrier|75/100|[from] Stealth Rock
|turn|21
|
|t:|1609009700
|switch|p2a: Obstagoon|Obstagoon, M, shiny|88/100
|-damage|p2a: Obstagoon|76/100|[from] Stealth Rock
|move|p1a: Spectrier|Substitute|p1a: Spectrier
|-start|p1a: Spectrier|Substitute
|-damage|p1a: Spectrier|50/100
|
|-heal|p1a: Spectrier|57/100|[from] item: Leftovers
|-status|p2a: Obstagoon|brn|[from] item: Flame Orb
|upkeep
|turn|22
|
|t:|1609009706
|move|p1a: Spectrier|Calm Mind|p1a: Spectrier
|-boost|p1a: Spectrier|spa|1
|-boost|p1a: Spectrier|spd|1
|move|p2a: Obstagoon|Knock Off|p1a: Spectrier
|-supereffective|p1a: Spectrier
|-end|p1a: Spectrier|Substitute
|
|-heal|p1a: Spectrier|63/100|[from] item: Leftovers
|-damage|p2a: Obstagoon|70/100 brn|[from] brn
|upkeep
|turn|23
|
|t:|1609009708
|move|p1a: Spectrier|Substitute|p1a: Spectrier
|-start|p1a: Spectrier|Substitute
|-damage|p1a: Spectrier|38/100
|move|p2a: Obstagoon|Knock Off|p1a: Spectrier
|-supereffective|p1a: Spectrier
|-end|p1a: Spectrier|Substitute
|
|-heal|p1a: Spectrier|44/100|[from] item: Leftovers
|-damage|p2a: Obstagoon|64/100 brn|[from] brn
|upkeep
|turn|24
|
|t:|1609009714
|switch|p1a: Buzzwole|Buzzwole|67/100
|-damage|p1a: Buzzwole|55/100|[from] Stealth Rock
|-damage|p1a: Buzzwole|43/100|[from] Spikes
|move|p2a: Obstagoon|Knock Off|p1a: Buzzwole
|-resisted|p1a: Buzzwole
|-damage|p1a: Buzzwole|34/100
|-enditem|p1a: Buzzwole|Leftovers|[from] move: Knock Off|[of] p2a: Obstagoon
|
|-damage|p2a: Obstagoon|58/100 brn|[from] brn
|upkeep
|turn|25
|
|t:|1609009719
|switch|p2a: Clefable|Clefable, F|7/100
|move|p1a: Buzzwole|Stone Edge|p2a: Clefable
|-damage|p2a: Clefable|0 fnt
|faint|p2a: Clefable
|-ability|p1a: Buzzwole|Beast Boost|boost
|-boost|p1a: Buzzwole|atk|1
|
|-sideend|p1: legitteambuilder|Reflect
|upkeep
|
|t:|1609009721
|switch|p2a: Spectrier|Spectrier|100/100
|-damage|p2a: Spectrier|88/100|[from] Stealth Rock
|turn|26
|
|t:|1609009724
|move|p2a: Spectrier|Shadow Ball|p1a: Buzzwole
|-damage|p1a: Buzzwole|0 fnt
|faint|p1a: Buzzwole
|-ability|p2a: Spectrier|Grim Neigh|boost
|-boost|p2a: Spectrier|spa|1
|
|-sideend|p1: legitteambuilder|move: Light Screen
|upkeep
|-message|legitteambuilder forfeited.
|
|win|Selah
|l|☆legitteambuilder
|l| Asb05
|l| Allgemeine SS
|raw|legitteambuilder's rating: 1713 &rarr; <strong>1694</strong><br />(-19 for losing)
|raw|Selah's rating: 1731 &rarr; <strong>1750</strong><br />(+19 for winning)
|l|☆Selah
|l| Ginblum
|l| Wiso7
|l| jeanmilapipe
