|j|☆yokcnosoy100tifico
|j|☆TheonReekGreyjoy
|t:|1664026916
|gametype|singles
|player|p1|yokcnosoy100tifico|265|1802
|player|p2|TheonReekGreyjoy|102|1771
|teamsize|p1|6
|teamsize|p2|6
|gen|8
|tier|[Gen 8] OU
|rated|
|rule|Sleep Clause Mod: Limit one foe put to sleep
|rule|Species Clause: Limit one of each Pokémon
|rule|OHKO Clause: OHKO moves are banned
|rule|Evasion Items Clause: Evasion items are banned
|rule|Evasion Moves Clause: Evasion moves are banned
|rule|Endless Battle Clause: Forcing endless battles is banned
|rule|HP Percentage Mod: HP is shown in percentages
|rule|Dynamax Clause: You cannot dynamax
|clearpoke
|poke|p1|Mew|
|poke|p1|Bisharp, M|
|poke|p1|Rillaboom, M|
|poke|p1|Garchomp, M|
|poke|p1|Volcarona, F|
|poke|p1|Hawlucha, F|
|poke|p2|Hatterene, F|
|poke|p2|Tornadus-Therian, M|
|poke|p2|Vanilluxe, M|
|poke|p2|Heatran, F|
|poke|p2|Arctozolt|
|poke|p2|Landorus-Therian, M|
|teampreview
|j| Aitana y Zoilo
|inactive|Battle timer is ON: inactive players will automatically lose when time's up. (requested by yokcnosoy100tifico)
|j| NDHB
|j| tapu moxo
|inactive|TheonReekGreyjoy has 120 seconds left.
|
|t:|1664026991
|start
|switch|p1a: Bisharp|Bisharp, M|100/100
|switch|p2a: Tornadus|Tornadus-Therian, M|100/100
|turn|1
|
|t:|1664027001
|switch|p1a: Garchomp|Garchomp, M|100/100
|move|p2a: Tornadus|U-turn|p1a: Garchomp
|-damage|p1a: Garchomp|86/100
|-damage|p2a: Tornadus|88/100|[from] ability: Rough Skin|[of] p1a: Garchomp
|
|t:|1664027009
|switch|p2a: Landorus|Landorus-Therian, M|100/100|[from]move: U-turn
|-ability|p2a: Landorus|Intimidate|boost
|-unboost|p1a: Garchomp|atk|1
|
|upkeep
|turn|2
|
|t:|1664027017
|switch|p1a: Rillaboom|Rillaboom, M|100/100
|-fieldstart|move: Grassy Terrain|[from] ability: Grassy Surge|[of] p1a: Rillaboom
|switch|p2a: Hatterene|Hatterene, F|100/100
|
|upkeep
|turn|3
|
|t:|1664027022
|switch|p2a: Heatran|Heatran, F|100/100
|move|p1a: Rillaboom|U-turn|p2a: Heatran
|-resisted|p2a: Heatran
|-damage|p2a: Heatran|93/100
|j| nightsuliu
|
|t:|1664027041
|switch|p1a: Garchomp|Garchomp, M|86/100|[from]move: U-turn
|
|-heal|p1a: Garchomp|92/100|[from] Grassy Terrain
|-heal|p2a: Heatran|99/100|[from] Grassy Terrain
|-heal|p2a: Heatran|100/100|[from] item: Leftovers
|upkeep
|turn|4
|inactive|TheonReekGreyjoy has 120 seconds left.
|
|t:|1664027096
|switch|p2a: Landorus|Landorus-Therian, M|100/100
|-ability|p2a: Landorus|Intimidate|boost
|-unboost|p1a: Garchomp|atk|1
|move|p1a: Garchomp|Earthquake|p2a: Landorus
|-immune|p2a: Landorus
|
|-heal|p1a: Garchomp|98/100|[from] Grassy Terrain
|upkeep
|turn|5
|
|t:|1664027109
|switch|p1a: Rillaboom|Rillaboom, M|100/100
|move|p2a: Landorus|Toxic|p1a: Rillaboom
|-status|p1a: Rillaboom|tox
|
|-damage|p1a: Rillaboom|94/100 tox|[from] psn
|upkeep
|turn|6
|
|t:|1664027116
|move|p1a: Rillaboom|Knock Off|p2a: Landorus
|-damage|p2a: Landorus|46/100
|-enditem|p2a: Landorus|Leftovers|[from] move: Knock Off|[of] p1a: Rillaboom
|move|p2a: Landorus|U-turn|p1a: Rillaboom
|-supereffective|p1a: Rillaboom
|-damage|p1a: Rillaboom|42/100 tox
|
|t:|1664027124
|switch|p2a: Tornadus|Tornadus-Therian, M|100/100|[from]move: U-turn
|
|-heal|p1a: Rillaboom|48/100 tox|[from] Grassy Terrain
|-damage|p1a: Rillaboom|36/100 tox|[from] psn
|-fieldend|move: Grassy Terrain
|upkeep
|turn|7
|
|t:|1664027129
|switch|p1a: Garchomp|Garchomp, M|98/100
|move|p2a: Tornadus|U-turn|p1a: Garchomp
|-damage|p1a: Garchomp|83/100
|-damage|p2a: Tornadus|88/100|[from] ability: Rough Skin|[of] p1a: Garchomp
|
|t:|1664027133
|switch|p2a: Landorus|Landorus-Therian, M|46/100|[from]move: U-turn
|-ability|p2a: Landorus|Intimidate|boost
|-unboost|p1a: Garchomp|atk|1
|
|upkeep
|turn|8
|
|t:|1664027137
|switch|p2a: Hatterene|Hatterene, F|100/100
|move|p1a: Garchomp|Swords Dance|p1a: Garchomp
|-boost|p1a: Garchomp|atk|2
|
|upkeep
|turn|9
|
|t:|1664027140
|move|p1a: Garchomp|Earthquake|p2a: Hatterene
|-damage|p2a: Hatterene|24/100
|-damage|p1a: Garchomp|73/100|[from] item: Life Orb
|move|p2a: Hatterene|Draining Kiss|p1a: Garchomp
|-supereffective|p1a: Garchomp
|-damage|p1a: Garchomp|27/100
|-heal|p2a: Hatterene|63/100|[from] drain|[of] p1a: Garchomp
|-damage|p2a: Hatterene|50/100|[from] ability: Rough Skin|[of] p1a: Garchomp
|
|-heal|p2a: Hatterene|56/100|[from] item: Leftovers
|upkeep
|turn|10
|
|t:|1664027163
|switch|p2a: Tornadus|Tornadus-Therian, M|100/100
|move|p1a: Garchomp|Earthquake|p2a: Tornadus
|-immune|p2a: Tornadus
|
|upkeep
|turn|11
|
|t:|1664027168
|move|p2a: Tornadus|Hurricane|p1a: Garchomp
|-crit|p1a: Garchomp
|-damage|p1a: Garchomp|0 fnt
|faint|p1a: Garchomp
|
|upkeep
|
|t:|1664027173
|switch|p1a: Mew|Mew|100/100
|turn|12
|
|t:|1664027177
|switch|p2a: Hatterene|Hatterene, F|56/100
|move|p1a: Mew|Stealth Rock|p2a: Hatterene
|move|p2a: Hatterene|Stealth Rock|p1a: Mew|[from]ability: Magic Bounce
|-sidestart|p1: yokcnosoy100tifico|move: Stealth Rock
|
|-heal|p2a: Hatterene|62/100|[from] item: Leftovers
|upkeep
|turn|13
|
|t:|1664027181
|move|p1a: Mew|Flare Blitz|p2a: Hatterene
|-damage|p2a: Hatterene|41/100
|-damage|p1a: Mew|95/100|[from] Recoil
|move|p2a: Hatterene|Draining Kiss|p1a: Mew
|-damage|p1a: Mew|76/100
|-heal|p2a: Hatterene|58/100|[from] drain|[of] p1a: Mew
|-enditem|p1a: Mew|Red Card|[of] p2a: Hatterene
|drag|p2a: Landorus|Landorus-Therian, M|46/100
|-ability|p2a: Landorus|Intimidate|boost
|-unboost|p1a: Mew|atk|1
|
|upkeep
|turn|14
|
|t:|1664027196
|switch|p2a: Hatterene|Hatterene, F|58/100
|move|p1a: Mew|Stealth Rock|p2a: Hatterene
|move|p2a: Hatterene|Stealth Rock||[from]ability: Magic Bounce|[still]
|-fail|p2a: Hatterene
|
|-heal|p2a: Hatterene|64/100|[from] item: Leftovers
|upkeep
|turn|15
|
|t:|1664027201
|switch|p1a: Bisharp|Bisharp, M|100/100
|-damage|p1a: Bisharp|95/100|[from] Stealth Rock
|move|p2a: Hatterene|Draining Kiss|p1a: Bisharp
|-damage|p1a: Bisharp|63/100
|-heal|p2a: Hatterene|89/100|[from] drain|[of] p1a: Bisharp
|
|-heal|p2a: Hatterene|95/100|[from] item: Leftovers
|upkeep
|turn|16
|
|t:|1664027205
|switch|p2a: Heatran|Heatran, F|100/100
|move|p1a: Bisharp|Knock Off|p2a: Heatran
|-damage|p2a: Heatran|56/100
|-enditem|p2a: Heatran|Leftovers|[from] move: Knock Off|[of] p1a: Bisharp
|
|upkeep
|turn|17
|
|t:|1664027211
|switch|p1a: Mew|Mew|76/100
|-damage|p1a: Mew|64/100|[from] Stealth Rock
|move|p2a: Heatran|Lava Plume|p1a: Mew
|-damage|p1a: Mew|36/100
|
|upkeep
|turn|18
|
|t:|1664027219
|switch|p2a: Hatterene|Hatterene, F|95/100
|move|p1a: Mew|Stealth Rock|p2a: Hatterene
|move|p2a: Hatterene|Stealth Rock||[from]ability: Magic Bounce|[still]
|-fail|p2a: Hatterene
|
|-heal|p2a: Hatterene|100/100|[from] item: Leftovers
|upkeep
|turn|19
|
|t:|1664027224
|move|p1a: Mew|Flare Blitz|p2a: Hatterene
|-damage|p2a: Hatterene|77/100
|-damage|p1a: Mew|29/100|[from] Recoil
|move|p2a: Hatterene|Draining Kiss|p1a: Mew
|-damage|p1a: Mew|12/100
|-heal|p2a: Hatterene|93/100|[from] drain|[of] p1a: Mew
|
|-heal|p2a: Hatterene|99/100|[from] item: Leftovers
|upkeep
|turn|20
|
|t:|1664027233
|move|p1a: Mew|Flare Blitz|p2a: Hatterene
|-damage|p2a: Hatterene|77/100
|-damage|p1a: Mew|6/100|[from] Recoil
|move|p2a: Hatterene|Draining Kiss|p1a: Mew
|-damage|p1a: Mew|0 fnt
|-heal|p2a: Hatterene|82/100|[from] drain|[of] p1a: Mew
|faint|p1a: Mew
|
|-heal|p2a: Hatterene|88/100|[from] item: Leftovers
|upkeep
|
|t:|1664027237
|switch|p1a: Bisharp|Bisharp, M|63/100
|-damage|p1a: Bisharp|57/100|[from] Stealth Rock
|turn|21
|l| nightsuliu
|
|t:|1664027243
|move|p1a: Bisharp|Knock Off|p2a: Hatterene
|-damage|p2a: Hatterene|37/100
|-enditem|p2a: Hatterene|Leftovers|[from] move: Knock Off|[of] p1a: Bisharp
|move|p2a: Hatterene|Mystical Fire|p1a: Bisharp
|-supereffective|p1a: Bisharp
|-damage|p1a: Bisharp|0 fnt
|faint|p1a: Bisharp
|
|upkeep
|
|t:|1664027247
|switch|p1a: Rillaboom|Rillaboom, M|36/100 tox
|-damage|p1a: Rillaboom|24/100 tox|[from] Stealth Rock
|-fieldstart|move: Grassy Terrain|[from] ability: Grassy Surge|[of] p1a: Rillaboom
|turn|22
|
|t:|1664027254
|move|p1a: Rillaboom|Grassy Glide|p2a: Hatterene
|-damage|p2a: Hatterene|0 fnt
|faint|p2a: Hatterene
|
|-heal|p1a: Rillaboom|30/100 tox|[from] Grassy Terrain
|-damage|p1a: Rillaboom|24/100 tox|[from] psn
|upkeep
|l| tapu moxo
|
|t:|1664027269
|switch|p2a: Heatran|Heatran, F|56/100
|turn|23
|
|t:|1664027272
|move|p1a: Rillaboom|Grassy Glide|p2a: Heatran
|-resisted|p2a: Heatran
|-damage|p2a: Heatran|42/100
|move|p2a: Heatran|Lava Plume|p1a: Rillaboom
|-supereffective|p1a: Rillaboom
|-damage|p1a: Rillaboom|0 fnt
|faint|p1a: Rillaboom
|
|-heal|p2a: Heatran|48/100|[from] Grassy Terrain
|upkeep
|
|t:|1664027275
|switch|p1a: Hawlucha|Hawlucha, F|100/100
|-damage|p1a: Hawlucha|88/100|[from] Stealth Rock
|-enditem|p1a: Hawlucha|Grassy Seed
|-boost|p1a: Hawlucha|def|1|[from] item: Grassy Seed
|turn|24
|
|t:|1664027278
|move|p1a: Hawlucha|Swords Dance|p1a: Hawlucha
|-boost|p1a: Hawlucha|atk|2
|move|p2a: Heatran|Lava Plume|p1a: Hawlucha
|-damage|p1a: Hawlucha|32/100
|
|-heal|p2a: Heatran|55/100|[from] Grassy Terrain
|upkeep
|turn|25
|
|t:|1664027292
|move|p1a: Hawlucha|Close Combat|p2a: Heatran
|-supereffective|p2a: Heatran
|-damage|p2a: Heatran|0 fnt
|-unboost|p1a: Hawlucha|def|1
|-unboost|p1a: Hawlucha|spd|1
|faint|p2a: Heatran
|
|upkeep
|
|t:|1664027300
|switch|p2a: Vanilluxe|Vanilluxe, M|100/100
|-weather|Hail|[from] ability: Snow Warning|[of] p2a: Vanilluxe
|turn|26
|
|t:|1664027303
|move|p2a: Vanilluxe|Ice Shard|p1a: Hawlucha
|-supereffective|p1a: Hawlucha
|-damage|p1a: Hawlucha|0 fnt
|faint|p1a: Hawlucha
|
|-weather|Hail|[upkeep]
|-fieldend|move: Grassy Terrain
|upkeep
|
|t:|1664027305
|switch|p1a: Volcarona|Volcarona, F|100/100
|turn|27
|
|t:|1664027310
|move|p1a: Volcarona|Quiver Dance|p1a: Volcarona
|-boost|p1a: Volcarona|spa|1
|-boost|p1a: Volcarona|spd|1
|-boost|p1a: Volcarona|spe|1
|move|p2a: Vanilluxe|Taunt|p1a: Volcarona
|-start|p1a: Volcarona|move: Taunt
|
|-weather|Hail|[upkeep]
|-damage|p1a: Volcarona|94/100|[from] Hail
|upkeep
|turn|28
|
|t:|1664027317
|move|p1a: Volcarona|Flamethrower|p2a: Vanilluxe
|-supereffective|p2a: Vanilluxe
|-damage|p2a: Vanilluxe|0 fnt
|faint|p2a: Vanilluxe
|
|-weather|Hail|[upkeep]
|-damage|p1a: Volcarona|88/100|[from] Hail
|upkeep
|
|t:|1664027322
|switch|p2a: Arctozolt|Arctozolt|100/100
|turn|29
|
|t:|1664027324
|move|p1a: Volcarona|Flamethrower|p2a: Arctozolt
|-supereffective|p2a: Arctozolt
|-damage|p2a: Arctozolt|0 fnt
|faint|p2a: Arctozolt
|
|-weather|Hail|[upkeep]
|-damage|p1a: Volcarona|82/100|[from] Hail
|upkeep
|
|t:|1664027328
|switch|p2a: Landorus|Landorus-Therian, M|46/100
|-ability|p2a: Landorus|Intimidate|boost
|-unboost|p1a: Volcarona|atk|1
|turn|30
|
|t:|1664027330
|move|p1a: Volcarona|Flamethrower|p2a: Landorus
|-damage|p2a: Landorus|0 fnt
|faint|p2a: Landorus
|
|-weather|none
|-end|p1a: Volcarona|move: Taunt
|upkeep
|
|t:|1664027333
|switch|p2a: Tornadus|Tornadus-Therian, M|100/100
|turn|31
|
|t:|1664027337
|move|p1a: Volcarona|Flamethrower|p2a: Tornadus
|-damage|p2a: Tornadus|50/100
|move|p2a: Tornadus|Hurricane|p1a: Volcarona
|-supereffective|p1a: Volcarona
|-damage|p1a: Volcarona|26/100
|-start|p1a: Volcarona|confusion
|
|upkeep
|turn|32
|
|t:|1664027345
|-activate|p1a: Volcarona|confusion
|move|p1a: Volcarona|Flamethrower|p2a: Tornadus
|-damage|p2a: Tornadus|0 fnt
|faint|p2a: Tornadus
|
|win|yokcnosoy100tifico
|raw|yokcnosoy100tifico's rating: 1802 &rarr; <strong>1820</strong><br />(+18 for winning)
|raw|TheonReekGreyjoy's rating: 1771 &rarr; <strong>1753</strong><br />(-18 for losing)
|l|☆TheonReekGreyjoy
|c|☆yokcnosoy100tifico|Gg
||Ladder isn't responding, score probably updated but might not have (Request timeout).
|l|☆yokcnosoy100tifico
|l| Aitana y Zoilo
