|j|☆julyhappier 黑鲁加
|j|☆AlIoutdragadarts
|t:|1663512947
|gametype|singles
|player|p1|julyhappier 黑鲁加|swimmerf-gen6|
|player|p2|AlIoutdragadarts|hiker-gen4|
|teamsize|p1|6
|teamsize|p2|6
|gen|8
|tier|[Gen 8] OU
|rule|Sleep Clause Mod: Limit one foe put to sleep
|rule|Species Clause: Limit one of each Pokémon
|rule|OHKO Clause: OHKO moves are banned
|rule|Evasion Items Clause: Evasion items are banned
|rule|Evasion Moves Clause: Evasion moves are banned
|rule|Endless Battle Clause: Forcing endless battles is banned
|rule|HP Percentage Mod: HP is shown in percentages
|rule|Dynamax Clause: You cannot dynamax
|clearpoke
|poke|p1|Kartana|
|poke|p1|Volcanion|
|poke|p1|Mew|
|poke|p1|Garchomp, F|
|poke|p1|Bisharp, F|
|poke|p1|Moltres-Galar|
|poke|p2|Buzzwole|
|poke|p2|Slowking-Galar, M|
|poke|p2|Mandibuzz, F|
|poke|p2|Landorus-Therian, M|
|poke|p2|Ferrothorn, M|
|poke|p2|Slowbro, M|
|teampreview
|j| roast landorus
|c|☆julyhappier 黑鲁加|玩一把久违的ho
|c|☆julyhappier 黑鲁加|当年这个队带我上的靠
|c|☆julyhappier 黑鲁加|k6
|
|t:|1663512981
|start
|switch|p1a: Mew|Mew|100/100
|switch|p2a: Buzzwole|Buzzwole, shiny|100/100
|turn|1
|
|t:|1663513001
|move|p1a: Mew|Taunt|p2a: Buzzwole
|-start|p2a: Buzzwole|move: Taunt
|move|p2a: Buzzwole|Leech Life|p1a: Mew
|-supereffective|p1a: Mew
|-damage|p1a: Mew|0 fnt
|faint|p1a: Mew
|-ability|p2a: Buzzwole|Beast Boost|boost
|-boost|p2a: Buzzwole|atk|1
|
|upkeep
|c|☆julyhappier 黑鲁加|嘶
|l| roast landorus
|c|☆julyhappier 黑鲁加|以为是健美的
|
|t:|1663513025
|switch|p1a: Moltres|Moltres-Galar|100/100
|turn|2
|
|t:|1663513038
|switch|p2a: Ferrothorn|Ferrothorn, M, shiny|100/100
|move|p1a: Moltres|Agility|p1a: Moltres
|-boost|p1a: Moltres|spe|2
|
|upkeep
|turn|3
|
|t:|1663513041
|move|p1a: Moltres|Nasty Plot|p1a: Moltres
|-boost|p1a: Moltres|spa|2
|move|p2a: Ferrothorn|Leech Seed|p1a: Moltres
|-start|p1a: Moltres|move: Leech Seed
|
|-damage|p1a: Moltres|88/100|[from] Leech Seed|[of] p2a: Ferrothorn
|upkeep
|turn|4
|
|t:|1663513046
|move|p1a: Moltres|Fiery Wrath|p2a: Ferrothorn
|-damage|p2a: Ferrothorn|40/100
|move|p2a: Ferrothorn|Gyro Ball|p1a: Moltres
|-damage|p1a: Moltres|41/100
|-ability|p1a: Moltres|Berserk|boost
|-boost|p1a: Moltres|spa|1
|
|-damage|p1a: Moltres|28/100|[from] Leech Seed|[of] p2a: Ferrothorn
|-heal|p2a: Ferrothorn|52/100|[silent]
|upkeep
|turn|5
|
|t:|1663513058
|move|p1a: Moltres|Fiery Wrath|p2a: Ferrothorn
|-damage|p2a: Ferrothorn|0 fnt
|faint|p2a: Ferrothorn
|
|upkeep
|
|t:|1663513061
|switch|p2a: Slowking|Slowking-Galar, M, shiny|100/100
|turn|6
|
|t:|1663513064
|move|p1a: Moltres|Fiery Wrath|p2a: Slowking
|-supereffective|p2a: Slowking
|-damage|p2a: Slowking|23/100
|move|p2a: Slowking|Sludge Bomb|p1a: Moltres
|-damage|p1a: Moltres|0 fnt
|faint|p1a: Moltres
|
|upkeep
|
|t:|1663513068
|switch|p1a: Garchomp|Garchomp, F|100/100
|turn|7
|
|t:|1663513080
|switch|p2a: Mandibuzz|Mandibuzz, F, shiny|100/100
|move|p1a: Garchomp|Swords Dance|p1a: Garchomp
|-boost|p1a: Garchomp|atk|2
|
|upkeep
|turn|8
|
|t:|1663513085
|move|p1a: Garchomp|Scale Shot|p2a: Mandibuzz
|-damage|p2a: Mandibuzz|78/100
|-damage|p2a: Mandibuzz|56/100
|-damage|p2a: Mandibuzz|33/100
|-hitcount|p2a: Mandibuzz|3
|-unboost|p1a: Garchomp|def|1
|-boost|p1a: Garchomp|spe|1
|-damage|p1a: Garchomp|91/100|[from] item: Life Orb
|move|p2a: Mandibuzz|Foul Play|p1a: Garchomp
|-damage|p1a: Garchomp|0 fnt
|-damage|p2a: Mandibuzz|21/100|[from] ability: Rough Skin|[of] p1a: Garchomp
|faint|p1a: Garchomp
|
|upkeep
|
|t:|1663513097
|switch|p1a: Kartana|Kartana, shiny|100/100
|turn|9
|
|t:|1663513110
|switch|p2a: Buzzwole|Buzzwole, shiny|100/100
|move|p1a: Kartana|Aerial Ace|p2a: Buzzwole
|-supereffective|p2a: Buzzwole
|-damage|p2a: Buzzwole|17/100
|
|upkeep
|turn|10
|
|t:|1663513131
|switch|p1a: Volcanion|Volcanion|100/100
|switch|p2a: Landorus|Landorus-Therian, M, shiny|100/100
|-ability|p2a: Landorus|Intimidate|boost
|-unboost|p1a: Volcanion|atk|1
|
|upkeep
|turn|11
|
|t:|1663513144
|switch|p2a: Slowbro|Slowbro, M, shiny|100/100
|move|p1a: Volcanion|Steam Eruption|p2a: Slowbro
|-resisted|p2a: Slowbro
|-damage|p2a: Slowbro|77/100
|
|upkeep
|turn|12
|
|t:|1663513171
|move|p1a: Volcanion|Steam Eruption|p2a: Slowbro
|-resisted|p2a: Slowbro
|-damage|p2a: Slowbro|54/100
|move|p2a: Slowbro|Future Sight|p1a: Volcanion
|-start|p2a: Slowbro|move: Future Sight
|
|upkeep
|turn|13
|
|t:|1663513179
|move|p1a: Volcanion|Steam Eruption|p2a: Slowbro
|-resisted|p2a: Slowbro
|-damage|p2a: Slowbro|32/100
|move|p2a: Slowbro|Teleport|p2a: Slowbro
|
|t:|1663513187
|switch|p2a: Slowking|Slowking-Galar, M, shiny|56/100|[from]move: Teleport
|
|upkeep
|turn|14
|
|t:|1663513196
|move|p1a: Volcanion|Steam Eruption|p2a: Slowking
|-damage|p2a: Slowking|29/100
|move|p2a: Slowking|Flamethrower|p1a: Volcanion
|-resisted|p1a: Volcanion
|-damage|p1a: Volcanion|97/100
|
|-end|p1a: Volcanion|move: Future Sight
|-damage|p1a: Volcanion|69/100
|upkeep
|turn|15
|
|t:|1663513216
|switch|p1a: Bisharp|Bisharp, F|100/100
|switch|p2a: Slowbro|Slowbro, M, shiny|65/100
|
|upkeep
|turn|16
|
|t:|1663513229
|move|p1a: Bisharp|Swords Dance|p1a: Bisharp
|-boost|p1a: Bisharp|atk|2
|move|p2a: Slowbro|Scald|p1a: Bisharp
|-damage|p1a: Bisharp|52/100
|-status|p1a: Bisharp|brn
|
|-damage|p1a: Bisharp|45/100 brn|[from] brn
|upkeep
|turn|17
|j| sleepdrawornig
|c|☆julyhappier 黑鲁加|wtf
|c|☆julyhappier 黑鲁加|吧老师当年大师赛的情景
|
|t:|1663513259
|switch|p2a: Mandibuzz|Mandibuzz, F, shiny|21/100
|move|p1a: Bisharp|Knock Off|p2a: Mandibuzz
|-resisted|p2a: Mandibuzz
|-damage|p2a: Mandibuzz|0 fnt
|-enditem|p2a: Mandibuzz|Heavy-Duty Boots|[from] move: Knock Off|[of] p1a: Bisharp
|faint|p2a: Mandibuzz
|-damage|p1a: Bisharp|35/100 brn|[from] item: Life Orb
|
|-damage|p1a: Bisharp|29/100 brn|[from] brn
|upkeep
|
|t:|1663513282
|switch|p2a: Buzzwole|Buzzwole, shiny|17/100
|turn|18
|j| roast landorus
|
|t:|1663513285
|switch|p2a: Slowbro|Slowbro, M, shiny|99/100
|move|p1a: Bisharp|Sucker Punch||[still]
|-fail|p1a: Bisharp
|
|-damage|p1a: Bisharp|23/100 brn|[from] brn
|upkeep
|turn|19
|c|☆AlIoutdragadarts|roast landorus
|c|☆AlIoutdragadarts|看一下私聊
|
|t:|1663513319
|move|p1a: Bisharp|Knock Off|p2a: Slowbro
|-supereffective|p2a: Slowbro
|-damage|p2a: Slowbro|0 fnt
|-enditem|p2a: Slowbro|Heavy-Duty Boots|[from] move: Knock Off|[of] p1a: Bisharp
|faint|p2a: Slowbro
|-damage|p1a: Bisharp|13/100 brn|[from] item: Life Orb
|
|-damage|p1a: Bisharp|7/100 brn|[from] brn
|upkeep
|
|t:|1663513323
|switch|p2a: Buzzwole|Buzzwole, shiny|17/100
|turn|20
|
|t:|1663513333
|switch|p2a: Landorus|Landorus-Therian, M, shiny|100/100
|-ability|p2a: Landorus|Intimidate|boost
|-unboost|p1a: Bisharp|atk|1
|-ability|p1a: Bisharp|Defiant
|-boost|p1a: Bisharp|atk|2
|move|p1a: Bisharp|Knock Off|p2a: Landorus
|-damage|p2a: Landorus|19/100
|-enditem|p2a: Landorus|Leftovers|[from] move: Knock Off|[of] p1a: Bisharp
|-damage|p1a: Bisharp|0 fnt|[from] item: Life Orb
|faint|p1a: Bisharp
|
|upkeep
|
|t:|1663513343
|switch|p1a: Kartana|Kartana, shiny|100/100
|turn|21
|-message|AlIoutdragadarts forfeited.
|
|win|julyhappier 黑鲁加
|l|☆AlIoutdragadarts
