|html|<div class="broadcast-blue"><strong>[Gen 8] OU is currently suspecting Melmetal! For information on how to participate check out the <a href="https://www.smogon.com/forums/threads/np-ss-ou-suspect-process-round-12-monster-mash.3709234/">suspect thread</a>.</strong></div>
|j|☆gotsnsd
|j|☆MM AZALEA
|t:|1666720624
|gametype|singles
|player|p1|gotsnsd|beauty-gen2jp|1643
|player|p2|MM AZALEA|ethan-masters|1652
|teamsize|p1|6
|teamsize|p2|6
|gen|8
|tier|[Gen 8] OU
|rated|
|rule|Sleep Clause Mod: Limit one foe put to sleep
|rule|Species Clause: Limit one of each Pokémon
|rule|OHKO Clause: OHKO moves are banned
|rule|Evasion Items Clause: Evasion items are banned
|rule|Evasion Moves Clause: Evasion moves are banned
|rule|Endless Battle Clause: Forcing endless battles is banned
|rule|HP Percentage Mod: HP is shown in percentages
|rule|Dynamax Clause: You cannot dynamax
|clearpoke
|poke|p1|Urshifu-*, F|
|poke|p1|Garchomp, M|
|poke|p1|Heatran, F|
|poke|p1|Tapu Lele|
|poke|p1|Zapdos|
|poke|p1|Kartana|
|poke|p2|Rillaboom, M|
|poke|p2|Tornadus-Therian, M|
|poke|p2|Blaziken, F|
|poke|p2|Melmetal|
|poke|p2|Garchomp, M|
|poke|p2|Slowbro, M|
|teampreview
|inactive|Battle timer is ON: inactive players will automatically lose when time's up. (requested by MM AZALEA)
|j| ackjh38
|inactive|gotsnsd has 120 seconds left.
|
|t:|1666720659
|start
|switch|p1a: Garchomp|Garchomp, M|100/100
|switch|p2a: Tornadus|Tornadus-Therian, M|100/100
|turn|1
|
|t:|1666720667
|switch|p1a: Zapdos|Zapdos|100/100
|move|p2a: Tornadus|Knock Off|p1a: Zapdos
|-damage|p1a: Zapdos|86/100
|-enditem|p1a: Zapdos|Heavy-Duty Boots|[from] move: Knock Off|[of] p2a: Tornadus
|
|upkeep
|turn|2
|
|t:|1666720672
|switch|p2a: Garchomp|Garchomp, M|100/100
|switch|p1a: Garchomp|Garchomp, M|100/100
|
|upkeep
|turn|3
|
|t:|1666720677
|switch|p2a: Tornadus|Tornadus-Therian, M|100/100
|move|p1a: Garchomp|Toxic|p2a: Tornadus
|-status|p2a: Tornadus|tox
|
|-damage|p2a: Tornadus|94/100 tox|[from] psn
|upkeep
|turn|4
|
|t:|1666720680
|move|p2a: Tornadus|Knock Off|p1a: Garchomp
|-damage|p1a: Garchomp|86/100
|-damage|p2a: Tornadus|82/100 tox|[from] ability: Rough Skin|[of] p1a: Garchomp
|-enditem|p1a: Garchomp|Leftovers|[from] move: Knock Off|[of] p2a: Tornadus
|move|p1a: Garchomp|Stealth Rock|p2a: Tornadus
|-sidestart|p2: MM AZALEA|move: Stealth Rock
|
|-damage|p2a: Tornadus|70/100 tox|[from] psn
|upkeep
|turn|5
|
|t:|1666720686
|switch|p2a: Slowbro|Slowbro, M|100/100
|-damage|p2a: Slowbro|88/100|[from] Stealth Rock
|move|p1a: Garchomp|Protect||[still]
|-fail|p1a: Garchomp
|
|upkeep
|turn|6
|
|t:|1666720689
|move|p1a: Garchomp|Toxic|p2a: Slowbro
|-status|p2a: Slowbro|tox
|move|p2a: Slowbro|Toxic|p1a: Garchomp
|-status|p1a: Garchomp|tox
|
|-damage|p1a: Garchomp|80/100 tox|[from] psn
|-damage|p2a: Slowbro|82/100 tox|[from] psn
|upkeep
|turn|7
|
|t:|1666720696
|switch|p1a: Urshifu|Urshifu-Rapid-Strike, F|100/100
|switch|p2a: Tornadus|Tornadus-Therian, M|100/100 tox
|
|-damage|p2a: Tornadus|94/100 tox|[from] psn
|upkeep
|turn|8
|
|t:|1666720704
|switch|p1a: Heatran|Heatran, F|100/100
|move|p2a: Tornadus|U-turn|p1a: Heatran
|-resisted|p1a: Heatran
|-damage|p1a: Heatran|98/100
|
|t:|1666720707
|switch|p2a: Garchomp|Garchomp, M|100/100|[from]move: U-turn
|-damage|p2a: Garchomp|94/100|[from] Stealth Rock
|
|-heal|p2a: Garchomp|100/100|[from] item: Leftovers
|-heal|p1a: Heatran|100/100|[from] item: Leftovers
|upkeep
|turn|9
|
|t:|1666720715
|switch|p1a: Urshifu|Urshifu-Rapid-Strike, F|100/100
|move|p2a: Garchomp|Earthquake|p1a: Urshifu
|-damage|p1a: Urshifu|61/100
|
|upkeep
|turn|10
|
|t:|1666720734
|switch|p1a: Garchomp|Garchomp, M|80/100 tox
|switch|p2a: Slowbro|Slowbro, M|100/100 tox
|-damage|p2a: Slowbro|88/100 tox|[from] Stealth Rock
|
|-damage|p1a: Garchomp|74/100 tox|[from] psn
|-damage|p2a: Slowbro|82/100 tox|[from] psn
|upkeep
|turn|11
|
|t:|1666720742
|switch|p1a: Heatran|Heatran, F|100/100
|move|p2a: Slowbro|Teleport|p2a: Slowbro
|
|t:|1666720744
|switch|p2a: Garchomp|Garchomp, M|100/100|[from]move: Teleport
|-damage|p2a: Garchomp|94/100|[from] Stealth Rock
|
|-heal|p2a: Garchomp|100/100|[from] item: Leftovers
|upkeep
|turn|12
|
|t:|1666720749
|switch|p1a: Zapdos|Zapdos|86/100
|move|p2a: Garchomp|Earthquake|p1a: Zapdos
|-immune|p1a: Zapdos
|
|upkeep
|turn|13
|
|t:|1666720753
|move|p1a: Zapdos|Hurricane|p2a: Garchomp
|-damage|p2a: Garchomp|69/100
|-start|p2a: Garchomp|confusion
|-activate|p2a: Garchomp|confusion
|move|p2a: Garchomp|Toxic|p1a: Zapdos
|-status|p1a: Zapdos|tox
|
|-heal|p2a: Garchomp|76/100|[from] item: Leftovers
|-damage|p1a: Zapdos|80/100 tox|[from] psn
|upkeep
|turn|14
|
|t:|1666720759
|switch|p1a: Urshifu|Urshifu-Rapid-Strike, F|61/100
|-activate|p2a: Garchomp|confusion
|-damage|p2a: Garchomp|66/100|[from] confusion
|
|-heal|p2a: Garchomp|72/100|[from] item: Leftovers
|upkeep
|turn|15
|
|t:|1666720763
|switch|p2a: Slowbro|Slowbro, M|100/100 tox
|-damage|p2a: Slowbro|88/100 tox|[from] Stealth Rock
|move|p1a: Urshifu|U-turn|p2a: Slowbro
|-supereffective|p2a: Slowbro
|-damage|p2a: Slowbro|61/100 tox
|
|t:|1666720769
|switch|p1a: Tapu Lele|Tapu Lele|100/100|[from]move: U-turn
|-fieldstart|move: Psychic Terrain|[from] ability: Psychic Surge|[of] p1a: Tapu Lele
|
|-damage|p2a: Slowbro|55/100 tox|[from] psn
|upkeep
|turn|16
|
|t:|1666720773
|switch|p2a: Melmetal|Melmetal|100/100
|-damage|p2a: Melmetal|94/100|[from] Stealth Rock
|move|p1a: Tapu Lele|Calm Mind|p1a: Tapu Lele
|-boost|p1a: Tapu Lele|spa|1
|-boost|p1a: Tapu Lele|spd|1
|
|-heal|p2a: Melmetal|100/100|[from] item: Leftovers
|upkeep
|turn|17
|
|t:|1666720777
|move|p1a: Tapu Lele|Focus Blast|p2a: Melmetal
|-supereffective|p2a: Melmetal
|-damage|p2a: Melmetal|0 fnt
|faint|p2a: Melmetal
|
|upkeep
|
|t:|1666720780
|switch|p2a: Blaziken|Blaziken, F|100/100
|-damage|p2a: Blaziken|88/100|[from] Stealth Rock
|turn|18
|
|t:|1666720789
|switch|p1a: Garchomp|Garchomp, M|74/100 tox
|move|p2a: Blaziken|Protect||[still]
|-fail|p2a: Blaziken
|
|-heal|p2a: Blaziken|94/100|[from] item: Leftovers
|-damage|p1a: Garchomp|68/100 tox|[from] psn
|-ability|p2a: Blaziken|Speed Boost|boost
|-boost|p2a: Blaziken|spe|1
|upkeep
|turn|19
|
|t:|1666720795
|switch|p2a: Garchomp|Garchomp, M|72/100
|-damage|p2a: Garchomp|66/100|[from] Stealth Rock
|move|p1a: Garchomp|Earthquake|p2a: Garchomp
|-damage|p2a: Garchomp|32/100
|
|-heal|p2a: Garchomp|38/100|[from] item: Leftovers
|-damage|p1a: Garchomp|56/100 tox|[from] psn
|-fieldend|move: Psychic Terrain
|upkeep
|turn|20
|
|t:|1666720802
|move|p1a: Garchomp|Earthquake|p2a: Garchomp
|-damage|p2a: Garchomp|2/100
|move|p2a: Garchomp|Stealth Rock|p1a: Garchomp
|-sidestart|p1: gotsnsd|move: Stealth Rock
|
|-heal|p2a: Garchomp|8/100|[from] item: Leftovers
|-damage|p1a: Garchomp|37/100 tox|[from] psn
|upkeep
|turn|21
|
|t:|1666720809
|switch|p1a: Zapdos|Zapdos|80/100 tox
|-damage|p1a: Zapdos|55/100 tox|[from] Stealth Rock
|move|p2a: Garchomp|Protect||[still]
|-fail|p2a: Garchomp
|
|-heal|p2a: Garchomp|14/100|[from] item: Leftovers
|-damage|p1a: Zapdos|49/100 tox|[from] psn
|upkeep
|turn|22
|
|t:|1666720818
|move|p1a: Zapdos|Hurricane|p2a: Garchomp|[miss]
|-miss|p1a: Zapdos|p2a: Garchomp
|move|p2a: Garchomp|Earthquake|p1a: Zapdos
|-immune|p1a: Zapdos
|
|-heal|p2a: Garchomp|21/100|[from] item: Leftovers
|-damage|p1a: Zapdos|37/100 tox|[from] psn
|upkeep
|turn|23
|j| Jongruenwald
|
|t:|1666720827
|switch|p1a: Urshifu|Urshifu-Rapid-Strike, F|61/100
|-damage|p1a: Urshifu|54/100|[from] Stealth Rock
|move|p2a: Garchomp|Earthquake|p1a: Urshifu
|-damage|p1a: Urshifu|15/100
|
|-heal|p2a: Garchomp|27/100|[from] item: Leftovers
|upkeep
|turn|24
|c|☆gotsnsd|//
|
|t:|1666720845
|switch|p2a: Tornadus|Tornadus-Therian, M|100/100 tox
|move|p1a: Urshifu|Close Combat|p2a: Tornadus
|-resisted|p2a: Tornadus
|-damage|p2a: Tornadus|69/100 tox
|-unboost|p1a: Urshifu|def|1
|-unboost|p1a: Urshifu|spd|1
|
|-damage|p2a: Tornadus|63/100 tox|[from] psn
|upkeep
|turn|25
|
|t:|1666720861
|move|p2a: Tornadus|U-turn|p1a: Urshifu
|-resisted|p1a: Urshifu
|-damage|p1a: Urshifu|4/100
|
|t:|1666720867
|switch|p2a: Slowbro|Slowbro, M|88/100 tox|[from]move: U-turn
|-damage|p2a: Slowbro|76/100 tox|[from] Stealth Rock
|move|p1a: Urshifu|Surging Strikes|p2a: Slowbro
|-resisted|p2a: Slowbro
|-crit|p2a: Slowbro
|-damage|p2a: Slowbro|70/100 tox
|-resisted|p2a: Slowbro
|-crit|p2a: Slowbro
|-damage|p2a: Slowbro|64/100 tox
|-resisted|p2a: Slowbro
|-crit|p2a: Slowbro
|-damage|p2a: Slowbro|58/100 tox
|-hitcount|p2a: Slowbro|3
|
|-damage|p2a: Slowbro|52/100 tox|[from] psn
|upkeep
|turn|26
|
|t:|1666720872
|move|p1a: Urshifu|U-turn|p2a: Slowbro
|-supereffective|p2a: Slowbro
|-damage|p2a: Slowbro|23/100 tox
|
|t:|1666720880
|switch|p1a: Kartana|Kartana|100/100|[from]move: U-turn
|-damage|p1a: Kartana|94/100|[from] Stealth Rock
|move|p2a: Slowbro|Teleport|p2a: Slowbro
|
|t:|1666720888
|switch|p2a: Blaziken|Blaziken, F|94/100|[from]move: Teleport
|-damage|p2a: Blaziken|82/100|[from] Stealth Rock
|
|-heal|p2a: Blaziken|88/100|[from] item: Leftovers
|upkeep
|turn|27
|
|t:|1666720907
|switch|p1a: Heatran|Heatran, F|100/100
|-damage|p1a: Heatran|88/100|[from] Stealth Rock
|move|p2a: Blaziken|Flare Blitz|p1a: Heatran
|-start|p1a: Heatran|ability: Flash Fire
|
|-heal|p2a: Blaziken|94/100|[from] item: Leftovers
|-heal|p1a: Heatran|94/100|[from] item: Leftovers
|-ability|p2a: Blaziken|Speed Boost|boost
|-boost|p2a: Blaziken|spe|1
|upkeep
|turn|28
|
|t:|1666720934
|move|p2a: Blaziken|Protect|p2a: Blaziken
|-singleturn|p2a: Blaziken|Protect
|move|p1a: Heatran|Earth Power|p2a: Blaziken
|-activate|p2a: Blaziken|move: Protect
|
|-heal|p2a: Blaziken|100/100|[from] item: Leftovers
|-heal|p1a: Heatran|100/100|[from] item: Leftovers
|-ability|p2a: Blaziken|Speed Boost|boost
|-boost|p2a: Blaziken|spe|1
|upkeep
|turn|29
|
|t:|1666720939
|move|p2a: Blaziken|Swords Dance|p2a: Blaziken
|-boost|p2a: Blaziken|atk|2
|move|p1a: Heatran|Earth Power|p2a: Blaziken
|-supereffective|p2a: Blaziken
|-damage|p2a: Blaziken|32/100
|
|-heal|p2a: Blaziken|38/100|[from] item: Leftovers
|-ability|p2a: Blaziken|Speed Boost|boost
|-boost|p2a: Blaziken|spe|1
|upkeep
|turn|30
|
|t:|1666720953
|-end|p1a: Heatran|ability: Flash Fire|[silent]
|switch|p1a: Garchomp|Garchomp, M|37/100 tox
|-damage|p1a: Garchomp|31/100 tox|[from] Stealth Rock
|move|p2a: Blaziken|Protect||[still]
|-fail|p2a: Blaziken
|
|-heal|p2a: Blaziken|44/100|[from] item: Leftovers
|-damage|p1a: Garchomp|25/100 tox|[from] psn
|-ability|p2a: Blaziken|Speed Boost|boost
|-boost|p2a: Blaziken|spe|1
|upkeep
|turn|31
|
|t:|1666720961
|move|p2a: Blaziken|Protect|p2a: Blaziken
|-singleturn|p2a: Blaziken|Protect
|move|p1a: Garchomp|Earthquake|p2a: Blaziken
|-activate|p2a: Blaziken|move: Protect
|
|-heal|p2a: Blaziken|50/100|[from] item: Leftovers
|-damage|p1a: Garchomp|13/100 tox|[from] psn
|-ability|p2a: Blaziken|Speed Boost|boost
|-boost|p2a: Blaziken|spe|1
|upkeep
|turn|32
|
|t:|1666720966
|move|p2a: Blaziken|Flare Blitz|p1a: Garchomp
|-resisted|p1a: Garchomp
|-damage|p1a: Garchomp|0 fnt
|-damage|p2a: Blaziken|38/100|[from] ability: Rough Skin|[of] p1a: Garchomp
|faint|p1a: Garchomp
|-damage|p2a: Blaziken|33/100|[from] Recoil
|
|-heal|p2a: Blaziken|39/100|[from] item: Leftovers
|-ability|p2a: Blaziken|Speed Boost|boost
|-boost|p2a: Blaziken|spe|1
|upkeep
|
|t:|1666720973
|switch|p1a: Zapdos|Zapdos|37/100 tox
|-damage|p1a: Zapdos|12/100 tox|[from] Stealth Rock
|turn|33
|
|t:|1666720977
|move|p2a: Blaziken|Flare Blitz|p1a: Zapdos
|-damage|p1a: Zapdos|0 fnt
|-status|p2a: Blaziken|par|[from] ability: Static|[of] p1a: Zapdos
|faint|p1a: Zapdos
|-damage|p2a: Blaziken|35/100 par|[from] Recoil
|
|-heal|p2a: Blaziken|41/100 par|[from] item: Leftovers
|upkeep
|
|t:|1666720991
|switch|p1a: Heatran|Heatran, F|100/100
|-damage|p1a: Heatran|88/100|[from] Stealth Rock
|turn|34
|
|t:|1666720995
|move|p2a: Blaziken|Close Combat|p1a: Heatran
|-supereffective|p1a: Heatran
|-damage|p1a: Heatran|0 fnt
|-unboost|p2a: Blaziken|def|1
|-unboost|p2a: Blaziken|spd|1
|faint|p1a: Heatran
|
|-heal|p2a: Blaziken|47/100 par|[from] item: Leftovers
|upkeep
|
|t:|1666720998
|switch|p1a: Urshifu|Urshifu-Rapid-Strike, F|4/100
|-damage|p1a: Urshifu|0 fnt|[from] Stealth Rock
|faint|p1a: Urshifu
|
|t:|1666721002
|switch|p1a: Tapu Lele|Tapu Lele|100/100
|-damage|p1a: Tapu Lele|88/100|[from] Stealth Rock
|-fieldstart|move: Psychic Terrain|[from] ability: Psychic Surge|[of] p1a: Tapu Lele
|turn|35
|
|t:|1666721025
|cant|p2a: Blaziken|par
|move|p1a: Tapu Lele|Psyshock|p2a: Blaziken
|-supereffective|p2a: Blaziken
|-damage|p2a: Blaziken|0 fnt
|faint|p2a: Blaziken
|
|upkeep
|
|t:|1666721029
|switch|p2a: Rillaboom|Rillaboom, M|100/100
|-damage|p2a: Rillaboom|88/100|[from] Stealth Rock
|-fieldstart|move: Grassy Terrain|[from] ability: Grassy Surge|[of] p2a: Rillaboom
|turn|36
|
|t:|1666721034
|move|p2a: Rillaboom|Grassy Glide|p1a: Tapu Lele
|-damage|p1a: Tapu Lele|17/100
|move|p1a: Tapu Lele|Psyshock|p2a: Rillaboom
|-damage|p2a: Rillaboom|41/100
|
|-heal|p1a: Tapu Lele|23/100|[from] Grassy Terrain
|-heal|p2a: Rillaboom|47/100|[from] Grassy Terrain
|-heal|p2a: Rillaboom|54/100|[from] item: Leftovers
|upkeep
|turn|37
|
|t:|1666721041
|switch|p1a: Kartana|Kartana|94/100
|-damage|p1a: Kartana|88/100|[from] Stealth Rock
|move|p2a: Rillaboom|Grassy Glide|p1a: Kartana
|-resisted|p1a: Kartana
|-damage|p1a: Kartana|74/100
|
|-heal|p1a: Kartana|80/100|[from] Grassy Terrain
|-heal|p2a: Rillaboom|60/100|[from] Grassy Terrain
|-heal|p2a: Rillaboom|66/100|[from] item: Leftovers
|upkeep
|turn|38
|inactive|gotsnsd has 120 seconds left.
|inactive|gotsnsd has 90 seconds left.
|
|t:|1666721115
|move|p1a: Kartana|Smart Strike|p2a: Rillaboom
|-damage|p2a: Rillaboom|26/100
|move|p2a: Rillaboom|Knock Off|p1a: Kartana
|-damage|p1a: Kartana|41/100
|-enditem|p1a: Kartana|Choice Scarf|[from] move: Knock Off|[of] p2a: Rillaboom
|
|-heal|p1a: Kartana|47/100|[from] Grassy Terrain
|-heal|p2a: Rillaboom|32/100|[from] Grassy Terrain
|-heal|p2a: Rillaboom|39/100|[from] item: Leftovers
|upkeep
|turn|39
|l|☆MM AZALEA
|inactive|MM AZALEA disconnected and has a minute to reconnect!
|player|p2|
|j|☆MM AZALEA
|inactive|MM AZALEA reconnected and has 150 seconds left.
|player|p2|MM AZALEA|ethan-masters
|
|t:|1666721145
|switch|p2a: Slowbro|Slowbro, M|56/100 tox
|-damage|p2a: Slowbro|44/100 tox|[from] Stealth Rock
|move|p1a: Kartana|Leaf Blade|p2a: Slowbro
|-supereffective|p2a: Slowbro
|-damage|p2a: Slowbro|0 fnt
|-damage|p1a: Kartana|30/100|[from] item: Rocky Helmet|[of] p2a: Slowbro
|faint|p2a: Slowbro
|-ability|p1a: Kartana|Beast Boost|boost
|-boost|p1a: Kartana|atk|1
|
|-heal|p1a: Kartana|36/100|[from] Grassy Terrain
|upkeep
|
|t:|1666721149
|switch|p2a: Tornadus|Tornadus-Therian, M|96/100 tox
|turn|40
|
|t:|1666721163
|move|p2a: Tornadus|U-turn|p1a: Kartana
|-damage|p1a: Kartana|22/100
|
|t:|1666721168
|switch|p2a: Garchomp|Garchomp, M|27/100|[from]move: U-turn
|-damage|p2a: Garchomp|21/100|[from] Stealth Rock
|move|p1a: Kartana|Smart Strike|p2a: Garchomp
|-damage|p2a: Garchomp|0 fnt
|-damage|p1a: Kartana|9/100|[from] ability: Rough Skin|[of] p2a: Garchomp
|faint|p2a: Garchomp
|-ability|p1a: Kartana|Beast Boost|boost
|-boost|p1a: Kartana|atk|1
|
|-heal|p1a: Kartana|16/100|[from] Grassy Terrain
|-fieldend|move: Grassy Terrain
|upkeep
|
|t:|1666721178
|switch|p2a: Tornadus|Tornadus-Therian, M|100/100 tox
|turn|41
|inactive|gotsnsd has 90 seconds left.
|
|t:|1666721206
|move|p2a: Tornadus|U-turn|p1a: Kartana
|-damage|p1a: Kartana|0 fnt
|faint|p1a: Kartana
|
|t:|1666721210
|switch|p2a: Rillaboom|Rillaboom, M|39/100|[from]move: U-turn
|-damage|p2a: Rillaboom|26/100|[from] Stealth Rock
|-fieldstart|move: Grassy Terrain|[from] ability: Grassy Surge|[of] p2a: Rillaboom
|
|-heal|p2a: Rillaboom|32/100|[from] Grassy Terrain
|-heal|p2a: Rillaboom|39/100|[from] item: Leftovers
|upkeep
|
|t:|1666721213
|switch|p1a: Tapu Lele|Tapu Lele|23/100
|-damage|p1a: Tapu Lele|11/100|[from] Stealth Rock
|-fieldstart|move: Psychic Terrain|[from] ability: Psychic Surge|[of] p1a: Tapu Lele
|turn|42
|
|t:|1666721217
|switch|p2a: Tornadus|Tornadus-Therian, M|100/100 tox
|move|p1a: Tapu Lele|Psyshock|p2a: Tornadus
|-damage|p2a: Tornadus|36/100 tox
|
|-damage|p2a: Tornadus|30/100 tox|[from] psn
|upkeep
|turn|43
|-message|gotsnsd forfeited.
|
|win|MM AZALEA
|raw|gotsnsd's rating: 1643 &rarr; <strong>1624</strong><br />(-19 for losing)
|raw|MM AZALEA's rating: 1652 &rarr; <strong>1671</strong><br />(+19 for winning)
|l|☆gotsnsd
