|j|☆roboPOKE
|j|☆Truebeliver
|t:|1603881399
|player|p1|roboPOKE|265|1799
|player|p2|Truebeliver|twins-gen4|1871
|teamsize|p1|6
|teamsize|p2|6
|gametype|singles
|gen|8
|tier|[Gen 8] OU
|rated|
|clearpoke
|poke|p1|Pelipper, F|
|poke|p1|Barraskewda, F|
|poke|p1|Thundurus-Therian, M|
|poke|p1|Magearna|
|poke|p1|Ferrothorn, M|
|poke|p1|Cinderace, F|
|poke|p2|Ninetales-Alola, F|
|poke|p2|Arctozolt|
|poke|p2|Zapdos|
|poke|p2|Heatran, M|
|poke|p2|Tapu Koko|
|poke|p2|Swampert, M|
|rule|Sleep Clause Mod: Limit one foe put to sleep
|rule|Species Clause: Limit one of each Pokémon
|rule|OHKO Clause: OHKO moves are banned
|rule|Evasion Moves Clause: Evasion moves are banned
|rule|Endless Battle Clause: Forcing endless battles is banned
|rule|HP Percentage Mod: HP is shown in percentages
|rule|Dynamax Clause: You cannot dynamax
|teampreview
|inactive|Battle timer is ON: inactive players will automatically lose when time's up. (requested by Truebeliver)
|
|t:|1603881411
|start
|switch|p1a: Pelipper|Pelipper, F|100/100
|switch|p2a: Ninetales|Ninetales-Alola, F|100/100
|-weather|Hail|[from] ability: Snow Warning|[of] p2a: Ninetales
|-weather|RainDance|[from] ability: Drizzle|[of] p1a: Pelipper
|turn|1
|
|t:|1603881421
|switch|p1a: Magearna|Magearna|100/100
|move|p2a: Ninetales|Hail|p2a: Ninetales
|-weather|Hail
|
|-weather|Hail|[upkeep]
|-damage|p1a: Magearna|94/100|[from] Hail
|upkeep
|turn|2
|
|t:|1603881427
|switch|p2a: Swampert|Swampert, M|100/100
|move|p1a: Magearna|Flash Cannon|p2a: Swampert
|-resisted|p2a: Swampert
|-damage|p2a: Swampert|81/100
|
|-weather|Hail|[upkeep]
|-damage|p1a: Magearna|88/100|[from] Hail
|-damage|p2a: Swampert|75/100|[from] Hail
|-heal|p2a: Swampert|81/100|[from] item: Leftovers
|upkeep
|turn|3
|j| akaza akarinn
|
|t:|1603881434
|move|p1a: Magearna|Fleur Cannon|p2a: Swampert
|-damage|p2a: Swampert|18/100
|-unboost|p1a: Magearna|spa|2
|move|p2a: Swampert|Flip Turn|p1a: Magearna
|-damage|p1a: Magearna|68/100
|j| drivance
|j| whocanunravelme
|
|t:|1603881449
|switch|p2a: Arctozolt|Arctozolt|100/100|[from]move: Flip Turn
|
|-weather|Hail|[upkeep]
|-damage|p1a: Magearna|62/100|[from] Hail
|upkeep
|turn|4
|j| grdgdhdg
|
|t:|1603881460
|switch|p1a: Ferrothorn|Ferrothorn, M|100/100
|move|p2a: Arctozolt|Bolt Beak|p1a: Ferrothorn
|-resisted|p1a: Ferrothorn
|-damage|p1a: Ferrothorn|69/100
|-damage|p2a: Arctozolt|88/100|[from] ability: Iron Barbs|[of] p1a: Ferrothorn
|-damage|p2a: Arctozolt|72/100|[from] item: Rocky Helmet|[of] p1a: Ferrothorn
|-damage|p2a: Arctozolt|62/100|[from] item: Life Orb
|
|-weather|Hail|[upkeep]
|-damage|p1a: Ferrothorn|63/100|[from] Hail
|upkeep
|turn|5
|
|t:|1603881465
|switch|p1a: Pelipper|Pelipper, F|100/100
|-weather|RainDance|[from] ability: Drizzle|[of] p1a: Pelipper
|move|p2a: Arctozolt|Low Kick|p1a: Pelipper
|-resisted|p1a: Pelipper
|-damage|p1a: Pelipper|90/100
|-damage|p2a: Arctozolt|52/100|[from] item: Life Orb
|
|-weather|RainDance|[upkeep]
|upkeep
|turn|6
|
|t:|1603881469
|switch|p1a: Ferrothorn|Ferrothorn, M|63/100
|move|p2a: Arctozolt|Icicle Crash|p1a: Ferrothorn
|-damage|p1a: Ferrothorn|32/100
|-damage|p2a: Arctozolt|42/100|[from] item: Life Orb
|
|-weather|RainDance|[upkeep]
|upkeep
|turn|7
|
|t:|1603881477
|move|p2a: Arctozolt|Icicle Crash|p1a: Ferrothorn
|-damage|p1a: Ferrothorn|3/100
|-damage|p2a: Arctozolt|32/100|[from] item: Life Orb
|move|p1a: Ferrothorn|Stealth Rock|p2a: Arctozolt
|-sidestart|p2: Truebeliver|move: Stealth Rock
|
|-weather|RainDance|[upkeep]
|upkeep
|turn|8
|
|t:|1603881483
|move|p2a: Arctozolt|Icicle Spear|p1a: Ferrothorn
|-damage|p1a: Ferrothorn|0 fnt
|-hitcount|p1a: Ferrothorn|1
|-damage|p2a: Arctozolt|22/100|[from] item: Life Orb
|faint|p1a: Ferrothorn
|
|-weather|RainDance|[upkeep]
|upkeep
|
|t:|1603881486
|switch|p1a: Barraskewda|Barraskewda, F|100/100
|turn|9
|
|t:|1603881498
|switch|p2a: Swampert|Swampert, M|18/100
|-damage|p2a: Swampert|12/100|[from] Stealth Rock
|move|p1a: Barraskewda|Flip Turn|p2a: Swampert
|-damage|p2a: Swampert|0 fnt
|faint|p2a: Swampert
|
|t:|1603881503
|switch|p1a: Thundurus|Thundurus-Therian, M|100/100|[from]move: Flip Turn
|
|-weather|RainDance|[upkeep]
|upkeep
|
|t:|1603881515
|switch|p2a: Zapdos|Zapdos|100/100
|turn|10
|j| Laugein
|
|t:|1603881518
|move|p1a: Thundurus|Nasty Plot|p1a: Thundurus
|-boost|p1a: Thundurus|spa|2
|move|p2a: Zapdos|Defog|p1a: Thundurus
|-unboost|p1a: Thundurus|evasion|1
|-sideend|p2: Truebeliver|Stealth Rock|[from] move: Defog|[of] p2a: Zapdos
|
|-weather|RainDance|[upkeep]
|upkeep
|turn|11
|
|t:|1603881526
|switch|p2a: Heatran|Heatran, M|100/100
|move|p1a: Thundurus|Thunder|p2a: Heatran
|-damage|p2a: Heatran|14/100
|-status|p2a: Heatran|par
|
|-weather|RainDance|[upkeep]
|-heal|p2a: Heatran|20/100 par|[from] item: Leftovers
|upkeep
|turn|12
|
|t:|1603881533
|move|p1a: Thundurus|Weather Ball|p2a: Heatran
|-supereffective|p2a: Heatran
|-damage|p2a: Heatran|0 fnt
|faint|p2a: Heatran
|
|-weather|none
|upkeep
|
|t:|1603881537
|switch|p2a: Ninetales|Ninetales-Alola, F|100/100
|-weather|Hail|[from] ability: Snow Warning|[of] p2a: Ninetales
|turn|13
|
|t:|1603881541
|move|p2a: Ninetales|Hypnosis|p1a: Thundurus
|-status|p1a: Thundurus|slp|[from] move: Hypnosis
|cant|p1a: Thundurus|slp
|
|-weather|Hail|[upkeep]
|-damage|p1a: Thundurus|94/100 slp|[from] Hail
|upkeep
|turn|14
|
|t:|1603881547
|move|p2a: Ninetales|Freeze-Dry|p1a: Thundurus
|-supereffective|p1a: Thundurus
|-damage|p1a: Thundurus|36/100 slp
|-curestatus|p1a: Thundurus|slp|[msg]
|move|p1a: Thundurus|Volt Switch|p2a: Ninetales
|-damage|p2a: Ninetales|29/100
|
|t:|1603881552
|switch|p1a: Magearna|Magearna|62/100|[from]move: Volt Switch
|
|-weather|Hail|[upkeep]
|-damage|p1a: Magearna|56/100|[from] Hail
|upkeep
|turn|15
|c|☆Truebeliver|:(
|
|t:|1603881563
|move|p2a: Ninetales|Hypnosis|p1a: Magearna
|-status|p1a: Magearna|slp|[from] move: Hypnosis
|cant|p1a: Magearna|slp
|
|-weather|Hail|[upkeep]
|-damage|p1a: Magearna|50/100 slp|[from] Hail
|upkeep
|turn|16
|
|t:|1603881579
|switch|p2a: Arctozolt|Arctozolt|22/100
|-curestatus|p1a: Magearna|slp|[msg]
|move|p1a: Magearna|Volt Switch|p2a: Arctozolt
|-resisted|p2a: Arctozolt
|-crit|p2a: Arctozolt
|-damage|p2a: Arctozolt|0 fnt
|faint|p2a: Arctozolt
|-ability|p1a: Magearna|Soul-Heart|boost
|-boost|p1a: Magearna|spa|1
|c|☆Truebeliver|Sigh
|
|t:|1603881595
|switch|p1a: Cinderace|Cinderace, F|100/100|[from]move: Volt Switch
|
|-weather|Hail|[upkeep]
|-damage|p1a: Cinderace|95/100|[from] Hail
|upkeep
|
|t:|1603881607
|switch|p2a: Tapu Koko|Tapu Koko|100/100
|-fieldstart|move: Electric Terrain|[from] ability: Electric Surge|[of] p2a: Tapu Koko
|turn|17
|j| GalarianN00b
|
|t:|1603881617
|move|p2a: Tapu Koko|U-turn|p1a: Cinderace
|-resisted|p1a: Cinderace
|-damage|p1a: Cinderace|82/100
|c|☆Truebeliver|Aweful mu anyway
|c|☆Truebeliver|Couldv won without the double 1 turn sleep
|inactive|Truebeliver has 120 seconds left.
|c|☆Truebeliver|Gg
|-message|Truebeliver forfeited.
|
|win|roboPOKE
|l|☆Truebeliver
|raw|roboPOKE's rating: 1799 &rarr; <strong>1823</strong><br />(+24 for winning)
|raw|Truebeliver's rating: 1871 &rarr; <strong>1847</strong><br />(-24 for losing)
|l|☆roboPOKE
|l| akaza akarinn
|l| Laugein
|l| whocanunravelme
