|j|☆Fuxion
|j|☆Oryen
|inactive|Battle timer is ON: inactive players will automatically lose when time's up.
|t:|1655766081
|gametype|singles
|player|p1|Fuxion|169|
|player|p2|Oryen|bruno-gen1|
|teamsize|p1|6
|teamsize|p2|6
|gen|8
|tier|[Gen 8] OU
|rated|Tournament battle
|rule|Sleep Clause Mod: Limit one foe put to sleep
|rule|Species Clause: Limit one of each Pokémon
|rule|OHKO Clause: OHKO moves are banned
|rule|Evasion Moves Clause: Evasion moves are banned
|rule|Endless Battle Clause: Forcing endless battles is banned
|rule|HP Percentage Mod: HP is shown in percentages
|rule|Dynamax Clause: You cannot dynamax
|clearpoke
|poke|p1|Rillaboom, M|
|poke|p1|Bisharp, M|
|poke|p1|Slowbro, M|
|poke|p1|Garchomp, F|
|poke|p1|Blaziken, F|
|poke|p1|Tapu Fini|
|poke|p2|Bisharp, M|
|poke|p2|Tornadus-Therian, M|
|poke|p2|Tyranitar, M|
|poke|p2|Nidoking, M|
|poke|p2|Slowking, F|
|poke|p2|Buzzwole|
|teampreview
|j|*Lady Monita ☀
|c|☆Oryen|hf
|c|☆Fuxion|Glhf!
|
|t:|1655766094
|start
|switch|p1a: Garchomp|Garchomp, F|100/100
|switch|p2a: Tornadus|Tornadus-Therian, M, shiny|100/100
|turn|1
|j| PyuPyuSuga
|
|t:|1655766103
|move|p2a: Tornadus|Knock Off|p1a: Garchomp
|-damage|p1a: Garchomp|82/100
|-damage|p2a: Tornadus|88/100|[from] ability: Rough Skin|[of] p1a: Garchomp
|-damage|p2a: Tornadus|71/100|[from] item: Rocky Helmet|[of] p1a: Garchomp
|-enditem|p1a: Garchomp|Rocky Helmet|[from] move: Knock Off|[of] p2a: Tornadus
|move|p1a: Garchomp|Stone Edge|p2a: Tornadus
|-supereffective|p2a: Tornadus
|-damage|p2a: Tornadus|3/100
|
|upkeep
|turn|2
|
|t:|1655766115
|switch|p2a: Buzzwole|Buzzwole, shiny|100/100
|move|p1a: Garchomp|Scale Shot|p2a: Buzzwole
|-damage|p2a: Buzzwole|94/100
|-damage|p2a: Buzzwole|88/100
|-damage|p2a: Buzzwole|82/100
|-damage|p2a: Buzzwole|75/100
|-hitcount|p2a: Buzzwole|4
|-unboost|p1a: Garchomp|def|1
|-boost|p1a: Garchomp|spe|1
|
|upkeep
|turn|3
|
|t:|1655766130
|switch|p1a: Tapu Fini|Tapu Fini|100/100
|-fieldstart|move: Misty Terrain|[from] ability: Misty Surge|[of] p1a: Tapu Fini
|move|p2a: Buzzwole|Roost|p2a: Buzzwole
|-heal|p2a: Buzzwole|100/100
|-singleturn|p2a: Buzzwole|move: Roost
|
|upkeep
|turn|4
|j| Divina Del Campo
|
|t:|1655766150
|switch|p2a: Slowking|Slowking, F|100/100
|move|p1a: Tapu Fini|Taunt|p2a: Slowking
|-start|p2a: Slowking|move: Taunt
|
|upkeep
|turn|5
|
|t:|1655766175
|switch|p2a: Nidoking|Nidoking, M|100/100
|move|p1a: Tapu Fini|Nature's Madness|p2a: Nidoking
|-damage|p2a: Nidoking|50/100
|
|upkeep
|turn|6
|
|t:|1655766190
|switch|p1a: Slowbro|Slowbro, M|100/100
|move|p2a: Nidoking|Sludge Wave|p1a: Slowbro
|-damage|p1a: Slowbro|35/100
|
|-heal|p1a: Slowbro|41/100|[from] item: Leftovers
|upkeep
|turn|7
|
|t:|1655766198
|switch|p1a: Bisharp|Bisharp, M|100/100
|move|p2a: Nidoking|Ice Beam|p1a: Bisharp
|-resisted|p1a: Bisharp
|-damage|p1a: Bisharp|71/100
|
|-fieldend|Misty Terrain
|upkeep
|turn|8
|
|t:|1655766204
|switch|p2a: Buzzwole|Buzzwole, shiny|100/100
|move|p1a: Bisharp|Sucker Punch||[still]
|-fail|p1a: Bisharp
|
|upkeep
|turn|9
|
|t:|1655766209
|switch|p2a: Nidoking|Nidoking, M|50/100
|switch|p1a: Tapu Fini|Tapu Fini|100/100
|-fieldstart|move: Misty Terrain|[from] ability: Misty Surge|[of] p1a: Tapu Fini
|
|upkeep
|turn|10
|
|t:|1655766215
|move|p2a: Nidoking|Sludge Wave|p1a: Tapu Fini
|-supereffective|p1a: Tapu Fini
|-damage|p1a: Tapu Fini|13/100
|move|p1a: Tapu Fini|Scald|p2a: Nidoking
|-supereffective|p2a: Nidoking
|-damage|p2a: Nidoking|0 fnt
|faint|p2a: Nidoking
|
|-heal|p1a: Tapu Fini|19/100|[from] item: Leftovers
|upkeep
|
|t:|1655766230
|switch|p2a: Bisharp|Bisharp, M|100/100
|turn|11
|
|t:|1655766237
|switch|p1a: Slowbro|Slowbro, M|74/100
|move|p2a: Bisharp|Knock Off|p1a: Slowbro
|-supereffective|p1a: Slowbro
|-damage|p1a: Slowbro|0 fnt
|-enditem|p1a: Slowbro|Leftovers|[from] move: Knock Off|[of] p2a: Bisharp
|faint|p1a: Slowbro
|
|upkeep
|
|t:|1655766252
|switch|p1a: Blaziken|Blaziken, F|100/100
|-item|p1a: Blaziken|Air Balloon
|turn|12
|
|t:|1655766259
|move|p1a: Blaziken|Swords Dance|p1a: Blaziken
|-boost|p1a: Blaziken|atk|2
|move|p2a: Bisharp|Knock Off|p1a: Blaziken
|-resisted|p1a: Blaziken
|-damage|p1a: Blaziken|42/100
|-enditem|p1a: Blaziken|Air Balloon
|
|-ability|p1a: Blaziken|Speed Boost|boost
|-boost|p1a: Blaziken|spe|1
|upkeep
|turn|13
|
|t:|1655766269
|switch|p2a: Slowking|Slowking, F|100/100
|move|p1a: Blaziken|Close Combat|p2a: Slowking
|-resisted|p2a: Slowking
|-damage|p2a: Slowking|32/100
|-unboost|p1a: Blaziken|def|1
|-unboost|p1a: Blaziken|spd|1
|
|-fieldend|Misty Terrain
|-ability|p1a: Blaziken|Speed Boost|boost
|-boost|p1a: Blaziken|spe|1
|upkeep
|turn|14
|l| Divina Del Campo
|j| sageofnopaths
|
|t:|1655766288
|move|p1a: Blaziken|Knock Off|p2a: Slowking
|-supereffective|p2a: Slowking
|-damage|p2a: Slowking|0 fnt
|-enditem|p2a: Slowking|Heavy-Duty Boots|[from] move: Knock Off|[of] p1a: Blaziken
|faint|p2a: Slowking
|
|-ability|p1a: Blaziken|Speed Boost|boost
|-boost|p1a: Blaziken|spe|1
|upkeep
|
|t:|1655766292
|switch|p2a: Bisharp|Bisharp, M|100/100
|turn|15
|j| DrinkerofWater
|
|t:|1655766304
|move|p2a: Bisharp|Sucker Punch|p1a: Blaziken
|-resisted|p1a: Blaziken
|-damage|p1a: Blaziken|0 fnt
|faint|p1a: Blaziken
|
|upkeep
|
|t:|1655766307
|switch|p1a: Garchomp|Garchomp, F|82/100
|turn|16
|j| afferd
|
|t:|1655766326
|switch|p2a: Buzzwole|Buzzwole, shiny|100/100
|move|p1a: Garchomp|Swords Dance|p1a: Garchomp
|-boost|p1a: Garchomp|atk|2
|
|upkeep
|turn|17
|
|t:|1655766336
|move|p1a: Garchomp|Stone Edge|p2a: Buzzwole
|-damage|p2a: Buzzwole|69/100
|move|p2a: Buzzwole|Ice Punch|p1a: Garchomp
|-supereffective|p1a: Garchomp
|-damage|p1a: Garchomp|0 fnt
|-damage|p2a: Buzzwole|57/100|[from] ability: Rough Skin|[of] p1a: Garchomp
|faint|p1a: Garchomp
|-ability|p2a: Buzzwole|Beast Boost|boost
|-boost|p2a: Buzzwole|def|1
|
|upkeep
|
|t:|1655766342
|switch|p1a: Rillaboom|Rillaboom, M|100/100
|-fieldstart|move: Grassy Terrain|[from] ability: Grassy Surge|[of] p1a: Rillaboom
|-enditem|p1a: Rillaboom|Grassy Seed
|-boost|p1a: Rillaboom|def|1|[from] item: Grassy Seed
|turn|18
|c| sageofnopaths|love this buzzwole
|
|t:|1655766348
|move|p1a: Rillaboom|Swords Dance|p1a: Rillaboom
|-boost|p1a: Rillaboom|atk|2
|move|p2a: Buzzwole|Roost|p2a: Buzzwole
|-heal|p2a: Buzzwole|100/100
|-singleturn|p2a: Buzzwole|move: Roost
|
|upkeep
|turn|19
|
|t:|1655766351
|move|p1a: Rillaboom|Acrobatics|p2a: Buzzwole
|-supereffective|p2a: Buzzwole
|-damage|p2a: Buzzwole|7/100
|move|p2a: Buzzwole|Ice Punch|p1a: Rillaboom
|-supereffective|p1a: Rillaboom
|-damage|p1a: Rillaboom|65/100
|
|-heal|p1a: Rillaboom|71/100|[from] Grassy Terrain
|-heal|p2a: Buzzwole|13/100|[from] Grassy Terrain
|upkeep
|turn|20
|c|☆Fuxion|Damn
|inactive|Oryen has 120 seconds left.
|
|t:|1655766390
|move|p1a: Rillaboom|Acrobatics|p2a: Buzzwole
|-supereffective|p2a: Buzzwole
|-damage|p2a: Buzzwole|0 fnt
|faint|p2a: Buzzwole
|
|-heal|p1a: Rillaboom|77/100|[from] Grassy Terrain
|upkeep
|
|t:|1655766398
|switch|p2a: Tornadus|Tornadus-Therian, M, shiny|37/100
|turn|21
|inactive|Oryen has 120 seconds left.
|
|t:|1655766405
|switch|p2a: Bisharp|Bisharp, M|100/100
|move|p1a: Rillaboom|Grassy Glide|p2a: Bisharp
|-resisted|p2a: Bisharp
|-damage|p2a: Bisharp|47/100
|
|-heal|p1a: Rillaboom|83/100|[from] Grassy Terrain
|-heal|p2a: Bisharp|53/100|[from] Grassy Terrain
|upkeep
|turn|22
|
|t:|1655766411
|switch|p2a: Tornadus|Tornadus-Therian, M, shiny|70/100
|move|p1a: Rillaboom|Superpower|p2a: Tornadus
|-resisted|p2a: Tornadus
|-crit|p2a: Tornadus
|-damage|p2a: Tornadus|6/100
|-unboost|p1a: Rillaboom|atk|1
|-unboost|p1a: Rillaboom|def|1
|
|-heal|p1a: Rillaboom|89/100|[from] Grassy Terrain
|-fieldend|move: Grassy Terrain
|upkeep
|turn|23
|
|t:|1655766420
|move|p2a: Tornadus|Hurricane|p1a: Rillaboom|[miss]
|-miss|p2a: Tornadus|p1a: Rillaboom
|move|p1a: Rillaboom|Superpower|p2a: Tornadus
|-resisted|p2a: Tornadus
|-damage|p2a: Tornadus|0 fnt
|-unboost|p1a: Rillaboom|atk|1
|-unboost|p1a: Rillaboom|def|1
|faint|p2a: Tornadus
|
|upkeep
|c|☆Oryen|welp
|c|☆Oryen|f
|
|t:|1655766430
|switch|p2a: Bisharp|Bisharp, M|53/100
|turn|24
|
|t:|1655766440
|switch|p1a: Bisharp|Bisharp, M|71/100
|move|p2a: Bisharp|Sucker Punch||[still]
|-fail|p2a: Bisharp
|
|upkeep
|turn|25
|c|☆Oryen|gg
|-message|Oryen forfeited.
|
|win|Fuxion
|n|☆Fuxion|fuxion
|n|☆Oryen|oryen
|n|*Lady Monita ☀|ladymonita
|n| PyuPyuSuga|pyupyusuga
|n| sageofnopaths|sageofnopaths
|n| DrinkerofWater|drinkerofwater
|n| afferd|afferd
