|raw|<div class="broadcast-blue"><strong>This battle is required to be public due to a player having a name starting with 'lt91bb'.</div>
|j|☆LT91BB damien
|j|☆return nirvana
|t:|1659351521
|gametype|singles
|player|p1|LT91BB damien|lucas|1884
|player|p2|return nirvana|gambler-gen1|1980
|teamsize|p1|6
|teamsize|p2|6
|gen|8
|tier|[Gen 8] OU
|rated|
|rule|Sleep Clause Mod: Limit one foe put to sleep
|rule|Species Clause: Limit one of each Pokémon
|rule|OHKO Clause: OHKO moves are banned
|rule|Evasion Moves Clause: Evasion moves are banned
|rule|Endless Battle Clause: Forcing endless battles is banned
|rule|HP Percentage Mod: HP is shown in percentages
|rule|Dynamax Clause: You cannot dynamax
|clearpoke
|poke|p1|Ninetales-Alola, M|
|poke|p1|Heatran, F|
|poke|p1|Dragapult, M|
|poke|p1|Scizor, M|
|poke|p1|Garchomp, F|
|poke|p1|Cloyster, F|
|poke|p2|Cresselia, F|
|poke|p2|Clefable, M|
|poke|p2|Quagsire, F|
|poke|p2|Skarmory, F|
|poke|p2|Zapdos|
|poke|p2|Toxapex, M|
|teampreview
|j| Birderr
|
|t:|1659351542
|start
|switch|p1a: Ninetales|Ninetales-Alola, M|100/100
|switch|p2a: Toxapex|Toxapex, M|100/100
|-weather|Hail|[from] ability: Snow Warning|[of] p1a: Ninetales
|turn|1
|j| ripreckful
|j| LT91BB Storm
|j| Tasteless Madness
|j| Seleukus
|
|t:|1659351557
|move|p1a: Ninetales|Hypnosis|p2a: Toxapex|[miss]
|-miss|p1a: Ninetales|p2a: Toxapex
|move|p2a: Toxapex|Toxic Spikes|p1a: Ninetales
|-sidestart|p1: LT91BB damien|move: Toxic Spikes
|
|-weather|Hail|[upkeep]
|-damage|p2a: Toxapex|94/100|[from] Hail
|upkeep
|turn|2
|
|t:|1659351562
|move|p1a: Ninetales|Hypnosis|p2a: Toxapex
|-status|p2a: Toxapex|slp|[from] move: Hypnosis
|cant|p2a: Toxapex|slp
|
|-weather|Hail|[upkeep]
|-damage|p2a: Toxapex|88/100 slp|[from] Hail
|upkeep
|turn|3
|l| Tasteless Madness
|j| los chamasos
|
|t:|1659351588
|switch|p1a: Heatran|Heatran, F|100/100
|-item|p1a: Heatran|Air Balloon
|cant|p2a: Toxapex|slp
|
|-weather|Hail|[upkeep]
|-damage|p1a: Heatran|94/100|[from] Hail
|-damage|p2a: Toxapex|82/100 slp|[from] Hail
|upkeep
|turn|4
|
|t:|1659351592
|move|p1a: Heatran|Stealth Rock|p2a: Toxapex
|-sidestart|p2: return nirvana|move: Stealth Rock
|-curestatus|p2a: Toxapex|slp|[msg]
|move|p2a: Toxapex|Knock Off|p1a: Heatran
|-damage|p1a: Heatran|77/100
|-enditem|p1a: Heatran|Air Balloon
|
|-weather|Hail|[upkeep]
|-damage|p1a: Heatran|71/100|[from] Hail
|-damage|p2a: Toxapex|75/100|[from] Hail
|upkeep
|turn|5
|
|t:|1659351597
|move|p1a: Heatran|Magma Storm|p2a: Toxapex
|-resisted|p2a: Toxapex
|-damage|p2a: Toxapex|60/100
|-activate|p2a: Toxapex|move: Magma Storm|[of] p1a: Heatran
|move|p2a: Toxapex|Recover|p2a: Toxapex
|-heal|p2a: Toxapex|100/100
|
|-weather|none
|-damage|p2a: Toxapex|88/100|[from] move: Magma Storm|[partiallytrapped]
|upkeep
|turn|6
|j| poiuyyuiop
|
|t:|1659351604
|move|p1a: Heatran|Earth Power|p2a: Toxapex
|-supereffective|p2a: Toxapex
|-damage|p2a: Toxapex|47/100
|move|p2a: Toxapex|Knock Off|p1a: Heatran
|-damage|p1a: Heatran|61/100
|
|-damage|p2a: Toxapex|34/100|[from] move: Magma Storm|[partiallytrapped]
|upkeep
|turn|7
|
|t:|1659351611
|switch|p2a: Quagsire|Quagsire, F|100/100
|-damage|p2a: Quagsire|94/100|[from] Stealth Rock
|move|p1a: Heatran|Earth Power|p2a: Quagsire
|-damage|p2a: Quagsire|59/100
|
|-heal|p2a: Quagsire|65/100|[from] item: Leftovers
|upkeep
|turn|8
|l| Seleukus
|inactive|Battle timer is ON: inactive players will automatically lose when time's up. (requested by return nirvana)
|
|t:|1659351632
|switch|p1a: Ninetales|Ninetales-Alola, M|100/100
|-status|p1a: Ninetales|psn
|-weather|Hail|[from] ability: Snow Warning|[of] p1a: Ninetales
|move|p2a: Quagsire|Recover|p2a: Quagsire
|-heal|p2a: Quagsire|100/100
|
|-weather|Hail|[upkeep]
|-damage|p2a: Quagsire|94/100|[from] Hail
|-heal|p2a: Quagsire|100/100|[from] item: Leftovers
|-damage|p1a: Ninetales|88/100 psn|[from] psn
|upkeep
|turn|9
|l| poiuyyuiop
|j| LT91BB PDC
|
|t:|1659351640
|switch|p2a: Toxapex|Toxapex, M|67/100
|-damage|p2a: Toxapex|55/100|[from] Stealth Rock
|move|p1a: Ninetales|Freeze-Dry|p2a: Toxapex
|-supereffective|p2a: Toxapex
|-crit|p2a: Toxapex
|-damage|p2a: Toxapex|17/100
|-status|p2a: Toxapex|frz
|
|-weather|Hail|[upkeep]
|-damage|p2a: Toxapex|10/100 frz|[from] Hail
|-damage|p1a: Ninetales|76/100 psn|[from] psn
|upkeep
|turn|10
|
|t:|1659351648
|switch|p2a: Clefable|Clefable, M|100/100
|move|p1a: Ninetales|Freeze-Dry|p2a: Clefable
|-damage|p2a: Clefable|83/100
|
|-weather|Hail|[upkeep]
|-damage|p1a: Ninetales|64/100 psn|[from] psn
|upkeep
|turn|11
|
|t:|1659351651
|move|p1a: Ninetales|Hypnosis|p2a: Clefable
|-status|p2a: Clefable|slp|[from] move: Hypnosis
|cant|p2a: Clefable|slp
|
|-weather|Hail|[upkeep]
|-damage|p1a: Ninetales|51/100 psn|[from] psn
|upkeep
|turn|12
|
|t:|1659351654
|switch|p1a: Heatran|Heatran, F|61/100
|cant|p2a: Clefable|slp
|
|-weather|none
|upkeep
|turn|13
|j| Pazaldo
|l| Pazaldo
|
|t:|1659351660
|switch|p2a: Quagsire|Quagsire, F|100/100
|-damage|p2a: Quagsire|94/100|[from] Stealth Rock
|move|p1a: Heatran|Magma Storm|p2a: Quagsire|[miss]
|-miss|p1a: Heatran|p2a: Quagsire
|
|-heal|p2a: Quagsire|100/100|[from] item: Leftovers
|upkeep
|turn|14
|
|t:|1659351667
|switch|p1a: Ninetales|Ninetales-Alola, M|51/100 psn
|-weather|Hail|[from] ability: Snow Warning|[of] p1a: Ninetales
|move|p2a: Quagsire|Earthquake|p1a: Ninetales
|-damage|p1a: Ninetales|13/100 psn
|
|-weather|Hail|[upkeep]
|-damage|p2a: Quagsire|94/100|[from] Hail
|-heal|p2a: Quagsire|100/100|[from] item: Leftovers
|-damage|p1a: Ninetales|1/100 psn|[from] psn
|upkeep
|turn|15
|
|t:|1659351676
|switch|p2a: Cresselia|Cresselia, F|100/100
|-damage|p2a: Cresselia|88/100|[from] Stealth Rock
|move|p1a: Ninetales|Aurora Veil|p1a: Ninetales
|-sidestart|p1: LT91BB damien|move: Aurora Veil
|
|-weather|Hail|[upkeep]
|-damage|p2a: Cresselia|82/100|[from] Hail
|-heal|p2a: Cresselia|88/100|[from] item: Leftovers
|-damage|p1a: Ninetales|0 fnt|[from] psn
|faint|p1a: Ninetales
|upkeep
|
|t:|1659351703
|switch|p1a: Scizor|Scizor, M|100/100
|turn|16
|
|t:|1659351713
|switch|p2a: Skarmory|Skarmory, F|100/100
|-damage|p2a: Skarmory|88/100|[from] Stealth Rock
|move|p1a: Scizor|Knock Off|p2a: Skarmory
|-damage|p2a: Skarmory|68/100
|-enditem|p2a: Skarmory|Shed Shell|[from] move: Knock Off|[of] p1a: Scizor
|
|-weather|Hail|[upkeep]
|-damage|p1a: Scizor|94/100|[from] Hail
|-damage|p2a: Skarmory|62/100|[from] Hail
|-heal|p1a: Scizor|100/100|[from] item: Leftovers
|upkeep
|turn|17
|
|t:|1659351718
|switch|p1a: Heatran|Heatran, F|61/100
|move|p2a: Skarmory|Spikes|p1a: Heatran
|-sidestart|p1: LT91BB damien|Spikes
|
|-weather|Hail|[upkeep]
|-damage|p1a: Heatran|54/100|[from] Hail
|-damage|p2a: Skarmory|56/100|[from] Hail
|upkeep
|turn|18
|
|t:|1659351725
|switch|p2a: Zapdos|Zapdos|100/100
|-ability|p2a: Zapdos|Pressure
|move|p1a: Heatran|Magma Storm|p2a: Zapdos
|-damage|p2a: Zapdos|62/100
|-activate|p2a: Zapdos|move: Magma Storm|[of] p1a: Heatran
|
|-weather|none
|-damage|p2a: Zapdos|50/100|[from] move: Magma Storm|[partiallytrapped]
|upkeep
|turn|19
|
|t:|1659351736
|move|p1a: Heatran|Taunt|p2a: Zapdos
|-start|p2a: Zapdos|move: Taunt
|cant|p2a: Zapdos|move: Taunt|Roost
|
|-damage|p2a: Zapdos|37/100|[from] move: Magma Storm|[partiallytrapped]
|upkeep
|turn|20
|
|t:|1659351738
|move|p1a: Heatran|Magma Storm|p2a: Zapdos
|-damage|p2a: Zapdos|0 fnt
|faint|p2a: Zapdos
|
|upkeep
|
|t:|1659351740
|switch|p2a: Quagsire|Quagsire, F|100/100
|-damage|p2a: Quagsire|94/100|[from] Stealth Rock
|turn|21
|inactive|LT91BB damien has 120 seconds left.
|
|t:|1659351790
|switch|p1a: Scizor|Scizor, M|100/100
|-damage|p1a: Scizor|88/100|[from] Spikes
|move|p2a: Quagsire|Earthquake|p1a: Scizor
|-damage|p1a: Scizor|71/100
|
|-heal|p1a: Scizor|77/100|[from] item: Leftovers
|-heal|p2a: Quagsire|100/100|[from] item: Leftovers
|upkeep
|turn|22
|
|t:|1659351803
|switch|p2a: Skarmory|Skarmory, F|56/100
|-damage|p2a: Skarmory|44/100|[from] Stealth Rock
|move|p1a: Scizor|Knock Off|p2a: Skarmory
|-damage|p2a: Skarmory|28/100
|
|-heal|p1a: Scizor|83/100|[from] item: Leftovers
|-sideend|p1: LT91BB damien|move: Aurora Veil
|upkeep
|turn|23
|
|t:|1659351818
|switch|p1a: Heatran|Heatran, F|54/100
|-damage|p1a: Heatran|42/100|[from] Spikes
|move|p2a: Skarmory|Roost|p2a: Skarmory
|-heal|p2a: Skarmory|78/100
|-singleturn|p2a: Skarmory|move: Roost
|
|upkeep
|turn|24
|
|t:|1659351824
|switch|p2a: Toxapex|Toxapex, M|44/100 frz
|-damage|p2a: Toxapex|31/100 frz|[from] Stealth Rock
|move|p1a: Heatran|Magma Storm|p2a: Toxapex|[miss]
|-miss|p1a: Heatran|p2a: Toxapex
|
|upkeep
|turn|25
|
|t:|1659351845
|switch|p2a: Skarmory|Skarmory, F|78/100
|-damage|p2a: Skarmory|66/100|[from] Stealth Rock
|move|p1a: Heatran|Earth Power|p2a: Skarmory
|-immune|p2a: Skarmory
|
|upkeep
|turn|26
|
|t:|1659351853
|switch|p2a: Toxapex|Toxapex, M|64/100 frz
|-damage|p2a: Toxapex|52/100 frz|[from] Stealth Rock
|move|p1a: Heatran|Earth Power|p2a: Toxapex
|-supereffective|p2a: Toxapex
|-damage|p2a: Toxapex|12/100 frz
|
|upkeep
|turn|27
|
|t:|1659351869
|move|p1a: Heatran|Magma Storm|p2a: Toxapex
|-resisted|p2a: Toxapex
|-damage|p2a: Toxapex|0 fnt
|faint|p2a: Toxapex
|
|upkeep
|
|t:|1659351874
|switch|p2a: Quagsire|Quagsire, F|100/100
|-damage|p2a: Quagsire|94/100|[from] Stealth Rock
|turn|28
|inactive|LT91BB damien has 120 seconds left.
|
|t:|1659351908
|move|p1a: Heatran|Taunt|p2a: Quagsire
|-start|p2a: Quagsire|move: Taunt
|move|p2a: Quagsire|Earthquake|p1a: Heatran
|-supereffective|p1a: Heatran
|-damage|p1a: Heatran|0 fnt
|faint|p1a: Heatran
|
|-heal|p2a: Quagsire|100/100|[from] item: Leftovers
|upkeep
|
|t:|1659351918
|switch|p1a: Cloyster|Cloyster, F|100/100
|turn|29
|
|t:|1659351922
|move|p1a: Cloyster|Hydro Pump|p2a: Quagsire
|-damage|p2a: Quagsire|67/100
|move|p2a: Quagsire|Scald|p1a: Cloyster
|-resisted|p1a: Cloyster
|-damage|p1a: Cloyster|74/100
|
|-heal|p2a: Quagsire|73/100|[from] item: Leftovers
|upkeep
|turn|30
|inactive|LT91BB damien has 120 seconds left.
|
|t:|1659351940
|switch|p2a: Clefable|Clefable, M|83/100 slp
|move|p1a: Cloyster|Icicle Spear|p2a: Clefable
|-damage|p2a: Clefable|74/100 slp
|-damage|p2a: Clefable|64/100 slp
|-damage|p2a: Clefable|54/100 slp
|-damage|p2a: Clefable|45/100 slp
|-damage|p2a: Clefable|36/100 slp
|-hitcount|p2a: Clefable|5
|
|upkeep
|turn|31
|
|t:|1659351946
|move|p1a: Cloyster|Icicle Spear|p2a: Clefable
|-damage|p2a: Clefable|26/100 slp
|-damage|p2a: Clefable|16/100 slp
|-damage|p2a: Clefable|6/100 slp
|-damage|p2a: Clefable|0 fnt
|faint|p2a: Clefable
|-hitcount|p2: Clefable|4
|
|upkeep
|
|t:|1659351947
|switch|p2a: Quagsire|Quagsire, F|73/100
|-damage|p2a: Quagsire|67/100|[from] Stealth Rock
|turn|32
|j| Gastrodon fanclub
|
|t:|1659351961
|switch|p1a: Scizor|Scizor, M|83/100
|-damage|p1a: Scizor|70/100|[from] Spikes
|move|p2a: Quagsire|Recover|p2a: Quagsire
|-heal|p2a: Quagsire|100/100
|
|-heal|p1a: Scizor|76/100|[from] item: Leftovers
|upkeep
|turn|33
|
|t:|1659351964
|switch|p2a: Skarmory|Skarmory, F|66/100
|-damage|p2a: Skarmory|54/100|[from] Stealth Rock
|move|p1a: Scizor|Knock Off|p2a: Skarmory
|-damage|p2a: Skarmory|39/100
|
|-heal|p1a: Scizor|82/100|[from] item: Leftovers
|upkeep
|turn|34
|j| ACII
|inactive|LT91BB damien has 120 seconds left.
|
|t:|1659352022
|move|p1a: Scizor|Swords Dance|p1a: Scizor
|-boost|p1a: Scizor|atk|2
|move|p2a: Skarmory|Roost|p2a: Skarmory
|-heal|p2a: Skarmory|89/100
|-singleturn|p2a: Skarmory|move: Roost
|
|-heal|p1a: Scizor|88/100|[from] item: Leftovers
|upkeep
|turn|35
|
|t:|1659352031
|move|p1a: Scizor|Swords Dance|p1a: Scizor
|-boost|p1a: Scizor|atk|2
|move|p2a: Skarmory|Spikes|p1a: Scizor
|-sidestart|p1: LT91BB damien|Spikes
|
|-heal|p1a: Scizor|94/100|[from] item: Leftovers
|upkeep
|turn|36
|
|t:|1659352035
|move|p1a: Scizor|Knock Off|p2a: Skarmory
|-damage|p2a: Skarmory|47/100
|move|p2a: Skarmory|Spikes|p1a: Scizor
|-sidestart|p1: LT91BB damien|Spikes
|
|-heal|p1a: Scizor|100/100|[from] item: Leftovers
|upkeep
|turn|37
|
|t:|1659352039
|move|p1a: Scizor|Knock Off|p2a: Skarmory
|-damage|p2a: Skarmory|3/100
|move|p2a: Skarmory|Roost|p2a: Skarmory
|-heal|p2a: Skarmory|53/100
|-singleturn|p2a: Skarmory|move: Roost
|
|upkeep
|turn|38
|
|t:|1659352044
|move|p1a: Scizor|Knock Off|p2a: Skarmory
|-damage|p2a: Skarmory|12/100
|move|p2a: Skarmory|Roost|p2a: Skarmory
|-heal|p2a: Skarmory|62/100
|-singleturn|p2a: Skarmory|move: Roost
|
|upkeep
|turn|39
|
|t:|1659352046
|move|p1a: Scizor|Knock Off|p2a: Skarmory
|-damage|p2a: Skarmory|16/100
|move|p2a: Skarmory|Roost|p2a: Skarmory
|-heal|p2a: Skarmory|66/100
|-singleturn|p2a: Skarmory|move: Roost
|
|upkeep
|turn|40
|
|t:|1659352050
|move|p1a: Scizor|Knock Off|p2a: Skarmory
|-damage|p2a: Skarmory|22/100
|move|p2a: Skarmory|Roost|p2a: Skarmory
|-heal|p2a: Skarmory|72/100
|-singleturn|p2a: Skarmory|move: Roost
|
|upkeep
|turn|41
|
|t:|1659352052
|move|p1a: Scizor|Knock Off|p2a: Skarmory
|-damage|p2a: Skarmory|27/100
|move|p2a: Skarmory|Roost|p2a: Skarmory
|-heal|p2a: Skarmory|77/100
|-singleturn|p2a: Skarmory|move: Roost
|
|upkeep
|turn|42
|
|t:|1659352059
|move|p1a: Scizor|Swords Dance|p1a: Scizor
|-boost|p1a: Scizor|atk|2
|move|p2a: Skarmory|Roost|p2a: Skarmory
|-heal|p2a: Skarmory|100/100
|-singleturn|p2a: Skarmory|move: Roost
|
|upkeep
|turn|43
|
|t:|1659352061
|switch|p2a: Quagsire|Quagsire, F|100/100
|-damage|p2a: Quagsire|94/100|[from] Stealth Rock
|move|p1a: Scizor|Knock Off|p2a: Quagsire
|-damage|p2a: Quagsire|68/100
|-enditem|p2a: Quagsire|Leftovers|[from] move: Knock Off|[of] p1a: Scizor
|
|upkeep
|turn|44
|inactive|LT91BB damien has 120 seconds left.
|
|t:|1659352098
|switch|p1a: Cloyster|Cloyster, F|74/100
|move|p2a: Quagsire|Recover|p2a: Quagsire
|-heal|p2a: Quagsire|100/100
|
|upkeep
|turn|45
|
|t:|1659352103
|move|p1a: Cloyster|Icicle Spear|p2a: Quagsire
|-damage|p2a: Quagsire|93/100
|-damage|p2a: Quagsire|84/100
|-damage|p2a: Quagsire|76/100
|-damage|p2a: Quagsire|68/100
|-damage|p2a: Quagsire|60/100
|-hitcount|p2a: Quagsire|5
|move|p2a: Quagsire|Scald|p1a: Cloyster
|-resisted|p1a: Cloyster
|-damage|p1a: Cloyster|50/100
|
|upkeep
|turn|46
|j| Lance's Time
|
|t:|1659352108
|move|p1a: Cloyster|Icicle Spear|p2a: Quagsire
|-damage|p2a: Quagsire|52/100
|-damage|p2a: Quagsire|44/100
|-damage|p2a: Quagsire|37/100
|-damage|p2a: Quagsire|29/100
|-damage|p2a: Quagsire|21/100
|-hitcount|p2a: Quagsire|5
|move|p2a: Quagsire|Recover|p2a: Quagsire
|-heal|p2a: Quagsire|71/100
|
|upkeep
|turn|47
|
|t:|1659352110
|move|p1a: Cloyster|Icicle Spear|p2a: Quagsire
|-damage|p2a: Quagsire|63/100
|-damage|p2a: Quagsire|56/100
|-damage|p2a: Quagsire|48/100
|-damage|p2a: Quagsire|41/100
|-damage|p2a: Quagsire|33/100
|-hitcount|p2a: Quagsire|5
|move|p2a: Quagsire|Recover|p2a: Quagsire
|-heal|p2a: Quagsire|83/100
|
|upkeep
|turn|48
|
|t:|1659352112
|move|p1a: Cloyster|Icicle Spear|p2a: Quagsire
|-damage|p2a: Quagsire|75/100
|-damage|p2a: Quagsire|66/100
|-damage|p2a: Quagsire|58/100
|-damage|p2a: Quagsire|51/100
|-damage|p2a: Quagsire|43/100
|-hitcount|p2a: Quagsire|5
|move|p2a: Quagsire|Recover|p2a: Quagsire
|-heal|p2a: Quagsire|93/100
|
|upkeep
|turn|49
|
|t:|1659352114
|move|p1a: Cloyster|Icicle Spear|p2a: Quagsire
|-damage|p2a: Quagsire|85/100
|-damage|p2a: Quagsire|77/100
|-damage|p2a: Quagsire|69/100
|-damage|p2a: Quagsire|61/100
|-damage|p2a: Quagsire|53/100
|-hitcount|p2a: Quagsire|5
|move|p2a: Quagsire|Scald|p1a: Cloyster
|-resisted|p1a: Cloyster
|-damage|p1a: Cloyster|24/100
|
|upkeep
|turn|50
|
|t:|1659352120
|move|p1a: Cloyster|Icicle Spear|p2a: Quagsire
|-damage|p2a: Quagsire|45/100
|-damage|p2a: Quagsire|38/100
|-damage|p2a: Quagsire|30/100
|-damage|p2a: Quagsire|22/100
|-damage|p2a: Quagsire|14/100
|-hitcount|p2a: Quagsire|5
|move|p2a: Quagsire|Recover|p2a: Quagsire
|-heal|p2a: Quagsire|64/100
|
|upkeep
|turn|51
|
|t:|1659352122
|move|p1a: Cloyster|Icicle Spear|p2a: Quagsire
|-damage|p2a: Quagsire|56/100
|-damage|p2a: Quagsire|48/100
|-damage|p2a: Quagsire|40/100
|-damage|p2a: Quagsire|33/100
|-damage|p2a: Quagsire|25/100
|-hitcount|p2a: Quagsire|5
|move|p2a: Quagsire|Recover|p2a: Quagsire
|-heal|p2a: Quagsire|75/100
|
|upkeep
|turn|52
|
|t:|1659352125
|move|p1a: Cloyster|Icicle Spear|p2a: Quagsire
|-damage|p2a: Quagsire|67/100
|-damage|p2a: Quagsire|59/100
|-damage|p2a: Quagsire|51/100
|-damage|p2a: Quagsire|43/100
|-damage|p2a: Quagsire|35/100
|-hitcount|p2a: Quagsire|5
|move|p2a: Quagsire|Recover|p2a: Quagsire
|-heal|p2a: Quagsire|85/100
|
|upkeep
|turn|53
|
|t:|1659352130
|move|p1a: Cloyster|Icicle Spear|p2a: Quagsire
|-damage|p2a: Quagsire|77/100
|-damage|p2a: Quagsire|68/100
|-damage|p2a: Quagsire|60/100
|-damage|p2a: Quagsire|52/100
|-damage|p2a: Quagsire|44/100
|-hitcount|p2a: Quagsire|5
|move|p2a: Quagsire|Recover|p2a: Quagsire
|-heal|p2a: Quagsire|94/100
|
|upkeep
|turn|54
|j| Team ashrgg
|
|t:|1659352133
|move|p1a: Cloyster|Icicle Spear|p2a: Quagsire
|-damage|p2a: Quagsire|85/100
|-damage|p2a: Quagsire|76/100
|-damage|p2a: Quagsire|69/100
|-damage|p2a: Quagsire|61/100
|-damage|p2a: Quagsire|53/100
|-hitcount|p2a: Quagsire|5
|move|p2a: Quagsire|Scald|p1a: Cloyster
|-resisted|p1a: Cloyster
|-damage|p1a: Cloyster|0 fnt
|faint|p1a: Cloyster
|
|upkeep
|inactive|LT91BB damien has 120 seconds left.
|
|t:|1659352165
|switch|p1a: Dragapult|Dragapult, M|100/100
|-status|p1a: Dragapult|psn
|-damage|p1a: Dragapult|76/100 psn|[from] Spikes
|turn|55
|l| Birderr
|
|t:|1659352185
|move|p1a: Dragapult|Dragon Darts|p2a: Quagsire
|-damage|p2a: Quagsire|34/100
|-anim|p1a: Dragapult|Dragon Darts|p2a: Quagsire
|-damage|p2a: Quagsire|13/100
|move|p2a: Quagsire|Recover|p2a: Quagsire
|-heal|p2a: Quagsire|63/100
|
|-damage|p1a: Dragapult|63/100 psn|[from] psn
|upkeep
|turn|56
|
|t:|1659352189
|move|p1a: Dragapult|Dragon Darts|p2a: Quagsire
|-damage|p2a: Quagsire|43/100
|-anim|p1a: Dragapult|Dragon Darts|p2a: Quagsire
|-damage|p2a: Quagsire|23/100
|move|p2a: Quagsire|Recover|p2a: Quagsire
|-heal|p2a: Quagsire|73/100
|
|-damage|p1a: Dragapult|51/100 psn|[from] psn
|upkeep
|turn|57
|
|t:|1659352205
|move|p1a: Dragapult|Flamethrower|p2a: Quagsire
|-resisted|p2a: Quagsire
|-damage|p2a: Quagsire|61/100
|-status|p2a: Quagsire|brn
|move|p2a: Quagsire|Recover|p2a: Quagsire
|-heal|p2a: Quagsire|100/100 brn
|
|-damage|p1a: Dragapult|39/100 psn|[from] psn
|-damage|p2a: Quagsire|94/100 brn|[from] brn
|upkeep
|turn|58
|c|☆return nirvana|lol
|
|t:|1659352219
|switch|p2a: Cresselia|Cresselia, F|88/100
|-damage|p2a: Cresselia|76/100|[from] Stealth Rock
|move|p1a: Dragapult|Dragon Darts|p2a: Cresselia
|-damage|p2a: Cresselia|57/100
|-anim|p1a: Dragapult|Dragon Darts|p2a: Cresselia
|-damage|p2a: Cresselia|38/100
|
|-heal|p2a: Cresselia|44/100|[from] item: Leftovers
|-damage|p1a: Dragapult|26/100 psn|[from] psn
|upkeep
|turn|59
|
|t:|1659352228
|move|p1a: Dragapult|Dragon Darts|p2a: Cresselia
|-damage|p2a: Cresselia|26/100
|-anim|p1a: Dragapult|Dragon Darts|p2a: Cresselia
|-damage|p2a: Cresselia|9/100
|move|p2a: Cresselia|Moonlight|p2a: Cresselia
|-heal|p2a: Cresselia|59/100
|
|-heal|p2a: Cresselia|65/100|[from] item: Leftovers
|-damage|p1a: Dragapult|14/100 psn|[from] psn
|upkeep
|turn|60
|j| Birderr
|j| Shifty#9330
|j| Medeiaa
|l| Birderr
|l| los chamasos
|inactive|LT91BB damien has 120 seconds left.
|l| Shifty#9330
|
|t:|1659352279
|move|p1a: Dragapult|Dragon Dance|p1a: Dragapult
|-boost|p1a: Dragapult|atk|1
|-boost|p1a: Dragapult|spe|1
|move|p2a: Cresselia|Moonlight|p2a: Cresselia
|-heal|p2a: Cresselia|100/100
|
|-damage|p1a: Dragapult|2/100 psn|[from] psn
|upkeep
|turn|61
|
|t:|1659352287
|move|p2a: Cresselia|Protect|p2a: Cresselia
|-singleturn|p2a: Cresselia|Protect
|move|p1a: Dragapult|Dragon Darts|p2a: Cresselia
|-activate|p2a: Cresselia|move: Protect
|
|-damage|p1a: Dragapult|0 fnt|[from] psn
|faint|p1a: Dragapult
|upkeep
|
|t:|1659352290
|switch|p1a: Scizor|Scizor, M|100/100
|-damage|p1a: Scizor|76/100|[from] Spikes
|turn|62
|
|t:|1659352295
|switch|p2a: Quagsire|Quagsire, F|94/100 brn
|-damage|p2a: Quagsire|88/100 brn|[from] Stealth Rock
|move|p1a: Scizor|Swords Dance|p1a: Scizor
|-boost|p1a: Scizor|atk|2
|
|-heal|p1a: Scizor|82/100|[from] item: Leftovers
|-damage|p2a: Quagsire|82/100 brn|[from] brn
|upkeep
|turn|63
|inactive|LT91BB damien has 120 seconds left.
|
|t:|1659352312
|move|p1a: Scizor|Psycho Cut|p2a: Quagsire
|-damage|p2a: Quagsire|61/100 brn
|move|p2a: Quagsire|Scald|p1a: Scizor
|-damage|p1a: Scizor|58/100
|
|-heal|p1a: Scizor|64/100|[from] item: Leftovers
|-damage|p2a: Quagsire|55/100 brn|[from] brn
|upkeep
|turn|64
|
|t:|1659352324
|move|p1a: Scizor|Psycho Cut|p2a: Quagsire
|-damage|p2a: Quagsire|33/100 brn
|move|p2a: Quagsire|Recover|p2a: Quagsire
|-heal|p2a: Quagsire|83/100 brn
|
|-heal|p1a: Scizor|70/100|[from] item: Leftovers
|-damage|p2a: Quagsire|77/100 brn|[from] brn
|upkeep
|turn|65
|
|t:|1659352330
|switch|p1a: Garchomp|Garchomp, F|100/100
|-status|p1a: Garchomp|psn
|-damage|p1a: Garchomp|76/100 psn|[from] Spikes
|move|p2a: Quagsire|Scald|p1a: Garchomp
|-damage|p1a: Garchomp|55/100 psn
|
|-heal|p1a: Garchomp|61/100 psn|[from] item: Leftovers
|-damage|p1a: Garchomp|48/100 psn|[from] psn
|-damage|p2a: Quagsire|71/100 brn|[from] brn
|upkeep
|turn|66
|inactive|LT91BB damien has 120 seconds left.
|
|t:|1659352351
|switch|p2a: Skarmory|Skarmory, F|100/100
|-damage|p2a: Skarmory|88/100|[from] Stealth Rock
|move|p1a: Garchomp|Swords Dance|p1a: Garchomp
|-boost|p1a: Garchomp|atk|2
|
|-heal|p1a: Garchomp|55/100 psn|[from] item: Leftovers
|-damage|p1a: Garchomp|42/100 psn|[from] psn
|upkeep
|turn|67
|
|t:|1659352365
|move|p1a: Garchomp|Swords Dance|p1a: Garchomp
|-boost|p1a: Garchomp|atk|2
|move|p2a: Skarmory|Roost|p2a: Skarmory
|-heal|p2a: Skarmory|100/100
|-singleturn|p2a: Skarmory|move: Roost
|
|-heal|p1a: Garchomp|48/100 psn|[from] item: Leftovers
|-damage|p1a: Garchomp|36/100 psn|[from] psn
|upkeep
|turn|68
|inactive|LT91BB damien has 120 seconds left.
|
|t:|1659352391
|move|p1a: Garchomp|Aqua Tail|p2a: Skarmory
|-damage|p2a: Skarmory|46/100
|move|p2a: Skarmory|Body Press|p1a: Garchomp
|-crit|p1a: Garchomp
|-damage|p1a: Garchomp|0 fnt
|-damage|p2a: Skarmory|34/100|[from] ability: Rough Skin|[of] p1a: Garchomp
|faint|p1a: Garchomp
|
|upkeep
|
|t:|1659352394
|switch|p1a: Scizor|Scizor, M|70/100
|-damage|p1a: Scizor|45/100|[from] Spikes
|turn|69
|
|t:|1659352398
|move|p1a: Scizor|Swords Dance|p1a: Scizor
|-boost|p1a: Scizor|atk|2
|move|p2a: Skarmory|Roost|p2a: Skarmory
|-heal|p2a: Skarmory|84/100
|-singleturn|p2a: Skarmory|move: Roost
|
|-heal|p1a: Scizor|51/100|[from] item: Leftovers
|upkeep
|turn|70
|
|t:|1659352403
|move|p1a: Scizor|Swords Dance|p1a: Scizor
|-boost|p1a: Scizor|atk|2
|move|p2a: Skarmory|Body Press|p1a: Scizor
|-damage|p1a: Scizor|12/100
|
|-heal|p1a: Scizor|18/100|[from] item: Leftovers
|upkeep
|turn|71
|
|t:|1659352406
|move|p1a: Scizor|Knock Off|p2a: Skarmory
|-damage|p2a: Skarmory|37/100
|move|p2a: Skarmory|Body Press|p1a: Scizor
|-damage|p1a: Scizor|0 fnt
|faint|p1a: Scizor
|
|win|return nirvana
|raw|LT91BB damien's rating: 1884 &rarr; <strong>1869</strong><br />(-15 for losing)
|raw|return nirvana's rating: 1980 &rarr; <strong>1995</strong><br />(+15 for winning)
|l|☆LT91BB damien
|l| ripreckful
|l| LT91BB Storm
|l| Medeiaa
||Ladder isn't responding, score probably updated but might not have (Request timeout).
