|j|☆return nirvana
|j|☆Mepe Murp
|inactive|Battle timer is ON: inactive players will automatically lose when time's up.
|t:|1657550704
|gametype|singles
|player|p1|return nirvana|gambler-gen1|
|player|p2|Mepe Murp|preschooler|
|teamsize|p1|6
|teamsize|p2|6
|gen|8
|tier|[Gen 8] OU
|rated|Tournament battle
|rule|Sleep Clause Mod: Limit one foe put to sleep
|rule|OHKO Clause: OHKO moves are banned
|rule|Evasion Moves Clause: Evasion moves are banned
|rule|Endless Battle Clause: Forcing endless battles is banned
|rule|HP Percentage Mod: HP is shown in percentages
|rule|Dynamax Clause: You cannot dynamax
|clearpoke
|poke|p1|Crustle, M|
|poke|p1|Volcarona, M|
|poke|p1|Buzzwole|
|poke|p1|Scizor, M|
|poke|p1|Ninjask, F|
|poke|p1|Araquanid, F|
|poke|p2|Volcarona, F|
|poke|p2|Armaldo, F|
|poke|p2|Scizor, M|
|poke|p2|Galvantula, M|
|poke|p2|Heracross, M|
|poke|p2|Buzzwole|
|teampreview
|j| Shiox
|c|☆return nirvana|hf
|
|t:|1657550709
|start
|switch|p1a: Crustle|Crustle, M|100/100
|switch|p2a: Galvantula|Galvantula, M|100/100
|turn|1
|c|☆Mepe Murp|hf
|j|@Mimikyu Stardust
|
|t:|1657550713
|move|p2a: Galvantula|Thunder Wave|p1a: Crustle
|-status|p1a: Crustle|par
|move|p1a: Crustle|Stealth Rock|p2a: Galvantula
|-sidestart|p2: Mepe Murp|move: Stealth Rock
|
|upkeep
|turn|2
|j|%ian_yo
|
|t:|1657550721
|move|p2a: Galvantula|Thunder|p1a: Crustle
|-damage|p1a: Crustle|24/100 par
|move|p1a: Crustle|Spikes|p2a: Galvantula
|-sidestart|p2: Mepe Murp|Spikes
|
|upkeep
|turn|3
|j| kyoluv
|
|t:|1657550726
|move|p2a: Galvantula|Thunder|p1a: Crustle
|-damage|p1a: Crustle|0 fnt
|faint|p1a: Crustle
|
|upkeep
|
|t:|1657550733
|switch|p1a: Ninjask|Ninjask, F|100/100
|turn|4
|
|t:|1657550736
|move|p1a: Ninjask|U-turn|p2a: Galvantula
|-damage|p2a: Galvantula|49/100
|
|t:|1657550744
|switch|p1a: Araquanid|Araquanid, F|100/100|[from]move: U-turn
|move|p2a: Galvantula|Thunder|p1a: Araquanid
|-supereffective|p1a: Araquanid
|-damage|p1a: Araquanid|11/100
|-status|p1a: Araquanid|par
|
|upkeep
|turn|5
|
|t:|1657550751
|move|p2a: Galvantula|Thunder|p1a: Araquanid
|-supereffective|p1a: Araquanid
|-damage|p1a: Araquanid|0 fnt
|faint|p1a: Araquanid
|
|upkeep
|
|t:|1657550753
|switch|p1a: Ninjask|Ninjask, F|100/100
|turn|6
|j| Zen860
|
|t:|1657550756
|move|p1a: Ninjask|Acrobatics|p2a: Galvantula
|-damage|p2a: Galvantula|0 fnt
|faint|p2a: Galvantula
|
|-ability|p1a: Ninjask|Speed Boost|boost
|-boost|p1a: Ninjask|spe|1
|upkeep
|
|t:|1657550760
|switch|p2a: Armaldo|Armaldo, F|100/100
|turn|7
|
|t:|1657550765
|move|p1a: Ninjask|U-turn|p2a: Armaldo
|-damage|p2a: Armaldo|75/100
|
|t:|1657550769
|switch|p1a: Buzzwole|Buzzwole|100/100|[from]move: U-turn
|move|p2a: Armaldo|Rapid Spin|p1a: Buzzwole
|-damage|p1a: Buzzwole|86/100
|-boost|p2a: Armaldo|spe|1
|-sideend|p2: Mepe Murp|Spikes|[from] move: Rapid Spin|[of] p2a: Armaldo
|-sideend|p2: Mepe Murp|Stealth Rock|[from] move: Rapid Spin|[of] p2a: Armaldo
|
|upkeep
|turn|8
|
|t:|1657550781
|switch|p2a: Volcarona|Volcarona, F|100/100
|move|p1a: Buzzwole|Dynamic Punch|p2a: Volcarona|[miss]
|-miss|p1a: Buzzwole|p2a: Volcarona
|-enditem|p1a: Buzzwole|Blunder Policy
|-boost|p1a: Buzzwole|spe|2
|
|upkeep
|turn|9
|c|%ian_yo|return nirvana ninjask might need to be in ur next cracked team
|
|t:|1657550790
|move|p1a: Buzzwole|Dual Wingbeat|p2a: Volcarona
|-supereffective|p2a: Volcarona
|-damage|p2a: Volcarona|75/100
|-supereffective|p2a: Volcarona
|-damage|p2a: Volcarona|50/100
|-hitcount|p2a: Volcarona|2
|move|p2a: Volcarona|Fiery Dance|p1a: Buzzwole
|-supereffective|p1a: Buzzwole
|-damage|p1a: Buzzwole|0 fnt
|-boost|p2a: Volcarona|spa|1
|faint|p1a: Buzzwole
|
|upkeep
|
|t:|1657550795
|switch|p1a: Ninjask|Ninjask, F|100/100
|turn|10
|c|☆return nirvana|lool maybe
|c|☆return nirvana|ninjask zone
|c|☆return nirvana|broken core.
|
|t:|1657550806
|switch|p2a: Scizor|Scizor, M|100/100
|move|p1a: Ninjask|Acrobatics|p2a: Scizor
|-damage|p2a: Scizor|56/100
|
|-ability|p1a: Ninjask|Speed Boost|boost
|-boost|p1a: Ninjask|spe|1
|upkeep
|turn|11
|
|t:|1657550813
|move|p1a: Ninjask|U-turn|p2a: Scizor
|-resisted|p2a: Scizor
|-damage|p2a: Scizor|42/100
|
|t:|1657550815
|switch|p1a: Volcarona|Volcarona, M|100/100|[from]move: U-turn
|move|p2a: Scizor|Dual Wingbeat|p1a: Volcarona
|-supereffective|p1a: Volcarona
|-crit|p1a: Volcarona
|-damage|p1a: Volcarona|0 fnt
|faint|p1a: Volcarona
|-hitcount|p1: Volcarona|1
|
|upkeep
|
|t:|1657550827
|switch|p1a: Ninjask|Ninjask, F|100/100
|turn|12
|j| Ka1xo
|
|t:|1657550833
|switch|p2a: Heracross|Heracross, M|100/100
|move|p1a: Ninjask|Acrobatics|p2a: Heracross
|-supereffective|p2a: Heracross
|-damage|p2a: Heracross|0 fnt
|faint|p2a: Heracross
|
|-ability|p1a: Ninjask|Speed Boost|boost
|-boost|p1a: Ninjask|spe|1
|upkeep
|j| CALL THE CREW
|
|t:|1657550839
|switch|p2a: Scizor|Scizor, M|42/100
|turn|13
|
|t:|1657550842
|move|p1a: Ninjask|Protect|p1a: Ninjask
|-singleturn|p1a: Ninjask|Protect
|move|p2a: Scizor|Bullet Punch|p1a: Ninjask
|-activate|p1a: Ninjask|move: Protect
|
|-ability|p1a: Ninjask|Speed Boost|boost
|-boost|p1a: Ninjask|spe|1
|upkeep
|turn|14
|
|t:|1657550844
|move|p2a: Scizor|Bullet Punch|p1a: Ninjask
|-damage|p1a: Ninjask|0 fnt
|faint|p1a: Ninjask
|
|upkeep
|
|t:|1657550846
|switch|p1a: Scizor|Scizor, M|100/100
|turn|15
|
|t:|1657550852
|switch|p2a: Armaldo|Armaldo, F|75/100
|move|p1a: Scizor|Agility|p1a: Scizor
|-boost|p1a: Scizor|spe|2
|
|upkeep
|turn|16
|
|t:|1657550857
|move|p1a: Scizor|Swords Dance|p1a: Scizor
|-boost|p1a: Scizor|atk|2
|move|p2a: Armaldo|Stone Edge|p1a: Scizor
|-crit|p1a: Scizor
|-damage|p1a: Scizor|4/100
|
|upkeep
|turn|17
|
|t:|1657550862
|move|p1a: Scizor|Bullet Punch|p2a: Armaldo
|-supereffective|p2a: Armaldo
|-damage|p2a: Armaldo|0 fnt
|faint|p2a: Armaldo
|
|upkeep
|
|t:|1657550866
|switch|p2a: Scizor|Scizor, M|42/100
|turn|18
|
|t:|1657550869
|move|p1a: Scizor|Bullet Punch|p2a: Scizor
|-resisted|p2a: Scizor
|-damage|p2a: Scizor|10/100
|move|p2a: Scizor|Bullet Punch|p1a: Scizor
|-resisted|p1a: Scizor
|-damage|p1a: Scizor|0 fnt
|faint|p1a: Scizor
|
|win|Mepe Murp
|n|☆return nirvana|returnnirvana
|n|☆Mepe Murp|mepemurp
|n| Shiox|shiox
|n| Mimikyu Stardust|mimikyustardust
|n| ian_yo|ianyo
|n| kyoluv|kyoluv
|n| Zen860|zen860
|n| Ka1xo|ka1xo
|n| CALL THE CREW|callthecrew
