|j|☆PQPP214
|j|☆ApOcalpse17
|t:|1645534386
|gametype|singles
|player|p1|PQPP214|265|1424
|player|p2|ApOcalpse17|169|1389
|teamsize|p1|6
|teamsize|p2|6
|gen|8
|tier|[Gen 8] OU
|rated|
|rule|Sleep Clause Mod: Limit one foe put to sleep
|rule|Species Clause: Limit one of each Pokémon
|rule|OHKO Clause: OHKO moves are banned
|rule|Evasion Moves Clause: Evasion moves are banned
|rule|Endless Battle Clause: Forcing endless battles is banned
|rule|HP Percentage Mod: HP is shown in percentages
|rule|Dynamax Clause: You cannot dynamax
|clearpoke
|poke|p1|Landorus-Therian, M|
|poke|p1|Tornadus-Therian, M|
|poke|p1|Zeraora|
|poke|p1|Zapdos-Galar|
|poke|p1|Jirachi|
|poke|p1|Toxapex, M|
|poke|p2|Pelipper, F|
|poke|p2|Ferrothorn, M|
|poke|p2|Zapdos|
|poke|p2|Barraskewda, M|
|poke|p2|Seismitoad, M|
|poke|p2|Moltres-Galar|
|teampreview
|inactive|Battle timer is ON: inactive players will automatically lose when time's up. (requested by PQPP214)
|
|t:|1645534397
|start
|switch|p1a: Zeraora|Zeraora, shiny|100/100
|switch|p2a: Pelipper|Pelipper, F|100/100
|-weather|RainDance|[from] ability: Drizzle|[of] p2a: Pelipper
|turn|1
|
|t:|1645534404
|switch|p2a: Seismitoad|Seismitoad, M|100/100
|move|p1a: Zeraora|Knock Off|p2a: Seismitoad
|-crit|p2a: Seismitoad
|-damage|p2a: Seismitoad|40/100
|-enditem|p2a: Seismitoad|Life Orb|[from] move: Knock Off|[of] p1a: Zeraora
|
|-weather|RainDance|[upkeep]
|upkeep
|turn|2
|
|t:|1645534414
|switch|p1a: Tornadus|Tornadus-Therian, M, shiny|100/100
|move|p2a: Seismitoad|Earth Power|p1a: Tornadus
|-immune|p1a: Tornadus
|
|-weather|RainDance|[upkeep]
|upkeep
|turn|3
|
|t:|1645534423
|move|p2a: Seismitoad|Stealth Rock|p1a: Tornadus
|-sidestart|p1: PQPP214|move: Stealth Rock
|move|p1a: Tornadus|Hurricane|p2a: Seismitoad
|-damage|p2a: Seismitoad|0 fnt
|faint|p2a: Seismitoad
|
|-weather|RainDance|[upkeep]
|upkeep
|
|t:|1645534430
|switch|p2a: Barraskewda|Barraskewda, M|100/100
|turn|4
|
|t:|1645534435
|switch|p1a: Toxapex|Toxapex, M, shiny|100/100
|-damage|p1a: Toxapex|88/100|[from] Stealth Rock
|move|p2a: Barraskewda|Flip Turn|p1a: Toxapex
|-resisted|p1a: Toxapex
|-damage|p1a: Toxapex|67/100
|-damage|p2a: Barraskewda|84/100|[from] item: Rocky Helmet|[of] p1a: Toxapex
|
|t:|1645534445
|switch|p2a: Zapdos|Zapdos|100/100|[from]move: Flip Turn
|
|-weather|RainDance|[upkeep]
|upkeep
|turn|5
|
|t:|1645534456
|switch|p1a: Jirachi|Jirachi, shiny|100/100
|-damage|p1a: Jirachi|94/100|[from] Stealth Rock
|move|p2a: Zapdos|Weather Ball|p1a: Jirachi
|-damage|p1a: Jirachi|63/100
|
|-weather|RainDance|[upkeep]
|-heal|p1a: Jirachi|69/100|[from] item: Leftovers
|upkeep
|turn|6
|
|t:|1645534470
|switch|p2a: Ferrothorn|Ferrothorn, M|100/100
|move|p1a: Jirachi|Stealth Rock|p2a: Ferrothorn
|-sidestart|p2: ApOcalpse17|move: Stealth Rock
|
|-weather|RainDance|[upkeep]
|-heal|p1a: Jirachi|75/100|[from] item: Leftovers
|upkeep
|turn|7
|
|t:|1645534477
|switch|p1a: Zapdos|Zapdos-Galar|100/100
|-damage|p1a: Zapdos|88/100|[from] Stealth Rock
|move|p2a: Ferrothorn|Leech Seed|p1a: Zapdos
|-start|p1a: Zapdos|move: Leech Seed
|
|-weather|RainDance|[upkeep]
|-damage|p1a: Zapdos|76/100|[from] Leech Seed|[of] p2a: Ferrothorn
|upkeep
|turn|8
|
|t:|1645534485
|switch|p2a: Zapdos|Zapdos|100/100
|move|p1a: Zapdos|Close Combat|p2a: Zapdos
|-resisted|p2a: Zapdos
|-damage|p2a: Zapdos|41/100
|-unboost|p1a: Zapdos|def|1
|-unboost|p1a: Zapdos|spd|1
|
|-weather|none
|-damage|p1a: Zapdos|63/100|[from] Leech Seed|[of] p2a: Zapdos
|-heal|p2a: Zapdos|53/100|[silent]
|upkeep
|turn|9
|
|t:|1645534499
|switch|p2a: Pelipper|Pelipper, F|100/100
|-damage|p2a: Pelipper|76/100|[from] Stealth Rock
|-weather|RainDance|[from] ability: Drizzle|[of] p2a: Pelipper
|move|p1a: Zapdos|Close Combat|p2a: Pelipper
|-resisted|p2a: Pelipper
|-damage|p2a: Pelipper|40/100
|-unboost|p1a: Zapdos|def|1
|-unboost|p1a: Zapdos|spd|1
|
|-weather|RainDance|[upkeep]
|-damage|p1a: Zapdos|51/100|[from] Leech Seed|[of] p2a: Pelipper
|-heal|p2a: Pelipper|53/100|[silent]
|upkeep
|turn|10
|
|t:|1645534511
|switch|p1a: Toxapex|Toxapex, M, shiny|100/100
|-damage|p1a: Toxapex|88/100|[from] Stealth Rock
|move|p2a: Pelipper|U-turn|p1a: Toxapex
|-resisted|p1a: Toxapex
|-damage|p1a: Toxapex|86/100
|-damage|p2a: Pelipper|36/100|[from] item: Rocky Helmet|[of] p1a: Toxapex
|
|t:|1645534523
|switch|p2a: Zapdos|Zapdos|53/100|[from]move: U-turn
|
|-weather|RainDance|[upkeep]
|upkeep
|turn|11
|
|t:|1645534529
|move|p2a: Zapdos|Roost|p2a: Zapdos
|-heal|p2a: Zapdos|100/100
|-singleturn|p2a: Zapdos|move: Roost
|move|p1a: Toxapex|Knock Off|p2a: Zapdos
|-damage|p2a: Zapdos|81/100
|-enditem|p2a: Zapdos|Heavy-Duty Boots|[from] move: Knock Off|[of] p1a: Toxapex
|
|-weather|RainDance|[upkeep]
|upkeep
|turn|12
|
|t:|1645534542
|switch|p2a: Ferrothorn|Ferrothorn, M|100/100
|-damage|p2a: Ferrothorn|94/100|[from] Stealth Rock
|move|p1a: Toxapex|Scald|p2a: Ferrothorn
|-resisted|p2a: Ferrothorn
|-damage|p2a: Ferrothorn|86/100
|
|-weather|RainDance|[upkeep]
|-heal|p2a: Ferrothorn|93/100|[from] item: Leftovers
|upkeep
|turn|13
|
|t:|1645534551
|switch|p1a: Zapdos|Zapdos-Galar|51/100
|-damage|p1a: Zapdos|38/100|[from] Stealth Rock
|move|p2a: Ferrothorn|Spikes|p1a: Zapdos
|-sidestart|p1: PQPP214|Spikes
|
|-weather|RainDance|[upkeep]
|-heal|p2a: Ferrothorn|99/100|[from] item: Leftovers
|upkeep
|turn|14
|
|t:|1645534568
|switch|p2a: Moltres|Moltres-Galar|100/100
|move|p1a: Zapdos|Close Combat|p2a: Moltres
|-damage|p2a: Moltres|0 fnt
|-unboost|p1a: Zapdos|def|1
|-unboost|p1a: Zapdos|spd|1
|faint|p2a: Moltres
|
|-weather|RainDance|[upkeep]
|upkeep
|
|t:|1645534579
|switch|p2a: Barraskewda|Barraskewda, M|84/100
|-damage|p2a: Barraskewda|72/100|[from] Stealth Rock
|turn|15
|
|t:|1645534583
|switch|p1a: Toxapex|Toxapex, M, shiny|100/100
|-damage|p1a: Toxapex|88/100|[from] Stealth Rock
|-damage|p1a: Toxapex|76/100|[from] Spikes
|move|p2a: Barraskewda|Flip Turn|p1a: Toxapex
|-resisted|p1a: Toxapex
|-damage|p1a: Toxapex|55/100
|-damage|p2a: Barraskewda|56/100|[from] item: Rocky Helmet|[of] p1a: Toxapex
|
|t:|1645534593
|switch|p2a: Zapdos|Zapdos|81/100|[from]move: Flip Turn
|-damage|p2a: Zapdos|57/100|[from] Stealth Rock
|
|-weather|RainDance|[upkeep]
|upkeep
|turn|16
|
|t:|1645534601
|switch|p1a: Jirachi|Jirachi, shiny|75/100
|-damage|p1a: Jirachi|69/100|[from] Stealth Rock
|-damage|p1a: Jirachi|57/100|[from] Spikes
|move|p2a: Zapdos|Hurricane|p1a: Jirachi
|-resisted|p1a: Jirachi
|-damage|p1a: Jirachi|39/100
|
|-weather|none
|-heal|p1a: Jirachi|45/100|[from] item: Leftovers
|upkeep
|turn|17
|-message|ApOcalpse17 forfeited.
|
|win|PQPP214
|raw|PQPP214's rating: 1424 &rarr; <strong>1442</strong><br />(+18 for winning)
|raw|ApOcalpse17's rating: 1389 &rarr; <strong>1371</strong><br />(-18 for losing)
|l|☆ApOcalpse17
