|raw|<div class="broadcast-blue"><strong>This battle is required to be public due to a player having a name starting with 'lt81yl'.</div>
|j|☆kazt 5
|j|☆LT81YLtor
|t:|1625621307
|gametype|singles
|player|p1|kazt 5|dawn|1466
|player|p2|LT81YLtor|#finchinator|1576
|teamsize|p1|6
|teamsize|p2|6
|gen|8
|tier|[Gen 8] OU
|rated|
|rule|Sleep Clause Mod: Limit one foe put to sleep
|rule|Species Clause: Limit one of each Pokémon
|rule|OHKO Clause: OHKO moves are banned
|rule|Evasion Moves Clause: Evasion moves are banned
|rule|Endless Battle Clause: Forcing endless battles is banned
|rule|HP Percentage Mod: HP is shown in percentages
|rule|Dynamax Clause: You cannot dynamax
|clearpoke
|poke|p1|Rillaboom, F|
|poke|p1|Scizor, F|
|poke|p1|Garchomp, M|
|poke|p1|Blissey, F|
|poke|p1|Corviknight, M|
|poke|p1|Tapu Koko|
|poke|p2|Torkoal, M|
|poke|p2|Venusaur, F|
|poke|p2|Heatran, M|
|poke|p2|Landorus-Therian, M|
|poke|p2|Melmetal|
|poke|p2|Blaziken, F|
|teampreview
|inactive|Battle timer is ON: inactive players will automatically lose when time's up. (requested by LT81YLtor)
|
|t:|1625621317
|start
|switch|p1a: Garchomp|Garchomp, M|100/100
|switch|p2a: Landorus|Landorus-Therian, M|100/100
|-ability|p2a: Landorus|Intimidate|boost
|-unboost|p1a: Garchomp|atk|1
|turn|1
|
|t:|1625621322
|move|p2a: Landorus|Earthquake|p1a: Garchomp
|-damage|p1a: Garchomp|73/100
|move|p1a: Garchomp|Stealth Rock|p2a: Landorus
|-sidestart|p2: LT81YLtor|move: Stealth Rock
|
|upkeep
|turn|2
|
|t:|1625621330
|switch|p1a: Rillaboom|Rillaboom, F|100/100
|-fieldstart|move: Grassy Terrain|[from] ability: Grassy Surge|[of] p1a: Rillaboom
|move|p2a: Landorus|Knock Off|p1a: Rillaboom
|-damage|p1a: Rillaboom|67/100
|-enditem|p1a: Rillaboom|Choice Band|[from] move: Knock Off|[of] p2a: Landorus
|
|-heal|p1a: Rillaboom|73/100|[from] Grassy Terrain
|upkeep
|turn|3
|
|t:|1625621334
|move|p2a: Landorus|Defog|p1a: Rillaboom
|-unboost|p1a: Rillaboom|evasion|1
|-sideend|p2: LT81YLtor|Stealth Rock|[from] move: Defog|[of] p2a: Landorus
|-fieldend|move: Grassy Terrain
|move|p1a: Rillaboom|Wood Hammer|p2a: Landorus
|-damage|p2a: Landorus|30/100
|-damage|p1a: Rillaboom|48/100|[from] Recoil
|
|-heal|p2a: Landorus|36/100|[from] item: Leftovers
|upkeep
|turn|4
|
|t:|1625621344
|switch|p1a: Garchomp|Garchomp, M|73/100
|move|p2a: Landorus|Earthquake|p1a: Garchomp
|-damage|p1a: Garchomp|45/100
|
|-heal|p2a: Landorus|42/100|[from] item: Leftovers
|upkeep
|turn|5
|
|t:|1625621352
|switch|p1a: Rillaboom|Rillaboom, F|48/100
|-fieldstart|move: Grassy Terrain|[from] ability: Grassy Surge|[of] p1a: Rillaboom
|move|p2a: Landorus|Earthquake|p1a: Rillaboom
|-resisted|p1a: Rillaboom
|-damage|p1a: Rillaboom|36/100
|
|-heal|p2a: Landorus|49/100|[from] item: Leftovers
|-heal|p1a: Rillaboom|42/100|[from] Grassy Terrain
|upkeep
|turn|6
|
|t:|1625621358
|switch|p2a: Torkoal|Torkoal, M|100/100
|-weather|SunnyDay|[from] ability: Drought|[of] p2a: Torkoal
|move|p1a: Rillaboom|Grassy Glide|p2a: Torkoal
|-resisted|p2a: Torkoal
|-damage|p2a: Torkoal|86/100
|
|-weather|SunnyDay|[upkeep]
|-heal|p1a: Rillaboom|48/100|[from] Grassy Terrain
|-heal|p2a: Torkoal|92/100|[from] Grassy Terrain
|upkeep
|turn|7
|
|t:|1625621361
|move|p1a: Rillaboom|U-turn|p2a: Torkoal
|-resisted|p2a: Torkoal
|-damage|p2a: Torkoal|85/100
|
|t:|1625621363
|switch|p1a: Garchomp|Garchomp, M|45/100|[from]move: U-turn
|move|p2a: Torkoal|Lava Plume|p1a: Garchomp
|-resisted|p1a: Garchomp
|-damage|p1a: Garchomp|27/100
|
|-weather|SunnyDay|[upkeep]
|-heal|p1a: Garchomp|33/100|[from] Grassy Terrain
|-heal|p2a: Torkoal|91/100|[from] Grassy Terrain
|upkeep
|turn|8
|
|t:|1625621369
|move|p1a: Garchomp|Stealth Rock|p2a: Torkoal
|-sidestart|p2: LT81YLtor|move: Stealth Rock
|move|p2a: Torkoal|Lava Plume|p1a: Garchomp
|-resisted|p1a: Garchomp
|-damage|p1a: Garchomp|14/100
|
|-weather|SunnyDay|[upkeep]
|-heal|p1a: Garchomp|20/100|[from] Grassy Terrain
|-heal|p2a: Torkoal|97/100|[from] Grassy Terrain
|upkeep
|turn|9
|
|t:|1625621373
|move|p1a: Garchomp|Stomping Tantrum|p2a: Torkoal
|-supereffective|p2a: Torkoal
|-damage|p2a: Torkoal|62/100
|move|p2a: Torkoal|Lava Plume|p1a: Garchomp
|-resisted|p1a: Garchomp
|-damage|p1a: Garchomp|0 fnt
|faint|p1a: Garchomp
|
|-weather|SunnyDay|[upkeep]
|-heal|p2a: Torkoal|68/100|[from] Grassy Terrain
|-fieldend|move: Grassy Terrain
|upkeep
|
|t:|1625621383
|switch|p1a: Tapu Koko|Tapu Koko|100/100
|-fieldstart|move: Electric Terrain|[from] ability: Electric Surge|[of] p1a: Tapu Koko
|turn|10
|
|t:|1625621388
|move|p1a: Tapu Koko|Dazzling Gleam|p2a: Torkoal
|-resisted|p2a: Torkoal
|-damage|p2a: Torkoal|45/100
|move|p2a: Torkoal|Rapid Spin|p1a: Tapu Koko
|-damage|p1a: Tapu Koko|88/100
|-boost|p2a: Torkoal|spe|1
|-sideend|p2: LT81YLtor|Stealth Rock|[from] move: Rapid Spin|[of] p2a: Torkoal
|
|-weather|SunnyDay|[upkeep]
|upkeep
|turn|11
|
|t:|1625621392
|switch|p2a: Landorus|Landorus-Therian, M|49/100
|-ability|p2a: Landorus|Intimidate|boost
|-unboost|p1a: Tapu Koko|atk|1
|move|p1a: Tapu Koko|Thunderbolt|p2a: Landorus
|-immune|p2a: Landorus
|
|-weather|SunnyDay|[upkeep]
|-heal|p2a: Landorus|55/100|[from] item: Leftovers
|upkeep
|turn|12
|
|t:|1625621395
|move|p1a: Tapu Koko|Dazzling Gleam|p2a: Landorus
|-damage|p2a: Landorus|19/100
|move|p2a: Landorus|U-turn|p1a: Tapu Koko
|-resisted|p1a: Tapu Koko
|-damage|p1a: Tapu Koko|72/100
|
|t:|1625621398
|switch|p2a: Venusaur|Venusaur, F|100/100|[from]move: U-turn
|
|-weather|SunnyDay|[upkeep]
|upkeep
|turn|13
|
|t:|1625621402
|switch|p1a: Blissey|Blissey, F|100/100
|move|p2a: Venusaur|Growth|p2a: Venusaur
|-boost|p2a: Venusaur|atk|2
|-boost|p2a: Venusaur|spa|2
|
|-weather|none
|upkeep
|turn|14
|
|t:|1625621407
|move|p2a: Venusaur|Giga Drain|p1a: Blissey
|-damage|p1a: Blissey|68/100
|-damage|p2a: Venusaur|91/100|[from] item: Life Orb
|move|p1a: Blissey|Seismic Toss|p2a: Venusaur
|-damage|p2a: Venusaur|57/100
|
|-fieldend|move: Electric Terrain
|upkeep
|turn|15
|
|t:|1625621411
|move|p2a: Venusaur|Giga Drain|p1a: Blissey
|-damage|p1a: Blissey|36/100
|-heal|p2a: Venusaur|96/100|[from] drain|[of] p1a: Blissey
|-damage|p2a: Venusaur|86/100|[from] item: Life Orb
|move|p1a: Blissey|Soft-Boiled|p1a: Blissey
|-heal|p1a: Blissey|86/100
|
|upkeep
|turn|16
|
|t:|1625621417
|switch|p2a: Torkoal|Torkoal, M|45/100
|-weather|SunnyDay|[from] ability: Drought|[of] p2a: Torkoal
|switch|p1a: Corviknight|Corviknight, M|100/100
|-ability|p1a: Corviknight|Pressure
|
|-weather|SunnyDay|[upkeep]
|upkeep
|turn|17
|
|t:|1625621420
|move|p1a: Corviknight|U-turn|p2a: Torkoal
|-resisted|p2a: Torkoal
|-crit|p2a: Torkoal
|-damage|p2a: Torkoal|40/100
|
|t:|1625621425
|switch|p1a: Blissey|Blissey, F|86/100|[from]move: U-turn
|move|p2a: Torkoal|Stealth Rock|p1a: Blissey
|-sidestart|p1: kazt 5|move: Stealth Rock
|
|-weather|SunnyDay|[upkeep]
|upkeep
|turn|18
|
|t:|1625621438
|switch|p2a: Blaziken|Blaziken, F|100/100
|move|p1a: Blissey|Seismic Toss|p2a: Blaziken
|-damage|p2a: Blaziken|67/100
|
|-weather|SunnyDay|[upkeep]
|upkeep
|turn|19
|
|t:|1625621443
|move|p2a: Blaziken|Close Combat|p1a: Blissey
|-supereffective|p1a: Blissey
|-damage|p1a: Blissey|0 fnt
|-unboost|p2a: Blaziken|def|1
|-unboost|p2a: Blaziken|spd|1
|faint|p1a: Blissey
|-damage|p2a: Blaziken|57/100|[from] item: Life Orb
|
|-weather|SunnyDay|[upkeep]
|-ability|p2a: Blaziken|Speed Boost|boost
|-boost|p2a: Blaziken|spe|1
|upkeep
|-message|kazt 5 forfeited.
|
|win|LT81YLtor
|raw|kazt 5's rating: 1466 &rarr; <strong>1452</strong><br />(-14 for losing)
|raw|LT81YLtor's rating: 1576 &rarr; <strong>1590</strong><br />(+14 for winning)
|l|☆kazt 5
