|j|☆chibachikage
|j|☆Arthaban1376
|t:|1655907288
|gametype|singles
|player|p1|chibachikage|cynthia|1356
|player|p2|Arthaban1376|blue|1363
|teamsize|p1|6
|teamsize|p2|6
|gen|8
|tier|[Gen 8] OU
|rated|
|rule|Sleep Clause Mod: Limit one foe put to sleep
|rule|Species Clause: Limit one of each Pokémon
|rule|OHKO Clause: OHKO moves are banned
|rule|Evasion Moves Clause: Evasion moves are banned
|rule|Endless Battle Clause: Forcing endless battles is banned
|rule|HP Percentage Mod: HP is shown in percentages
|rule|Dynamax Clause: You cannot dynamax
|clearpoke
|poke|p1|Landorus-Therian, M|
|poke|p1|Volcanion|
|poke|p1|Pelipper, M|
|poke|p1|Barraskewda, F|
|poke|p1|Slowking-Galar, F|
|poke|p1|Ferrothorn, F|
|poke|p2|Victini|
|poke|p2|Bisharp, M|
|poke|p2|Slowking-Galar, M|
|poke|p2|Melmetal|
|poke|p2|Mew|
|poke|p2|Buzzwole|
|teampreview
|inactive|Battle timer is ON: inactive players will automatically lose when time's up. (requested by Arthaban1376)
|
|t:|1655907295
|start
|switch|p1a: Pelipper|Pelipper, M|100/100
|switch|p2a: Mew|Mew|100/100
|-weather|RainDance|[from] ability: Drizzle|[of] p1a: Pelipper
|turn|1
|
|t:|1655907302
|move|p2a: Mew|Stealth Rock|p1a: Pelipper
|-sidestart|p1: chibachikage|move: Stealth Rock
|move|p1a: Pelipper|U-turn|p2a: Mew
|-supereffective|p2a: Mew
|-damage|p2a: Mew|87/100
|
|t:|1655907305
|switch|p1a: Landorus|Landorus-Therian, M|100/100|[from]move: U-turn
|-damage|p1a: Landorus|88/100|[from] Stealth Rock
|-ability|p1a: Landorus|Intimidate|boost
|-unboost|p2a: Mew|atk|1
|
|-weather|RainDance|[upkeep]
|-heal|p1a: Landorus|94/100|[from] item: Leftovers
|upkeep
|turn|2
|
|t:|1655907314
|move|p1a: Landorus|U-turn|p2a: Mew
|-supereffective|p2a: Mew
|-damage|p2a: Mew|48/100
|
|t:|1655907319
|switch|p1a: Ferrothorn|Ferrothorn, F|100/100|[from]move: U-turn
|-damage|p1a: Ferrothorn|94/100|[from] Stealth Rock
|move|p2a: Mew|Trick Room|p2a: Mew
|-fieldstart|move: Trick Room|[of] p2a: Mew
|
|-weather|RainDance|[upkeep]
|-heal|p1a: Ferrothorn|100/100|[from] item: Leftovers
|upkeep
|turn|3
|
|t:|1655907326
|move|p1a: Ferrothorn|Stealth Rock|p2a: Mew
|-sidestart|p2: Arthaban1376|move: Stealth Rock
|move|p2a: Mew|Taunt|p1a: Ferrothorn
|-start|p1a: Ferrothorn|move: Taunt
|
|-weather|RainDance|[upkeep]
|upkeep
|turn|4
|
|t:|1655907336
|switch|p2a: Melmetal|Melmetal|100/100
|-damage|p2a: Melmetal|94/100|[from] Stealth Rock
|move|p1a: Ferrothorn|Knock Off|p2a: Melmetal
|-damage|p2a: Melmetal|82/100
|-enditem|p2a: Melmetal|Choice Band|[from] move: Knock Off|[of] p1a: Ferrothorn
|
|-weather|RainDance|[upkeep]
|upkeep
|turn|5
|
|t:|1655907354
|switch|p1a: Landorus|Landorus-Therian, M|94/100
|-damage|p1a: Landorus|82/100|[from] Stealth Rock
|-ability|p1a: Landorus|Intimidate|boost
|-unboost|p2a: Melmetal|atk|1
|move|p2a: Melmetal|Ice Punch|p1a: Landorus
|-supereffective|p1a: Landorus
|-damage|p1a: Landorus|0 fnt
|faint|p1a: Landorus
|
|-weather|RainDance|[upkeep]
|upkeep
|
|t:|1655907369
|switch|p1a: Volcanion|Volcanion|100/100
|-damage|p1a: Volcanion|75/100|[from] Stealth Rock
|turn|6
|
|t:|1655907376
|move|p2a: Melmetal|Earthquake|p1a: Volcanion
|-supereffective|p1a: Volcanion
|-damage|p1a: Volcanion|30/100
|move|p1a: Volcanion|Earth Power|p2a: Melmetal
|-supereffective|p2a: Melmetal
|-damage|p2a: Melmetal|0 fnt
|faint|p2a: Melmetal
|
|-weather|RainDance|[upkeep]
|-fieldend|move: Trick Room
|upkeep
|
|t:|1655907386
|switch|p2a: Mew|Mew|48/100
|turn|7
|
|t:|1655907392
|move|p1a: Volcanion|Earth Power|p2a: Mew
|-damage|p2a: Mew|2/100
|move|p2a: Mew|Trick Room|p2a: Mew
|-fieldstart|move: Trick Room|[of] p2a: Mew
|
|-weather|RainDance|[upkeep]
|upkeep
|turn|8
|
|t:|1655907401
|switch|p1a: Slowking|Slowking-Galar, F|100/100
|-damage|p1a: Slowking|88/100|[from] Stealth Rock
|move|p2a: Mew|Roost|p2a: Mew
|-heal|p2a: Mew|52/100
|-singleturn|p2a: Mew|move: Roost
|
|-weather|none
|upkeep
|turn|9
|
|t:|1655907410
|switch|p2a: Bisharp|Bisharp, M|100/100
|-damage|p2a: Bisharp|95/100|[from] Stealth Rock
|move|p1a: Slowking|Future Sight|p2a: Bisharp
|-start|p1a: Slowking|move: Future Sight
|
|upkeep
|turn|10
|
|t:|1655907419
|move|p2a: Bisharp|Sucker Punch|p1a: Slowking
|-supereffective|p1a: Slowking
|-damage|p1a: Slowking|7/100
|-damage|p2a: Bisharp|85/100|[from] item: Life Orb
|move|p1a: Slowking|Flamethrower|p2a: Bisharp
|-supereffective|p2a: Bisharp
|-damage|p2a: Bisharp|30/100
|
|upkeep
|turn|11
|
|t:|1655907430
|switch|p1a: Ferrothorn|Ferrothorn, F|100/100
|-damage|p1a: Ferrothorn|94/100|[from] Stealth Rock
|move|p2a: Bisharp|Sucker Punch||[still]
|-fail|p2a: Bisharp
|
|-end|p2a: Bisharp|move: Future Sight
|-immune|p2a: Bisharp
|-heal|p1a: Ferrothorn|100/100|[from] item: Leftovers
|-fieldend|move: Trick Room
|upkeep
|turn|12
|
|t:|1655907439
|move|p2a: Bisharp|Knock Off|p1a: Ferrothorn
|-damage|p1a: Ferrothorn|55/100
|-damage|p2a: Bisharp|18/100|[from] ability: Iron Barbs|[of] p1a: Ferrothorn
|-enditem|p1a: Ferrothorn|Leftovers|[from] move: Knock Off|[of] p2a: Bisharp
|-damage|p2a: Bisharp|8/100|[from] item: Life Orb
|move|p1a: Ferrothorn|Thunder Wave|p2a: Bisharp
|-status|p2a: Bisharp|par
|
|upkeep
|turn|13
|
|t:|1655907449
|switch|p1a: Pelipper|Pelipper, M|100/100
|-damage|p1a: Pelipper|75/100|[from] Stealth Rock
|-weather|RainDance|[from] ability: Drizzle|[of] p1a: Pelipper
|move|p2a: Bisharp|Swords Dance|p2a: Bisharp
|-boost|p2a: Bisharp|atk|2
|
|-weather|RainDance|[upkeep]
|upkeep
|turn|14
|
|t:|1655907459
|switch|p1a: Ferrothorn|Ferrothorn, F|55/100
|-damage|p1a: Ferrothorn|49/100|[from] Stealth Rock
|move|p2a: Bisharp|Sucker Punch||[still]
|-fail|p2a: Bisharp
|
|-weather|RainDance|[upkeep]
|upkeep
|turn|15
|
|t:|1655907468
|move|p1a: Ferrothorn|Knock Off|p2a: Bisharp
|-resisted|p2a: Bisharp
|-crit|p2a: Bisharp
|-damage|p2a: Bisharp|0 fnt
|-enditem|p2a: Bisharp|Life Orb|[from] move: Knock Off|[of] p1a: Ferrothorn
|faint|p2a: Bisharp
|
|-weather|RainDance|[upkeep]
|upkeep
|
|t:|1655907474
|switch|p2a: Mew|Mew|52/100
|turn|16
|
|t:|1655907478
|move|p1a: Ferrothorn|Knock Off|p2a: Mew
|-supereffective|p2a: Mew
|-damage|p2a: Mew|17/100
|-enditem|p2a: Mew|Heavy-Duty Boots|[from] move: Knock Off|[of] p1a: Ferrothorn
|move|p2a: Mew|Trick Room|p2a: Mew
|-fieldstart|move: Trick Room|[of] p2a: Mew
|
|-weather|RainDance|[upkeep]
|upkeep
|turn|17
|c|☆Arthaban1376|wait what
|c|☆chibachikage|?
|inactive|Arthaban1376 has 120 seconds left.
|c|☆Arthaban1376|oh no my bad
|
|t:|1655907518
|switch|p2a: Buzzwole|Buzzwole|100/100
|-damage|p2a: Buzzwole|88/100|[from] Stealth Rock
|move|p1a: Ferrothorn|Knock Off|p2a: Buzzwole
|-resisted|p2a: Buzzwole
|-damage|p2a: Buzzwole|80/100
|-enditem|p2a: Buzzwole|Leftovers|[from] move: Knock Off|[of] p1a: Ferrothorn
|
|-weather|RainDance|[upkeep]
|upkeep
|turn|18
|inactive|Arthaban1376 has 120 seconds left.
|
|t:|1655907530
|move|p1a: Ferrothorn|Thunder Wave|p2a: Buzzwole
|-status|p2a: Buzzwole|par
|move|p2a: Buzzwole|Ice Punch|p1a: Ferrothorn
|-crit|p1a: Ferrothorn
|-damage|p1a: Ferrothorn|18/100
|-status|p1a: Ferrothorn|frz
|-damage|p2a: Buzzwole|68/100 par|[from] ability: Iron Barbs|[of] p1a: Ferrothorn
|
|-weather|RainDance|[upkeep]
|upkeep
|turn|19
|inactive|Arthaban1376 has 120 seconds left.
|
|t:|1655907540
|cant|p1a: Ferrothorn|frz
|move|p2a: Buzzwole|Roost|p2a: Buzzwole
|-heal|p2a: Buzzwole|100/100 par
|-singleturn|p2a: Buzzwole|move: Roost
|
|-weather|RainDance|[upkeep]
|upkeep
|turn|20
|
|t:|1655907548
|-curestatus|p1a: Ferrothorn|frz|[msg]
|move|p1a: Ferrothorn|Power Whip|p2a: Buzzwole
|-resisted|p2a: Buzzwole
|-damage|p2a: Buzzwole|85/100 par
|cant|p2a: Buzzwole|par
|
|-weather|none
|-fieldend|move: Trick Room
|upkeep
|turn|21
|c|☆chibachikage|o no
|
|t:|1655907559
|cant|p2a: Buzzwole|par
|move|p1a: Ferrothorn|Power Whip|p2a: Buzzwole|[miss]
|-miss|p1a: Ferrothorn|p2a: Buzzwole
|
|upkeep
|turn|22
|
|t:|1655907566
|move|p2a: Buzzwole|Leech Life|p1a: Ferrothorn
|-damage|p1a: Ferrothorn|0 fnt
|-heal|p2a: Buzzwole|94/100 par|[from] drain|[of] p1a: Ferrothorn
|-damage|p2a: Buzzwole|82/100 par|[from] ability: Iron Barbs|[of] p1a: Ferrothorn
|faint|p1a: Ferrothorn
|-ability|p2a: Buzzwole|Beast Boost|boost
|-boost|p2a: Buzzwole|atk|1
|
|upkeep
|
|t:|1655907569
|switch|p1a: Pelipper|Pelipper, M|75/100
|-damage|p1a: Pelipper|50/100|[from] Stealth Rock
|-weather|RainDance|[from] ability: Drizzle|[of] p1a: Pelipper
|turn|23
|
|t:|1655907580
|move|p1a: Pelipper|Hurricane|p2a: Buzzwole
|-supereffective|p2a: Buzzwole
|-damage|p2a: Buzzwole|0 fnt
|faint|p2a: Buzzwole
|
|-weather|RainDance|[upkeep]
|upkeep
|
|t:|1655907585
|switch|p2a: Mew|Mew|17/100
|-damage|p2a: Mew|4/100|[from] Stealth Rock
|turn|24
|
|t:|1655907591
|move|p1a: Pelipper|Hurricane|p2a: Mew
|-damage|p2a: Mew|0 fnt
|faint|p2a: Mew
|
|-weather|RainDance|[upkeep]
|upkeep
|
|t:|1655907598
|switch|p2a: Slowking|Slowking-Galar, M|100/100
|-damage|p2a: Slowking|88/100|[from] Stealth Rock
|turn|25
|
|t:|1655907602
|move|p1a: Pelipper|U-turn|p2a: Slowking
|-damage|p2a: Slowking|77/100
|
|t:|1655907606
|switch|p1a: Volcanion|Volcanion|30/100|[from]move: U-turn
|-damage|p1a: Volcanion|5/100|[from] Stealth Rock
|move|p2a: Slowking|Trick Room|p2a: Slowking
|-fieldstart|move: Trick Room|[of] p2a: Slowking
|
|-weather|RainDance|[upkeep]
|upkeep
|turn|26
|
|t:|1655907618
|move|p2a: Slowking|Future Sight|p1a: Volcanion
|-start|p2a: Slowking|move: Future Sight
|move|p1a: Volcanion|Earth Power|p2a: Slowking
|-supereffective|p2a: Slowking
|-damage|p2a: Slowking|0 fnt
|faint|p2a: Slowking
|
|-weather|RainDance|[upkeep]
|upkeep
|
|t:|1655907624
|switch|p2a: Victini|Victini|100/100
|-damage|p2a: Victini|75/100|[from] Stealth Rock
|turn|27
|
|t:|1655907636
|move|p1a: Volcanion|Earth Power|p2a: Victini
|-supereffective|p2a: Victini
|-damage|p2a: Victini|0 fnt
|faint|p2a: Victini
|
|win|chibachikage
|raw|chibachikage's rating: 1356 &rarr; <strong>1376</strong><br />(+20 for winning)
|raw|Arthaban1376's rating: 1363 &rarr; <strong>1343</strong><br />(-20 for losing)
|c|☆chibachikage|gg
|c|☆Arthaban1376|your speed tier were wierd dude
|l|☆Arthaban1376
||Ladder isn't responding, score probably updated but might not have (Request timeout).
