|raw|<div class="broadcast-blue"><strong>This battle is required to be public due to a player having a name starting with 'lt91bb'.</div>
|j|☆Juyen RP PLF
|j|☆LT91BB pop smoke
|t:|1659478030
|gametype|singles
|player|p1|Juyen RP PLF|hilbert|1872
|player|p2|LT91BB pop smoke|lyra|2016
|teamsize|p1|6
|teamsize|p2|6
|gen|8
|tier|[Gen 8] OU
|rated|
|rule|Sleep Clause Mod: Limit one foe put to sleep
|rule|Species Clause: Limit one of each Pokémon
|rule|OHKO Clause: OHKO moves are banned
|rule|Evasion Moves Clause: Evasion moves are banned
|rule|Endless Battle Clause: Forcing endless battles is banned
|rule|HP Percentage Mod: HP is shown in percentages
|rule|Dynamax Clause: You cannot dynamax
|clearpoke
|poke|p1|Landorus-Therian, M|
|poke|p1|Volcarona, F|
|poke|p1|Conkeldurr, F|
|poke|p1|Melmetal|
|poke|p1|Tapu Koko|
|poke|p1|Starmie|
|poke|p2|Rillaboom, F|
|poke|p2|Tornadus-Therian, M|
|poke|p2|Blaziken, F|
|poke|p2|Melmetal|
|poke|p2|Garchomp, M|
|poke|p2|Slowbro, M|
|teampreview
|inactive|Battle timer is ON: inactive players will automatically lose when time's up. (requested by LT91BB pop smoke)
|j| gssagssagssag
|l| gssagssagssag
|
|t:|1659478049
|start
|switch|p1a: Tapu Koko|Tapu Koko|100/100
|switch|p2a: Tornadus|Tornadus-Therian, M|100/100
|-fieldstart|move: Electric Terrain|[from] ability: Electric Surge|[of] p1a: Tapu Koko
|turn|1
|
|t:|1659478066
|switch|p2a: Garchomp|Garchomp, M|100/100
|move|p1a: Tapu Koko|Thunderbolt|p2a: Garchomp
|-immune|p2a: Garchomp
|
|upkeep
|turn|2
|
|t:|1659478071
|move|p1a: Tapu Koko|U-turn|p2a: Garchomp
|-damage|p2a: Garchomp|86/100
|-damage|p1a: Tapu Koko|88/100|[from] ability: Rough Skin|[of] p2a: Garchomp
|
|t:|1659478073
|switch|p1a: Landorus|Landorus-Therian, M|100/100|[from]move: U-turn
|-ability|p1a: Landorus|Intimidate|boost
|-unboost|p2a: Garchomp|atk|1
|move|p2a: Garchomp|Earthquake|p1a: Landorus
|-immune|p1a: Landorus
|
|-heal|p2a: Garchomp|92/100|[from] item: Leftovers
|upkeep
|turn|3
|
|t:|1659478077
|move|p2a: Garchomp|Toxic|p1a: Landorus
|-status|p1a: Landorus|tox
|move|p1a: Landorus|Toxic|p2a: Garchomp
|-status|p2a: Garchomp|tox
|
|-heal|p2a: Garchomp|99/100 tox|[from] item: Leftovers
|-damage|p2a: Garchomp|92/100 tox|[from] psn
|-damage|p1a: Landorus|94/100 tox|[from] psn
|upkeep
|turn|4
|
|t:|1659478079
|move|p2a: Garchomp|Stealth Rock|p1a: Landorus
|-sidestart|p1: Juyen RP PLF|move: Stealth Rock
|move|p1a: Landorus|Stealth Rock|p2a: Garchomp
|-sidestart|p2: LT91BB pop smoke|move: Stealth Rock
|
|-heal|p2a: Garchomp|99/100 tox|[from] item: Leftovers
|-damage|p2a: Garchomp|86/100 tox|[from] psn
|-damage|p1a: Landorus|82/100 tox|[from] psn
|upkeep
|turn|5
|
|t:|1659478084
|switch|p2a: Tornadus|Tornadus-Therian, M|100/100
|move|p1a: Landorus|U-turn|p2a: Tornadus
|-resisted|p2a: Tornadus
|-damage|p2a: Tornadus|88/100
|
|t:|1659478088
|switch|p1a: Melmetal|Melmetal|100/100|[from]move: U-turn
|-damage|p1a: Melmetal|94/100|[from] Stealth Rock
|
|-heal|p1a: Melmetal|100/100|[from] item: Leftovers
|-fieldend|move: Electric Terrain
|upkeep
|turn|6
|
|t:|1659478092
|move|p2a: Tornadus|U-turn|p1a: Melmetal
|-resisted|p1a: Melmetal
|-damage|p1a: Melmetal|96/100
|
|t:|1659478093
|switch|p2a: Slowbro|Slowbro, M|100/100|[from]move: U-turn
|-damage|p2a: Slowbro|88/100|[from] Stealth Rock
|move|p1a: Melmetal|Thunder Wave|p2a: Slowbro
|-status|p2a: Slowbro|par
|
|-heal|p1a: Melmetal|100/100|[from] item: Leftovers
|upkeep
|turn|7
|
|t:|1659478103
|switch|p1a: Conkeldurr|Conkeldurr, F|100/100
|-damage|p1a: Conkeldurr|94/100|[from] Stealth Rock
|move|p2a: Slowbro|Teleport|p2a: Slowbro
|j| adf2❤
|j| lt91bb ez
|
|t:|1659478115
|switch|p2a: Tornadus|Tornadus-Therian, M|100/100|[from]move: Teleport
|
|-status|p1a: Conkeldurr|brn|[from] item: Flame Orb
|upkeep
|turn|8
|j| Curryisnotgood
|
|t:|1659478126
|switch|p1a: Melmetal|Melmetal|100/100
|-damage|p1a: Melmetal|94/100|[from] Stealth Rock
|move|p2a: Tornadus|U-turn|p1a: Melmetal
|-resisted|p1a: Melmetal
|-damage|p1a: Melmetal|90/100
|
|t:|1659478133
|switch|p2a: Rillaboom|Rillaboom, F|100/100|[from]move: U-turn
|-damage|p2a: Rillaboom|88/100|[from] Stealth Rock
|-fieldstart|move: Grassy Terrain|[from] ability: Grassy Surge|[of] p2a: Rillaboom
|
|-heal|p2a: Rillaboom|94/100|[from] Grassy Terrain
|-heal|p2a: Rillaboom|100/100|[from] item: Leftovers
|-heal|p1a: Melmetal|96/100|[from] Grassy Terrain
|-heal|p1a: Melmetal|100/100|[from] item: Leftovers
|upkeep
|turn|9
|
|t:|1659478139
|switch|p2a: Slowbro|Slowbro, M|100/100 par
|-damage|p2a: Slowbro|88/100 par|[from] Stealth Rock
|move|p1a: Melmetal|Double Iron Bash|p2a: Slowbro
|-resisted|p2a: Slowbro
|-damage|p2a: Slowbro|78/100 par
|-damage|p1a: Melmetal|84/100|[from] item: Rocky Helmet|[of] p2a: Slowbro
|-resisted|p2a: Slowbro
|-damage|p2a: Slowbro|66/100 par
|-damage|p1a: Melmetal|68/100|[from] item: Rocky Helmet|[of] p2a: Slowbro
|-hitcount|p2a: Slowbro|2
|
|-heal|p1a: Melmetal|74/100|[from] Grassy Terrain
|-heal|p1a: Melmetal|80/100|[from] item: Leftovers
|-heal|p2a: Slowbro|72/100 par|[from] Grassy Terrain
|upkeep
|turn|10
|
|t:|1659478145
|move|p1a: Melmetal|Thunder Punch|p2a: Slowbro
|-supereffective|p2a: Slowbro
|-damage|p2a: Slowbro|38/100 par
|-damage|p1a: Melmetal|63/100|[from] item: Rocky Helmet|[of] p2a: Slowbro
|move|p2a: Slowbro|Teleport|p2a: Slowbro
|
|t:|1659478148
|switch|p2a: Blaziken|Blaziken, F|100/100|[from]move: Teleport
|-damage|p2a: Blaziken|88/100|[from] Stealth Rock
|
|-heal|p2a: Blaziken|94/100|[from] Grassy Terrain
|-heal|p2a: Blaziken|100/100|[from] item: Leftovers
|-heal|p1a: Melmetal|70/100|[from] Grassy Terrain
|-heal|p1a: Melmetal|76/100|[from] item: Leftovers
|upkeep
|turn|11
|
|t:|1659478153
|switch|p1a: Starmie|Starmie|100/100
|-damage|p1a: Starmie|88/100|[from] Stealth Rock
|move|p2a: Blaziken|Close Combat|p1a: Starmie
|-resisted|p1a: Starmie
|-damage|p1a: Starmie|39/100
|-unboost|p2a: Blaziken|def|1
|-unboost|p2a: Blaziken|spd|1
|
|-heal|p1a: Starmie|45/100|[from] Grassy Terrain
|-ability|p2a: Blaziken|Speed Boost|boost
|-boost|p2a: Blaziken|spe|1
|upkeep
|turn|12
|
|t:|1659478162
|move|p2a: Blaziken|Protect|p2a: Blaziken
|-singleturn|p2a: Blaziken|Protect
|move|p1a: Starmie|Psychic|p2a: Blaziken
|-activate|p2a: Blaziken|move: Protect
|
|-heal|p1a: Starmie|51/100|[from] Grassy Terrain
|-fieldend|move: Grassy Terrain
|-ability|p2a: Blaziken|Speed Boost|boost
|-boost|p2a: Blaziken|spe|1
|upkeep
|turn|13
|
|t:|1659478170
|move|p1a: Starmie|Psychic|p2a: Blaziken
|-supereffective|p2a: Blaziken
|-damage|p2a: Blaziken|0 fnt
|faint|p2a: Blaziken
|
|upkeep
|
|t:|1659478174
|switch|p2a: Tornadus|Tornadus-Therian, M|100/100
|turn|14
|
|t:|1659478181
|switch|p1a: Melmetal|Melmetal|76/100
|-damage|p1a: Melmetal|70/100|[from] Stealth Rock
|move|p2a: Tornadus|Knock Off|p1a: Melmetal
|-damage|p1a: Melmetal|58/100
|-enditem|p1a: Melmetal|Leftovers|[from] move: Knock Off|[of] p2a: Tornadus
|
|upkeep
|turn|15
|
|t:|1659478185
|move|p2a: Tornadus|Heat Wave|p1a: Melmetal
|-supereffective|p1a: Melmetal
|-damage|p1a: Melmetal|20/100
|move|p1a: Melmetal|Thunder Punch|p2a: Tornadus
|-supereffective|p2a: Tornadus
|-damage|p2a: Tornadus|40/100
|
|upkeep
|turn|16
|
|t:|1659478195
|move|p2a: Tornadus|U-turn|p1a: Melmetal
|-resisted|p1a: Melmetal
|-damage|p1a: Melmetal|16/100
|
|t:|1659478196
|switch|p2a: Slowbro|Slowbro, M|71/100 par|[from]move: U-turn
|-damage|p2a: Slowbro|59/100 par|[from] Stealth Rock
|move|p1a: Melmetal|Double Iron Bash|p2a: Slowbro
|-resisted|p2a: Slowbro
|-damage|p2a: Slowbro|48/100 par
|-damage|p1a: Melmetal|0 fnt|[from] item: Rocky Helmet|[of] p2a: Slowbro
|faint|p1a: Melmetal
|-hitcount|p2a: Slowbro|1
|
|upkeep
|j| LT91BB xray
|
|t:|1659478208
|switch|p1a: Volcarona|Volcarona, F|100/100
|turn|17
|
|t:|1659478211
|move|p1a: Volcarona|Quiver Dance|p1a: Volcarona
|-boost|p1a: Volcarona|spa|1
|-boost|p1a: Volcarona|spd|1
|-boost|p1a: Volcarona|spe|1
|cant|p2a: Slowbro|par
|
|upkeep
|turn|18
|
|t:|1659478215
|move|p1a: Volcarona|Quiver Dance|p1a: Volcarona
|-boost|p1a: Volcarona|spa|1
|-boost|p1a: Volcarona|spd|1
|-boost|p1a: Volcarona|spe|1
|move|p2a: Slowbro|Toxic|p1a: Volcarona|[miss]
|-miss|p2a: Slowbro|p1a: Volcarona
|
|upkeep
|turn|19
|
|t:|1659478219
|move|p1a: Volcarona|Flamethrower|p2a: Slowbro
|-resisted|p2a: Slowbro
|-damage|p2a: Slowbro|5/100 par
|cant|p2a: Slowbro|par
|
|upkeep
|turn|20
|c|☆LT91BB pop smoke|bruh
|c|☆Juyen RP PLF|woh
|c|☆Juyen RP PLF|sorry bro
|c|☆LT91BB pop smoke|ru kidding lmao
|
|t:|1659478239
|move|p1a: Volcarona|Flamethrower|p2a: Slowbro
|-resisted|p2a: Slowbro
|-damage|p2a: Slowbro|0 fnt
|faint|p2a: Slowbro
|
|upkeep
|
|t:|1659478240
|switch|p2a: Garchomp|Garchomp, M|86/100 tox
|-damage|p2a: Garchomp|80/100 tox|[from] Stealth Rock
|turn|21
|
|t:|1659478247
|move|p1a: Volcarona|Psychic|p2a: Garchomp
|-damage|p2a: Garchomp|43/100 tox
|move|p2a: Garchomp|Toxic|p1a: Volcarona
|-status|p1a: Volcarona|tox
|
|-heal|p2a: Garchomp|49/100 tox|[from] item: Leftovers
|-damage|p1a: Volcarona|94/100 tox|[from] psn
|-damage|p2a: Garchomp|43/100 tox|[from] psn
|upkeep
|turn|22
|j| LT91BB Tace
|
|t:|1659478251
|move|p1a: Volcarona|Flamethrower|p2a: Garchomp
|-resisted|p2a: Garchomp
|-damage|p2a: Garchomp|17/100 tox
|move|p2a: Garchomp|Earthquake|p1a: Volcarona
|-damage|p1a: Volcarona|50/100 tox
|
|-heal|p2a: Garchomp|23/100 tox|[from] item: Leftovers
|-damage|p1a: Volcarona|38/100 tox|[from] psn
|-damage|p2a: Garchomp|10/100 tox|[from] psn
|upkeep
|turn|23
|
|t:|1659478256
|move|p1a: Volcarona|Flamethrower|p2a: Garchomp
|-resisted|p2a: Garchomp
|-damage|p2a: Garchomp|0 fnt
|faint|p2a: Garchomp
|
|-damage|p1a: Volcarona|19/100 tox|[from] psn
|upkeep
|
|t:|1659478286
|switch|p2a: Tornadus|Tornadus-Therian, M|73/100
|turn|24
|
|t:|1659478292
|move|p1a: Volcarona|Flamethrower|p2a: Tornadus
|-damage|p2a: Tornadus|0 fnt
|faint|p2a: Tornadus
|
|-damage|p1a: Volcarona|0 fnt|[from] psn
|faint|p1a: Volcarona
|upkeep
|
|t:|1659478297
|switch|p2a: Melmetal|Melmetal|100/100
|switch|p1a: Landorus|Landorus-Therian, M|82/100 tox
|-damage|p1a: Landorus|70/100 tox|[from] Stealth Rock
|-ability|p1a: Landorus|Intimidate|boost
|-unboost|p2a: Melmetal|atk|1
|-damage|p2a: Melmetal|94/100|[from] Stealth Rock
|turn|25
|
|t:|1659478304
|move|p2a: Melmetal|Protect|p2a: Melmetal
|-singleturn|p2a: Melmetal|Protect
|move|p1a: Landorus|Earthquake|p2a: Melmetal
|-activate|p2a: Melmetal|move: Protect
|
|-heal|p2a: Melmetal|100/100|[from] item: Leftovers
|-damage|p1a: Landorus|64/100 tox|[from] psn
|upkeep
|turn|26
|
|t:|1659478309
|switch|p2a: Rillaboom|Rillaboom, F|100/100
|-damage|p2a: Rillaboom|88/100|[from] Stealth Rock
|-fieldstart|move: Grassy Terrain|[from] ability: Grassy Surge|[of] p2a: Rillaboom
|move|p1a: Landorus|Earthquake|p2a: Rillaboom
|-resisted|p2a: Rillaboom
|-damage|p2a: Rillaboom|76/100
|
|-heal|p2a: Rillaboom|83/100|[from] Grassy Terrain
|-heal|p2a: Rillaboom|89/100|[from] item: Leftovers
|-damage|p1a: Landorus|52/100 tox|[from] psn
|upkeep
|turn|27
|inactive|LT91BB pop smoke has 120 seconds left.
|
|t:|1659478363
|move|p2a: Rillaboom|Grassy Glide|p1a: Landorus
|-damage|p1a: Landorus|7/100 tox
|-damage|p2a: Rillaboom|72/100|[from] item: Rocky Helmet|[of] p1a: Landorus
|move|p1a: Landorus|U-turn|p2a: Rillaboom
|-supereffective|p2a: Rillaboom
|-damage|p2a: Rillaboom|29/100
|
|t:|1659478370
|switch|p1a: Tapu Koko|Tapu Koko|88/100|[from]move: U-turn
|-fieldstart|move: Electric Terrain|[from] ability: Electric Surge|[of] p1a: Tapu Koko
|
|-heal|p2a: Rillaboom|36/100|[from] item: Leftovers
|upkeep
|turn|28
|
|t:|1659478372
|switch|p2a: Melmetal|Melmetal|100/100
|-damage|p2a: Melmetal|94/100|[from] Stealth Rock
|move|p1a: Tapu Koko|U-turn|p2a: Melmetal
|-resisted|p2a: Melmetal
|-damage|p2a: Melmetal|89/100
|
|t:|1659478374
|switch|p1a: Conkeldurr|Conkeldurr, F|94/100 brn|[from]move: U-turn
|-damage|p1a: Conkeldurr|88/100 brn|[from] Stealth Rock
|
|-heal|p2a: Melmetal|96/100|[from] item: Leftovers
|-damage|p1a: Conkeldurr|82/100 brn|[from] brn
|upkeep
|turn|29
|
|t:|1659478376
|move|p2a: Melmetal|Protect|p2a: Melmetal
|-singleturn|p2a: Melmetal|Protect
|move|p1a: Conkeldurr|Drain Punch|p2a: Melmetal
|-activate|p2a: Melmetal|move: Protect
|
|-heal|p2a: Melmetal|100/100|[from] item: Leftovers
|-damage|p1a: Conkeldurr|76/100 brn|[from] brn
|upkeep
|turn|30
|
|t:|1659478380
|move|p1a: Conkeldurr|Drain Punch|p2a: Melmetal
|-supereffective|p2a: Melmetal
|-damage|p2a: Melmetal|16/100
|-heal|p1a: Conkeldurr|100/100 brn|[from] drain|[of] p2a: Melmetal
|move|p2a: Melmetal|Double Iron Bash|p1a: Conkeldurr
|-damage|p1a: Conkeldurr|61/100 brn
|-damage|p1a: Conkeldurr|20/100 brn
|-hitcount|p1a: Conkeldurr|2
|
|-heal|p2a: Melmetal|23/100|[from] item: Leftovers
|-damage|p1a: Conkeldurr|14/100 brn|[from] brn
|upkeep
|turn|31
|
|t:|1659478389
|move|p2a: Melmetal|Protect|p2a: Melmetal
|-singleturn|p2a: Melmetal|Protect
|move|p1a: Conkeldurr|Drain Punch|p2a: Melmetal
|-activate|p2a: Melmetal|move: Protect
|
|-heal|p2a: Melmetal|29/100|[from] item: Leftovers
|-damage|p1a: Conkeldurr|8/100 brn|[from] brn
|-fieldend|move: Electric Terrain
|upkeep
|turn|32
|
|t:|1659478393
|move|p2a: Melmetal|Protect|p2a: Melmetal
|-singleturn|p2a: Melmetal|Protect
|move|p1a: Conkeldurr|Drain Punch|p2a: Melmetal
|-activate|p2a: Melmetal|move: Protect
|
|-heal|p2a: Melmetal|35/100|[from] item: Leftovers
|-damage|p1a: Conkeldurr|2/100 brn|[from] brn
|upkeep
|turn|33
|
|t:|1659478397
|move|p2a: Melmetal|Protect||[still]
|-fail|p2a: Melmetal
|move|p1a: Conkeldurr|Drain Punch|p2a: Melmetal
|-supereffective|p2a: Melmetal
|-damage|p2a: Melmetal|0 fnt
|-heal|p1a: Conkeldurr|21/100 brn|[from] drain|[of] p2a: Melmetal
|faint|p2a: Melmetal
|
|-damage|p1a: Conkeldurr|15/100 brn|[from] brn
|upkeep
|
|t:|1659478399
|switch|p2a: Rillaboom|Rillaboom, F|36/100
|-damage|p2a: Rillaboom|23/100|[from] Stealth Rock
|-fieldstart|move: Grassy Terrain|[from] ability: Grassy Surge|[of] p2a: Rillaboom
|turn|34
|
|t:|1659478403
|move|p2a: Rillaboom|Grassy Glide|p1a: Conkeldurr
|-damage|p1a: Conkeldurr|0 fnt
|faint|p1a: Conkeldurr
|
|-heal|p2a: Rillaboom|29/100|[from] Grassy Terrain
|-heal|p2a: Rillaboom|36/100|[from] item: Leftovers
|upkeep
|
|t:|1659478405
|switch|p1a: Tapu Koko|Tapu Koko|88/100
|-fieldstart|move: Electric Terrain|[from] ability: Electric Surge|[of] p1a: Tapu Koko
|turn|35
|
|t:|1659478407
|move|p1a: Tapu Koko|U-turn|p2a: Rillaboom
|-supereffective|p2a: Rillaboom
|-damage|p2a: Rillaboom|5/100
|
|t:|1659478409
|switch|p1a: Landorus|Landorus-Therian, M|7/100 tox|[from]move: U-turn
|-damage|p1a: Landorus|0 fnt|[from] Stealth Rock
|faint|p1a: Landorus
|move|p2a: Rillaboom|Grassy Glide|p1: Landorus|[notarget]
|-fail|p2a: Rillaboom
|
|-heal|p2a: Rillaboom|11/100|[from] item: Leftovers
|upkeep
|
|t:|1659478411
|switch|p1a: Tapu Koko|Tapu Koko|88/100
|turn|36
|c|☆LT91BB pop smoke|stupid game
|c|☆LT91BB pop smoke|gg
|-message|LT91BB pop smoke forfeited.
|
|win|Juyen RP PLF
|raw|Juyen RP PLF's rating: 1872 &rarr; <strong>1900</strong><br />(+28 for winning)
|raw|LT91BB pop smoke's rating: 2016 &rarr; <strong>1988</strong><br />(-28 for losing)
|l|☆LT91BB pop smoke
|l|☆Juyen RP PLF
|j| egal★vanc
|l| LT91BB Tace
|l| lt91bb ez
|l| Curryisnotgood
|j| tavvi
|l| egal★vanc
|l| tavvi
||Ladder isn't responding, score probably updated but might not have (Request timeout).
|l| LT91BB xray
|j| lt91bb star
|l| lt91bb star
