|j|☆SigHighGamers
|j|☆ripreckful
|inactive|Battle timer is ON: inactive players will automatically lose when time's up.
|t:|1659794006
|gametype|singles
|player|p1|SigHighGamers|dragontamer|
|player|p2|ripreckful|hilbert|
|teamsize|p1|6
|teamsize|p2|6
|gen|8
|tier|[Gen 8] OU
|rated|Tournament battle
|rule|Sleep Clause Mod: Limit one foe put to sleep
|rule|Species Clause: Limit one of each Pokémon
|rule|OHKO Clause: OHKO moves are banned
|rule|Evasion Items Clause: Evasion items are banned
|rule|Evasion Moves Clause: Evasion moves are banned
|rule|Endless Battle Clause: Forcing endless battles is banned
|rule|HP Percentage Mod: HP is shown in percentages
|rule|Dynamax Clause: You cannot dynamax
|clearpoke
|poke|p1|Porygon-Z|
|poke|p1|Ferrothorn, M|
|poke|p1|Jellicent, F|
|poke|p1|Landorus-Therian, M|
|poke|p1|Tapu Koko|
|poke|p1|Dragonite, F|
|poke|p2|Zarude|
|poke|p2|Clefable, F|
|poke|p2|Slowking-Galar, F|
|poke|p2|Ferrothorn, M|
|poke|p2|Landorus-Therian, M|
|poke|p2|Moltres|
|teampreview
|inactive|ripreckful also wants the timer to be on.
|c|☆ripreckful|hf
|
|t:|1659794022
|start
|switch|p1a: Landorus|Landorus-Therian, M|100/100
|switch|p2a: Landorus|Landorus-Therian, M|100/100
|-ability|p2a: Landorus|Intimidate|boost
|-unboost|p1a: Landorus|atk|1
|-ability|p1a: Landorus|Intimidate|boost
|-unboost|p2a: Landorus|atk|1
|turn|1
|j| okaiokaiokai
|j| clappinurass9
|l| clappinurass9
|inactive|SigHighGamers has 120 seconds left.
|c|☆SigHighGamers|gl
|
|t:|1659794076
|switch|p2a: Clefable|Clefable, F|100/100
|move|p1a: Landorus|Stealth Rock|p2a: Clefable
|-sidestart|p2: ripreckful|move: Stealth Rock
|
|upkeep
|turn|2
|j| IExistYouDont
|l| IExistYouDont
|
|t:|1659794084
|move|p1a: Landorus|Earthquake|p2a: Clefable
|-crit|p2a: Clefable
|-damage|p2a: Clefable|51/100
|move|p2a: Clefable|Trick|p1a: Landorus
|-activate|p2a: Clefable|move: Trick|[of] p1a: Landorus
|-item|p1a: Landorus|Sticky Barb|[from] move: Trick
|-item|p2a: Clefable|Leftovers|[from] move: Trick
|
|-heal|p2a: Clefable|57/100|[from] item: Leftovers
|-damage|p1a: Landorus|88/100|[from] item: Sticky Barb
|upkeep
|turn|3
|
|t:|1659794107
|move|p1a: Landorus|Earthquake|p2a: Clefable
|-damage|p2a: Clefable|32/100
|move|p2a: Clefable|Soft-Boiled|p2a: Clefable
|-heal|p2a: Clefable|82/100
|
|-heal|p2a: Clefable|88/100|[from] item: Leftovers
|-damage|p1a: Landorus|76/100|[from] item: Sticky Barb
|upkeep
|turn|4
|
|t:|1659794115
|move|p1a: Landorus|U-turn|p2a: Clefable
|-resisted|p2a: Clefable
|-crit|p2a: Clefable
|-damage|p2a: Clefable|75/100
|
|t:|1659794133
|switch|p1a: Porygon-Z|Porygon-Z|100/100|[from]move: U-turn
|-ability|p1a: Porygon-Z|Download|boost
|-boost|p1a: Porygon-Z|spa|1
|move|p2a: Clefable|Soft-Boiled|p2a: Clefable
|-heal|p2a: Clefable|100/100
|
|upkeep
|turn|5
|
|t:|1659794156
|move|p1a: Porygon-Z|Tri Attack|p2a: Clefable
|-damage|p2a: Clefable|12/100
|move|p2a: Clefable|Thunder Wave|p1a: Porygon-Z
|-status|p1a: Porygon-Z|par
|
|-heal|p2a: Clefable|18/100|[from] item: Leftovers
|upkeep
|turn|6
|inactive|ripreckful has 120 seconds left.
|
|t:|1659794181
|move|p2a: Clefable|Moonblast|p1a: Porygon-Z
|-damage|p1a: Porygon-Z|60/100 par
|move|p1a: Porygon-Z|Tri Attack|p2a: Clefable
|-damage|p2a: Clefable|0 fnt
|faint|p2a: Clefable
|
|upkeep
|
|t:|1659794186
|switch|p2a: Landorus|Landorus-Therian, M|100/100
|-damage|p2a: Landorus|88/100|[from] Stealth Rock
|-ability|p2a: Landorus|Intimidate|boost
|-unboost|p1a: Porygon-Z|atk|1
|turn|7
|j| Lost123456789
|inactive|SigHighGamers has 120 seconds left.
|l| Lost123456789
|inactive|SigHighGamers has 90 seconds left.
|
|t:|1659794222
|move|p2a: Landorus|Earthquake|p1a: Porygon-Z
|-damage|p1a: Porygon-Z|0 fnt
|faint|p1a: Porygon-Z
|
|upkeep
|inactive|SigHighGamers has 90 seconds left.
|
|t:|1659794227
|switch|p1a: Jellicent|Jellicent, F|100/100
|turn|8
|inactive|ripreckful has 120 seconds left.
|
|t:|1659794249
|switch|p2a: Zarude|Zarude|100/100
|-damage|p2a: Zarude|88/100|[from] Stealth Rock
|move|p1a: Jellicent|Will-O-Wisp|p2a: Zarude
|-status|p2a: Zarude|brn
|
|-heal|p2a: Zarude|94/100 brn|[from] item: Leftovers
|-damage|p2a: Zarude|88/100 brn|[from] brn
|upkeep
|turn|9
|
|t:|1659794264
|switch|p1a: Dragonite|Dragonite, F|100/100
|move|p2a: Zarude|Bulk Up|p2a: Zarude
|-boost|p2a: Zarude|atk|1
|-boost|p2a: Zarude|def|1
|
|-heal|p2a: Zarude|94/100 brn|[from] item: Leftovers
|-damage|p2a: Zarude|88/100 brn|[from] brn
|upkeep
|turn|10
|
|t:|1659794272
|move|p2a: Zarude|Bulk Up|p2a: Zarude
|-boost|p2a: Zarude|atk|1
|-boost|p2a: Zarude|def|1
|move|p1a: Dragonite|Dragon Dance|p1a: Dragonite
|-boost|p1a: Dragonite|atk|1
|-boost|p1a: Dragonite|spe|1
|
|-heal|p2a: Zarude|94/100 brn|[from] item: Leftovers
|-damage|p2a: Zarude|88/100 brn|[from] brn
|upkeep
|turn|11
|
|t:|1659794276
|move|p1a: Dragonite|Dragon Dance|p1a: Dragonite
|-boost|p1a: Dragonite|atk|1
|-boost|p1a: Dragonite|spe|1
|move|p2a: Zarude|Bulk Up|p2a: Zarude
|-boost|p2a: Zarude|atk|1
|-boost|p2a: Zarude|def|1
|
|-heal|p2a: Zarude|94/100 brn|[from] item: Leftovers
|-damage|p2a: Zarude|88/100 brn|[from] brn
|upkeep
|turn|12
|
|t:|1659794279
|move|p1a: Dragonite|Dragon Dance|p1a: Dragonite
|-boost|p1a: Dragonite|atk|1
|-boost|p1a: Dragonite|spe|1
|move|p2a: Zarude|Bulk Up|p2a: Zarude
|-boost|p2a: Zarude|atk|1
|-boost|p2a: Zarude|def|1
|
|-heal|p2a: Zarude|94/100 brn|[from] item: Leftovers
|-damage|p2a: Zarude|88/100 brn|[from] brn
|upkeep
|turn|13
|
|t:|1659794284
|move|p1a: Dragonite|Dragon Dance|p1a: Dragonite
|-boost|p1a: Dragonite|atk|1
|-boost|p1a: Dragonite|spe|1
|move|p2a: Zarude|Bulk Up|p2a: Zarude
|-boost|p2a: Zarude|atk|1
|-boost|p2a: Zarude|def|1
|
|-heal|p2a: Zarude|94/100 brn|[from] item: Leftovers
|-damage|p2a: Zarude|88/100 brn|[from] brn
|upkeep
|turn|14
|
|t:|1659794288
|move|p1a: Dragonite|Ice Punch|p2a: Zarude
|-supereffective|p2a: Zarude
|-damage|p2a: Zarude|49/100 brn
|move|p2a: Zarude|Bulk Up|p2a: Zarude
|-boost|p2a: Zarude|atk|1
|-boost|p2a: Zarude|def|1
|
|-heal|p2a: Zarude|55/100 brn|[from] item: Leftovers
|-damage|p2a: Zarude|49/100 brn|[from] brn
|upkeep
|turn|15
|
|t:|1659794292
|move|p1a: Dragonite|Ice Punch|p2a: Zarude
|-supereffective|p2a: Zarude
|-damage|p2a: Zarude|13/100 brn
|move|p2a: Zarude|Jungle Healing|p2a: Zarude
|-heal|p2a: Zarude|38/100 brn
|-curestatus|p2a: Zarude|brn|[msg]
|
|-heal|p2a: Zarude|44/100|[from] item: Leftovers
|upkeep
|turn|16
|
|t:|1659794295
|move|p1a: Dragonite|Ice Punch|p2a: Zarude
|-supereffective|p2a: Zarude
|-damage|p2a: Zarude|9/100
|move|p2a: Zarude|Jungle Healing|p2a: Zarude
|-heal|p2a: Zarude|34/100
|
|-heal|p2a: Zarude|40/100|[from] item: Leftovers
|upkeep
|turn|17
|
|t:|1659794298
|move|p1a: Dragonite|Ice Punch|p2a: Zarude
|-supereffective|p2a: Zarude
|-damage|p2a: Zarude|3/100
|move|p2a: Zarude|Jungle Healing|p2a: Zarude
|-heal|p2a: Zarude|28/100
|
|-heal|p2a: Zarude|34/100|[from] item: Leftovers
|upkeep
|turn|18
|
|t:|1659794311
|move|p1a: Dragonite|Ice Punch|p2a: Zarude
|-supereffective|p2a: Zarude
|-damage|p2a: Zarude|0 fnt
|faint|p2a: Zarude
|
|upkeep
|
|t:|1659794314
|switch|p2a: Ferrothorn|Ferrothorn, M|100/100
|-damage|p2a: Ferrothorn|94/100|[from] Stealth Rock
|turn|19
|
|t:|1659794318
|move|p1a: Dragonite|Earthquake|p2a: Ferrothorn
|-damage|p2a: Ferrothorn|29/100
|move|p2a: Ferrothorn|Gyro Ball|p1a: Dragonite
|-damage|p1a: Dragonite|72/100
|
|upkeep
|turn|20
|
|t:|1659794321
|move|p1a: Dragonite|Earthquake|p2a: Ferrothorn
|-damage|p2a: Ferrothorn|0 fnt
|faint|p2a: Ferrothorn
|
|upkeep
|
|t:|1659794323
|switch|p2a: Moltres|Moltres|100/100
|turn|21
|
|t:|1659794326
|move|p1a: Dragonite|Ice Punch|p2a: Moltres
|-damage|p2a: Moltres|46/100
|move|p2a: Moltres|Hurricane|p1a: Dragonite
|-damage|p1a: Dragonite|20/100
|
|upkeep
|turn|22
|
|t:|1659794329
|move|p1a: Dragonite|Roost|p1a: Dragonite
|-heal|p1a: Dragonite|70/100
|-singleturn|p1a: Dragonite|move: Roost
|move|p2a: Moltres|Hurricane|p1a: Dragonite
|-damage|p1a: Dragonite|24/100
|
|upkeep
|turn|23
|
|t:|1659794333
|move|p1a: Dragonite|Roost|p1a: Dragonite
|-heal|p1a: Dragonite|74/100
|-singleturn|p1a: Dragonite|move: Roost
|move|p2a: Moltres|Roost|p2a: Moltres
|-heal|p2a: Moltres|96/100
|-singleturn|p2a: Moltres|move: Roost
|
|upkeep
|turn|24
|
|t:|1659794336
|move|p1a: Dragonite|Dragon Dance|p1a: Dragonite
|-boost|p1a: Dragonite|atk|1
|-boost|p1a: Dragonite|spe|1
|move|p2a: Moltres|Hurricane|p1a: Dragonite
|-damage|p1a: Dragonite|27/100
|-start|p1a: Dragonite|confusion
|
|upkeep
|turn|25
|
|t:|1659794339
|-activate|p1a: Dragonite|confusion
|move|p1a: Dragonite|Roost|p1a: Dragonite
|-heal|p1a: Dragonite|77/100
|-singleturn|p1a: Dragonite|move: Roost
|move|p2a: Moltres|Hurricane|p1a: Dragonite
|-damage|p1a: Dragonite|31/100
|
|upkeep
|turn|26
|
|t:|1659794342
|-activate|p1a: Dragonite|confusion
|-damage|p1a: Dragonite|0 fnt|[from] confusion
|faint|p1a: Dragonite
|move|p2a: Moltres|Hurricane|p1: Dragonite|[notarget]
|-fail|p2a: Moltres
|
|upkeep
|
|t:|1659794349
|switch|p1a: Landorus|Landorus-Therian, M|76/100
|-ability|p1a: Landorus|Intimidate|boost
|-unboost|p2a: Moltres|atk|1
|turn|27
|
|t:|1659794353
|move|p2a: Moltres|Hurricane|p1a: Landorus|[miss]
|-miss|p2a: Moltres|p1a: Landorus
|move|p1a: Landorus|Toxic|p2a: Moltres
|-status|p2a: Moltres|tox
|
|-damage|p2a: Moltres|90/100 tox|[from] psn
|-damage|p1a: Landorus|63/100|[from] item: Sticky Barb
|upkeep
|turn|28
|
|t:|1659794358
|move|p2a: Moltres|Flamethrower|p1a: Landorus
|-damage|p1a: Landorus|36/100
|move|p1a: Landorus|U-turn|p2a: Moltres
|-resisted|p2a: Moltres
|-damage|p2a: Moltres|86/100 tox
|
|t:|1659794362
|switch|p1a: Tapu Koko|Tapu Koko|100/100|[from]move: U-turn
|-fieldstart|move: Electric Terrain|[from] ability: Electric Surge|[of] p1a: Tapu Koko
|
|-damage|p2a: Moltres|74/100 tox|[from] psn
|upkeep
|turn|29
|
|t:|1659794367
|switch|p2a: Slowking|Slowking-Galar, F|100/100
|-damage|p2a: Slowking|88/100|[from] Stealth Rock
|move|p1a: Tapu Koko|U-turn|p2a: Slowking
|-damage|p2a: Slowking|72/100
|
|t:|1659794372
|switch|p1a: Landorus|Landorus-Therian, M|36/100|[from]move: U-turn
|-ability|p1a: Landorus|Intimidate|boost
|-unboost|p2a: Slowking|atk|1
|
|-damage|p1a: Landorus|23/100|[from] item: Sticky Barb
|upkeep
|turn|30
|
|t:|1659794375
|switch|p2a: Moltres|Moltres|74/100 tox
|move|p1a: Landorus|Earthquake|p2a: Moltres
|-immune|p2a: Moltres
|
|-damage|p2a: Moltres|68/100 tox|[from] psn
|-damage|p1a: Landorus|11/100|[from] item: Sticky Barb
|upkeep
|turn|31
|
|t:|1659794379
|move|p2a: Moltres|Flamethrower|p1a: Landorus
|-damage|p1a: Landorus|0 fnt
|faint|p1a: Landorus
|
|-damage|p2a: Moltres|56/100 tox|[from] psn
|upkeep
|
|t:|1659794384
|switch|p1a: Tapu Koko|Tapu Koko|100/100
|turn|32
|
|t:|1659794387
|switch|p2a: Slowking|Slowking-Galar, F|100/100
|-damage|p2a: Slowking|88/100|[from] Stealth Rock
|move|p1a: Tapu Koko|Thunderbolt|p2a: Slowking
|-damage|p2a: Slowking|70/100
|
|-fieldend|move: Electric Terrain
|upkeep
|turn|33
|
|t:|1659794392
|move|p1a: Tapu Koko|U-turn|p2a: Slowking
|-damage|p2a: Slowking|57/100
|
|t:|1659794396
|switch|p1a: Ferrothorn|Ferrothorn, M|100/100|[from]move: U-turn
|move|p2a: Slowking|Sludge Bomb|p1a: Ferrothorn
|-immune|p1a: Ferrothorn
|
|upkeep
|turn|34
|
|t:|1659794401
|move|p2a: Slowking|Future Sight|p1a: Ferrothorn
|-start|p2a: Slowking|move: Future Sight
|move|p1a: Ferrothorn|Knock Off|p2a: Slowking
|-supereffective|p2a: Slowking
|-damage|p2a: Slowking|21/100
|-enditem|p2a: Slowking|Assault Vest|[from] move: Knock Off|[of] p1a: Ferrothorn
|
|upkeep
|turn|35
|
|t:|1659794405
|switch|p2a: Moltres|Moltres|56/100 tox
|move|p1a: Ferrothorn|Leech Seed|p2a: Moltres
|-start|p2a: Moltres|move: Leech Seed
|
|-damage|p2a: Moltres|44/100 tox|[from] Leech Seed|[of] p1a: Ferrothorn
|-damage|p2a: Moltres|38/100 tox|[from] psn
|upkeep
|turn|36
|
|t:|1659794410
|switch|p1a: Jellicent|Jellicent, F|100/100
|move|p2a: Moltres|Flamethrower|p1a: Jellicent
|-resisted|p1a: Jellicent
|-damage|p1a: Jellicent|87/100
|
|-end|p1a: Jellicent|move: Future Sight
|-damage|p1a: Jellicent|55/100
|-heal|p1a: Jellicent|61/100|[from] item: Leftovers
|-damage|p2a: Moltres|26/100 tox|[from] Leech Seed|[of] p1a: Jellicent
|-heal|p1a: Jellicent|73/100|[silent]
|-damage|p2a: Moltres|14/100 tox|[from] psn
|upkeep
|turn|37
|
|t:|1659794414
|move|p2a: Moltres|Hurricane|p1a: Jellicent
|-damage|p1a: Jellicent|39/100
|-start|p1a: Jellicent|confusion
|-activate|p1a: Jellicent|confusion
|move|p1a: Jellicent|Recover|p1a: Jellicent
|-heal|p1a: Jellicent|90/100
|
|-heal|p1a: Jellicent|96/100|[from] item: Leftovers
|-damage|p2a: Moltres|2/100 tox|[from] Leech Seed|[of] p1a: Jellicent
|-heal|p1a: Jellicent|100/100|[silent]
|-damage|p2a: Moltres|0 fnt|[from] psn
|faint|p2a: Moltres
|upkeep
|
|t:|1659794419
|switch|p2a: Slowking|Slowking-Galar, F|54/100
|-damage|p2a: Slowking|42/100|[from] Stealth Rock
|turn|38
|
|t:|1659794423
|-activate|p1a: Jellicent|confusion
|move|p1a: Jellicent|Taunt|p2a: Slowking
|-start|p2a: Slowking|move: Taunt
|move|p2a: Slowking|Sludge Bomb|p1a: Jellicent
|-resisted|p1a: Jellicent
|-damage|p1a: Jellicent|88/100
|
|-heal|p1a: Jellicent|95/100|[from] item: Leftovers
|upkeep
|turn|39
|
|t:|1659794429
|-end|p1a: Jellicent|confusion
|move|p1a: Jellicent|Will-O-Wisp|p2a: Slowking
|-status|p2a: Slowking|brn
|move|p2a: Slowking|Future Sight|p1a: Jellicent
|-start|p2a: Slowking|move: Future Sight
|
|-heal|p1a: Jellicent|100/100|[from] item: Leftovers
|-damage|p2a: Slowking|36/100 brn|[from] brn
|upkeep
|turn|40
|
|t:|1659794436
|switch|p2a: Landorus|Landorus-Therian, M|88/100
|-damage|p2a: Landorus|76/100|[from] Stealth Rock
|-ability|p2a: Landorus|Intimidate|boost
|-unboost|p1a: Jellicent|atk|1
|move|p1a: Jellicent|Hex|p2a: Landorus
|-damage|p2a: Landorus|50/100
|
|upkeep
|turn|41
|
|t:|1659794440
|switch|p1a: Ferrothorn|Ferrothorn, M|100/100
|move|p2a: Landorus|Earthquake|p1a: Ferrothorn
|-damage|p1a: Ferrothorn|54/100
|
|-end|p1a: Ferrothorn|move: Future Sight
|-resisted|p1a: Ferrothorn
|-damage|p1a: Ferrothorn|35/100
|upkeep
|turn|42
|
|t:|1659794445
|move|p2a: Landorus|Earthquake|p1a: Ferrothorn
|-damage|p1a: Ferrothorn|0 fnt
|faint|p1a: Ferrothorn
|
|upkeep
|
|t:|1659794449
|switch|p1a: Jellicent|Jellicent, F|100/100
|turn|43
|
|t:|1659794450
|move|p2a: Landorus|Earthquake|p1a: Jellicent
|-damage|p1a: Jellicent|20/100
|move|p1a: Jellicent|Will-O-Wisp|p2a: Landorus
|-status|p2a: Landorus|brn
|
|-heal|p1a: Jellicent|26/100|[from] item: Leftovers
|-damage|p2a: Landorus|44/100 brn|[from] brn
|upkeep
|turn|44
|
|t:|1659794456
|move|p2a: Landorus|Earthquake|p1a: Jellicent
|-damage|p1a: Jellicent|0 fnt
|faint|p1a: Jellicent
|
|-damage|p2a: Landorus|38/100 brn|[from] brn
|upkeep
|
|t:|1659794460
|switch|p1a: Tapu Koko|Tapu Koko|100/100
|-fieldstart|move: Electric Terrain|[from] ability: Electric Surge|[of] p1a: Tapu Koko
|turn|45
|
|t:|1659794463
|move|p1a: Tapu Koko|U-turn|p2a: Landorus
|-resisted|p2a: Landorus
|-damage|p2a: Landorus|28/100 brn
|move|p2a: Landorus|Earthquake|p1a: Tapu Koko
|-supereffective|p1a: Tapu Koko
|-damage|p1a: Tapu Koko|5/100
|
|-damage|p2a: Landorus|22/100 brn|[from] brn
|upkeep
|turn|46
|
|t:|1659794467
|move|p1a: Tapu Koko|U-turn|p2a: Landorus
|-resisted|p2a: Landorus
|-damage|p2a: Landorus|12/100 brn
|move|p2a: Landorus|Earthquake|p1a: Tapu Koko
|-supereffective|p1a: Tapu Koko
|-damage|p1a: Tapu Koko|0 fnt
|faint|p1a: Tapu Koko
|
|win|ripreckful
|n|☆SigHighGamers|sighighgamers
|n|☆ripreckful|ripreckful
|n| okaiokaiokai|okaiokaiokai
