|j|☆ZerosGal
|j|☆GGeorgie
|t:|1661298940
|gametype|singles
|player|p1|ZerosGal|skyla|1494
|player|p2|GGeorgie|hiker-gen2|1538
|teamsize|p1|6
|teamsize|p2|6
|gen|8
|tier|[Gen 8] OU
|rated|
|rule|Sleep Clause Mod: Limit one foe put to sleep
|rule|Species Clause: Limit one of each Pokémon
|rule|OHKO Clause: OHKO moves are banned
|rule|Evasion Items Clause: Evasion items are banned
|rule|Evasion Moves Clause: Evasion moves are banned
|rule|Endless Battle Clause: Forcing endless battles is banned
|rule|HP Percentage Mod: HP is shown in percentages
|rule|Dynamax Clause: You cannot dynamax
|clearpoke
|poke|p1|Moltres|
|poke|p1|Landorus-Therian, M|
|poke|p1|Slowking-Galar, F|
|poke|p1|Weavile, F|
|poke|p1|Clefable, F|
|poke|p1|Rillaboom, M|
|poke|p2|Zapdos|
|poke|p2|Tyranitar, F|
|poke|p2|Landorus-Therian, M|
|poke|p2|Excadrill, F|
|poke|p2|Clefable, M|
|poke|p2|Ferrothorn, M|
|teampreview
|inactive|Battle timer is ON: inactive players will automatically lose when time's up. (requested by GGeorgie)
|
|t:|1661298974
|start
|switch|p1a: Weavile|Weavile, F|100/100
|switch|p2a: Landorus|Landorus-Therian, M|100/100
|-ability|p2a: Landorus|Intimidate|boost
|-unboost|p1a: Weavile|atk|1
|-ability|p1a: Weavile|Pressure
|turn|1
|
|t:|1661298983
|move|p2a: Landorus|Stone Edge|p1a: Weavile
|-supereffective|p1a: Weavile
|-damage|p1a: Weavile|0 fnt
|faint|p1a: Weavile
|
|upkeep
|
|t:|1661299001
|switch|p1a: Rillaboom|Rillaboom, M|100/100
|-fieldstart|move: Grassy Terrain|[from] ability: Grassy Surge|[of] p1a: Rillaboom
|turn|2
|
|t:|1661299017
|switch|p2a: Ferrothorn|Ferrothorn, M, shiny|100/100
|move|p1a: Rillaboom|Swords Dance|p1a: Rillaboom
|-boost|p1a: Rillaboom|atk|2
|
|upkeep
|turn|3
|
|t:|1661299021
|switch|p2a: Clefable|Clefable, M|100/100
|move|p1a: Rillaboom|Superpower|p2a: Clefable
|-resisted|p2a: Clefable
|-damage|p2a: Clefable|67/100
|-unboost|p1a: Rillaboom|atk|1
|-unboost|p1a: Rillaboom|def|1
|
|-heal|p2a: Clefable|73/100|[from] Grassy Terrain
|upkeep
|turn|4
|
|t:|1661299029
|switch|p1a: Slowking|Slowking-Galar, F|100/100
|switch|p2a: Ferrothorn|Ferrothorn, M, shiny|100/100
|
|upkeep
|turn|5
|
|t:|1661299031
|switch|p2a: Tyranitar|Tyranitar, F, shiny|100/100
|-weather|Sandstorm|[from] ability: Sand Stream|[of] p2a: Tyranitar
|move|p1a: Slowking|Flamethrower|p2a: Tyranitar
|-resisted|p2a: Tyranitar
|-damage|p2a: Tyranitar|91/100
|
|-weather|Sandstorm|[upkeep]
|-damage|p1a: Slowking|94/100|[from] Sandstorm
|-heal|p2a: Tyranitar|98/100|[from] Grassy Terrain
|-heal|p1a: Slowking|100/100|[from] Grassy Terrain
|upkeep
|turn|6
|
|t:|1661299035
|switch|p1a: Landorus|Landorus-Therian, M|100/100
|-ability|p1a: Landorus|Intimidate|boost
|-unboost|p2a: Tyranitar|atk|1
|move|p2a: Tyranitar|Stealth Rock|p1a: Landorus
|-sidestart|p1: ZerosGal|move: Stealth Rock
|
|-weather|Sandstorm|[upkeep]
|-heal|p2a: Tyranitar|100/100|[from] Grassy Terrain
|-fieldend|move: Grassy Terrain
|upkeep
|turn|7
|
|t:|1661299039
|switch|p2a: Zapdos|Zapdos|100/100
|move|p1a: Landorus|Defog|p2a: Zapdos
|-unboost|p2a: Zapdos|evasion|1
|-sideend|p1: ZerosGal|Stealth Rock|[from] move: Defog|[of] p1a: Landorus
|
|-weather|Sandstorm|[upkeep]
|-damage|p2a: Zapdos|94/100|[from] Sandstorm
|upkeep
|turn|8
|
|t:|1661299042
|move|p2a: Zapdos|Hurricane|p1a: Landorus|[miss]
|-miss|p2a: Zapdos|p1a: Landorus
|move|p1a: Landorus|Toxic|p2a: Zapdos
|-status|p2a: Zapdos|tox
|
|-weather|Sandstorm|[upkeep]
|-damage|p2a: Zapdos|88/100 tox|[from] Sandstorm
|-damage|p2a: Zapdos|82/100 tox|[from] psn
|upkeep
|turn|9
|
|t:|1661299050
|switch|p1a: Slowking|Slowking-Galar, F|100/100
|move|p2a: Zapdos|Hurricane|p1a: Slowking
|-damage|p1a: Slowking|66/100
|
|-weather|none
|-damage|p2a: Zapdos|69/100 tox|[from] psn
|upkeep
|turn|10
|
|t:|1661299058
|switch|p2a: Tyranitar|Tyranitar, F, shiny|100/100
|-weather|Sandstorm|[from] ability: Sand Stream|[of] p2a: Tyranitar
|move|p1a: Slowking|Future Sight|p2a: Tyranitar
|-start|p1a: Slowking|move: Future Sight
|
|-weather|Sandstorm|[upkeep]
|-damage|p1a: Slowking|60/100|[from] Sandstorm
|upkeep
|turn|11
|
|t:|1661299070
|switch|p1a: Clefable|Clefable, F|100/100
|move|p2a: Tyranitar|Stone Edge|p1a: Clefable|[miss]
|-miss|p2a: Tyranitar|p1a: Clefable
|
|-weather|Sandstorm|[upkeep]
|-damage|p1a: Clefable|94/100|[from] Sandstorm
|-heal|p1a: Clefable|100/100|[from] item: Leftovers
|upkeep
|turn|12
|
|t:|1661299076
|move|p2a: Tyranitar|Taunt|p1a: Clefable
|-start|p1a: Clefable|move: Taunt
|cant|p1a: Clefable|move: Taunt|Calm Mind
|
|-weather|Sandstorm|[upkeep]
|-damage|p1a: Clefable|94/100|[from] Sandstorm
|-end|p2a: Tyranitar|move: Future Sight
|-immune|p2a: Tyranitar
|-heal|p1a: Clefable|100/100|[from] item: Leftovers
|upkeep
|turn|13
|
|t:|1661299080
|switch|p2a: Excadrill|Excadrill, F|100/100
|move|p1a: Clefable|Moonblast|p2a: Excadrill
|-resisted|p2a: Excadrill
|-damage|p2a: Excadrill|80/100
|
|-weather|Sandstorm|[upkeep]
|-damage|p1a: Clefable|94/100|[from] Sandstorm
|-heal|p2a: Excadrill|86/100|[from] item: Leftovers
|-heal|p1a: Clefable|100/100|[from] item: Leftovers
|upkeep
|turn|14
|
|t:|1661299085
|switch|p2a: Landorus|Landorus-Therian, M|100/100
|-ability|p2a: Landorus|Intimidate|boost
|-unboost|p1a: Clefable|atk|1
|switch|p1a: Landorus|Landorus-Therian, M|100/100
|-ability|p1a: Landorus|Intimidate|boost
|-unboost|p2a: Landorus|atk|1
|
|-weather|none
|upkeep
|turn|15
|
|t:|1661299097
|move|p2a: Landorus|U-turn|p1a: Landorus
|-resisted|p1a: Landorus
|-damage|p1a: Landorus|92/100
|
|t:|1661299100
|switch|p2a: Clefable|Clefable, M|73/100|[from]move: U-turn
|move|p1a: Landorus|Toxic|p2a: Clefable
|-status|p2a: Clefable|tox
|
|-heal|p1a: Landorus|98/100|[from] item: Leftovers
|upkeep
|turn|16
|inactive|ZerosGal has 120 seconds left.
|
|t:|1661299147
|switch|p1a: Moltres|Moltres|100/100
|move|p2a: Clefable|Soft-Boiled|p2a: Clefable
|-heal|p2a: Clefable|100/100 tox
|
|upkeep
|turn|17
|
|t:|1661299167
|move|p1a: Moltres|Scorching Sands|p2a: Clefable
|-damage|p2a: Clefable|83/100 tox
|move|p2a: Clefable|Thunder|p1a: Moltres
|-supereffective|p1a: Moltres
|-damage|p1a: Moltres|33/100
|
|upkeep
|turn|18
|
|t:|1661299176
|move|p1a: Moltres|Roost|p1a: Moltres
|-heal|p1a: Moltres|83/100
|-singleturn|p1a: Moltres|move: Roost
|move|p2a: Clefable|Thunder|p1a: Moltres
|-crit|p1a: Moltres
|-damage|p1a: Moltres|33/100
|
|upkeep
|turn|19
|inactive|ZerosGal has 120 seconds left.
|
|t:|1661299182
|switch|p1a: Landorus|Landorus-Therian, M|98/100
|-ability|p1a: Landorus|Intimidate|boost
|-unboost|p2a: Clefable|atk|1
|move|p2a: Clefable|Thunder|p1a: Landorus
|-immune|p1a: Landorus
|
|-heal|p1a: Landorus|100/100|[from] item: Leftovers
|upkeep
|turn|20
|inactive|ZerosGal has 120 seconds left.
|
|t:|1661299197
|switch|p1a: Rillaboom|Rillaboom, M|100/100
|-fieldstart|move: Grassy Terrain|[from] ability: Grassy Surge|[of] p1a: Rillaboom
|move|p2a: Clefable|Calm Mind|p2a: Clefable
|-boost|p2a: Clefable|spa|1
|-boost|p2a: Clefable|spd|1
|
|-heal|p2a: Clefable|90/100 tox|[from] Grassy Terrain
|upkeep
|turn|21
|
|t:|1661299202
|move|p1a: Rillaboom|Swords Dance|p1a: Rillaboom
|-boost|p1a: Rillaboom|atk|2
|move|p2a: Clefable|Moonblast|p1a: Rillaboom
|-damage|p1a: Rillaboom|30/100
|
|-heal|p1a: Rillaboom|36/100|[from] Grassy Terrain
|-heal|p1a: Rillaboom|42/100|[from] item: Leftovers
|-heal|p2a: Clefable|96/100 tox|[from] Grassy Terrain
|upkeep
|turn|22
|
|t:|1661299205
|switch|p2a: Ferrothorn|Ferrothorn, M, shiny|100/100
|move|p1a: Rillaboom|Grassy Glide|p2a: Ferrothorn
|-resisted|p2a: Ferrothorn
|-crit|p2a: Ferrothorn
|-damage|p2a: Ferrothorn|77/100
|-damage|p1a: Rillaboom|30/100|[from] ability: Iron Barbs|[of] p2a: Ferrothorn
|-damage|p1a: Rillaboom|13/100|[from] item: Rocky Helmet|[of] p2a: Ferrothorn
|
|-heal|p1a: Rillaboom|19/100|[from] Grassy Terrain
|-heal|p1a: Rillaboom|25/100|[from] item: Leftovers
|-heal|p2a: Ferrothorn|83/100|[from] Grassy Terrain
|upkeep
|turn|23
|
|t:|1661299210
|move|p1a: Rillaboom|Grassy Glide|p2a: Ferrothorn
|-resisted|p2a: Ferrothorn
|-damage|p2a: Ferrothorn|68/100
|-damage|p1a: Rillaboom|13/100|[from] ability: Iron Barbs|[of] p2a: Ferrothorn
|-damage|p1a: Rillaboom|0 fnt|[from] item: Rocky Helmet|[of] p2a: Ferrothorn
|faint|p1a: Rillaboom
|move|p2a: Ferrothorn|Knock Off|p1: Rillaboom|[notarget]
|-fail|p2a: Ferrothorn
|
|-heal|p2a: Ferrothorn|75/100|[from] Grassy Terrain
|upkeep
|-message|ZerosGal forfeited.
|
|win|GGeorgie
|raw|ZerosGal's rating: 1494 &rarr; <strong>1475</strong><br />(-19 for losing)
|raw|GGeorgie's rating: 1519 &rarr; <strong>1538</strong><br />(+19 for winning)
|l|☆ZerosGal
