|j|☆Datsplashtho
|j|☆ezwz
|t:|1603733084
|player|p1|Datsplashtho|169|1857
|player|p2|ezwz|youngster-gen4|1887
|teamsize|p1|6
|teamsize|p2|6
|gametype|singles
|gen|8
|tier|[Gen 8] OU
|rated|
|clearpoke
|poke|p1|Dracozolt|
|poke|p1|Slowbro, F|
|poke|p1|Tyranitar, M|
|poke|p1|Excadrill, F|
|poke|p1|Moltres|
|poke|p1|Magearna|
|poke|p2|Pelipper, F|
|poke|p2|Seismitoad, F|
|poke|p2|Kingdra, F|
|poke|p2|Urshifu-*, F|
|poke|p2|Magearna|
|poke|p2|Thundurus-Therian, M|
|rule|Sleep Clause Mod: Limit one foe put to sleep
|rule|Species Clause: Limit one of each Pokémon
|rule|OHKO Clause: OHKO moves are banned
|rule|Evasion Moves Clause: Evasion moves are banned
|rule|Endless Battle Clause: Forcing endless battles is banned
|rule|HP Percentage Mod: HP is shown in percentages
|rule|Dynamax Clause: You cannot dynamax
|teampreview
|j| King_Ttarr
|
|t:|1603733098
|start
|switch|p1a: Magearna|Magearna|100/100
|switch|p2a: Pelipper|Pelipper, F|100/100
|-weather|RainDance|[from] ability: Drizzle|[of] p2a: Pelipper
|turn|1
|j| spinseebeck
|
|t:|1603733105
|switch|p2a: Seismitoad|Seismitoad, F|100/100
|move|p1a: Magearna|Fleur Cannon|p2a: Seismitoad
|-damage|p2a: Seismitoad|21/100
|-unboost|p1a: Magearna|spa|2
|
|-weather|RainDance|[upkeep]
|upkeep
|turn|2
|l| King_Ttarr
|l| spinseebeck
|
|t:|1603733110
|switch|p1a: Tyranitar|Tyranitar, M|100/100
|-weather|Sandstorm|[from] ability: Sand Stream|[of] p1a: Tyranitar
|move|p2a: Seismitoad|Stealth Rock|p1a: Tyranitar
|-sidestart|p1: Datsplashtho|move: Stealth Rock
|
|-weather|Sandstorm|[upkeep]
|upkeep
|turn|3
|
|t:|1603733117
|switch|p1a: Slowbro|Slowbro, F|100/100
|move|p2a: Seismitoad|Earth Power|p1a: Slowbro
|-damage|p1a: Slowbro|46/100
|-damage|p2a: Seismitoad|12/100|[from] item: Life Orb
|
|-weather|Sandstorm|[upkeep]
|-damage|p1a: Slowbro|40/100|[from] Sandstorm
|upkeep
|turn|4
|j| znop
|
|t:|1603733123
|switch|p1a: Moltres|Moltres|100/100
|move|p2a: Seismitoad|Weather Ball|p1a: Moltres
|-supereffective|p1a: Moltres
|-damage|p1a: Moltres|0 fnt
|-damage|p2a: Seismitoad|2/100|[from] item: Life Orb
|faint|p1a: Moltres
|
|-weather|Sandstorm|[upkeep]
|upkeep
|j| gridline
|j| The Vibe's 2 Wavy
|
|t:|1603733138
|switch|p1a: Slowbro|Slowbro, F|73/100
|turn|5
|
|t:|1603733144
|switch|p2a: Magearna|Magearna|100/100
|move|p1a: Slowbro|Teleport|p1a: Slowbro
|
|t:|1603733146
|switch|p1a: Excadrill|Excadrill, F|100/100|[from]move: Teleport
|-damage|p1a: Excadrill|97/100|[from] Stealth Rock
|
|-weather|Sandstorm|[upkeep]
|-heal|p1a: Excadrill|100/100|[from] item: Leftovers
|upkeep
|turn|6
|
|t:|1603733152
|switch|p2a: Pelipper|Pelipper, F|100/100
|-weather|RainDance|[from] ability: Drizzle|[of] p2a: Pelipper
|move|p1a: Excadrill|Swords Dance|p1a: Excadrill
|-boost|p1a: Excadrill|atk|2
|
|-weather|RainDance|[upkeep]
|upkeep
|turn|7
|j| fluffy cows
|
|t:|1603733168
|switch|p1a: Tyranitar|Tyranitar, M|100/100
|-damage|p1a: Tyranitar|88/100|[from] Stealth Rock
|-weather|Sandstorm|[from] ability: Sand Stream|[of] p1a: Tyranitar
|switch|p2a: Urshifu|Urshifu-Rapid-Strike, F|100/100
|
|-weather|Sandstorm|[upkeep]
|-damage|p2a: Urshifu|94/100|[from] Sandstorm
|-heal|p1a: Tyranitar|94/100|[from] item: Leftovers
|upkeep
|turn|8
|
|t:|1603733174
|switch|p1a: Slowbro|Slowbro, F|100/100
|move|p2a: Urshifu|Thunder Punch|p1a: Slowbro
|-supereffective|p1a: Slowbro
|-damage|p1a: Slowbro|60/100
|-damage|p2a: Urshifu|84/100|[from] item: Life Orb
|
|-weather|Sandstorm|[upkeep]
|-damage|p2a: Urshifu|78/100|[from] Sandstorm
|-damage|p1a: Slowbro|54/100|[from] Sandstorm
|upkeep
|turn|9
|
|t:|1603733180
|move|p2a: Urshifu|Thunder Punch|p1a: Slowbro
|-supereffective|p1a: Slowbro
|-damage|p1a: Slowbro|9/100
|-damage|p2a: Urshifu|68/100|[from] item: Life Orb
|move|p1a: Slowbro|Teleport|p1a: Slowbro
|j| QuasiBoom
|
|t:|1603733185
|switch|p1a: Excadrill|Excadrill, F|100/100|[from]move: Teleport
|-damage|p1a: Excadrill|97/100|[from] Stealth Rock
|
|-weather|Sandstorm|[upkeep]
|-damage|p2a: Urshifu|62/100|[from] Sandstorm
|-heal|p1a: Excadrill|100/100|[from] item: Leftovers
|upkeep
|turn|10
|
|t:|1603733188
|switch|p2a: Pelipper|Pelipper, F|100/100
|-weather|RainDance|[from] ability: Drizzle|[of] p2a: Pelipper
|move|p1a: Excadrill|Earthquake|p2a: Pelipper
|-immune|p2a: Pelipper
|
|-weather|RainDance|[upkeep]
|upkeep
|turn|11
|
|t:|1603733190
|switch|p1a: Tyranitar|Tyranitar, M|94/100
|-damage|p1a: Tyranitar|82/100|[from] Stealth Rock
|-weather|Sandstorm|[from] ability: Sand Stream|[of] p1a: Tyranitar
|move|p2a: Pelipper|U-turn|p1a: Tyranitar
|-supereffective|p1a: Tyranitar
|-damage|p1a: Tyranitar|68/100
|
|t:|1603733196
|switch|p2a: Seismitoad|Seismitoad, F|2/100|[from]move: U-turn
|
|-weather|Sandstorm|[upkeep]
|-heal|p1a: Tyranitar|74/100|[from] item: Leftovers
|upkeep
|turn|12
|
|t:|1603733204
|move|p2a: Seismitoad|Earth Power|p1a: Tyranitar
|-supereffective|p1a: Tyranitar
|-damage|p1a: Tyranitar|31/100
|-unboost|p1a: Tyranitar|spd|1
|-damage|p2a: Seismitoad|0 fnt|[from] item: Life Orb
|faint|p2a: Seismitoad
|move|p1a: Tyranitar|Stealth Rock|p2: Seismitoad
|-sidestart|p2: ezwz|move: Stealth Rock
|
|-weather|Sandstorm|[upkeep]
|-heal|p1a: Tyranitar|37/100|[from] item: Leftovers
|upkeep
|
|t:|1603733210
|switch|p2a: Urshifu|Urshifu-Rapid-Strike, F|62/100
|-damage|p2a: Urshifu|56/100|[from] Stealth Rock
|turn|13
|
|t:|1603733213
|switch|p1a: Dracozolt|Dracozolt|100/100
|-damage|p1a: Dracozolt|88/100|[from] Stealth Rock
|move|p2a: Urshifu|Surging Strikes|p1a: Dracozolt
|-resisted|p1a: Dracozolt
|-crit|p1a: Dracozolt
|-damage|p1a: Dracozolt|72/100
|-resisted|p1a: Dracozolt
|-crit|p1a: Dracozolt
|-damage|p1a: Dracozolt|56/100
|-resisted|p1a: Dracozolt
|-crit|p1a: Dracozolt
|-damage|p1a: Dracozolt|39/100
|-hitcount|p1a: Dracozolt|3
|-damage|p2a: Urshifu|46/100|[from] item: Life Orb
|
|-weather|Sandstorm|[upkeep]
|-damage|p2a: Urshifu|40/100|[from] Sandstorm
|upkeep
|turn|14
|
|t:|1603733219
|move|p1a: Dracozolt|Dragon Claw|p2a: Urshifu
|-damage|p2a: Urshifu|0 fnt
|faint|p2a: Urshifu
|
|-weather|Sandstorm|[upkeep]
|upkeep
|
|t:|1603733230
|switch|p2a: Pelipper|Pelipper, F|100/100
|-damage|p2a: Pelipper|76/100|[from] Stealth Rock
|-weather|RainDance|[from] ability: Drizzle|[of] p2a: Pelipper
|turn|15
|
|t:|1603733236
|switch|p1a: Magearna|Magearna|100/100
|-damage|p1a: Magearna|95/100|[from] Stealth Rock
|move|p2a: Pelipper|Roost|p2a: Pelipper
|-heal|p2a: Pelipper|100/100
|-singleturn|p2a: Pelipper|move: Roost
|
|-weather|RainDance|[upkeep]
|upkeep
|turn|16
|
|t:|1603733248
|switch|p2a: Thundurus|Thundurus-Therian, M|100/100
|move|p1a: Magearna|Fleur Cannon|p2a: Thundurus|[miss]
|-miss|p1a: Magearna|p2a: Thundurus
|
|-weather|RainDance|[upkeep]
|upkeep
|turn|17
|c| QuasiBoom|wow
|j| Bugz25
|
|t:|1603733254
|move|p1a: Magearna|Fleur Cannon|p2a: Thundurus
|-damage|p2a: Thundurus|14/100
|-unboost|p1a: Magearna|spa|2
|move|p2a: Thundurus|Thunder|p1a: Magearna
|-damage|p1a: Magearna|30/100
|
|-weather|RainDance|[upkeep]
|upkeep
|turn|18
|c| QuasiBoom|no justice
|c|☆ezwz|bruh why this mf using scarf on everything
|
|t:|1603733272
|switch|p1a: Excadrill|Excadrill, F|100/100
|-damage|p1a: Excadrill|97/100|[from] Stealth Rock
|switch|p2a: Magearna|Magearna|100/100
|-damage|p2a: Magearna|94/100|[from] Stealth Rock
|
|-weather|RainDance|[upkeep]
|-heal|p1a: Excadrill|100/100|[from] item: Leftovers
|upkeep
|turn|19
|
|t:|1603733281
|switch|p2a: Thundurus|Thundurus-Therian, M|14/100
|move|p1a: Excadrill|Swords Dance|p1a: Excadrill
|-boost|p1a: Excadrill|atk|2
|
|-weather|RainDance|[upkeep]
|upkeep
|turn|20
|j| Priyankaa
|
|t:|1603733285
|move|p2a: Thundurus|Weather Ball|p1a: Excadrill
|-supereffective|p1a: Excadrill
|-damage|p1a: Excadrill|0 fnt
|faint|p1a: Excadrill
|
|-weather|RainDance|[upkeep]
|upkeep
|
|t:|1603733287
|switch|p1a: Magearna|Magearna|30/100
|-damage|p1a: Magearna|24/100|[from] Stealth Rock
|turn|21
|
|t:|1603733290
|switch|p2a: Magearna|Magearna|94/100
|-damage|p2a: Magearna|88/100|[from] Stealth Rock
|move|p1a: Magearna|Ice Beam|p2a: Magearna
|-resisted|p2a: Magearna
|-damage|p2a: Magearna|82/100
|
|-weather|RainDance|[upkeep]
|upkeep
|turn|22
|
|t:|1603733294
|switch|p1a: Slowbro|Slowbro, F|42/100
|move|p2a: Magearna|Volt Switch|p1a: Slowbro
|-supereffective|p1a: Slowbro
|-damage|p1a: Slowbro|3/100
|
|t:|1603733298
|switch|p2a: Kingdra|Kingdra, F|100/100|[from]move: Volt Switch
|-damage|p2a: Kingdra|88/100|[from] Stealth Rock
|
|-weather|none
|upkeep
|turn|23
|
|t:|1603733302
|move|p2a: Kingdra|Surf|p1a: Slowbro
|-resisted|p1a: Slowbro
|-damage|p1a: Slowbro|0 fnt
|faint|p1a: Slowbro
|
|upkeep
|c| QuasiBoom|isnt mage
|
|t:|1603733304
|switch|p1a: Magearna|Magearna|24/100
|-damage|p1a: Magearna|18/100|[from] Stealth Rock
|turn|24
|j| Mcjizzletitties
|c| QuasiBoom|his only scarfer
|
|t:|1603733312
|switch|p2a: Thundurus|Thundurus-Therian, M|14/100
|move|p1a: Magearna|Fleur Cannon|p2a: Thundurus
|-damage|p2a: Thundurus|0 fnt
|-unboost|p1a: Magearna|spa|2
|faint|p2a: Thundurus
|-ability|p1a: Magearna|Soul-Heart|boost
|-boost|p1a: Magearna|spa|1
|
|upkeep
|l| Bugz25
|
|t:|1603733318
|switch|p2a: Magearna|Magearna|82/100
|-damage|p2a: Magearna|76/100|[from] Stealth Rock
|turn|25
|
|t:|1603733324
|switch|p1a: Tyranitar|Tyranitar, M|37/100
|-damage|p1a: Tyranitar|25/100|[from] Stealth Rock
|-weather|Sandstorm|[from] ability: Sand Stream|[of] p1a: Tyranitar
|move|p2a: Magearna|Fleur Cannon|p1a: Tyranitar
|-supereffective|p1a: Tyranitar
|-damage|p1a: Tyranitar|0 fnt
|-unboost|p2a: Magearna|spa|2
|faint|p1a: Tyranitar
|-ability|p2a: Magearna|Soul-Heart|boost
|-boost|p2a: Magearna|spa|1
|
|-weather|Sandstorm|[upkeep]
|upkeep
|c| QuasiBoom|dracozolt and exca have sand rush lol
|
|t:|1603733326
|switch|p1a: Dracozolt|Dracozolt|39/100
|-damage|p1a: Dracozolt|27/100|[from] Stealth Rock
|turn|26
|l| Mcjizzletitties
|c|☆ezwz|o ye lool
|
|t:|1603733357
|switch|p2a: Pelipper|Pelipper, F|100/100
|-damage|p2a: Pelipper|76/100|[from] Stealth Rock
|-weather|RainDance|[from] ability: Drizzle|[of] p2a: Pelipper
|move|p1a: Dracozolt|Bolt Beak|p2a: Pelipper
|-supereffective|p2a: Pelipper
|-damage|p2a: Pelipper|0 fnt
|faint|p2a: Pelipper
|
|-weather|RainDance|[upkeep]
|upkeep
|
|t:|1603733359
|switch|p2a: Kingdra|Kingdra, F|88/100
|-damage|p2a: Kingdra|76/100|[from] Stealth Rock
|turn|27
|
|t:|1603733363
|switch|p1a: Magearna|Magearna|18/100
|-damage|p1a: Magearna|12/100|[from] Stealth Rock
|move|p2a: Kingdra|Surf|p1a: Magearna
|-damage|p1a: Magearna|0 fnt
|faint|p1a: Magearna
|
|-weather|RainDance|[upkeep]
|upkeep
|
|t:|1603733368
|switch|p1a: Dracozolt|Dracozolt|27/100
|-damage|p1a: Dracozolt|15/100|[from] Stealth Rock
|turn|28
|
|t:|1603733370
|move|p2a: Kingdra|Surf|p1a: Dracozolt
|-resisted|p1a: Dracozolt
|-damage|p1a: Dracozolt|0 fnt
|faint|p1a: Dracozolt
|
|win|ezwz
|l|☆ezwz
|c|☆Datsplashtho|GG
|l|☆Datsplashtho
|j| M10
|l| gridline
|l| znop
|c| QuasiBoom|gg
|l| QuasiBoom
|l| M10
||Ladder (probably) updated, but score could not be retrieved (Request timeout).
|j| liet32120
|l| fluffy cows
|l| Priyankaa
|l| liet32120
|l|thevibes2wavy
