|j|☆Yaga31
|j|☆LECH24
|t:|1657995651
|gametype|singles
|player|p1|Yaga31|2|1597
|player|p2|LECH24|265|1614
|teamsize|p1|6
|teamsize|p2|6
|gen|8
|tier|[Gen 8] OU
|rated|
|rule|Sleep Clause Mod: Limit one foe put to sleep
|rule|Species Clause: Limit one of each Pokémon
|rule|OHKO Clause: OHKO moves are banned
|rule|Evasion Moves Clause: Evasion moves are banned
|rule|Endless Battle Clause: Forcing endless battles is banned
|rule|HP Percentage Mod: HP is shown in percentages
|rule|Dynamax Clause: You cannot dynamax
|clearpoke
|poke|p1|Tornadus-Therian, M|
|poke|p1|Bisharp, M|
|poke|p1|Rillaboom, F|
|poke|p1|Victini|
|poke|p1|Swampert, M|
|poke|p1|Kartana|
|poke|p2|Blacephalon|
|poke|p2|Volcarona, F|
|poke|p2|Tyranitar, F|
|poke|p2|Excadrill, F|
|poke|p2|Seismitoad, F|
|poke|p2|Tornadus-Therian, M|
|teampreview
|
|t:|1657995662
|start
|switch|p1a: Swampert|Swampert, M|100/100
|switch|p2a: Seismitoad|Seismitoad, F|100/100
|turn|1
|
|t:|1657995665
|move|p2a: Seismitoad|Power Whip|p1a: Swampert
|-supereffective|p1a: Swampert
|-damage|p1a: Swampert|2/100
|move|p1a: Swampert|Stealth Rock|p2a: Seismitoad
|-sidestart|p2: LECH24|move: Stealth Rock
|
|-heal|p1a: Swampert|9/100|[from] item: Leftovers
|upkeep
|turn|2
|
|t:|1657995673
|switch|p1a: Bisharp|Bisharp, M|100/100
|move|p2a: Seismitoad|Knock Off|p1a: Bisharp
|-resisted|p1a: Bisharp
|-damage|p1a: Bisharp|88/100
|-enditem|p1a: Bisharp|Life Orb|[from] move: Knock Off|[of] p2a: Seismitoad
|
|upkeep
|turn|3
|
|t:|1657995676
|move|p1a: Bisharp|Knock Off|p2a: Seismitoad
|-damage|p2a: Seismitoad|64/100
|-enditem|p2a: Seismitoad|Leftovers|[from] move: Knock Off|[of] p1a: Bisharp
|move|p2a: Seismitoad|Earthquake|p1a: Bisharp
|-supereffective|p1a: Bisharp
|-damage|p1a: Bisharp|0 fnt
|faint|p1a: Bisharp
|
|upkeep
|
|t:|1657995680
|switch|p1a: Rillaboom|Rillaboom, F|100/100
|-fieldstart|move: Grassy Terrain|[from] ability: Grassy Surge|[of] p1a: Rillaboom
|turn|4
|
|t:|1657995689
|move|p1a: Rillaboom|U-turn|p2a: Seismitoad
|-damage|p2a: Seismitoad|34/100
|
|t:|1657995693
|switch|p1a: Tornadus|Tornadus-Therian, M|100/100|[from]move: U-turn
|move|p2a: Seismitoad|Knock Off|p1a: Tornadus
|-damage|p1a: Tornadus|77/100
|-enditem|p1a: Tornadus|Heavy-Duty Boots|[from] move: Knock Off|[of] p2a: Seismitoad
|
|-heal|p2a: Seismitoad|40/100|[from] Grassy Terrain
|upkeep
|turn|5
|
|t:|1657995702
|move|p1a: Tornadus|U-turn|p2a: Seismitoad
|-damage|p2a: Seismitoad|30/100
|
|t:|1657995704
|switch|p1a: Rillaboom|Rillaboom, F|100/100|[from]move: U-turn
|move|p2a: Seismitoad|Scald|p1a: Rillaboom
|-resisted|p1a: Rillaboom
|-crit|p1a: Rillaboom
|-damage|p1a: Rillaboom|76/100
|-status|p1a: Rillaboom|brn
|
|-heal|p1a: Rillaboom|83/100 brn|[from] Grassy Terrain
|-heal|p2a: Seismitoad|36/100|[from] Grassy Terrain
|-damage|p1a: Rillaboom|76/100 brn|[from] brn
|upkeep
|turn|6
|
|t:|1657995715
|move|p1a: Rillaboom|Wood Hammer|p2a: Seismitoad
|-supereffective|p2a: Seismitoad
|-damage|p2a: Seismitoad|0 fnt
|faint|p2a: Seismitoad
|-damage|p1a: Rillaboom|62/100 brn|[from] Recoil
|
|-heal|p1a: Rillaboom|68/100 brn|[from] Grassy Terrain
|-damage|p1a: Rillaboom|62/100 brn|[from] brn
|upkeep
|
|t:|1657995734
|switch|p2a: Tornadus|Tornadus-Therian, M|100/100
|-damage|p2a: Tornadus|76/100|[from] Stealth Rock
|turn|7
|j| PathTracker
|l| PathTracker
|
|t:|1657995741
|switch|p1a: Swampert|Swampert, M|9/100
|move|p2a: Tornadus|Heat Wave|p1a: Swampert|[miss]
|-miss|p2a: Tornadus|p1a: Swampert
|
|-heal|p1a: Swampert|15/100|[from] Grassy Terrain
|-heal|p1a: Swampert|21/100|[from] item: Leftovers
|upkeep
|turn|8
|
|t:|1657995745
|move|p2a: Tornadus|Hurricane|p1a: Swampert|[miss]
|-miss|p2a: Tornadus|p1a: Swampert
|move|p1a: Swampert|Flip Turn|p2a: Tornadus
|-damage|p2a: Tornadus|33/100
|j| Arreat
|
|t:|1657995753
|switch|p1a: Kartana|Kartana|100/100|[from]move: Flip Turn
|
|-fieldend|move: Grassy Terrain
|upkeep
|turn|9
|
|t:|1657995760
|switch|p2a: Tyranitar|Tyranitar, F|100/100
|-damage|p2a: Tyranitar|88/100|[from] Stealth Rock
|-weather|Sandstorm|[from] ability: Sand Stream|[of] p2a: Tyranitar
|move|p1a: Kartana|Knock Off|p2a: Tyranitar
|-resisted|p2a: Tyranitar
|-damage|p2a: Tyranitar|72/100
|-enditem|p2a: Tyranitar|Smooth Rock|[from] move: Knock Off|[of] p1a: Kartana
|
|-weather|Sandstorm|[upkeep]
|upkeep
|turn|10
|j| EmperadorMichi
|
|t:|1657995768
|switch|p1a: Swampert|Swampert, M|21/100
|move|p2a: Tyranitar|Stealth Rock|p1a: Swampert
|-sidestart|p1: Yaga31|move: Stealth Rock
|
|-weather|Sandstorm|[upkeep]
|-heal|p1a: Swampert|27/100|[from] item: Leftovers
|upkeep
|turn|11
|
|t:|1657995772
|move|p2a: Tyranitar|Earthquake|p1a: Swampert
|-damage|p1a: Swampert|0 fnt
|faint|p1a: Swampert
|
|-weather|Sandstorm|[upkeep]
|upkeep
|j| PathTracker
|
|t:|1657995774
|switch|p1a: Rillaboom|Rillaboom, F|62/100 brn
|-damage|p1a: Rillaboom|50/100 brn|[from] Stealth Rock
|-fieldstart|move: Grassy Terrain|[from] ability: Grassy Surge|[of] p1a: Rillaboom
|turn|12
|l| Arreat
|
|t:|1657995783
|switch|p2a: Tornadus|Tornadus-Therian, M|66/100
|-damage|p2a: Tornadus|41/100|[from] Stealth Rock
|move|p1a: Rillaboom|U-turn|p2a: Tornadus
|-resisted|p2a: Tornadus
|-damage|p2a: Tornadus|28/100
|
|t:|1657995792
|switch|p1a: Tornadus|Tornadus-Therian, M|100/100|[from]move: U-turn
|-damage|p1a: Tornadus|76/100|[from] Stealth Rock
|
|-weather|Sandstorm|[upkeep]
|-damage|p2a: Tornadus|22/100|[from] Sandstorm
|-damage|p1a: Tornadus|69/100|[from] Sandstorm
|upkeep
|turn|13
|
|t:|1657995794
|move|p2a: Tornadus|Weather Ball|p1a: Tornadus
|-supereffective|p1a: Tornadus
|-damage|p1a: Tornadus|0 fnt
|faint|p1a: Tornadus
|-damage|p2a: Tornadus|12/100|[from] item: Life Orb
|
|-weather|Sandstorm|[upkeep]
|-damage|p2a: Tornadus|6/100|[from] Sandstorm
|upkeep
|
|t:|1657995799
|switch|p1a: Rillaboom|Rillaboom, F|50/100 brn
|-damage|p1a: Rillaboom|37/100 brn|[from] Stealth Rock
|turn|14
|
|t:|1657995802
|move|p1a: Rillaboom|Grassy Glide|p2a: Tornadus
|-resisted|p2a: Tornadus
|-damage|p2a: Tornadus|0 fnt
|faint|p2a: Tornadus
|
|-weather|Sandstorm|[upkeep]
|-damage|p1a: Rillaboom|31/100 brn|[from] Sandstorm
|-heal|p1a: Rillaboom|37/100 brn|[from] Grassy Terrain
|-damage|p1a: Rillaboom|31/100 brn|[from] brn
|upkeep
|j| bluebeta4ever
|c| PathTracker|rillaboom is sent in to cover tyranitar, but lech himself sends tornadus in to answer it . yaga read that, and used u turn, gettin a bit of damage this way
|c| PathTracker|WHAT A MATCH !
|j| Mare Infinitum
|j| isduffbidfhjgb
|
|t:|1657995852
|switch|p2a: Volcarona|Volcarona, F|100/100
|turn|15
|j| paper returns
|
|t:|1657995869
|switch|p1a: Victini|Victini|100/100
|move|p2a: Volcarona|Quiver Dance|p2a: Volcarona
|-boost|p2a: Volcarona|spa|1
|-boost|p2a: Volcarona|spd|1
|-boost|p2a: Volcarona|spe|1
|
|-weather|Sandstorm|[upkeep]
|-damage|p2a: Volcarona|94/100|[from] Sandstorm
|-damage|p1a: Victini|94/100|[from] Sandstorm
|-heal|p2a: Volcarona|100/100|[from] Grassy Terrain
|-heal|p1a: Victini|100/100|[from] Grassy Terrain
|upkeep
|turn|16
|l| isduffbidfhjgb
|c| paper returns|pinkacross grass spam
|c| PathTracker|rillaboom was sent in , but sadly not for long as  lech sends volcarona in !
|
|t:|1657995886
|switch|p2a: Excadrill|Excadrill, F|100/100
|-damage|p2a: Excadrill|97/100|[from] Stealth Rock
|move|p1a: Victini|V-create|p2a: Excadrill
|-supereffective|p2a: Excadrill
|-damage|p2a: Excadrill|0 fnt
|-unboost|p1a: Victini|spe|1
|-unboost|p1a: Victini|def|1
|-unboost|p1a: Victini|spd|1
|faint|p2a: Excadrill
|
|-weather|none
|-fieldend|move: Grassy Terrain
|upkeep
|
|t:|1657995889
|switch|p2a: Blacephalon|Blacephalon|100/100
|-damage|p2a: Blacephalon|76/100|[from] Stealth Rock
|turn|17
|
|t:|1657995893
|switch|p1a: Rillaboom|Rillaboom, F|31/100 brn
|-damage|p1a: Rillaboom|19/100 brn|[from] Stealth Rock
|-fieldstart|move: Grassy Terrain|[from] ability: Grassy Surge|[of] p1a: Rillaboom
|move|p2a: Blacephalon|Shadow Ball|p1a: Rillaboom
|-damage|p1a: Rillaboom|0 fnt
|faint|p1a: Rillaboom
|-ability|p2a: Blacephalon|Beast Boost|boost
|-boost|p2a: Blacephalon|spa|1
|
|-heal|p2a: Blacephalon|82/100|[from] Grassy Terrain
|upkeep
|
|t:|1657995895
|switch|p1a: Kartana|Kartana|100/100
|-damage|p1a: Kartana|94/100|[from] Stealth Rock
|turn|18
|
|t:|1657995900
|switch|p2a: Tyranitar|Tyranitar, F|72/100
|-damage|p2a: Tyranitar|60/100|[from] Stealth Rock
|-weather|Sandstorm|[from] ability: Sand Stream|[of] p2a: Tyranitar
|move|p1a: Kartana|Knock Off|p2a: Tyranitar
|-resisted|p2a: Tyranitar
|-damage|p2a: Tyranitar|49/100
|
|-weather|Sandstorm|[upkeep]
|-heal|p1a: Kartana|100/100|[from] Grassy Terrain
|-heal|p2a: Tyranitar|55/100|[from] Grassy Terrain
|upkeep
|turn|19
|
|t:|1657995903
|switch|p1a: Victini|Victini|100/100
|move|p2a: Tyranitar|Ice Beam|p1a: Victini
|-resisted|p1a: Victini
|-damage|p1a: Victini|91/100
|
|-weather|Sandstorm|[upkeep]
|-damage|p1a: Victini|85/100|[from] Sandstorm
|-heal|p1a: Victini|91/100|[from] Grassy Terrain
|-heal|p2a: Tyranitar|61/100|[from] Grassy Terrain
|upkeep
|turn|20
|
|t:|1657995915
|move|p1a: Victini|U-turn|p2a: Tyranitar
|-supereffective|p2a: Tyranitar
|-damage|p2a: Tyranitar|27/100
|
|t:|1657995917
|switch|p1a: Kartana|Kartana|100/100|[from]move: U-turn
|-damage|p1a: Kartana|94/100|[from] Stealth Rock
|move|p2a: Tyranitar|Rock Blast|p1a: Kartana
|-resisted|p1a: Kartana
|-damage|p1a: Kartana|89/100
|-resisted|p1a: Kartana
|-damage|p1a: Kartana|83/100
|-hitcount|p1a: Kartana|2
|
|-weather|Sandstorm|[upkeep]
|-heal|p1a: Kartana|89/100|[from] Grassy Terrain
|-heal|p2a: Tyranitar|33/100|[from] Grassy Terrain
|upkeep
|turn|21
|c| PathTracker|victini with the pressure on volcarona , will force a change, BUT still murder the foe's excadrill !
|c| paper returns|bro
|
|t:|1657995937
|move|p1a: Kartana|Leaf Blade|p2a: Tyranitar
|-supereffective|p2a: Tyranitar
|-damage|p2a: Tyranitar|0 fnt
|faint|p2a: Tyranitar
|-ability|p1a: Kartana|Beast Boost|boost
|-boost|p1a: Kartana|atk|1
|
|-weather|Sandstorm|[upkeep]
|-heal|p1a: Kartana|95/100|[from] Grassy Terrain
|-fieldend|move: Grassy Terrain
|upkeep
|
|t:|1657995940
|switch|p2a: Volcarona|Volcarona, F|100/100
|turn|22
|
|t:|1657995944
|switch|p1a: Victini|Victini|91/100
|switch|p2a: Blacephalon|Blacephalon|82/100
|-damage|p2a: Blacephalon|57/100|[from] Stealth Rock
|
|-weather|none
|upkeep
|turn|23
|
|t:|1657995946
|move|p2a: Blacephalon|Shadow Ball|p1a: Victini
|-supereffective|p1a: Victini
|-damage|p1a: Victini|0 fnt
|faint|p1a: Victini
|-ability|p2a: Blacephalon|Beast Boost|boost
|-boost|p2a: Blacephalon|spa|1
|
|upkeep
|
|t:|1657995948
|switch|p1a: Kartana|Kartana|95/100
|-damage|p1a: Kartana|89/100|[from] Stealth Rock
|turn|24
|
|t:|1657995949
|move|p1a: Kartana|Knock Off|p2a: Blacephalon
|-supereffective|p2a: Blacephalon
|-damage|p2a: Blacephalon|0 fnt
|-enditem|p2a: Blacephalon|Choice Specs|[from] move: Knock Off|[of] p1a: Kartana
|faint|p2a: Blacephalon
|-ability|p1a: Kartana|Beast Boost|boost
|-boost|p1a: Kartana|atk|1
|
|upkeep
|c| paper returns|i knew it
|
|t:|1657995951
|switch|p2a: Volcarona|Volcarona, F|100/100
|turn|25
|c| PathTracker|as blacephalon is sent, yaga takes the clever choice and returns in to send in rillaboom. this sacrifice will maybe be decisive
|c| paper returns|nice double
|
|t:|1657995953
|move|p1a: Kartana|Knock Off|p2a: Volcarona
|-damage|p2a: Volcarona|0 fnt
|-enditem|p2a: Volcarona|Heavy-Duty Boots|[from] move: Knock Off|[of] p1a: Kartana
|faint|p2a: Volcarona
|
|win|Yaga31
|raw|Yaga31's rating: 1597 &rarr; <strong>1618</strong><br />(+21 for winning)
|raw|LECH24's rating: 1614 &rarr; <strong>1593</strong><br />(-21 for losing)
|c|☆LECH24|Gg
|c|☆Yaga31|gg
|c| PathTracker|sorry, im too late
|c|☆Yaga31|np
|c| PathTracker|gg to you too
|c|☆Yaga31|it was fun
|c|☆LECH24|Def
|l| paper returns
|c| PathTracker|thanks !
|l| PathTracker
||Ladder isn't responding, score probably updated but might not have (Request timeout).
