|j|☆mowlawner-bot
|j|☆gotsnsd
|t:|1664778055
|gametype|singles
|player|p1|mowlawner-bot|101|1423
|player|p2|gotsnsd|beauty-gen2jp|1550
|teamsize|p1|6
|teamsize|p2|6
|gen|8
|tier|[Gen 8] OU
|rated|
|rule|Sleep Clause Mod: Limit one foe put to sleep
|rule|Species Clause: Limit one of each Pokémon
|rule|OHKO Clause: OHKO moves are banned
|rule|Evasion Items Clause: Evasion items are banned
|rule|Evasion Moves Clause: Evasion moves are banned
|rule|Endless Battle Clause: Forcing endless battles is banned
|rule|HP Percentage Mod: HP is shown in percentages
|rule|Dynamax Clause: You cannot dynamax
|clearpoke
|poke|p1|Landorus-Therian, M|
|poke|p1|Ferrothorn, M|
|poke|p1|Dragapult, F|
|poke|p1|Heatran, M|
|poke|p1|Garchomp, F|
|poke|p1|Kartana|
|poke|p2|Tornadus-Therian, M|
|poke|p2|Urshifu-*, M|
|poke|p2|Weavile, M|
|poke|p2|Landorus-Therian, M|
|poke|p2|Blacephalon|
|poke|p2|Mew|
|teampreview
|c|☆mowlawner-bot|hf
|inactive|Battle timer is ON: inactive players will automatically lose when time's up. (requested by mowlawner-bot)
|
|t:|1664778070
|start
|switch|p1a: Garchomp|Garchomp, F|100/100
|switch|p2a: Mew|Mew|100/100
|turn|1
|
|t:|1664778075
|move|p2a: Mew|Trick|p1a: Garchomp
|-activate|p2a: Mew|move: Trick|[of] p1a: Garchomp
|-item|p1a: Garchomp|Choice Scarf|[from] move: Trick
|-item|p2a: Mew|Leftovers|[from] move: Trick
|move|p1a: Garchomp|Swords Dance|p1a: Garchomp
|-boost|p1a: Garchomp|atk|2
|
|upkeep
|turn|2
|
|t:|1664778077
|switch|p1a: Dragapult|Dragapult, F|100/100
|move|p2a: Mew|Spikes|p1a: Dragapult
|-sidestart|p1: mowlawner-bot|Spikes
|
|upkeep
|turn|3
|
|t:|1664778087
|switch|p2a: Landorus|Landorus-Therian, M|100/100
|-ability|p2a: Landorus|Intimidate|boost
|-unboost|p1a: Dragapult|atk|1
|move|p1a: Dragapult|Shadow Ball|p2a: Landorus
|-damage|p2a: Landorus|57/100
|
|-heal|p2a: Landorus|63/100|[from] item: Leftovers
|upkeep
|turn|4
|
|t:|1664778097
|switch|p1a: Kartana|Kartana|100/100
|-damage|p1a: Kartana|88/100|[from] Spikes
|move|p2a: Landorus|U-turn|p1a: Kartana
|-damage|p1a: Kartana|63/100
|
|t:|1664778107
|switch|p2a: Tornadus|Tornadus-Therian, M|100/100|[from]move: U-turn
|
|upkeep
|turn|5
|
|t:|1664778110
|switch|p1a: landorustherian|Landorus-Therian, M|100/100
|-ability|p1a: landorustherian|Intimidate|boost
|-unboost|p2a: Tornadus|atk|1
|move|p2a: Tornadus|Nasty Plot|p2a: Tornadus
|-boost|p2a: Tornadus|spa|2
|
|upkeep
|turn|6
|
|t:|1664778114
|move|p2a: Tornadus|Hurricane|p1a: landorustherian
|-damage|p1a: landorustherian|18/100
|-start|p1a: landorustherian|confusion
|-activate|p1a: landorustherian|confusion
|-damage|p1a: landorustherian|8/100|[from] confusion
|
|-heal|p1a: landorustherian|14/100|[from] item: Leftovers
|upkeep
|turn|7
|
|t:|1664778119
|switch|p1a: Heatran|Heatran, M|100/100
|-damage|p1a: Heatran|88/100|[from] Spikes
|move|p2a: Tornadus|Heat Wave|p1a: Heatran
|-start|p1a: Heatran|ability: Flash Fire
|
|-heal|p1a: Heatran|94/100|[from] item: Leftovers
|upkeep
|turn|8
|
|t:|1664778124
|move|p2a: Tornadus|Focus Blast|p1a: Heatran
|-supereffective|p1a: Heatran
|-damage|p1a: Heatran|18/100
|move|p1a: Heatran|Toxic|p2a: Tornadus
|-status|p2a: Tornadus|tox
|
|-heal|p1a: Heatran|24/100|[from] item: Leftovers
|-damage|p2a: Tornadus|94/100 tox|[from] psn
|upkeep
|turn|9
|
|t:|1664778132
|switch|p2a: Mew|Mew|100/100
|move|p1a: Heatran|Magma Storm|p2a: Mew|[miss]
|-miss|p1a: Heatran|p2a: Mew
|
|-heal|p1a: Heatran|30/100|[from] item: Leftovers
|upkeep
|turn|10
|
|t:|1664778143
|move|p2a: Mew|Spikes|p1a: Heatran
|-sidestart|p1: mowlawner-bot|Spikes
|move|p1a: Heatran|Magma Storm|p2a: Mew
|-damage|p2a: Mew|37/100
|-activate|p2a: Mew|move: Magma Storm|[of] p1a: Heatran
|
|-heal|p2a: Mew|43/100|[from] item: Leftovers
|-heal|p1a: Heatran|36/100|[from] item: Leftovers
|-damage|p2a: Mew|30/100|[from] move: Magma Storm|[partiallytrapped]
|upkeep
|turn|11
|
|t:|1664778153
|move|p2a: Mew|Close Combat|p1a: Heatran
|-supereffective|p1a: Heatran
|-damage|p1a: Heatran|0 fnt
|-unboost|p2a: Mew|def|1
|-unboost|p2a: Mew|spd|1
|faint|p1a: Heatran
|
|-heal|p2a: Mew|37/100|[from] item: Leftovers
|-end|p2a: Mew|Magma Storm|[partiallytrapped]|[silent]
|upkeep
|
|t:|1664778153
|switch|p1a: Dragapult|Dragapult, F|100/100
|-damage|p1a: Dragapult|84/100|[from] Spikes
|turn|12
|
|t:|1664778159
|move|p1a: Dragapult|Shadow Ball|p2a: Mew
|-supereffective|p2a: Mew
|-damage|p2a: Mew|0 fnt
|faint|p2a: Mew
|
|upkeep
|
|t:|1664778170
|switch|p2a: Weavile|Weavile, M|100/100
|-ability|p2a: Weavile|Pressure
|turn|13
|
|t:|1664778175
|move|p1a: Dragapult|Shadow Ball|p2a: Weavile
|-resisted|p2a: Weavile
|-damage|p2a: Weavile|62/100
|move|p2a: Weavile|Swords Dance|p2a: Weavile
|-boost|p2a: Weavile|atk|2
|
|upkeep
|turn|14
|
|t:|1664778178
|switch|p1a: landorustherian|Landorus-Therian, M|14/100
|-ability|p1a: landorustherian|Intimidate|boost
|-unboost|p2a: Weavile|atk|1
|move|p2a: Weavile|Ice Shard|p1a: landorustherian
|-supereffective|p1a: landorustherian
|-damage|p1a: landorustherian|0 fnt
|faint|p1a: landorustherian
|
|upkeep
|
|t:|1664778178
|switch|p1a: Ferrothorn|Ferrothorn, M|100/100
|-damage|p1a: Ferrothorn|84/100|[from] Spikes
|turn|15
|
|t:|1664778191
|switch|p2a: Tornadus|Tornadus-Therian, M|100/100 tox
|move|p1a: Ferrothorn|Power Whip|p2a: Tornadus
|-resisted|p2a: Tornadus
|-damage|p2a: Tornadus|80/100 tox
|
|-heal|p1a: Ferrothorn|90/100|[from] item: Leftovers
|-damage|p2a: Tornadus|74/100 tox|[from] psn
|upkeep
|turn|16
|
|t:|1664778196
|move|p2a: Tornadus|Heat Wave|p1a: Ferrothorn
|-supereffective|p1a: Ferrothorn
|-damage|p1a: Ferrothorn|7/100
|move|p1a: Ferrothorn|Knock Off|p2a: Tornadus
|-damage|p2a: Tornadus|50/100 tox
|-enditem|p2a: Tornadus|Heavy-Duty Boots|[from] move: Knock Off|[of] p1a: Ferrothorn
|
|-heal|p1a: Ferrothorn|14/100|[from] item: Leftovers
|-damage|p2a: Tornadus|38/100 tox|[from] psn
|upkeep
|turn|17
|
|t:|1664778204
|switch|p2a: Landorus|Landorus-Therian, M|63/100
|-ability|p2a: Landorus|Intimidate|boost
|-unboost|p1a: Ferrothorn|atk|1
|switch|p1a: Dragapult|Dragapult, F|84/100
|-damage|p1a: Dragapult|68/100|[from] Spikes
|
|-heal|p2a: Landorus|69/100|[from] item: Leftovers
|upkeep
|turn|18
|
|t:|1664778207
|move|p1a: Dragapult|Draco Meteor|p2a: Landorus
|-damage|p2a: Landorus|7/100
|-unboost|p1a: Dragapult|spa|2
|move|p2a: Landorus|Earthquake|p1a: Dragapult
|-damage|p1a: Dragapult|0 fnt
|faint|p1a: Dragapult
|
|-heal|p2a: Landorus|13/100|[from] item: Leftovers
|upkeep
|
|t:|1664778207
|switch|p1a: Kartana|Kartana|63/100
|-damage|p1a: Kartana|47/100|[from] Spikes
|turn|19
|
|t:|1664778216
|move|p1a: Kartana|Leaf Blade|p2a: Landorus
|-damage|p2a: Landorus|0 fnt
|faint|p2a: Landorus
|-ability|p1a: Kartana|Beast Boost|boost
|-boost|p1a: Kartana|atk|1
|-damage|p1a: Kartana|37/100|[from] item: Life Orb
|
|upkeep
|
|t:|1664778220
|switch|p2a: Tornadus|Tornadus-Therian, M|71/100 tox
|turn|20
|
|t:|1664778226
|switch|p1a: Garchomp|Garchomp, F|100/100
|-damage|p1a: Garchomp|84/100|[from] Spikes
|move|p2a: Tornadus|Heat Wave|p1a: Garchomp
|-resisted|p1a: Garchomp
|-damage|p1a: Garchomp|71/100
|
|-damage|p2a: Tornadus|65/100 tox|[from] psn
|upkeep
|turn|21
|
|t:|1664778230
|move|p1a: Garchomp|Earthquake|p2a: Tornadus
|-immune|p2a: Tornadus
|move|p2a: Tornadus|Hurricane|p1a: Garchomp|[miss]
|-miss|p2a: Tornadus|p1a: Garchomp
|
|-damage|p2a: Tornadus|53/100 tox|[from] psn
|upkeep
|turn|22
|
|t:|1664778234
|move|p1a: Garchomp|Earthquake|p2a: Tornadus
|-immune|p2a: Tornadus
|move|p2a: Tornadus|Hurricane|p1a: Garchomp|[miss]
|-miss|p2a: Tornadus|p1a: Garchomp
|
|-damage|p2a: Tornadus|34/100 tox|[from] psn
|upkeep
|turn|23
|
|t:|1664778237
|move|p1a: Garchomp|Earthquake|p2a: Tornadus
|-immune|p2a: Tornadus
|move|p2a: Tornadus|Hurricane|p1a: Garchomp
|-damage|p1a: Garchomp|30/100
|
|-damage|p2a: Tornadus|9/100 tox|[from] psn
|upkeep
|turn|24
|
|t:|1664778243
|move|p1a: Garchomp|Earthquake|p2a: Tornadus
|-immune|p2a: Tornadus
|move|p2a: Tornadus|Hurricane|p1a: Garchomp
|-damage|p1a: Garchomp|0 fnt
|faint|p1a: Garchomp
|
|-damage|p2a: Tornadus|0 fnt|[from] psn
|faint|p2a: Tornadus
|upkeep
|
|t:|1664778246
|switch|p2a: Blacephalon|Blacephalon|100/100
|switch|p1a: Ferrothorn|Ferrothorn, M|14/100
|-damage|p1a: Ferrothorn|0 fnt|[from] Spikes
|faint|p1a: Ferrothorn
|
|t:|1664778246
|switch|p1a: Kartana|Kartana|37/100
|-damage|p1a: Kartana|21/100|[from] Spikes
|turn|25
|
|t:|1664778254
|move|p1a: Kartana|Knock Off|p2a: Blacephalon
|-supereffective|p2a: Blacephalon
|-damage|p2a: Blacephalon|0 fnt
|-enditem|p2a: Blacephalon|Choice Specs|[from] move: Knock Off|[of] p1a: Kartana
|faint|p2a: Blacephalon
|-ability|p1a: Kartana|Beast Boost|boost
|-boost|p1a: Kartana|atk|1
|-damage|p1a: Kartana|11/100|[from] item: Life Orb
|
|upkeep
|
|t:|1664778257
|switch|p2a: Weavile|Weavile, M|62/100
|-ability|p2a: Weavile|Pressure
|turn|26
|
|t:|1664778261
|move|p2a: Weavile|Knock Off|p1a: Kartana
|-damage|p1a: Kartana|0 fnt
|-enditem|p1a: Kartana|Life Orb|[from] move: Knock Off|[of] p2a: Weavile
|faint|p1a: Kartana
|
|win|gotsnsd
|raw|mowlawner-bot's rating: 1423 &rarr; <strong>1410</strong><br />(-13 for losing)
|raw|gotsnsd's rating: 1550 &rarr; <strong>1563</strong><br />(+13 for winning)
|c|☆mowlawner-bot|gg
