|j|☆Scallybobally
|j|☆GORAN EL DRACO
|t:|1663889042
|gametype|singles
|player|p1|Scallybobally|worker|1604
|player|p2|GORAN EL DRACO|harlequin|1595
|teamsize|p1|6
|teamsize|p2|6
|gen|8
|tier|[Gen 8] OU
|rated|
|rule|Sleep Clause Mod: Limit one foe put to sleep
|rule|Species Clause: Limit one of each Pokémon
|rule|OHKO Clause: OHKO moves are banned
|rule|Evasion Items Clause: Evasion items are banned
|rule|Evasion Moves Clause: Evasion moves are banned
|rule|Endless Battle Clause: Forcing endless battles is banned
|rule|HP Percentage Mod: HP is shown in percentages
|rule|Dynamax Clause: You cannot dynamax
|clearpoke
|poke|p1|Urshifu-*, M|
|poke|p1|Tapu Koko|
|poke|p1|Kartana|
|poke|p1|Slowbro, F|
|poke|p1|Corviknight, F|
|poke|p1|Hippowdon, F|
|poke|p2|Obstagoon, F|
|poke|p2|Heatran, M|
|poke|p2|Landorus-Therian, M|
|poke|p2|Volcanion|
|poke|p2|Tapu Lele|
|poke|p2|Clefable, F|
|teampreview
|inactive|Battle timer is ON: inactive players will automatically lose when time's up. (requested by GORAN EL DRACO)
|
|t:|1663889054
|start
|switch|p1a: Urshifu|Urshifu-Rapid-Strike, M|100/100
|switch|p2a: Volcanion|Volcanion|100/100
|turn|1
|
|t:|1663889056
|move|p1a: Urshifu|U-turn|p2a: Volcanion
|-resisted|p2a: Volcanion
|-damage|p2a: Volcanion|83/100
|
|t:|1663889059
|switch|p1a: Slowbro|Slowbro, F|100/100|[from]move: U-turn
|move|p2a: Volcanion|Steam Eruption|p1a: Slowbro
|-resisted|p1a: Slowbro
|-damage|p1a: Slowbro|55/100
|-status|p1a: Slowbro|brn
|
|-damage|p1a: Slowbro|49/100 brn|[from] brn
|upkeep
|turn|2
|
|t:|1663889066
|move|p2a: Volcanion|Steam Eruption|p1a: Slowbro
|-resisted|p1a: Slowbro
|-damage|p1a: Slowbro|3/100 brn
|move|p1a: Slowbro|Teleport|p1a: Slowbro
|
|t:|1663889069
|switch|p1a: Urshifu|Urshifu-Rapid-Strike, M|100/100|[from]move: Teleport
|
|upkeep
|turn|3
|
|t:|1663889075
|switch|p2a: Clefable|Clefable, F|100/100
|move|p1a: Urshifu|Close Combat|p2a: Clefable
|-resisted|p2a: Clefable
|-damage|p2a: Clefable|63/100
|-unboost|p1a: Urshifu|def|1
|-unboost|p1a: Urshifu|spd|1
|-damage|p1a: Urshifu|84/100|[from] item: Rocky Helmet|[of] p2a: Clefable
|
|upkeep
|turn|4
|
|t:|1663889081
|switch|p1a: Hippowdon|Hippowdon, F|100/100
|-weather|Sandstorm|[from] ability: Sand Stream|[of] p1a: Hippowdon
|move|p2a: Clefable|Teleport|p2a: Clefable
|
|t:|1663889083
|switch|p2a: Volcanion|Volcanion|83/100|[from]move: Teleport
|
|-weather|Sandstorm|[upkeep]
|-damage|p2a: Volcanion|77/100|[from] Sandstorm
|upkeep
|turn|5
|
|t:|1663889086
|move|p2a: Volcanion|Steam Eruption|p1a: Hippowdon
|-supereffective|p1a: Hippowdon
|-damage|p1a: Hippowdon|0 fnt
|faint|p1a: Hippowdon
|
|-weather|Sandstorm|[upkeep]
|-damage|p2a: Volcanion|71/100|[from] Sandstorm
|upkeep
|
|t:|1663889091
|switch|p1a: Urshifu|Urshifu-Rapid-Strike, M|84/100
|turn|6
|
|t:|1663889094
|switch|p2a: Clefable|Clefable, F|63/100
|move|p1a: Urshifu|Close Combat|p2a: Clefable
|-resisted|p2a: Clefable
|-damage|p2a: Clefable|30/100
|-unboost|p1a: Urshifu|def|1
|-unboost|p1a: Urshifu|spd|1
|-damage|p1a: Urshifu|68/100|[from] item: Rocky Helmet|[of] p2a: Clefable
|
|-weather|Sandstorm|[upkeep]
|-damage|p1a: Urshifu|61/100|[from] Sandstorm
|upkeep
|turn|7
|
|t:|1663889099
|switch|p2a: Landorus|Landorus-Therian, M|100/100
|-ability|p2a: Landorus|Intimidate|boost
|-unboost|p1a: Urshifu|atk|1
|move|p1a: Urshifu|Close Combat|p2a: Landorus
|-resisted|p2a: Landorus
|-damage|p2a: Landorus|71/100
|-unboost|p1a: Urshifu|def|1
|-unboost|p1a: Urshifu|spd|1
|-damage|p1a: Urshifu|45/100|[from] item: Rocky Helmet|[of] p2a: Landorus
|
|-weather|Sandstorm|[upkeep]
|-damage|p1a: Urshifu|39/100|[from] Sandstorm
|upkeep
|turn|8
|
|t:|1663889104
|switch|p1a: Corviknight|Corviknight, F|100/100
|-ability|p1a: Corviknight|Pressure
|move|p2a: Landorus|U-turn|p1a: Corviknight
|-resisted|p1a: Corviknight
|-damage|p1a: Corviknight|97/100
|
|t:|1663889111
|switch|p2a: Heatran|Heatran, M|100/100|[from]move: U-turn
|-item|p2a: Heatran|Air Balloon
|
|-weather|none
|-heal|p1a: Corviknight|100/100|[from] item: Leftovers
|upkeep
|turn|9
|-message|Scallybobally forfeited.
|
|win|GORAN EL DRACO
|raw|Scallybobally's rating: 1604 &rarr; <strong>1583</strong><br />(-21 for losing)
|raw|GORAN EL DRACO's rating: 1595 &rarr; <strong>1616</strong><br />(+21 for winning)
|l|☆Scallybobally
||Ladder isn't responding, score probably updated but might not have (Request timeout).
