|j|☆hsfsrysy
|j|☆Ivyon
|t:|1641561740
|gametype|singles
|player|p1|hsfsrysy|102|1275
|player|p2|Ivyon|blue|1322
|teamsize|p1|6
|teamsize|p2|6
|gen|8
|tier|[Gen 8] OU
|rated|
|rule|Sleep Clause Mod: Limit one foe put to sleep
|rule|Species Clause: Limit one of each Pokémon
|rule|OHKO Clause: OHKO moves are banned
|rule|Evasion Moves Clause: Evasion moves are banned
|rule|Endless Battle Clause: Forcing endless battles is banned
|rule|HP Percentage Mod: HP is shown in percentages
|rule|Dynamax Clause: You cannot dynamax
|clearpoke
|poke|p1|Tyranitar, M|
|poke|p1|Excadrill, F|
|poke|p1|Garchomp, F|
|poke|p1|Kartana|
|poke|p1|Zapdos|
|poke|p1|Toxapex, F|
|poke|p2|Dragonite, F|
|poke|p2|Blaziken, M|
|poke|p2|Espeon, F|
|poke|p2|Shuckle, M|
|poke|p2|Delibird, M|
|poke|p2|Kingdra, M|
|teampreview
|inactive|Battle timer is ON: inactive players will automatically lose when time's up. (requested by hsfsrysy)
|inactive|Ivyon has 120 seconds left.
|
|t:|1641561775
|start
|switch|p1a: Kartana|Kartana|100/100
|switch|p2a: Delibird|Delibird, M|100/100
|turn|1
|
|t:|1641561786
|move|p1a: Kartana|Knock Off|p2a: Delibird
|-enditem|p2a: Delibird|Focus Sash
|-damage|p2a: Delibird|1/100
|-damage|p1a: Kartana|91/100|[from] item: Life Orb
|move|p2a: Delibird|Rapid Spin|p1a: Kartana
|-resisted|p1a: Kartana
|-damage|p1a: Kartana|88/100
|-boost|p2a: Delibird|spe|1
|
|upkeep
|turn|2
|
|t:|1641561795
|switch|p1a: Tyranitar|Tyranitar, M|100/100
|-weather|Sandstorm|[from] ability: Sand Stream|[of] p1a: Tyranitar
|move|p2a: Delibird|Destiny Bond|p2a: Delibird
|-singlemove|p2a: Delibird|Destiny Bond
|
|-weather|Sandstorm|[upkeep]
|-damage|p2a: Delibird|0 fnt|[from] Sandstorm
|faint|p2a: Delibird
|upkeep
|
|t:|1641561813
|switch|p2a: Kingdra|Kingdra, M|100/100
|turn|3
|
|t:|1641561825
|switch|p2a: Espeon|Espeon, F|100/100
|move|p1a: Tyranitar|Toxic|p2a: Espeon
|move|p2a: Espeon|Toxic|p1a: Tyranitar|[from]ability: Magic Bounce
|-status|p1a: Tyranitar|tox
|
|-weather|Sandstorm|[upkeep]
|-damage|p2a: Espeon|94/100|[from] Sandstorm
|-damage|p1a: Tyranitar|94/100 tox|[from] psn
|upkeep
|turn|4
|
|t:|1641561837
|switch|p1a: Excadrill|Excadrill, F, shiny|100/100
|move|p2a: Espeon|Charm|p1a: Excadrill
|-unboost|p1a: Excadrill|atk|2
|
|-weather|Sandstorm|[upkeep]
|-damage|p2a: Espeon|88/100|[from] Sandstorm
|upkeep
|turn|5
|
|t:|1641561845
|move|p1a: Excadrill|Swords Dance|p1a: Excadrill
|-boost|p1a: Excadrill|atk|2
|move|p2a: Espeon|Charm|p1a: Excadrill
|-unboost|p1a: Excadrill|atk|2
|
|-weather|Sandstorm|[upkeep]
|-damage|p2a: Espeon|82/100|[from] Sandstorm
|upkeep
|turn|6
|
|t:|1641561853
|move|p1a: Excadrill|Earthquake|p2a: Espeon
|-damage|p2a: Espeon|30/100
|move|p2a: Espeon|Yawn|p1a: Excadrill
|-start|p1a: Excadrill|move: Yawn|[of] p2a: Espeon
|
|-weather|none
|upkeep
|turn|7
|
|t:|1641561860
|switch|p1a: Tyranitar|Tyranitar, M|94/100 tox
|-weather|Sandstorm|[from] ability: Sand Stream|[of] p1a: Tyranitar
|move|p2a: Espeon|Charm|p1a: Tyranitar
|-unboost|p1a: Tyranitar|atk|2
|
|-weather|Sandstorm|[upkeep]
|-damage|p2a: Espeon|23/100|[from] Sandstorm
|-heal|p1a: Tyranitar|100/100 tox|[from] item: Leftovers
|-damage|p1a: Tyranitar|94/100 tox|[from] psn
|upkeep
|turn|8
|
|t:|1641561872
|switch|p1a: Excadrill|Excadrill, F, shiny|100/100
|move|p2a: Espeon|Charm|p1a: Excadrill
|-unboost|p1a: Excadrill|atk|2
|
|-weather|Sandstorm|[upkeep]
|-damage|p2a: Espeon|17/100|[from] Sandstorm
|upkeep
|turn|9
|
|t:|1641561880
|move|p1a: Excadrill|Iron Head|p2a: Espeon
|-damage|p2a: Espeon|0 fnt
|faint|p2a: Espeon
|
|-weather|Sandstorm|[upkeep]
|upkeep
|
|t:|1641561903
|switch|p2a: Kingdra|Kingdra, M|100/100
|turn|10
|
|t:|1641561908
|move|p1a: Excadrill|Earthquake|p2a: Kingdra
|-damage|p2a: Kingdra|61/100
|move|p2a: Kingdra|Focus Energy|p2a: Kingdra
|-start|p2a: Kingdra|move: Focus Energy
|
|-weather|Sandstorm|[upkeep]
|-damage|p2a: Kingdra|55/100|[from] Sandstorm
|upkeep
|turn|11
|
|t:|1641561919
|switch|p1a: Toxapex|Toxapex, F|100/100
|move|p2a: Kingdra|Hydro Pump|p1a: Toxapex
|-resisted|p1a: Toxapex
|-crit|p1a: Toxapex
|-damage|p1a: Toxapex|59/100
|
|-weather|none
|upkeep
|turn|12
|
|t:|1641561926
|move|p2a: Kingdra|Draco Meteor|p1a: Toxapex
|-crit|p1a: Toxapex
|-damage|p1a: Toxapex|0 fnt
|-unboost|p2a: Kingdra|spa|2
|faint|p1a: Toxapex
|
|upkeep
|
|t:|1641561930
|switch|p1a: Tyranitar|Tyranitar, M|94/100 tox
|-weather|Sandstorm|[from] ability: Sand Stream|[of] p1a: Tyranitar
|turn|13
|
|t:|1641561935
|switch|p1a: Zapdos|Zapdos|100/100
|move|p2a: Kingdra|Hydro Pump|p1a: Zapdos|[miss]
|-miss|p2a: Kingdra|p1a: Zapdos
|
|-weather|Sandstorm|[upkeep]
|-damage|p2a: Kingdra|49/100|[from] Sandstorm
|-damage|p1a: Zapdos|94/100|[from] Sandstorm
|upkeep
|turn|14
|
|t:|1641561943
|move|p2a: Kingdra|Draco Meteor|p1a: Zapdos
|-crit|p1a: Zapdos
|-damage|p1a: Zapdos|0 fnt
|-unboost|p2a: Kingdra|spa|2
|faint|p1a: Zapdos
|
|-weather|Sandstorm|[upkeep]
|-damage|p2a: Kingdra|43/100|[from] Sandstorm
|upkeep
|
|t:|1641561947
|switch|p1a: Excadrill|Excadrill, F, shiny|100/100
|turn|15
|
|t:|1641561953
|switch|p2a: Shuckle|Shuckle, M, shiny|100/100
|move|p1a: Excadrill|Earthquake|p2a: Shuckle
|-damage|p2a: Shuckle|67/100
|
|-weather|Sandstorm|[upkeep]
|upkeep
|turn|16
|
|t:|1641561960
|move|p1a: Excadrill|Swords Dance|p1a: Excadrill
|-boost|p1a: Excadrill|atk|2
|move|p2a: Shuckle|Stealth Rock|p1a: Excadrill
|-sidestart|p1: hsfsrysy|move: Stealth Rock
|
|-weather|Sandstorm|[upkeep]
|upkeep
|turn|17
|
|t:|1641561966
|move|p1a: Excadrill|Iron Head|p2a: Shuckle
|-supereffective|p2a: Shuckle
|-crit|p2a: Shuckle
|-damage|p2a: Shuckle|0 fnt
|-damage|p1a: Excadrill|84/100|[from] item: Rocky Helmet|[of] p2a: Shuckle
|faint|p2a: Shuckle
|
|-weather|none
|-heal|p1a: Excadrill|90/100|[from] item: Leftovers
|upkeep
|
|t:|1641561982
|switch|p2a: Kingdra|Kingdra, M|43/100
|turn|18
|
|t:|1641561988
|move|p2a: Kingdra|Hydro Pump|p1a: Excadrill
|-supereffective|p1a: Excadrill
|-damage|p1a: Excadrill|0 fnt
|faint|p1a: Excadrill
|
|upkeep
|
|t:|1641561992
|switch|p1a: Kartana|Kartana|88/100
|-damage|p1a: Kartana|82/100|[from] Stealth Rock
|turn|19
|
|t:|1641562003
|move|p1a: Kartana|Knock Off|p2a: Kingdra
|-damage|p2a: Kingdra|0 fnt
|-enditem|p2a: Kingdra|Scope Lens|[from] move: Knock Off|[of] p1a: Kartana
|faint|p2a: Kingdra
|-ability|p1a: Kartana|Beast Boost|boost
|-boost|p1a: Kartana|atk|1
|-damage|p1a: Kartana|72/100|[from] item: Life Orb
|
|upkeep
|
|t:|1641562010
|switch|p2a: Blaziken|Blaziken, M, shiny|100/100
|turn|20
|
|t:|1641562014
|move|p1a: Kartana|Knock Off|p2a: Blaziken
|-resisted|p2a: Blaziken
|-damage|p2a: Blaziken|33/100
|-enditem|p2a: Blaziken|Focus Sash|[from] move: Knock Off|[of] p1a: Kartana
|-damage|p1a: Kartana|63/100|[from] item: Life Orb
|move|p2a: Blaziken|Swords Dance|p2a: Blaziken
|-boost|p2a: Blaziken|atk|2
|
|-ability|p2a: Blaziken|Speed Boost|boost
|-boost|p2a: Blaziken|spe|1
|upkeep
|turn|21
|
|t:|1641562028
|switch|p1a: Tyranitar|Tyranitar, M|94/100 tox
|-damage|p1a: Tyranitar|82/100 tox|[from] Stealth Rock
|-weather|Sandstorm|[from] ability: Sand Stream|[of] p1a: Tyranitar
|move|p2a: Blaziken|Close Combat|p1a: Tyranitar
|-supereffective|p1a: Tyranitar
|-damage|p1a: Tyranitar|0 fnt
|-unboost|p2a: Blaziken|def|1
|-unboost|p2a: Blaziken|spd|1
|faint|p1a: Tyranitar
|
|-weather|Sandstorm|[upkeep]
|-damage|p2a: Blaziken|27/100|[from] Sandstorm
|-ability|p2a: Blaziken|Speed Boost|boost
|-boost|p2a: Blaziken|spe|1
|upkeep
|
|t:|1641562034
|switch|p1a: Garchomp|Garchomp, F|100/100
|-damage|p1a: Garchomp|94/100|[from] Stealth Rock
|turn|22
|
|t:|1641562044
|move|p2a: Blaziken|Close Combat|p1a: Garchomp
|-damage|p1a: Garchomp|0 fnt
|-unboost|p2a: Blaziken|def|1
|-unboost|p2a: Blaziken|spd|1
|-damage|p2a: Blaziken|14/100|[from] ability: Rough Skin|[of] p1a: Garchomp
|faint|p1a: Garchomp
|
|-weather|Sandstorm|[upkeep]
|-damage|p2a: Blaziken|8/100|[from] Sandstorm
|-ability|p2a: Blaziken|Speed Boost|boost
|-boost|p2a: Blaziken|spe|1
|upkeep
|
|t:|1641562048
|switch|p1a: Kartana|Kartana|63/100
|-damage|p1a: Kartana|56/100|[from] Stealth Rock
|turn|23
|
|t:|1641562056
|move|p2a: Blaziken|Close Combat|p1a: Kartana
|-supereffective|p1a: Kartana
|-damage|p1a: Kartana|0 fnt
|-unboost|p2a: Blaziken|def|1
|-unboost|p2a: Blaziken|spd|1
|faint|p1a: Kartana
|
|win|Ivyon
|raw|hsfsrysy's rating: 1275 &rarr; <strong>1253</strong><br />(-22 for losing)
|raw|Ivyon's rating: 1322 &rarr; <strong>1339</strong><br />(+17 for winning)
|c|☆Ivyon|gg
|l|☆hsfsrysy
