|j|☆iminschoollmaooo
|j|☆Kaleor
|t:|1639586103
|gametype|singles
|player|p1|iminschoollmaooo|pokemonrangerf|1589
|player|p2|Kaleor|swimmer-gen4dp|1609
|teamsize|p1|6
|teamsize|p2|6
|gen|8
|tier|[Gen 8] OU
|rated|
|rule|Sleep Clause Mod: Limit one foe put to sleep
|rule|Species Clause: Limit one of each Pokémon
|rule|OHKO Clause: OHKO moves are banned
|rule|Evasion Moves Clause: Evasion moves are banned
|rule|Endless Battle Clause: Forcing endless battles is banned
|rule|HP Percentage Mod: HP is shown in percentages
|rule|Dynamax Clause: You cannot dynamax
|clearpoke
|poke|p1|Toxapex, F|
|poke|p1|Zapdos-Galar|
|poke|p1|Skarmory, M|
|poke|p1|Dragapult, M|
|poke|p1|Heatran, M|
|poke|p1|Hippowdon, M|
|poke|p2|Dragonite, M|
|poke|p2|Melmetal|
|poke|p2|Tapu Lele|
|poke|p2|Blaziken, F|
|poke|p2|Landorus-Therian, M|
|poke|p2|Urshifu-*, F|
|teampreview
|inactive|Battle timer is ON: inactive players will automatically lose when time's up. (requested by Kaleor)
|j| Yb is BETTER
|
|t:|1639586116
|start
|switch|p1a: Toxapex|Toxapex, F|100/100
|switch|p2a: Landorus|Landorus-Therian, M|100/100
|-ability|p2a: Landorus|Intimidate|boost
|-unboost|p1a: Toxapex|atk|1
|turn|1
|
|t:|1639586119
|move|p2a: Landorus|Earthquake|p1a: Toxapex
|-supereffective|p1a: Toxapex
|-damage|p1a: Toxapex|45/100
|move|p1a: Toxapex|Scald|p2a: Landorus
|-supereffective|p2a: Landorus
|-damage|p2a: Landorus|68/100
|
|-heal|p2a: Landorus|74/100|[from] item: Leftovers
|upkeep
|turn|2
|j| sneedo
|
|t:|1639586124
|switch|p1a: Skarmory|Skarmory, M|100/100
|move|p2a: Landorus|Stealth Rock|p1a: Skarmory
|-sidestart|p1: iminschoollmaooo|move: Stealth Rock
|
|-heal|p2a: Landorus|80/100|[from] item: Leftovers
|upkeep
|turn|3
|l| sneedo
|
|t:|1639586128
|switch|p2a: Blaziken|Blaziken, F|100/100
|move|p1a: Skarmory|Spikes|p2a: Blaziken
|-sidestart|p2: Kaleor|Spikes
|
|upkeep
|turn|4
|
|t:|1639586135
|move|p2a: Blaziken|Swords Dance|p2a: Blaziken
|-boost|p2a: Blaziken|atk|2
|move|p1a: Skarmory|Whirlwind|p2a: Blaziken
|drag|p2a: Tapu Lele|Tapu Lele|100/100
|-damage|p2a: Tapu Lele|88/100|[from] Spikes
|-fieldstart|move: Psychic Terrain|[from] ability: Psychic Surge|[of] p2a: Tapu Lele
|
|upkeep
|turn|5
|
|t:|1639586143
|switch|p1a: Heatran|Heatran, M|100/100
|-damage|p1a: Heatran|88/100|[from] Stealth Rock
|move|p2a: Tapu Lele|Thunder|p1a: Heatran
|-damage|p1a: Heatran|63/100
|-status|p1a: Heatran|par
|
|-heal|p1a: Heatran|69/100 par|[from] item: Leftovers
|upkeep
|turn|6
|j| EAlejandro ☭
|
|t:|1639586151
|switch|p2a: Landorus|Landorus-Therian, M|80/100
|-ability|p2a: Landorus|Intimidate|boost
|-unboost|p1a: Heatran|atk|1
|move|p1a: Heatran|Toxic|p2a: Landorus
|-status|p2a: Landorus|tox
|
|-heal|p2a: Landorus|86/100 tox|[from] item: Leftovers
|-heal|p1a: Heatran|75/100 par|[from] item: Leftovers
|-damage|p2a: Landorus|80/100 tox|[from] psn
|upkeep
|turn|7
|
|t:|1639586159
|switch|p2a: Dragonite|Dragonite, M|100/100
|switch|p1a: Skarmory|Skarmory, M|100/100
|-damage|p1a: Skarmory|88/100|[from] Stealth Rock
|
|upkeep
|turn|8
|
|t:|1639586165
|switch|p1a: Dragapult|Dragapult, M, shiny|100/100
|-damage|p1a: Dragapult|88/100|[from] Stealth Rock
|move|p2a: Dragonite|Flamethrower|p1a: Dragapult
|-resisted|p1a: Dragapult
|-damage|p1a: Dragapult|57/100
|
|-fieldend|move: Psychic Terrain
|upkeep
|turn|9
|
|t:|1639586174
|switch|p2a: Tapu Lele|Tapu Lele|88/100
|-damage|p2a: Tapu Lele|76/100|[from] Spikes
|-fieldstart|move: Psychic Terrain|[from] ability: Psychic Surge|[of] p2a: Tapu Lele
|move|p1a: Dragapult|U-turn|p2a: Tapu Lele
|-damage|p2a: Tapu Lele|47/100
|
|t:|1639586179
|switch|p1a: Zapdos|Zapdos-Galar|100/100|[from]move: U-turn
|-damage|p1a: Zapdos|88/100|[from] Stealth Rock
|
|upkeep
|turn|10
|
|t:|1639586215
|switch|p2a: Melmetal|Melmetal|100/100
|-damage|p2a: Melmetal|88/100|[from] Spikes
|switch|p1a: Heatran|Heatran, M|75/100 par
|-damage|p1a: Heatran|63/100 par|[from] Stealth Rock
|
|-heal|p1a: Heatran|69/100 par|[from] item: Leftovers
|upkeep
|turn|11
|
|t:|1639586221
|switch|p1a: Skarmory|Skarmory, M|88/100
|-damage|p1a: Skarmory|76/100|[from] Stealth Rock
|move|p2a: Melmetal|Earthquake|p1a: Skarmory
|-immune|p1a: Skarmory
|
|upkeep
|turn|12
|
|t:|1639586227
|switch|p2a: Dragonite|Dragonite, M|100/100
|move|p1a: Skarmory|Spikes|p2a: Dragonite
|-sidestart|p2: Kaleor|Spikes
|
|upkeep
|turn|13
|
|t:|1639586233
|switch|p1a: Toxapex|Toxapex, F|78/100
|-damage|p1a: Toxapex|65/100|[from] Stealth Rock
|move|p2a: Dragonite|Hurricane|p1a: Toxapex
|-damage|p1a: Toxapex|2/100
|-start|p1a: Toxapex|confusion
|
|-fieldend|move: Psychic Terrain
|upkeep
|turn|14
|
|t:|1639586239
|switch|p1a: Heatran|Heatran, M|69/100 par
|-damage|p1a: Heatran|57/100 par|[from] Stealth Rock
|move|p2a: Dragonite|Hurricane|p1a: Heatran
|-resisted|p1a: Heatran
|-damage|p1a: Heatran|33/100 par
|
|-heal|p1a: Heatran|40/100 par|[from] item: Leftovers
|upkeep
|turn|15
|
|t:|1639586250
|switch|p2a: Landorus|Landorus-Therian, M|80/100 tox
|-ability|p2a: Landorus|Intimidate|boost
|-unboost|p1a: Heatran|atk|1
|move|p1a: Heatran|Toxic|p2a: Landorus
|-fail|p2a: Landorus|tox
|
|-heal|p2a: Landorus|86/100 tox|[from] item: Leftovers
|-heal|p1a: Heatran|46/100 par|[from] item: Leftovers
|-damage|p2a: Landorus|80/100 tox|[from] psn
|upkeep
|turn|16
|
|t:|1639586254
|move|p1a: Heatran|Protect|p1a: Heatran
|-singleturn|p1a: Heatran|Protect
|move|p2a: Landorus|Defog|p1a: Heatran
|-activate|p1a: Heatran|move: Protect
|
|-heal|p2a: Landorus|86/100 tox|[from] item: Leftovers
|-heal|p1a: Heatran|52/100 par|[from] item: Leftovers
|-damage|p2a: Landorus|74/100 tox|[from] psn
|upkeep
|turn|17
|
|t:|1639586259
|switch|p1a: Zapdos|Zapdos-Galar|88/100
|-damage|p1a: Zapdos|76/100|[from] Stealth Rock
|move|p2a: Landorus|Earthquake|p1a: Zapdos
|-immune|p1a: Zapdos
|
|-heal|p2a: Landorus|80/100 tox|[from] item: Leftovers
|-damage|p2a: Landorus|61/100 tox|[from] psn
|upkeep
|turn|18
|
|t:|1639586265
|move|p1a: Zapdos|Brave Bird|p2a: Landorus
|-damage|p2a: Landorus|0 fnt
|faint|p2a: Landorus
|-damage|p1a: Zapdos|52/100|[from] Recoil
|
|upkeep
|
|t:|1639586269
|switch|p2a: Melmetal|Melmetal|88/100
|-damage|p2a: Melmetal|71/100|[from] Spikes
|turn|19
|
|t:|1639586275
|switch|p1a: Hippowdon|Hippowdon, M|100/100
|-weather|Sandstorm|[from] ability: Sand Stream|[of] p1a: Hippowdon
|switch|p2a: Dragonite|Dragonite, M|100/100
|
|-weather|Sandstorm|[upkeep]
|-damage|p2a: Dragonite|94/100|[from] Sandstorm
|upkeep
|turn|20
|
|t:|1639586281
|move|p2a: Dragonite|Hurricane|p1a: Hippowdon|[miss]
|-miss|p2a: Dragonite|p1a: Hippowdon
|move|p1a: Hippowdon|Slack Off||[still]
|-fail|p1a: Hippowdon|heal
|
|-weather|Sandstorm|[upkeep]
|-damage|p2a: Dragonite|88/100|[from] Sandstorm
|upkeep
|turn|21
|
|t:|1639586284
|move|p2a: Dragonite|Hurricane|p1a: Hippowdon|[miss]
|-miss|p2a: Dragonite|p1a: Hippowdon
|move|p1a: Hippowdon|Toxic|p2a: Dragonite
|-status|p2a: Dragonite|tox
|
|-weather|Sandstorm|[upkeep]
|-damage|p2a: Dragonite|82/100 tox|[from] Sandstorm
|-damage|p2a: Dragonite|76/100 tox|[from] psn
|upkeep
|turn|22
|
|t:|1639586286
|switch|p1a: Heatran|Heatran, M|52/100 par
|-damage|p1a: Heatran|40/100 par|[from] Stealth Rock
|move|p2a: Dragonite|Hurricane|p1a: Heatran
|-resisted|p1a: Heatran
|-damage|p1a: Heatran|16/100 par
|
|-weather|Sandstorm|[upkeep]
|-damage|p2a: Dragonite|70/100 tox|[from] Sandstorm
|-heal|p1a: Heatran|23/100 par|[from] item: Leftovers
|-damage|p2a: Dragonite|57/100 tox|[from] psn
|upkeep
|turn|23
|
|t:|1639586290
|move|p1a: Heatran|Protect|p1a: Heatran
|-singleturn|p1a: Heatran|Protect
|move|p2a: Dragonite|Hurricane|p1a: Heatran
|-activate|p1a: Heatran|move: Protect
|
|-weather|none
|-heal|p1a: Heatran|29/100 par|[from] item: Leftovers
|-damage|p2a: Dragonite|39/100 tox|[from] psn
|upkeep
|turn|24
|
|t:|1639586292
|move|p2a: Dragonite|Hurricane|p1a: Heatran
|-resisted|p1a: Heatran
|-damage|p1a: Heatran|4/100 par
|-start|p1a: Heatran|confusion
|-activate|p1a: Heatran|confusion
|move|p1a: Heatran|Magma Storm|p2a: Dragonite
|-resisted|p2a: Dragonite
|-damage|p2a: Dragonite|15/100 tox
|-activate|p2a: Dragonite|move: Magma Storm|[of] p1a: Heatran
|
|-heal|p1a: Heatran|10/100 par|[from] item: Leftovers
|-damage|p2a: Dragonite|0 fnt|[from] psn
|faint|p2a: Dragonite
|upkeep
|
|t:|1639586297
|switch|p2a: Urshifu|Urshifu-Rapid-Strike, F|100/100
|-damage|p2a: Urshifu|84/100|[from] Spikes
|turn|25
|
|t:|1639586301
|move|p2a: Urshifu|U-turn|p1a: Heatran
|-resisted|p1a: Heatran
|-damage|p1a: Heatran|2/100 par
|
|t:|1639586304
|switch|p2a: Tapu Lele|Tapu Lele|47/100|[from]move: U-turn
|-damage|p2a: Tapu Lele|31/100|[from] Spikes
|-fieldstart|move: Psychic Terrain|[from] ability: Psychic Surge|[of] p2a: Tapu Lele
|-activate|p1a: Heatran|confusion
|-damage|p1a: Heatran|0 fnt|[from] confusion
|faint|p1a: Heatran
|
|upkeep
|
|t:|1639586313
|switch|p1a: Hippowdon|Hippowdon, M|100/100
|-weather|Sandstorm|[from] ability: Sand Stream|[of] p1a: Hippowdon
|turn|26
|
|t:|1639586316
|move|p2a: Tapu Lele|Psychic|p1a: Hippowdon
|-damage|p1a: Hippowdon|50/100
|-unboost|p1a: Hippowdon|spd|1
|move|p1a: Hippowdon|Earthquake|p2a: Tapu Lele
|-damage|p2a: Tapu Lele|0 fnt
|faint|p2a: Tapu Lele
|
|-weather|Sandstorm|[upkeep]
|upkeep
|
|t:|1639586320
|switch|p2a: Urshifu|Urshifu-Rapid-Strike, F|84/100
|-damage|p2a: Urshifu|68/100|[from] Spikes
|turn|27
|
|t:|1639586328
|move|p2a: Urshifu|Surging Strikes|p1a: Hippowdon
|-supereffective|p1a: Hippowdon
|-crit|p1a: Hippowdon
|-damage|p1a: Hippowdon|9/100
|-supereffective|p1a: Hippowdon
|-crit|p1a: Hippowdon
|-damage|p1a: Hippowdon|0 fnt
|faint|p1a: Hippowdon
|-hitcount|p1: Hippowdon|2
|
|-weather|Sandstorm|[upkeep]
|-damage|p2a: Urshifu|61/100|[from] Sandstorm
|upkeep
|
|t:|1639586332
|switch|p1a: Zapdos|Zapdos-Galar|52/100
|-damage|p1a: Zapdos|39/100|[from] Stealth Rock
|turn|28
|
|t:|1639586341
|move|p1a: Zapdos|Close Combat|p2a: Urshifu
|-damage|p2a: Urshifu|0 fnt
|-unboost|p1a: Zapdos|def|1
|-unboost|p1a: Zapdos|spd|1
|faint|p2a: Urshifu
|
|-weather|Sandstorm|[upkeep]
|-damage|p1a: Zapdos|33/100|[from] Sandstorm
|upkeep
|
|t:|1639586344
|switch|p2a: Blaziken|Blaziken, F|100/100
|-damage|p2a: Blaziken|84/100|[from] Spikes
|turn|29
|
|t:|1639586349
|move|p2a: Blaziken|Protect|p2a: Blaziken
|-singleturn|p2a: Blaziken|Protect
|move|p1a: Zapdos|Close Combat|p2a: Blaziken
|-activate|p2a: Blaziken|move: Protect
|
|-weather|Sandstorm|[upkeep]
|-damage|p1a: Zapdos|27/100|[from] Sandstorm
|-damage|p2a: Blaziken|78/100|[from] Sandstorm
|-fieldend|move: Psychic Terrain
|-ability|p2a: Blaziken|Speed Boost|boost
|-boost|p2a: Blaziken|spe|1
|upkeep
|turn|30
|
|t:|1639586356
|switch|p1a: Skarmory|Skarmory, M|76/100
|-damage|p1a: Skarmory|64/100|[from] Stealth Rock
|move|p2a: Blaziken|Swords Dance|p2a: Blaziken
|-boost|p2a: Blaziken|atk|2
|
|-weather|none
|-ability|p2a: Blaziken|Speed Boost|boost
|-boost|p2a: Blaziken|spe|1
|upkeep
|turn|31
|c|☆iminschoollmaooo|gg
|
|t:|1639586364
|move|p2a: Blaziken|Close Combat|p1a: Skarmory
|-damage|p1a: Skarmory|0 fnt
|-unboost|p2a: Blaziken|def|1
|-unboost|p2a: Blaziken|spd|1
|-damage|p2a: Blaziken|61/100|[from] item: Rocky Helmet|[of] p1a: Skarmory
|faint|p1a: Skarmory
|-damage|p2a: Blaziken|51/100|[from] item: Life Orb
|
|-ability|p2a: Blaziken|Speed Boost|boost
|-boost|p2a: Blaziken|spe|1
|upkeep
|
|t:|1639586366
|switch|p1a: Toxapex|Toxapex, F|35/100
|-damage|p1a: Toxapex|23/100|[from] Stealth Rock
|turn|32
|
|t:|1639586368
|switch|p1a: Zapdos|Zapdos-Galar|27/100
|-damage|p1a: Zapdos|14/100|[from] Stealth Rock
|move|p2a: Blaziken|Close Combat|p1a: Zapdos
|-resisted|p1a: Zapdos
|-crit|p1a: Zapdos
|-damage|p1a: Zapdos|0 fnt
|-unboost|p2a: Blaziken|def|1
|-unboost|p2a: Blaziken|spd|1
|faint|p1a: Zapdos
|-damage|p2a: Blaziken|41/100|[from] item: Life Orb
|
|-ability|p2a: Blaziken|Speed Boost|boost
|-boost|p2a: Blaziken|spe|1
|upkeep
|
|t:|1639586372
|switch|p1a: Toxapex|Toxapex, F|56/100
|-damage|p1a: Toxapex|43/100|[from] Stealth Rock
|turn|33
|
|t:|1639586377
|switch|p1a: Dragapult|Dragapult, M, shiny|57/100
|-damage|p1a: Dragapult|45/100|[from] Stealth Rock
|move|p2a: Blaziken|Flare Blitz|p1a: Dragapult
|-resisted|p1a: Dragapult
|-damage|p1a: Dragapult|0 fnt
|faint|p1a: Dragapult
|-damage|p2a: Blaziken|26/100|[from] Recoil
|-damage|p2a: Blaziken|16/100|[from] item: Life Orb
|
|-ability|p2a: Blaziken|Speed Boost|boost
|-boost|p2a: Blaziken|spe|1
|upkeep
|
|t:|1639586380
|switch|p1a: Toxapex|Toxapex, F|76/100
|-damage|p1a: Toxapex|64/100|[from] Stealth Rock
|turn|34
|
|t:|1639586383
|move|p2a: Blaziken|Swords Dance|p2a: Blaziken
|-boost|p2a: Blaziken|atk|2
|move|p1a: Toxapex|Recover|p1a: Toxapex
|-heal|p1a: Toxapex|100/100
|
|-ability|p2a: Blaziken|Speed Boost|boost
|-boost|p2a: Blaziken|spe|1
|upkeep
|turn|35
|
|t:|1639586388
|move|p2a: Blaziken|Close Combat|p1a: Toxapex
|-resisted|p1a: Toxapex
|-damage|p1a: Toxapex|26/100
|-unboost|p2a: Blaziken|def|1
|-unboost|p2a: Blaziken|spd|1
|-damage|p2a: Blaziken|0 fnt|[from] item: Rocky Helmet|[of] p1a: Toxapex
|faint|p2a: Blaziken
|move|p1a: Toxapex|Recover|p1a: Toxapex
|-heal|p1a: Toxapex|76/100
|
|upkeep
|
|t:|1639586392
|switch|p2a: Melmetal|Melmetal|71/100
|-damage|p2a: Melmetal|55/100|[from] Spikes
|turn|36
|
|t:|1639586395
|move|p1a: Toxapex|Scald|p2a: Melmetal
|-crit|p2a: Melmetal
|-damage|p2a: Melmetal|41/100
|move|p2a: Melmetal|Earthquake|p1a: Toxapex
|-supereffective|p1a: Toxapex
|-damage|p1a: Toxapex|36/100
|
|upkeep
|turn|37
|
|t:|1639586401
|move|p1a: Toxapex|Recover|p1a: Toxapex
|-heal|p1a: Toxapex|86/100
|move|p2a: Melmetal|Earthquake|p1a: Toxapex
|-supereffective|p1a: Toxapex
|-damage|p1a: Toxapex|48/100
|
|upkeep
|turn|38
|
|t:|1639586405
|move|p1a: Toxapex|Recover|p1a: Toxapex
|-heal|p1a: Toxapex|98/100
|move|p2a: Melmetal|Earthquake|p1a: Toxapex
|-supereffective|p1a: Toxapex
|-damage|p1a: Toxapex|54/100
|
|upkeep
|turn|39
|
|t:|1639586408
|move|p1a: Toxapex|Scald|p2a: Melmetal
|-damage|p2a: Melmetal|32/100
|move|p2a: Melmetal|Earthquake|p1a: Toxapex
|-supereffective|p1a: Toxapex
|-damage|p1a: Toxapex|12/100
|
|upkeep
|turn|40
|
|t:|1639586412
|move|p1a: Toxapex|Recover|p1a: Toxapex
|-heal|p1a: Toxapex|62/100
|move|p2a: Melmetal|Earthquake|p1a: Toxapex
|-supereffective|p1a: Toxapex
|-damage|p1a: Toxapex|20/100
|
|upkeep
|turn|41
|
|t:|1639586415
|move|p1a: Toxapex|Recover|p1a: Toxapex
|-heal|p1a: Toxapex|70/100
|move|p2a: Melmetal|Earthquake|p1a: Toxapex
|-supereffective|p1a: Toxapex
|-damage|p1a: Toxapex|31/100
|
|upkeep
|turn|42
|
|t:|1639586417
|move|p1a: Toxapex|Recover|p1a: Toxapex
|-heal|p1a: Toxapex|81/100
|move|p2a: Melmetal|Earthquake|p1a: Toxapex
|-supereffective|p1a: Toxapex
|-damage|p1a: Toxapex|42/100
|
|upkeep
|turn|43
|
|t:|1639586419
|move|p1a: Toxapex|Recover|p1a: Toxapex
|-heal|p1a: Toxapex|92/100
|move|p2a: Melmetal|Earthquake|p1a: Toxapex
|-supereffective|p1a: Toxapex
|-damage|p1a: Toxapex|54/100
|
|upkeep
|turn|44
|
|t:|1639586422
|move|p1a: Toxapex|Recover|p1a: Toxapex
|-heal|p1a: Toxapex|100/100
|move|p2a: Melmetal|Earthquake|p1a: Toxapex
|-supereffective|p1a: Toxapex
|-damage|p1a: Toxapex|56/100
|
|upkeep
|turn|45
|
|t:|1639586426
|move|p1a: Toxapex|Recover|p1a: Toxapex
|-heal|p1a: Toxapex|100/100
|move|p2a: Melmetal|Earthquake|p1a: Toxapex
|-supereffective|p1a: Toxapex
|-damage|p1a: Toxapex|60/100
|
|upkeep
|turn|46
|
|t:|1639586428
|move|p1a: Toxapex|Recover|p1a: Toxapex
|-heal|p1a: Toxapex|100/100
|move|p2a: Melmetal|Earthquake|p1a: Toxapex
|-supereffective|p1a: Toxapex
|-damage|p1a: Toxapex|62/100
|
|upkeep
|turn|47
|
|t:|1639586430
|move|p1a: Toxapex|Recover|p1a: Toxapex
|-heal|p1a: Toxapex|100/100
|move|p2a: Melmetal|Earthquake|p1a: Toxapex
|-supereffective|p1a: Toxapex
|-damage|p1a: Toxapex|61/100
|
|upkeep
|turn|48
|
|t:|1639586433
|move|p1a: Toxapex|Recover|p1a: Toxapex
|-heal|p1a: Toxapex|100/100
|move|p2a: Melmetal|Earthquake|p1a: Toxapex
|-supereffective|p1a: Toxapex
|-damage|p1a: Toxapex|58/100
|
|upkeep
|turn|49
|
|t:|1639586435
|move|p1a: Toxapex|Recover|p1a: Toxapex
|-heal|p1a: Toxapex|100/100
|move|p2a: Melmetal|Earthquake|p1a: Toxapex
|-supereffective|p1a: Toxapex
|-damage|p1a: Toxapex|62/100
|
|upkeep
|turn|50
|
|t:|1639586438
|move|p1a: Toxapex|Recover|p1a: Toxapex
|-heal|p1a: Toxapex|100/100
|move|p2a: Melmetal|Ice Punch|p1a: Toxapex
|-resisted|p1a: Toxapex
|-damage|p1a: Toxapex|91/100
|-damage|p2a: Melmetal|15/100|[from] item: Rocky Helmet|[of] p1a: Toxapex
|
|upkeep
|turn|51
|j| xyzhoe
|
|t:|1639586441
|move|p1a: Toxapex|Scald|p2a: Melmetal
|-damage|p2a: Melmetal|6/100
|move|p2a: Melmetal|Earthquake|p1a: Toxapex
|-supereffective|p1a: Toxapex
|-damage|p1a: Toxapex|53/100
|
|upkeep
|turn|52
|
|t:|1639586445
|move|p1a: Toxapex|Scald|p2a: Melmetal
|-damage|p2a: Melmetal|0 fnt
|faint|p2a: Melmetal
|
|win|iminschoollmaooo
|raw|iminschoollmaooo's rating: 1589 &rarr; <strong>1610</strong><br />(+21 for winning)
|raw|Kaleor's rating: 1609 &rarr; <strong>1588</strong><br />(-21 for losing)
|c|☆iminschoollmaooo|gg
|l|☆Kaleor
|l| xyzhoe
|l| EAlejandro ☭
||Ladder isn't responding, score probably updated but might not have (Request timeout).
