|raw|<div class="broadcast-blue"><strong>This battle is required to be public due to a player having a name starting with 'lt92pf'.</div>
|j|☆Coach Jones 6fifth
|j|☆LT92PF Jobless
|t:|1659705511
|gametype|singles
|player|p1|Coach Jones 6fifth|lusamine-nihilego|1716
|player|p2|LT92PF Jobless|101|1868
|teamsize|p1|6
|teamsize|p2|6
|gen|8
|tier|[Gen 8] OU
|rated|
|rule|Sleep Clause Mod: Limit one foe put to sleep
|rule|Species Clause: Limit one of each Pokémon
|rule|OHKO Clause: OHKO moves are banned
|rule|Evasion Items Clause: Evasion items are banned
|rule|Evasion Moves Clause: Evasion moves are banned
|rule|Endless Battle Clause: Forcing endless battles is banned
|rule|HP Percentage Mod: HP is shown in percentages
|rule|Dynamax Clause: You cannot dynamax
|clearpoke
|poke|p1|Kartana|
|poke|p1|Weavile, F|
|poke|p1|Magnezone|
|poke|p1|Urshifu-*, F|
|poke|p1|Melmetal|
|poke|p1|Landorus-Therian, M|
|poke|p2|Victini|
|poke|p2|Zapdos|
|poke|p2|Tapu Fini|
|poke|p2|Ferrothorn, F|
|poke|p2|Dragapult, M|
|poke|p2|Landorus-Therian, M|
|teampreview
|j| Shocwave
|inactive|Battle timer is ON: inactive players will automatically lose when time's up. (requested by Coach Jones 6fifth)
|
|t:|1659705550
|start
|switch|p1a: Landorus|Landorus-Therian, M|100/100
|switch|p2a: Zapdos|Zapdos|100/100
|-ability|p1a: Landorus|Intimidate|boost
|-unboost|p2a: Zapdos|atk|1
|turn|1
|
|t:|1659705555
|move|p2a: Zapdos|Toxic|p1a: Landorus
|-status|p1a: Landorus|tox
|move|p1a: Landorus|Toxic|p2a: Zapdos
|-status|p2a: Zapdos|tox
|
|-damage|p2a: Zapdos|94/100 tox|[from] psn
|-damage|p1a: Landorus|94/100 tox|[from] psn
|upkeep
|turn|2
|
|t:|1659705559
|move|p2a: Zapdos|Hurricane|p1a: Landorus
|-damage|p1a: Landorus|52/100 tox
|-start|p1a: Landorus|confusion
|-activate|p1a: Landorus|confusion
|move|p1a: Landorus|Stealth Rock|p2a: Zapdos
|-sidestart|p2: LT92PF Jobless|move: Stealth Rock
|
|-heal|p1a: Landorus|59/100 tox|[from] item: Leftovers
|-damage|p2a: Zapdos|82/100 tox|[from] psn
|-damage|p1a: Landorus|46/100 tox|[from] psn
|upkeep
|turn|3
|
|t:|1659705566
|move|p2a: Zapdos|Hurricane|p1a: Landorus
|-damage|p1a: Landorus|1/100 tox
|-activate|p1a: Landorus|confusion
|move|p1a: Landorus|U-turn|p2a: Zapdos
|-resisted|p2a: Zapdos
|-damage|p2a: Zapdos|70/100 tox
|
|t:|1659705574
|switch|p1a: Melmetal|Melmetal|100/100|[from]move: U-turn
|
|-damage|p2a: Zapdos|52/100 tox|[from] psn
|upkeep
|turn|4
|j| LT92PF Xellow
|
|t:|1659705585
|switch|p2a: Ferrothorn|Ferrothorn, F|100/100
|-damage|p2a: Ferrothorn|95/100|[from] Stealth Rock
|move|p1a: Melmetal|Protect||[still]
|-fail|p1a: Melmetal
|
|-heal|p2a: Ferrothorn|100/100|[from] item: Leftovers
|upkeep
|turn|5
|
|t:|1659705587
|switch|p1a: Magnezone|Magnezone|100/100
|switch|p2a: Landorus|Landorus-Therian, M|100/100
|-damage|p2a: Landorus|88/100|[from] Stealth Rock
|-ability|p2a: Landorus|Intimidate|boost
|-unboost|p1a: Magnezone|atk|1
|
|-heal|p2a: Landorus|94/100|[from] item: Leftovers
|upkeep
|turn|6
|
|t:|1659705594
|switch|p1a: Weavile|Weavile, F|100/100
|-ability|p1a: Weavile|Pressure
|move|p2a: Landorus|Stealth Rock|p1a: Weavile
|-sidestart|p1: Coach Jones 6fifth|move: Stealth Rock
|
|-heal|p2a: Landorus|99/100|[from] item: Leftovers
|upkeep
|turn|7
|j| LT92PF dragonnb
|
|t:|1659705599
|switch|p2a: Ferrothorn|Ferrothorn, F|100/100
|-damage|p2a: Ferrothorn|95/100|[from] Stealth Rock
|move|p1a: Weavile|Ice Shard|p2a: Ferrothorn
|-damage|p2a: Ferrothorn|75/100
|-damage|p1a: Weavile|91/100|[from] item: Life Orb
|
|-heal|p2a: Ferrothorn|81/100|[from] item: Leftovers
|upkeep
|turn|8
|j| SoarApollo
|
|t:|1659705602
|switch|p1a: Magnezone|Magnezone|100/100
|-damage|p1a: Magnezone|94/100|[from] Stealth Rock
|move|p2a: Ferrothorn|Spikes|p1a: Magnezone
|-sidestart|p1: Coach Jones 6fifth|Spikes
|
|-heal|p2a: Ferrothorn|87/100|[from] item: Leftovers
|upkeep
|turn|9
|
|t:|1659705604
|move|p1a: Magnezone|Substitute|p1a: Magnezone
|-start|p1a: Magnezone|Substitute
|-damage|p1a: Magnezone|70/100
|move|p2a: Ferrothorn|Spikes|p1a: Magnezone
|-sidestart|p1: Coach Jones 6fifth|Spikes
|
|-heal|p2a: Ferrothorn|93/100|[from] item: Leftovers
|upkeep
|turn|10
|
|t:|1659705607
|move|p1a: Magnezone|Iron Defense|p1a: Magnezone
|-boost|p1a: Magnezone|def|2
|move|p2a: Ferrothorn|Spikes|p1a: Magnezone
|-sidestart|p1: Coach Jones 6fifth|Spikes
|
|-heal|p2a: Ferrothorn|99/100|[from] item: Leftovers
|upkeep
|turn|11
|
|t:|1659705611
|move|p1a: Magnezone|Iron Defense|p1a: Magnezone
|-boost|p1a: Magnezone|def|2
|move|p2a: Ferrothorn|Body Press|p1a: Magnezone
|-supereffective|p1a: Magnezone
|-activate|p1a: Magnezone|move: Substitute|[damage]
|
|-heal|p2a: Ferrothorn|100/100|[from] item: Leftovers
|upkeep
|turn|12
|
|t:|1659705616
|move|p1a: Magnezone|Body Press|p2a: Ferrothorn
|-supereffective|p2a: Ferrothorn
|-damage|p2a: Ferrothorn|0 fnt
|-damage|p1a: Magnezone|57/100|[from] ability: Iron Barbs|[of] p2a: Ferrothorn
|faint|p2a: Ferrothorn
|
|upkeep
|
|t:|1659705619
|switch|p2a: Dragapult|Dragapult, M|100/100
|-damage|p2a: Dragapult|88/100|[from] Stealth Rock
|turn|13
|j| ripreckful
|l| LT92PF dragonnb
|inactive|LT92PF Jobless has 120 seconds left.
|l| SoarApollo
|
|t:|1659705656
|move|p2a: Dragapult|Shadow Ball|p1a: Magnezone
|-damage|p1a: Magnezone|0 fnt
|faint|p1a: Magnezone
|
|upkeep
|
|t:|1659705665
|switch|p1a: Weavile|Weavile, F|91/100
|-damage|p1a: Weavile|66/100|[from] Stealth Rock
|-damage|p1a: Weavile|41/100|[from] Spikes
|-ability|p1a: Weavile|Pressure
|turn|14
|
|t:|1659705670
|switch|p2a: Tapu Fini|Tapu Fini|100/100
|-damage|p2a: Tapu Fini|88/100|[from] Stealth Rock
|-fieldstart|move: Misty Terrain|[from] ability: Misty Surge|[of] p2a: Tapu Fini
|move|p1a: Weavile|Knock Off|p2a: Tapu Fini
|-resisted|p2a: Tapu Fini
|-damage|p2a: Tapu Fini|61/100
|-enditem|p2a: Tapu Fini|Choice Scarf|[from] move: Knock Off|[of] p1a: Weavile
|-damage|p1a: Weavile|31/100|[from] item: Life Orb
|
|upkeep
|turn|15
|
|t:|1659705673
|switch|p1a: Melmetal|Melmetal|100/100
|-damage|p1a: Melmetal|94/100|[from] Stealth Rock
|-damage|p1a: Melmetal|70/100|[from] Spikes
|move|p2a: Tapu Fini|Moonblast|p1a: Melmetal
|-resisted|p1a: Melmetal
|-damage|p1a: Melmetal|55/100
|-unboost|p1a: Melmetal|spa|1
|
|-heal|p1a: Melmetal|62/100|[from] item: Leftovers
|upkeep
|turn|16
|
|t:|1659705678
|switch|p2a: Landorus|Landorus-Therian, M|99/100
|-damage|p2a: Landorus|88/100|[from] Stealth Rock
|-ability|p2a: Landorus|Intimidate|boost
|-unboost|p1a: Melmetal|atk|1
|move|p1a: Melmetal|Double Iron Bash|p2a: Landorus
|-damage|p2a: Landorus|57/100
|-damage|p2a: Landorus|28/100
|-hitcount|p2a: Landorus|2
|
|-heal|p2a: Landorus|34/100|[from] item: Leftovers
|-heal|p1a: Melmetal|68/100|[from] item: Leftovers
|upkeep
|turn|17
|
|t:|1659705685
|move|p2a: Landorus|Earthquake|p1a: Melmetal
|-supereffective|p1a: Melmetal
|-damage|p1a: Melmetal|12/100
|move|p1a: Melmetal|Double Iron Bash|p2a: Landorus
|-damage|p2a: Landorus|5/100
|-damage|p2a: Landorus|0 fnt
|faint|p2a: Landorus
|-hitcount|p2: Landorus|2
|
|-heal|p1a: Melmetal|18/100|[from] item: Leftovers
|upkeep
|
|t:|1659705692
|switch|p2a: Dragapult|Dragapult, M|88/100
|-damage|p2a: Dragapult|76/100|[from] Stealth Rock
|turn|18
|
|t:|1659705704
|move|p1a: Melmetal|Protect|p1a: Melmetal
|-singleturn|p1a: Melmetal|Protect
|move|p2a: Dragapult|Shadow Ball|p1a: Melmetal
|-activate|p1a: Melmetal|move: Protect
|
|-heal|p1a: Melmetal|24/100|[from] item: Leftovers
|-fieldend|Misty Terrain
|upkeep
|turn|19
|inactive|Coach Jones 6fifth has 120 seconds left.
|
|t:|1659705752
|switch|p1a: Landorus|Landorus-Therian, M|1/100 tox
|-damage|p1a: Landorus|0 fnt|[from] Stealth Rock
|faint|p1a: Landorus
|move|p2a: Dragapult|Shadow Ball|p1: Landorus|[notarget]
|-fail|p2a: Dragapult
|
|upkeep
|
|t:|1659705754
|switch|p1a: Kartana|Kartana|100/100
|-damage|p1a: Kartana|94/100|[from] Stealth Rock
|-damage|p1a: Kartana|70/100|[from] Spikes
|turn|20
|j| Skip The Drip
|
|t:|1659705764
|switch|p2a: Zapdos|Zapdos|52/100 tox
|move|p1a: Kartana|Knock Off|p2a: Zapdos
|-damage|p2a: Zapdos|11/100 tox
|-enditem|p2a: Zapdos|Heavy-Duty Boots|[from] move: Knock Off|[of] p1a: Kartana
|
|-damage|p2a: Zapdos|5/100 tox|[from] psn
|upkeep
|turn|21
|inactive|Coach Jones 6fifth has 120 seconds left.
|l| Skip The Drip
|
|t:|1659705776
|move|p1a: Kartana|Knock Off|p2a: Zapdos
|-damage|p2a: Zapdos|0 fnt
|faint|p2a: Zapdos
|-ability|p1a: Kartana|Beast Boost|boost
|-boost|p1a: Kartana|atk|1
|
|upkeep
|
|t:|1659705783
|switch|p2a: Tapu Fini|Tapu Fini|61/100
|-damage|p2a: Tapu Fini|48/100|[from] Stealth Rock
|-fieldstart|move: Misty Terrain|[from] ability: Misty Surge|[of] p2a: Tapu Fini
|turn|22
|
|t:|1659705787
|switch|p1a: Melmetal|Melmetal|24/100
|-damage|p1a: Melmetal|18/100|[from] Stealth Rock
|-damage|p1a: Melmetal|0 fnt|[from] Spikes
|faint|p1a: Melmetal
|move|p2a: Tapu Fini|Moonblast|p1: Melmetal|[notarget]
|-fail|p2a: Tapu Fini
|
|upkeep
|
|t:|1659705789
|switch|p1a: Kartana|Kartana|70/100
|-damage|p1a: Kartana|63/100|[from] Stealth Rock
|-damage|p1a: Kartana|39/100|[from] Spikes
|turn|23
|
|t:|1659705801
|switch|p2a: Victini|Victini|100/100
|move|p1a: Kartana|Knock Off|p2a: Victini
|-supereffective|p2a: Victini
|-damage|p2a: Victini|24/100
|-enditem|p2a: Victini|Heavy-Duty Boots|[from] move: Knock Off|[of] p1a: Kartana
|
|upkeep
|turn|24
|
|t:|1659705806
|switch|p2a: Tapu Fini|Tapu Fini|48/100
|-damage|p2a: Tapu Fini|36/100|[from] Stealth Rock
|move|p1a: Kartana|Knock Off|p2a: Tapu Fini
|-resisted|p2a: Tapu Fini
|-damage|p2a: Tapu Fini|24/100
|
|upkeep
|turn|25
|
|t:|1659705809
|switch|p1a: Weavile|Weavile, F|31/100
|-damage|p1a: Weavile|6/100|[from] Stealth Rock
|-damage|p1a: Weavile|0 fnt|[from] Spikes
|faint|p1a: Weavile
|move|p2a: Tapu Fini|Moonblast|p1: Weavile|[notarget]
|-fail|p2a: Tapu Fini
|
|upkeep
|
|t:|1659705811
|switch|p1a: Kartana|Kartana|39/100
|-damage|p1a: Kartana|33/100|[from] Stealth Rock
|-damage|p1a: Kartana|8/100|[from] Spikes
|turn|26
|
|t:|1659705814
|switch|p2a: Victini|Victini|24/100
|-damage|p2a: Victini|0 fnt|[from] Stealth Rock
|faint|p2a: Victini
|move|p1a: Kartana|Leaf Blade|p2: Victini|[notarget]
|-fail|p1a: Kartana
|
|-fieldend|Misty Terrain
|upkeep
|
|t:|1659705816
|switch|p2a: Dragapult|Dragapult, M|76/100
|-damage|p2a: Dragapult|64/100|[from] Stealth Rock
|turn|27
|
|t:|1659705824
|move|p1a: Kartana|Leaf Blade|p2a: Dragapult
|-resisted|p2a: Dragapult
|-damage|p2a: Dragapult|21/100
|move|p2a: Dragapult|Shadow Ball|p1a: Kartana
|-damage|p1a: Kartana|0 fnt
|faint|p1a: Kartana
|
|upkeep
|
|t:|1659705826
|switch|p1a: Urshifu|Urshifu-Rapid-Strike, F|100/100
|-damage|p1a: Urshifu|94/100|[from] Stealth Rock
|-damage|p1a: Urshifu|69/100|[from] Spikes
|turn|28
|
|t:|1659705829
|move|p2a: Dragapult|Shadow Ball|p1a: Urshifu
|-damage|p1a: Urshifu|0 fnt
|faint|p1a: Urshifu
|
|win|LT92PF Jobless
|raw|Coach Jones 6fifth's rating: 1716 &rarr; <strong>1704</strong><br />(-12 for losing)
|raw|LT92PF Jobless's rating: 1868 &rarr; <strong>1880</strong><br />(+12 for winning)
|c|☆LT92PF Jobless|gg
|c|☆Coach Jones 6fifth|gg
|l|☆Coach Jones 6fifth
