|j|‽minimax_ai
|j|☆DJ CRIB DEF
|t:|1667456340
|gametype|singles
|player|p1|minimax_ai|266|1578
|player|p2|DJ CRIB DEF|266|1566
|teamsize|p1|6
|teamsize|p2|6
|gen|8
|tier|[Gen 8] OU
|rated|
|rule|Sleep Clause Mod: Limit one foe put to sleep
|rule|Species Clause: Limit one of each Pokémon
|rule|OHKO Clause: OHKO moves are banned
|rule|Evasion Items Clause: Evasion items are banned
|rule|Evasion Moves Clause: Evasion moves are banned
|rule|Endless Battle Clause: Forcing endless battles is banned
|rule|HP Percentage Mod: HP is shown in percentages
|rule|Dynamax Clause: You cannot dynamax
|clearpoke
|poke|p1|Rotom-Wash|
|poke|p1|Weavile, M|
|poke|p1|Landorus-Therian, M|
|poke|p1|Heatran, M|
|poke|p1|Tangrowth, F|
|poke|p1|Melmetal|
|poke|p2|Clefable, F|
|poke|p2|Urshifu-*, F|
|poke|p2|Dragapult, M|
|poke|p2|Skarmory, F|
|poke|p2|Blissey, F|
|poke|p2|Landorus-Therian, M|
|teampreview
|inactive|Battle timer is ON: inactive players will automatically lose when time's up. (requested by DJ CRIB DEF)
|inactive|minimax_ai also wants the timer to be on.
|
|t:|1667456349
|start
|switch|p1a: Landorus|Landorus-Therian, M|100/100
|switch|p2a: Clefable|Clefable, F|100/100
|-ability|p1a: Landorus|Intimidate|boost
|-unboost|p2a: Clefable|atk|1
|turn|1
|
|t:|1667456353
|move|p1a: Landorus|U-turn|p2a: Clefable
|-resisted|p2a: Clefable
|-crit|p2a: Clefable
|-damage|p2a: Clefable|87/100
|
|t:|1667456354
|switch|p1a: Heatran|Heatran, M|100/100|[from]move: U-turn
|-item|p1a: Heatran|Air Balloon
|move|p2a: Clefable|Trick|p1a: Heatran
|-activate|p2a: Clefable|move: Trick|[of] p1a: Heatran
|-item|p1a: Heatran|Sticky Barb|[from] move: Trick
|-item|p2a: Clefable|Air Balloon
|-item|p2a: Clefable|Air Balloon|[from] move: Trick
|
|-damage|p1a: Heatran|88/100|[from] item: Sticky Barb
|upkeep
|turn|2
|
|t:|1667456364
|switch|p2a: Landorus|Landorus-Therian, M|100/100
|-ability|p2a: Landorus|Intimidate|boost
|-unboost|p1a: Heatran|atk|1
|move|p1a: Heatran|Eruption|p2a: Landorus
|-damage|p2a: Landorus|34/100
|
|-heal|p2a: Landorus|40/100|[from] item: Leftovers
|-damage|p1a: Heatran|76/100|[from] item: Sticky Barb
|upkeep
|turn|3
|
|t:|1667456369
|switch|p1a: Tangrowth|Tangrowth, F|100/100
|move|p2a: Landorus|Earthquake|p1a: Tangrowth
|-resisted|p1a: Tangrowth
|-damage|p1a: Tangrowth|89/100
|
|-heal|p2a: Landorus|46/100|[from] item: Leftovers
|upkeep
|turn|4
|
|t:|1667456378
|switch|p2a: Clefable|Clefable, F|87/100
|-item|p2a: Clefable|Air Balloon
|move|p1a: Tangrowth|Giga Drain|p2a: Clefable
|-crit|p2a: Clefable
|-damage|p2a: Clefable|51/100
|-heal|p1a: Tangrowth|100/100|[from] drain|[of] p2a: Clefable
|-enditem|p2a: Clefable|Air Balloon
|
|upkeep
|turn|5
|
|t:|1667456382
|switch|p1a: Heatran|Heatran, M|76/100
|move|p2a: Clefable|Soft-Boiled|p2a: Clefable
|-heal|p2a: Clefable|100/100
|
|-damage|p1a: Heatran|63/100|[from] item: Sticky Barb
|upkeep
|turn|6
|
|t:|1667456385
|switch|p2a: Blissey|Blissey, F|100/100
|move|p1a: Heatran|Stealth Rock|p2a: Blissey
|-sidestart|p2: DJ CRIB DEF|move: Stealth Rock
|
|-damage|p1a: Heatran|51/100|[from] item: Sticky Barb
|upkeep
|turn|7
|
|t:|1667456389
|switch|p1a: Weavile|Weavile, M|100/100
|-ability|p1a: Weavile|Pressure
|move|p2a: Blissey|Thunder Wave|p1a: Weavile
|-status|p1a: Weavile|par
|
|upkeep
|turn|8
|
|t:|1667456398
|switch|p2a: Clefable|Clefable, F|100/100
|cant|p1a: Weavile|par
|
|upkeep
|turn|9
|
|t:|1667456401
|switch|p1a: Heatran|Heatran, M|51/100
|move|p2a: Clefable|Stealth Rock|p1a: Heatran
|-sidestart|p1: minimax_ai|move: Stealth Rock
|
|-damage|p1a: Heatran|39/100|[from] item: Sticky Barb
|upkeep
|turn|10
|
|t:|1667456418
|switch|p2a: Blissey|Blissey, F|100/100
|move|p1a: Heatran|Magma Storm|p2a: Blissey|[miss]
|-miss|p1a: Heatran|p2a: Blissey
|
|-damage|p1a: Heatran|26/100|[from] item: Sticky Barb
|upkeep
|turn|11
|
|t:|1667456422
|switch|p1a: Tangrowth|Tangrowth, F|100/100
|-damage|p1a: Tangrowth|88/100|[from] Stealth Rock
|move|p2a: Blissey|Teleport|p2a: Blissey
|
|t:|1667456424
|switch|p2a: Dragapult|Dragapult, M|100/100|[from]move: Teleport
|-damage|p2a: Dragapult|88/100|[from] Stealth Rock
|
|upkeep
|turn|12
|
|t:|1667456441
|switch|p1a: Melmetal|Melmetal|100/100
|-damage|p1a: Melmetal|94/100|[from] Stealth Rock
|move|p2a: Dragapult|Flamethrower|p1a: Melmetal
|-supereffective|p1a: Melmetal
|-damage|p1a: Melmetal|53/100
|
|upkeep
|turn|13
|
|t:|1667456447
|switch|p2a: Skarmory|Skarmory, F|100/100
|-damage|p2a: Skarmory|88/100|[from] Stealth Rock
|move|p1a: Melmetal|Double Iron Bash|p2a: Skarmory
|-resisted|p2a: Skarmory
|-damage|p2a: Skarmory|77/100
|-damage|p1a: Melmetal|36/100|[from] item: Rocky Helmet|[of] p2a: Skarmory
|-resisted|p2a: Skarmory
|-damage|p2a: Skarmory|65/100
|-damage|p1a: Melmetal|20/100|[from] item: Rocky Helmet|[of] p2a: Skarmory
|-hitcount|p2a: Skarmory|2
|
|upkeep
|turn|14
|
|t:|1667456451
|switch|p1a: Rotom|Rotom-Wash|100/100
|-damage|p1a: Rotom|88/100|[from] Stealth Rock
|move|p2a: Skarmory|Body Press|p1a: Rotom
|-damage|p1a: Rotom|55/100
|
|-heal|p1a: Rotom|61/100|[from] item: Leftovers
|upkeep
|turn|15
|
|t:|1667456460
|switch|p2a: Clefable|Clefable, F|100/100
|move|p1a: Rotom|Thunderbolt|p2a: Clefable
|-damage|p2a: Clefable|66/100
|
|-heal|p1a: Rotom|67/100|[from] item: Leftovers
|upkeep
|turn|16
|
|t:|1667456474
|move|p1a: Rotom|Thunderbolt|p2a: Clefable
|-damage|p2a: Clefable|33/100
|move|p2a: Clefable|Moonblast|p1a: Rotom
|-damage|p1a: Rotom|31/100
|
|-heal|p1a: Rotom|38/100|[from] item: Leftovers
|upkeep
|turn|17
|
|t:|1667456482
|switch|p2a: Dragapult|Dragapult, M|88/100
|-damage|p2a: Dragapult|76/100|[from] Stealth Rock
|move|p1a: Rotom|Thunderbolt|p2a: Dragapult
|-resisted|p2a: Dragapult
|-damage|p2a: Dragapult|50/100
|
|-heal|p1a: Rotom|44/100|[from] item: Leftovers
|upkeep
|turn|18
|
|t:|1667456487
|switch|p1a: Landorus|Landorus-Therian, M|100/100
|-damage|p1a: Landorus|88/100|[from] Stealth Rock
|-ability|p1a: Landorus|Intimidate|boost
|-unboost|p2a: Dragapult|atk|1
|move|p2a: Dragapult|Draco Meteor|p1a: Landorus
|-damage|p1a: Landorus|22/100
|-unboost|p2a: Dragapult|spa|2
|
|-heal|p1a: Landorus|28/100|[from] item: Leftovers
|upkeep
|turn|19
|
|t:|1667456489
|move|p2a: Dragapult|Draco Meteor|p1a: Landorus
|-damage|p1a: Landorus|0 fnt
|-unboost|p2a: Dragapult|spa|2
|faint|p1a: Landorus
|
|upkeep
|
|t:|1667456489
|switch|p1a: Rotom|Rotom-Wash|44/100
|-damage|p1a: Rotom|31/100|[from] Stealth Rock
|turn|20
|
|t:|1667456499
|switch|p2a: Clefable|Clefable, F|33/100
|move|p1a: Rotom|Pain Split|p2a: Clefable
|-sethp|p2a: Clefable|29/100|[from] move: Pain Split|[silent]
|-sethp|p1a: Rotom|37/100|[from] move: Pain Split
|
|-heal|p1a: Rotom|44/100|[from] item: Leftovers
|upkeep
|turn|21
|
|t:|1667456503
|move|p1a: Rotom|Thunderbolt|p2a: Clefable
|-damage|p2a: Clefable|0 fnt
|faint|p2a: Clefable
|
|-heal|p1a: Rotom|50/100|[from] item: Leftovers
|upkeep
|
|t:|1667456507
|switch|p2a: Dragapult|Dragapult, M|50/100
|-damage|p2a: Dragapult|38/100|[from] Stealth Rock
|turn|22
|
|t:|1667456510
|switch|p1a: Heatran|Heatran, M|26/100
|-damage|p1a: Heatran|14/100|[from] Stealth Rock
|move|p2a: Dragapult|Draco Meteor|p1a: Heatran
|-resisted|p1a: Heatran
|-damage|p1a: Heatran|0 fnt
|-unboost|p2a: Dragapult|spa|2
|faint|p1a: Heatran
|
|upkeep
|
|t:|1667456511
|switch|p1a: Melmetal|Melmetal|20/100
|-damage|p1a: Melmetal|13/100|[from] Stealth Rock
|turn|23
|
|t:|1667456515
|move|p2a: Dragapult|Draco Meteor|p1a: Melmetal
|-resisted|p1a: Melmetal
|-damage|p1a: Melmetal|1/100
|-unboost|p2a: Dragapult|spa|2
|move|p1a: Melmetal|Ice Punch|p2a: Dragapult
|-supereffective|p2a: Dragapult
|-damage|p2a: Dragapult|0 fnt
|faint|p2a: Dragapult
|
|upkeep
|
|t:|1667456522
|switch|p2a: Urshifu|Urshifu-Rapid-Strike, F|100/100
|-damage|p2a: Urshifu|94/100|[from] Stealth Rock
|turn|24
|
|t:|1667456524
|move|p2a: Urshifu|U-turn|p1a: Melmetal
|-resisted|p1a: Melmetal
|-damage|p1a: Melmetal|0 fnt
|faint|p1a: Melmetal
|
|t:|1667456528
|switch|p2a: Landorus|Landorus-Therian, M|46/100|[from]move: U-turn
|-damage|p2a: Landorus|34/100|[from] Stealth Rock
|
|-heal|p2a: Landorus|40/100|[from] item: Leftovers
|upkeep
|
|t:|1667456528
|switch|p1a: Rotom|Rotom-Wash|50/100
|-damage|p1a: Rotom|37/100|[from] Stealth Rock
|turn|25
|
|t:|1667456533
|switch|p2a: Blissey|Blissey, F|100/100
|move|p1a: Rotom|Hydro Pump|p2a: Blissey|[miss]
|-miss|p1a: Rotom|p2a: Blissey
|
|-heal|p1a: Rotom|44/100|[from] item: Leftovers
|upkeep
|turn|26
|
|t:|1667456534
|move|p1a: Rotom|Pain Split|p2a: Blissey
|-sethp|p2a: Blissey|60/100|[from] move: Pain Split|[silent]
|-sethp|p1a: Rotom|100/100|[from] move: Pain Split
|move|p2a: Blissey|Teleport|p2a: Blissey
|
|t:|1667456539
|switch|p2a: Urshifu|Urshifu-Rapid-Strike, F|94/100|[from]move: Teleport
|-damage|p2a: Urshifu|88/100|[from] Stealth Rock
|
|upkeep
|turn|27
|
|t:|1667456543
|move|p2a: Urshifu|U-turn|p1a: Rotom
|-damage|p1a: Rotom|61/100
|
|t:|1667456545
|switch|p2a: Blissey|Blissey, F|60/100|[from]move: U-turn
|move|p1a: Rotom|Thunderbolt|p2a: Blissey
|-damage|p2a: Blissey|45/100
|
|-heal|p1a: Rotom|67/100|[from] item: Leftovers
|upkeep
|turn|28
|
|t:|1667456548
|move|p1a: Rotom|Nasty Plot|p1a: Rotom
|-boost|p1a: Rotom|spa|2
|move|p2a: Blissey|Teleport|p2a: Blissey
|
|t:|1667456553
|switch|p2a: Urshifu|Urshifu-Rapid-Strike, F|88/100|[from]move: Teleport
|-damage|p2a: Urshifu|82/100|[from] Stealth Rock
|
|-heal|p1a: Rotom|73/100|[from] item: Leftovers
|upkeep
|turn|29
|
|t:|1667456554
|move|p2a: Urshifu|Close Combat|p1a: Rotom
|-damage|p1a: Rotom|0 fnt
|-unboost|p2a: Urshifu|def|1
|-unboost|p2a: Urshifu|spd|1
|faint|p1a: Rotom
|
|upkeep
|
|t:|1667456554
|switch|p1a: Tangrowth|Tangrowth, F|100/100
|-damage|p1a: Tangrowth|88/100|[from] Stealth Rock
|turn|30
|
|t:|1667456559
|switch|p2a: Skarmory|Skarmory, F|65/100
|-damage|p2a: Skarmory|53/100|[from] Stealth Rock
|move|p1a: Tangrowth|Sleep Powder|p2a: Skarmory
|-status|p2a: Skarmory|slp|[from] move: Sleep Powder
|
|upkeep
|turn|31
|
|t:|1667456562
|cant|p2a: Skarmory|slp
|move|p1a: Tangrowth|Giga Drain|p2a: Skarmory
|-resisted|p2a: Skarmory
|-damage|p2a: Skarmory|43/100 slp
|-heal|p1a: Tangrowth|92/100|[from] drain|[of] p2a: Skarmory
|
|upkeep
|turn|32
|
|t:|1667456563
|cant|p2a: Skarmory|slp
|move|p1a: Tangrowth|Giga Drain|p2a: Skarmory
|-resisted|p2a: Skarmory
|-crit|p2a: Skarmory
|-damage|p2a: Skarmory|28/100 slp
|-heal|p1a: Tangrowth|98/100|[from] drain|[of] p2a: Skarmory
|
|upkeep
|turn|33
|
|t:|1667456565
|cant|p2a: Skarmory|slp
|move|p1a: Tangrowth|Focus Blast|p2a: Skarmory
|-damage|p2a: Skarmory|0 fnt
|faint|p2a: Skarmory
|
|upkeep
|
|t:|1667456585
|switch|p2a: Landorus|Landorus-Therian, M|40/100
|-damage|p2a: Landorus|28/100|[from] Stealth Rock
|-ability|p2a: Landorus|Intimidate|boost
|-unboost|p1a: Tangrowth|atk|1
|turn|34
|
|t:|1667456588
|move|p2a: Landorus|Knock Off|p1a: Tangrowth
|-damage|p1a: Tangrowth|82/100
|-damage|p2a: Landorus|11/100|[from] item: Rocky Helmet|[of] p1a: Tangrowth
|-enditem|p1a: Tangrowth|Rocky Helmet|[from] move: Knock Off|[of] p2a: Landorus
|move|p1a: Tangrowth|Knock Off|p2a: Landorus
|-damage|p2a: Landorus|0 fnt
|-enditem|p2a: Landorus|Leftovers|[from] move: Knock Off|[of] p1a: Tangrowth
|faint|p2a: Landorus
|
|upkeep
|
|t:|1667456591
|switch|p2a: Urshifu|Urshifu-Rapid-Strike, F|82/100
|-damage|p2a: Urshifu|76/100|[from] Stealth Rock
|turn|35
|
|t:|1667456593
|move|p2a: Urshifu|U-turn|p1a: Tangrowth
|-supereffective|p1a: Tangrowth
|-damage|p1a: Tangrowth|47/100
|
|t:|1667456594
|switch|p2a: Blissey|Blissey, F|45/100|[from]move: U-turn
|move|p1a: Tangrowth|Giga Drain|p2a: Blissey
|-damage|p2a: Blissey|34/100
|-heal|p1a: Tangrowth|56/100|[from] drain|[of] p2a: Blissey
|
|upkeep
|turn|36
|
|t:|1667456597
|switch|p1a: Weavile|Weavile, M|100/100 par
|-damage|p1a: Weavile|76/100 par|[from] Stealth Rock
|-ability|p1a: Weavile|Pressure
|move|p2a: Blissey|Teleport|p2a: Blissey
|
|t:|1667456599
|switch|p2a: Urshifu|Urshifu-Rapid-Strike, F|76/100|[from]move: Teleport
|-damage|p2a: Urshifu|70/100|[from] Stealth Rock
|
|upkeep
|turn|37
|
|t:|1667456604
|switch|p1a: Tangrowth|Tangrowth, F|89/100
|-damage|p1a: Tangrowth|77/100|[from] Stealth Rock
|move|p2a: Urshifu|U-turn|p1a: Tangrowth
|-supereffective|p1a: Tangrowth
|-damage|p1a: Tangrowth|36/100
|
|t:|1667456605
|switch|p2a: Blissey|Blissey, F|34/100|[from]move: U-turn
|
|upkeep
|turn|38
|
|t:|1667456607
|switch|p1a: Weavile|Weavile, M|76/100 par
|-damage|p1a: Weavile|51/100 par|[from] Stealth Rock
|-ability|p1a: Weavile|Pressure
|move|p2a: Blissey|Teleport|p2a: Blissey
|
|t:|1667456609
|switch|p2a: Urshifu|Urshifu-Rapid-Strike, F|70/100|[from]move: Teleport
|-damage|p2a: Urshifu|64/100|[from] Stealth Rock
|
|upkeep
|turn|39
|
|t:|1667456610
|move|p1a: Weavile|Ice Shard|p2a: Urshifu
|-resisted|p2a: Urshifu
|-damage|p2a: Urshifu|49/100
|move|p2a: Urshifu|U-turn|p1a: Weavile
|-supereffective|p1a: Weavile
|-damage|p1a: Weavile|0 fnt
|faint|p1a: Weavile
|
|t:|1667456613
|switch|p2a: Blissey|Blissey, F|34/100|[from]move: U-turn
|
|upkeep
|
|t:|1667456613
|switch|p1a: Tangrowth|Tangrowth, F|70/100
|-damage|p1a: Tangrowth|57/100|[from] Stealth Rock
|turn|40
|
|t:|1667456618
|move|p2a: Blissey|Soft-Boiled|p2a: Blissey
|-heal|p2a: Blissey|84/100
|move|p1a: Tangrowth|Giga Drain|p2a: Blissey
|-damage|p2a: Blissey|73/100
|-heal|p1a: Tangrowth|67/100|[from] drain|[of] p2a: Blissey
|
|upkeep
|turn|41
|
|t:|1667456623
|move|p2a: Blissey|Soft-Boiled|p2a: Blissey
|-heal|p2a: Blissey|100/100
|move|p1a: Tangrowth|Giga Drain|p2a: Blissey
|-damage|p2a: Blissey|90/100
|-heal|p1a: Tangrowth|76/100|[from] drain|[of] p2a: Blissey
|
|upkeep
|turn|42
|
|t:|1667456625
|move|p1a: Tangrowth|Giga Drain|p2a: Blissey
|-damage|p2a: Blissey|80/100
|-heal|p1a: Tangrowth|85/100|[from] drain|[of] p2a: Blissey
|move|p2a: Blissey|Teleport|p2a: Blissey
|
|t:|1667456627
|switch|p2a: Urshifu|Urshifu-Rapid-Strike, F|49/100|[from]move: Teleport
|-damage|p2a: Urshifu|43/100|[from] Stealth Rock
|
|upkeep
|turn|43
|
|t:|1667456628
|move|p2a: Urshifu|U-turn|p1a: Tangrowth
|-supereffective|p1a: Tangrowth
|-damage|p1a: Tangrowth|44/100
|
|t:|1667456630
|switch|p2a: Blissey|Blissey, F|80/100|[from]move: U-turn
|move|p1a: Tangrowth|Giga Drain|p2a: Blissey
|-damage|p2a: Blissey|69/100
|-heal|p1a: Tangrowth|54/100|[from] drain|[of] p2a: Blissey
|
|upkeep
|turn|44
|
|t:|1667456631
|move|p1a: Tangrowth|Giga Drain|p2a: Blissey
|-damage|p2a: Blissey|58/100
|-heal|p1a: Tangrowth|63/100|[from] drain|[of] p2a: Blissey
|move|p2a: Blissey|Teleport|p2a: Blissey
|
|t:|1667456633
|switch|p2a: Urshifu|Urshifu-Rapid-Strike, F|43/100|[from]move: Teleport
|-damage|p2a: Urshifu|37/100|[from] Stealth Rock
|
|upkeep
|turn|45
|
|t:|1667456634
|move|p2a: Urshifu|U-turn|p1a: Tangrowth
|-supereffective|p1a: Tangrowth
|-damage|p1a: Tangrowth|22/100
|
|t:|1667456636
|switch|p2a: Blissey|Blissey, F|58/100|[from]move: U-turn
|move|p1a: Tangrowth|Giga Drain|p2a: Blissey
|-damage|p2a: Blissey|48/100
|-heal|p1a: Tangrowth|31/100|[from] drain|[of] p2a: Blissey
|
|upkeep
|turn|46
|
|t:|1667456638
|move|p1a: Tangrowth|Knock Off|p2a: Blissey
|-damage|p2a: Blissey|29/100
|-enditem|p2a: Blissey|Heavy-Duty Boots|[from] move: Knock Off|[of] p1a: Tangrowth
|move|p2a: Blissey|Teleport|p2a: Blissey
|
|t:|1667456640
|switch|p2a: Urshifu|Urshifu-Rapid-Strike, F|37/100|[from]move: Teleport
|-damage|p2a: Urshifu|31/100|[from] Stealth Rock
|
|upkeep
|turn|47
|
|t:|1667456641
|move|p2a: Urshifu|U-turn|p1a: Tangrowth
|-supereffective|p1a: Tangrowth
|-damage|p1a: Tangrowth|0 fnt
|faint|p1a: Tangrowth
|
|win|DJ CRIB DEF
|raw|minimax_ai's rating: 1578 &rarr; <strong>1557</strong><br />(-21 for losing)
|raw|DJ CRIB DEF's rating: 1566 &rarr; <strong>1587</strong><br />(+21 for winning)
|l|‽minimax_ai
