|j|☆Archerdagoat
|j|☆minimax_ai
|t:|1667967132
|gametype|singles
|player|p1|Archerdagoat|102|1722
|player|p2|minimax_ai|169|1693
|teamsize|p1|6
|teamsize|p2|6
|gen|8
|tier|[Gen 8] OU
|rated|
|rule|Sleep Clause Mod: Limit one foe put to sleep
|rule|Species Clause: Limit one of each Pokémon
|rule|OHKO Clause: OHKO moves are banned
|rule|Evasion Items Clause: Evasion items are banned
|rule|Evasion Moves Clause: Evasion moves are banned
|rule|Endless Battle Clause: Forcing endless battles is banned
|rule|HP Percentage Mod: HP is shown in percentages
|rule|Dynamax Clause: You cannot dynamax
|clearpoke
|poke|p1|Melmetal|
|poke|p1|Zapdos|
|poke|p1|Chansey, F|
|poke|p1|Clefable, M|
|poke|p1|Landorus-Therian, M|
|poke|p1|Slowbro, F|
|poke|p2|Rotom-Wash|
|poke|p2|Weavile, M|
|poke|p2|Landorus-Therian, M|
|poke|p2|Heatran, M|
|poke|p2|Tangrowth, F|
|poke|p2|Melmetal|
|teampreview
|l|☆Archerdagoat
|player|p1|
|c|☆minimax_ai|hf
|inactive|Battle timer is ON: inactive players will automatically lose when time's up. (requested by minimax_ai)
|j|☆Archerdagoat
|inactive|Archerdagoat reconnected and has 140 seconds left.
|player|p1|Archerdagoat|102
|
|t:|1667967150
|start
|switch|p1a: Landorus|Landorus-Therian, M|100/100
|switch|p2a: landorustherian|Landorus-Therian, M|100/100
|-ability|p2a: landorustherian|Intimidate|boost
|-unboost|p1a: Landorus|atk|1
|-ability|p1a: Landorus|Intimidate|boost
|-unboost|p2a: landorustherian|atk|1
|turn|1
|
|t:|1667967152
|move|p2a: landorustherian|Toxic|p1a: Landorus
|-status|p1a: Landorus|tox
|move|p1a: Landorus|Toxic|p2a: landorustherian
|-status|p2a: landorustherian|tox
|
|-damage|p2a: landorustherian|94/100 tox|[from] psn
|-damage|p1a: Landorus|94/100 tox|[from] psn
|upkeep
|turn|2
|
|t:|1667967154
|switch|p2a: Heatran|Heatran, M|100/100
|-item|p2a: Heatran|Air Balloon
|move|p1a: Landorus|Stealth Rock|p2a: Heatran
|-sidestart|p2: minimax_ai|move: Stealth Rock
|
|-heal|p1a: Landorus|100/100 tox|[from] item: Leftovers
|-damage|p1a: Landorus|88/100 tox|[from] psn
|upkeep
|turn|3
|
|t:|1667967157
|switch|p1a: Slowbro|Slowbro, F|100/100
|move|p2a: Heatran|Eruption|p1a: Slowbro
|-resisted|p1a: Slowbro
|-damage|p1a: Slowbro|61/100
|
|-heal|p1a: Slowbro|67/100|[from] item: Leftovers
|upkeep
|turn|4
|
|t:|1667967162
|move|p2a: Heatran|Stealth Rock|p1a: Slowbro
|-sidestart|p1: Archerdagoat|move: Stealth Rock
|move|p1a: Slowbro|Scald|p2a: Heatran
|-supereffective|p2a: Heatran
|-damage|p2a: Heatran|46/100
|-enditem|p2a: Heatran|Air Balloon
|
|-heal|p1a: Slowbro|73/100|[from] item: Leftovers
|upkeep
|turn|5
|j| westcottike
|
|t:|1667967167
|switch|p2a: rotomwash|Rotom-Wash|100/100
|-damage|p2a: rotomwash|88/100|[from] Stealth Rock
|move|p1a: Slowbro|Scald|p2a: rotomwash
|-resisted|p2a: rotomwash
|-damage|p2a: rotomwash|74/100
|
|-heal|p2a: rotomwash|80/100|[from] item: Leftovers
|-heal|p1a: Slowbro|79/100|[from] item: Leftovers
|upkeep
|turn|6
|
|t:|1667967171
|move|p2a: rotomwash|Nasty Plot|p2a: rotomwash
|-boost|p2a: rotomwash|spa|2
|move|p1a: Slowbro|Slack Off|p1a: Slowbro
|-heal|p1a: Slowbro|100/100
|
|-heal|p2a: rotomwash|86/100|[from] item: Leftovers
|upkeep
|turn|7
|
|t:|1667967174
|switch|p1a: Clefable|Clefable, M|100/100
|-damage|p1a: Clefable|88/100|[from] Stealth Rock
|move|p2a: rotomwash|Nasty Plot|p2a: rotomwash
|-boost|p2a: rotomwash|spa|2
|
|-heal|p2a: rotomwash|93/100|[from] item: Leftovers
|-heal|p1a: Clefable|94/100|[from] item: Leftovers
|upkeep
|turn|8
|
|t:|1667967177
|move|p2a: rotomwash|Thunderbolt|p1a: Clefable
|-damage|p1a: Clefable|62/100
|-status|p1a: Clefable|par
|move|p1a: Clefable|Wish|p1a: Clefable
|
|-heal|p2a: rotomwash|99/100|[from] item: Leftovers
|-heal|p1a: Clefable|68/100 par|[from] item: Leftovers
|upkeep
|turn|9
|
|t:|1667967181
|move|p2a: rotomwash|Hydro Pump|p1a: Clefable
|-damage|p1a: Clefable|26/100 par
|cant|p1a: Clefable|par
|
|-heal|p1a: Clefable|76/100 par|[from] move: Wish|[wisher] Clefable
|-heal|p2a: rotomwash|100/100|[from] item: Leftovers
|-heal|p1a: Clefable|82/100 par|[from] item: Leftovers
|upkeep
|turn|10
|
|t:|1667967186
|move|p1a: Clefable|Protect|p1a: Clefable
|-singleturn|p1a: Clefable|Protect
|move|p2a: rotomwash|Thunderbolt|p1a: Clefable
|-activate|p1a: Clefable|move: Protect
|
|-heal|p1a: Clefable|88/100 par|[from] item: Leftovers
|upkeep
|turn|11
|
|t:|1667967192
|move|p2a: rotomwash|Thunderbolt|p1a: Clefable
|-damage|p1a: Clefable|54/100 par
|move|p1a: Clefable|Wish|p1a: Clefable
|
|-heal|p1a: Clefable|60/100 par|[from] item: Leftovers
|upkeep
|turn|12
|
|t:|1667967197
|move|p2a: rotomwash|Hydro Pump|p1a: Clefable
|-damage|p1a: Clefable|20/100 par
|move|p1a: Clefable|Calm Mind|p1a: Clefable
|-boost|p1a: Clefable|spa|1
|-boost|p1a: Clefable|spd|1
|
|-heal|p1a: Clefable|70/100 par|[from] move: Wish|[wisher] Clefable
|-heal|p1a: Clefable|76/100 par|[from] item: Leftovers
|upkeep
|turn|13
|
|t:|1667967202
|move|p2a: rotomwash|Hydro Pump|p1a: Clefable
|-damage|p1a: Clefable|48/100 par
|move|p1a: Clefable|Moonblast|p2a: rotomwash
|-damage|p2a: rotomwash|46/100
|
|-heal|p2a: rotomwash|52/100|[from] item: Leftovers
|-heal|p1a: Clefable|54/100 par|[from] item: Leftovers
|upkeep
|turn|14
|
|t:|1667967209
|move|p2a: rotomwash|Thunderbolt|p1a: Clefable
|-damage|p1a: Clefable|29/100 par
|move|p1a: Clefable|Wish|p1a: Clefable
|
|-heal|p2a: rotomwash|59/100|[from] item: Leftovers
|-heal|p1a: Clefable|36/100 par|[from] item: Leftovers
|upkeep
|turn|15
|
|t:|1667967214
|cant|p1a: Clefable|par
|move|p2a: rotomwash|Thunderbolt|p1a: Clefable
|-damage|p1a: Clefable|12/100 par
|
|-heal|p1a: Clefable|62/100 par|[from] move: Wish|[wisher] Clefable
|-heal|p2a: rotomwash|65/100|[from] item: Leftovers
|-heal|p1a: Clefable|68/100 par|[from] item: Leftovers
|upkeep
|turn|16
|
|t:|1667967219
|move|p2a: rotomwash|Hydro Pump|p1a: Clefable|[miss]
|-miss|p2a: rotomwash|p1a: Clefable
|move|p1a: Clefable|Moonblast|p2a: rotomwash
|-damage|p2a: rotomwash|15/100
|
|-heal|p2a: rotomwash|22/100|[from] item: Leftovers
|-heal|p1a: Clefable|74/100 par|[from] item: Leftovers
|upkeep
|turn|17
|
|t:|1667967221
|move|p2a: rotomwash|Hydro Pump|p1a: Clefable
|-damage|p1a: Clefable|47/100 par
|move|p1a: Clefable|Wish|p1a: Clefable
|
|-heal|p2a: rotomwash|28/100|[from] item: Leftovers
|-heal|p1a: Clefable|54/100 par|[from] item: Leftovers
|upkeep
|turn|18
|
|t:|1667967223
|move|p2a: rotomwash|Thunderbolt|p1a: Clefable
|-damage|p1a: Clefable|30/100 par
|move|p1a: Clefable|Moonblast|p2a: rotomwash
|-damage|p2a: rotomwash|0 fnt
|faint|p2a: rotomwash
|
|-heal|p1a: Clefable|80/100 par|[from] move: Wish|[wisher] Clefable
|-heal|p1a: Clefable|86/100 par|[from] item: Leftovers
|upkeep
|
|t:|1667967223
|switch|p2a: Melmetal|Melmetal|100/100
|-damage|p2a: Melmetal|94/100|[from] Stealth Rock
|turn|19
|
|t:|1667967227
|switch|p1a: Zapdos|Zapdos|100/100
|-damage|p1a: Zapdos|75/100|[from] Stealth Rock
|move|p2a: Melmetal|Double Iron Bash|p1a: Zapdos
|-resisted|p1a: Zapdos
|-damage|p1a: Zapdos|61/100
|-resisted|p1a: Zapdos
|-damage|p1a: Zapdos|47/100
|-hitcount|p1a: Zapdos|2
|
|-heal|p1a: Zapdos|53/100|[from] item: Leftovers
|upkeep
|turn|20
|
|t:|1667967230
|move|p1a: Zapdos|Defog|p2a: Melmetal
|-unboost|p2a: Melmetal|evasion|1
|-sideend|p2: minimax_ai|Stealth Rock|[from] move: Defog|[of] p1a: Zapdos
|-sideend|p1: Archerdagoat|Stealth Rock|[from] move: Defog|[of] p1a: Zapdos
|move|p2a: Melmetal|Ice Punch|p1a: Zapdos
|-supereffective|p1a: Zapdos
|-damage|p1a: Zapdos|5/100
|
|-heal|p1a: Zapdos|12/100|[from] item: Leftovers
|upkeep
|turn|21
|
|t:|1667967232
|move|p1a: Zapdos|Heat Wave|p2a: Melmetal
|-supereffective|p2a: Melmetal
|-damage|p2a: Melmetal|65/100
|move|p2a: Melmetal|Ice Punch|p1a: Zapdos
|-supereffective|p1a: Zapdos
|-damage|p1a: Zapdos|0 fnt
|faint|p1a: Zapdos
|
|upkeep
|
|t:|1667967242
|switch|p1a: Slowbro|Slowbro, F|100/100
|turn|22
|
|t:|1667967244
|move|p2a: Melmetal|Thunder Punch|p1a: Slowbro
|-supereffective|p1a: Slowbro
|-damage|p1a: Slowbro|58/100
|move|p1a: Slowbro|Calm Mind|p1a: Slowbro
|-boost|p1a: Slowbro|spa|1
|-boost|p1a: Slowbro|spd|1
|
|-heal|p1a: Slowbro|64/100|[from] item: Leftovers
|upkeep
|turn|23
|
|t:|1667967246
|move|p2a: Melmetal|Thunder Punch|p1a: Slowbro
|-supereffective|p1a: Slowbro
|-damage|p1a: Slowbro|24/100
|move|p1a: Slowbro|Slack Off|p1a: Slowbro
|-heal|p1a: Slowbro|74/100
|
|-heal|p1a: Slowbro|80/100|[from] item: Leftovers
|upkeep
|turn|24
|
|t:|1667967248
|move|p2a: Melmetal|Thunder Punch|p1a: Slowbro
|-supereffective|p1a: Slowbro
|-damage|p1a: Slowbro|39/100
|move|p1a: Slowbro|Slack Off|p1a: Slowbro
|-heal|p1a: Slowbro|89/100
|
|-heal|p1a: Slowbro|95/100|[from] item: Leftovers
|upkeep
|turn|25
|
|t:|1667967249
|move|p2a: Melmetal|Thunder Punch|p1a: Slowbro
|-supereffective|p1a: Slowbro
|-crit|p1a: Slowbro
|-damage|p1a: Slowbro|40/100
|move|p1a: Slowbro|Calm Mind|p1a: Slowbro
|-boost|p1a: Slowbro|spa|1
|-boost|p1a: Slowbro|spd|1
|
|-heal|p1a: Slowbro|46/100|[from] item: Leftovers
|upkeep
|turn|26
|
|t:|1667967250
|move|p2a: Melmetal|Thunder Punch|p1a: Slowbro
|-supereffective|p1a: Slowbro
|-damage|p1a: Slowbro|4/100
|move|p1a: Slowbro|Slack Off|p1a: Slowbro
|-heal|p1a: Slowbro|54/100
|
|-heal|p1a: Slowbro|60/100|[from] item: Leftovers
|upkeep
|turn|27
|
|t:|1667967252
|move|p2a: Melmetal|Thunder Punch|p1a: Slowbro
|-supereffective|p1a: Slowbro
|-damage|p1a: Slowbro|18/100
|-status|p1a: Slowbro|par
|move|p1a: Slowbro|Slack Off|p1a: Slowbro
|-heal|p1a: Slowbro|68/100 par
|
|-heal|p1a: Slowbro|74/100 par|[from] item: Leftovers
|upkeep
|turn|28
|
|t:|1667967253
|move|p2a: Melmetal|Thunder Punch|p1a: Slowbro
|-supereffective|p1a: Slowbro
|-damage|p1a: Slowbro|31/100 par
|move|p1a: Slowbro|Slack Off|p1a: Slowbro
|-heal|p1a: Slowbro|81/100 par
|
|-heal|p1a: Slowbro|87/100 par|[from] item: Leftovers
|upkeep
|turn|29
|
|t:|1667967254
|move|p2a: Melmetal|Thunder Punch|p1a: Slowbro
|-supereffective|p1a: Slowbro
|-damage|p1a: Slowbro|49/100 par
|move|p1a: Slowbro|Slack Off|p1a: Slowbro
|-heal|p1a: Slowbro|99/100 par
|
|-heal|p1a: Slowbro|100/100 par|[from] item: Leftovers
|upkeep
|turn|30
|
|t:|1667967255
|move|p2a: Melmetal|Thunder Punch|p1a: Slowbro
|-supereffective|p1a: Slowbro
|-damage|p1a: Slowbro|63/100 par
|move|p1a: Slowbro|Scald|p2a: Melmetal
|-damage|p2a: Melmetal|34/100
|
|-heal|p1a: Slowbro|70/100 par|[from] item: Leftovers
|upkeep
|turn|31
|
|t:|1667967258
|move|p2a: Melmetal|Thunder Punch|p1a: Slowbro
|-supereffective|p1a: Slowbro
|-damage|p1a: Slowbro|27/100 par
|move|p1a: Slowbro|Slack Off|p1a: Slowbro
|-heal|p1a: Slowbro|77/100 par
|
|-heal|p1a: Slowbro|83/100 par|[from] item: Leftovers
|upkeep
|turn|32
|
|t:|1667967259
|move|p2a: Melmetal|Thunder Punch|p1a: Slowbro
|-supereffective|p1a: Slowbro
|-damage|p1a: Slowbro|41/100 par
|move|p1a: Slowbro|Scald|p2a: Melmetal
|-damage|p2a: Melmetal|5/100
|
|-heal|p1a: Slowbro|47/100 par|[from] item: Leftovers
|upkeep
|turn|33
|
|t:|1667967261
|move|p2a: Melmetal|Double Iron Bash|p1a: Slowbro
|-resisted|p1a: Slowbro
|-damage|p1a: Slowbro|36/100 par
|-resisted|p1a: Slowbro
|-damage|p1a: Slowbro|24/100 par
|-hitcount|p1a: Slowbro|2
|cant|p1a: Slowbro|flinch
|
|-heal|p1a: Slowbro|30/100 par|[from] item: Leftovers
|upkeep
|turn|34
|
|t:|1667967263
|move|p2a: Melmetal|Double Iron Bash|p1a: Slowbro
|-resisted|p1a: Slowbro
|-damage|p1a: Slowbro|18/100 par
|-resisted|p1a: Slowbro
|-damage|p1a: Slowbro|6/100 par
|-hitcount|p1a: Slowbro|2
|cant|p1a: Slowbro|par
|
|-heal|p1a: Slowbro|12/100 par|[from] item: Leftovers
|upkeep
|turn|35
|
|t:|1667967268
|switch|p1a: Landorus|Landorus-Therian, M|88/100 tox
|-ability|p1a: Landorus|Intimidate|boost
|-unboost|p2a: Melmetal|atk|1
|move|p2a: Melmetal|Double Iron Bash|p1a: Landorus
|-damage|p1a: Landorus|71/100 tox
|-damage|p1a: Landorus|51/100 tox
|-hitcount|p1a: Landorus|2
|
|-heal|p1a: Landorus|57/100 tox|[from] item: Leftovers
|-damage|p1a: Landorus|51/100 tox|[from] psn
|upkeep
|turn|36
|
|t:|1667967271
|switch|p2a: Tangrowth|Tangrowth, F|100/100
|move|p1a: Landorus|U-turn|p2a: Tangrowth
|-supereffective|p2a: Tangrowth
|-damage|p2a: Tangrowth|77/100
|-damage|p1a: Landorus|35/100 tox|[from] item: Rocky Helmet|[of] p2a: Tangrowth
|
|t:|1667967276
|switch|p1a: Melmetal|Melmetal|100/100|[from]move: U-turn
|
|upkeep
|turn|37
|
|t:|1667967278
|move|p2a: Tangrowth|Sleep Powder|p1a: Melmetal
|-status|p1a: Melmetal|slp|[from] move: Sleep Powder
|cant|p1a: Melmetal|slp
|
|upkeep
|turn|38
|
|t:|1667967281
|switch|p2a: Melmetal|Melmetal|5/100
|switch|p1a: Slowbro|Slowbro, F|45/100 par
|
|-heal|p1a: Slowbro|52/100 par|[from] item: Leftovers
|upkeep
|turn|39
|
|t:|1667967284
|move|p2a: Melmetal|Double Iron Bash|p1a: Slowbro
|-resisted|p1a: Slowbro
|-damage|p1a: Slowbro|39/100 par
|-resisted|p1a: Slowbro
|-damage|p1a: Slowbro|27/100 par
|-hitcount|p1a: Slowbro|2
|move|p1a: Slowbro|Scald|p2a: Melmetal
|-damage|p2a: Melmetal|0 fnt
|faint|p2a: Melmetal
|
|-heal|p1a: Slowbro|33/100 par|[from] item: Leftovers
|upkeep
|
|t:|1667967284
|switch|p2a: Weavile|Weavile, M|100/100
|-ability|p2a: Weavile|Pressure
|turn|40
|
|t:|1667967290
|switch|p1a: Landorus|Landorus-Therian, M|35/100 tox
|-ability|p1a: Landorus|Intimidate|boost
|-unboost|p2a: Weavile|atk|1
|move|p2a: Weavile|Knock Off|p1a: Landorus
|-damage|p1a: Landorus|1/100 tox
|-enditem|p1a: Landorus|Leftovers|[from] move: Knock Off|[of] p2a: Weavile
|
|-damage|p1a: Landorus|0 fnt|[from] psn
|faint|p1a: Landorus
|upkeep
|
|t:|1667967298
|switch|p1a: Clefable|Clefable, M|86/100 par
|turn|41
|
|t:|1667967300
|switch|p2a: landorustherian|Landorus-Therian, M|94/100 tox
|-ability|p2a: landorustherian|Intimidate|boost
|-unboost|p1a: Clefable|atk|1
|move|p1a: Clefable|Moonblast|p2a: landorustherian
|-damage|p2a: landorustherian|72/100 tox
|-unboost|p2a: landorustherian|spa|1
|
|-heal|p2a: landorustherian|78/100 tox|[from] item: Leftovers
|-heal|p1a: Clefable|92/100 par|[from] item: Leftovers
|-damage|p2a: landorustherian|72/100 tox|[from] psn
|upkeep
|turn|42
|
|t:|1667967304
|move|p2a: landorustherian|Earthquake|p1a: Clefable
|-damage|p1a: Clefable|58/100 par
|cant|p1a: Clefable|par
|
|-heal|p2a: landorustherian|78/100 tox|[from] item: Leftovers
|-heal|p1a: Clefable|64/100 par|[from] item: Leftovers
|-damage|p2a: landorustherian|66/100 tox|[from] psn
|upkeep
|turn|43
|
|t:|1667967308
|move|p2a: landorustherian|U-turn|p1a: Clefable
|-resisted|p1a: Clefable
|-damage|p1a: Clefable|56/100 par
|
|t:|1667967308
|switch|p2a: Heatran|Heatran, M|46/100|[from]move: U-turn
|cant|p1a: Clefable|par
|
|-heal|p1a: Clefable|62/100 par|[from] item: Leftovers
|upkeep
|turn|44
|
|t:|1667967317
|switch|p1a: Slowbro|Slowbro, F|66/100 par
|move|p2a: Heatran|Magma Storm|p1a: Slowbro
|-resisted|p1a: Slowbro
|-damage|p1a: Slowbro|39/100 par
|-activate|p1a: Slowbro|move: Magma Storm|[of] p2a: Heatran
|
|-heal|p1a: Slowbro|45/100 par|[from] item: Leftovers
|-damage|p1a: Slowbro|33/100 par|[from] move: Magma Storm|[partiallytrapped]
|upkeep
|turn|45
|
|t:|1667967322
|switch|p2a: landorustherian|Landorus-Therian, M|66/100 tox
|-ability|p2a: landorustherian|Intimidate|boost
|-unboost|p1a: Slowbro|atk|1
|move|p1a: Slowbro|Scald|p2a: landorustherian
|-supereffective|p2a: landorustherian
|-damage|p2a: landorustherian|26/100 tox
|
|-heal|p2a: landorustherian|32/100 tox|[from] item: Leftovers
|-heal|p1a: Slowbro|39/100 par|[from] item: Leftovers
|-damage|p2a: landorustherian|26/100 tox|[from] psn
|-end|p1a: Slowbro|Magma Storm|[partiallytrapped]|[silent]
|upkeep
|turn|46
|
|t:|1667967327
|move|p2a: landorustherian|Earthquake|p1a: Slowbro
|-damage|p1a: Slowbro|9/100 par
|move|p1a: Slowbro|Slack Off|p1a: Slowbro
|-heal|p1a: Slowbro|59/100 par
|
|-heal|p2a: landorustherian|32/100 tox|[from] item: Leftovers
|-heal|p1a: Slowbro|65/100 par|[from] item: Leftovers
|-damage|p2a: landorustherian|20/100 tox|[from] psn
|upkeep
|turn|47
|
|t:|1667967332
|move|p2a: landorustherian|U-turn|p1a: Slowbro
|-supereffective|p1a: Slowbro
|-damage|p1a: Slowbro|38/100 par
|
|t:|1667967332
|switch|p2a: Tangrowth|Tangrowth, F|100/100|[from]move: U-turn
|move|p1a: Slowbro|Calm Mind|p1a: Slowbro
|-boost|p1a: Slowbro|spa|1
|-boost|p1a: Slowbro|spd|1
|
|-heal|p1a: Slowbro|44/100 par|[from] item: Leftovers
|upkeep
|turn|48
|
|t:|1667967337
|move|p2a: Tangrowth|Knock Off|p1a: Slowbro
|-supereffective|p1a: Slowbro
|-damage|p1a: Slowbro|18/100 par
|-enditem|p1a: Slowbro|Leftovers|[from] move: Knock Off|[of] p2a: Tangrowth
|move|p1a: Slowbro|Slack Off|p1a: Slowbro
|-heal|p1a: Slowbro|68/100 par
|
|upkeep
|turn|49
|
|t:|1667967340
|move|p2a: Tangrowth|Knock Off|p1a: Slowbro
|-supereffective|p1a: Slowbro
|-damage|p1a: Slowbro|52/100 par
|cant|p1a: Slowbro|par
|
|upkeep
|turn|50
|
|t:|1667967342
|move|p2a: Tangrowth|Knock Off|p1a: Slowbro
|-supereffective|p1a: Slowbro
|-damage|p1a: Slowbro|33/100 par
|move|p1a: Slowbro|Slack Off|p1a: Slowbro
|-heal|p1a: Slowbro|83/100 par
|
|upkeep
|turn|51
|
|t:|1667967344
|move|p2a: Tangrowth|Knock Off|p1a: Slowbro
|-supereffective|p1a: Slowbro
|-damage|p1a: Slowbro|67/100 par
|move|p1a: Slowbro|Calm Mind|p1a: Slowbro
|-boost|p1a: Slowbro|spa|1
|-boost|p1a: Slowbro|spd|1
|
|upkeep
|turn|52
|
|t:|1667967346
|move|p2a: Tangrowth|Giga Drain|p1a: Slowbro
|-supereffective|p1a: Slowbro
|-damage|p1a: Slowbro|35/100 par
|move|p1a: Slowbro|Slack Off|p1a: Slowbro
|-heal|p1a: Slowbro|85/100 par
|
|upkeep
|turn|53
|
|t:|1667967348
|move|p2a: Tangrowth|Giga Drain|p1a: Slowbro
|-supereffective|p1a: Slowbro
|-damage|p1a: Slowbro|55/100 par
|move|p1a: Slowbro|Calm Mind|p1a: Slowbro
|-boost|p1a: Slowbro|spa|1
|-boost|p1a: Slowbro|spd|1
|
|upkeep
|turn|54
|
|t:|1667967350
|move|p2a: Tangrowth|Knock Off|p1a: Slowbro
|-supereffective|p1a: Slowbro
|-damage|p1a: Slowbro|37/100 par
|move|p1a: Slowbro|Slack Off|p1a: Slowbro
|-heal|p1a: Slowbro|87/100 par
|
|upkeep
|turn|55
|
|t:|1667967352
|move|p2a: Tangrowth|Knock Off|p1a: Slowbro
|-supereffective|p1a: Slowbro
|-damage|p1a: Slowbro|69/100 par
|move|p1a: Slowbro|Calm Mind|p1a: Slowbro
|-boost|p1a: Slowbro|spa|1
|-boost|p1a: Slowbro|spd|1
|
|upkeep
|turn|56
|
|t:|1667967354
|switch|p2a: landorustherian|Landorus-Therian, M|20/100 tox
|-ability|p2a: landorustherian|Intimidate|boost
|-unboost|p1a: Slowbro|atk|1
|move|p1a: Slowbro|Slack Off|p1a: Slowbro
|-heal|p1a: Slowbro|100/100 par
|
|-heal|p2a: landorustherian|26/100 tox|[from] item: Leftovers
|-damage|p2a: landorustherian|20/100 tox|[from] psn
|upkeep
|turn|57
|
|t:|1667967357
|move|p2a: landorustherian|Earthquake|p1a: Slowbro
|-damage|p1a: Slowbro|71/100 par
|move|p1a: Slowbro|Calm Mind|p1a: Slowbro
|-boost|p1a: Slowbro|spa|1
|-boost|p1a: Slowbro|spd|1
|
|-heal|p2a: landorustherian|26/100 tox|[from] item: Leftovers
|-damage|p2a: landorustherian|14/100 tox|[from] psn
|upkeep
|turn|58
|
|t:|1667967359
|move|p2a: landorustherian|Earthquake|p1a: Slowbro
|-damage|p1a: Slowbro|41/100 par
|move|p1a: Slowbro|Slack Off|p1a: Slowbro
|-heal|p1a: Slowbro|91/100 par
|
|-heal|p2a: landorustherian|20/100 tox|[from] item: Leftovers
|-damage|p2a: landorustherian|2/100 tox|[from] psn
|upkeep
|turn|59
|
|t:|1667967361
|move|p2a: landorustherian|U-turn|p1a: Slowbro
|-supereffective|p1a: Slowbro
|-damage|p1a: Slowbro|63/100 par
|
|t:|1667967361
|switch|p2a: Tangrowth|Tangrowth, F|100/100|[from]move: U-turn
|move|p1a: Slowbro|Slack Off|p1a: Slowbro
|-heal|p1a: Slowbro|100/100 par
|
|upkeep
|turn|60
|
|t:|1667967366
|switch|p2a: landorustherian|Landorus-Therian, M|2/100 tox
|-ability|p2a: landorustherian|Intimidate|boost
|-unboost|p1a: Slowbro|atk|1
|move|p1a: Slowbro|Scald|p2a: landorustherian
|-supereffective|p2a: landorustherian
|-damage|p2a: landorustherian|0 fnt
|faint|p2a: landorustherian
|
|upkeep
|
|t:|1667967366
|switch|p2a: Tangrowth|Tangrowth, F|100/100
|turn|61
|
|t:|1667967368
|move|p2a: Tangrowth|Knock Off|p1a: Slowbro
|-supereffective|p1a: Slowbro
|-damage|p1a: Slowbro|84/100 par
|move|p1a: Slowbro|Scald|p2a: Tangrowth
|-resisted|p2a: Tangrowth
|-damage|p2a: Tangrowth|32/100
|
|upkeep
|turn|62
|
|t:|1667967376
|move|p2a: Tangrowth|Knock Off|p1a: Slowbro
|-supereffective|p1a: Slowbro
|-damage|p1a: Slowbro|64/100 par
|cant|p1a: Slowbro|par
|
|upkeep
|turn|63
|
|t:|1667967380
|move|p2a: Tangrowth|Knock Off|p1a: Slowbro
|-supereffective|p1a: Slowbro
|-damage|p1a: Slowbro|46/100 par
|move|p1a: Slowbro|Scald|p2a: Tangrowth
|-resisted|p2a: Tangrowth
|-damage|p2a: Tangrowth|0 fnt
|faint|p2a: Tangrowth
|
|upkeep
|
|t:|1667967380
|switch|p2a: Weavile|Weavile, M|100/100
|-ability|p2a: Weavile|Pressure
|turn|64
|
|t:|1667967381
|move|p2a: Weavile|Knock Off|p1a: Slowbro
|-supereffective|p1a: Slowbro
|-damage|p1a: Slowbro|0 fnt
|faint|p1a: Slowbro
|
|upkeep
|j| Her Loss SZN
|
|t:|1667967385
|switch|p1a: Melmetal|Melmetal|100/100 slp
|turn|65
|
|t:|1667967387
|switch|p2a: Heatran|Heatran, M|46/100
|switch|p1a: Clefable|Clefable, M|62/100 par
|
|-heal|p1a: Clefable|68/100 par|[from] item: Leftovers
|upkeep
|turn|66
|
|t:|1667967391
|switch|p1a: Chansey|Chansey, F|100/100
|move|p2a: Heatran|Magma Storm|p1a: Chansey
|-damage|p1a: Chansey|84/100
|-activate|p1a: Chansey|move: Magma Storm|[of] p2a: Heatran
|
|-damage|p1a: Chansey|72/100|[from] move: Magma Storm|[partiallytrapped]
|upkeep
|turn|67
|
|t:|1667967392
|move|p2a: Heatran|Stealth Rock|p1a: Chansey
|-sidestart|p1: Archerdagoat|move: Stealth Rock
|move|p1a: Chansey|Seismic Toss|p2a: Heatran
|-damage|p2a: Heatran|15/100
|
|-damage|p1a: Chansey|59/100|[from] move: Magma Storm|[partiallytrapped]
|upkeep
|turn|68
|
|t:|1667967394
|switch|p2a: Weavile|Weavile, M|100/100
|-ability|p2a: Weavile|Pressure
|move|p1a: Chansey|Seismic Toss|p2a: Weavile
|-damage|p2a: Weavile|65/100
|
|-end|p1a: Chansey|Magma Storm|[partiallytrapped]|[silent]
|upkeep
|turn|69
|
|t:|1667967396
|move|p2a: Weavile|Knock Off|p1a: Chansey
|-damage|p1a: Chansey|13/100
|-enditem|p1a: Chansey|Eviolite|[from] move: Knock Off|[of] p2a: Weavile
|move|p1a: Chansey|Heal Bell|p1a: Chansey
|-activate|p1a: Chansey|move: Heal Bell
|-curestatus|p1: Clefable|par|[msg]
|-curestatus|p1: Melmetal|slp|[msg]
|
|upkeep
|turn|70
|
|t:|1667967402
|move|p2a: Weavile|Knock Off|p1a: Chansey
|-damage|p1a: Chansey|0 fnt
|faint|p1a: Chansey
|
|upkeep
|
|t:|1667967404
|switch|p1a: Melmetal|Melmetal|100/100
|-damage|p1a: Melmetal|94/100|[from] Stealth Rock
|turn|71
|
|t:|1667967405
|move|p2a: Weavile|Knock Off|p1a: Melmetal
|-damage|p1a: Melmetal|53/100
|-enditem|p1a: Melmetal|Choice Band|[from] move: Knock Off|[of] p2a: Weavile
|move|p1a: Melmetal|Superpower|p2a: Weavile
|-supereffective|p2a: Weavile
|-damage|p2a: Weavile|0 fnt
|-unboost|p1a: Melmetal|atk|1
|-unboost|p1a: Melmetal|def|1
|faint|p2a: Weavile
|
|upkeep
|
|t:|1667967405
|switch|p2a: Heatran|Heatran, M|15/100
|turn|72
|
|t:|1667967408
|move|p2a: Heatran|Magma Storm|p1a: Melmetal
|-supereffective|p1a: Melmetal
|-damage|p1a: Melmetal|0 fnt
|faint|p1a: Melmetal
|
|upkeep
|
|t:|1667967410
|switch|p1a: Clefable|Clefable, M|68/100
|-damage|p1a: Clefable|56/100|[from] Stealth Rock
|turn|73
|
|t:|1667967411
|move|p2a: Heatran|Magma Storm|p1a: Clefable
|-damage|p1a: Clefable|4/100
|-activate|p1a: Clefable|move: Magma Storm|[of] p2a: Heatran
|move|p1a: Clefable|Moonblast|p2a: Heatran
|-resisted|p2a: Heatran
|-damage|p2a: Heatran|8/100
|
|-heal|p1a: Clefable|10/100|[from] item: Leftovers
|-damage|p1a: Clefable|0 fnt|[from] move: Magma Storm|[partiallytrapped]
|faint|p1a: Clefable
|
|win|minimax_ai
|upkeep
|raw|Archerdagoat's rating: 1722 &rarr; <strong>1700</strong><br />(-22 for losing)
|raw|minimax_ai's rating: 1693 &rarr; <strong>1715</strong><br />(+22 for winning)
|c|☆minimax_ai|gg
