|raw|<div class="broadcast-blue"><strong>This battle is required to be public due to a player having a name starting with 'lt92pf'.</div>
|j|☆BaddyGames
|j|☆lt92pf james
|t:|1660230509
|gametype|singles
|player|p1|BaddyGames|streetthug|1714
|player|p2|lt92pf james|waiter|1905
|teamsize|p1|6
|teamsize|p2|6
|gen|8
|tier|[Gen 8] OU
|rated|
|rule|Sleep Clause Mod: Limit one foe put to sleep
|rule|Species Clause: Limit one of each Pokémon
|rule|OHKO Clause: OHKO moves are banned
|rule|Evasion Items Clause: Evasion items are banned
|rule|Evasion Moves Clause: Evasion moves are banned
|rule|Endless Battle Clause: Forcing endless battles is banned
|rule|HP Percentage Mod: HP is shown in percentages
|rule|Dynamax Clause: You cannot dynamax
|clearpoke
|poke|p1|Zarude-Dada|
|poke|p1|Garchomp, M|
|poke|p1|Tornadus-Therian, M|
|poke|p1|Tapu Fini|
|poke|p1|Tapu Lele|
|poke|p1|Ferrothorn, M|
|poke|p2|Dragapult, F|
|poke|p2|Zapdos|
|poke|p2|Nihilego|
|poke|p2|Ferrothorn, F|
|poke|p2|Landorus-Therian, M|
|poke|p2|Crawdaunt, M|
|teampreview
|inactive|Battle timer is ON: inactive players will automatically lose when time's up. (requested by lt92pf james)
|j| emo705
|
|t:|1660230532
|start
|switch|p1a: Tapu Lele|Tapu Lele|100/100
|switch|p2a: Zapdos|Zapdos|100/100
|-fieldstart|move: Psychic Terrain|[from] ability: Psychic Surge|[of] p1a: Tapu Lele
|turn|1
|
|t:|1660230538
|move|p1a: Tapu Lele|Future Sight|p2a: Zapdos
|-start|p1a: Tapu Lele|move: Future Sight
|move|p2a: Zapdos|Volt Switch|p1a: Tapu Lele
|-damage|p1a: Tapu Lele|60/100
|
|t:|1660230563
|switch|p2a: Ferrothorn|Ferrothorn, F|100/100|[from]move: Volt Switch
|
|upkeep
|turn|2
|j| lt92pf mind
|j| slainey?
|
|t:|1660230572
|switch|p1a: Zarude|Zarude-Dada|100/100
|move|p2a: Ferrothorn|Stealth Rock|p1a: Zarude
|-sidestart|p1: BaddyGames|move: Stealth Rock
|
|upkeep
|turn|3
|j| lt92pf velcro
|
|t:|1660230581
|switch|p2a: Crawdaunt|Crawdaunt, M|100/100
|move|p1a: Zarude|Darkest Lariat|p2a: Crawdaunt
|-resisted|p2a: Crawdaunt
|-damage|p2a: Crawdaunt|68/100
|
|-end|p2a: Crawdaunt|move: Future Sight
|-immune|p2a: Crawdaunt
|upkeep
|turn|4
|
|t:|1660230591
|switch|p2a: Landorus|Landorus-Therian, M|100/100
|-ability|p2a: Landorus|Intimidate|boost
|-unboost|p1a: Zarude|atk|1
|move|p1a: Zarude|Darkest Lariat|p2a: Landorus
|-damage|p2a: Landorus|75/100
|
|-heal|p2a: Landorus|81/100|[from] item: Leftovers
|upkeep
|turn|5
|
|t:|1660230598
|switch|p1a: Tornadus|Tornadus-Therian, M|100/100
|move|p2a: Landorus|U-turn|p1a: Tornadus
|-resisted|p1a: Tornadus
|-damage|p1a: Tornadus|89/100
|j| pokyy
|
|t:|1660230604
|switch|p2a: Zapdos|Zapdos|100/100|[from]move: U-turn
|
|-fieldend|move: Psychic Terrain
|upkeep
|turn|6
|
|t:|1660230608
|switch|p1a: Garchomp|Garchomp, M|100/100
|-damage|p1a: Garchomp|94/100|[from] Stealth Rock
|move|p2a: Zapdos|Volt Switch|p1a: Garchomp
|-immune|p1a: Garchomp
|
|-heal|p1a: Garchomp|100/100|[from] item: Leftovers
|upkeep
|turn|7
|
|t:|1660230614
|move|p2a: Zapdos|Hurricane|p1a: Garchomp
|-damage|p1a: Garchomp|65/100
|move|p1a: Garchomp|Stealth Rock|p2a: Zapdos
|-sidestart|p2: lt92pf james|move: Stealth Rock
|
|-heal|p1a: Garchomp|71/100|[from] item: Leftovers
|upkeep
|turn|8
|
|t:|1660230624
|switch|p2a: Ferrothorn|Ferrothorn, F|100/100
|-damage|p2a: Ferrothorn|94/100|[from] Stealth Rock
|move|p1a: Garchomp|Rock Slide|p2a: Ferrothorn|[miss]
|-miss|p1a: Garchomp|p2a: Ferrothorn
|
|-heal|p1a: Garchomp|78/100|[from] item: Leftovers
|-heal|p2a: Ferrothorn|100/100|[from] item: Leftovers
|upkeep
|turn|9
|
|t:|1660230633
|move|p1a: Garchomp|Swords Dance|p1a: Garchomp
|-boost|p1a: Garchomp|atk|2
|move|p2a: Ferrothorn|Gyro Ball|p1a: Garchomp
|-damage|p1a: Garchomp|37/100
|-damage|p2a: Ferrothorn|88/100|[from] ability: Rough Skin|[of] p1a: Garchomp
|
|-heal|p1a: Garchomp|44/100|[from] item: Leftovers
|-heal|p2a: Ferrothorn|94/100|[from] item: Leftovers
|upkeep
|turn|10
|
|t:|1660230640
|move|p1a: Garchomp|Earthquake|p2a: Ferrothorn
|-damage|p2a: Ferrothorn|41/100
|move|p2a: Ferrothorn|Leech Seed|p1a: Garchomp
|-start|p1a: Garchomp|move: Leech Seed
|
|-heal|p1a: Garchomp|50/100|[from] item: Leftovers
|-heal|p2a: Ferrothorn|48/100|[from] item: Leftovers
|-damage|p1a: Garchomp|37/100|[from] Leech Seed|[of] p2a: Ferrothorn
|-heal|p2a: Ferrothorn|62/100|[silent]
|upkeep
|turn|11
|
|t:|1660230652
|switch|p1a: Ferrothorn|Ferrothorn, M|100/100
|-damage|p1a: Ferrothorn|94/100|[from] Stealth Rock
|switch|p2a: Zapdos|Zapdos|100/100
|
|-heal|p1a: Ferrothorn|100/100|[from] item: Leftovers
|upkeep
|turn|12
|
|t:|1660230663
|move|p2a: Zapdos|Heat Wave|p1a: Ferrothorn
|-supereffective|p1a: Ferrothorn
|-damage|p1a: Ferrothorn|0 fnt
|faint|p1a: Ferrothorn
|
|upkeep
|
|t:|1660230671
|switch|p1a: Tapu Lele|Tapu Lele|60/100
|-damage|p1a: Tapu Lele|47/100|[from] Stealth Rock
|-fieldstart|move: Psychic Terrain|[from] ability: Psychic Surge|[of] p1a: Tapu Lele
|turn|13
|
|t:|1660230677
|switch|p2a: Ferrothorn|Ferrothorn, F|62/100
|-damage|p2a: Ferrothorn|56/100|[from] Stealth Rock
|move|p1a: Tapu Lele|Psyshock|p2a: Ferrothorn
|-resisted|p2a: Ferrothorn
|-damage|p2a: Ferrothorn|41/100
|
|-heal|p2a: Ferrothorn|47/100|[from] item: Leftovers
|upkeep
|turn|14
|
|t:|1660230682
|switch|p1a: Zarude|Zarude-Dada|100/100
|-damage|p1a: Zarude|88/100|[from] Stealth Rock
|move|p2a: Ferrothorn|Gyro Ball|p1a: Zarude
|-damage|p1a: Zarude|43/100
|
|-heal|p2a: Ferrothorn|53/100|[from] item: Leftovers
|upkeep
|turn|15
|j| LT92PFM
|l| LT92PFM
|j| CRASHINBOOMBANG
|
|t:|1660230700
|move|p1a: Zarude|Darkest Lariat|p2a: Ferrothorn
|-damage|p2a: Ferrothorn|31/100
|-damage|p1a: Zarude|31/100|[from] ability: Iron Barbs|[of] p2a: Ferrothorn
|move|p2a: Ferrothorn|Body Press|p1a: Zarude
|-supereffective|p1a: Zarude
|-damage|p1a: Zarude|0 fnt
|faint|p1a: Zarude
|
|-heal|p2a: Ferrothorn|37/100|[from] item: Leftovers
|upkeep
|
|t:|1660230709
|switch|p1a: Tapu Fini|Tapu Fini|100/100
|-damage|p1a: Tapu Fini|88/100|[from] Stealth Rock
|-fieldstart|move: Misty Terrain|[from] ability: Misty Surge|[of] p1a: Tapu Fini
|turn|16
|
|t:|1660230712
|move|p1a: Tapu Fini|Calm Mind|p1a: Tapu Fini
|-boost|p1a: Tapu Fini|spa|1
|-boost|p1a: Tapu Fini|spd|1
|move|p2a: Ferrothorn|Gyro Ball|p1a: Tapu Fini
|-damage|p1a: Tapu Fini|57/100
|
|-heal|p1a: Tapu Fini|64/100|[from] item: Leftovers
|-heal|p2a: Ferrothorn|43/100|[from] item: Leftovers
|upkeep
|turn|17
|j| LT92PF Sunny
|j| Justforfeitchamp
|
|t:|1660230725
|switch|p1a: Tornadus|Tornadus-Therian, M|100/100
|move|p2a: Ferrothorn|Gyro Ball|p1a: Tornadus
|-damage|p1a: Tornadus|49/100
|
|-heal|p2a: Ferrothorn|49/100|[from] item: Leftovers
|upkeep
|turn|18
|
|t:|1660230730
|switch|p2a: Zapdos|Zapdos|100/100
|move|p1a: Tornadus|U-turn|p2a: Zapdos
|-resisted|p2a: Zapdos
|-crit|p2a: Zapdos
|-damage|p2a: Zapdos|88/100
|-status|p1a: Tornadus|par|[from] ability: Static|[of] p2a: Zapdos
|
|t:|1660230733
|switch|p1a: Tapu Lele|Tapu Lele|47/100|[from]move: U-turn
|-damage|p1a: Tapu Lele|35/100|[from] Stealth Rock
|-fieldstart|move: Psychic Terrain|[from] ability: Psychic Surge|[of] p1a: Tapu Lele
|
|upkeep
|turn|19
|
|t:|1660230739
|switch|p2a: Crawdaunt|Crawdaunt, M|68/100
|-damage|p2a: Crawdaunt|56/100|[from] Stealth Rock
|move|p1a: Tapu Lele|Focus Blast|p2a: Crawdaunt|[miss]
|-miss|p1a: Tapu Lele|p2a: Crawdaunt
|
|upkeep
|turn|20
|
|t:|1660230749
|switch|p1a: Garchomp|Garchomp, M|37/100
|-damage|p1a: Garchomp|31/100|[from] Stealth Rock
|move|p2a: Crawdaunt|Knock Off|p1a: Garchomp
|-damage|p1a: Garchomp|0 fnt
|-damage|p2a: Crawdaunt|43/100|[from] ability: Rough Skin|[of] p1a: Garchomp
|-enditem|p1a: Garchomp|Leftovers|[from] move: Knock Off|[of] p2a: Crawdaunt
|faint|p1a: Garchomp
|-damage|p2a: Crawdaunt|33/100|[from] item: Life Orb
|
|upkeep
|
|t:|1660230751
|switch|p1a: Tapu Fini|Tapu Fini|64/100
|-damage|p1a: Tapu Fini|51/100|[from] Stealth Rock
|-fieldstart|move: Misty Terrain|[from] ability: Misty Surge|[of] p1a: Tapu Fini
|turn|21
|c| slainey?|sadge
|
|t:|1660230761
|switch|p2a: Nihilego|Nihilego|100/100
|-damage|p2a: Nihilego|88/100|[from] Stealth Rock
|move|p1a: Tapu Fini|Calm Mind|p1a: Tapu Fini
|-boost|p1a: Tapu Fini|spa|1
|-boost|p1a: Tapu Fini|spd|1
|
|-heal|p1a: Tapu Fini|57/100|[from] item: Leftovers
|upkeep
|turn|22
|
|t:|1660230767
|move|p2a: Nihilego|Meteor Beam||[still]
|-prepare|p2a: Nihilego|Meteor Beam
|-boost|p2a: Nihilego|spa|1
|-enditem|p2a: Nihilego|Power Herb
|-anim|p2a: Nihilego|Meteor Beam|p1a: Tapu Fini
|-damage|p1a: Tapu Fini|10/100
|move|p1a: Tapu Fini|Scald|p2a: Nihilego
|-supereffective|p2a: Nihilego
|-damage|p2a: Nihilego|33/100
|
|-heal|p1a: Tapu Fini|16/100|[from] item: Leftovers
|upkeep
|turn|23
|-message|BaddyGames forfeited.
|
|win|lt92pf james
|raw|BaddyGames's rating: 1714 &rarr; <strong>1704</strong><br />(-10 for losing)
|raw|lt92pf james's rating: 1905 &rarr; <strong>1915</strong><br />(+10 for winning)
|l|☆BaddyGames
|l|☆lt92pf james
|l| lt92pf velcro
|l| Justforfeitchamp
||Ladder isn't responding, score probably updated but might not have (Request timeout).
|l| slainey?
|j| jkha9aa9
|l| jkha9aa9
|l| emo705
|l| pokyy
|l| CRASHINBOOMBANG
|l| LT92PF Sunny
|l| lt92pf mind
