|j|☆AoiSuisei
|j|☆roboPOKE
|t:|1624539364
|gametype|singles
|player|p1|AoiSuisei|58|1699
|player|p2|roboPOKE|265|1760
|teamsize|p1|6
|teamsize|p2|6
|gen|8
|tier|[Gen 8] OU
|rated|
|rule|Sleep Clause Mod: Limit one foe put to sleep
|rule|Species Clause: Limit one of each Pokémon
|rule|OHKO Clause: OHKO moves are banned
|rule|Evasion Moves Clause: Evasion moves are banned
|rule|Endless Battle Clause: Forcing endless battles is banned
|rule|HP Percentage Mod: HP is shown in percentages
|rule|Dynamax Clause: You cannot dynamax
|clearpoke
|poke|p1|Tyranitar, M|
|poke|p1|Landorus-Therian, M|
|poke|p1|Dragapult, M|
|poke|p1|Excadrill, M|
|poke|p1|Toxapex, F|
|poke|p1|Clefable, F|
|poke|p2|Heatran, F|
|poke|p2|Kartana|
|poke|p2|Tapu Koko|
|poke|p2|Buzzwole|
|poke|p2|Hippowdon, M|
|poke|p2|Slowking, M|
|teampreview
|
|t:|1624539403
|start
|switch|p1a: Landorus|Landorus-Therian, M|100/100
|switch|p2a: Slowking|Slowking, M|100/100
|-ability|p1a: Landorus|Intimidate|boost
|-unboost|p2a: Slowking|atk|1
|turn|1
|inactive|Battle timer is ON: inactive players will automatically lose when time's up. (requested by roboPOKE)
|
|t:|1624539410
|move|p1a: Landorus|Stealth Rock|p2a: Slowking
|-sidestart|p2: roboPOKE|move: Stealth Rock
|move|p2a: Slowking|Scald|p1a: Landorus
|-supereffective|p1a: Landorus
|-crit|p1a: Landorus
|-damage|p1a: Landorus|20/100
|-status|p1a: Landorus|brn
|
|-heal|p1a: Landorus|26/100 brn|[from] item: Leftovers
|-damage|p1a: Landorus|20/100 brn|[from] brn
|upkeep
|turn|2
|
|t:|1624539419
|move|p1a: Landorus|U-turn|p2a: Slowking
|-supereffective|p2a: Slowking
|-crit|p2a: Slowking
|-damage|p2a: Slowking|64/100
|
|t:|1624539427
|switch|p1a: Dragapult|Dragapult, M|100/100|[from]move: U-turn
|move|p2a: Slowking|Teleport|p2a: Slowking
|j| MythicFlame69
|
|t:|1624539433
|switch|p2a: Kartana|Kartana|100/100|[from]move: Teleport
|-damage|p2a: Kartana|94/100|[from] Stealth Rock
|
|upkeep
|turn|3
|
|t:|1624539439
|move|p1a: Dragapult|U-turn|p2a: Kartana
|-damage|p2a: Kartana|56/100
|c|☆roboPOKE|scarf pult?
|
|t:|1624539445
|switch|p1a: Toxapex|Toxapex, F, shiny|100/100|[from]move: U-turn
|move|p2a: Kartana|Knock Off|p1a: Toxapex
|-damage|p1a: Toxapex|58/100
|-damage|p2a: Kartana|40/100|[from] item: Rocky Helmet|[of] p1a: Toxapex
|-enditem|p1a: Toxapex|Rocky Helmet|[from] move: Knock Off|[of] p2a: Kartana
|
|upkeep
|turn|4
|c|☆AoiSuisei|no
|
|t:|1624539464
|move|p2a: Kartana|Knock Off|p1a: Toxapex
|-damage|p1a: Toxapex|32/100
|move|p1a: Toxapex|Knock Off|p2a: Kartana
|-damage|p2a: Kartana|25/100
|-enditem|p2a: Kartana|Choice Band|[from] move: Knock Off|[of] p1a: Toxapex
|
|upkeep
|turn|5
|j| Count Riario
|
|t:|1624539482
|switch|p1a: Landorus|Landorus-Therian, M|20/100 brn
|-ability|p1a: Landorus|Intimidate|boost
|-unboost|p2a: Kartana|atk|1
|move|p2a: Kartana|Defog|p1a: Landorus
|-unboost|p1a: Landorus|evasion|1
|-sideend|p2: roboPOKE|Stealth Rock|[from] move: Defog|[of] p2a: Kartana
|
|-heal|p1a: Landorus|26/100 brn|[from] item: Leftovers
|-damage|p1a: Landorus|20/100 brn|[from] brn
|upkeep
|turn|6
|
|t:|1624539492
|switch|p1a: Toxapex|Toxapex, F, shiny|65/100
|move|p2a: Kartana|Leaf Blade|p1a: Toxapex
|-damage|p1a: Toxapex|40/100
|
|upkeep
|turn|7
|
|t:|1624539498
|move|p2a: Kartana|Leaf Blade|p1a: Toxapex
|-damage|p1a: Toxapex|15/100
|move|p1a: Toxapex|Recover|p1a: Toxapex
|-heal|p1a: Toxapex|65/100
|
|upkeep
|turn|8
|
|t:|1624539509
|move|p2a: Kartana|Leaf Blade|p1a: Toxapex
|-damage|p1a: Toxapex|41/100
|move|p1a: Toxapex|Recover|p1a: Toxapex
|-heal|p1a: Toxapex|91/100
|
|upkeep
|turn|9
|
|t:|1624539515
|switch|p2a: Slowking|Slowking, M|97/100
|move|p1a: Toxapex|Knock Off|p2a: Slowking
|-supereffective|p2a: Slowking
|-damage|p2a: Slowking|70/100
|-enditem|p2a: Slowking|Heavy-Duty Boots|[from] move: Knock Off|[of] p1a: Toxapex
|
|upkeep
|turn|10
|
|t:|1624539521
|move|p1a: Toxapex|Toxic Spikes|p2a: Slowking
|-sidestart|p2: roboPOKE|move: Toxic Spikes
|move|p2a: Slowking|Scald|p1a: Toxapex
|-resisted|p1a: Toxapex
|-damage|p1a: Toxapex|79/100
|-status|p1a: Toxapex|brn
|
|-damage|p1a: Toxapex|73/100 brn|[from] brn
|upkeep
|turn|11
|
|t:|1624539529
|switch|p1a: Clefable|Clefable, F|100/100
|move|p2a: Slowking|Scald|p1a: Clefable
|-damage|p1a: Clefable|74/100
|
|-heal|p1a: Clefable|80/100|[from] item: Leftovers
|upkeep
|turn|12
|
|t:|1624539537
|move|p1a: Clefable|Heal Bell|p1a: Clefable
|-activate|p1a: Clefable|move: Heal Bell
|-curestatus|p1: Landorus|brn|[msg]
|-curestatus|p1: Toxapex|brn|[msg]
|move|p2a: Slowking|Future Sight|p1a: Clefable
|-start|p2a: Slowking|move: Future Sight
|
|-heal|p1a: Clefable|86/100|[from] item: Leftovers
|upkeep
|turn|13
|
|t:|1624539545
|switch|p1a: Tyranitar|Tyranitar, M|100/100
|-weather|Sandstorm|[from] ability: Sand Stream|[of] p1a: Tyranitar
|move|p2a: Slowking|Scald|p1a: Tyranitar
|-supereffective|p1a: Tyranitar
|-damage|p1a: Tyranitar|78/100
|-status|p1a: Tyranitar|brn
|
|-weather|Sandstorm|[upkeep]
|-damage|p2a: Slowking|63/100|[from] Sandstorm
|-heal|p1a: Tyranitar|84/100 brn|[from] item: Leftovers
|-damage|p1a: Tyranitar|78/100 brn|[from] brn
|upkeep
|turn|14
|
|t:|1624539559
|switch|p1a: Dragapult|Dragapult, M|100/100
|move|p2a: Slowking|Teleport|p2a: Slowking
|
|t:|1624539564
|switch|p2a: Heatran|Heatran, F|100/100|[from]move: Teleport
|
|-weather|Sandstorm|[upkeep]
|-damage|p1a: Dragapult|95/100|[from] Sandstorm
|-end|p1a: Dragapult|move: Future Sight
|-damage|p1a: Dragapult|35/100
|upkeep
|turn|15
|
|t:|1624539572
|move|p1a: Dragapult|U-turn|p2a: Heatran
|-resisted|p2a: Heatran
|-damage|p2a: Heatran|93/100
|
|t:|1624539580
|switch|p1a: Tyranitar|Tyranitar, M|78/100 brn|[from]move: U-turn
|move|p2a: Heatran|Magma Storm|p1a: Tyranitar
|-resisted|p1a: Tyranitar
|-crit|p1a: Tyranitar
|-damage|p1a: Tyranitar|66/100 brn
|-activate|p1a: Tyranitar|move: Magma Storm|[of] p2a: Heatran
|
|-weather|Sandstorm|[upkeep]
|-heal|p2a: Heatran|99/100|[from] item: Leftovers
|-heal|p1a: Tyranitar|72/100 brn|[from] item: Leftovers
|-damage|p1a: Tyranitar|66/100 brn|[from] brn
|-damage|p1a: Tyranitar|53/100 brn|[from] move: Magma Storm|[partiallytrapped]
|upkeep
|turn|16
|
|t:|1624539598
|move|p2a: Heatran|Stealth Rock|p1a: Tyranitar
|-sidestart|p1: AoiSuisei|move: Stealth Rock
|move|p1a: Tyranitar|Rock Blast|p2a: Heatran
|-damage|p2a: Heatran|95/100
|-damage|p2a: Heatran|90/100
|-damage|p2a: Heatran|85/100
|-damage|p2a: Heatran|81/100
|-hitcount|p2a: Heatran|4
|
|-weather|Sandstorm|[upkeep]
|-heal|p2a: Heatran|87/100|[from] item: Leftovers
|-heal|p1a: Tyranitar|60/100 brn|[from] item: Leftovers
|-damage|p1a: Tyranitar|53/100 brn|[from] brn
|-damage|p1a: Tyranitar|41/100 brn|[from] move: Magma Storm|[partiallytrapped]
|upkeep
|turn|17
|c|☆AoiSuisei|forgot this tar is not using eartquake!!! lol
|c|☆AoiSuisei|damn!!!
|inactive|AoiSuisei has 120 seconds left.
|c|☆roboPOKE|:/
|
|t:|1624539626
|move|p2a: Heatran|Earth Power|p1a: Tyranitar
|-supereffective|p1a: Tyranitar
|-damage|p1a: Tyranitar|22/100 brn
|move|p1a: Tyranitar|Rock Blast|p2a: Heatran
|-damage|p2a: Heatran|82/100
|-damage|p2a: Heatran|77/100
|-damage|p2a: Heatran|73/100
|-hitcount|p2a: Heatran|3
|
|-weather|none
|-heal|p2a: Heatran|79/100|[from] item: Leftovers
|-heal|p1a: Tyranitar|28/100 brn|[from] item: Leftovers
|-damage|p1a: Tyranitar|22/100 brn|[from] brn
|-damage|p1a: Tyranitar|9/100 brn|[from] move: Magma Storm|[partiallytrapped]
|upkeep
|turn|18
|j| Heroickiller87
|inactive|AoiSuisei has 120 seconds left.
|
|t:|1624539655
|switch|p2a: Tapu Koko|Tapu Koko|100/100
|-fieldstart|move: Electric Terrain|[from] ability: Electric Surge|[of] p2a: Tapu Koko
|move|p1a: Tyranitar|Rock Blast|p2a: Tapu Koko
|-damage|p2a: Tapu Koko|93/100
|-damage|p2a: Tapu Koko|85/100
|-hitcount|p2a: Tapu Koko|2
|
|-heal|p1a: Tyranitar|16/100 brn|[from] item: Leftovers
|-damage|p1a: Tyranitar|9/100 brn|[from] brn
|-end|p1a: Tyranitar|Magma Storm|[partiallytrapped]|[silent]
|upkeep
|turn|19
|inactive|AoiSuisei has 120 seconds left.
|
|t:|1624539671
|switch|p1a: Excadrill|Excadrill, M|100/100
|-damage|p1a: Excadrill|97/100|[from] Stealth Rock
|move|p2a: Tapu Koko|U-turn|p1a: Excadrill
|-resisted|p1a: Excadrill
|-damage|p1a: Excadrill|85/100
|
|t:|1624539677
|switch|p2a: Kartana|Kartana|25/100|[from]move: U-turn
|
|-heal|p1a: Excadrill|91/100|[from] item: Leftovers
|upkeep
|turn|20
|inactive|AoiSuisei has 120 seconds left.
|
|t:|1624539685
|switch|p1a: Toxapex|Toxapex, F, shiny|100/100
|-damage|p1a: Toxapex|88/100|[from] Stealth Rock
|move|p2a: Kartana|Knock Off|p1a: Toxapex
|-damage|p1a: Toxapex|70/100
|
|upkeep
|turn|21
|
|t:|1624539692
|move|p2a: Kartana|Leaf Blade|p1a: Toxapex
|-damage|p1a: Toxapex|33/100
|move|p1a: Toxapex|Knock Off|p2a: Kartana
|-damage|p2a: Kartana|15/100
|
|upkeep
|turn|22
|
|t:|1624539702
|switch|p1a: Landorus|Landorus-Therian, M|20/100
|-damage|p1a: Landorus|8/100|[from] Stealth Rock
|-ability|p1a: Landorus|Intimidate|boost
|-unboost|p2a: Kartana|atk|1
|move|p2a: Kartana|Leaf Blade|p1a: Landorus
|-damage|p1a: Landorus|0 fnt
|faint|p1a: Landorus
|-ability|p2a: Kartana|Beast Boost|boost
|-boost|p2a: Kartana|atk|1
|
|-fieldend|move: Electric Terrain
|upkeep
|
|t:|1624539712
|switch|p1a: Excadrill|Excadrill, M|91/100
|-damage|p1a: Excadrill|88/100|[from] Stealth Rock
|turn|23
|
|t:|1624539717
|move|p2a: Kartana|Sacred Sword|p1a: Excadrill
|-supereffective|p1a: Excadrill
|-damage|p1a: Excadrill|0 fnt
|faint|p1a: Excadrill
|-ability|p2a: Kartana|Beast Boost|boost
|-boost|p2a: Kartana|atk|1
|
|upkeep
|c|☆AoiSuisei|gg
|c|☆roboPOKE|gg
|-message|AoiSuisei forfeited.
|
|win|roboPOKE
|raw|AoiSuisei's rating: 1699 &rarr; <strong>1682</strong><br />(-17 for losing)
|raw|roboPOKE's rating: 1760 &rarr; <strong>1777</strong><br />(+17 for winning)
