|j|☆groundt
|j|☆Eduardrift
|player|p1|groundt|winona-gen3|1674
|player|p2|Eduardrift|265|1606
|teamsize|p1|6
|teamsize|p2|6
|gametype|singles
|gen|8
|tier|[Gen 8] OU
|rated|
|clearpoke
|poke|p1|Sirfetch'd, M|
|poke|p1|Dugtrio, F|
|poke|p1|Corviknight, F|
|poke|p1|Dragapult, M|
|poke|p1|Kommo-o, M|
|poke|p1|Rotom-Wash|
|poke|p2|Golisopod, F|
|poke|p2|Xatu, F|
|poke|p2|Dracovish|
|poke|p2|Quagsire, M|
|poke|p2|Clefable, F|
|poke|p2|Toxapex, F|
|rule|Sleep Clause Mod: Limit one foe put to sleep
|rule|Species Clause: Limit one of each Pokémon
|rule|OHKO Clause: OHKO moves are banned
|rule|Evasion Moves Clause: Evasion moves are banned
|rule|Endless Battle Clause: Forcing endless battles is banned
|rule|HP Percentage Mod: HP is shown in percentages
|rule|Dynamax Clause: You cannot dynamax
|teampreview
|
|start
|switch|p1a: Dragapult|Dragapult, M|100/100
|switch|p2a: Golisopod|Golisopod, F|100/100
|turn|1
|
|switch|p2a: Clefable|Clefable, F|100/100
|move|p1a: Dragapult|Draco Meteor|p2a: Clefable
|-immune|p2a: Clefable
|
|upkeep
|turn|2
|
|move|p1a: Dragapult|Thunder Wave|p2a: Clefable
|-status|p2a: Clefable|par
|cant|p2a: Clefable|par
|
|upkeep
|turn|3
|
|move|p1a: Dragapult|U-turn|p2a: Clefable
|-resisted|p2a: Clefable
|-damage|p2a: Clefable|94/100 par
|
|switch|p1a: Corviknight|Corviknight, F|100/100|[from]move: U-turn
|-ability|p1a: Corviknight|Pressure
|cant|p2a: Clefable|par
|
|-heal|p2a: Clefable|99/100 par|[from] item: Leftovers
|upkeep
|turn|4
|
|move|p1a: Corviknight|Iron Head|p2a: Clefable
|-supereffective|p2a: Clefable
|-damage|p2a: Clefable|57/100 par
|move|p2a: Clefable|Aromatherapy|p2a: Clefable
|-activate|p2a: Clefable|move: Aromatherapy
|-curestatus|p2a: Clefable|par|[msg]
|
|-heal|p2a: Clefable|63/100|[from] item: Leftovers
|upkeep
|turn|5
|
|move|p1a: Corviknight|Iron Head|p2a: Clefable
|-supereffective|p2a: Clefable
|-damage|p2a: Clefable|23/100
|cant|p2a: Clefable|flinch
|
|-heal|p2a: Clefable|29/100|[from] item: Leftovers
|upkeep
|turn|6
|
|move|p2a: Clefable|Protect|p2a: Clefable
|-singleturn|p2a: Clefable|Protect
|move|p1a: Corviknight|Iron Head|p2a: Clefable
|-activate|p2a: Clefable|move: Protect
|
|-heal|p2a: Clefable|35/100|[from] item: Leftovers
|upkeep
|turn|7
|
|switch|p2a: Dracovish|Dracovish|100/100
|move|p1a: Corviknight|Iron Head|p2a: Dracovish
|-resisted|p2a: Dracovish
|-damage|p2a: Dracovish|87/100
|
|upkeep
|turn|8
|
|switch|p1a: Kommo-o|Kommo-o, M|100/100
|move|p2a: Dracovish|Fishious Rend|p1a: Kommo-o
|-resisted|p1a: Kommo-o
|-damage|p1a: Kommo-o|51/100
|
|-heal|p1a: Kommo-o|57/100|[from] item: Leftovers
|upkeep
|turn|9
|
|switch|p2a: Xatu|Xatu, F|100/100
|move|p1a: Kommo-o|Body Press|p2a: Xatu
|-resisted|p2a: Xatu
|-damage|p2a: Xatu|85/100
|
|-heal|p1a: Kommo-o|63/100|[from] item: Leftovers
|-heal|p2a: Xatu|91/100|[from] item: Leftovers
|upkeep
|turn|10
|
|switch|p1a: Rotom|Rotom-Wash|100/100
|move|p2a: Xatu|Psychic|p1a: Rotom
|-damage|p1a: Rotom|70/100
|
|-heal|p2a: Xatu|97/100|[from] item: Leftovers
|upkeep
|turn|11
|
|move|p1a: Rotom|Trick|p2a: Xatu
|-activate|p1a: Rotom|move: Trick|[of] p2a: Xatu
|-item|p2a: Xatu|Choice Scarf|[from] move: Trick
|-item|p1a: Rotom|Leftovers|[from] move: Trick
|move|p2a: Xatu|Roost|p2a: Xatu
|-heal|p2a: Xatu|100/100
|-singleturn|p2a: Xatu|move: Roost
|
|-heal|p1a: Rotom|76/100|[from] item: Leftovers
|upkeep
|turn|12
|
|switch|p2a: Toxapex|Toxapex, F|100/100
|move|p1a: Rotom|Volt Switch|p2a: Toxapex
|-supereffective|p2a: Toxapex
|-damage|p2a: Toxapex|60/100
|
|switch|p1a: Dugtrio|Dugtrio, F|100/100|[from]move: Volt Switch
|
|-heal|p2a: Toxapex|67/100|[from] item: Leftovers
|upkeep
|turn|13
|
|move|p1a: Dugtrio|Earthquake|p2a: Toxapex
|-supereffective|p2a: Toxapex
|-damage|p2a: Toxapex|0 fnt
|faint|p2a: Toxapex
|
|upkeep
|
|switch|p2a: Dracovish|Dracovish|87/100
|turn|14
|
|switch|p1a: Rotom|Rotom-Wash|76/100
|move|p2a: Dracovish|Fishious Rend|p1a: Rotom
|-resisted|p1a: Rotom
|-damage|p1a: Rotom|1/100
|
|-heal|p1a: Rotom|7/100|[from] item: Leftovers
|upkeep
|turn|15
|
|switch|p2a: Quagsire|Quagsire, M|100/100
|move|p1a: Rotom|Thunder Wave|p2a: Quagsire
|-immune|p2a: Quagsire
|
|-heal|p1a: Rotom|13/100|[from] item: Leftovers
|upkeep
|turn|16
|
|switch|p1a: Corviknight|Corviknight, F|100/100
|-ability|p1a: Corviknight|Pressure
|move|p2a: Quagsire|Toxic|p1a: Corviknight
|-immune|p1a: Corviknight
|
|upkeep
|turn|17
|
|move|p1a: Corviknight|Iron Head|p2a: Quagsire
|-resisted|p2a: Quagsire
|-damage|p2a: Quagsire|92/100
|cant|p2a: Quagsire|flinch
|
|-heal|p2a: Quagsire|98/100|[from] item: Leftovers
|upkeep
|turn|18
|
|move|p1a: Corviknight|Iron Head|p2a: Quagsire
|-resisted|p2a: Quagsire
|-damage|p2a: Quagsire|89/100
|cant|p2a: Quagsire|flinch
|
|-heal|p2a: Quagsire|95/100|[from] item: Leftovers
|upkeep
|turn|19
|
|move|p1a: Corviknight|Iron Head|p2a: Quagsire
|-resisted|p2a: Quagsire
|-damage|p2a: Quagsire|88/100
|cant|p2a: Quagsire|flinch
|
|-heal|p2a: Quagsire|94/100|[from] item: Leftovers
|upkeep
|turn|20
|
|move|p1a: Corviknight|Iron Head|p2a: Quagsire
|-resisted|p2a: Quagsire
|-damage|p2a: Quagsire|86/100
|cant|p2a: Quagsire|flinch
|
|-heal|p2a: Quagsire|92/100|[from] item: Leftovers
|upkeep
|turn|21
|
|move|p1a: Corviknight|Iron Head|p2a: Quagsire
|-resisted|p2a: Quagsire
|-damage|p2a: Quagsire|83/100
|cant|p2a: Quagsire|flinch
|
|-heal|p2a: Quagsire|89/100|[from] item: Leftovers
|upkeep
|turn|22
|
|move|p1a: Corviknight|Iron Head|p2a: Quagsire
|-resisted|p2a: Quagsire
|-damage|p2a: Quagsire|81/100
|move|p2a: Quagsire|Scald|p1a: Corviknight
|-damage|p1a: Corviknight|86/100
|
|-heal|p1a: Corviknight|92/100|[from] item: Leftovers
|-heal|p2a: Quagsire|87/100|[from] item: Leftovers
|upkeep
|turn|23
|
|move|p1a: Corviknight|U-turn|p2a: Quagsire
|-damage|p2a: Quagsire|77/100
|
|switch|p1a: Rotom|Rotom-Wash|13/100|[from]move: U-turn
|move|p2a: Quagsire|Scald|p1a: Rotom
|-resisted|p1a: Rotom
|-damage|p1a: Rotom|3/100
|
|-heal|p1a: Rotom|10/100|[from] item: Leftovers
|-heal|p2a: Quagsire|83/100|[from] item: Leftovers
|upkeep
|turn|24
|
|switch|p2a: Golisopod|Golisopod, F|100/100
|move|p1a: Rotom|Hydro Pump|p2a: Golisopod|[miss]
|-miss|p1a: Rotom|p2a: Golisopod
|
|-heal|p1a: Rotom|16/100|[from] item: Leftovers
|upkeep
|turn|25
|
|switch|p1a: Dragapult|Dragapult, M|100/100
|move|p2a: Golisopod|First Impression|p1a: Dragapult
|-resisted|p1a: Dragapult
|-crit|p1a: Dragapult
|-damage|p1a: Dragapult|50/100
|
|-heal|p1a: Dragapult|56/100|[from] item: Leftovers
|upkeep
|turn|26
|
|move|p1a: Dragapult|Draco Meteor|p2a: Golisopod
|-crit|p2a: Golisopod
|-damage|p2a: Golisopod|4/100
|-unboost|p1a: Dragapult|spa|2
|-activate|p2a: Golisopod|ability: Emergency Exit
|
|switch|p2a: Clefable|Clefable, F|35/100
|
|-heal|p1a: Dragapult|62/100|[from] item: Leftovers
|-heal|p2a: Clefable|41/100|[from] item: Leftovers
|upkeep
|turn|27
|
|move|p1a: Dragapult|Thunder Wave|p2a: Clefable
|-status|p2a: Clefable|par
|move|p2a: Clefable|Wish|p2a: Clefable
|
|-heal|p1a: Dragapult|68/100|[from] item: Leftovers
|-heal|p2a: Clefable|47/100 par|[from] item: Leftovers
|upkeep
|turn|28
|
|move|p1a: Dragapult|U-turn|p2a: Clefable
|-resisted|p2a: Clefable
|-damage|p2a: Clefable|39/100 par
|
|switch|p1a: Corviknight|Corviknight, F|92/100|[from]move: U-turn
|-ability|p1a: Corviknight|Pressure
|cant|p2a: Clefable|par
|
|-heal|p2a: Clefable|89/100 par|[from] move: Wish|[wisher] Clefable
|-heal|p1a: Corviknight|98/100|[from] item: Leftovers
|-heal|p2a: Clefable|95/100 par|[from] item: Leftovers
|upkeep
|turn|29
|
|switch|p2a: Quagsire|Quagsire, M|83/100
|move|p1a: Corviknight|U-turn|p2a: Quagsire
|-crit|p2a: Quagsire
|-damage|p2a: Quagsire|68/100
|
|switch|p1a: Dragapult|Dragapult, M|68/100|[from]move: U-turn
|
|-heal|p1a: Dragapult|74/100|[from] item: Leftovers
|-heal|p2a: Quagsire|74/100|[from] item: Leftovers
|upkeep
|turn|30
|
|switch|p2a: Clefable|Clefable, F|95/100 par
|move|p1a: Dragapult|U-turn|p2a: Clefable
|-resisted|p2a: Clefable
|-damage|p2a: Clefable|88/100 par
|
|switch|p1a: Dugtrio|Dugtrio, F|100/100|[from]move: U-turn
|
|-heal|p2a: Clefable|94/100 par|[from] item: Leftovers
|upkeep
|turn|31
|
|move|p1a: Dugtrio|Earthquake|p2a: Clefable
|-damage|p2a: Clefable|35/100 par
|cant|p2a: Clefable|par
|
|-heal|p2a: Clefable|41/100 par|[from] item: Leftovers
|upkeep
|turn|32
|
|move|p1a: Dugtrio|Earthquake|p2a: Clefable
|-damage|p2a: Clefable|0 fnt
|faint|p2a: Clefable
|
|upkeep
|-message|Eduardrift forfeited.
|
|win|groundt
|l|☆Eduardrift
|raw|groundt's rating: 1674 &rarr; <strong>1689</strong><br />(+15 for winning)
|raw|Eduardrift's rating: 1593 &rarr; <strong>1577</strong><br />(-16 for losing)
