|j|☆noudle soop
|j|☆jptoroglass
|t:|1631515272
|gametype|singles
|player|p1|noudle soop|1|1684
|player|p2|jptoroglass|marley|1668
|teamsize|p1|6
|teamsize|p2|6
|gen|8
|tier|[Gen 8] OU
|rated|
|rule|Sleep Clause Mod: Limit one foe put to sleep
|rule|Species Clause: Limit one of each Pokémon
|rule|OHKO Clause: OHKO moves are banned
|rule|Evasion Moves Clause: Evasion moves are banned
|rule|Endless Battle Clause: Forcing endless battles is banned
|rule|HP Percentage Mod: HP is shown in percentages
|rule|Dynamax Clause: You cannot dynamax
|clearpoke
|poke|p1|Landorus-Therian, M|
|poke|p1|Tapu Fini|
|poke|p1|Corviknight, F|
|poke|p1|Hippowdon, M|
|poke|p1|Heatran, M|
|poke|p1|Kartana|
|poke|p2|Mew|
|poke|p2|Cloyster, F|
|poke|p2|Gengar, M|
|poke|p2|Bisharp, F|
|poke|p2|Rillaboom, M|
|poke|p2|Hawlucha, F|
|teampreview
|inactive|Battle timer is ON: inactive players will automatically lose when time's up. (requested by noudle soop)
|
|t:|1631515292
|start
|switch|p1a: Landorus|Landorus-Therian, M|100/100
|switch|p2a: Mew|Mew, shiny|100/100
|-ability|p1a: Landorus|Intimidate|boost
|-unboost|p2a: Mew|atk|1
|turn|1
|
|t:|1631515311
|move|p2a: Mew|Taunt|p1a: Landorus
|-start|p1a: Landorus|move: Taunt
|move|p1a: Landorus|U-turn|p2a: Mew
|-supereffective|p2a: Mew
|-damage|p2a: Mew|57/100
|-enditem|p2a: Mew|Red Card|[of] p1a: Landorus
|drag|p1a: Kartana|Kartana|100/100
|
|upkeep
|turn|2
|
|t:|1631515322
|move|p1a: Kartana|Leaf Blade|p2a: Mew
|-damage|p2a: Mew|2/100
|move|p2a: Mew|Stealth Rock|p1a: Kartana
|-sidestart|p1: noudle soop|move: Stealth Rock
|
|upkeep
|turn|3
|
|t:|1631515331
|switch|p2a: DK did it first|Rillaboom, M|100/100
|-fieldstart|move: Grassy Terrain|[from] ability: Grassy Surge|[of] p2a: DK did it first
|move|p1a: Kartana|Leaf Blade|p2a: DK did it first
|-resisted|p2a: DK did it first
|-damage|p2a: DK did it first|55/100
|
|-heal|p2a: DK did it first|61/100|[from] Grassy Terrain
|upkeep
|turn|4
|
|t:|1631515336
|move|p1a: Kartana|Leaf Blade|p2a: DK did it first
|-resisted|p2a: DK did it first
|-damage|p2a: DK did it first|17/100
|move|p2a: DK did it first|Drain Punch|p1a: Kartana
|-supereffective|p1a: Kartana
|-damage|p1a: Kartana|22/100
|-heal|p2a: DK did it first|47/100|[from] drain|[of] p1a: Kartana
|-damage|p2a: DK did it first|37/100|[from] item: Life Orb
|
|-heal|p1a: Kartana|28/100|[from] Grassy Terrain
|-heal|p2a: DK did it first|43/100|[from] Grassy Terrain
|upkeep
|turn|5
|
|t:|1631515351
|switch|p2a: Mew|Mew, shiny|2/100
|move|p1a: Kartana|Leaf Blade|p2a: Mew
|-damage|p2a: Mew|0 fnt
|faint|p2a: Mew
|-ability|p1a: Kartana|Beast Boost|boost
|-boost|p1a: Kartana|atk|1
|
|-heal|p1a: Kartana|34/100|[from] Grassy Terrain
|upkeep
|
|t:|1631515358
|switch|p2a: Zero|Bisharp, F|100/100
|turn|6
|
|t:|1631515362
|switch|p1a: Hippowdon|Hippowdon, M|100/100
|-damage|p1a: Hippowdon|94/100|[from] Stealth Rock
|-weather|Sandstorm|[from] ability: Sand Stream|[of] p1a: Hippowdon
|move|p2a: Zero|Swords Dance|p2a: Zero
|-boost|p2a: Zero|atk|2
|
|-weather|Sandstorm|[upkeep]
|-heal|p1a: Hippowdon|100/100|[from] Grassy Terrain
|upkeep
|turn|7
|
|t:|1631515368
|move|p2a: Zero|Knock Off|p1a: Hippowdon
|-damage|p1a: Hippowdon|17/100
|-enditem|p1a: Hippowdon|Leftovers|[from] move: Knock Off|[of] p2a: Zero
|move|p1a: Hippowdon|Whirlwind|p2a: Zero
|drag|p2a: Okage|Gengar, M|100/100
|
|-weather|Sandstorm|[upkeep]
|-damage|p2a: Okage|94/100|[from] Sandstorm
|-heal|p2a: Okage|100/100|[from] Grassy Terrain
|-heal|p1a: Hippowdon|23/100|[from] Grassy Terrain
|-fieldend|move: Grassy Terrain
|upkeep
|turn|8
|
|t:|1631515373
|switch|p1a: Corviknight|Corviknight, F|100/100
|-damage|p1a: Corviknight|88/100|[from] Stealth Rock
|-ability|p1a: Corviknight|Pressure
|move|p2a: Okage|Shadow Ball|p1a: Corviknight
|-damage|p1a: Corviknight|48/100
|
|-weather|Sandstorm|[upkeep]
|-damage|p2a: Okage|94/100|[from] Sandstorm
|-heal|p1a: Corviknight|54/100|[from] item: Leftovers
|upkeep
|turn|9
|
|t:|1631515377
|move|p2a: Okage|Taunt|p1a: Corviknight
|-start|p1a: Corviknight|move: Taunt
|cant|p1a: Corviknight|move: Taunt|Roost
|
|-weather|Sandstorm|[upkeep]
|-damage|p2a: Okage|88/100|[from] Sandstorm
|-heal|p1a: Corviknight|60/100|[from] item: Leftovers
|upkeep
|turn|10
|
|t:|1631515381
|switch|p1a: Hippowdon|Hippowdon, M|23/100
|-damage|p1a: Hippowdon|17/100|[from] Stealth Rock
|move|p2a: Okage|Nasty Plot|p2a: Okage
|-boost|p2a: Okage|spa|2
|
|-weather|none
|upkeep
|turn|11
|
|t:|1631515385
|move|p2a: Okage|Shadow Ball|p1a: Hippowdon
|-damage|p1a: Hippowdon|0 fnt
|faint|p1a: Hippowdon
|
|upkeep
|
|t:|1631515388
|switch|p1a: Kartana|Kartana|34/100
|-damage|p1a: Kartana|28/100|[from] Stealth Rock
|turn|12
|
|t:|1631515397
|move|p1a: Kartana|Smart Strike|p2a: Okage
|-damage|p2a: Okage|2/100
|move|p2a: Okage|Shadow Ball|p1a: Kartana
|-damage|p1a: Kartana|0 fnt
|faint|p1a: Kartana
|
|upkeep
|
|t:|1631515406
|switch|p1a: Heatran|Heatran, M|100/100
|-damage|p1a: Heatran|88/100|[from] Stealth Rock
|turn|13
|
|t:|1631515409
|move|p2a: Okage|Focus Blast|p1a: Heatran
|-supereffective|p1a: Heatran
|-damage|p1a: Heatran|0 fnt
|faint|p1a: Heatran
|
|upkeep
|-message|noudle soop forfeited.
|
|win|jptoroglass
|raw|noudle soop's rating: 1684 &rarr; <strong>1663</strong><br />(-21 for losing)
|raw|jptoroglass's rating: 1668 &rarr; <strong>1689</strong><br />(+21 for winning)
|l|☆noudle soop
