|j|‽hypervortexreturns
|j|☆lt94je xavgb
|t:|1661584160
|gametype|singles
|player|p1|hypervortexreturns|169|1813
|player|p2|lt94je xavgb|170|1847
|teamsize|p1|6
|teamsize|p2|6
|gen|8
|tier|[Gen 8] OU
|rated|
|rule|Sleep Clause Mod: Limit one foe put to sleep
|rule|Species Clause: Limit one of each Pokémon
|rule|OHKO Clause: OHKO moves are banned
|rule|Evasion Items Clause: Evasion items are banned
|rule|Evasion Moves Clause: Evasion moves are banned
|rule|Endless Battle Clause: Forcing endless battles is banned
|rule|HP Percentage Mod: HP is shown in percentages
|rule|Dynamax Clause: You cannot dynamax
|clearpoke
|poke|p1|Hydreigon, M|
|poke|p1|Zapdos|
|poke|p1|Tangrowth, F|
|poke|p1|Corviknight, F|
|poke|p1|Excadrill, F|
|poke|p1|Azumarill, M|
|poke|p2|Ferrothorn, F|
|poke|p2|Rotom-Wash|
|poke|p2|Tyranitar, M|
|poke|p2|Excadrill, M|
|poke|p2|Clefable, M|
|poke|p2|Dragapult, M|
|teampreview
|j| HBooks
|j| salamenco
|
|t:|1661584187
|start
|switch|p1a: Zapdos|Zapdos|100/100
|switch|p2a: Rotom|Rotom-Wash|100/100
|turn|1
|j| SunTeamPupil
|
|t:|1661584199
|move|p1a: Zapdos|Toxic|p2a: Rotom
|-status|p2a: Rotom|tox
|move|p2a: Rotom|Toxic|p1a: Zapdos
|-status|p1a: Zapdos|tox
|
|-damage|p1a: Zapdos|94/100 tox|[from] psn
|-damage|p2a: Rotom|94/100 tox|[from] psn
|upkeep
|turn|2
|
|t:|1661584212
|move|p1a: Zapdos|Discharge|p2a: Rotom
|-damage|p2a: Rotom|58/100 tox
|move|p2a: Rotom|Volt Switch|p1a: Zapdos
|-crit|p1a: Zapdos
|-damage|p1a: Zapdos|56/100 tox
|
|t:|1661584222
|switch|p2a: Dragapult|Dragapult, M|100/100|[from]move: Volt Switch
|
|-damage|p1a: Zapdos|43/100 tox|[from] psn
|upkeep
|turn|3
|
|t:|1661584240
|switch|p1a: Corviknight|Corviknight, F|100/100
|-ability|p1a: Corviknight|Pressure
|move|p2a: Dragapult|Shadow Ball|p1a: Corviknight
|-damage|p1a: Corviknight|59/100
|
|-heal|p1a: Corviknight|65/100|[from] item: Leftovers
|upkeep
|turn|4
|
|t:|1661584251
|move|p2a: Dragapult|Shadow Ball|p1a: Corviknight
|-damage|p1a: Corviknight|23/100
|-unboost|p1a: Corviknight|spd|1
|move|p1a: Corviknight|Roost|p1a: Corviknight
|-heal|p1a: Corviknight|73/100
|-singleturn|p1a: Corviknight|move: Roost
|
|-heal|p1a: Corviknight|79/100|[from] item: Leftovers
|upkeep
|turn|5
|
|t:|1661584263
|switch|p1a: Hydreigon|Hydreigon, M|100/100
|move|p2a: Dragapult|Shadow Ball|p1a: Hydreigon
|-resisted|p1a: Hydreigon
|-damage|p1a: Hydreigon|74/100
|
|-heal|p1a: Hydreigon|80/100|[from] item: Leftovers
|upkeep
|turn|6
|
|t:|1661584281
|switch|p2a: Clefable|Clefable, M|100/100
|switch|p1a: Excadrill|Excadrill, F|100/100
|-ability|p1a: Excadrill|Mold Breaker
|
|upkeep
|turn|7
|
|t:|1661584295
|switch|p2a: Ferrothorn|Ferrothorn, F|100/100
|move|p1a: Excadrill|Earthquake|p2a: Ferrothorn
|-crit|p2a: Ferrothorn
|-damage|p2a: Ferrothorn|54/100
|
|-heal|p2a: Ferrothorn|60/100|[from] item: Leftovers
|upkeep
|turn|8
|j| tilt artist
|
|t:|1661584334
|switch|p1a: Tangrowth|Tangrowth, F|100/100
|move|p2a: Ferrothorn|Spikes|p1a: Tangrowth
|-sidestart|p1: hypervortexreturns|Spikes
|
|-heal|p2a: Ferrothorn|66/100|[from] item: Leftovers
|upkeep
|turn|9
|
|t:|1661584368
|switch|p2a: Clefable|Clefable, M|100/100
|move|p1a: Tangrowth|Knock Off|p2a: Clefable
|-resisted|p2a: Clefable
|-damage|p2a: Clefable|92/100
|-damage|p1a: Tangrowth|84/100|[from] item: Rocky Helmet|[of] p2a: Clefable
|-enditem|p2a: Clefable|Rocky Helmet|[from] move: Knock Off|[of] p1a: Tangrowth
|
|upkeep
|turn|10
|
|t:|1661584382
|move|p2a: Clefable|Stealth Rock|p1a: Tangrowth
|-sidestart|p1: hypervortexreturns|move: Stealth Rock
|move|p1a: Tangrowth|Sleep Powder|p2a: Clefable|[miss]
|-miss|p1a: Tangrowth|p2a: Clefable
|
|upkeep
|turn|11
|
|t:|1661584391
|move|p2a: Clefable|Moonblast|p1a: Tangrowth
|-damage|p1a: Tangrowth|38/100
|-unboost|p1a: Tangrowth|spa|1
|move|p1a: Tangrowth|Sleep Powder|p2a: Clefable
|-status|p2a: Clefable|slp|[from] move: Sleep Powder
|
|upkeep
|turn|12
|
|t:|1661584405
|switch|p2a: Dragapult|Dragapult, M|100/100
|switch|p1a: Excadrill|Excadrill, F|100/100
|-damage|p1a: Excadrill|88/100|[from] Spikes
|-damage|p1a: Excadrill|85/100|[from] Stealth Rock
|-ability|p1a: Excadrill|Mold Breaker
|
|-heal|p1a: Excadrill|91/100|[from] item: Leftovers
|upkeep
|turn|13
|j| LT94JE PZZ
|
|t:|1661584428
|switch|p1a: Hydreigon|Hydreigon, M|80/100
|-damage|p1a: Hydreigon|68/100|[from] Stealth Rock
|move|p2a: Dragapult|Flamethrower|p1a: Hydreigon
|-resisted|p1a: Hydreigon
|-damage|p1a: Hydreigon|48/100
|
|-heal|p1a: Hydreigon|54/100|[from] item: Leftovers
|upkeep
|turn|14
|
|t:|1661584439
|switch|p2a: Tyranitar|Tyranitar, M|100/100
|-weather|Sandstorm|[from] ability: Sand Stream|[of] p2a: Tyranitar
|move|p1a: Hydreigon|Roost|p1a: Hydreigon
|-heal|p1a: Hydreigon|100/100
|-singleturn|p1a: Hydreigon|move: Roost
|
|-weather|Sandstorm|[upkeep]
|-damage|p1a: Hydreigon|94/100|[from] Sandstorm
|-heal|p1a: Hydreigon|100/100|[from] item: Leftovers
|upkeep
|turn|15
|
|t:|1661584463
|switch|p1a: Tangrowth|Tangrowth, F|71/100
|-damage|p1a: Tangrowth|58/100|[from] Spikes
|-damage|p1a: Tangrowth|46/100|[from] Stealth Rock
|move|p2a: Tyranitar|Stone Edge|p1a: Tangrowth
|-damage|p1a: Tangrowth|0 fnt
|faint|p1a: Tangrowth
|
|-weather|Sandstorm|[upkeep]
|upkeep
|
|t:|1661584474
|switch|p1a: Excadrill|Excadrill, F|91/100
|-damage|p1a: Excadrill|79/100|[from] Spikes
|-damage|p1a: Excadrill|76/100|[from] Stealth Rock
|-ability|p1a: Excadrill|Mold Breaker
|turn|16
|
|t:|1661584491
|switch|p2a: Dragapult|Dragapult, M|100/100
|move|p1a: Excadrill|Stealth Rock|p2a: Dragapult
|-sidestart|p2: lt94je xavgb|move: Stealth Rock
|
|-weather|Sandstorm|[upkeep]
|-damage|p2a: Dragapult|95/100|[from] Sandstorm
|-heal|p1a: Excadrill|82/100|[from] item: Leftovers
|upkeep
|turn|17
|
|t:|1661584563
|switch|p1a: Zapdos|Zapdos|43/100 tox
|move|p2a: Dragapult|Shadow Ball|p1a: Zapdos
|-damage|p1a: Zapdos|0 fnt
|faint|p1a: Zapdos
|
|-weather|Sandstorm|[upkeep]
|-damage|p2a: Dragapult|89/100|[from] Sandstorm
|upkeep
|
|t:|1661584575
|switch|p1a: Hydreigon|Hydreigon, M|100/100
|-damage|p1a: Hydreigon|88/100|[from] Stealth Rock
|turn|18
|
|t:|1661584595
|switch|p2a: Clefable|Clefable, M|92/100 slp
|move|p1a: Hydreigon|Nasty Plot|p1a: Hydreigon
|-boost|p1a: Hydreigon|spa|2
|
|-weather|none
|-heal|p1a: Hydreigon|94/100|[from] item: Leftovers
|upkeep
|turn|19
|
|t:|1661584603
|move|p1a: Hydreigon|Earth Power|p2a: Clefable
|-damage|p2a: Clefable|44/100 slp
|cant|p2a: Clefable|slp
|
|-heal|p1a: Hydreigon|100/100|[from] item: Leftovers
|upkeep
|turn|20
|j| Mimikyu Stardust
|
|t:|1661584618
|move|p1a: Hydreigon|Earth Power|p2a: Clefable
|-crit|p2a: Clefable
|-damage|p2a: Clefable|0 fnt
|faint|p2a: Clefable
|
|upkeep
|
|t:|1661584632
|switch|p2a: Tyranitar|Tyranitar, M|100/100
|-damage|p2a: Tyranitar|88/100|[from] Stealth Rock
|-weather|Sandstorm|[from] ability: Sand Stream|[of] p2a: Tyranitar
|turn|21
|
|t:|1661584648
|switch|p1a: Excadrill|Excadrill, F|82/100
|-damage|p1a: Excadrill|69/100|[from] Spikes
|-damage|p1a: Excadrill|66/100|[from] Stealth Rock
|-ability|p1a: Excadrill|Mold Breaker
|move|p2a: Tyranitar|Superpower|p1a: Excadrill
|-supereffective|p1a: Excadrill
|-damage|p1a: Excadrill|0 fnt
|-unboost|p2a: Tyranitar|atk|1
|-unboost|p2a: Tyranitar|def|1
|faint|p1a: Excadrill
|
|-weather|Sandstorm|[upkeep]
|upkeep
|
|t:|1661584672
|switch|p1a: Corviknight|Corviknight, F|79/100
|-damage|p1a: Corviknight|67/100|[from] Stealth Rock
|-ability|p1a: Corviknight|Pressure
|turn|22
|
|t:|1661584697
|switch|p2a: Ferrothorn|Ferrothorn, F|66/100
|-damage|p2a: Ferrothorn|60/100|[from] Stealth Rock
|move|p1a: Corviknight|Bulk Up|p1a: Corviknight
|-boost|p1a: Corviknight|atk|1
|-boost|p1a: Corviknight|def|1
|
|-weather|Sandstorm|[upkeep]
|-heal|p1a: Corviknight|73/100|[from] item: Leftovers
|-heal|p2a: Ferrothorn|66/100|[from] item: Leftovers
|upkeep
|turn|23
|
|t:|1661584710
|move|p1a: Corviknight|Taunt|p2a: Ferrothorn
|-start|p2a: Ferrothorn|move: Taunt
|cant|p2a: Ferrothorn|move: Taunt|Iron Defense
|
|-weather|Sandstorm|[upkeep]
|-heal|p1a: Corviknight|79/100|[from] item: Leftovers
|-heal|p2a: Ferrothorn|72/100|[from] item: Leftovers
|upkeep
|turn|24
|
|t:|1661584723
|switch|p2a: Rotom|Rotom-Wash|58/100 tox
|-damage|p2a: Rotom|45/100 tox|[from] Stealth Rock
|move|p1a: Corviknight|Brave Bird|p2a: Rotom
|-resisted|p2a: Rotom
|-damage|p2a: Rotom|16/100 tox
|-damage|p1a: Corviknight|72/100|[from] Recoil
|
|-weather|Sandstorm|[upkeep]
|-damage|p2a: Rotom|9/100 tox|[from] Sandstorm
|-heal|p2a: Rotom|16/100 tox|[from] item: Leftovers
|-heal|p1a: Corviknight|78/100|[from] item: Leftovers
|-damage|p2a: Rotom|9/100 tox|[from] psn
|upkeep
|turn|25
|
|t:|1661584738
|move|p2a: Rotom|Pain Split|p1a: Corviknight
|-sethp|p1a: Corviknight|42/100|[from] move: Pain Split|[silent]
|-sethp|p2a: Rotom|56/100 tox|[from] move: Pain Split
|move|p1a: Corviknight|Roost|p1a: Corviknight
|-heal|p1a: Corviknight|92/100
|-singleturn|p1a: Corviknight|move: Roost
|
|-weather|none
|-heal|p2a: Rotom|62/100 tox|[from] item: Leftovers
|-heal|p1a: Corviknight|99/100|[from] item: Leftovers
|-damage|p2a: Rotom|50/100 tox|[from] psn
|upkeep
|turn|26
|
|t:|1661584752
|move|p2a: Rotom|Pain Split|p1a: Corviknight
|-sethp|p1a: Corviknight|68/100|[from] move: Pain Split|[silent]
|-sethp|p2a: Rotom|90/100 tox|[from] move: Pain Split
|move|p1a: Corviknight|Roost|p1a: Corviknight
|-heal|p1a: Corviknight|100/100
|-singleturn|p1a: Corviknight|move: Roost
|
|-heal|p2a: Rotom|96/100 tox|[from] item: Leftovers
|-damage|p2a: Rotom|77/100 tox|[from] psn
|upkeep
|turn|27
|j| SICKO MODE INDER
|
|t:|1661584765
|move|p2a: Rotom|Volt Switch|p1a: Corviknight
|-supereffective|p1a: Corviknight
|-damage|p1a: Corviknight|66/100
|
|t:|1661584768
|switch|p2a: Dragapult|Dragapult, M|89/100|[from]move: Volt Switch
|-damage|p2a: Dragapult|76/100|[from] Stealth Rock
|move|p1a: Corviknight|Bulk Up|p1a: Corviknight
|-boost|p1a: Corviknight|atk|1
|-boost|p1a: Corviknight|def|1
|
|-heal|p1a: Corviknight|72/100|[from] item: Leftovers
|upkeep
|turn|28
|l| SICKO MODE INDER
|j| SICKO MODE INDER
|j| ripreckful
|
|t:|1661584792
|move|p2a: Dragapult|Flamethrower|p1a: Corviknight
|-supereffective|p1a: Corviknight
|-damage|p1a: Corviknight|8/100
|-status|p1a: Corviknight|brn
|move|p1a: Corviknight|Brave Bird|p2a: Dragapult
|-damage|p2a: Dragapult|23/100
|-damage|p1a: Corviknight|0 fnt|[from] Recoil
|faint|p1a: Corviknight
|
|upkeep
|
|t:|1661584816
|switch|p1a: Hydreigon|Hydreigon, M|100/100
|-damage|p1a: Hydreigon|88/100|[from] Stealth Rock
|turn|29
|j| Sasuke Uchiha 6
|inactive|Battle timer is ON: inactive players will automatically lose when time's up. (requested by hypervortexreturns)
|inactive|lt94je xavgb has 120 seconds left.
|j| LT94JE Tace
|inactive|lt94je xavgb has 90 seconds left.
|
|t:|1661584955
|switch|p2a: Tyranitar|Tyranitar, M|88/100
|-damage|p2a: Tyranitar|76/100|[from] Stealth Rock
|-weather|Sandstorm|[from] ability: Sand Stream|[of] p2a: Tyranitar
|move|p1a: Hydreigon|Nasty Plot|p1a: Hydreigon
|-boost|p1a: Hydreigon|spa|2
|
|-weather|Sandstorm|[upkeep]
|-damage|p1a: Hydreigon|82/100|[from] Sandstorm
|-heal|p1a: Hydreigon|88/100|[from] item: Leftovers
|upkeep
|turn|30
|
|t:|1661584969
|move|p1a: Hydreigon|Earth Power|p2a: Tyranitar
|-supereffective|p2a: Tyranitar
|-damage|p2a: Tyranitar|12/100
|move|p2a: Tyranitar|Superpower|p1a: Hydreigon
|-supereffective|p1a: Hydreigon
|-damage|p1a: Hydreigon|0 fnt
|-unboost|p2a: Tyranitar|atk|1
|-unboost|p2a: Tyranitar|def|1
|faint|p1a: Hydreigon
|
|-weather|Sandstorm|[upkeep]
|upkeep
|
|t:|1661584981
|switch|p1a: Azumarill|Azumarill, M|100/100
|-damage|p1a: Azumarill|88/100|[from] Spikes
|-damage|p1a: Azumarill|76/100|[from] Stealth Rock
|turn|31
|
|t:|1661584989
|move|p2a: Tyranitar|Superpower|p1a: Azumarill
|-resisted|p1a: Azumarill
|-damage|p1a: Azumarill|49/100
|-unboost|p2a: Tyranitar|atk|1
|-unboost|p2a: Tyranitar|def|1
|-enditem|p1a: Azumarill|Sitrus Berry|[eat]
|-heal|p1a: Azumarill|74/100|[from] item: Sitrus Berry
|move|p1a: Azumarill|Belly Drum|p1a: Azumarill
|-damage|p1a: Azumarill|24/100
|-setboost|p1a: Azumarill|atk|6|[from] move: Belly Drum
|
|-weather|Sandstorm|[upkeep]
|-damage|p1a: Azumarill|17/100|[from] Sandstorm
|upkeep
|turn|32
|
|t:|1661585004
|switch|p2a: Ferrothorn|Ferrothorn, F|72/100
|-damage|p2a: Ferrothorn|66/100|[from] Stealth Rock
|move|p1a: Azumarill|Aqua Jet|p2a: Ferrothorn
|-resisted|p2a: Ferrothorn
|-damage|p2a: Ferrothorn|36/100
|-damage|p1a: Azumarill|5/100|[from] ability: Iron Barbs|[of] p2a: Ferrothorn
|
|-weather|Sandstorm|[upkeep]
|-damage|p1a: Azumarill|0 fnt|[from] Sandstorm
|faint|p1a: Azumarill
|
|win|lt94je xavgb
|upkeep
|raw|hypervortexreturns's rating: 1813 &rarr; <strong>1795</strong><br />(-18 for losing)
|raw|lt94je xavgb's rating: 1847 &rarr; <strong>1865</strong><br />(+18 for winning)
|l| LT94JE Tace
|l| ripreckful
