|j|☆Shootingwolf
|j|☆James155
|t:|1605149017
|player|p1|Shootingwolf|102|1758
|player|p2|James155|striker|1773
|teamsize|p1|6
|teamsize|p2|6
|gametype|singles
|gen|8
|tier|[Gen 8] OU
|rated|
|clearpoke
|poke|p1|Mandibuzz, F|
|poke|p1|Pheromosa|
|poke|p1|Tapu Fini|
|poke|p1|Kyurem-Black|
|poke|p1|Landorus-Therian, M|
|poke|p1|Spectrier|
|poke|p2|Jirachi|
|poke|p2|Zygarde|
|poke|p2|Spectrier|
|poke|p2|Mandibuzz, F|
|poke|p2|Clefable, F|
|poke|p2|Buzzwole|
|rule|Sleep Clause Mod: Limit one foe put to sleep
|rule|Species Clause: Limit one of each Pokémon
|rule|OHKO Clause: OHKO moves are banned
|rule|Evasion Moves Clause: Evasion moves are banned
|rule|Endless Battle Clause: Forcing endless battles is banned
|rule|HP Percentage Mod: HP is shown in percentages
|rule|Dynamax Clause: You cannot dynamax
|teampreview
|j| 3Fraken
|
|t:|1605149053
|start
|switch|p1a: Spectrier|Spectrier|100/100
|switch|p2a: Clefable|Clefable, F|100/100
|turn|1
|
|t:|1605149063
|move|p1a: Spectrier|Shadow Ball|p2a: Clefable
|-damage|p2a: Clefable|56/100
|move|p2a: Clefable|Thunder Wave|p1a: Spectrier
|-status|p1a: Spectrier|par
|
|-heal|p2a: Clefable|62/100|[from] item: Leftovers
|upkeep
|turn|2
|
|t:|1605149068
|switch|p1a: Tapu Fini|Tapu Fini|100/100
|-fieldstart|move: Misty Terrain|[from] ability: Misty Surge|[of] p1a: Tapu Fini
|switch|p2a: Mandibuzz|Mandibuzz, F|100/100
|
|upkeep
|turn|3
|
|t:|1605149075
|switch|p2a: Jirachi|Jirachi|100/100
|move|p1a: Tapu Fini|Nature's Madness|p2a: Jirachi
|-damage|p2a: Jirachi|50/100
|
|-heal|p2a: Jirachi|57/100|[from] item: Leftovers
|upkeep
|turn|4
|inactive|Battle timer is ON: inactive players will automatically lose when time's up. (requested by Shootingwolf)
|
|t:|1605149088
|switch|p1a: Landorus|Landorus-Therian, M|100/100
|-ability|p1a: Landorus|Intimidate|boost
|-unboost|p2a: Jirachi|atk|1
|move|p2a: Jirachi|Substitute|p2a: Jirachi
|-start|p2a: Jirachi|Substitute
|-damage|p2a: Jirachi|32/100
|
|-heal|p2a: Jirachi|38/100|[from] item: Leftovers
|upkeep
|turn|5
|
|t:|1605149092
|move|p2a: Jirachi|Iron Head|p1a: Landorus
|-damage|p1a: Landorus|86/100
|-damage|p2a: Jirachi|21/100|[from] item: Rocky Helmet|[of] p1a: Landorus
|cant|p1a: Landorus|flinch
|
|-heal|p2a: Jirachi|27/100|[from] item: Leftovers
|upkeep
|turn|6
|j| adfhadfhaf
|
|t:|1605149098
|move|p2a: Jirachi|Toxic|p1a: Landorus
|-status|p1a: Landorus|tox
|move|p1a: Landorus|Stealth Rock|p2a: Jirachi
|-sidestart|p2: James155|move: Stealth Rock
|
|-heal|p2a: Jirachi|34/100|[from] item: Leftovers
|-damage|p1a: Landorus|80/100 tox|[from] psn
|-fieldend|Misty Terrain
|upkeep
|turn|7
|j| Blaziken951
|
|t:|1605149110
|switch|p2a: Buzzwole|Buzzwole|100/100
|-damage|p2a: Buzzwole|88/100|[from] Stealth Rock
|switch|p1a: Tapu Fini|Tapu Fini|100/100
|-fieldstart|move: Misty Terrain|[from] ability: Misty Surge|[of] p1a: Tapu Fini
|
|upkeep
|turn|8
|
|t:|1605149128
|switch|p2a: Clefable|Clefable, F|62/100
|move|p1a: Tapu Fini|Taunt|p2a: Clefable
|-start|p2a: Clefable|move: Taunt
|
|-heal|p2a: Clefable|68/100|[from] item: Leftovers
|upkeep
|turn|9
|
|t:|1605149133
|move|p1a: Tapu Fini|Nature's Madness|p2a: Clefable
|-damage|p2a: Clefable|34/100
|move|p2a: Clefable|Moonblast|p1a: Tapu Fini
|-damage|p1a: Tapu Fini|76/100
|-unboost|p1a: Tapu Fini|spa|1
|
|-heal|p1a: Tapu Fini|82/100|[from] item: Leftovers
|-heal|p2a: Clefable|40/100|[from] item: Leftovers
|upkeep
|turn|10
|
|t:|1605149139
|switch|p2a: Mandibuzz|Mandibuzz, F|100/100
|move|p1a: Tapu Fini|Nature's Madness|p2a: Mandibuzz
|-damage|p2a: Mandibuzz|51/100
|
|-heal|p1a: Tapu Fini|88/100|[from] item: Leftovers
|upkeep
|turn|11
|c|☆James155|This set is aids
|
|t:|1605149164
|switch|p2a: Zygarde|Zygarde|100/100
|-damage|p2a: Zygarde|94/100|[from] Stealth Rock
|-ability|p2a: Zygarde|Aura Break
|move|p1a: Tapu Fini|Taunt|p2a: Zygarde
|-start|p2a: Zygarde|move: Taunt
|
|-heal|p2a: Zygarde|100/100|[from] item: Leftovers
|-heal|p1a: Tapu Fini|94/100|[from] item: Leftovers
|-fieldend|Misty Terrain
|upkeep
|turn|12
|
|t:|1605149172
|switch|p1a: Landorus|Landorus-Therian, M|80/100 tox
|-ability|p1a: Landorus|Intimidate|boost
|-unboost|p2a: Zygarde|atk|1
|move|p2a: Zygarde|Thousand Arrows|p1a: Landorus
|-damage|p1a: Landorus|63/100 tox
|-start|p1a: Landorus|Smack Down
|
|-damage|p1a: Landorus|57/100 tox|[from] psn
|upkeep
|turn|13
|
|t:|1605149175
|move|p2a: Zygarde|Thousand Arrows|p1a: Landorus
|-crit|p1a: Landorus
|-damage|p1a: Landorus|18/100 tox
|move|p1a: Landorus|U-turn|p2a: Zygarde
|-damage|p2a: Zygarde|85/100
|
|t:|1605149181
|switch|p1a: Kyurem|Kyurem-Black|100/100|[from]move: U-turn
|-ability|p1a: Kyurem|Teravolt
|
|-heal|p2a: Zygarde|91/100|[from] item: Leftovers
|-end|p2a: Zygarde|move: Taunt
|upkeep
|turn|14
|
|t:|1605149187
|switch|p2a: Buzzwole|Buzzwole|88/100
|-damage|p2a: Buzzwole|76/100|[from] Stealth Rock
|move|p1a: Kyurem|Icicle Spear|p2a: Buzzwole
|-damage|p2a: Buzzwole|66/100
|-crit|p2a: Buzzwole
|-damage|p2a: Buzzwole|51/100
|-hitcount|p2a: Buzzwole|2
|-damage|p1a: Kyurem|91/100|[from] item: Life Orb
|
|upkeep
|turn|15
|
|t:|1605149197
|switch|p1a: Landorus|Landorus-Therian, M|18/100 tox
|-ability|p1a: Landorus|Intimidate|boost
|-unboost|p2a: Buzzwole|atk|1
|move|p2a: Buzzwole|Roost|p2a: Buzzwole
|-heal|p2a: Buzzwole|100/100
|-singleturn|p2a: Buzzwole|move: Roost
|
|-damage|p1a: Landorus|12/100 tox|[from] psn
|upkeep
|turn|16
|
|t:|1605149206
|move|p1a: Landorus|Toxic|p2a: Buzzwole
|-status|p2a: Buzzwole|tox
|move|p2a: Buzzwole|Ice Punch|p1a: Landorus
|-supereffective|p1a: Landorus
|-damage|p1a: Landorus|0 fnt
|-damage|p2a: Buzzwole|84/100 tox|[from] item: Rocky Helmet|[of] p1a: Landorus
|faint|p1a: Landorus
|-ability|p2a: Buzzwole|Beast Boost|boost
|-boost|p2a: Buzzwole|def|1
|
|-damage|p2a: Buzzwole|78/100 tox|[from] psn
|upkeep
|
|t:|1605149215
|switch|p1a: Tapu Fini|Tapu Fini|94/100
|-fieldstart|move: Misty Terrain|[from] ability: Misty Surge|[of] p1a: Tapu Fini
|turn|17
|
|t:|1605149234
|switch|p2a: Zygarde|Zygarde|91/100
|-damage|p2a: Zygarde|85/100|[from] Stealth Rock
|-ability|p2a: Zygarde|Aura Break
|move|p1a: Tapu Fini|Surf|p2a: Zygarde
|-damage|p2a: Zygarde|62/100
|
|-heal|p2a: Zygarde|68/100|[from] item: Leftovers
|-heal|p1a: Tapu Fini|99/100|[from] item: Leftovers
|upkeep
|turn|18
|
|t:|1605149240
|move|p2a: Zygarde|Thousand Arrows|p1a: Tapu Fini
|-damage|p1a: Tapu Fini|74/100
|move|p1a: Tapu Fini|Moonblast|p2a: Zygarde
|-supereffective|p2a: Zygarde
|-damage|p2a: Zygarde|11/100
|
|-heal|p2a: Zygarde|17/100|[from] item: Leftovers
|-heal|p1a: Tapu Fini|80/100|[from] item: Leftovers
|upkeep
|turn|19
|
|t:|1605149247
|move|p2a: Zygarde|Thousand Arrows|p1a: Tapu Fini
|-damage|p1a: Tapu Fini|54/100
|move|p1a: Tapu Fini|Moonblast|p2a: Zygarde
|-supereffective|p2a: Zygarde
|-damage|p2a: Zygarde|0 fnt
|faint|p2a: Zygarde
|
|-heal|p1a: Tapu Fini|60/100|[from] item: Leftovers
|upkeep
|
|t:|1605149255
|switch|p2a: Jirachi|Jirachi|34/100
|-damage|p2a: Jirachi|27/100|[from] Stealth Rock
|turn|20
|
|t:|1605149267
|switch|p1a: Mandibuzz|Mandibuzz, F|100/100
|move|p2a: Jirachi|Iron Head|p1a: Mandibuzz
|-damage|p1a: Mandibuzz|81/100
|
|-heal|p2a: Jirachi|34/100|[from] item: Leftovers
|upkeep
|turn|21
|
|t:|1605149290
|switch|p1a: Spectrier|Spectrier|100/100 par
|move|p2a: Jirachi|Iron Head|p1a: Spectrier
|-damage|p1a: Spectrier|61/100 par
|
|-heal|p2a: Jirachi|40/100|[from] item: Leftovers
|-fieldend|Misty Terrain
|upkeep
|turn|22
|
|t:|1605149296
|move|p2a: Jirachi|Iron Head|p1a: Spectrier
|-damage|p1a: Spectrier|18/100 par
|cant|p1a: Spectrier|flinch
|
|-heal|p2a: Jirachi|46/100|[from] item: Leftovers
|upkeep
|turn|23
|
|t:|1605149300
|move|p2a: Jirachi|Iron Head|p1a: Spectrier
|-damage|p1a: Spectrier|0 fnt
|faint|p1a: Spectrier
|
|-heal|p2a: Jirachi|52/100|[from] item: Leftovers
|upkeep
|
|t:|1605149304
|switch|p1a: Pheromosa|Pheromosa|100/100
|turn|24
|
|t:|1605149313
|switch|p2a: Mandibuzz|Mandibuzz, F|51/100
|move|p1a: Pheromosa|U-turn|p2a: Mandibuzz
|-damage|p2a: Mandibuzz|21/100
|
|t:|1605149319
|switch|p1a: Kyurem|Kyurem-Black|91/100|[from]move: U-turn
|-ability|p1a: Kyurem|Teravolt
|
|upkeep
|turn|25
|
|t:|1605149323
|move|p1a: Kyurem|Icicle Spear|p2a: Mandibuzz
|-supereffective|p2a: Mandibuzz
|-damage|p2a: Mandibuzz|0 fnt
|-hitcount|p2a: Mandibuzz|1
|-damage|p1a: Kyurem|81/100|[from] item: Life Orb
|faint|p2a: Mandibuzz
|
|upkeep
|
|t:|1605149327
|switch|p2a: Jirachi|Jirachi|52/100
|-damage|p2a: Jirachi|46/100|[from] Stealth Rock
|turn|26
|
|t:|1605149334
|switch|p1a: Mandibuzz|Mandibuzz, F|81/100
|move|p2a: Jirachi|Iron Head|p1a: Mandibuzz
|-damage|p1a: Mandibuzz|61/100
|
|-heal|p2a: Jirachi|52/100|[from] item: Leftovers
|upkeep
|turn|27
|
|t:|1605149342
|switch|p2a: Clefable|Clefable, F|40/100
|move|p1a: Mandibuzz|Roost|p1a: Mandibuzz
|-heal|p1a: Mandibuzz|100/100
|-singleturn|p1a: Mandibuzz|move: Roost
|
|-heal|p2a: Clefable|46/100|[from] item: Leftovers
|upkeep
|turn|28
|
|t:|1605149350
|switch|p1a: Tapu Fini|Tapu Fini|60/100
|-fieldstart|move: Misty Terrain|[from] ability: Misty Surge|[of] p1a: Tapu Fini
|move|p2a: Clefable|Soft-Boiled|p2a: Clefable
|-heal|p2a: Clefable|96/100
|
|-heal|p1a: Tapu Fini|66/100|[from] item: Leftovers
|-heal|p2a: Clefable|100/100|[from] item: Leftovers
|upkeep
|turn|29
|
|t:|1605149356
|switch|p2a: Spectrier|Spectrier|100/100
|-damage|p2a: Spectrier|88/100|[from] Stealth Rock
|move|p1a: Tapu Fini|Nature's Madness|p2a: Spectrier
|-damage|p2a: Spectrier|44/100
|
|-heal|p2a: Spectrier|51/100|[from] item: Leftovers
|-heal|p1a: Tapu Fini|72/100|[from] item: Leftovers
|upkeep
|turn|30
|
|t:|1605149365
|move|p2a: Spectrier|Nasty Plot|p2a: Spectrier
|-boost|p2a: Spectrier|spa|2
|move|p1a: Tapu Fini|Moonblast|p2a: Spectrier
|-damage|p2a: Spectrier|11/100
|-unboost|p2a: Spectrier|spa|1
|
|-heal|p2a: Spectrier|17/100|[from] item: Leftovers
|-heal|p1a: Tapu Fini|78/100|[from] item: Leftovers
|upkeep
|turn|31
|
|t:|1605149374
|switch|p1a: Mandibuzz|Mandibuzz, F|100/100
|move|p2a: Spectrier|Hex|p1a: Mandibuzz
|-resisted|p1a: Mandibuzz
|-damage|p1a: Mandibuzz|85/100
|
|-heal|p2a: Spectrier|23/100|[from] item: Leftovers
|upkeep
|turn|32
|
|t:|1605149379
|move|p2a: Spectrier|Will-O-Wisp|p1a: Mandibuzz
|-status|p1a: Mandibuzz|brn
|move|p1a: Mandibuzz|Foul Play|p2a: Spectrier
|-supereffective|p2a: Spectrier
|-damage|p2a: Spectrier|0 fnt
|faint|p2a: Spectrier
|
|-damage|p1a: Mandibuzz|79/100 brn|[from] brn
|-fieldend|Misty Terrain
|upkeep
|
|t:|1605149386
|switch|p2a: Jirachi|Jirachi|52/100
|-damage|p2a: Jirachi|46/100|[from] Stealth Rock
|turn|33
|
|t:|1605149393
|move|p2a: Jirachi|Substitute|p2a: Jirachi
|-start|p2a: Jirachi|Substitute
|-damage|p2a: Jirachi|21/100
|move|p1a: Mandibuzz|Foul Play|p2a: Jirachi
|-supereffective|p2a: Jirachi
|-end|p2a: Jirachi|Substitute
|
|-heal|p2a: Jirachi|27/100|[from] item: Leftovers
|-damage|p1a: Mandibuzz|73/100 brn|[from] brn
|upkeep
|turn|34
|
|t:|1605149400
|move|p2a: Jirachi|Iron Head|p1a: Mandibuzz
|-damage|p1a: Mandibuzz|52/100 brn
|cant|p1a: Mandibuzz|flinch
|
|-heal|p2a: Jirachi|33/100|[from] item: Leftovers
|-damage|p1a: Mandibuzz|46/100 brn|[from] brn
|upkeep
|turn|35
|
|t:|1605149409
|move|p2a: Jirachi|Iron Head|p1a: Mandibuzz
|-damage|p1a: Mandibuzz|24/100 brn
|move|p1a: Mandibuzz|Foul Play|p2a: Jirachi
|-supereffective|p2a: Jirachi
|-damage|p2a: Jirachi|7/100
|
|-heal|p2a: Jirachi|14/100|[from] item: Leftovers
|-damage|p1a: Mandibuzz|18/100 brn|[from] brn
|upkeep
|turn|36
|
|t:|1605149417
|move|p2a: Jirachi|Iron Head|p1a: Mandibuzz
|-damage|p1a: Mandibuzz|0 fnt
|faint|p1a: Mandibuzz
|
|-heal|p2a: Jirachi|20/100|[from] item: Leftovers
|upkeep
|
|t:|1605149421
|switch|p1a: Pheromosa|Pheromosa|100/100
|turn|37
|
|t:|1605149426
|switch|p2a: Clefable|Clefable, F|100/100
|move|p1a: Pheromosa|U-turn|p2a: Clefable
|-resisted|p2a: Clefable
|-damage|p2a: Clefable|83/100
|
|t:|1605149437
|switch|p1a: Tapu Fini|Tapu Fini|78/100|[from]move: U-turn
|-fieldstart|move: Misty Terrain|[from] ability: Misty Surge|[of] p1a: Tapu Fini
|
|-heal|p1a: Tapu Fini|84/100|[from] item: Leftovers
|-heal|p2a: Clefable|89/100|[from] item: Leftovers
|upkeep
|turn|38
|
|t:|1605149441
|switch|p2a: Buzzwole|Buzzwole|78/100 tox
|-damage|p2a: Buzzwole|65/100 tox|[from] Stealth Rock
|move|p1a: Tapu Fini|Nature's Madness|p2a: Buzzwole
|-damage|p2a: Buzzwole|33/100 tox
|
|-heal|p1a: Tapu Fini|91/100|[from] item: Leftovers
|-damage|p2a: Buzzwole|27/100 tox|[from] psn
|upkeep
|turn|39
|
|t:|1605149449
|move|p1a: Tapu Fini|Surf|p2a: Buzzwole
|-damage|p2a: Buzzwole|0 fnt
|faint|p2a: Buzzwole
|
|-heal|p1a: Tapu Fini|97/100|[from] item: Leftovers
|upkeep
|
|t:|1605149451
|switch|p2a: Jirachi|Jirachi|20/100
|-damage|p2a: Jirachi|14/100|[from] Stealth Rock
|turn|40
|
|t:|1605149457
|move|p2a: Jirachi|Iron Head|p1a: Tapu Fini
|-damage|p1a: Tapu Fini|77/100
|cant|p1a: Tapu Fini|flinch
|
|-heal|p2a: Jirachi|20/100|[from] item: Leftovers
|-heal|p1a: Tapu Fini|83/100|[from] item: Leftovers
|upkeep
|turn|41
|
|t:|1605149465
|move|p2a: Jirachi|Iron Head|p1a: Tapu Fini
|-damage|p1a: Tapu Fini|63/100
|cant|p1a: Tapu Fini|flinch
|
|-heal|p2a: Jirachi|26/100|[from] item: Leftovers
|-heal|p1a: Tapu Fini|69/100|[from] item: Leftovers
|-fieldend|Misty Terrain
|upkeep
|turn|42
|
|t:|1605149474
|move|p2a: Jirachi|Iron Head|p1a: Tapu Fini
|-damage|p1a: Tapu Fini|49/100
|move|p1a: Tapu Fini|Surf|p2a: Jirachi
|-damage|p2a: Jirachi|0 fnt
|faint|p2a: Jirachi
|
|-heal|p1a: Tapu Fini|55/100|[from] item: Leftovers
|upkeep
|
|t:|1605149479
|switch|p2a: Clefable|Clefable, F|89/100
|turn|43
|
|t:|1605149486
|move|p1a: Tapu Fini|Taunt|p2a: Clefable
|-start|p2a: Clefable|move: Taunt
|cant|p2a: Clefable|move: Taunt|Thunder Wave
|
|-heal|p1a: Tapu Fini|61/100|[from] item: Leftovers
|-heal|p2a: Clefable|95/100|[from] item: Leftovers
|upkeep
|turn|44
|
|t:|1605149489
|move|p1a: Tapu Fini|Nature's Madness|p2a: Clefable
|-damage|p2a: Clefable|48/100
|move|p2a: Clefable|Moonblast|p1a: Tapu Fini
|-damage|p1a: Tapu Fini|38/100
|-unboost|p1a: Tapu Fini|spa|1
|
|-heal|p1a: Tapu Fini|45/100|[from] item: Leftovers
|-heal|p2a: Clefable|54/100|[from] item: Leftovers
|upkeep
|turn|45
|
|t:|1605149493
|move|p1a: Tapu Fini|Surf|p2a: Clefable
|-damage|p2a: Clefable|35/100
|move|p2a: Clefable|Moonblast|p1a: Tapu Fini
|-damage|p1a: Tapu Fini|21/100
|-unboost|p1a: Tapu Fini|spa|1
|
|-heal|p1a: Tapu Fini|28/100|[from] item: Leftovers
|-heal|p2a: Clefable|41/100|[from] item: Leftovers
|-end|p2a: Clefable|move: Taunt
|upkeep
|turn|46
|
|t:|1605149498
|move|p1a: Tapu Fini|Taunt|p2a: Clefable
|-start|p2a: Clefable|move: Taunt
|move|p2a: Clefable|Moonblast|p1a: Tapu Fini
|-damage|p1a: Tapu Fini|5/100
|-unboost|p1a: Tapu Fini|spa|1
|
|-heal|p1a: Tapu Fini|11/100|[from] item: Leftovers
|-heal|p2a: Clefable|47/100|[from] item: Leftovers
|upkeep
|turn|47
|
|t:|1605149500
|move|p1a: Tapu Fini|Nature's Madness|p2a: Clefable
|-damage|p2a: Clefable|24/100
|move|p2a: Clefable|Moonblast|p1a: Tapu Fini
|-damage|p1a: Tapu Fini|0 fnt
|faint|p1a: Tapu Fini
|
|-heal|p2a: Clefable|30/100|[from] item: Leftovers
|upkeep
|
|t:|1605149504
|switch|p1a: Kyurem|Kyurem-Black|81/100
|-ability|p1a: Kyurem|Teravolt
|turn|48
|
|t:|1605149507
|move|p1a: Kyurem|Icicle Spear|p2a: Clefable
|-damage|p2a: Clefable|15/100
|-damage|p2a: Clefable|0 fnt
|-hitcount|p2a: Clefable|2
|-damage|p1a: Kyurem|71/100|[from] item: Life Orb
|faint|p2a: Clefable
|
|win|Shootingwolf
|l| Blaziken951
|c|☆Shootingwolf|呕
|l|☆James155
|raw|Shootingwolf's rating: 1736 &rarr; <strong>1757</strong><br />(+21 for winning)
|raw|James155's rating: 1755 &rarr; <strong>1734</strong><br />(-21 for losing)
