|raw|<div class="broadcast-blue"><strong>This battle is required to be public due to a player having a name starting with 'btlt200'.</div>
|j|☆BTLT200$ SF'
|j|☆Quartos
|t:|1668171637
|gametype|singles
|player|p1|BTLT200$ SF'|palmer|
|player|p2|Quartos|#wcop2022france|
|teamsize|p1|6
|teamsize|p2|6
|gen|8
|tier|[Gen 8] OU
|rule|Sleep Clause Mod: Limit one foe put to sleep
|rule|Species Clause: Limit one of each Pokémon
|rule|OHKO Clause: OHKO moves are banned
|rule|Evasion Items Clause: Evasion items are banned
|rule|Evasion Moves Clause: Evasion moves are banned
|rule|Endless Battle Clause: Forcing endless battles is banned
|rule|HP Percentage Mod: HP is shown in percentages
|rule|Dynamax Clause: You cannot dynamax
|clearpoke
|poke|p1|Slowbro-Galar, F|
|poke|p1|Copperajah, F|
|poke|p1|Weezing-Galar, F|
|poke|p1|Zarude-Dada|
|poke|p1|Stunfisk-Galar, M|
|poke|p1|Arctovish|
|poke|p2|Mr. Mime-Galar, M|
|poke|p2|Arctovish|
|poke|p2|Copperajah, M|
|poke|p2|Runerigus, F|
|poke|p2|Weezing-Galar, M|
|poke|p2|Slowbro-Galar, M|
|teampreview
|inactive|Battle timer is ON: inactive players will automatically lose when time's up. (requested by BTLT200$ SF')
|c|☆Quartos|hf
|
|t:|1668171647
|start
|switch|p1a: Stunfisk|Stunfisk-Galar, M|100/100
|switch|p2a: Arctovish|Arctovish|100/100
|turn|1
|
|t:|1668171651
|switch|p1a: Slowbro|Slowbro-Galar, F|100/100
|move|p2a: Arctovish|Rock Blast|p1a: Slowbro
|-damage|p1a: Slowbro|93/100
|-damage|p1a: Slowbro|86/100
|-hitcount|p1a: Slowbro|2
|
|upkeep
|turn|2
|
|t:|1668171656
|switch|p2a: Runerigus|Runerigus, F|100/100
|move|p1a: Slowbro|Sludge Bomb|p2a: Runerigus
|-resisted|p2a: Runerigus
|-damage|p2a: Runerigus|93/100
|-enditem|p2a: Runerigus|Eject Button
|
|t:|1668171659
|switch|p2a: Arctovish|Arctovish|100/100
|
|upkeep
|turn|3
|
|t:|1668171663
|move|p2a: Arctovish|Fishious Rend|p1a: Slowbro
|-damage|p1a: Slowbro|11/100
|-damage|p2a: Arctovish|84/100|[from] item: Rocky Helmet|[of] p1a: Slowbro
|move|p1a: Slowbro|Slack Off|p1a: Slowbro
|-heal|p1a: Slowbro|61/100
|
|upkeep
|turn|4
|
|t:|1668171672
|switch|p2a: Mr. Mime|Mr. Mime-Galar, M|100/100
|switch|p1a: Arctovish|Arctovish|100/100
|
|upkeep
|turn|5
|
|t:|1668171678
|switch|p1a: Stunfisk|Stunfisk-Galar, M|100/100
|move|p2a: Mr. Mime|Hail|p2a: Mr. Mime
|-weather|Hail
|
|-weather|Hail|[upkeep]
|-damage|p1a: Stunfisk|94/100|[from] Hail
|-heal|p1a: Stunfisk|100/100|[from] item: Leftovers
|upkeep
|turn|6
|
|t:|1668171686
|switch|p2a: Runerigus|Runerigus, F|93/100
|move|p1a: Stunfisk|Stealth Rock|p2a: Runerigus
|-sidestart|p2: Quartos|move: Stealth Rock
|
|-weather|Hail|[upkeep]
|-damage|p2a: Runerigus|87/100|[from] Hail
|-damage|p1a: Stunfisk|94/100|[from] Hail
|-heal|p1a: Stunfisk|100/100|[from] item: Leftovers
|upkeep
|turn|7
|
|t:|1668171695
|switch|p1a: Zarude|Zarude-Dada|100/100
|move|p2a: Runerigus|Stealth Rock|p1a: Zarude
|-sidestart|p1: BTLT200$ SF'|move: Stealth Rock
|
|-weather|Hail|[upkeep]
|-damage|p1a: Zarude|95/100|[from] Hail
|-damage|p2a: Runerigus|80/100|[from] Hail
|upkeep
|turn|8
|
|t:|1668171708
|switch|p2a: Weezing|Weezing-Galar, M|100/100
|-ability|p2a: Weezing|Neutralizing Gas
|-damage|p2a: Weezing|88/100|[from] Stealth Rock
|move|p1a: Zarude|Power Whip|p2a: Weezing
|-resisted|p2a: Weezing
|-damage|p2a: Weezing|68/100
|-damage|p1a: Zarude|78/100|[from] item: Rocky Helmet|[of] p2a: Weezing
|
|-weather|Hail|[upkeep]
|-damage|p1a: Zarude|72/100|[from] Hail
|-damage|p2a: Weezing|62/100|[from] Hail
|upkeep
|turn|9
|
|t:|1668171716
|switch|p1a: Slowbro|Slowbro-Galar, F|94/100
|-damage|p1a: Slowbro|81/100|[from] Stealth Rock
|move|p2a: Weezing|Defog|p1a: Slowbro
|-unboost|p1a: Slowbro|evasion|1
|-sideend|p1: BTLT200$ SF'|Stealth Rock|[from] move: Defog|[of] p2a: Weezing
|-sideend|p2: Quartos|Stealth Rock|[from] move: Defog|[of] p2a: Weezing
|
|-weather|Hail|[upkeep]
|-damage|p2a: Weezing|56/100|[from] Hail
|-damage|p1a: Slowbro|75/100|[from] Hail
|upkeep
|turn|10
|
|t:|1668171725
|-end|p2a: Weezing|ability: Neutralizing Gas
|switch|p2a: Runerigus|Runerigus, F|80/100
|move|p1a: Slowbro|Sludge Bomb|p2a: Runerigus
|-resisted|p2a: Runerigus
|-damage|p2a: Runerigus|73/100
|
|-weather|Hail|[upkeep]
|-damage|p2a: Runerigus|66/100|[from] Hail
|-damage|p1a: Slowbro|69/100|[from] Hail
|upkeep
|turn|11
|
|t:|1668171733
|move|p2a: Runerigus|Stealth Rock|p1a: Slowbro
|-sidestart|p1: BTLT200$ SF'|move: Stealth Rock
|move|p1a: Slowbro|Scald|p2a: Runerigus
|-supereffective|p2a: Runerigus
|-damage|p2a: Runerigus|31/100
|-status|p2a: Runerigus|brn
|
|-weather|Hail|[upkeep]
|-damage|p2a: Runerigus|25/100 brn|[from] Hail
|-damage|p1a: Slowbro|63/100|[from] Hail
|-damage|p2a: Runerigus|19/100 brn|[from] brn
|upkeep
|turn|12
|
|t:|1668171741
|switch|p2a: Mr. Mime|Mr. Mime-Galar, M|100/100
|move|p1a: Slowbro|Slack Off|p1a: Slowbro
|-heal|p1a: Slowbro|100/100
|
|-weather|none
|upkeep
|turn|13
|
|t:|1668171745
|move|p2a: Mr. Mime|Hail|p2a: Mr. Mime
|-weather|Hail
|move|p1a: Slowbro|Calm Mind|p1a: Slowbro
|-boost|p1a: Slowbro|spa|1
|-boost|p1a: Slowbro|spd|1
|
|-weather|Hail|[upkeep]
|-damage|p1a: Slowbro|94/100|[from] Hail
|upkeep
|turn|14
|
|t:|1668171749
|move|p2a: Mr. Mime|Encore|p1a: Slowbro
|-start|p1a: Slowbro|Encore
|move|p1a: Slowbro|Calm Mind|p1a: Slowbro
|-boost|p1a: Slowbro|spa|1
|-boost|p1a: Slowbro|spd|1
|
|-weather|Hail|[upkeep]
|-damage|p1a: Slowbro|88/100|[from] Hail
|upkeep
|turn|15
|
|t:|1668171759
|switch|p2a: Arctovish|Arctovish|84/100
|switch|p1a: Arctovish|Arctovish|100/100
|
|-weather|Hail|[upkeep]
|upkeep
|turn|16
|
|t:|1668171765
|switch|p1a: Slowbro|Slowbro-Galar, F|100/100
|-damage|p1a: Slowbro|88/100|[from] Stealth Rock
|move|p2a: Arctovish|Icicle Crash|p1a: Slowbro
|-damage|p1a: Slowbro|52/100
|
|-weather|Hail|[upkeep]
|-damage|p1a: Slowbro|46/100|[from] Hail
|upkeep
|turn|17
|
|t:|1668171775
|switch|p2a: Copperajah|Copperajah, M|100/100
|move|p1a: Slowbro|Slack Off|p1a: Slowbro
|-heal|p1a: Slowbro|96/100
|
|-weather|Hail|[upkeep]
|-damage|p2a: Copperajah|94/100|[from] Hail
|-damage|p1a: Slowbro|90/100|[from] Hail
|upkeep
|turn|18
|
|t:|1668171777
|move|p2a: Copperajah|Earthquake|p1a: Slowbro
|-supereffective|p1a: Slowbro
|-damage|p1a: Slowbro|42/100
|move|p1a: Slowbro|Slack Off|p1a: Slowbro
|-heal|p1a: Slowbro|92/100
|
|-weather|Hail|[upkeep]
|-damage|p2a: Copperajah|88/100|[from] Hail
|-damage|p1a: Slowbro|86/100|[from] Hail
|upkeep
|turn|19
|
|t:|1668171785
|move|p2a: Copperajah|Earthquake|p1a: Slowbro
|-supereffective|p1a: Slowbro
|-damage|p1a: Slowbro|35/100
|move|p1a: Slowbro|Scald|p2a: Copperajah
|-damage|p2a: Copperajah|75/100
|
|-weather|Hail|[upkeep]
|-damage|p2a: Copperajah|69/100|[from] Hail
|-damage|p1a: Slowbro|28/100|[from] Hail
|upkeep
|turn|20
|
|t:|1668171790
|switch|p1a: Weezing|Weezing-Galar, F|100/100
|-damage|p1a: Weezing|88/100|[from] Stealth Rock
|move|p2a: Copperajah|Heavy Slam|p1a: Weezing
|-supereffective|p1a: Weezing
|-damage|p1a: Weezing|0 fnt
|-damage|p2a: Copperajah|52/100|[from] item: Rocky Helmet|[of] p1a: Weezing
|faint|p1a: Weezing
|
|-weather|none
|upkeep
|
|t:|1668171798
|switch|p1a: Arctovish|Arctovish|100/100
|turn|21
|
|t:|1668171809
|switch|p2a: Runerigus|Runerigus, F|19/100 brn
|move|p1a: Arctovish|Substitute|p1a: Arctovish
|-start|p1a: Arctovish|Substitute
|-damage|p1a: Arctovish|76/100
|
|-damage|p2a: Runerigus|13/100 brn|[from] brn
|upkeep
|turn|22
|
|t:|1668171816
|move|p1a: Arctovish|Freeze-Dry|p2a: Runerigus
|-supereffective|p2a: Runerigus
|-damage|p2a: Runerigus|0 fnt
|faint|p2a: Runerigus
|
|upkeep
|
|t:|1668171821
|switch|p2a: Mr. Mime|Mr. Mime-Galar, M|100/100
|turn|23
|
|t:|1668171824
|move|p2a: Mr. Mime|Encore|p1a: Arctovish
|-start|p1a: Arctovish|Encore
|move|p1a: Arctovish|Freeze-Dry|p2a: Mr. Mime
|-resisted|p2a: Mr. Mime
|-damage|p2a: Mr. Mime|89/100
|
|upkeep
|turn|24
|
|t:|1668171826
|move|p2a: Mr. Mime|Hail|p2a: Mr. Mime
|-weather|Hail
|move|p1a: Arctovish|Freeze-Dry|p2a: Mr. Mime
|-resisted|p2a: Mr. Mime
|-damage|p2a: Mr. Mime|77/100
|
|-weather|Hail|[upkeep]
|upkeep
|turn|25
|
|t:|1668171832
|move|p2a: Mr. Mime|Blizzard|p1a: Arctovish
|-resisted|p1a: Arctovish
|-activate|p1a: Arctovish|move: Substitute|[damage]
|move|p1a: Arctovish|Freeze-Dry|p2a: Mr. Mime
|-resisted|p2a: Mr. Mime
|-damage|p2a: Mr. Mime|67/100
|
|-weather|Hail|[upkeep]
|-end|p1a: Arctovish|Encore
|upkeep
|turn|26
|
|t:|1668171837
|move|p2a: Mr. Mime|Encore|p1a: Arctovish
|-start|p1a: Arctovish|Encore
|move|p1a: Arctovish|Freeze-Dry|p2a: Mr. Mime
|-resisted|p2a: Mr. Mime
|-damage|p2a: Mr. Mime|57/100
|
|-weather|Hail|[upkeep]
|upkeep
|turn|27
|
|t:|1668171839
|switch|p2a: Slowbro|Slowbro-Galar, M|100/100
|move|p1a: Arctovish|Freeze-Dry|p2a: Slowbro
|-damage|p2a: Slowbro|86/100
|
|-weather|Hail|[upkeep]
|-damage|p2a: Slowbro|80/100|[from] Hail
|-heal|p2a: Slowbro|86/100|[from] item: Leftovers
|upkeep
|turn|28
|
|t:|1668171843
|move|p1a: Arctovish|Freeze-Dry|p2a: Slowbro
|-damage|p2a: Slowbro|73/100
|-status|p2a: Slowbro|frz
|cant|p2a: Slowbro|frz
|
|-weather|Hail|[upkeep]
|-damage|p2a: Slowbro|66/100 frz|[from] Hail
|-heal|p2a: Slowbro|73/100 frz|[from] item: Leftovers
|-end|p1a: Arctovish|Encore
|upkeep
|turn|29
|
|t:|1668171851
|move|p1a: Arctovish|Fishious Rend|p2a: Slowbro
|-crit|p2a: Slowbro
|-damage|p2a: Slowbro|0 fnt
|faint|p2a: Slowbro
|
|-weather|Hail|[upkeep]
|upkeep
|
|t:|1668171854
|switch|p2a: Arctovish|Arctovish|84/100
|turn|30
|
|t:|1668171860
|switch|p1a: Stunfisk|Stunfisk-Galar, M|100/100
|-damage|p1a: Stunfisk|97/100|[from] Stealth Rock
|move|p2a: Arctovish|Rock Blast|p1a: Stunfisk
|-resisted|p1a: Stunfisk
|-damage|p1a: Stunfisk|95/100
|-resisted|p1a: Stunfisk
|-damage|p1a: Stunfisk|93/100
|-resisted|p1a: Stunfisk
|-damage|p1a: Stunfisk|90/100
|-resisted|p1a: Stunfisk
|-damage|p1a: Stunfisk|88/100
|-hitcount|p1a: Stunfisk|4
|
|-weather|Hail|[upkeep]
|-damage|p1a: Stunfisk|82/100|[from] Hail
|-heal|p1a: Stunfisk|88/100|[from] item: Leftovers
|upkeep
|turn|31
|
|t:|1668171864
|switch|p2a: Copperajah|Copperajah, M|52/100
|move|p1a: Stunfisk|Thunder Wave|p2a: Copperajah
|-status|p2a: Copperajah|par
|
|-weather|none
|-heal|p1a: Stunfisk|94/100|[from] item: Leftovers
|upkeep
|turn|32
|
|t:|1668171868
|switch|p2a: Arctovish|Arctovish|84/100
|move|p1a: Stunfisk|Earthquake|p2a: Arctovish
|-damage|p2a: Arctovish|53/100
|
|-heal|p1a: Stunfisk|100/100|[from] item: Leftovers
|upkeep
|turn|33
|
|t:|1668171887
|switch|p1a: Zarude|Zarude-Dada|72/100
|move|p2a: Arctovish|Fishious Rend|p1a: Zarude
|-resisted|p1a: Zarude
|-damage|p1a: Zarude|18/100
|
|upkeep
|turn|34
|
|t:|1668171895
|switch|p2a: Weezing|Weezing-Galar, M|56/100
|-ability|p2a: Weezing|Neutralizing Gas
|move|p1a: Zarude|Jungle Healing|p1a: Zarude
|-heal|p1a: Zarude|44/100
|
|upkeep
|turn|35
|
|t:|1668171903
|switch|p1a: Slowbro|Slowbro-Galar, F|62/100
|-damage|p1a: Slowbro|49/100|[from] Stealth Rock
|move|p2a: Weezing|Strange Steam|p1a: Slowbro
|-resisted|p1a: Slowbro
|-damage|p1a: Slowbro|34/100
|
|upkeep
|turn|36
|
|t:|1668171907
|-end|p2a: Weezing|ability: Neutralizing Gas
|switch|p2a: Copperajah|Copperajah, M|52/100 par
|move|p1a: Slowbro|Slack Off|p1a: Slowbro
|-heal|p1a: Slowbro|84/100
|
|upkeep
|turn|37
|
|t:|1668171917
|move|p1a: Slowbro|Scald|p2a: Copperajah
|-damage|p2a: Copperajah|40/100 par
|move|p2a: Copperajah|Earthquake|p1a: Slowbro
|-supereffective|p1a: Slowbro
|-damage|p1a: Slowbro|38/100
|
|upkeep
|turn|38
|
|t:|1668171924
|switch|p2a: Mr. Mime|Mr. Mime-Galar, M|57/100
|move|p1a: Slowbro|Slack Off|p1a: Slowbro
|-heal|p1a: Slowbro|88/100
|
|upkeep
|turn|39
|
|t:|1668171934
|switch|p1a: Stunfisk|Stunfisk-Galar, M|100/100
|-damage|p1a: Stunfisk|97/100|[from] Stealth Rock
|move|p2a: Mr. Mime|Hail|p2a: Mr. Mime
|-weather|Hail
|
|-weather|Hail|[upkeep]
|-damage|p1a: Stunfisk|91/100|[from] Hail
|-heal|p1a: Stunfisk|97/100|[from] item: Leftovers
|upkeep
|turn|40
|
|t:|1668171943
|switch|p2a: Arctovish|Arctovish|53/100
|move|p1a: Stunfisk|Earthquake|p2a: Arctovish
|-damage|p2a: Arctovish|22/100
|
|-weather|Hail|[upkeep]
|-damage|p1a: Stunfisk|91/100|[from] Hail
|-heal|p1a: Stunfisk|97/100|[from] item: Leftovers
|upkeep
|turn|41
|
|t:|1668171948
|switch|p1a: Slowbro|Slowbro-Galar, F|100/100
|-damage|p1a: Slowbro|88/100|[from] Stealth Rock
|move|p2a: Arctovish|Fishious Rend|p1a: Slowbro
|-damage|p1a: Slowbro|16/100
|-damage|p2a: Arctovish|6/100|[from] item: Rocky Helmet|[of] p1a: Slowbro
|
|-weather|Hail|[upkeep]
|-damage|p1a: Slowbro|10/100|[from] Hail
|upkeep
|turn|42
|
|t:|1668171955
|switch|p2a: Weezing|Weezing-Galar, M|56/100
|-ability|p2a: Weezing|Neutralizing Gas
|switch|p1a: Arctovish|Arctovish|76/100
|
|-weather|Hail|[upkeep]
|-damage|p2a: Weezing|50/100|[from] Hail
|upkeep
|turn|43
|
|t:|1668171961
|move|p1a: Arctovish|Fishious Rend|p2a: Weezing
|-damage|p2a: Weezing|3/100
|-damage|p1a: Arctovish|59/100|[from] item: Rocky Helmet|[of] p2a: Weezing
|move|p2a: Weezing|Strange Steam|p1a: Arctovish
|-damage|p1a: Arctovish|31/100
|-start|p1a: Arctovish|confusion
|
|-weather|Hail|[upkeep]
|-damage|p2a: Weezing|0 fnt|[from] Hail
|faint|p2a: Weezing
|-end|p2a: Weezing|ability: Neutralizing Gas
|upkeep
|
|t:|1668171964
|switch|p2a: Arctovish|Arctovish|6/100
|turn|44
|
|t:|1668171977
|switch|p1a: Stunfisk|Stunfisk-Galar, M|97/100
|-damage|p1a: Stunfisk|94/100|[from] Stealth Rock
|move|p2a: Arctovish|Icicle Crash|p1a: Stunfisk
|-damage|p1a: Stunfisk|50/100
|
|-weather|Hail|[upkeep]
|-damage|p1a: Stunfisk|44/100|[from] Hail
|-heal|p1a: Stunfisk|50/100|[from] item: Leftovers
|upkeep
|turn|45
|
|t:|1668171985
|switch|p2a: Copperajah|Copperajah, M|40/100 par
|move|p1a: Stunfisk|Earthquake|p2a: Copperajah
|-supereffective|p2a: Copperajah
|-damage|p2a: Copperajah|0 fnt
|faint|p2a: Copperajah
|
|-weather|Hail|[upkeep]
|-damage|p1a: Stunfisk|44/100|[from] Hail
|-heal|p1a: Stunfisk|50/100|[from] item: Leftovers
|upkeep
|
|t:|1668171987
|switch|p2a: Mr. Mime|Mr. Mime-Galar, M|57/100
|turn|46
|
|t:|1668171991
|move|p2a: Mr. Mime|Blizzard|p1a: Stunfisk
|-damage|p1a: Stunfisk|25/100
|move|p1a: Stunfisk|Stealth Rock|p2a: Mr. Mime
|-sidestart|p2: Quartos|move: Stealth Rock
|
|-weather|none
|-heal|p1a: Stunfisk|31/100|[from] item: Leftovers
|upkeep
|turn|47
|
|t:|1668171998
|move|p2a: Mr. Mime|Hail|p2a: Mr. Mime
|-weather|Hail
|move|p1a: Stunfisk|Thunder Wave|p2a: Mr. Mime|[miss]
|-miss|p1a: Stunfisk|p2a: Mr. Mime
|
|-weather|Hail|[upkeep]
|-damage|p1a: Stunfisk|25/100|[from] Hail
|-heal|p1a: Stunfisk|31/100|[from] item: Leftovers
|upkeep
|turn|48
|
|t:|1668172005
|move|p2a: Mr. Mime|Healing Wish|p2a: Mr. Mime
|faint|p2a: Mr. Mime
|move|p1a: Stunfisk|Thunder Wave|p2: Mr. Mime|[notarget]
|-fail|p1a: Stunfisk
|
|-weather|Hail|[upkeep]
|-damage|p1a: Stunfisk|25/100|[from] Hail
|-heal|p1a: Stunfisk|31/100|[from] item: Leftovers
|upkeep
|
|t:|1668172011
|switch|p2a: Arctovish|Arctovish|6/100
|-heal|p2a: Arctovish|100/100|[from] move: Healing Wish
|-damage|p2a: Arctovish|76/100|[from] Stealth Rock
|turn|49
|
|t:|1668172014
|move|p2a: Arctovish|Icicle Crash|p1a: Stunfisk
|-damage|p1a: Stunfisk|0 fnt
|faint|p1a: Stunfisk
|
|-weather|Hail|[upkeep]
|upkeep
|
|t:|1668172022
|switch|p1a: Copperajah|Copperajah, F|100/100
|-damage|p1a: Copperajah|94/100|[from] Stealth Rock
|turn|50
|
|t:|1668172029
|move|p2a: Arctovish|Icicle Crash|p1a: Copperajah
|-resisted|p1a: Copperajah
|-damage|p1a: Copperajah|62/100
|move|p1a: Copperajah|Superpower|p2a: Arctovish
|-supereffective|p2a: Arctovish
|-damage|p2a: Arctovish|0 fnt
|-unboost|p1a: Copperajah|atk|1
|-unboost|p1a: Copperajah|def|1
|faint|p2a: Arctovish
|
|win|BTLT200$ SF'
|l|☆Quartos
|c|☆BTLT200$ SF'|gg
