|j|‽Just nitteajta
|j|☆tanishq1
|t:|1653060247
|gametype|singles
|player|p1|Just nitteajta|265|1635
|player|p2|tanishq1|266|1705
|teamsize|p1|6
|teamsize|p2|6
|gen|8
|tier|[Gen 8] OU
|rated|
|rule|Sleep Clause Mod: Limit one foe put to sleep
|rule|Species Clause: Limit one of each Pokémon
|rule|OHKO Clause: OHKO moves are banned
|rule|Evasion Moves Clause: Evasion moves are banned
|rule|Endless Battle Clause: Forcing endless battles is banned
|rule|HP Percentage Mod: HP is shown in percentages
|rule|Dynamax Clause: You cannot dynamax
|clearpoke
|poke|p1|Toxapex, F|
|poke|p1|Clefable, M|
|poke|p1|Quagsire, M|
|poke|p1|Mandibuzz, F|
|poke|p1|Chansey, F|
|poke|p1|Rotom-Heat|
|poke|p2|Clefable, F|
|poke|p2|Ferrothorn, F|
|poke|p2|Dragonite, F|
|poke|p2|Landorus-Therian, M|
|poke|p2|Volcarona, F|
|poke|p2|Tapu Koko|
|teampreview
|inactive|Battle timer is ON: inactive players will automatically lose when time's up. (requested by tanishq1)
|
|t:|1653060256
|start
|switch|p1a: Toxapex|Toxapex, F|100/100
|switch|p2a: Nightcore Drake|Clefable, F, shiny|100/100
|turn|1
|
|t:|1653060266
|move|p2a: Nightcore Drake|Trick|p1a: Toxapex
|-activate|p2a: Nightcore Drake|move: Trick|[of] p1a: Toxapex
|-item|p1a: Toxapex|Sticky Barb|[from] move: Trick
|-item|p2a: Nightcore Drake|Shed Shell|[from] move: Trick
|move|p1a: Toxapex|Knock Off|p2a: Nightcore Drake
|-resisted|p2a: Nightcore Drake
|-damage|p2a: Nightcore Drake|92/100
|-enditem|p2a: Nightcore Drake|Shed Shell|[from] move: Knock Off|[of] p1a: Toxapex
|
|-damage|p1a: Toxapex|88/100|[from] item: Sticky Barb
|upkeep
|turn|2
|
|t:|1653060274
|move|p2a: Nightcore Drake|Thunder Wave|p1a: Toxapex
|-status|p1a: Toxapex|par
|move|p1a: Toxapex|Toxic Spikes|p2a: Nightcore Drake
|-sidestart|p2: tanishq1|move: Toxic Spikes
|
|-damage|p1a: Toxapex|76/100 par|[from] item: Sticky Barb
|upkeep
|turn|3
|
|t:|1653060278
|switch|p1a: Chansey|Chansey, F|100/100
|move|p2a: Nightcore Drake|Moonblast|p1a: Chansey
|-damage|p1a: Chansey|91/100
|
|upkeep
|turn|4
|
|t:|1653060283
|move|p2a: Nightcore Drake|Trick|p1a: Chansey
|-activate|p2a: Nightcore Drake|move: Trick|[of] p1a: Chansey
|-enditem|p1a: Chansey|Eviolite|[silent]|[from] move: Trick
|-item|p2a: Nightcore Drake|Eviolite|[from] move: Trick
|move|p1a: Chansey|Stealth Rock|p2a: Nightcore Drake
|-sidestart|p2: tanishq1|move: Stealth Rock
|
|upkeep
|turn|5
|
|t:|1653060287
|move|p2a: Nightcore Drake|Moonblast|p1a: Chansey
|-damage|p1a: Chansey|76/100
|-unboost|p1a: Chansey|spa|1
|move|p1a: Chansey|Seismic Toss|p2a: Nightcore Drake
|-damage|p2a: Nightcore Drake|66/100
|
|upkeep
|turn|6
|
|t:|1653060291
|move|p2a: Nightcore Drake|Soft-Boiled|p2a: Nightcore Drake
|-heal|p2a: Nightcore Drake|100/100
|move|p1a: Chansey|Seismic Toss|p2a: Nightcore Drake
|-damage|p2a: Nightcore Drake|75/100
|
|upkeep
|turn|7
|
|t:|1653060294
|move|p2a: Nightcore Drake|Thunder Wave|p1a: Chansey
|-status|p1a: Chansey|par
|move|p1a: Chansey|Seismic Toss|p2a: Nightcore Drake
|-damage|p2a: Nightcore Drake|50/100
|
|upkeep
|turn|8
|
|t:|1653060296
|-curestatus|p1a: Chansey|par|[from] ability: Natural Cure
|switch|p1a: Rotom|Rotom-Heat|100/100
|move|p2a: Nightcore Drake|Soft-Boiled|p2a: Nightcore Drake
|-heal|p2a: Nightcore Drake|99/100
|
|upkeep
|turn|9
|
|t:|1653060301
|move|p1a: Rotom|Nasty Plot|p1a: Rotom
|-boost|p1a: Rotom|spa|2
|move|p2a: Nightcore Drake|Trick|p1a: Rotom
|-activate|p2a: Nightcore Drake|move: Trick|[of] p1a: Rotom
|-item|p1a: Rotom|Eviolite|[from] move: Trick
|-item|p2a: Nightcore Drake|Heavy-Duty Boots|[from] move: Trick
|
|upkeep
|turn|10
|
|t:|1653060312
|switch|p2a: GEËK PACK|Dragonite, F|100/100
|move|p1a: Rotom|Overheat|p2a: GEËK PACK
|-resisted|p2a: GEËK PACK
|-damage|p2a: GEËK PACK|83/100
|-unboost|p1a: Rotom|spa|2
|
|upkeep
|turn|11
|
|t:|1653060315
|move|p1a: Rotom|Nasty Plot|p1a: Rotom
|-boost|p1a: Rotom|spa|2
|move|p2a: GEËK PACK|Roost|p2a: GEËK PACK
|-heal|p2a: GEËK PACK|100/100
|-singleturn|p2a: GEËK PACK|move: Roost
|
|upkeep
|turn|12
|
|t:|1653060318
|move|p1a: Rotom|Discharge|p2a: GEËK PACK
|-damage|p2a: GEËK PACK|77/100
|-status|p2a: GEËK PACK|par
|move|p2a: GEËK PACK|Dragon Dance|p2a: GEËK PACK
|-boost|p2a: GEËK PACK|atk|1
|-boost|p2a: GEËK PACK|spe|1
|
|upkeep
|turn|13
|
|t:|1653060322
|move|p1a: Rotom|Discharge|p2a: GEËK PACK
|-damage|p2a: GEËK PACK|28/100 par
|move|p2a: GEËK PACK|Earthquake|p1a: Rotom
|-immune|p1a: Rotom|[from] ability: Levitate
|
|upkeep
|turn|14
|
|t:|1653060325
|move|p1a: Rotom|Discharge|p2a: GEËK PACK
|-damage|p2a: GEËK PACK|0 fnt
|faint|p2a: GEËK PACK
|
|upkeep
|
|t:|1653060335
|switch|p2a: Mind Goblin|Tapu Koko|100/100
|-fieldstart|move: Electric Terrain|[from] ability: Electric Surge|[of] p2a: Mind Goblin
|turn|15
|
|t:|1653060343
|move|p2a: Mind Goblin|Calm Mind|p2a: Mind Goblin
|-boost|p2a: Mind Goblin|spa|1
|-boost|p2a: Mind Goblin|spd|1
|move|p1a: Rotom|Overheat|p2a: Mind Goblin
|-damage|p2a: Mind Goblin|3/100
|-unboost|p1a: Rotom|spa|2
|
|upkeep
|turn|16
|
|t:|1653060346
|move|p2a: Mind Goblin|Roost|p2a: Mind Goblin
|-heal|p2a: Mind Goblin|53/100
|-singleturn|p2a: Mind Goblin|move: Roost
|move|p1a: Rotom|Nasty Plot|p1a: Rotom
|-boost|p1a: Rotom|spa|2
|
|upkeep
|turn|17
|
|t:|1653060350
|move|p2a: Mind Goblin|Roost|p2a: Mind Goblin
|-heal|p2a: Mind Goblin|100/100
|-singleturn|p2a: Mind Goblin|move: Roost
|move|p1a: Rotom|Overheat|p2a: Mind Goblin
|-damage|p2a: Mind Goblin|13/100
|-unboost|p1a: Rotom|spa|2
|
|upkeep
|turn|18
|
|t:|1653060353
|move|p2a: Mind Goblin|Roost|p2a: Mind Goblin
|-heal|p2a: Mind Goblin|63/100
|-singleturn|p2a: Mind Goblin|move: Roost
|move|p1a: Rotom|Nasty Plot|p1a: Rotom
|-boost|p1a: Rotom|spa|2
|
|upkeep
|turn|19
|
|t:|1653060355
|move|p2a: Mind Goblin|Roost|p2a: Mind Goblin
|-heal|p2a: Mind Goblin|100/100
|-singleturn|p2a: Mind Goblin|move: Roost
|move|p1a: Rotom|Nasty Plot|p1a: Rotom
|-boost|p1a: Rotom|spa|2
|
|-fieldend|move: Electric Terrain
|upkeep
|turn|20
|
|t:|1653060358
|move|p2a: Mind Goblin|Calm Mind|p2a: Mind Goblin
|-boost|p2a: Mind Goblin|spa|1
|-boost|p2a: Mind Goblin|spd|1
|move|p1a: Rotom|Overheat|p2a: Mind Goblin
|-damage|p2a: Mind Goblin|2/100
|-unboost|p1a: Rotom|spa|2
|
|upkeep
|turn|21
|
|t:|1653060361
|move|p2a: Mind Goblin|Roost|p2a: Mind Goblin
|-heal|p2a: Mind Goblin|52/100
|-singleturn|p2a: Mind Goblin|move: Roost
|move|p1a: Rotom|Overheat|p2a: Mind Goblin
|-damage|p2a: Mind Goblin|0 fnt
|-unboost|p1a: Rotom|spa|2
|faint|p2a: Mind Goblin
|
|upkeep
|
|t:|1653060364
|switch|p2a: I Hate Monday...|Landorus-Therian, M|100/100
|-damage|p2a: I Hate Monday...|88/100|[from] Stealth Rock
|-ability|p2a: I Hate Monday...|Intimidate|boost
|-unboost|p1a: Rotom|atk|1
|turn|22
|
|t:|1653060368
|switch|p1a: Quagsire|Quagsire, M|100/100
|move|p2a: I Hate Monday...|Smack Down|p1a: Quagsire
|-resisted|p1a: Quagsire
|-damage|p1a: Quagsire|94/100
|
|-heal|p1a: Quagsire|99/100|[from] item: Leftovers
|upkeep
|turn|23
|
|t:|1653060371
|move|p2a: I Hate Monday...|U-turn|p1a: Quagsire
|-damage|p1a: Quagsire|82/100
|
|t:|1653060374
|switch|p2a: Peter Griffin|Ferrothorn, F|100/100|[from]move: U-turn
|-damage|p2a: Peter Griffin|95/100|[from] Stealth Rock
|move|p1a: Quagsire|Scald|p2a: Peter Griffin
|-resisted|p2a: Peter Griffin
|-damage|p2a: Peter Griffin|87/100
|
|-heal|p1a: Quagsire|88/100|[from] item: Leftovers
|-heal|p2a: Peter Griffin|93/100|[from] item: Leftovers
|upkeep
|turn|24
|
|t:|1653060379
|move|p1a: Quagsire|Scald|p2a: Peter Griffin
|-resisted|p2a: Peter Griffin
|-damage|p2a: Peter Griffin|85/100
|-status|p2a: Peter Griffin|brn
|move|p2a: Peter Griffin|Spikes|p1a: Quagsire
|-sidestart|p1: Just nitteajta|Spikes
|
|-heal|p1a: Quagsire|94/100|[from] item: Leftovers
|-heal|p2a: Peter Griffin|91/100 brn|[from] item: Leftovers
|-damage|p2a: Peter Griffin|85/100 brn|[from] brn
|upkeep
|turn|25
|
|t:|1653060383
|switch|p1a: Rotom|Rotom-Heat|100/100
|move|p2a: Peter Griffin|Knock Off|p1a: Rotom
|-damage|p1a: Rotom|89/100
|-enditem|p1a: Rotom|Eviolite|[from] move: Knock Off|[of] p2a: Peter Griffin
|
|-heal|p2a: Peter Griffin|91/100 brn|[from] item: Leftovers
|-damage|p2a: Peter Griffin|85/100 brn|[from] brn
|upkeep
|turn|26
|
|t:|1653060386
|switch|p2a: I Hate Monday...|Landorus-Therian, M|88/100
|-damage|p2a: I Hate Monday...|76/100|[from] Stealth Rock
|-ability|p2a: I Hate Monday...|Intimidate|boost
|-unboost|p1a: Rotom|atk|1
|move|p1a: Rotom|Nasty Plot|p1a: Rotom
|-boost|p1a: Rotom|spa|2
|
|upkeep
|turn|27
|
|t:|1653060390
|move|p2a: I Hate Monday...|Stealth Rock|p1a: Rotom
|-sidestart|p1: Just nitteajta|move: Stealth Rock
|move|p1a: Rotom|Overheat|p2a: I Hate Monday...
|-damage|p2a: I Hate Monday...|0 fnt
|-unboost|p1a: Rotom|spa|2
|faint|p2a: I Hate Monday...
|
|upkeep
|
|t:|1653060392
|switch|p2a: Sick Ass Cat|Volcarona, F|100/100
|turn|28
|
|t:|1653060397
|switch|p1a: Chansey|Chansey, F|76/100
|-damage|p1a: Chansey|63/100|[from] Spikes
|-damage|p1a: Chansey|51/100|[from] Stealth Rock
|move|p2a: Sick Ass Cat|Quiver Dance|p2a: Sick Ass Cat
|-boost|p2a: Sick Ass Cat|spa|1
|-boost|p2a: Sick Ass Cat|spd|1
|-boost|p2a: Sick Ass Cat|spe|1
|
|upkeep
|turn|29
|
|t:|1653060402
|move|p2a: Sick Ass Cat|Flamethrower|p1a: Chansey
|-damage|p1a: Chansey|25/100
|move|p1a: Chansey|Soft-Boiled|p1a: Chansey
|-heal|p1a: Chansey|75/100
|
|upkeep
|turn|30
|
|t:|1653060406
|switch|p2a: Peter Griffin|Ferrothorn, F|85/100 brn
|-damage|p2a: Peter Griffin|79/100 brn|[from] Stealth Rock
|move|p1a: Chansey|Toxic||[still]
|-fail|p1a: Chansey
|
|-heal|p2a: Peter Griffin|85/100 brn|[from] item: Leftovers
|-damage|p2a: Peter Griffin|79/100 brn|[from] brn
|upkeep
|turn|31
|
|t:|1653060409
|move|p1a: Chansey|Soft-Boiled|p1a: Chansey
|-heal|p1a: Chansey|100/100
|move|p2a: Peter Griffin|Leech Seed|p1a: Chansey
|-start|p1a: Chansey|move: Leech Seed
|
|-heal|p2a: Peter Griffin|85/100 brn|[from] item: Leftovers
|-damage|p1a: Chansey|88/100|[from] Leech Seed|[of] p2a: Peter Griffin
|-heal|p2a: Peter Griffin|100/100 brn|[silent]
|-damage|p2a: Peter Griffin|95/100 brn|[from] brn
|upkeep
|turn|32
|
|t:|1653060413
|switch|p1a: Mandibuzz|Mandibuzz, F|100/100
|move|p2a: Peter Griffin|Gyro Ball|p1a: Mandibuzz
|-damage|p1a: Mandibuzz|89/100
|
|-heal|p2a: Peter Griffin|100/100 brn|[from] item: Leftovers
|-damage|p2a: Peter Griffin|95/100 brn|[from] brn
|upkeep
|turn|33
|
|t:|1653060417
|switch|p2a: Sick Ass Cat|Volcarona, F|100/100
|move|p1a: Mandibuzz|Defog|p2a: Sick Ass Cat
|-unboost|p2a: Sick Ass Cat|evasion|1
|-sideend|p2: tanishq1|Toxic Spikes|[from] move: Defog|[of] p1a: Mandibuzz
|-sideend|p2: tanishq1|Stealth Rock|[from] move: Defog|[of] p1a: Mandibuzz
|-sideend|p1: Just nitteajta|Spikes|[from] move: Defog|[of] p1a: Mandibuzz
|-sideend|p1: Just nitteajta|Stealth Rock|[from] move: Defog|[of] p1a: Mandibuzz
|
|upkeep
|turn|34
|-message|tanishq1 forfeited.
|
|win|Just nitteajta
|raw|Just nitteajta's rating: 1635 &rarr; <strong>1659</strong><br />(+24 for winning)
|raw|tanishq1's rating: 1705 &rarr; <strong>1681</strong><br />(-24 for losing)
|l|☆tanishq1
|c|‽Just nitteajta|/log Just nitteajta made this room public.
