|j|☆PikachuZappyZap
|j|☆wsdfg
|t:|1603564310
|player|p1|PikachuZappyZap|169|1889
|player|p2|wsdfg|burglar|1867
|teamsize|p1|6
|teamsize|p2|6
|gametype|singles
|gen|8
|tier|[Gen 8] OU
|rated|
|clearpoke
|poke|p1|Landorus, M|
|poke|p1|Tapu Fini|
|poke|p1|Kyurem-Black|
|poke|p1|Heatran, F|
|poke|p1|Zapdos|
|poke|p1|Pheromosa|
|poke|p2|Genesect|
|poke|p2|Clefable, F|
|poke|p2|Kyurem-Black|
|poke|p2|Pheromosa|
|poke|p2|Landorus, M|
|poke|p2|Ditto|
|rule|Sleep Clause Mod: Limit one foe put to sleep
|rule|Species Clause: Limit one of each Pokémon
|rule|OHKO Clause: OHKO moves are banned
|rule|Evasion Moves Clause: Evasion moves are banned
|rule|Endless Battle Clause: Forcing endless battles is banned
|rule|HP Percentage Mod: HP is shown in percentages
|rule|Dynamax Clause: You cannot dynamax
|teampreview
|c|☆PikachuZappyZap|gl hf
|c|☆wsdfg|u too
|
|t:|1603564349
|start
|switch|p1a: Zapdos|Zapdos|100/100
|switch|p2a: Genesect|Genesect, shiny|100/100
|-ability|p2a: Genesect|Download|boost
|-boost|p2a: Genesect|spa|1
|turn|1
|
|t:|1603564359
|move|p2a: Genesect|Ice Beam|p1a: Zapdos
|-supereffective|p1a: Zapdos
|-damage|p1a: Zapdos|0 fnt
|faint|p1a: Zapdos
|
|upkeep
|
|t:|1603564362
|switch|p1a: Heatran|Heatran, F|100/100
|turn|2
|
|t:|1603564369
|switch|p2a: Clefable|Clefable, F|100/100
|move|p1a: Heatran|Stealth Rock|p2a: Clefable
|-sidestart|p2: wsdfg|move: Stealth Rock
|
|upkeep
|turn|3
|
|t:|1603564372
|move|p1a: Heatran|Taunt|p2a: Clefable
|-start|p2a: Clefable|move: Taunt
|cant|p2a: Clefable|move: Taunt|Teleport
|
|upkeep
|turn|4
|
|t:|1603564386
|switch|p2a: Ditto|Ditto|100/100
|-damage|p2a: Ditto|88/100|[from] Stealth Rock
|-transform|p2a: Ditto|p1a: Heatran|[from] ability: Imposter
|move|p1a: Heatran|Magma Storm|p2a: Ditto
|-start|p2a: Ditto|ability: Flash Fire
|
|upkeep
|turn|5
|
|t:|1603564394
|switch|p1a: Landorus|Landorus, M|100/100
|move|p2a: Ditto|Stealth Rock|p1a: Landorus
|-sidestart|p1: PikachuZappyZap|move: Stealth Rock
|
|upkeep
|turn|6
|j| RegiSeason
|
|t:|1603564407
|-end|p2a: Ditto|ability: Flash Fire|[silent]
|switch|p2a: Landorus|Landorus, M|100/100
|-damage|p2a: Landorus|88/100|[from] Stealth Rock
|move|p1a: Landorus|Knock Off|p2a: Landorus
|-damage|p2a: Landorus|53/100
|-enditem|p2a: Landorus|Life Orb|[from] move: Knock Off|[of] p1a: Landorus
|-damage|p1a: Landorus|91/100|[from] item: Life Orb
|
|upkeep
|turn|7
|j| Flip Turn Swampert
|
|t:|1603564420
|move|p1a: Landorus|Sludge Wave|p2a: Landorus
|-resisted|p2a: Landorus
|-crit|p2a: Landorus
|-damage|p2a: Landorus|0 fnt
|faint|p2a: Landorus
|
|upkeep
|c|☆PikachuZappyZap|oh sorry
|
|t:|1603564424
|switch|p2a: Pheromosa|Pheromosa|100/100
|-damage|p2a: Pheromosa|88/100|[from] Stealth Rock
|turn|8
|j| Orphanon
|j| comentter
|j| ImagineDragonsFlow
|c|☆wsdfg|it happens
|j| electrode36
|
|t:|1603564456
|switch|p2a: Kyurem|Kyurem-Black|100/100
|-damage|p2a: Kyurem|76/100|[from] Stealth Rock
|-ability|p2a: Kyurem|Teravolt
|switch|p1a: Pheromosa|Pheromosa|100/100
|
|upkeep
|turn|9
|j| Culamen
|l| Culamen
|
|t:|1603564465
|switch|p2a: Clefable|Clefable, F|100/100
|-damage|p2a: Clefable|88/100|[from] Stealth Rock
|move|p1a: Pheromosa|Poison Jab|p2a: Clefable
|-supereffective|p2a: Clefable
|-damage|p2a: Clefable|19/100
|
|-heal|p2a: Clefable|25/100|[from] item: Leftovers
|upkeep
|turn|10
|
|t:|1603564473
|move|p1a: Pheromosa|Close Combat|p2a: Clefable
|-resisted|p2a: Clefable
|-damage|p2a: Clefable|0 fnt
|-unboost|p1a: Pheromosa|def|1
|-unboost|p1a: Pheromosa|spd|1
|faint|p2a: Clefable
|-ability|p1a: Pheromosa|Beast Boost|boost
|-boost|p1a: Pheromosa|spe|1
|
|upkeep
|
|t:|1603564476
|switch|p2a: Ditto|Ditto|88/100
|-damage|p2a: Ditto|76/100|[from] Stealth Rock
|-transform|p2a: Ditto|p1a: Pheromosa|[from] ability: Imposter
|turn|11
|l| ImagineDragonsFlow
|j| tarthy
|
|t:|1603564521
|move|p2a: Ditto|Poison Jab|p1a: Pheromosa
|-damage|p1a: Pheromosa|0 fnt
|faint|p1a: Pheromosa
|-ability|p2a: Ditto|Beast Boost|boost
|-boost|p2a: Ditto|spe|1
|
|upkeep
|j| ljjljljljl
|
|t:|1603564528
|switch|p1a: Landorus|Landorus, M|91/100
|-damage|p1a: Landorus|79/100|[from] Stealth Rock
|turn|12
|
|t:|1603564539
|switch|p2a: Genesect|Genesect, shiny|100/100
|-damage|p2a: Genesect|88/100|[from] Stealth Rock
|-ability|p2a: Genesect|Download|boost
|-boost|p2a: Genesect|spa|1
|move|p1a: Landorus|Earth Power|p2a: Genesect
|-damage|p2a: Genesect|0 fnt
|faint|p2a: Genesect
|
|upkeep
|
|t:|1603564550
|switch|p2a: Pheromosa|Pheromosa|88/100
|-damage|p2a: Pheromosa|76/100|[from] Stealth Rock
|turn|13
|j| starmind
|
|t:|1603564565
|switch|p1a: Heatran|Heatran, F|100/100
|-damage|p1a: Heatran|88/100|[from] Stealth Rock
|move|p2a: Pheromosa|Ice Beam|p1a: Heatran
|-resisted|p1a: Heatran
|-damage|p1a: Heatran|83/100
|
|-heal|p1a: Heatran|90/100|[from] item: Leftovers
|upkeep
|turn|14
|l| RegiSeason
|
|t:|1603564574
|move|p2a: Pheromosa|Focus Blast|p1a: Heatran
|-supereffective|p1a: Heatran
|-damage|p1a: Heatran|5/100
|move|p1a: Heatran|Magma Storm|p2a: Pheromosa
|-supereffective|p2a: Pheromosa
|-damage|p2a: Pheromosa|0 fnt
|faint|p2a: Pheromosa
|
|-heal|p1a: Heatran|11/100|[from] item: Leftovers
|upkeep
|
|t:|1603564583
|switch|p2a: Kyurem|Kyurem-Black|76/100
|-damage|p2a: Kyurem|51/100|[from] Stealth Rock
|-ability|p2a: Kyurem|Teravolt
|turn|15
|j| nicebibarel
|
|t:|1603564587
|move|p2a: Kyurem|Dragon Dance|p2a: Kyurem
|-boost|p2a: Kyurem|atk|1
|-boost|p2a: Kyurem|spe|1
|move|p1a: Heatran|Toxic|p2a: Kyurem
|-status|p2a: Kyurem|tox
|
|-heal|p1a: Heatran|18/100|[from] item: Leftovers
|-damage|p2a: Kyurem|45/100 tox|[from] psn
|upkeep
|turn|16
|
|t:|1603564591
|move|p2a: Kyurem|Fusion Bolt|p1a: Heatran
|-damage|p1a: Heatran|0 fnt
|-damage|p2a: Kyurem|35/100 tox|[from] item: Life Orb
|faint|p1a: Heatran
|
|-damage|p2a: Kyurem|22/100 tox|[from] psn
|upkeep
|l| ljjljljljl
|
|t:|1603564600
|switch|p1a: Kyurem|Kyurem-Black|100/100
|-ability|p1a: Kyurem|Teravolt
|turn|17
|
|t:|1603564615
|move|p2a: Kyurem|Dragon Claw|p1a: Kyurem
|-supereffective|p1a: Kyurem
|-damage|p1a: Kyurem|0 fnt
|-damage|p2a: Kyurem|13/100 tox|[from] item: Life Orb
|faint|p1a: Kyurem
|
|-damage|p2a: Kyurem|0 fnt|[from] psn
|faint|p2a: Kyurem
|upkeep
|
|t:|1603564621
|switch|p2a: Ditto|Ditto|76/100
|switch|p1a: Tapu Fini|Tapu Fini|100/100
|-damage|p2a: Ditto|63/100|[from] Stealth Rock
|-transform|p2a: Ditto|p1a: Tapu Fini|[from] ability: Imposter
|-fieldstart|move: Misty Terrain|[from] ability: Misty Surge|[of] p2a: Ditto
|-damage|p1a: Tapu Fini|88/100|[from] Stealth Rock
|turn|18
|
|t:|1603564627
|move|p2a: Ditto|Draining Kiss|p1a: Tapu Fini
|-damage|p1a: Tapu Fini|75/100
|-heal|p2a: Ditto|75/100|[from] drain|[of] p1a: Tapu Fini
|move|p1a: Tapu Fini|Calm Mind|p1a: Tapu Fini
|-boost|p1a: Tapu Fini|spa|1
|-boost|p1a: Tapu Fini|spd|1
|
|-heal|p1a: Tapu Fini|81/100|[from] item: Leftovers
|upkeep
|turn|19
|-message|wsdfg forfeited.
|
|win|PikachuZappyZap
|l|☆wsdfg
|c|☆PikachuZappyZap|gg
