|j|☆josema_09
|j|‽hypervortexreturns
|t:|1664621299
|gametype|singles
|player|p1|josema_09|265|1749
|player|p2|hypervortexreturns|2|1920
|teamsize|p1|6
|teamsize|p2|6
|gen|8
|tier|[Gen 8] OU
|rated|
|rule|Sleep Clause Mod: Limit one foe put to sleep
|rule|Species Clause: Limit one of each Pokémon
|rule|OHKO Clause: OHKO moves are banned
|rule|Evasion Items Clause: Evasion items are banned
|rule|Evasion Moves Clause: Evasion moves are banned
|rule|Endless Battle Clause: Forcing endless battles is banned
|rule|HP Percentage Mod: HP is shown in percentages
|rule|Dynamax Clause: You cannot dynamax
|clearpoke
|poke|p1|Ninetales-Alola, F|
|poke|p1|Corviknight, F|
|poke|p1|Blaziken, M|
|poke|p1|Dragapult, M|
|poke|p1|Tapu Fini|
|poke|p1|Garchomp, F|
|poke|p2|Hydreigon, M|
|poke|p2|Zapdos|
|poke|p2|Tangrowth, M|
|poke|p2|Corviknight, M|
|poke|p2|Excadrill, M|
|poke|p2|Azumarill, F|
|teampreview
|
|t:|1664621313
|start
|switch|p1a: Ninetales|Ninetales-Alola, F|100/100
|switch|p2a: Azumarill|Azumarill, F|100/100
|-weather|Hail|[from] ability: Snow Warning|[of] p1a: Ninetales
|turn|1
|
|t:|1664621327
|move|p1a: Ninetales|Aurora Veil|p1a: Ninetales
|-sidestart|p1: josema_09|move: Aurora Veil
|move|p2a: Azumarill|Knock Off|p1a: Ninetales
|-resisted|p1a: Ninetales
|-damage|p1a: Ninetales|86/100
|-enditem|p1a: Ninetales|Light Clay|[from] move: Knock Off|[of] p2a: Azumarill
|
|-weather|Hail|[upkeep]
|-damage|p2a: Azumarill|94/100|[from] Hail
|upkeep
|turn|2
|j| Palladiawa A
|
|t:|1664621347
|move|p1a: Ninetales|Moonblast|p2a: Azumarill
|-damage|p2a: Azumarill|53/100
|move|p2a: Azumarill|Play Rough|p1a: Ninetales|[miss]
|-miss|p2a: Azumarill|p1a: Ninetales
|
|-weather|Hail|[upkeep]
|-damage|p2a: Azumarill|47/100|[from] Hail
|-enditem|p2a: Azumarill|Sitrus Berry|[eat]
|-heal|p2a: Azumarill|72/100|[from] item: Sitrus Berry
|upkeep
|turn|3
|
|t:|1664621360
|switch|p1a: Tapu Fini|Tapu Fini|100/100
|-fieldstart|move: Misty Terrain|[from] ability: Misty Surge|[of] p1a: Tapu Fini
|switch|p2a: Excadrill|Excadrill, M|100/100
|-ability|p2a: Excadrill|Mold Breaker
|
|-weather|Hail|[upkeep]
|-damage|p2a: Excadrill|94/100|[from] Hail
|-damage|p1a: Tapu Fini|94/100|[from] Hail
|-heal|p2a: Excadrill|100/100|[from] item: Leftovers
|-heal|p1a: Tapu Fini|100/100|[from] item: Leftovers
|upkeep
|turn|4
|inactive|Battle timer is ON: inactive players will automatically lose when time's up. (requested by josema_09)
|j| NDHB
|
|t:|1664621387
|switch|p2a: Tangrowth|Tangrowth, M|100/100
|move|p1a: Tapu Fini|Calm Mind|p1a: Tapu Fini
|-boost|p1a: Tapu Fini|spa|1
|-boost|p1a: Tapu Fini|spd|1
|
|-weather|Hail|[upkeep]
|-damage|p1a: Tapu Fini|94/100|[from] Hail
|-damage|p2a: Tangrowth|94/100|[from] Hail
|-heal|p1a: Tapu Fini|100/100|[from] item: Leftovers
|upkeep
|turn|5
|
|t:|1664621401
|move|p1a: Tapu Fini|Calm Mind|p1a: Tapu Fini
|-boost|p1a: Tapu Fini|spa|1
|-boost|p1a: Tapu Fini|spd|1
|move|p2a: Tangrowth|Knock Off|p1a: Tapu Fini
|-resisted|p1a: Tapu Fini
|-damage|p1a: Tapu Fini|96/100
|-enditem|p1a: Tapu Fini|Leftovers|[from] move: Knock Off|[of] p2a: Tangrowth
|
|-weather|none
|upkeep
|turn|6
|
|t:|1664621415
|move|p1a: Tapu Fini|Draining Kiss|p2a: Tangrowth
|-damage|p2a: Tangrowth|38/100
|-heal|p1a: Tapu Fini|100/100|[from] drain|[of] p2a: Tangrowth
|-damage|p1a: Tapu Fini|84/100|[from] item: Rocky Helmet|[of] p2a: Tangrowth
|move|p2a: Tangrowth|Power Whip|p1a: Tapu Fini
|-supereffective|p1a: Tapu Fini
|-damage|p1a: Tapu Fini|50/100
|
|upkeep
|turn|7
|inactive|hypervortexreturns has 120 seconds left.
|
|t:|1664621464
|switch|p2a: Excadrill|Excadrill, M|100/100
|-ability|p2a: Excadrill|Mold Breaker
|move|p1a: Tapu Fini|Draining Kiss|p2a: Excadrill
|-resisted|p2a: Excadrill
|-damage|p2a: Excadrill|73/100
|-heal|p1a: Tapu Fini|71/100|[from] drain|[of] p2a: Excadrill
|
|-heal|p2a: Excadrill|79/100|[from] item: Leftovers
|-fieldend|Misty Terrain
|upkeep
|turn|8
|
|t:|1664621478
|move|p2a: Excadrill|Iron Head|p1a: Tapu Fini
|-damage|p1a: Tapu Fini|53/100
|move|p1a: Tapu Fini|Scald|p2a: Excadrill
|-supereffective|p2a: Excadrill
|-damage|p2a: Excadrill|0 fnt
|faint|p2a: Excadrill
|
|-sideend|p1: josema_09|move: Aurora Veil
|upkeep
|
|t:|1664621497
|switch|p2a: Tangrowth|Tangrowth, M|71/100
|turn|9
|
|t:|1664621502
|move|p1a: Tapu Fini|Draining Kiss|p2a: Tangrowth
|-damage|p2a: Tangrowth|14/100
|-heal|p1a: Tapu Fini|100/100|[from] drain|[of] p2a: Tangrowth
|-damage|p1a: Tapu Fini|84/100|[from] item: Rocky Helmet|[of] p2a: Tangrowth
|move|p2a: Tangrowth|Power Whip|p1a: Tapu Fini
|-supereffective|p1a: Tapu Fini
|-damage|p1a: Tapu Fini|5/100
|
|upkeep
|turn|10
|
|t:|1664621524
|switch|p2a: Corviknight|Corviknight, M|100/100
|-ability|p2a: Corviknight|Pressure
|move|p1a: Tapu Fini|Draining Kiss|p2a: Corviknight
|-resisted|p2a: Corviknight
|-damage|p2a: Corviknight|86/100
|-heal|p1a: Tapu Fini|18/100|[from] drain|[of] p2a: Corviknight
|
|-heal|p2a: Corviknight|92/100|[from] item: Leftovers
|upkeep
|turn|11
|
|t:|1664621535
|move|p1a: Tapu Fini|Scald|p2a: Corviknight
|-damage|p2a: Corviknight|48/100
|move|p2a: Corviknight|Brave Bird|p1a: Tapu Fini
|-damage|p1a: Tapu Fini|0 fnt
|faint|p1a: Tapu Fini
|-damage|p2a: Corviknight|43/100|[from] Recoil
|
|-heal|p2a: Corviknight|49/100|[from] item: Leftovers
|upkeep
|
|t:|1664621543
|switch|p1a: Ninetales|Ninetales-Alola, F|86/100
|-weather|Hail|[from] ability: Snow Warning|[of] p1a: Ninetales
|turn|12
|
|t:|1664621553
|move|p1a: Ninetales|Aurora Veil|p1a: Ninetales
|-sidestart|p1: josema_09|move: Aurora Veil
|move|p2a: Corviknight|Roost|p2a: Corviknight
|-heal|p2a: Corviknight|99/100
|-singleturn|p2a: Corviknight|move: Roost
|
|-weather|Hail|[upkeep]
|-damage|p2a: Corviknight|93/100|[from] Hail
|-heal|p2a: Corviknight|99/100|[from] item: Leftovers
|upkeep
|turn|13
|j| BigWes95
|j| Me1oNz
|
|t:|1664621567
|switch|p2a: Tangrowth|Tangrowth, M|48/100
|move|p1a: Ninetales|Encore||[still]
|-fail|p1a: Ninetales
|
|-weather|Hail|[upkeep]
|-damage|p2a: Tangrowth|41/100|[from] Hail
|upkeep
|turn|14
|
|t:|1664621582
|switch|p2a: Zapdos|Zapdos|100/100
|move|p1a: Ninetales|Blizzard|p2a: Zapdos
|-supereffective|p2a: Zapdos
|-damage|p2a: Zapdos|28/100
|
|-weather|Hail|[upkeep]
|-damage|p2a: Zapdos|22/100|[from] Hail
|upkeep
|turn|15
|inactive|hypervortexreturns has 90 seconds left.
|
|t:|1664621610
|switch|p2a: Corviknight|Corviknight, M|99/100
|-ability|p2a: Corviknight|Pressure
|move|p1a: Ninetales|Blizzard|p2a: Corviknight
|-damage|p2a: Corviknight|73/100
|
|-weather|Hail|[upkeep]
|-damage|p2a: Corviknight|67/100|[from] Hail
|-heal|p2a: Corviknight|73/100|[from] item: Leftovers
|upkeep
|turn|16
|inactive|hypervortexreturns has 90 seconds left.
|
|t:|1664621625
|move|p1a: Ninetales|Moonblast|p2a: Corviknight
|-resisted|p2a: Corviknight
|-damage|p2a: Corviknight|62/100
|move|p2a: Corviknight|Brave Bird|p1a: Ninetales
|-damage|p1a: Ninetales|59/100
|-damage|p2a: Corviknight|56/100|[from] Recoil
|
|-weather|none
|-heal|p2a: Corviknight|62/100|[from] item: Leftovers
|-sideend|p1: josema_09|move: Aurora Veil
|upkeep
|turn|17
|inactive|hypervortexreturns has 90 seconds left.
|
|t:|1664621643
|switch|p1a: Corviknight|Corviknight, F|100/100
|-ability|p1a: Corviknight|Pressure
|move|p2a: Corviknight|Brave Bird|p1a: Corviknight
|-resisted|p1a: Corviknight
|-damage|p1a: Corviknight|90/100
|-damage|p2a: Corviknight|45/100|[from] item: Rocky Helmet|[of] p1a: Corviknight
|-damage|p2a: Corviknight|42/100|[from] Recoil
|
|-heal|p2a: Corviknight|48/100|[from] item: Leftovers
|upkeep
|turn|18
|
|t:|1664621658
|switch|p1a: Ninetales|Ninetales-Alola, F|59/100
|-weather|Hail|[from] ability: Snow Warning|[of] p1a: Ninetales
|move|p2a: Corviknight|Roost|p2a: Corviknight
|-heal|p2a: Corviknight|98/100
|-singleturn|p2a: Corviknight|move: Roost
|
|-weather|Hail|[upkeep]
|-damage|p2a: Corviknight|92/100|[from] Hail
|-heal|p2a: Corviknight|98/100|[from] item: Leftovers
|upkeep
|turn|19
|inactive|hypervortexreturns has 60 seconds left.
|
|t:|1664621706
|switch|p2a: Hydreigon|Hydreigon, M|100/100
|move|p1a: Ninetales|Aurora Veil|p1a: Ninetales
|-sidestart|p1: josema_09|move: Aurora Veil
|
|-weather|Hail|[upkeep]
|-damage|p2a: Hydreigon|94/100|[from] Hail
|-heal|p2a: Hydreigon|100/100|[from] item: Leftovers
|upkeep
|turn|20
|
|t:|1664621717
|switch|p2a: Corviknight|Corviknight, M|98/100
|-ability|p2a: Corviknight|Pressure
|move|p1a: Ninetales|Moonblast|p2a: Corviknight
|-resisted|p2a: Corviknight
|-damage|p2a: Corviknight|87/100
|
|-weather|Hail|[upkeep]
|-damage|p2a: Corviknight|81/100|[from] Hail
|-heal|p2a: Corviknight|87/100|[from] item: Leftovers
|upkeep
|turn|21
|inactive|hypervortexreturns has 30 seconds left.
|
|t:|1664621738
|switch|p1a: Garchomp|Garchomp, F|100/100
|move|p2a: Corviknight|Brave Bird|p1a: Garchomp
|-damage|p1a: Garchomp|82/100
|-damage|p2a: Corviknight|74/100|[from] ability: Rough Skin|[of] p1a: Garchomp
|-damage|p2a: Corviknight|69/100|[from] Recoil
|
|-weather|Hail|[upkeep]
|-damage|p1a: Garchomp|76/100|[from] Hail
|-damage|p2a: Corviknight|63/100|[from] Hail
|-heal|p1a: Garchomp|82/100|[from] item: Leftovers
|-heal|p2a: Corviknight|69/100|[from] item: Leftovers
|upkeep
|turn|22
|inactive|hypervortexreturns has 30 seconds left.
|
|t:|1664621753
|switch|p2a: Tangrowth|Tangrowth, M|75/100
|move|p1a: Garchomp|Swords Dance|p1a: Garchomp
|-boost|p1a: Garchomp|atk|2
|
|-weather|none
|-heal|p1a: Garchomp|88/100|[from] item: Leftovers
|upkeep
|turn|23
|
|t:|1664621763
|move|p1a: Garchomp|Fire Fang|p2a: Tangrowth
|-supereffective|p2a: Tangrowth
|-damage|p2a: Tangrowth|30/100
|-damage|p1a: Garchomp|72/100|[from] item: Rocky Helmet|[of] p2a: Tangrowth
|move|p2a: Tangrowth|Sleep Powder|p1a: Garchomp
|-status|p1a: Garchomp|slp|[from] move: Sleep Powder
|
|-heal|p1a: Garchomp|78/100 slp|[from] item: Leftovers
|-sideend|p1: josema_09|move: Aurora Veil
|upkeep
|turn|24
|inactive|hypervortexreturns has 30 seconds left.
|inactive|hypervortexreturns has 20 seconds left.
|
|t:|1664621790
|switch|p2a: Hydreigon|Hydreigon, M|100/100
|cant|p1a: Garchomp|slp
|
|-heal|p1a: Garchomp|84/100 slp|[from] item: Leftovers
|upkeep
|turn|25
|inactive|hypervortexreturns has 30 seconds left this turn.
|
|t:|1664621798
|switch|p1a: Ninetales|Ninetales-Alola, F|59/100
|-weather|Hail|[from] ability: Snow Warning|[of] p1a: Ninetales
|move|p2a: Hydreigon|Dark Pulse|p1a: Ninetales
|-resisted|p1a: Ninetales
|-crit|p1a: Ninetales
|-damage|p1a: Ninetales|32/100
|
|-weather|Hail|[upkeep]
|-damage|p2a: Hydreigon|94/100|[from] Hail
|-heal|p2a: Hydreigon|100/100|[from] item: Leftovers
|upkeep
|turn|26
|inactive|hypervortexreturns has 30 seconds left.
|inactive|hypervortexreturns has 20 seconds left.
|
|t:|1664621814
|switch|p2a: Corviknight|Corviknight, M|69/100
|-ability|p2a: Corviknight|Pressure
|move|p1a: Ninetales|Aurora Veil|p1a: Ninetales
|-sidestart|p1: josema_09|move: Aurora Veil
|
|-weather|Hail|[upkeep]
|-damage|p2a: Corviknight|63/100|[from] Hail
|-heal|p2a: Corviknight|69/100|[from] item: Leftovers
|upkeep
|turn|27
|inactive|hypervortexreturns has 30 seconds left this turn.
|inactive|hypervortexreturns has 20 seconds left.
|inactive|hypervortexreturns has 15 seconds left.
|inactive|hypervortexreturns has 10 seconds left.
|
|t:|1664621835
|switch|p1a: Corviknight|Corviknight, F|90/100
|-ability|p1a: Corviknight|Pressure
|move|p2a: Corviknight|Roost|p2a: Corviknight
|-heal|p2a: Corviknight|100/100
|-singleturn|p2a: Corviknight|move: Roost
|
|-weather|Hail|[upkeep]
|-damage|p2a: Corviknight|94/100|[from] Hail
|-damage|p1a: Corviknight|84/100|[from] Hail
|-heal|p2a: Corviknight|100/100|[from] item: Leftovers
|upkeep
|turn|28
|inactive|hypervortexreturns has 20 seconds left this turn.
|inactive|hypervortexreturns has 15 seconds left.
|inactive|hypervortexreturns has 10 seconds left.
|
|t:|1664621848
|move|p2a: Corviknight|Bulk Up|p2a: Corviknight
|-boost|p2a: Corviknight|atk|1
|-boost|p2a: Corviknight|def|1
|move|p1a: Corviknight|U-turn|p2a: Corviknight
|-resisted|p2a: Corviknight
|-damage|p2a: Corviknight|98/100
|inactive|hypervortexreturns has 15 seconds left this turn.
|
|t:|1664621852
|switch|p1a: Dragapult|Dragapult, M|100/100|[from]move: U-turn
|
|-weather|Hail|[upkeep]
|-damage|p1a: Dragapult|95/100|[from] Hail
|-damage|p2a: Corviknight|92/100|[from] Hail
|-heal|p2a: Corviknight|98/100|[from] item: Leftovers
|upkeep
|turn|29
|inactive|hypervortexreturns has 25 seconds left this turn.
|inactive|hypervortexreturns has 20 seconds left.
|
|t:|1664621861
|move|p1a: Dragapult|Flamethrower|p2a: Corviknight
|-supereffective|p2a: Corviknight
|-damage|p2a: Corviknight|43/100
|move|p2a: Corviknight|Bulk Up|p2a: Corviknight
|-boost|p2a: Corviknight|atk|1
|-boost|p2a: Corviknight|def|1
|
|-weather|none
|-heal|p2a: Corviknight|49/100|[from] item: Leftovers
|upkeep
|turn|30
|inactive|hypervortexreturns has 30 seconds left this turn.
|inactive|hypervortexreturns has 20 seconds left.
|inactive|hypervortexreturns has 15 seconds left.
|
|t:|1664621877
|switch|p1a: Ninetales|Ninetales-Alola, F|32/100
|-weather|Hail|[from] ability: Snow Warning|[of] p1a: Ninetales
|move|p2a: Corviknight|Roost|p2a: Corviknight
|-heal|p2a: Corviknight|99/100
|-singleturn|p2a: Corviknight|move: Roost
|
|-weather|Hail|[upkeep]
|-damage|p2a: Corviknight|93/100|[from] Hail
|-heal|p2a: Corviknight|99/100|[from] item: Leftovers
|-sideend|p1: josema_09|move: Aurora Veil
|upkeep
|turn|31
|inactive|hypervortexreturns has 25 seconds left this turn.
|inactive|hypervortexreturns has 20 seconds left.
|inactive|hypervortexreturns has 15 seconds left.
|inactive|hypervortexreturns has 10 seconds left.
|
|t:|1664621894
|switch|p2a: Hydreigon|Hydreigon, M|100/100
|move|p1a: Ninetales|Aurora Veil|p1a: Ninetales
|-sidestart|p1: josema_09|move: Aurora Veil
|
|-weather|Hail|[upkeep]
|-damage|p2a: Hydreigon|94/100|[from] Hail
|-heal|p2a: Hydreigon|100/100|[from] item: Leftovers
|upkeep
|turn|32
|inactive|hypervortexreturns has 20 seconds left this turn.
|inactive|hypervortexreturns has 15 seconds left.
|
|t:|1664621904
|switch|p1a: Blaziken|Blaziken, M|100/100
|-item|p1a: Blaziken|Air Balloon
|switch|p2a: Corviknight|Corviknight, M|99/100
|-ability|p2a: Corviknight|Pressure
|
|-weather|Hail|[upkeep]
|-damage|p1a: Blaziken|94/100|[from] Hail
|-damage|p2a: Corviknight|93/100|[from] Hail
|-heal|p2a: Corviknight|99/100|[from] item: Leftovers
|upkeep
|turn|33
|inactive|hypervortexreturns has 25 seconds left this turn.
|inactive|hypervortexreturns has 20 seconds left.
|inactive|hypervortexreturns has 15 seconds left.
|
|t:|1664621918
|move|p1a: Blaziken|Swords Dance|p1a: Blaziken
|-boost|p1a: Blaziken|atk|2
|move|p2a: Corviknight|Brave Bird|p1a: Blaziken
|-supereffective|p1a: Blaziken
|-damage|p1a: Blaziken|40/100
|-enditem|p1a: Blaziken|Air Balloon
|-damage|p2a: Corviknight|85/100|[from] Recoil
|
|-weather|Hail|[upkeep]
|-damage|p1a: Blaziken|33/100|[from] Hail
|-damage|p2a: Corviknight|78/100|[from] Hail
|-heal|p2a: Corviknight|85/100|[from] item: Leftovers
|-ability|p1a: Blaziken|Speed Boost|boost
|-boost|p1a: Blaziken|spe|1
|upkeep
|turn|34
|inactive|hypervortexreturns has 25 seconds left this turn.
|inactive|hypervortexreturns has 20 seconds left.
|inactive|hypervortexreturns has 15 seconds left.
|
|t:|1664621932
|switch|p2a: Zapdos|Zapdos|22/100
|move|p1a: Blaziken|Close Combat|p2a: Zapdos
|-resisted|p2a: Zapdos
|-damage|p2a: Zapdos|0 fnt
|-unboost|p1a: Blaziken|def|1
|-unboost|p1a: Blaziken|spd|1
|-status|p1a: Blaziken|par|[from] ability: Static|[of] p2a: Zapdos
|faint|p2a: Zapdos
|
|-weather|none
|-ability|p1a: Blaziken|Speed Boost|boost
|-boost|p1a: Blaziken|spe|1
|upkeep
|inactive|hypervortexreturns has 20 seconds left this turn.
|inactive|hypervortexreturns has 15 seconds left.
|inactive|hypervortexreturns has 10 seconds left.
|
|t:|1664621945
|switch|p2a: Azumarill|Azumarill, F|72/100
|turn|35
|inactive|hypervortexreturns has 20 seconds left this turn.
|
|t:|1664621949
|switch|p1a: Corviknight|Corviknight, F|84/100
|-ability|p1a: Corviknight|Pressure
|move|p2a: Azumarill|Aqua Jet|p1a: Corviknight
|-damage|p1a: Corviknight|77/100
|-damage|p2a: Azumarill|55/100|[from] item: Rocky Helmet|[of] p1a: Corviknight
|
|-sideend|p1: josema_09|move: Aurora Veil
|upkeep
|turn|36
|inactive|hypervortexreturns has 30 seconds left this turn.
|inactive|hypervortexreturns has 20 seconds left.
|
|t:|1664621961
|switch|p2a: Corviknight|Corviknight, M|85/100
|-ability|p2a: Corviknight|Pressure
|move|p1a: Corviknight|Brave Bird|p2a: Corviknight
|-resisted|p2a: Corviknight
|-damage|p2a: Corviknight|69/100
|-damage|p1a: Corviknight|72/100|[from] Recoil
|
|-heal|p2a: Corviknight|75/100|[from] item: Leftovers
|upkeep
|turn|37
|inactive|hypervortexreturns has 30 seconds left this turn.
|inactive|hypervortexreturns has 20 seconds left.
|
|t:|1664621973
|move|p2a: Corviknight|Brave Bird|p1a: Corviknight
|-resisted|p1a: Corviknight
|-damage|p1a: Corviknight|61/100
|-damage|p2a: Corviknight|59/100|[from] item: Rocky Helmet|[of] p1a: Corviknight
|-damage|p2a: Corviknight|55/100|[from] Recoil
|move|p1a: Corviknight|U-turn|p2a: Corviknight
|-resisted|p2a: Corviknight
|-damage|p2a: Corviknight|52/100
|inactive|hypervortexreturns has 25 seconds left this turn.
|
|t:|1664621976
|switch|p1a: Dragapult|Dragapult, M|95/100|[from]move: U-turn
|
|-heal|p2a: Corviknight|58/100|[from] item: Leftovers
|upkeep
|turn|38
|inactive|hypervortexreturns has 30 seconds left.
|
|t:|1664621987
|switch|p2a: Hydreigon|Hydreigon, M|100/100
|move|p1a: Dragapult|Draco Meteor|p2a: Hydreigon
|-supereffective|p2a: Hydreigon
|-damage|p2a: Hydreigon|0 fnt
|-unboost|p1a: Dragapult|spa|2
|faint|p2a: Hydreigon
|
|upkeep
|inactive|hypervortexreturns has 30 seconds left this turn.
|inactive|hypervortexreturns has 20 seconds left.
|j| Crowo
|
|t:|1664622002
|switch|p2a: Azumarill|Azumarill, F|55/100
|turn|39
|inactive|hypervortexreturns has 30 seconds left this turn.
|
|t:|1664622011
|switch|p1a: Corviknight|Corviknight, F|61/100
|-ability|p1a: Corviknight|Pressure
|move|p2a: Azumarill|Belly Drum|p2a: Azumarill
|-damage|p2a: Azumarill|5/100
|-setboost|p2a: Azumarill|atk|6|[from] move: Belly Drum
|
|upkeep
|turn|40
|inactive|hypervortexreturns has 30 seconds left.
|
|t:|1664622021
|move|p2a: Azumarill|Knock Off|p1a: Corviknight
|-damage|p1a: Corviknight|0 fnt
|-damage|p2a: Azumarill|0 fnt|[from] item: Rocky Helmet|[of] p1a: Corviknight
|faint|p1a: Corviknight
|faint|p2a: Azumarill
|
|upkeep
|
|t:|1664622028
|switch|p2a: Corviknight|Corviknight, M|58/100
|switch|p1a: Blaziken|Blaziken, M|33/100 par
|-ability|p2a: Corviknight|Pressure
|turn|41
|
|t:|1664622042
|move|p2a: Corviknight|Brave Bird|p1a: Blaziken
|-supereffective|p1a: Blaziken
|-damage|p1a: Blaziken|0 fnt
|faint|p1a: Blaziken
|-damage|p2a: Corviknight|50/100|[from] Recoil
|
|-heal|p2a: Corviknight|56/100|[from] item: Leftovers
|upkeep
|
|t:|1664622046
|switch|p1a: Dragapult|Dragapult, M|95/100
|turn|42
|l| BigWes95
|
|t:|1664622053
|move|p1a: Dragapult|Flamethrower|p2a: Corviknight
|-supereffective|p2a: Corviknight
|-damage|p2a: Corviknight|3/100
|-status|p2a: Corviknight|brn
|move|p2a: Corviknight|Roost|p2a: Corviknight
|-heal|p2a: Corviknight|53/100 brn
|-singleturn|p2a: Corviknight|move: Roost
|
|-heal|p2a: Corviknight|60/100 brn|[from] item: Leftovers
|-damage|p2a: Corviknight|53/100 brn|[from] brn
|upkeep
|turn|43
|inactive|hypervortexreturns has 30 seconds left.
|inactive|hypervortexreturns has 20 seconds left.
|inactive|hypervortexreturns has 15 seconds left.
|inactive|hypervortexreturns has 10 seconds left.
|inactive|hypervortexreturns has 5 seconds left.
|-message|hypervortexreturns lost due to inactivity.
|
|win|josema_09
|raw|josema_09's rating: 1749 &rarr; <strong>1777</strong><br />(+28 for winning)
|raw|hypervortexreturns's rating: 1891 &rarr; <strong>1863</strong><br />(-28 for losing)
|l| Palladiawa A
|l| NDHB
