|j|‽Ahsan-219
|j|☆wsdfg
|t:|1608647635
|player|p1|Ahsan-219|clemont|1990
|player|p2|wsdfg|burglar|1843
|teamsize|p1|6
|teamsize|p2|6
|gametype|singles
|gen|8
|tier|[Gen 8] OU
|rated|
|clearpoke
|poke|p1|Garchomp, F|
|poke|p1|Heatran, M|
|poke|p1|Clefable, M|
|poke|p1|Toxapex, F|
|poke|p1|Zapdos|
|poke|p1|Kartana|
|poke|p2|Garchomp, M|
|poke|p2|Clefable, M|
|poke|p2|Landorus-Therian, M|
|poke|p2|Tyranitar, M|
|poke|p2|Spectrier|
|poke|p2|Volcarona, F|
|rule|Sleep Clause Mod: Limit one foe put to sleep
|rule|Species Clause: Limit one of each Pokémon
|rule|OHKO Clause: OHKO moves are banned
|rule|Evasion Moves Clause: Evasion moves are banned
|rule|Endless Battle Clause: Forcing endless battles is banned
|rule|HP Percentage Mod: HP is shown in percentages
|rule|Dynamax Clause: You cannot dynamax
|teampreview
|inactive|Battle timer is ON: inactive players will automatically lose when time's up. (requested by Ahsan-219)
|j| gangster and sht
|
|t:|1608647654
|start
|switch|p1a: Kartana|Kartana|100/100
|switch|p2a: Spectrier|Spectrier|100/100
|turn|1
|
|t:|1608647658
|switch|p1a: Toxapex|Toxapex, F|100/100
|move|p2a: Spectrier|Shadow Ball|p1a: Toxapex
|-damage|p1a: Toxapex|57/100
|
|-heal|p1a: Toxapex|63/100|[from] item: Leftovers
|upkeep
|turn|2
|c| gangster and sht|kart cut thru!!
|c| gangster and sht|yeah
|j| Stupid nooby
|j| DoubleTiddiesUltra
|
|t:|1608647674
|switch|p2a: Garchomp|Garchomp, M|100/100
|move|p1a: Toxapex|Recover|p1a: Toxapex
|-heal|p1a: Toxapex|100/100
|
|upkeep
|turn|3
|j| yuchun250
|
|t:|1608647680
|switch|p1a: Clefable|Clefable, M|100/100
|move|p2a: Garchomp|Swords Dance|p2a: Garchomp
|-boost|p2a: Garchomp|atk|2
|
|upkeep
|turn|4
|
|t:|1608647683
|move|p2a: Garchomp|Earthquake|p1a: Clefable
|-damage|p1a: Clefable|0 fnt
|-damage|p2a: Garchomp|91/100|[from] item: Life Orb
|faint|p1a: Clefable
|
|upkeep
|
|t:|1608647688
|switch|p1a: Kartana|Kartana|100/100
|turn|5
|
|t:|1608647695
|move|p1a: Kartana|Leaf Blade|p2a: Garchomp
|-damage|p2a: Garchomp|0 fnt
|-damage|p1a: Kartana|88/100|[from] ability: Rough Skin|[of] p2a: Garchomp
|faint|p2a: Garchomp
|-ability|p1a: Kartana|Beast Boost|boost
|-boost|p1a: Kartana|atk|1
|
|upkeep
|
|t:|1608647699
|switch|p2a: Volcarona|Volcarona, F|100/100
|turn|6
|c| gangster and sht|kart! kart!
|
|t:|1608647710
|switch|p1a: Garchomp|Garchomp, F|100/100
|switch|p2a: Landorus|Landorus-Therian, M|100/100
|-ability|p2a: Landorus|Intimidate|boost
|-unboost|p1a: Garchomp|atk|1
|
|upkeep
|turn|7
|
|t:|1608647713
|move|p1a: Garchomp|Stealth Rock|p2a: Landorus
|-sidestart|p2: wsdfg|move: Stealth Rock
|move|p2a: Landorus|Toxic|p1a: Garchomp
|-status|p1a: Garchomp|tox
|
|-damage|p1a: Garchomp|94/100 tox|[from] psn
|upkeep
|turn|8
|
|t:|1608647721
|switch|p1a: Zapdos|Zapdos|100/100
|-ability|p1a: Zapdos|Pressure
|move|p2a: Landorus|Defog|p1a: Zapdos
|-unboost|p1a: Zapdos|evasion|1
|-sideend|p2: wsdfg|Stealth Rock|[from] move: Defog|[of] p2a: Landorus
|
|upkeep
|turn|9
|
|t:|1608647724
|move|p2a: Landorus|Protect|p2a: Landorus
|-singleturn|p2a: Landorus|Protect
|move|p1a: Zapdos|Hurricane|p2a: Landorus
|-activate|p2a: Landorus|move: Protect
|
|upkeep
|turn|10
|
|t:|1608647729
|move|p1a: Zapdos|Hurricane|p2a: Landorus
|-damage|p2a: Landorus|52/100
|-start|p2a: Landorus|confusion
|-activate|p2a: Landorus|confusion
|move|p2a: Landorus|Toxic|p1a: Zapdos
|-status|p1a: Zapdos|tox
|
|-heal|p2a: Landorus|58/100|[from] item: Leftovers
|-damage|p1a: Zapdos|94/100 tox|[from] psn
|upkeep
|turn|11
|
|t:|1608647733
|switch|p1a: Garchomp|Garchomp, F|94/100 tox
|-activate|p2a: Landorus|confusion
|move|p2a: Landorus|Protect||[still]
|-fail|p2a: Landorus
|
|-heal|p2a: Landorus|64/100|[from] item: Leftovers
|-damage|p1a: Garchomp|88/100 tox|[from] psn
|upkeep
|turn|12
|j| Vessev
|
|t:|1608647737
|switch|p2a: Spectrier|Spectrier|100/100
|move|p1a: Garchomp|Scale Shot|p2a: Spectrier
|-damage|p2a: Spectrier|76/100
|-damage|p2a: Spectrier|50/100
|-hitcount|p2a: Spectrier|2
|-unboost|p1a: Garchomp|def|1
|-boost|p1a: Garchomp|spe|1
|-damage|p1a: Garchomp|78/100 tox|[from] item: Life Orb
|
|-damage|p1a: Garchomp|66/100 tox|[from] psn
|upkeep
|turn|13
|
|t:|1608647742
|switch|p2a: Landorus|Landorus-Therian, M|64/100
|-ability|p2a: Landorus|Intimidate|boost
|-unboost|p1a: Garchomp|atk|1
|move|p1a: Garchomp|Stealth Rock|p2a: Landorus
|-sidestart|p2: wsdfg|move: Stealth Rock
|
|-heal|p2a: Landorus|70/100|[from] item: Leftovers
|-damage|p1a: Garchomp|48/100 tox|[from] psn
|upkeep
|turn|14
|l| yuchun250
|
|t:|1608647751
|switch|p1a: Heatran|Heatran, M|100/100
|move|p2a: Landorus|Defog|p1a: Heatran
|-unboost|p1a: Heatran|evasion|1
|-sideend|p2: wsdfg|Stealth Rock|[from] move: Defog|[of] p2a: Landorus
|
|-heal|p2a: Landorus|76/100|[from] item: Leftovers
|upkeep
|turn|15
|
|t:|1608647761
|move|p2a: Landorus|Protect|p2a: Landorus
|-singleturn|p2a: Landorus|Protect
|move|p1a: Heatran|Eruption|p2a: Landorus
|-activate|p2a: Landorus|move: Protect
|
|-heal|p2a: Landorus|82/100|[from] item: Leftovers
|upkeep
|turn|16
|j| bulchasqu
|
|t:|1608647769
|switch|p2a: Tyranitar|Tyranitar, M|100/100
|-weather|Sandstorm|[from] ability: Sand Stream|[of] p2a: Tyranitar
|move|p1a: Heatran|Eruption|p2a: Tyranitar
|-resisted|p2a: Tyranitar
|-damage|p2a: Tyranitar|86/100
|
|-weather|Sandstorm|[upkeep]
|-heal|p2a: Tyranitar|92/100|[from] item: Leftovers
|upkeep
|turn|17
|
|t:|1608647775
|switch|p1a: Garchomp|Garchomp, F|48/100 tox
|move|p2a: Tyranitar|Stealth Rock|p1a: Garchomp
|-sidestart|p1: Ahsan-219|move: Stealth Rock
|
|-weather|Sandstorm|[upkeep]
|-heal|p2a: Tyranitar|98/100|[from] item: Leftovers
|-damage|p1a: Garchomp|41/100 tox|[from] psn
|upkeep
|turn|18
|
|t:|1608647778
|switch|p2a: Landorus|Landorus-Therian, M|82/100
|-ability|p2a: Landorus|Intimidate|boost
|-unboost|p1a: Garchomp|atk|1
|move|p1a: Garchomp|Stealth Rock|p2a: Landorus
|-sidestart|p2: wsdfg|move: Stealth Rock
|
|-weather|Sandstorm|[upkeep]
|-heal|p2a: Landorus|88/100|[from] item: Leftovers
|-damage|p1a: Garchomp|29/100 tox|[from] psn
|upkeep
|turn|19
|
|t:|1608647785
|switch|p1a: Zapdos|Zapdos|94/100 tox
|-ability|p1a: Zapdos|Pressure
|move|p2a: Landorus|Earthquake|p1a: Zapdos
|-immune|p1a: Zapdos
|
|-weather|Sandstorm|[upkeep]
|-damage|p1a: Zapdos|88/100 tox|[from] Sandstorm
|-heal|p2a: Landorus|94/100|[from] item: Leftovers
|-damage|p1a: Zapdos|82/100 tox|[from] psn
|upkeep
|turn|20
|
|t:|1608647792
|move|p2a: Landorus|Protect|p2a: Landorus
|-singleturn|p2a: Landorus|Protect
|move|p1a: Zapdos|Hurricane|p2a: Landorus
|-activate|p2a: Landorus|move: Protect
|
|-weather|none
|-heal|p2a: Landorus|100/100|[from] item: Leftovers
|-damage|p1a: Zapdos|69/100 tox|[from] psn
|upkeep
|turn|21
|
|t:|1608647797
|switch|p1a: Kartana|Kartana|88/100
|-damage|p1a: Kartana|82/100|[from] Stealth Rock
|switch|p2a: Tyranitar|Tyranitar, M|98/100
|-damage|p2a: Tyranitar|86/100|[from] Stealth Rock
|-weather|Sandstorm|[from] ability: Sand Stream|[of] p2a: Tyranitar
|
|-weather|Sandstorm|[upkeep]
|-heal|p2a: Tyranitar|92/100|[from] item: Leftovers
|upkeep
|turn|22
|
|t:|1608647802
|switch|p2a: Volcarona|Volcarona, F|100/100
|move|p1a: Kartana|Leaf Blade|p2a: Volcarona
|-resisted|p2a: Volcarona
|-damage|p2a: Volcarona|64/100
|
|-weather|Sandstorm|[upkeep]
|-damage|p2a: Volcarona|58/100|[from] Sandstorm
|upkeep
|turn|23
|
|t:|1608647815
|switch|p1a: Toxapex|Toxapex, F|100/100
|-damage|p1a: Toxapex|88/100|[from] Stealth Rock
|switch|p2a: Clefable|Clefable, M|100/100
|
|-weather|Sandstorm|[upkeep]
|-damage|p1a: Toxapex|82/100|[from] Sandstorm
|-heal|p1a: Toxapex|88/100|[from] item: Leftovers
|upkeep
|turn|24
|
|t:|1608647822
|switch|p1a: Heatran|Heatran, M|100/100
|-damage|p1a: Heatran|88/100|[from] Stealth Rock
|move|p2a: Clefable|Wish|p2a: Clefable
|
|-weather|Sandstorm|[upkeep]
|upkeep
|turn|25
|
|t:|1608647829
|move|p2a: Clefable|Protect|p2a: Clefable
|-singleturn|p2a: Clefable|Protect
|move|p1a: Heatran|Flash Cannon|p2a: Clefable
|-activate|p2a: Clefable|move: Protect
|
|-weather|none
|upkeep
|turn|26
|
|t:|1608647834
|move|p1a: Heatran|Flash Cannon|p2a: Clefable
|-supereffective|p2a: Clefable
|-damage|p2a: Clefable|47/100
|-unboost|p2a: Clefable|spd|1
|move|p2a: Clefable|Wish|p2a: Clefable
|
|-heal|p2a: Clefable|53/100|[from] item: Leftovers
|upkeep
|turn|27
|
|t:|1608647836
|move|p2a: Clefable|Protect|p2a: Clefable
|-singleturn|p2a: Clefable|Protect
|move|p1a: Heatran|Flash Cannon|p2a: Clefable
|-activate|p2a: Clefable|move: Protect
|
|-heal|p2a: Clefable|100/100|[from] move: Wish|[wisher] Clefable
|upkeep
|turn|28
|
|t:|1608647839
|switch|p2a: Tyranitar|Tyranitar, M|92/100
|-damage|p2a: Tyranitar|79/100|[from] Stealth Rock
|-weather|Sandstorm|[from] ability: Sand Stream|[of] p2a: Tyranitar
|move|p1a: Heatran|Flash Cannon|p2a: Tyranitar
|-supereffective|p2a: Tyranitar
|-damage|p2a: Tyranitar|45/100
|-unboost|p2a: Tyranitar|spd|1
|
|-weather|Sandstorm|[upkeep]
|-heal|p2a: Tyranitar|51/100|[from] item: Leftovers
|upkeep
|turn|29
|
|t:|1608647843
|move|p1a: Heatran|Flash Cannon|p2a: Tyranitar
|-supereffective|p2a: Tyranitar
|-damage|p2a: Tyranitar|0 fnt
|faint|p2a: Tyranitar
|
|-weather|Sandstorm|[upkeep]
|upkeep
|
|t:|1608647848
|switch|p2a: Landorus|Landorus-Therian, M|100/100
|-damage|p2a: Landorus|88/100|[from] Stealth Rock
|-ability|p2a: Landorus|Intimidate|boost
|-unboost|p1a: Heatran|atk|1
|turn|30
|
|t:|1608647857
|switch|p1a: Zapdos|Zapdos|69/100 tox
|-ability|p1a: Zapdos|Pressure
|move|p2a: Landorus|Earthquake|p1a: Zapdos
|-immune|p1a: Zapdos
|
|-weather|Sandstorm|[upkeep]
|-damage|p1a: Zapdos|63/100 tox|[from] Sandstorm
|-heal|p2a: Landorus|94/100|[from] item: Leftovers
|-damage|p1a: Zapdos|57/100 tox|[from] psn
|upkeep
|turn|31
|
|t:|1608647863
|switch|p2a: Clefable|Clefable, M|100/100
|move|p1a: Zapdos|Hurricane|p2a: Clefable
|-damage|p2a: Clefable|70/100
|
|-weather|Sandstorm|[upkeep]
|-damage|p1a: Zapdos|50/100 tox|[from] Sandstorm
|-heal|p2a: Clefable|76/100|[from] item: Leftovers
|-damage|p1a: Zapdos|38/100 tox|[from] psn
|upkeep
|turn|32
|
|t:|1608647868
|move|p1a: Zapdos|Roost|p1a: Zapdos
|-heal|p1a: Zapdos|88/100 tox
|-singleturn|p1a: Zapdos|move: Roost
|move|p2a: Clefable|Moonblast|p1a: Zapdos
|-damage|p1a: Zapdos|57/100 tox
|
|-weather|none
|-heal|p2a: Clefable|82/100|[from] item: Leftovers
|-damage|p1a: Zapdos|38/100 tox|[from] psn
|upkeep
|turn|33
|
|t:|1608647872
|move|p1a: Zapdos|Thunderbolt|p2a: Clefable
|-damage|p2a: Clefable|55/100
|-status|p2a: Clefable|par
|move|p2a: Clefable|Moonblast|p1a: Zapdos
|-damage|p1a: Zapdos|10/100 tox
|-unboost|p1a: Zapdos|spa|1
|
|-heal|p2a: Clefable|61/100 par|[from] item: Leftovers
|-damage|p1a: Zapdos|0 fnt|[from] psn
|faint|p1a: Zapdos
|upkeep
|
|t:|1608647874
|switch|p1a: Kartana|Kartana|82/100
|-damage|p1a: Kartana|76/100|[from] Stealth Rock
|turn|34
|
|t:|1608647880
|cant|p2a: Clefable|par
|move|p1a: Kartana|Leaf Blade|p2a: Clefable
|-damage|p2a: Clefable|0 fnt
|faint|p2a: Clefable
|-ability|p1a: Kartana|Beast Boost|boost
|-boost|p1a: Kartana|atk|1
|
|upkeep
|
|t:|1608647882
|switch|p2a: Volcarona|Volcarona, F|58/100
|turn|35
|l| bulchasqu
|c| gangster and sht|kart kart!!
|j| snakebytx12
|
|t:|1608647899
|switch|p1a: Toxapex|Toxapex, F|100/100
|-damage|p1a: Toxapex|88/100|[from] Stealth Rock
|move|p2a: Volcarona|Bug Buzz|p1a: Toxapex
|-resisted|p1a: Toxapex
|-damage|p1a: Toxapex|71/100
|
|-heal|p1a: Toxapex|77/100|[from] item: Leftovers
|upkeep
|turn|36
|
|t:|1608647903
|move|p2a: Volcarona|Psychic|p1a: Toxapex
|-supereffective|p1a: Toxapex
|-damage|p1a: Toxapex|33/100
|move|p1a: Toxapex|Toxic|p2a: Volcarona
|-status|p2a: Volcarona|tox
|
|-heal|p1a: Toxapex|40/100|[from] item: Leftovers
|-damage|p2a: Volcarona|52/100 tox|[from] psn
|upkeep
|turn|37
|
|t:|1608647911
|switch|p2a: Landorus|Landorus-Therian, M|94/100
|-damage|p2a: Landorus|82/100|[from] Stealth Rock
|-ability|p2a: Landorus|Intimidate|boost
|-unboost|p1a: Toxapex|atk|1
|switch|p1a: Heatran|Heatran, M|88/100
|-damage|p1a: Heatran|76/100|[from] Stealth Rock
|
|-heal|p2a: Landorus|88/100|[from] item: Leftovers
|upkeep
|turn|38
|
|t:|1608647917
|switch|p1a: Garchomp|Garchomp, F|29/100 tox
|-damage|p1a: Garchomp|23/100 tox|[from] Stealth Rock
|move|p2a: Landorus|Earthquake|p1a: Garchomp
|-damage|p1a: Garchomp|0 fnt
|faint|p1a: Garchomp
|
|-heal|p2a: Landorus|94/100|[from] item: Leftovers
|upkeep
|
|t:|1608647919
|switch|p1a: Kartana|Kartana|76/100
|-damage|p1a: Kartana|70/100|[from] Stealth Rock
|turn|39
|
|t:|1608647924
|move|p2a: Landorus|Protect|p2a: Landorus
|-singleturn|p2a: Landorus|Protect
|move|p1a: Kartana|Leaf Blade|p2a: Landorus
|-activate|p2a: Landorus|move: Protect
|
|-heal|p2a: Landorus|99/100|[from] item: Leftovers
|upkeep
|turn|40
|
|t:|1608647928
|switch|p2a: Volcarona|Volcarona, F|52/100 tox
|move|p1a: Kartana|Leaf Blade|p2a: Volcarona
|-resisted|p2a: Volcarona
|-damage|p2a: Volcarona|16/100 tox
|
|-damage|p2a: Volcarona|10/100 tox|[from] psn
|upkeep
|turn|41
|
|t:|1608647930
|move|p1a: Kartana|Leaf Blade|p2a: Volcarona
|-resisted|p2a: Volcarona
|-damage|p2a: Volcarona|0 fnt
|faint|p2a: Volcarona
|-ability|p1a: Kartana|Beast Boost|boost
|-boost|p1a: Kartana|atk|1
|
|upkeep
|
|t:|1608647936
|switch|p2a: Spectrier|Spectrier|50/100
|-damage|p2a: Spectrier|38/100|[from] Stealth Rock
|turn|42
|c| gangster and sht|kart !!
|
|t:|1608647939
|switch|p1a: Toxapex|Toxapex, F|73/100
|-damage|p1a: Toxapex|60/100|[from] Stealth Rock
|move|p2a: Spectrier|Shadow Ball|p1a: Toxapex
|-damage|p1a: Toxapex|15/100
|-unboost|p1a: Toxapex|spd|1
|
|-heal|p1a: Toxapex|21/100|[from] item: Leftovers
|upkeep
|turn|43
|
|t:|1608647941
|move|p2a: Spectrier|Shadow Ball|p1a: Toxapex
|-damage|p1a: Toxapex|0 fnt
|faint|p1a: Toxapex
|-ability|p2a: Spectrier|Grim Neigh|boost
|-boost|p2a: Spectrier|spa|1
|
|upkeep
|
|t:|1608647943
|switch|p1a: Heatran|Heatran, M|76/100
|-damage|p1a: Heatran|63/100|[from] Stealth Rock
|turn|44
|
|t:|1608647950
|move|p1a: Heatran|Eruption|p2a: Spectrier
|-damage|p2a: Spectrier|0 fnt
|faint|p2a: Spectrier
|
|upkeep
|
|t:|1608647952
|switch|p2a: Landorus|Landorus-Therian, M|99/100
|-damage|p2a: Landorus|88/100|[from] Stealth Rock
|-ability|p2a: Landorus|Intimidate|boost
|-unboost|p1a: Heatran|atk|1
|turn|45
|
|t:|1608647953
|move|p2a: Landorus|Protect|p2a: Landorus
|-singleturn|p2a: Landorus|Protect
|move|p1a: Heatran|Eruption|p2a: Landorus
|-activate|p2a: Landorus|move: Protect
|
|-heal|p2a: Landorus|94/100|[from] item: Leftovers
|upkeep
|turn|46
|c| gangster and sht|kart cut thru1!!
|j| sapaspoiap
|
|t:|1608647981
|move|p1a: Heatran|Eruption|p2a: Landorus
|-damage|p2a: Landorus|42/100
|move|p2a: Landorus|Earthquake|p1a: Heatran
|-supereffective|p1a: Heatran
|-damage|p1a: Heatran|0 fnt
|faint|p1a: Heatran
|
|-heal|p2a: Landorus|48/100|[from] item: Leftovers
|upkeep
|c| DoubleTiddiesUltra|lol
|
|t:|1608647991
|switch|p1a: Kartana|Kartana|70/100
|-damage|p1a: Kartana|63/100|[from] Stealth Rock
|turn|47
|c| gangster and sht|kart!
|
|t:|1608647999
|move|p2a: Landorus|Protect|p2a: Landorus
|-singleturn|p2a: Landorus|Protect
|move|p1a: Kartana|Leaf Blade|p2a: Landorus
|-activate|p2a: Landorus|move: Protect
|
|-heal|p2a: Landorus|54/100|[from] item: Leftovers
|upkeep
|turn|48
|
|t:|1608648001
|move|p1a: Kartana|Leaf Blade|p2a: Landorus
|-damage|p2a: Landorus|0 fnt
|faint|p2a: Landorus
|
|win|Ahsan-219
