|j|☆Outrageswept
|j|☆LizzyPark
|t:|1654650059
|gametype|singles
|player|p1|Outrageswept|fisherman-gen4|1478
|player|p2|LizzyPark|doctor|1536
|teamsize|p1|6
|teamsize|p2|6
|gen|8
|tier|[Gen 8] OU
|rated|
|rule|Sleep Clause Mod: Limit one foe put to sleep
|rule|Species Clause: Limit one of each Pokémon
|rule|OHKO Clause: OHKO moves are banned
|rule|Evasion Moves Clause: Evasion moves are banned
|rule|Endless Battle Clause: Forcing endless battles is banned
|rule|HP Percentage Mod: HP is shown in percentages
|rule|Dynamax Clause: You cannot dynamax
|clearpoke
|poke|p1|Ferrothorn, M|
|poke|p1|Barraskewda, F|
|poke|p1|Pelipper, F|
|poke|p1|Zapdos|
|poke|p1|Garchomp, F|
|poke|p1|Crawdaunt, M|
|poke|p2|Weavile, F|
|poke|p2|Kartana|
|poke|p2|Blacephalon|
|poke|p2|Rillaboom, M|
|poke|p2|Landorus-Therian, M|
|poke|p2|Melmetal|
|teampreview
|j| Qideg
|l| Qideg
|
|t:|1654650075
|start
|switch|p1a: Larry|Crawdaunt, M|100/100
|switch|p2a: Weavile|Weavile, F|100/100
|turn|1
|inactive|Battle timer is ON: inactive players will automatically lose when time's up. (requested by Outrageswept)
|inactive|LizzyPark has 120 seconds left.
|
|t:|1654650113
|move|p2a: Weavile|Beat Up|p1a: Larry
|-resisted|p1a: Larry
|-damage|p1a: Larry|94/100
|-resisted|p1a: Larry
|-damage|p1a: Larry|84/100
|-resisted|p1a: Larry
|-damage|p1a: Larry|77/100
|-resisted|p1a: Larry
|-damage|p1a: Larry|70/100
|-resisted|p1a: Larry
|-damage|p1a: Larry|63/100
|-resisted|p1a: Larry
|-damage|p1a: Larry|55/100
|-hitcount|p1a: Larry|6
|move|p1a: Larry|Swords Dance|p1a: Larry
|-boost|p1a: Larry|atk|2
|
|upkeep
|turn|2
|
|t:|1654650117
|move|p1a: Larry|Aqua Jet|p2a: Weavile
|-enditem|p2a: Weavile|Focus Sash
|-damage|p2a: Weavile|1/100
|-enditem|p1a: Larry|Life Orb|[silent]|[from] ability: Pickpocket|[of] p1a: Larry
|-item|p2a: Weavile|Life Orb|[from] ability: Pickpocket|[of] p1a: Larry
|move|p2a: Weavile|Beat Up|p1a: Larry
|-resisted|p1a: Larry
|-damage|p1a: Larry|46/100
|-resisted|p1a: Larry
|-damage|p1a: Larry|33/100
|-resisted|p1a: Larry
|-crit|p1a: Larry
|-damage|p1a: Larry|20/100
|-resisted|p1a: Larry
|-damage|p1a: Larry|12/100
|-resisted|p1a: Larry
|-damage|p1a: Larry|2/100
|-resisted|p1a: Larry
|-damage|p1a: Larry|0 fnt
|faint|p1a: Larry
|-hitcount|p1: Larry|6
|-damage|p2a: Weavile|0 fnt|[from] item: Life Orb
|faint|p2a: Weavile
|
|upkeep
|
|t:|1654650136
|switch|p2a: 4-Eyes|Blacephalon, shiny|100/100
|switch|p1a: Ferrothorn|Ferrothorn, M|100/100
|turn|3
|
|t:|1654650140
|switch|p1a: Pelipper|Pelipper, F|100/100
|-weather|RainDance|[from] ability: Drizzle|[of] p1a: Pelipper
|move|p2a: 4-Eyes|Calm Mind|p2a: 4-Eyes
|-boost|p2a: 4-Eyes|spa|1
|-boost|p2a: 4-Eyes|spd|1
|
|-weather|RainDance|[upkeep]
|upkeep
|turn|4
|
|t:|1654650145
|move|p2a: 4-Eyes|Shadow Ball|p1a: Pelipper
|-damage|p1a: Pelipper|26/100
|move|p1a: Pelipper|Scald|p2a: 4-Eyes
|-supereffective|p2a: 4-Eyes
|-damage|p2a: 4-Eyes|39/100
|
|-weather|RainDance|[upkeep]
|upkeep
|turn|5
|
|t:|1654650152
|switch|p1a: Ferrothorn|Ferrothorn, M|100/100
|move|p2a: 4-Eyes|Shadow Ball|p1a: Ferrothorn
|-damage|p1a: Ferrothorn|56/100
|
|-weather|RainDance|[upkeep]
|-heal|p1a: Ferrothorn|62/100|[from] item: Leftovers
|upkeep
|turn|6
|
|t:|1654650170
|move|p2a: 4-Eyes|Flamethrower|p1a: Ferrothorn
|-supereffective|p1a: Ferrothorn
|-damage|p1a: Ferrothorn|0 fnt
|faint|p1a: Ferrothorn
|-ability|p2a: 4-Eyes|Beast Boost|boost
|-boost|p2a: 4-Eyes|spe|1
|
|-weather|RainDance|[upkeep]
|upkeep
|
|t:|1654650175
|switch|p1a: Barraskewda|Barraskewda, F|100/100
|turn|7
|
|t:|1654650178
|switch|p2a: Broken 2|Melmetal|100/100
|move|p1a: Barraskewda|Flip Turn|p2a: Broken 2
|-damage|p2a: Broken 2|58/100
|-enditem|p2a: Broken 2|Eject Button
|
|t:|1654650183
|switch|p2a: Broken|Landorus-Therian, M|100/100
|-ability|p2a: Broken|Intimidate|boost
|-unboost|p1a: Barraskewda|atk|1
|
|-weather|RainDance|[upkeep]
|upkeep
|turn|8
|
|t:|1654650186
|switch|p2a: 4-Eyes|Blacephalon, shiny|39/100
|move|p1a: Barraskewda|Flip Turn|p2a: 4-Eyes
|-supereffective|p2a: 4-Eyes
|-damage|p2a: 4-Eyes|0 fnt
|faint|p2a: 4-Eyes
|
|t:|1654650191
|switch|p1a: Zapdos|Zapdos|100/100|[from]move: Flip Turn
|
|-weather|RainDance|[upkeep]
|upkeep
|
|t:|1654650195
|switch|p2a: Broken|Landorus-Therian, M|100/100
|-ability|p2a: Broken|Intimidate|boost
|-unboost|p1a: Zapdos|atk|1
|turn|9
|
|t:|1654650197
|move|p1a: Zapdos|Weather Ball|p2a: Broken
|-supereffective|p2a: Broken
|-damage|p2a: Broken|0 fnt
|faint|p2a: Broken
|
|-weather|RainDance|[upkeep]
|upkeep
|
|t:|1654650203
|switch|p2a: Broken 2|Melmetal|58/100
|turn|10
|
|t:|1654650206
|move|p1a: Zapdos|Thunder|p2a: Broken 2
|-damage|p2a: Broken 2|0 fnt
|faint|p2a: Broken 2
|
|-weather|none
|upkeep
|
|t:|1654650209
|switch|p2a: Big E-stablished|Rillaboom, M|100/100
|-fieldstart|move: Grassy Terrain|[from] ability: Grassy Surge|[of] p2a: Big E-stablished
|turn|11
|
|t:|1654650217
|move|p1a: Zapdos|Hurricane|p2a: Big E-stablished|[miss]
|-miss|p1a: Zapdos|p2a: Big E-stablished
|move|p2a: Big E-stablished|Swords Dance|p2a: Big E-stablished
|-boost|p2a: Big E-stablished|atk|2
|
|upkeep
|turn|12
|
|t:|1654650220
|move|p2a: Big E-stablished|Grassy Glide|p1a: Zapdos
|-resisted|p1a: Zapdos
|-crit|p1a: Zapdos
|-damage|p1a: Zapdos|0 fnt
|faint|p1a: Zapdos
|-damage|p2a: Big E-stablished|91/100|[from] item: Life Orb
|
|-heal|p2a: Big E-stablished|97/100|[from] Grassy Terrain
|upkeep
|
|t:|1654650228
|switch|p1a: Garchomp|Garchomp, F|100/100
|turn|13
|c|☆LizzyPark|yuuuup
|
|t:|1654650231
|move|p2a: Big E-stablished|Grassy Glide|p1a: Garchomp
|-damage|p1a: Garchomp|0 fnt
|-damage|p2a: Big E-stablished|84/100|[from] ability: Rough Skin|[of] p1a: Garchomp
|faint|p1a: Garchomp
|-damage|p2a: Big E-stablished|74/100|[from] item: Life Orb
|
|-heal|p2a: Big E-stablished|81/100|[from] Grassy Terrain
|upkeep
|-message|Outrageswept forfeited.
|
|win|LizzyPark
|raw|Outrageswept's rating: 1478 &rarr; <strong>1461</strong><br />(-17 for losing)
|raw|LizzyPark's rating: 1536 &rarr; <strong>1553</strong><br />(+17 for winning)
|l|☆Outrageswept
||Ladder isn't responding, score probably updated but might not have (Request timeout).
