|j|☆Ferrothornail草钢甲
|j|☆shitsnotworking
|t:|1663337964
|gametype|singles
|player|p1|Ferrothornail草钢甲|lillie|1858
|player|p2|shitsnotworking|bugcatcher-gen4dp|1743
|teamsize|p1|6
|teamsize|p2|6
|gen|8
|tier|[Gen 8] OU
|rated|
|rule|Sleep Clause Mod: Limit one foe put to sleep
|rule|Species Clause: Limit one of each Pokémon
|rule|OHKO Clause: OHKO moves are banned
|rule|Evasion Items Clause: Evasion items are banned
|rule|Evasion Moves Clause: Evasion moves are banned
|rule|Endless Battle Clause: Forcing endless battles is banned
|rule|HP Percentage Mod: HP is shown in percentages
|rule|Dynamax Clause: You cannot dynamax
|clearpoke
|poke|p1|Hatterene, F|
|poke|p1|Porygon2|
|poke|p1|Cresselia, F|
|poke|p1|Marowak-Alola, F|
|poke|p1|Crawdaunt, F|
|poke|p1|Melmetal|
|poke|p2|Tyranitar, M|
|poke|p2|Excadrill, M|
|poke|p2|Dracozolt|
|poke|p2|Tornadus-Therian, M|
|poke|p2|Corviknight, F|
|poke|p2|Rotom-Wash|
|teampreview
|
|t:|1663338024
|start
|switch|p1a: Hatterene|Hatterene, F|100/100
|switch|p2a: Excadrill|Excadrill, M|100/100
|turn|1
|
|t:|1663338033
|move|p2a: Excadrill|Iron Head|p1a: Hatterene
|-supereffective|p1a: Hatterene
|-damage|p1a: Hatterene|8/100
|move|p1a: Hatterene|Trick Room|p1a: Hatterene
|-fieldstart|move: Trick Room|[of] p1a: Hatterene
|
|upkeep
|turn|2
|
|t:|1663338041
|switch|p2a: Tyranitar|Tyranitar, M|100/100
|-weather|Sandstorm|[from] ability: Sand Stream|[of] p2a: Tyranitar
|move|p1a: Hatterene|Mystical Fire|p2a: Tyranitar
|-resisted|p2a: Tyranitar
|-damage|p2a: Tyranitar|95/100
|-unboost|p2a: Tyranitar|spa|1
|
|-weather|Sandstorm|[upkeep]
|-damage|p1a: Hatterene|2/100|[from] Sandstorm
|-heal|p2a: Tyranitar|100/100|[from] item: Leftovers
|upkeep
|turn|3
|inactive|Battle timer is ON: inactive players will automatically lose when time's up. (requested by Ferrothornail草钢甲)
|
|t:|1663338109
|move|p1a: Hatterene|Mystical Fire|p2a: Tyranitar
|-resisted|p2a: Tyranitar
|-damage|p2a: Tyranitar|95/100
|-unboost|p2a: Tyranitar|spa|1
|move|p2a: Tyranitar|Earthquake|p1a: Hatterene
|-damage|p1a: Hatterene|0 fnt
|faint|p1a: Hatterene
|
|-weather|Sandstorm|[upkeep]
|-heal|p2a: Tyranitar|100/100|[from] item: Leftovers
|upkeep
|
|t:|1663338117
|switch|p1a: Crawdaunt|Crawdaunt, F|100/100
|turn|4
|j| Saorihhhhhhh
|
|t:|1663338142
|move|p2a: Tyranitar|Protect|p2a: Tyranitar
|-singleturn|p2a: Tyranitar|Protect
|move|p1a: Crawdaunt|Swords Dance|p1a: Crawdaunt
|-boost|p1a: Crawdaunt|atk|2
|
|-weather|Sandstorm|[upkeep]
|-damage|p1a: Crawdaunt|94/100|[from] Sandstorm
|upkeep
|turn|5
|j| megasalappo
|inactive|shitsnotworking has 120 seconds left.
|
|t:|1663338178
|switch|p2a: Corviknight|Corviknight, F|100/100
|-ability|p2a: Corviknight|Pressure
|move|p1a: Crawdaunt|Knock Off|p2a: Corviknight
|-damage|p2a: Corviknight|0 fnt
|-damage|p1a: Crawdaunt|78/100|[from] item: Rocky Helmet|[of] p2a: Corviknight
|-enditem|p2a: Corviknight|Rocky Helmet|[from] move: Knock Off|[of] p1a: Crawdaunt
|faint|p2a: Corviknight
|-damage|p1a: Crawdaunt|68/100|[from] item: Life Orb
|
|-weather|Sandstorm|[upkeep]
|-damage|p1a: Crawdaunt|62/100|[from] Sandstorm
|-fieldend|move: Trick Room
|upkeep
|
|t:|1663338181
|switch|p2a: Dracozolt|Dracozolt|100/100
|turn|6
|
|t:|1663338189
|switch|p1a: Cresselia|Cresselia, F|100/100
|move|p2a: Dracozolt|Bolt Beak|p1a: Cresselia
|-damage|p1a: Cresselia|55/100
|-damage|p2a: Dracozolt|91/100|[from] item: Life Orb
|
|-weather|none
|upkeep
|turn|7
|inactive|shitsnotworking has 120 seconds left.
|
|t:|1663338196
|move|p2a: Dracozolt|Bolt Beak|p1a: Cresselia
|-damage|p1a: Cresselia|7/100
|-damage|p2a: Dracozolt|81/100|[from] item: Life Orb
|move|p1a: Cresselia|Trick Room|p1a: Cresselia
|-fieldstart|move: Trick Room|[of] p1a: Cresselia
|
|upkeep
|turn|8
|inactive|shitsnotworking has 120 seconds left.
|
|t:|1663338208
|switch|p2a: Tyranitar|Tyranitar, M|100/100
|-weather|Sandstorm|[from] ability: Sand Stream|[of] p2a: Tyranitar
|move|p1a: Cresselia|Lunar Dance|p1a: Cresselia
|faint|p1a: Cresselia
|
|-weather|Sandstorm|[upkeep]
|upkeep
|
|t:|1663338215
|switch|p1a: Melmetal|Melmetal|100/100
|turn|9
|
|t:|1663338225
|move|p2a: Tyranitar|Protect|p2a: Tyranitar
|-singleturn|p2a: Tyranitar|Protect
|move|p1a: Melmetal|Double Iron Bash|p2a: Tyranitar
|-activate|p2a: Tyranitar|move: Protect
|
|-weather|Sandstorm|[upkeep]
|upkeep
|turn|10
|
|t:|1663338228
|switch|p1a: Crawdaunt|Crawdaunt, F|62/100
|-heal|p1a: Crawdaunt|100/100|[from] move: Lunar Dance
|switch|p2a: Rotom|Rotom-Wash|100/100
|
|-weather|Sandstorm|[upkeep]
|-damage|p1a: Crawdaunt|94/100|[from] Sandstorm
|-damage|p2a: Rotom|94/100|[from] Sandstorm
|-heal|p2a: Rotom|100/100|[from] item: Leftovers
|upkeep
|turn|11
|
|t:|1663338236
|move|p1a: Crawdaunt|Knock Off|p2a: Rotom
|-damage|p2a: Rotom|5/100
|-enditem|p2a: Rotom|Leftovers|[from] move: Knock Off|[of] p1a: Crawdaunt
|-damage|p1a: Crawdaunt|84/100|[from] item: Life Orb
|move|p2a: Rotom|Volt Switch|p1a: Crawdaunt
|-supereffective|p1a: Crawdaunt
|-damage|p1a: Crawdaunt|0 fnt
|faint|p1a: Crawdaunt
|
|t:|1663338244
|switch|p2a: Excadrill|Excadrill, M|100/100|[from]move: Volt Switch
|
|-weather|Sandstorm|[upkeep]
|-fieldend|move: Trick Room
|upkeep
|
|t:|1663338253
|switch|p1a: Melmetal|Melmetal|100/100
|turn|12
|j| amimec
|
|t:|1663338272
|move|p2a: Excadrill|Earthquake|p1a: Melmetal
|-supereffective|p1a: Melmetal
|-damage|p1a: Melmetal|43/100
|move|p1a: Melmetal|Double Iron Bash|p2a: Excadrill
|-resisted|p2a: Excadrill
|-crit|p2a: Excadrill
|-damage|p2a: Excadrill|31/100
|-resisted|p2a: Excadrill
|-damage|p2a: Excadrill|0 fnt
|faint|p2a: Excadrill
|-hitcount|p2: Excadrill|2
|
|-weather|none
|upkeep
|j| BlastItAll
|
|t:|1663338284
|switch|p2a: Rotom|Rotom-Wash|5/100
|turn|13
|
|t:|1663338292
|move|p2a: Rotom|Will-O-Wisp|p1a: Melmetal
|-status|p1a: Melmetal|brn
|move|p1a: Melmetal|Double Iron Bash|p2a: Rotom
|-resisted|p2a: Rotom
|-damage|p2a: Rotom|0 fnt
|faint|p2a: Rotom
|-hitcount|p2: Rotom|1
|
|-damage|p1a: Melmetal|37/100 brn|[from] brn
|upkeep
|
|t:|1663338312
|switch|p2a: Dracozolt|Dracozolt|81/100
|turn|14
|
|t:|1663338316
|move|p2a: Dracozolt|Earthquake|p1a: Melmetal
|-supereffective|p1a: Melmetal
|-damage|p1a: Melmetal|0 fnt
|faint|p1a: Melmetal
|-damage|p2a: Dracozolt|71/100|[from] item: Life Orb
|
|upkeep
|
|t:|1663338320
|switch|p1a: Porygon2|Porygon2|100/100
|-ability|p1a: Porygon2|Download|boost
|-boost|p1a: Porygon2|spa|1
|turn|15
|
|t:|1663338323
|move|p2a: Dracozolt|Bolt Beak|p1a: Porygon2
|-damage|p1a: Porygon2|34/100
|-damage|p2a: Dracozolt|61/100|[from] item: Life Orb
|move|p1a: Porygon2|Ice Beam|p2a: Dracozolt
|-supereffective|p2a: Dracozolt
|-damage|p2a: Dracozolt|0 fnt
|faint|p2a: Dracozolt
|
|upkeep
|
|t:|1663338330
|switch|p2a: Tornadus|Tornadus-Therian, M|100/100
|turn|16
|
|t:|1663338332
|move|p2a: Tornadus|Focus Blast|p1a: Porygon2|[miss]
|-miss|p2a: Tornadus|p1a: Porygon2
|move|p1a: Porygon2|Trick Room|p1a: Porygon2
|-fieldstart|move: Trick Room|[of] p1a: Porygon2
|
|upkeep
|turn|17
|
|t:|1663338343
|move|p2a: Tornadus|Focus Blast|p1a: Porygon2
|-supereffective|p1a: Porygon2
|-damage|p1a: Porygon2|0 fnt
|faint|p1a: Porygon2
|
|upkeep
|
|t:|1663338345
|switch|p1a: Marowak|Marowak-Alola, F|100/100
|turn|18
|
|t:|1663338348
|move|p1a: Marowak|Low Kick|p2a: Tornadus
|-resisted|p2a: Tornadus
|-damage|p2a: Tornadus|70/100
|move|p2a: Tornadus|Knock Off|p1a: Marowak
|-supereffective|p1a: Marowak
|-damage|p1a: Marowak|63/100
|-enditem|p1a: Marowak|Thick Club|[from] move: Knock Off|[of] p2a: Tornadus
|
|upkeep
|turn|19
|-message|Ferrothornail草钢甲 forfeited.
|
|win|shitsnotworking
|raw|Ferrothornail草钢甲's rating: 1858 &rarr; <strong>1832</strong><br />(-26 for losing)
|raw|shitsnotworking's rating: 1743 &rarr; <strong>1769</strong><br />(+26 for winning)
|l|☆Ferrothornail草钢甲
|j|☆Ferrothornail草钢甲
|player|p1|Ferrothornail草钢甲|lillie
