|j|☆big boss 447
|j|☆juyenfun
|player|p1|big boss 447|n|1733
|player|p2|juyenfun|steven|1621
|teamsize|p1|6
|teamsize|p2|6
|gametype|singles
|gen|8
|tier|[Gen 8] OU
|rated|
|clearpoke
|poke|p1|Runerigus, F|
|poke|p1|Cloyster, F|
|poke|p1|Aegislash, F|
|poke|p1|Toxtricity, F|
|poke|p1|Bisharp, M|
|poke|p1|Togekiss, M|
|poke|p2|Inteleon, F|
|poke|p2|Kyurem|
|poke|p2|Bisharp, F|
|poke|p2|Necrozma|
|poke|p2|Jirachi|
|poke|p2|Turtonator, F|
|rule|Sleep Clause Mod: Limit one foe put to sleep
|rule|Species Clause: Limit one of each Pokémon
|rule|OHKO Clause: OHKO moves are banned
|rule|Evasion Moves Clause: Evasion moves are banned
|rule|Endless Battle Clause: Forcing endless battles is banned
|rule|HP Percentage Mod: HP is shown in percentages
|rule|Dynamax Clause: You cannot dynamax
|teampreview
|inactive|Battle timer is ON: inactive players will automatically lose when time's up. (requested by big boss 447)
|inactive|juyenfun has 120 seconds left.
|
|start
|switch|p1a: Togekiss|Togekiss, M|100/100
|switch|p2a: Inteleon|Inteleon, F|100/100
|turn|1
|
|move|p1a: Togekiss|Air Slash|p2a: Inteleon
|-damage|p2a: Inteleon|35/100
|move|p2a: Inteleon|Ice Beam|p1a: Togekiss
|-supereffective|p1a: Togekiss
|-crit|p1a: Togekiss
|-damage|p1a: Togekiss|0 fnt
|faint|p1a: Togekiss
|
|upkeep
|
|switch|p1a: Cloyster|Cloyster, F|100/100
|turn|2
|
|move|p2a: Inteleon|Ice Beam|p1a: Cloyster
|-resisted|p1a: Cloyster
|-damage|p1a: Cloyster|72/100
|move|p1a: Cloyster|Shell Smash|p1a: Cloyster
|-unboost|p1a: Cloyster|def|1
|-unboost|p1a: Cloyster|spd|1
|-boost|p1a: Cloyster|atk|2
|-boost|p1a: Cloyster|spa|2
|-boost|p1a: Cloyster|spe|2
|
|upkeep
|turn|3
|
|switch|p2a: Jirachi|Jirachi|100/100
|move|p1a: Cloyster|Icicle Spear|p2a: Jirachi
|-resisted|p2a: Jirachi
|-damage|p2a: Jirachi|91/100
|-resisted|p2a: Jirachi
|-damage|p2a: Jirachi|81/100
|-resisted|p2a: Jirachi
|-damage|p2a: Jirachi|71/100
|-resisted|p2a: Jirachi
|-damage|p2a: Jirachi|60/100
|-resisted|p2a: Jirachi
|-damage|p2a: Jirachi|50/100
|-hitcount|p2a: Jirachi|5
|
|-heal|p2a: Jirachi|56/100|[from] item: Leftovers
|upkeep
|turn|4
|
|move|p1a: Cloyster|Icicle Spear|p2a: Jirachi
|-resisted|p2a: Jirachi
|-damage|p2a: Jirachi|47/100
|-resisted|p2a: Jirachi
|-damage|p2a: Jirachi|38/100
|-resisted|p2a: Jirachi
|-damage|p2a: Jirachi|28/100
|-resisted|p2a: Jirachi
|-damage|p2a: Jirachi|19/100
|-resisted|p2a: Jirachi
|-damage|p2a: Jirachi|9/100
|-hitcount|p2a: Jirachi|5
|cant|p2a: Jirachi|flinch
|
|-heal|p2a: Jirachi|15/100|[from] item: Leftovers
|upkeep
|turn|5
|
|move|p1a: Cloyster|Icicle Spear|p2a: Jirachi
|-resisted|p2a: Jirachi
|-damage|p2a: Jirachi|5/100
|-resisted|p2a: Jirachi
|-damage|p2a: Jirachi|0 fnt
|-hitcount|p2a: Jirachi|2
|faint|p2a: Jirachi
|
|upkeep
|inactive|juyenfun has 120 seconds left.
|
|switch|p2a: Kyurem|Kyurem|100/100
|-ability|p2a: Kyurem|Pressure
|turn|6
|
|move|p1a: Cloyster|Icicle Spear|p2a: Kyurem
|-damage|p2a: Kyurem|79/100
|-damage|p2a: Kyurem|58/100
|-damage|p2a: Kyurem|37/100
|-damage|p2a: Kyurem|13/100
|-crit|p2a: Kyurem
|-damage|p2a: Kyurem|0 fnt
|-hitcount|p2a: Kyurem|5
|faint|p2a: Kyurem
|
|upkeep
|
|switch|p2a: Necrozma|Necrozma|100/100
|turn|7
|
|move|p1a: Cloyster|Icicle Spear|p2a: Necrozma
|-damage|p2a: Necrozma|87/100
|-damage|p2a: Necrozma|73/100
|-damage|p2a: Necrozma|58/100
|-damage|p2a: Necrozma|43/100
|-damage|p2a: Necrozma|28/100
|-hitcount|p2a: Necrozma|5
|move|p2a: Necrozma|Photon Geyser|p1a: Cloyster
|-damage|p1a: Cloyster|0 fnt
|faint|p1a: Cloyster
|
|-heal|p2a: Necrozma|34/100|[from] item: Leftovers
|upkeep
|
|switch|p1a: Bisharp|Bisharp, M|100/100
|turn|8
|
|move|p1a: Bisharp|Knock Off|p2a: Necrozma
|-supereffective|p2a: Necrozma
|-damage|p2a: Necrozma|0 fnt
|-enditem|p2a: Necrozma|Leftovers|[from] move: Knock Off|[of] p1a: Bisharp
|-damage|p1a: Bisharp|91/100|[from] item: Life Orb
|faint|p2a: Necrozma
|
|upkeep
|
|switch|p2a: Turtonator|Turtonator, F|100/100
|turn|9
|
|move|p1a: Bisharp|Knock Off|p2a: Turtonator
|-damage|p2a: Turtonator|56/100
|-enditem|p2a: Turtonator|Heavy-Duty Boots|[from] move: Knock Off|[of] p1a: Bisharp
|-damage|p1a: Bisharp|81/100|[from] item: Life Orb
|move|p2a: Turtonator|Flamethrower|p1a: Bisharp
|-supereffective|p1a: Bisharp
|-damage|p1a: Bisharp|0 fnt
|faint|p1a: Bisharp
|
|upkeep
|
|switch|p1a: Toxtricity|Toxtricity, F|100/100
|turn|10
|
|move|p1a: Toxtricity|Overdrive|p2a: Turtonator
|-resisted|p2a: Turtonator
|-damage|p2a: Turtonator|9/100
|move|p2a: Turtonator|Flamethrower|p1a: Toxtricity
|-damage|p1a: Toxtricity|52/100
|
|upkeep
|turn|11
|
|move|p1a: Toxtricity|Overdrive|p2a: Turtonator
|-resisted|p2a: Turtonator
|-damage|p2a: Turtonator|0 fnt
|faint|p2a: Turtonator
|
|upkeep
|
|switch|p2a: Inteleon|Inteleon, F|35/100
|turn|12
|inactive|juyenfun has 120 seconds left.
|
|move|p2a: Inteleon|Hydro Pump|p1a: Toxtricity
|-damage|p1a: Toxtricity|0 fnt
|faint|p1a: Toxtricity
|
|upkeep
|
|switch|p1a: Aegislash|Aegislash, F|100/100
|turn|13
|
|move|p2a: Inteleon|Hydro Pump|p1a: Aegislash
|-damage|p1a: Aegislash|28/100
|-formechange|p1a: Aegislash|Aegislash-Blade||[from] ability: Stance Change
|move|p1a: Aegislash|Close Combat|p2a: Inteleon
|-crit|p2a: Inteleon
|-damage|p2a: Inteleon|0 fnt
|-unboost|p1a: Aegislash|def|1
|-unboost|p1a: Aegislash|spd|1
|faint|p2a: Inteleon
|
|upkeep
|
|switch|p2a: Bisharp|Bisharp, F|100/100
|turn|14
|
|move|p2a: Bisharp|Sucker Punch|p1a: Aegislash
|-supereffective|p1a: Aegislash
|-damage|p1a: Aegislash|0 fnt
|faint|p1a: Aegislash
|
|upkeep
|
|switch|p1a: Runerigus|Runerigus, F|100/100
|turn|15
|
|move|p2a: Bisharp|Knock Off|p1a: Runerigus
|-supereffective|p1a: Runerigus
|-enditem|p1a: Runerigus|Colbur Berry|[eat]
|-enditem|p1a: Runerigus|Colbur Berry|[weaken]
|-damage|p1a: Runerigus|60/100
|-activate|p1a: Runerigus|ability: Wandering Spirit|Defiant|Wandering Spirit|[of] p2a: Bisharp
|move|p1a: Runerigus|Will-O-Wisp|p2a: Bisharp
|-status|p2a: Bisharp|brn
|
|-damage|p2a: Bisharp|95/100 brn|[from] brn
|upkeep
|turn|16
|
|move|p2a: Bisharp|Knock Off|p1a: Runerigus
|-supereffective|p1a: Runerigus
|-damage|p1a: Runerigus|31/100
|move|p1a: Runerigus|Earthquake|p2a: Bisharp
|-supereffective|p2a: Bisharp
|-damage|p2a: Bisharp|10/100 brn
|
|-damage|p2a: Bisharp|4/100 brn|[from] brn
|upkeep
|turn|17
|
|move|p2a: Bisharp|Sucker Punch||[still]
|-fail|p2a: Bisharp
|move|p1a: Runerigus|Stealth Rock|p2a: Bisharp
|-sidestart|p2: juyenfun|move: Stealth Rock
|
|-damage|p2a: Bisharp|0 fnt|[from] brn
|faint|p2a: Bisharp
|
|win|big boss 447
|upkeep
|raw|big boss 447's rating: 1733 &rarr; <strong>1747</strong><br />(+14 for winning)
|raw|juyenfun's rating: 1621 &rarr; <strong>1607</strong><br />(-14 for losing)
|l|☆juyenfun
