|j|☆Contorted Lies
|j|☆egalvanc
|t:|1607025103
|player|p1|Contorted Lies|102|1900
|player|p2|egalvanc|red|1868
|teamsize|p1|6
|teamsize|p2|6
|gametype|singles
|gen|8
|tier|[Gen 8] OU
|rated|
|clearpoke
|poke|p1|Spectrier|
|poke|p1|Magnezone|
|poke|p1|Urshifu-*, M|
|poke|p1|Dragonite, M|
|poke|p1|Swampert, F|
|poke|p1|Clefable, F|
|poke|p2|Melmetal|
|poke|p2|Slowking, M|
|poke|p2|Urshifu-*, M|
|poke|p2|Toxapex, F|
|poke|p2|Mandibuzz, F|
|poke|p2|Hippowdon, M|
|rule|Sleep Clause Mod: Limit one foe put to sleep
|rule|Species Clause: Limit one of each Pokémon
|rule|OHKO Clause: OHKO moves are banned
|rule|Evasion Moves Clause: Evasion moves are banned
|rule|Endless Battle Clause: Forcing endless battles is banned
|rule|HP Percentage Mod: HP is shown in percentages
|rule|Dynamax Clause: You cannot dynamax
|teampreview
|
|t:|1607025119
|start
|switch|p1a: Swampert|Swampert, F|100/100
|switch|p2a: Toxapex|Toxapex, F|100/100
|turn|1
|j| im back in the 3rd
|inactive|Battle timer is ON: inactive players will automatically lose when time's up. (requested by egalvanc)
|j| dakingrulesz
|
|t:|1607025153
|move|p1a: Swampert|Earthquake|p2a: Toxapex
|-supereffective|p2a: Toxapex
|-damage|p2a: Toxapex|46/100
|move|p2a: Toxapex|Toxic Spikes|p1a: Swampert
|-sidestart|p1: Contorted Lies|move: Toxic Spikes
|
|-heal|p2a: Toxapex|52/100|[from] item: Black Sludge
|upkeep
|turn|2
|
|t:|1607025162
|switch|p2a: Mandibuzz|Mandibuzz, F|100/100
|move|p1a: Swampert|Stealth Rock|p2a: Mandibuzz
|-sidestart|p2: egalvanc|move: Stealth Rock
|
|upkeep
|turn|3
|
|t:|1607025181
|move|p2a: Mandibuzz|Knock Off|p1a: Swampert
|-damage|p1a: Swampert|79/100
|-enditem|p1a: Swampert|Leftovers|[from] move: Knock Off|[of] p2a: Mandibuzz
|move|p1a: Swampert|Toxic|p2a: Mandibuzz
|-status|p2a: Mandibuzz|tox
|
|-damage|p2a: Mandibuzz|94/100 tox|[from] psn
|upkeep
|turn|4
|
|t:|1607025186
|move|p2a: Mandibuzz|Toxic|p1a: Swampert
|-status|p1a: Swampert|tox
|move|p1a: Swampert|Flip Turn|p2a: Mandibuzz
|-damage|p2a: Mandibuzz|78/100 tox
|
|t:|1607025189
|switch|p1a: Magnezone|Magnezone|100/100|[from]move: Flip Turn
|
|-damage|p2a: Mandibuzz|66/100 tox|[from] psn
|upkeep
|turn|5
|
|t:|1607025193
|switch|p2a: Melmetal|Melmetal|100/100
|-damage|p2a: Melmetal|94/100|[from] Stealth Rock
|move|p1a: Magnezone|Flash Cannon|p2a: Melmetal
|-resisted|p2a: Melmetal
|-damage|p2a: Melmetal|56/100
|
|-heal|p2a: Melmetal|62/100|[from] item: Leftovers
|upkeep
|turn|6
|
|t:|1607025202
|switch|p1a: Swampert|Swampert, F|79/100 tox
|move|p2a: Melmetal|Earthquake|p1a: Swampert
|-damage|p1a: Swampert|44/100 tox
|
|-heal|p2a: Melmetal|68/100|[from] item: Leftovers
|-damage|p1a: Swampert|38/100 tox|[from] psn
|upkeep
|turn|7
|
|t:|1607025207
|move|p1a: Swampert|Flip Turn|p2a: Melmetal
|-damage|p2a: Melmetal|56/100
|j| Bulbatran
|
|t:|1607025210
|switch|p1a: Dragonite|Dragonite, M|100/100|[from]move: Flip Turn
|move|p2a: Melmetal|Earthquake|p1a: Dragonite
|-immune|p1a: Dragonite
|
|-heal|p2a: Melmetal|62/100|[from] item: Leftovers
|upkeep
|turn|8
|
|t:|1607025215
|switch|p1a: Magnezone|Magnezone|100/100
|switch|p2a: Hippowdon|Hippowdon, M|100/100
|-damage|p2a: Hippowdon|94/100|[from] Stealth Rock
|-weather|Sandstorm|[from] ability: Sand Stream|[of] p2a: Hippowdon
|
|-weather|Sandstorm|[upkeep]
|-heal|p2a: Hippowdon|100/100|[from] item: Leftovers
|upkeep
|turn|9
|
|t:|1607025219
|switch|p1a: Clefable|Clefable, F|100/100
|-status|p1a: Clefable|psn
|switch|p2a: Toxapex|Toxapex, F|86/100
|-damage|p2a: Toxapex|73/100|[from] Stealth Rock
|
|-weather|Sandstorm|[upkeep]
|-damage|p2a: Toxapex|67/100|[from] Sandstorm
|-heal|p2a: Toxapex|73/100|[from] item: Black Sludge
|upkeep
|turn|10
|
|t:|1607025225
|switch|p2a: Melmetal|Melmetal|62/100
|-damage|p2a: Melmetal|56/100|[from] Stealth Rock
|move|p1a: Clefable|Calm Mind|p1a: Clefable
|-boost|p1a: Clefable|spa|1
|-boost|p1a: Clefable|spd|1
|
|-weather|Sandstorm|[upkeep]
|-heal|p2a: Melmetal|62/100|[from] item: Leftovers
|upkeep
|turn|11
|
|t:|1607025228
|switch|p1a: Magnezone|Magnezone|100/100
|switch|p2a: Toxapex|Toxapex, F|100/100
|-damage|p2a: Toxapex|88/100|[from] Stealth Rock
|
|-weather|Sandstorm|[upkeep]
|-damage|p2a: Toxapex|82/100|[from] Sandstorm
|-heal|p2a: Toxapex|88/100|[from] item: Black Sludge
|upkeep
|turn|12
|j| TomsAssCancer
|
|t:|1607025233
|switch|p2a: Hippowdon|Hippowdon, M|100/100
|-damage|p2a: Hippowdon|94/100|[from] Stealth Rock
|move|p1a: Magnezone|Flash Cannon|p2a: Hippowdon
|-damage|p2a: Hippowdon|18/100
|-unboost|p2a: Hippowdon|spd|1
|
|-weather|none
|-heal|p2a: Hippowdon|24/100|[from] item: Leftovers
|upkeep
|turn|13
|
|t:|1607025238
|move|p1a: Magnezone|Flash Cannon|p2a: Hippowdon
|-damage|p2a: Hippowdon|0 fnt
|faint|p2a: Hippowdon
|
|upkeep
|
|t:|1607025240
|switch|p2a: Urshifu|Urshifu, M|100/100
|-damage|p2a: Urshifu|94/100|[from] Stealth Rock
|turn|14
|
|t:|1607025243
|switch|p1a: Swampert|Swampert, F|38/100 tox
|move|p2a: Urshifu|Iron Head|p1a: Swampert
|-resisted|p1a: Swampert
|-damage|p1a: Swampert|17/100 tox
|
|-damage|p1a: Swampert|10/100 tox|[from] psn
|upkeep
|turn|15
|
|t:|1607025250
|switch|p1a: Magnezone|Magnezone|100/100
|move|p2a: Urshifu|Iron Head|p1a: Magnezone
|-resisted|p1a: Magnezone
|-damage|p1a: Magnezone|89/100
|
|upkeep
|turn|16
|
|t:|1607025254
|switch|p2a: Mandibuzz|Mandibuzz, F|66/100 tox
|move|p1a: Magnezone|Thunderbolt|p2a: Mandibuzz
|-supereffective|p2a: Mandibuzz
|-damage|p2a: Mandibuzz|0 fnt
|faint|p2a: Mandibuzz
|
|upkeep
|
|t:|1607025256
|switch|p2a: Urshifu|Urshifu, M|94/100
|-damage|p2a: Urshifu|88/100|[from] Stealth Rock
|turn|17
|
|t:|1607025259
|switch|p1a: Swampert|Swampert, F|10/100 tox
|move|p2a: Urshifu|Wicked Blow|p1a: Swampert
|-crit|p1a: Swampert
|-damage|p1a: Swampert|0 fnt
|faint|p1a: Swampert
|
|upkeep
|
|t:|1607025266
|switch|p1a: Clefable|Clefable, F|100/100 psn
|turn|18
|inactive|egalvanc has 120 seconds left.
|inactive|egalvanc has 90 seconds left.
|
|t:|1607025345
|switch|p2a: Melmetal|Melmetal|62/100
|-damage|p2a: Melmetal|56/100|[from] Stealth Rock
|move|p1a: Clefable|Moonblast|p2a: Melmetal
|-resisted|p2a: Melmetal
|-damage|p2a: Melmetal|39/100
|
|-heal|p2a: Melmetal|45/100|[from] item: Leftovers
|upkeep
|turn|19
|
|t:|1607025351
|switch|p1a: Urshifu|Urshifu, M|100/100
|-status|p1a: Urshifu|psn
|move|p2a: Melmetal|Earthquake|p1a: Urshifu
|-damage|p1a: Urshifu|59/100 psn
|
|-heal|p2a: Melmetal|51/100|[from] item: Leftovers
|-damage|p1a: Urshifu|47/100 psn|[from] psn
|upkeep
|turn|20
|inactive|egalvanc has 90 seconds left.
|j| Vessev
|
|t:|1607025360
|switch|p2a: Urshifu|Urshifu, M|88/100
|-damage|p2a: Urshifu|82/100|[from] Stealth Rock
|move|p1a: Urshifu|Wicked Blow|p2a: Urshifu
|-resisted|p2a: Urshifu
|-crit|p2a: Urshifu
|-damage|p2a: Urshifu|57/100
|
|-damage|p1a: Urshifu|34/100 psn|[from] psn
|upkeep
|turn|21
|inactive|egalvanc has 90 seconds left.
|
|t:|1607025394
|move|p1a: Urshifu|Wicked Blow|p2a: Urshifu
|-resisted|p2a: Urshifu
|-crit|p2a: Urshifu
|-damage|p2a: Urshifu|32/100
|move|p2a: Urshifu|Iron Head|p1a: Urshifu
|-damage|p1a: Urshifu|0 fnt
|faint|p1a: Urshifu
|
|upkeep
|
|t:|1607025399
|switch|p1a: Magnezone|Magnezone|89/100
|turn|22
|inactive|egalvanc has 60 seconds left.
|
|t:|1607025429
|switch|p2a: Toxapex|Toxapex, F|100/100
|-damage|p2a: Toxapex|88/100|[from] Stealth Rock
|move|p1a: Magnezone|Thunderbolt|p2a: Toxapex
|-supereffective|p2a: Toxapex
|-damage|p2a: Toxapex|0 fnt
|faint|p2a: Toxapex
|
|upkeep
|
|t:|1607025430
|switch|p2a: Urshifu|Urshifu, M|32/100
|-damage|p2a: Urshifu|26/100|[from] Stealth Rock
|turn|23
|
|t:|1607025444
|switch|p1a: Dragonite|Dragonite, M|100/100
|move|p2a: Urshifu|Wicked Blow|p1a: Dragonite
|-crit|p1a: Dragonite
|-damage|p1a: Dragonite|42/100
|
|upkeep
|turn|24
|
|t:|1607025449
|move|p2a: Urshifu|Wicked Blow|p1a: Dragonite
|-crit|p1a: Dragonite
|-damage|p1a: Dragonite|0 fnt
|faint|p1a: Dragonite
|
|upkeep
|
|t:|1607025452
|switch|p1a: Clefable|Clefable, F|100/100 psn
|turn|25
|
|t:|1607025466
|move|p2a: Urshifu|Wicked Blow|p1a: Clefable
|-resisted|p1a: Clefable
|-crit|p1a: Clefable
|-damage|p1a: Clefable|58/100 psn
|move|p1a: Clefable|Moonblast|p2a: Urshifu
|-supereffective|p2a: Urshifu
|-damage|p2a: Urshifu|0 fnt
|faint|p2a: Urshifu
|
|-heal|p1a: Clefable|64/100 psn|[from] item: Leftovers
|upkeep
|-message|egalvanc forfeited.
|
|win|Contorted Lies
|l|☆egalvanc
|l|☆Contorted Lies
|l| TomsAssCancer
|l| dakingrulesz
||Ladder (probably) updated, but score could not be retrieved (Request timeout).
|l| Bulbatran
