|html|<div class="broadcast-blue"><strong>[Gen 8] OU is currently suspecting Melmetal! For information on how to participate check out the <a href="https://www.smogon.com/forums/threads/np-ss-ou-suspect-process-round-12-monster-mash.3709234/">suspect thread</a>.</strong></div>
|j|☆minimax_ai
|j|☆Ill Leave
|t:|1666669044
|gametype|singles
|player|p1|minimax_ai|lusamine-nihilego|1667
|player|p2|Ill Leave|170|1707
|teamsize|p1|6
|teamsize|p2|6
|gen|8
|tier|[Gen 8] OU
|rated|
|rule|Sleep Clause Mod: Limit one foe put to sleep
|rule|Species Clause: Limit one of each Pokémon
|rule|OHKO Clause: OHKO moves are banned
|rule|Evasion Items Clause: Evasion items are banned
|rule|Evasion Moves Clause: Evasion moves are banned
|rule|Endless Battle Clause: Forcing endless battles is banned
|rule|HP Percentage Mod: HP is shown in percentages
|rule|Dynamax Clause: You cannot dynamax
|clearpoke
|poke|p1|Rotom-Wash|
|poke|p1|Weavile, M|
|poke|p1|Landorus-Therian, M|
|poke|p1|Heatran, M|
|poke|p1|Tangrowth, M|
|poke|p1|Melmetal|
|poke|p2|Nihilego|
|poke|p2|Slowking-Galar, F|
|poke|p2|Buzzwole|
|poke|p2|Corviknight, F|
|poke|p2|Landorus-Therian, M|
|poke|p2|Zapdos-Galar|
|teampreview
|c|☆minimax_ai|hf
|inactive|Battle timer is ON: inactive players will automatically lose when time's up. (requested by minimax_ai)
|c|☆Ill Leave|ban?
|c|☆Ill Leave|hf
|j| hami ketchum
|
|t:|1666669066
|start
|switch|p1a: rotomwash|Rotom-Wash|100/100
|switch|p2a: Landorus|Landorus-Therian, M|100/100
|-ability|p2a: Landorus|Intimidate|boost
|-unboost|p1a: rotomwash|atk|1
|turn|1
|
|t:|1666669080
|switch|p2a: Slowking|Slowking-Galar, F|100/100
|move|p1a: rotomwash|Hydro Pump|p2a: Slowking|[miss]
|-miss|p1a: rotomwash|p2a: Slowking
|
|upkeep
|turn|2
|
|t:|1666669085
|move|p1a: rotomwash|Nasty Plot|p1a: rotomwash
|-boost|p1a: rotomwash|spa|2
|move|p2a: Slowking|Ice Beam|p1a: rotomwash
|-resisted|p1a: rotomwash
|-damage|p1a: rotomwash|87/100
|
|-heal|p1a: rotomwash|93/100|[from] item: Leftovers
|upkeep
|turn|3
|
|t:|1666669090
|move|p1a: rotomwash|Nasty Plot|p1a: rotomwash
|-boost|p1a: rotomwash|spa|2
|move|p2a: Slowking|Sludge Bomb|p1a: rotomwash
|-damage|p1a: rotomwash|52/100
|-status|p1a: rotomwash|psn
|
|-heal|p1a: rotomwash|59/100 psn|[from] item: Leftovers
|-damage|p1a: rotomwash|46/100 psn|[from] psn
|upkeep
|turn|4
|
|t:|1666669095
|move|p1a: rotomwash|Pain Split|p2a: Slowking
|-sethp|p2a: Slowking|68/100|[from] move: Pain Split|[silent]
|-sethp|p1a: rotomwash|88/100 psn|[from] move: Pain Split
|move|p2a: Slowking|Future Sight|p1a: rotomwash
|-start|p2a: Slowking|move: Future Sight
|
|-heal|p1a: rotomwash|94/100 psn|[from] item: Leftovers
|-damage|p1a: rotomwash|82/100 psn|[from] psn
|upkeep
|turn|5
|
|t:|1666669099
|move|p1a: rotomwash|Hydro Pump|p2a: Slowking|[miss]
|-miss|p1a: rotomwash|p2a: Slowking
|move|p2a: Slowking|Sludge Bomb|p1a: rotomwash
|-damage|p1a: rotomwash|39/100 psn
|
|-heal|p1a: rotomwash|46/100 psn|[from] item: Leftovers
|-damage|p1a: rotomwash|33/100 psn|[from] psn
|upkeep
|turn|6
|
|t:|1666669104
|move|p1a: rotomwash|Hydro Pump|p2a: Slowking|[miss]
|-miss|p1a: rotomwash|p2a: Slowking
|move|p2a: Slowking|Sludge Bomb|p1a: rotomwash
|-damage|p1a: rotomwash|0 fnt
|faint|p1a: rotomwash
|
|-hint|Future Sight did not hit because the target is fainted.
|upkeep
|
|t:|1666669104
|switch|p1a: Heatran|Heatran, M|100/100
|-item|p1a: Heatran|Air Balloon
|turn|7
|
|t:|1666669112
|switch|p2a: Landorus|Landorus-Therian, M|100/100
|-ability|p2a: Landorus|Intimidate|boost
|-unboost|p1a: Heatran|atk|1
|move|p1a: Heatran|Eruption|p2a: Landorus
|-damage|p2a: Landorus|40/100
|
|-heal|p2a: Landorus|46/100|[from] item: Leftovers
|upkeep
|turn|8
|
|t:|1666669116
|move|p1a: Heatran|Eruption|p2a: Landorus
|-damage|p2a: Landorus|0 fnt
|faint|p2a: Landorus
|
|upkeep
|j| Waziao
|
|t:|1666669120
|switch|p2a: Zapdos|Zapdos-Galar|100/100
|turn|9
|
|t:|1666669123
|switch|p1a: Tangrowth|Tangrowth, M|100/100
|move|p2a: Zapdos|U-turn|p1a: Tangrowth
|-supereffective|p1a: Tangrowth
|-damage|p1a: Tangrowth|77/100
|-damage|p2a: Zapdos|84/100|[from] item: Rocky Helmet|[of] p1a: Tangrowth
|
|t:|1666669126
|switch|p2a: Nihilego|Nihilego|100/100|[from]move: U-turn
|
|upkeep
|turn|10
|
|t:|1666669130
|switch|p1a: Melmetal|Melmetal|100/100
|move|p2a: Nihilego|Toxic Spikes|p1a: Melmetal
|-sidestart|p1: minimax_ai|move: Toxic Spikes
|
|upkeep
|turn|11
|
|t:|1666669133
|switch|p2a: Buzzwole|Buzzwole|100/100
|move|p1a: Melmetal|Double Iron Bash|p2a: Buzzwole
|-damage|p2a: Buzzwole|80/100
|-damage|p1a: Melmetal|84/100|[from] item: Rocky Helmet|[of] p2a: Buzzwole
|-damage|p2a: Buzzwole|61/100
|-damage|p1a: Melmetal|67/100|[from] item: Rocky Helmet|[of] p2a: Buzzwole
|-hitcount|p2a: Buzzwole|2
|
|upkeep
|turn|12
|
|t:|1666669141
|switch|p1a: Tangrowth|Tangrowth, M|100/100
|-status|p1a: Tangrowth|psn
|move|p2a: Buzzwole|Ice Punch|p1a: Tangrowth
|-supereffective|p1a: Tangrowth
|-damage|p1a: Tangrowth|77/100 psn
|-damage|p2a: Buzzwole|45/100|[from] item: Rocky Helmet|[of] p1a: Tangrowth
|
|-damage|p1a: Tangrowth|64/100 psn|[from] psn
|upkeep
|turn|13
|
|t:|1666669146
|move|p2a: Buzzwole|Roost|p2a: Buzzwole
|-heal|p2a: Buzzwole|95/100
|-singleturn|p2a: Buzzwole|move: Roost
|move|p1a: Tangrowth|Sleep Powder|p2a: Buzzwole|[miss]
|-miss|p1a: Tangrowth|p2a: Buzzwole
|
|-damage|p1a: Tangrowth|52/100 psn|[from] psn
|upkeep
|turn|14
|j| Tadude
|
|t:|1666669171
|move|p2a: Buzzwole|Ice Punch|p1a: Tangrowth
|-supereffective|p1a: Tangrowth
|-damage|p1a: Tangrowth|30/100 psn
|-damage|p2a: Buzzwole|78/100|[from] item: Rocky Helmet|[of] p1a: Tangrowth
|move|p1a: Tangrowth|Sleep Powder|p2a: Buzzwole
|-status|p2a: Buzzwole|slp|[from] move: Sleep Powder
|
|-damage|p1a: Tangrowth|17/100 psn|[from] psn
|upkeep
|turn|15
|
|t:|1666669187
|switch|p2a: Slowking|Slowking-Galar, F|100/100
|switch|p1a: landorustherian|Landorus-Therian, M|100/100
|-ability|p1a: landorustherian|Intimidate|boost
|-unboost|p2a: Slowking|atk|1
|
|upkeep
|turn|16
|
|t:|1666669192
|switch|p2a: Buzzwole|Buzzwole|78/100 slp
|move|p1a: landorustherian|Earthquake|p2a: Buzzwole
|-resisted|p2a: Buzzwole
|-damage|p2a: Buzzwole|67/100 slp
|
|upkeep
|turn|17
|
|t:|1666669195
|switch|p1a: Tangrowth|Tangrowth, M|50/100 psn
|cant|p2a: Buzzwole|slp
|
|-damage|p1a: Tangrowth|38/100 psn|[from] psn
|upkeep
|turn|18
|l| Waziao
|
|t:|1666669204
|switch|p1a: landorustherian|Landorus-Therian, M|100/100
|-ability|p1a: landorustherian|Intimidate|boost
|-unboost|p2a: Buzzwole|atk|1
|-curestatus|p2a: Buzzwole|slp|[msg]
|move|p2a: Buzzwole|Ice Punch|p1a: landorustherian
|-supereffective|p1a: landorustherian
|-damage|p1a: landorustherian|42/100
|
|-heal|p1a: landorustherian|48/100|[from] item: Leftovers
|upkeep
|turn|19
|
|t:|1666669224
|switch|p1a: Tangrowth|Tangrowth, M|71/100 psn
|move|p2a: Buzzwole|Ice Punch|p1a: Tangrowth
|-supereffective|p1a: Tangrowth
|-damage|p1a: Tangrowth|56/100 psn
|-damage|p2a: Buzzwole|50/100|[from] item: Rocky Helmet|[of] p1a: Tangrowth
|
|-damage|p1a: Tangrowth|44/100 psn|[from] psn
|upkeep
|turn|20
|
|t:|1666669227
|move|p2a: Buzzwole|Roost|p2a: Buzzwole
|-heal|p2a: Buzzwole|99/100
|-singleturn|p2a: Buzzwole|move: Roost
|move|p1a: Tangrowth|Sleep Powder|p2a: Buzzwole
|-status|p2a: Buzzwole|slp|[from] move: Sleep Powder
|
|-damage|p1a: Tangrowth|32/100 psn|[from] psn
|upkeep
|turn|21
|
|t:|1666669232
|cant|p2a: Buzzwole|slp
|move|p1a: Tangrowth|Giga Drain|p2a: Buzzwole
|-resisted|p2a: Buzzwole
|-damage|p2a: Buzzwole|81/100 slp
|-heal|p1a: Tangrowth|41/100 psn|[from] drain|[of] p2a: Buzzwole
|
|-damage|p1a: Tangrowth|29/100 psn|[from] psn
|upkeep
|turn|22
|
|t:|1666669237
|switch|p2a: Corviknight|Corviknight, F|100/100
|-ability|p2a: Corviknight|Pressure
|switch|p1a: Heatran|Heatran, M|100/100
|-item|p1a: Heatran|Air Balloon
|
|upkeep
|turn|23
|
|t:|1666669241
|switch|p2a: Nihilego|Nihilego|100/100
|move|p1a: Heatran|Eruption|p2a: Nihilego
|-resisted|p2a: Nihilego
|-damage|p2a: Nihilego|72/100
|
|upkeep
|turn|24
|
|t:|1666669246
|move|p2a: Nihilego|Power Gem|p1a: Heatran
|-damage|p1a: Heatran|64/100
|-enditem|p1a: Heatran|Air Balloon
|move|p1a: Heatran|Eruption|p2a: Nihilego
|-resisted|p2a: Nihilego
|-damage|p2a: Nihilego|53/100
|
|upkeep
|turn|25
|
|t:|1666669253
|move|p2a: Nihilego|Meteor Beam||[still]
|-prepare|p2a: Nihilego|Meteor Beam
|-boost|p2a: Nihilego|spa|1
|-enditem|p2a: Nihilego|Power Herb
|-anim|p2a: Nihilego|Meteor Beam|p1a: Heatran
|-crit|p1a: Heatran
|-damage|p1a: Heatran|0 fnt
|faint|p1a: Heatran
|-ability|p2a: Nihilego|Beast Boost|boost
|-boost|p2a: Nihilego|spe|1
|
|upkeep
|
|t:|1666669253
|switch|p1a: Melmetal|Melmetal|67/100
|turn|26
|
|t:|1666669260
|switch|p2a: Buzzwole|Buzzwole|81/100 slp
|move|p1a: Melmetal|Double Iron Bash|p2a: Buzzwole
|-damage|p2a: Buzzwole|62/100 slp
|-damage|p1a: Melmetal|51/100|[from] item: Rocky Helmet|[of] p2a: Buzzwole
|-damage|p2a: Buzzwole|41/100 slp
|-damage|p1a: Melmetal|34/100|[from] item: Rocky Helmet|[of] p2a: Buzzwole
|-hitcount|p2a: Buzzwole|2
|
|upkeep
|turn|27
|
|t:|1666669267
|cant|p2a: Buzzwole|slp
|move|p1a: Melmetal|Double Iron Bash|p2a: Buzzwole
|-damage|p2a: Buzzwole|23/100 slp
|-damage|p1a: Melmetal|18/100|[from] item: Rocky Helmet|[of] p2a: Buzzwole
|-damage|p2a: Buzzwole|2/100 slp
|-damage|p1a: Melmetal|1/100|[from] item: Rocky Helmet|[of] p2a: Buzzwole
|-hitcount|p2a: Buzzwole|2
|
|upkeep
|turn|28
|j| BabyPigsAreLaughin
|
|t:|1666669271
|switch|p1a: Tangrowth|Tangrowth, M|62/100 psn
|cant|p2a: Buzzwole|slp
|
|-damage|p1a: Tangrowth|50/100 psn|[from] psn
|upkeep
|turn|29
|
|t:|1666669275
|switch|p1a: Melmetal|Melmetal|1/100
|-curestatus|p2a: Buzzwole|slp|[msg]
|move|p2a: Buzzwole|Roost|p2a: Buzzwole
|-heal|p2a: Buzzwole|52/100
|-singleturn|p2a: Buzzwole|move: Roost
|
|upkeep
|turn|30
|
|t:|1666669278
|switch|p1a: Tangrowth|Tangrowth, M|83/100 psn
|move|p2a: Buzzwole|Drain Punch|p1a: Tangrowth
|-damage|p1a: Tangrowth|64/100 psn
|-heal|p2a: Buzzwole|61/100|[from] drain|[of] p1a: Tangrowth
|-damage|p2a: Buzzwole|44/100|[from] item: Rocky Helmet|[of] p1a: Tangrowth
|
|-damage|p1a: Tangrowth|52/100 psn|[from] psn
|upkeep
|turn|31
|
|t:|1666669281
|move|p2a: Buzzwole|Roost|p2a: Buzzwole
|-heal|p2a: Buzzwole|94/100
|-singleturn|p2a: Buzzwole|move: Roost
|move|p1a: Tangrowth|Giga Drain|p2a: Buzzwole
|-resisted|p2a: Buzzwole
|-damage|p2a: Buzzwole|76/100
|-heal|p1a: Tangrowth|61/100 psn|[from] drain|[of] p2a: Buzzwole
|
|-damage|p1a: Tangrowth|49/100 psn|[from] psn
|upkeep
|turn|32
|
|t:|1666669286
|switch|p2a: Slowking|Slowking-Galar, F|100/100
|switch|p1a: Melmetal|Melmetal|1/100
|
|upkeep
|turn|33
|l| Tadude
|
|t:|1666669295
|switch|p2a: Corviknight|Corviknight, F|100/100
|-ability|p2a: Corviknight|Pressure
|move|p1a: Melmetal|Double Iron Bash|p2a: Corviknight
|-resisted|p2a: Corviknight
|-damage|p2a: Corviknight|82/100
|-resisted|p2a: Corviknight
|-damage|p2a: Corviknight|66/100
|-hitcount|p2a: Corviknight|2
|
|-heal|p2a: Corviknight|72/100|[from] item: Leftovers
|upkeep
|turn|34
|
|t:|1666669298
|switch|p1a: Tangrowth|Tangrowth, M|82/100 psn
|move|p2a: Corviknight|Bulk Up|p2a: Corviknight
|-boost|p2a: Corviknight|atk|1
|-boost|p2a: Corviknight|def|1
|
|-heal|p2a: Corviknight|79/100|[from] item: Leftovers
|-damage|p1a: Tangrowth|70/100 psn|[from] psn
|upkeep
|turn|35
|
|t:|1666669301
|switch|p1a: landorustherian|Landorus-Therian, M|48/100
|-ability|p1a: landorustherian|Intimidate|boost
|-unboost|p2a: Corviknight|atk|1
|move|p2a: Corviknight|Substitute|p2a: Corviknight
|-start|p2a: Corviknight|Substitute
|-damage|p2a: Corviknight|54/100
|
|-heal|p1a: landorustherian|54/100|[from] item: Leftovers
|-heal|p2a: Corviknight|60/100|[from] item: Leftovers
|upkeep
|turn|36
|
|t:|1666669304
|move|p1a: landorustherian|Defog|p2a: Corviknight
|-sideend|p1: minimax_ai|Toxic Spikes|[from] move: Defog|[of] p1a: landorustherian
|move|p2a: Corviknight|Bulk Up|p2a: Corviknight
|-boost|p2a: Corviknight|atk|1
|-boost|p2a: Corviknight|def|1
|
|-heal|p1a: landorustherian|60/100|[from] item: Leftovers
|-heal|p2a: Corviknight|66/100|[from] item: Leftovers
|upkeep
|turn|37
|
|t:|1666669308
|move|p1a: landorustherian|U-turn|p2a: Corviknight
|-resisted|p2a: Corviknight
|-activate|p2a: Corviknight|move: Substitute|[damage]
|
|t:|1666669308
|switch|p1a: Tangrowth|Tangrowth, M|100/100 psn|[from]move: U-turn
|move|p2a: Corviknight|Brave Bird|p1a: Tangrowth
|-supereffective|p1a: Tangrowth
|-damage|p1a: Tangrowth|47/100 psn
|-damage|p2a: Corviknight|50/100|[from] item: Rocky Helmet|[of] p1a: Tangrowth
|-damage|p2a: Corviknight|32/100|[from] Recoil
|
|-heal|p2a: Corviknight|38/100|[from] item: Leftovers
|-damage|p1a: Tangrowth|34/100 psn|[from] psn
|upkeep
|turn|38
|
|t:|1666669317
|switch|p1a: landorustherian|Landorus-Therian, M|60/100
|-ability|p1a: landorustherian|Intimidate|boost
|-immune|p2a: Corviknight
|move|p2a: Corviknight|Brave Bird|p1a: landorustherian
|-damage|p1a: landorustherian|7/100
|-damage|p2a: Corviknight|21/100|[from] Recoil
|
|-heal|p1a: landorustherian|13/100|[from] item: Leftovers
|-heal|p2a: Corviknight|27/100|[from] item: Leftovers
|upkeep
|turn|39
|
|t:|1666669319
|switch|p1a: Tangrowth|Tangrowth, M|67/100 psn
|move|p2a: Corviknight|Roost|p2a: Corviknight
|-heal|p2a: Corviknight|77/100
|-singleturn|p2a: Corviknight|move: Roost
|
|-heal|p2a: Corviknight|84/100|[from] item: Leftovers
|-damage|p1a: Tangrowth|55/100 psn|[from] psn
|upkeep
|turn|40
|
|t:|1666669322
|switch|p1a: landorustherian|Landorus-Therian, M|13/100
|-ability|p1a: landorustherian|Intimidate|boost
|-immune|p2a: Corviknight
|move|p2a: Corviknight|Bulk Up|p2a: Corviknight
|-boost|p2a: Corviknight|atk|1
|-boost|p2a: Corviknight|def|1
|
|-heal|p1a: landorustherian|19/100|[from] item: Leftovers
|-heal|p2a: Corviknight|90/100|[from] item: Leftovers
|upkeep
|turn|41
|
|t:|1666669325
|move|p1a: landorustherian|Defog||[still]
|-fail|p1a: landorustherian
|move|p2a: Corviknight|Brave Bird|p1a: landorustherian
|-damage|p1a: landorustherian|0 fnt
|faint|p1a: landorustherian
|-damage|p2a: Corviknight|84/100|[from] Recoil
|
|-heal|p2a: Corviknight|90/100|[from] item: Leftovers
|upkeep
|
|t:|1666669325
|switch|p1a: Tangrowth|Tangrowth, M|88/100 psn
|turn|42
|
|t:|1666669328
|switch|p1a: Melmetal|Melmetal|1/100
|move|p2a: Corviknight|Bulk Up|p2a: Corviknight
|-boost|p2a: Corviknight|atk|1
|-boost|p2a: Corviknight|def|1
|
|-heal|p2a: Corviknight|97/100|[from] item: Leftovers
|upkeep
|turn|43
|
|t:|1666669330
|move|p2a: Corviknight|Brave Bird|p1a: Melmetal
|-resisted|p1a: Melmetal
|-damage|p1a: Melmetal|0 fnt
|faint|p1a: Melmetal
|-damage|p2a: Corviknight|96/100|[from] Recoil
|
|-heal|p2a: Corviknight|100/100|[from] item: Leftovers
|upkeep
|
|t:|1666669330
|switch|p1a: Tangrowth|Tangrowth, M|100/100 psn
|turn|44
|
|t:|1666669335
|move|p2a: Corviknight|Bulk Up|p2a: Corviknight
|-boost|p2a: Corviknight|atk|1
|-boost|p2a: Corviknight|def|1
|move|p1a: Tangrowth|Focus Blast|p2a: Corviknight
|-activate|p2a: Corviknight|move: Substitute|[damage]
|
|-damage|p1a: Tangrowth|88/100 psn|[from] psn
|upkeep
|turn|45
|
|t:|1666669337
|move|p2a: Corviknight|Bulk Up|p2a: Corviknight
|-boost|p2a: Corviknight|atk|1
|-boost|p2a: Corviknight|def|1
|move|p1a: Tangrowth|Focus Blast|p2a: Corviknight
|-end|p2a: Corviknight|Substitute
|
|-damage|p1a: Tangrowth|76/100 psn|[from] psn
|upkeep
|turn|46
|
|t:|1666669338
|move|p2a: Corviknight|Substitute|p2a: Corviknight
|-start|p2a: Corviknight|Substitute
|-damage|p2a: Corviknight|75/100
|move|p1a: Tangrowth|Focus Blast|p2a: Corviknight
|-crit|p2a: Corviknight
|-end|p2a: Corviknight|Substitute
|
|-heal|p2a: Corviknight|82/100|[from] item: Leftovers
|-damage|p1a: Tangrowth|63/100 psn|[from] psn
|upkeep
|turn|47
|
|t:|1666669341
|move|p2a: Corviknight|Substitute|p2a: Corviknight
|-start|p2a: Corviknight|Substitute
|-damage|p2a: Corviknight|57/100
|move|p1a: Tangrowth|Focus Blast|p2a: Corviknight|[miss]
|-miss|p1a: Tangrowth|p2a: Corviknight
|
|-heal|p2a: Corviknight|63/100|[from] item: Leftovers
|-damage|p1a: Tangrowth|51/100 psn|[from] psn
|upkeep
|turn|48
|
|t:|1666669350
|switch|p1a: Weavile|Weavile, M|100/100
|-ability|p1a: Weavile|Pressure
|move|p2a: Corviknight|Roost|p2a: Corviknight
|-heal|p2a: Corviknight|100/100
|-singleturn|p2a: Corviknight|move: Roost
|
|upkeep
|turn|49
|l| hami ketchum
|
|t:|1666669352
|switch|p1a: Tangrowth|Tangrowth, M|84/100 psn
|move|p2a: Corviknight|Brave Bird|p1a: Tangrowth
|-supereffective|p1a: Tangrowth
|-damage|p1a: Tangrowth|0 fnt
|-damage|p2a: Corviknight|84/100|[from] item: Rocky Helmet|[of] p1a: Tangrowth
|faint|p1a: Tangrowth
|-damage|p2a: Corviknight|56/100|[from] Recoil
|
|-heal|p2a: Corviknight|62/100|[from] item: Leftovers
|upkeep
|
|t:|1666669352
|switch|p1a: Weavile|Weavile, M|100/100
|-ability|p1a: Weavile|Pressure
|turn|50
|
|t:|1666669355
|move|p1a: Weavile|Triple Axel|p2a: Corviknight|[miss]
|-miss|p1a: Weavile|p2a: Corviknight
|move|p2a: Corviknight|Brave Bird|p1a: Weavile
|-damage|p1a: Weavile|0 fnt
|faint|p1a: Weavile
|-damage|p2a: Corviknight|39/100|[from] Recoil
|
|win|Ill Leave
|raw|minimax_ai's rating: 1667 &rarr; <strong>1649</strong><br />(-18 for losing)
|raw|Ill Leave's rating: 1707 &rarr; <strong>1725</strong><br />(+18 for winning)
|c|☆minimax_ai|gg
