|raw|<div class="broadcast-blue"><strong>This battle is required to be public due to a player having a name starting with 'lt92pf'.</div>
|j|☆LT92PF Bright
|j|☆JooshP
|t:|1659718309
|gametype|singles
|player|p1|LT92PF Bright|skyla|1585
|player|p2|JooshP|red|1642
|teamsize|p1|6
|teamsize|p2|6
|gen|8
|tier|[Gen 8] OU
|rated|
|rule|Sleep Clause Mod: Limit one foe put to sleep
|rule|Species Clause: Limit one of each Pokémon
|rule|OHKO Clause: OHKO moves are banned
|rule|Evasion Items Clause: Evasion items are banned
|rule|Evasion Moves Clause: Evasion moves are banned
|rule|Endless Battle Clause: Forcing endless battles is banned
|rule|HP Percentage Mod: HP is shown in percentages
|rule|Dynamax Clause: You cannot dynamax
|clearpoke
|poke|p1|Tapu Fini|
|poke|p1|Garchomp, F|
|poke|p1|Tapu Lele|
|poke|p1|Tornadus-Therian, M|
|poke|p1|Kartana|
|poke|p1|Melmetal|
|poke|p2|Urshifu-*, F|
|poke|p2|Skarmory, F|
|poke|p2|Slowking, M|
|poke|p2|Blissey, F|
|poke|p2|Landorus-Therian, M|
|poke|p2|Blacephalon|
|teampreview
|
|t:|1659718323
|start
|switch|p1a: Tornadus|Tornadus-Therian, M|100/100
|switch|p2a: Blissey|Blissey, F|100/100
|turn|1
|
|t:|1659718328
|move|p1a: Tornadus|U-turn|p2a: Blissey
|-damage|p2a: Blissey|88/100
|
|t:|1659718331
|switch|p1a: Tapu Fini|Tapu Fini|100/100|[from]move: U-turn
|-fieldstart|move: Misty Terrain|[from] ability: Misty Surge|[of] p1a: Tapu Fini
|move|p2a: Blissey|Toxic|p1a: Tapu Fini
|-activate|p1a: Tapu Fini|move: Misty Terrain
|
|upkeep
|turn|2
|
|t:|1659718338
|move|p1a: Tapu Fini|Nature's Madness|p2a: Blissey
|-damage|p2a: Blissey|44/100
|move|p2a: Blissey|Teleport|p2a: Blissey
|
|t:|1659718342
|switch|p2a: Urshifu|Urshifu-Rapid-Strike, F|100/100|[from]move: Teleport
|
|upkeep
|turn|3
|
|t:|1659718345
|move|p2a: Urshifu|Thunder Punch|p1a: Tapu Fini
|-supereffective|p1a: Tapu Fini
|-damage|p1a: Tapu Fini|38/100
|move|p1a: Tapu Fini|Moonblast|p2a: Urshifu
|-supereffective|p2a: Urshifu
|-damage|p2a: Urshifu|10/100
|
|-heal|p1a: Tapu Fini|44/100|[from] item: Leftovers
|upkeep
|turn|4
|
|t:|1659718351
|switch|p2a: Landorus|Landorus-Therian, M|100/100
|-ability|p2a: Landorus|Intimidate|boost
|-unboost|p1a: Tapu Fini|atk|1
|switch|p1a: Garchomp|Garchomp, F|100/100
|
|upkeep
|turn|5
|
|t:|1659718353
|move|p1a: Garchomp|Toxic|p2a: Landorus
|-status|p2a: Landorus|tox
|move|p2a: Landorus|Stealth Rock|p1a: Garchomp
|-sidestart|p1: LT92PF Bright|move: Stealth Rock
|
|-damage|p2a: Landorus|94/100 tox|[from] psn
|-fieldend|Misty Terrain
|upkeep
|turn|6
|
|t:|1659718356
|move|p1a: Garchomp|Stealth Rock|p2a: Landorus
|-sidestart|p2: JooshP|move: Stealth Rock
|move|p2a: Landorus|Knock Off|p1a: Garchomp
|-damage|p1a: Garchomp|77/100
|-damage|p2a: Landorus|82/100 tox|[from] ability: Rough Skin|[of] p1a: Garchomp
|-damage|p2a: Landorus|66/100 tox|[from] item: Rocky Helmet|[of] p1a: Garchomp
|-enditem|p1a: Garchomp|Rocky Helmet|[from] move: Knock Off|[of] p2a: Landorus
|
|-heal|p2a: Landorus|72/100 tox|[from] item: Leftovers
|-damage|p2a: Landorus|60/100 tox|[from] psn
|upkeep
|turn|7
|
|t:|1659718360
|switch|p2a: Slowking|Slowking, M|100/100
|move|p1a: Garchomp|Fire Blast|p2a: Slowking
|-resisted|p2a: Slowking
|-damage|p2a: Slowking|95/100
|
|upkeep
|turn|8
|
|t:|1659718366
|move|p1a: Garchomp|Earthquake|p2a: Slowking
|-damage|p2a: Slowking|50/100
|move|p2a: Slowking|Scald|p1a: Garchomp
|-damage|p1a: Garchomp|53/100
|
|upkeep
|turn|9
|
|t:|1659718371
|switch|p1a: Tapu Fini|Tapu Fini|44/100
|-damage|p1a: Tapu Fini|32/100|[from] Stealth Rock
|-fieldstart|move: Misty Terrain|[from] ability: Misty Surge|[of] p1a: Tapu Fini
|switch|p2a: Landorus|Landorus-Therian, M|60/100 tox
|-damage|p2a: Landorus|47/100 tox|[from] Stealth Rock
|-ability|p2a: Landorus|Intimidate|boost
|-unboost|p1a: Tapu Fini|atk|1
|
|-heal|p1a: Tapu Fini|38/100|[from] item: Leftovers
|-heal|p2a: Landorus|53/100 tox|[from] item: Leftovers
|-damage|p2a: Landorus|47/100 tox|[from] psn
|upkeep
|turn|10
|
|t:|1659718377
|switch|p1a: Tornadus|Tornadus-Therian, M|100/100
|-damage|p1a: Tornadus|76/100|[from] Stealth Rock
|move|p2a: Landorus|Knock Off|p1a: Tornadus
|-damage|p1a: Tornadus|41/100
|-enditem|p1a: Tornadus|Assault Vest|[from] move: Knock Off|[of] p2a: Landorus
|
|-heal|p2a: Landorus|53/100 tox|[from] item: Leftovers
|-damage|p2a: Landorus|41/100 tox|[from] psn
|upkeep
|turn|11
|
|t:|1659718381
|move|p1a: Tornadus|Icy Wind|p2a: Landorus|[miss]
|-miss|p1a: Tornadus|p2a: Landorus
|move|p2a: Landorus|U-turn|p1a: Tornadus
|-resisted|p1a: Tornadus
|-damage|p1a: Tornadus|30/100
|
|t:|1659718384
|switch|p2a: Blacephalon|Blacephalon|100/100|[from]move: U-turn
|-damage|p2a: Blacephalon|76/100|[from] Stealth Rock
|
|upkeep
|turn|12
|
|t:|1659718387
|switch|p1a: Melmetal|Melmetal|100/100
|-damage|p1a: Melmetal|94/100|[from] Stealth Rock
|move|p2a: Blacephalon|Shadow Ball|p1a: Melmetal
|-damage|p1a: Melmetal|58/100
|
|-heal|p1a: Melmetal|64/100|[from] item: Leftovers
|upkeep
|turn|13
|
|t:|1659718395
|switch|p1a: Tornadus|Tornadus-Therian, M|64/100
|-damage|p1a: Tornadus|39/100|[from] Stealth Rock
|move|p2a: Blacephalon|Shadow Ball|p1a: Tornadus
|-damage|p1a: Tornadus|0 fnt
|faint|p1a: Tornadus
|-ability|p2a: Blacephalon|Beast Boost|boost
|-boost|p2a: Blacephalon|spa|1
|
|-fieldend|Misty Terrain
|upkeep
|
|t:|1659718398
|switch|p1a: Kartana|Kartana|100/100
|-damage|p1a: Kartana|94/100|[from] Stealth Rock
|turn|14
|
|t:|1659718400
|switch|p2a: Skarmory|Skarmory, F|100/100
|-damage|p2a: Skarmory|88/100|[from] Stealth Rock
|move|p1a: Kartana|Knock Off|p2a: Skarmory
|-damage|p2a: Skarmory|61/100
|-damage|p1a: Kartana|78/100|[from] item: Rocky Helmet|[of] p2a: Skarmory
|-enditem|p2a: Skarmory|Rocky Helmet|[from] move: Knock Off|[of] p1a: Kartana
|
|upkeep
|turn|15
|
|t:|1659718406
|switch|p1a: Tapu Lele|Tapu Lele|100/100
|-damage|p1a: Tapu Lele|88/100|[from] Stealth Rock
|-fieldstart|move: Psychic Terrain|[from] ability: Psychic Surge|[of] p1a: Tapu Lele
|move|p2a: Skarmory|Spikes|p1a: Tapu Lele
|-sidestart|p1: LT92PF Bright|Spikes
|
|upkeep
|turn|16
|
|t:|1659718411
|switch|p2a: Slowking|Slowking, M|84/100
|move|p1a: Tapu Lele|Psychic|p2a: Slowking
|-resisted|p2a: Slowking
|-damage|p2a: Slowking|56/100
|
|upkeep
|turn|17
|
|t:|1659718414
|move|p1a: Tapu Lele|Psychic|p2a: Slowking
|-resisted|p2a: Slowking
|-damage|p2a: Slowking|26/100
|move|p2a: Slowking|Future Sight|p1a: Tapu Lele
|-start|p2a: Slowking|move: Future Sight
|
|upkeep
|turn|18
|
|t:|1659718420
|switch|p2a: Blissey|Blissey, F|44/100
|move|p1a: Tapu Lele|Psychic|p2a: Blissey
|-damage|p2a: Blissey|8/100
|
|upkeep
|turn|19
|
|t:|1659718425
|move|p1a: Tapu Lele|Psychic|p2a: Blissey
|-damage|p2a: Blissey|0 fnt
|faint|p2a: Blissey
|
|-end|p1a: Tapu Lele|move: Future Sight
|-resisted|p1a: Tapu Lele
|-damage|p1a: Tapu Lele|59/100
|-fieldend|move: Psychic Terrain
|upkeep
|
|t:|1659718429
|switch|p2a: Blacephalon|Blacephalon|76/100
|-damage|p2a: Blacephalon|51/100|[from] Stealth Rock
|turn|20
|
|t:|1659718435
|switch|p1a: Tapu Fini|Tapu Fini|38/100
|-damage|p1a: Tapu Fini|26/100|[from] Stealth Rock
|-damage|p1a: Tapu Fini|14/100|[from] Spikes
|-fieldstart|move: Misty Terrain|[from] ability: Misty Surge|[of] p1a: Tapu Fini
|move|p2a: Blacephalon|Shadow Ball|p1a: Tapu Fini
|-damage|p1a: Tapu Fini|0 fnt
|faint|p1a: Tapu Fini
|-ability|p2a: Blacephalon|Beast Boost|boost
|-boost|p2a: Blacephalon|spa|1
|
|upkeep
|
|t:|1659718450
|switch|p1a: Kartana|Kartana|78/100
|-damage|p1a: Kartana|72/100|[from] Stealth Rock
|-damage|p1a: Kartana|59/100|[from] Spikes
|turn|21
|
|t:|1659718455
|switch|p2a: Landorus|Landorus-Therian, M|41/100 tox
|-damage|p2a: Landorus|29/100 tox|[from] Stealth Rock
|-ability|p2a: Landorus|Intimidate|boost
|-unboost|p1a: Kartana|atk|1
|move|p1a: Kartana|Defog|p2a: Landorus
|-unboost|p2a: Landorus|evasion|1
|-sideend|p2: JooshP|Stealth Rock|[from] move: Defog|[of] p1a: Kartana
|-sideend|p1: LT92PF Bright|Spikes|[from] move: Defog|[of] p1a: Kartana
|-sideend|p1: LT92PF Bright|Stealth Rock|[from] move: Defog|[of] p1a: Kartana
|-fieldend|Misty Terrain
|
|-heal|p2a: Landorus|35/100 tox|[from] item: Leftovers
|-damage|p2a: Landorus|29/100 tox|[from] psn
|upkeep
|turn|22
|
|t:|1659718460
|switch|p1a: Garchomp|Garchomp, F|53/100
|move|p2a: Landorus|Stealth Rock|p1a: Garchomp
|-sidestart|p1: LT92PF Bright|move: Stealth Rock
|
|-heal|p2a: Landorus|35/100 tox|[from] item: Leftovers
|-damage|p2a: Landorus|23/100 tox|[from] psn
|upkeep
|turn|23
|
|t:|1659718463
|move|p1a: Garchomp|Stealth Rock|p2a: Landorus
|-sidestart|p2: JooshP|move: Stealth Rock
|move|p2a: Landorus|Earthquake|p1a: Garchomp
|-damage|p1a: Garchomp|17/100
|
|-heal|p2a: Landorus|29/100 tox|[from] item: Leftovers
|-damage|p2a: Landorus|11/100 tox|[from] psn
|upkeep
|turn|24
|
|t:|1659718468
|move|p1a: Garchomp|Fire Blast|p2a: Landorus
|-damage|p2a: Landorus|0 fnt
|faint|p2a: Landorus
|
|upkeep
|
|t:|1659718477
|switch|p2a: Slowking|Slowking, M|60/100
|turn|25
|
|t:|1659718480
|move|p1a: Garchomp|Earthquake|p2a: Slowking
|-damage|p2a: Slowking|16/100
|move|p2a: Slowking|Scald|p1a: Garchomp
|-damage|p1a: Garchomp|0 fnt
|faint|p1a: Garchomp
|
|upkeep
|
|t:|1659718490
|switch|p1a: Melmetal|Melmetal|64/100
|-damage|p1a: Melmetal|58/100|[from] Stealth Rock
|turn|26
|
|t:|1659718495
|switch|p2a: Urshifu|Urshifu-Rapid-Strike, F|10/100
|-damage|p2a: Urshifu|4/100|[from] Stealth Rock
|move|p1a: Melmetal|Double Iron Bash|p2a: Urshifu
|-resisted|p2a: Urshifu
|-damage|p2a: Urshifu|0 fnt
|faint|p2a: Urshifu
|-hitcount|p2: Urshifu|1
|
|-heal|p1a: Melmetal|64/100|[from] item: Leftovers
|upkeep
|
|t:|1659718503
|switch|p2a: Skarmory|Skarmory, F|61/100
|-damage|p2a: Skarmory|49/100|[from] Stealth Rock
|turn|27
|
|t:|1659718507
|switch|p1a: Tapu Lele|Tapu Lele|59/100
|-damage|p1a: Tapu Lele|46/100|[from] Stealth Rock
|-fieldstart|move: Psychic Terrain|[from] ability: Psychic Surge|[of] p1a: Tapu Lele
|move|p2a: Skarmory|Roost|p2a: Skarmory
|-heal|p2a: Skarmory|99/100
|-singleturn|p2a: Skarmory|move: Roost
|
|upkeep
|turn|28
|
|t:|1659718525
|switch|p2a: Slowking|Slowking, M|49/100
|move|p1a: Tapu Lele|Psychic|p2a: Slowking
|-resisted|p2a: Slowking
|-crit|p2a: Slowking
|-damage|p2a: Slowking|8/100
|
|upkeep
|turn|29
|
|t:|1659718531
|move|p1a: Tapu Lele|Psychic|p2a: Slowking
|-resisted|p2a: Slowking
|-damage|p2a: Slowking|0 fnt
|faint|p2a: Slowking
|
|upkeep
|
|t:|1659718532
|switch|p2a: Blacephalon|Blacephalon|51/100
|-damage|p2a: Blacephalon|26/100|[from] Stealth Rock
|turn|30
|
|t:|1659718547
|switch|p1a: Melmetal|Melmetal|64/100
|-damage|p1a: Melmetal|58/100|[from] Stealth Rock
|move|p2a: Blacephalon|Flamethrower|p1a: Melmetal
|-supereffective|p1a: Melmetal
|-damage|p1a: Melmetal|0 fnt
|faint|p1a: Melmetal
|-ability|p2a: Blacephalon|Beast Boost|boost
|-boost|p2a: Blacephalon|spa|1
|
|upkeep
|
|t:|1659718550
|switch|p1a: Kartana|Kartana|59/100
|-damage|p1a: Kartana|53/100|[from] Stealth Rock
|turn|31
|
|t:|1659718557
|move|p1a: Kartana|Knock Off|p2a: Blacephalon
|-supereffective|p2a: Blacephalon
|-damage|p2a: Blacephalon|0 fnt
|-enditem|p2a: Blacephalon|Choice Scarf|[from] move: Knock Off|[of] p1a: Kartana
|faint|p2a: Blacephalon
|-ability|p1a: Kartana|Beast Boost|boost
|-boost|p1a: Kartana|atk|1
|
|-fieldend|move: Psychic Terrain
|upkeep
|
|t:|1659718561
|switch|p2a: Skarmory|Skarmory, F|99/100
|-damage|p2a: Skarmory|87/100|[from] Stealth Rock
|turn|32
|
|t:|1659718563
|move|p1a: Kartana|Knock Off|p2a: Skarmory
|-damage|p2a: Skarmory|63/100
|move|p2a: Skarmory|Roost|p2a: Skarmory
|-heal|p2a: Skarmory|100/100
|-singleturn|p2a: Skarmory|move: Roost
|
|upkeep
|turn|33
|
|t:|1659718567
|switch|p1a: Tapu Lele|Tapu Lele|46/100
|-damage|p1a: Tapu Lele|34/100|[from] Stealth Rock
|-fieldstart|move: Psychic Terrain|[from] ability: Psychic Surge|[of] p1a: Tapu Lele
|move|p2a: Skarmory|Whirlwind|p1a: Tapu Lele
|drag|p1a: Kartana|Kartana|53/100
|-damage|p1a: Kartana|47/100|[from] Stealth Rock
|
|upkeep
|turn|34
|
|t:|1659718571
|move|p1a: Kartana|Sacred Sword|p2a: Skarmory
|-damage|p2a: Skarmory|76/100
|move|p2a: Skarmory|Spikes|p1a: Kartana
|-sidestart|p1: LT92PF Bright|Spikes
|
|upkeep
|turn|35
|
|t:|1659718576
|switch|p1a: Tapu Lele|Tapu Lele|34/100
|-damage|p1a: Tapu Lele|21/100|[from] Stealth Rock
|-damage|p1a: Tapu Lele|9/100|[from] Spikes
|move|p2a: Skarmory|Whirlwind|p1a: Tapu Lele
|drag|p1a: Kartana|Kartana|47/100
|-damage|p1a: Kartana|41/100|[from] Stealth Rock
|-damage|p1a: Kartana|28/100|[from] Spikes
|
|upkeep
|turn|36
|
|t:|1659718578
|move|p1a: Kartana|Defog|p2a: Skarmory
|-unboost|p2a: Skarmory|evasion|1
|-sideend|p2: JooshP|Stealth Rock|[from] move: Defog|[of] p1a: Kartana
|-sideend|p1: LT92PF Bright|Spikes|[from] move: Defog|[of] p1a: Kartana
|-sideend|p1: LT92PF Bright|Stealth Rock|[from] move: Defog|[of] p1a: Kartana
|-fieldend|move: Psychic Terrain
|move|p2a: Skarmory|Roost|p2a: Skarmory
|-heal|p2a: Skarmory|100/100
|-singleturn|p2a: Skarmory|move: Roost
|
|upkeep
|turn|37
|
|t:|1659718581
|switch|p1a: Tapu Lele|Tapu Lele|9/100
|-fieldstart|move: Psychic Terrain|[from] ability: Psychic Surge|[of] p1a: Tapu Lele
|move|p2a: Skarmory|Body Press|p1a: Tapu Lele
|-resisted|p1a: Tapu Lele
|-damage|p1a: Tapu Lele|0 fnt
|faint|p1a: Tapu Lele
|
|upkeep
|c|☆JooshP|gg
|-message|LT92PF Bright forfeited.
|
|win|JooshP
|raw|LT92PF Bright's rating: 1585 &rarr; <strong>1568</strong><br />(-17 for losing)
|raw|JooshP's rating: 1642 &rarr; <strong>1659</strong><br />(+17 for winning)
|l|☆LT92PF Bright
||Ladder isn't responding, score probably updated but might not have (Request timeout).
