|j|☆SoleSurvivorVGC ♪
|j|☆Stunfisk2140
|t:|1645250301
|gametype|singles
|player|p1|SoleSurvivorVGC ♪|hilbert|1429
|player|p2|Stunfisk2140|101|1498
|teamsize|p1|6
|teamsize|p2|6
|gen|8
|tier|[Gen 8] OU
|rated|
|rule|Sleep Clause Mod: Limit one foe put to sleep
|rule|Species Clause: Limit one of each Pokémon
|rule|OHKO Clause: OHKO moves are banned
|rule|Evasion Moves Clause: Evasion moves are banned
|rule|Endless Battle Clause: Forcing endless battles is banned
|rule|HP Percentage Mod: HP is shown in percentages
|rule|Dynamax Clause: You cannot dynamax
|clearpoke
|poke|p1|Dragapult, M|
|poke|p1|Urshifu-*, M|
|poke|p1|Tapu Lele|
|poke|p1|Zapdos|
|poke|p1|Ferrothorn, M|
|poke|p1|Landorus-Therian, M|
|poke|p2|Blaziken, M|
|poke|p2|Ferrothorn, M|
|poke|p2|Garchomp, F|
|poke|p2|Slowking-Galar, M|
|poke|p2|Regieleki|
|poke|p2|Moltres-Galar|
|teampreview
|c|☆SoleSurvivorVGC ♪|glhf
|c|☆Stunfisk2140|u2 bro
|inactive|Battle timer is ON: inactive players will automatically lose when time's up. (requested by Stunfisk2140)
|c|☆SoleSurvivorVGC ♪|ty homie
|
|t:|1645250334
|start
|switch|p1a: Kung fu Grizz|Urshifu-Rapid-Strike, M|100/100
|switch|p2a: Pain|Ferrothorn, M|100/100
|turn|1
|
|t:|1645250351
|switch|p2a: Big Brain Boov|Slowking-Galar, M, shiny|100/100
|move|p1a: Kung fu Grizz|U-turn|p2a: Big Brain Boov
|-damage|p2a: Big Brain Boov|75/100
|j| rippjaws
|
|t:|1645250359
|switch|p1a: Phantomalia|Dragapult, M|100/100|[from]move: U-turn
|
|upkeep
|turn|2
|
|t:|1645250363
|switch|p2a: Budget Yveltal|Moltres-Galar|100/100
|move|p1a: Phantomalia|U-turn|p2a: Budget Yveltal
|-damage|p2a: Budget Yveltal|80/100
|c|☆SoleSurvivorVGC ♪|Budget Yveltal fr lol
|c|☆Stunfisk2140|it is one tho
|c|☆SoleSurvivorVGC ♪|yeah fr = for real
|c|☆Stunfisk2140|ik
|inactive|SoleSurvivorVGC ♪ has 120 seconds left.
|
|t:|1645250405
|switch|p1a: Not Choice Specs|Tapu Lele, shiny|100/100|[from]move: U-turn
|-fieldstart|move: Psychic Terrain|[from] ability: Psychic Surge|[of] p1a: Not Choice Specs
|
|upkeep
|turn|3
|
|t:|1645250411
|switch|p2a: Big Brain Boov|Slowking-Galar, M, shiny|100/100
|move|p1a: Not Choice Specs|Moonblast|p2a: Big Brain Boov
|-resisted|p2a: Big Brain Boov
|-damage|p2a: Big Brain Boov|90/100
|
|upkeep
|turn|4
|
|t:|1645250421
|switch|p1a: Pangea|Landorus-Therian, M|100/100
|-ability|p1a: Pangea|Intimidate|boost
|-unboost|p2a: Big Brain Boov|atk|1
|move|p2a: Big Brain Boov|Future Sight|p1a: Pangea
|-start|p2a: Big Brain Boov|move: Future Sight
|
|upkeep
|turn|5
|
|t:|1645250427
|switch|p2a: Pain|Ferrothorn, M|100/100
|move|p1a: Pangea|U-turn|p2a: Pain
|-damage|p2a: Pain|87/100
|-damage|p1a: Pangea|88/100|[from] ability: Iron Barbs|[of] p2a: Pain
|-damage|p1a: Pangea|72/100|[from] item: Rocky Helmet|[of] p2a: Pain
|
|t:|1645250437
|switch|p1a: Kung fu Grizz|Urshifu-Rapid-Strike, M|100/100|[from]move: U-turn
|
|upkeep
|turn|6
|
|t:|1645250442
|switch|p2a: Big Brain Boov|Slowking-Galar, M, shiny|100/100
|move|p1a: Kung fu Grizz|U-turn|p2a: Big Brain Boov
|-damage|p2a: Big Brain Boov|75/100
|
|t:|1645250446
|switch|p1a: Weed|Ferrothorn, M|100/100|[from]move: U-turn
|
|-end|p1a: Weed|move: Future Sight
|-resisted|p1a: Weed
|-damage|p1a: Weed|72/100
|-heal|p1a: Weed|79/100|[from] item: Leftovers
|-fieldend|move: Psychic Terrain
|upkeep
|turn|7
|
|t:|1645250456
|switch|p1a: Phantomalia|Dragapult, M|100/100
|move|p2a: Big Brain Boov|Flamethrower|p1a: Phantomalia
|-resisted|p1a: Phantomalia
|-damage|p1a: Phantomalia|83/100
|
|upkeep
|turn|8
|
|t:|1645250463
|switch|p2a: Pain|Ferrothorn, M|87/100
|move|p1a: Phantomalia|Shadow Ball|p2a: Pain
|-damage|p2a: Pain|45/100
|
|upkeep
|turn|9
|c|☆SoleSurvivorVGC ♪|I really like your playstyle
|c|☆SoleSurvivorVGC ♪|consistent safe plays
|c|☆Stunfisk2140|well
|inactive|SoleSurvivorVGC ♪ has 120 seconds left.
|c|☆Stunfisk2140|this is a team i thought of and my first test rn
|
|t:|1645250499
|switch|p1a: Kung fu Grizz|Urshifu-Rapid-Strike, M|100/100
|switch|p2a: Budget Yveltal|Moltres-Galar|80/100
|
|upkeep
|turn|10
|inactive|SoleSurvivorVGC ♪ has 120 seconds left.
|
|t:|1645250505
|switch|p2a: Big Brain Boov|Slowking-Galar, M, shiny|100/100
|move|p1a: Kung fu Grizz|U-turn|p2a: Big Brain Boov
|-damage|p2a: Big Brain Boov|74/100
|inactive|SoleSurvivorVGC ♪ has 120 seconds left.
|
|t:|1645250510
|switch|p1a: Phantomalia|Dragapult, M|83/100|[from]move: U-turn
|
|upkeep
|turn|11
|
|t:|1645250514
|move|p1a: Phantomalia|U-turn|p2a: Big Brain Boov
|-damage|p2a: Big Brain Boov|57/100
|c|☆SoleSurvivorVGC ♪|hahaha got me
|c|☆Stunfisk2140|i survived one
|inactive|SoleSurvivorVGC ♪ has 120 seconds left.
|
|t:|1645250529
|switch|p1a: Kung fu Grizz|Urshifu-Rapid-Strike, M|100/100|[from]move: U-turn
|move|p2a: Big Brain Boov|Future Sight|p1a: Kung fu Grizz
|-start|p2a: Big Brain Boov|move: Future Sight
|
|upkeep
|turn|12
|c|☆Stunfisk2140|i could scout it any time
|
|t:|1645250536
|-singleturn|p1a: Kung fu Grizz|move: Focus Punch
|switch|p2a: Pain|Ferrothorn, M|45/100
|move|p1a: Kung fu Grizz|Focus Punch|p2a: Pain
|-supereffective|p2a: Pain
|-damage|p2a: Pain|0 fnt
|-activate|p2a: Pain|ability: Iron Barbs
|-activate|p1a: Kung fu Grizz|item: Protective Pads
|faint|p2a: Pain
|
|upkeep
|c|☆SoleSurvivorVGC ♪|let's goo
|
|t:|1645250553
|switch|p2a: Kisame|Garchomp, F|100/100
|turn|13
|c|☆SoleSurvivorVGC ♪|I finally actually kill something with that instead of doing like 60
|
|t:|1645250572
|move|p2a: Kisame|Swords Dance|p2a: Kisame
|-boost|p2a: Kisame|atk|2
|move|p1a: Kung fu Grizz|U-turn|p2a: Kisame
|-damage|p2a: Kisame|74/100
|-activate|p2a: Kisame|ability: Rough Skin
|-activate|p1a: Kung fu Grizz|item: Protective Pads
|
|t:|1645250576
|switch|p1a: Not Choice Specs|Tapu Lele, shiny|100/100|[from]move: U-turn
|-fieldstart|move: Psychic Terrain|[from] ability: Psychic Surge|[of] p1a: Not Choice Specs
|
|-end|p1a: Not Choice Specs|move: Future Sight
|-resisted|p1a: Not Choice Specs
|-damage|p1a: Not Choice Specs|66/100
|-heal|p2a: Kisame|80/100|[from] item: Leftovers
|upkeep
|turn|14
|
|t:|1645250593
|switch|p2a: Big Brain Boov|Slowking-Galar, M, shiny|90/100
|move|p1a: Not Choice Specs|Moonblast|p2a: Big Brain Boov
|-resisted|p2a: Big Brain Boov
|-damage|p2a: Big Brain Boov|78/100
|-unboost|p2a: Big Brain Boov|spa|1
|
|upkeep
|turn|15
|
|t:|1645250602
|switch|p1a: Pangea|Landorus-Therian, M|72/100
|-ability|p1a: Pangea|Intimidate|boost
|-unboost|p2a: Big Brain Boov|atk|1
|switch|p2a: SUPER SAIYAN|Blaziken, M|100/100
|
|-heal|p1a: Pangea|78/100|[from] item: Leftovers
|upkeep
|turn|16
|
|t:|1645250610
|move|p2a: SUPER SAIYAN|Protect|p2a: SUPER SAIYAN
|-singleturn|p2a: SUPER SAIYAN|Protect
|move|p1a: Pangea|Earthquake|p2a: SUPER SAIYAN
|-activate|p2a: SUPER SAIYAN|move: Protect
|
|-heal|p1a: Pangea|84/100|[from] item: Leftovers
|-ability|p2a: SUPER SAIYAN|Speed Boost|boost
|-boost|p2a: SUPER SAIYAN|spe|1
|upkeep
|turn|17
|
|t:|1645250619
|switch|p2a: Budget Yveltal|Moltres-Galar|80/100
|move|p1a: Pangea|U-turn|p2a: Budget Yveltal
|-damage|p2a: Budget Yveltal|55/100
|n| pastagril|rippjaws
|c|☆Stunfisk2140|i gtg
|
|t:|1645250631
|switch|p1a: Not Choice Specs|Tapu Lele, shiny|66/100|[from]move: U-turn
|
|-fieldend|move: Psychic Terrain
|upkeep
|turn|18
|c|☆Stunfisk2140|mum callin
|c|☆SoleSurvivorVGC ♪|F
|c|☆SoleSurvivorVGC ♪|cya bro hf
|c|☆Stunfisk2140|cya
|c|☆Stunfisk2140|u2
|-message|Stunfisk2140 forfeited.
|
|win|SoleSurvivorVGC ♪
|raw|SoleSurvivorVGC ♪'s rating: 1429 &rarr; <strong>1453</strong><br />(+24 for winning)
|raw|Stunfisk2140's rating: 1498 &rarr; <strong>1474</strong><br />(-24 for losing)
|c|☆SoleSurvivorVGC ♪|ty
|l|☆Stunfisk2140
