|raw|<div class="broadcast-blue"><strong>This battle is required to be public due to a player having a name starting with 'lt93oq'.</div>
|j|‽LT93OQ O
|j|☆OUT Kazt
|t:|1660531158
|gametype|singles
|player|p1|LT93OQ O|swimmerf-gen6|1758
|player|p2|OUT Kazt|acetrainersnowf|1722
|teamsize|p1|6
|teamsize|p2|6
|gen|8
|tier|[Gen 8] OU
|rated|
|rule|Sleep Clause Mod: Limit one foe put to sleep
|rule|Species Clause: Limit one of each Pokémon
|rule|OHKO Clause: OHKO moves are banned
|rule|Evasion Items Clause: Evasion items are banned
|rule|Evasion Moves Clause: Evasion moves are banned
|rule|Endless Battle Clause: Forcing endless battles is banned
|rule|HP Percentage Mod: HP is shown in percentages
|rule|Dynamax Clause: You cannot dynamax
|clearpoke
|poke|p1|Ferrothorn, M|
|poke|p1|Rotom-Wash|
|poke|p1|Tyranitar, M|
|poke|p1|Excadrill, M|
|poke|p1|Clefable, M|
|poke|p1|Dragapult, M|
|poke|p2|Heatran, F|
|poke|p2|Heracross, F|
|poke|p2|Landorus-Therian, M|
|poke|p2|Slowbro, F|
|poke|p2|Mandibuzz, F|
|poke|p2|Gengar, F|
|teampreview
|inactive|Battle timer is ON: inactive players will automatically lose when time's up. (requested by LT93OQ O)
|
|t:|1660531162
|start
|switch|p1a: Clefable|Clefable, M|100/100
|switch|p2a: Gengar|Gengar, F|100/100
|turn|1
|
|t:|1660531166
|switch|p1a: Tyranitar|Tyranitar, M|100/100
|-weather|Sandstorm|[from] ability: Sand Stream|[of] p1a: Tyranitar
|move|p2a: Gengar|Sludge Wave|p1a: Tyranitar
|-resisted|p1a: Tyranitar
|-damage|p1a: Tyranitar|77/100
|
|-weather|Sandstorm|[upkeep]
|-damage|p2a: Gengar|94/100|[from] Sandstorm
|upkeep
|turn|2
|
|t:|1660531170
|switch|p2a: Landorus|Landorus-Therian, M|100/100
|-ability|p2a: Landorus|Intimidate|boost
|-unboost|p1a: Tyranitar|atk|1
|move|p1a: Tyranitar|Stone Edge|p2a: Landorus
|-damage|p2a: Landorus|30/100
|
|-weather|Sandstorm|[upkeep]
|upkeep
|turn|3
|
|t:|1660531178
|switch|p1a: Clefable|Clefable, M|100/100
|move|p2a: Landorus|Earthquake|p1a: Clefable
|-damage|p1a: Clefable|59/100
|
|-weather|Sandstorm|[upkeep]
|upkeep
|turn|4
|
|t:|1660531182
|move|p2a: Landorus|Earthquake|p1a: Clefable
|-damage|p1a: Clefable|20/100
|move|p1a: Clefable|Soft-Boiled|p1a: Clefable
|-heal|p1a: Clefable|70/100
|
|-weather|Sandstorm|[upkeep]
|upkeep
|turn|5
|
|t:|1660531186
|move|p2a: Landorus|Earthquake|p1a: Clefable
|-damage|p1a: Clefable|28/100
|move|p1a: Clefable|Soft-Boiled|p1a: Clefable
|-heal|p1a: Clefable|78/100
|
|-weather|none
|upkeep
|turn|6
|
|t:|1660531190
|switch|p2a: Heatran|Heatran, F|100/100
|switch|p1a: Rotom|Rotom-Wash|100/100
|
|upkeep
|turn|7
|
|t:|1660531193
|move|p1a: Rotom|Hydro Pump|p2a: Heatran|[miss]
|-miss|p1a: Rotom|p2a: Heatran
|move|p2a: Heatran|Stealth Rock|p1a: Rotom
|-sidestart|p1: LT93OQ O|move: Stealth Rock
|
|upkeep
|turn|8
|
|t:|1660531198
|switch|p2a: Slowbro|Slowbro, F|100/100
|move|p1a: Rotom|Toxic|p2a: Slowbro|[miss]
|-miss|p1a: Rotom|p2a: Slowbro
|
|upkeep
|turn|9
|
|t:|1660531202
|move|p1a: Rotom|Volt Switch|p2a: Slowbro
|-supereffective|p2a: Slowbro
|-damage|p2a: Slowbro|48/100
|
|t:|1660531205
|switch|p1a: Dragapult|Dragapult, M|100/100|[from]move: Volt Switch
|-damage|p1a: Dragapult|88/100|[from] Stealth Rock
|move|p2a: Slowbro|Future Sight|p1a: Dragapult
|-start|p2a: Slowbro|move: Future Sight
|
|upkeep
|turn|10
|
|t:|1660531209
|switch|p2a: Heatran|Heatran, F|100/100
|move|p1a: Dragapult|U-turn|p2a: Heatran
|-resisted|p2a: Heatran
|-damage|p2a: Heatran|97/100
|
|t:|1660531212
|switch|p1a: Tyranitar|Tyranitar, M|77/100|[from]move: U-turn
|-damage|p1a: Tyranitar|65/100|[from] Stealth Rock
|-weather|Sandstorm|[from] ability: Sand Stream|[of] p1a: Tyranitar
|
|-weather|Sandstorm|[upkeep]
|-heal|p2a: Heatran|100/100|[from] item: Leftovers
|upkeep
|turn|11
|
|t:|1660531219
|switch|p2a: Mandibuzz|Mandibuzz, F|100/100
|move|p1a: Tyranitar|Superpower|p2a: Mandibuzz
|-damage|p2a: Mandibuzz|61/100
|-unboost|p1a: Tyranitar|atk|1
|-unboost|p1a: Tyranitar|def|1
|
|-weather|Sandstorm|[upkeep]
|-end|p1a: Tyranitar|move: Future Sight
|-immune|p1a: Tyranitar
|upkeep
|turn|12
|
|t:|1660531224
|switch|p1a: Rotom|Rotom-Wash|100/100
|-damage|p1a: Rotom|88/100|[from] Stealth Rock
|move|p2a: Mandibuzz|Roost|p2a: Mandibuzz
|-heal|p2a: Mandibuzz|100/100
|-singleturn|p2a: Mandibuzz|move: Roost
|
|-weather|Sandstorm|[upkeep]
|-damage|p1a: Rotom|82/100|[from] Sandstorm
|-heal|p1a: Rotom|88/100|[from] item: Leftovers
|upkeep
|turn|13
|
|t:|1660531228
|move|p1a: Rotom|Toxic|p2a: Mandibuzz
|-status|p2a: Mandibuzz|tox
|move|p2a: Mandibuzz|U-turn|p1a: Rotom
|-damage|p1a: Rotom|75/100
|
|t:|1660531230
|switch|p2a: Gengar|Gengar, F|94/100|[from]move: U-turn
|
|-weather|Sandstorm|[upkeep]
|-damage|p2a: Gengar|88/100|[from] Sandstorm
|-damage|p1a: Rotom|69/100|[from] Sandstorm
|-heal|p1a: Rotom|75/100|[from] item: Leftovers
|upkeep
|turn|14
|
|t:|1660531233
|move|p2a: Gengar|Shadow Ball|p1a: Rotom
|-damage|p1a: Rotom|11/100
|move|p1a: Rotom|Volt Switch|p2a: Gengar
|-damage|p2a: Gengar|48/100
|-start|p1a: Rotom|Disable|Volt Switch|[from] ability: Cursed Body|[of] p2a: Gengar
|
|t:|1660531242
|switch|p1a: Tyranitar|Tyranitar, M|65/100|[from]move: Volt Switch
|-damage|p1a: Tyranitar|52/100|[from] Stealth Rock
|
|-weather|none
|upkeep
|turn|15
|
|t:|1660531252
|switch|p2a: Slowbro|Slowbro, F|81/100
|move|p1a: Tyranitar|Stone Edge|p2a: Slowbro
|-damage|p2a: Slowbro|26/100
|
|upkeep
|turn|16
|j| LT93OQ Jay
|
|t:|1660531257
|move|p1a: Tyranitar|Stone Edge|p2a: Slowbro
|-damage|p2a: Slowbro|0 fnt
|faint|p2a: Slowbro
|
|upkeep
|
|t:|1660531259
|switch|p2a: Heracross|Heracross, F|100/100
|turn|17
|
|t:|1660531262
|switch|p1a: Clefable|Clefable, M|78/100
|move|p2a: Heracross|Earthquake|p1a: Clefable
|-damage|p1a: Clefable|51/100
|
|-status|p2a: Heracross|brn|[from] item: Flame Orb
|upkeep
|turn|18
|
|t:|1660531265
|move|p2a: Heracross|Facade|p1a: Clefable
|-damage|p1a: Clefable|0 fnt
|-damage|p2a: Heracross|84/100 brn|[from] item: Rocky Helmet|[of] p1a: Clefable
|faint|p1a: Clefable
|
|-damage|p2a: Heracross|78/100 brn|[from] brn
|upkeep
|
|t:|1660531268
|switch|p1a: Dragapult|Dragapult, M|88/100
|-damage|p1a: Dragapult|76/100|[from] Stealth Rock
|turn|19
|
|t:|1660531272
|switch|p2a: Heatran|Heatran, F|100/100
|move|p1a: Dragapult|Shadow Ball|p2a: Heatran
|-damage|p2a: Heatran|63/100
|-unboost|p2a: Heatran|spd|1
|
|-heal|p2a: Heatran|69/100|[from] item: Leftovers
|upkeep
|turn|20
|
|t:|1660531275
|switch|p2a: Mandibuzz|Mandibuzz, F|100/100 tox
|move|p1a: Dragapult|Shadow Ball|p2a: Mandibuzz
|-resisted|p2a: Mandibuzz
|-damage|p2a: Mandibuzz|76/100 tox
|
|-damage|p2a: Mandibuzz|70/100 tox|[from] psn
|upkeep
|turn|21
|
|t:|1660531281
|switch|p1a: Ferrothorn|Ferrothorn, M|100/100
|-damage|p1a: Ferrothorn|94/100|[from] Stealth Rock
|move|p2a: Mandibuzz|Roost|p2a: Mandibuzz
|-heal|p2a: Mandibuzz|100/100 tox
|-singleturn|p2a: Mandibuzz|move: Roost
|
|-heal|p1a: Ferrothorn|100/100|[from] item: Leftovers
|-damage|p2a: Mandibuzz|88/100 tox|[from] psn
|upkeep
|turn|22
|
|t:|1660531288
|switch|p2a: Heatran|Heatran, F|69/100
|move|p1a: Ferrothorn|Body Press|p2a: Heatran
|-supereffective|p2a: Heatran
|-crit|p2a: Heatran
|-damage|p2a: Heatran|0 fnt
|faint|p2a: Heatran
|
|upkeep
|j| Mimikyu Stardust
|j| LT93OQ Bee
|
|t:|1660531292
|switch|p2a: Heracross|Heracross, F|78/100 brn
|turn|23
|
|t:|1660531298
|move|p2a: Heracross|Earthquake|p1a: Ferrothorn
|-damage|p1a: Ferrothorn|69/100
|move|p1a: Ferrothorn|Leech Seed|p2a: Heracross
|-start|p2a: Heracross|move: Leech Seed
|
|-heal|p1a: Ferrothorn|75/100|[from] item: Leftovers
|-damage|p2a: Heracross|65/100 brn|[from] Leech Seed|[of] p1a: Ferrothorn
|-heal|p1a: Ferrothorn|86/100|[silent]
|-damage|p2a: Heracross|59/100 brn|[from] brn
|upkeep
|turn|24
|
|t:|1660531303
|switch|p1a: Rotom|Rotom-Wash|11/100
|-damage|p1a: Rotom|0 fnt|[from] Stealth Rock
|faint|p1a: Rotom
|move|p2a: Heracross|Close Combat|p1: Rotom|[notarget]
|-fail|p2a: Heracross
|
|-damage|p2a: Heracross|53/100 brn|[from] brn
|upkeep
|
|t:|1660531308
|switch|p1a: Dragapult|Dragapult, M|76/100
|-damage|p1a: Dragapult|64/100|[from] Stealth Rock
|turn|25
|
|t:|1660531312
|switch|p2a: Gengar|Gengar, F|48/100
|move|p1a: Dragapult|Shadow Ball|p2a: Gengar
|-supereffective|p2a: Gengar
|-damage|p2a: Gengar|0 fnt
|faint|p2a: Gengar
|
|upkeep
|l| LT93OQ Jay
|
|t:|1660531316
|switch|p2a: Landorus|Landorus-Therian, M|30/100
|-ability|p2a: Landorus|Intimidate|boost
|-unboost|p1a: Dragapult|atk|1
|turn|26
|
|t:|1660531319
|switch|p1a: Ferrothorn|Ferrothorn, M|86/100
|-damage|p1a: Ferrothorn|80/100|[from] Stealth Rock
|move|p2a: Landorus|Earthquake|p1a: Ferrothorn
|-damage|p1a: Ferrothorn|44/100
|
|-heal|p1a: Ferrothorn|50/100|[from] item: Leftovers
|upkeep
|turn|27
|l| LT93OQ Bee
|
|t:|1660531325
|move|p2a: Landorus|Earthquake|p1a: Ferrothorn
|-damage|p1a: Ferrothorn|19/100
|move|p1a: Ferrothorn|Leech Seed|p2a: Landorus
|-start|p2a: Landorus|move: Leech Seed
|
|-heal|p1a: Ferrothorn|25/100|[from] item: Leftovers
|-damage|p2a: Landorus|18/100|[from] Leech Seed|[of] p1a: Ferrothorn
|-heal|p1a: Ferrothorn|36/100|[silent]
|upkeep
|turn|28
|
|t:|1660531354
|switch|p1a: Tyranitar|Tyranitar, M|52/100
|-damage|p1a: Tyranitar|40/100|[from] Stealth Rock
|-weather|Sandstorm|[from] ability: Sand Stream|[of] p1a: Tyranitar
|move|p2a: Landorus|Earthquake|p1a: Tyranitar
|-supereffective|p1a: Tyranitar
|-damage|p1a: Tyranitar|0 fnt
|faint|p1a: Tyranitar
|
|-weather|Sandstorm|[upkeep]
|upkeep
|
|t:|1660531356
|switch|p1a: Excadrill|Excadrill, M|100/100
|-damage|p1a: Excadrill|97/100|[from] Stealth Rock
|turn|29
|
|t:|1660531364
|switch|p2a: Mandibuzz|Mandibuzz, F|88/100 tox
|move|p1a: Excadrill|Rapid Spin|p2a: Mandibuzz
|-damage|p2a: Mandibuzz|79/100 tox
|-boost|p1a: Excadrill|spe|1
|-sideend|p1: LT93OQ O|Stealth Rock|[from] move: Rapid Spin|[of] p1a: Excadrill
|
|-weather|Sandstorm|[upkeep]
|-heal|p1a: Excadrill|100/100|[from] item: Leftovers
|-damage|p2a: Mandibuzz|72/100 tox|[from] psn
|upkeep
|turn|30
|
|t:|1660531369
|move|p1a: Excadrill|Rapid Spin|p2a: Mandibuzz
|-damage|p2a: Mandibuzz|62/100 tox
|-boost|p1a: Excadrill|spe|1
|move|p2a: Mandibuzz|Foul Play|p1a: Excadrill
|-damage|p1a: Excadrill|22/100
|
|-weather|Sandstorm|[upkeep]
|-heal|p1a: Excadrill|28/100|[from] item: Leftovers
|-damage|p2a: Mandibuzz|50/100 tox|[from] psn
|upkeep
|turn|31
|
|t:|1660531372
|move|p1a: Excadrill|Iron Head|p2a: Mandibuzz
|-damage|p2a: Mandibuzz|25/100 tox
|move|p2a: Mandibuzz|Foul Play|p1a: Excadrill
|-damage|p1a: Excadrill|0 fnt
|faint|p1a: Excadrill
|
|-weather|Sandstorm|[upkeep]
|-damage|p2a: Mandibuzz|7/100 tox|[from] psn
|upkeep
|
|t:|1660531381
|switch|p1a: Dragapult|Dragapult, M|64/100
|turn|32
|
|t:|1660531384
|move|p1a: Dragapult|Shadow Ball|p2a: Mandibuzz
|-resisted|p2a: Mandibuzz
|-damage|p2a: Mandibuzz|0 fnt
|faint|p2a: Mandibuzz
|
|-weather|none
|upkeep
|
|t:|1660531386
|switch|p2a: Landorus|Landorus-Therian, M|18/100
|-ability|p2a: Landorus|Intimidate|boost
|-unboost|p1a: Dragapult|atk|1
|turn|33
|
|t:|1660531394
|move|p2a: Landorus|Earthquake|p1a: Dragapult
|-damage|p1a: Dragapult|0 fnt
|faint|p1a: Dragapult
|
|upkeep
|c|☆OUT Kazt|gg
|
|t:|1660531407
|switch|p1a: Ferrothorn|Ferrothorn, M|36/100
|turn|34
|-message|LT93OQ O forfeited.
|
|win|OUT Kazt
|raw|LT93OQ O's rating: 1758 &rarr; <strong>1736</strong><br />(-22 for losing)
|raw|OUT Kazt's rating: 1722 &rarr; <strong>1744</strong><br />(+22 for winning)
