|j|☆fgfdgdfgdfg
|j|☆thounss
|player|p1|fgfdgdfgdfg|lass-gen4dp|1413
|player|p2|thounss|265|1360
|teamsize|p1|6
|teamsize|p2|6
|gametype|singles
|gen|8
|tier|[Gen 8] OU
|rated|
|rule|Sleep Clause Mod: Limit one foe put to sleep
|rule|Species Clause: Limit one of each Pokémon
|rule|OHKO Clause: OHKO moves are banned
|rule|Evasion Moves Clause: Evasion moves are banned
|rule|Endless Battle Clause: Forcing endless battles is banned
|rule|HP Percentage Mod: HP is shown in percentages
|clearpoke
|poke|p1|Flapple, M|
|poke|p1|Rotom-Heat|
|poke|p1|Ditto|
|poke|p1|Mandibuzz, F|
|poke|p1|Seismitoad, M|
|poke|p1|Dragapult, M|
|poke|p2|Gengar, F|
|poke|p2|Hydreigon, F|
|poke|p2|Jellicent, M|
|poke|p2|Tyranitar, F|
|poke|p2|Excadrill, F|
|poke|p2|Ditto|
|teampreview
|inactive|Battle timer is ON: inactive players will automatically lose when time's up. (requested by fgfdgdfgdfg)
|
|start
|switch|p1a: Seismitoad|Seismitoad, M|100/100
|switch|p2a: Hydreigon|Hydreigon, F|100/100
|turn|1
|
|move|p2a: Hydreigon|Taunt|p1a: Seismitoad
|-start|p1a: Seismitoad|move: Taunt
|cant|p1a: Seismitoad|move: Taunt|Stealth Rock
|
|upkeep
|turn|2
|
|switch|p1a: Mandibuzz|Mandibuzz, F|100/100
|move|p2a: Hydreigon|Draco Meteor|p1a: Mandibuzz
|-damage|p1a: Mandibuzz|53/100
|-unboost|p2a: Hydreigon|spa|2
|-damage|p2a: Hydreigon|91/100|[from] item: Life Orb
|
|-heal|p1a: Mandibuzz|59/100|[from] item: Leftovers
|upkeep
|turn|3
|
|move|p2a: Hydreigon|Taunt|p1a: Mandibuzz
|-start|p1a: Mandibuzz|move: Taunt
|cant|p1a: Mandibuzz|move: Taunt|Roost
|
|-heal|p1a: Mandibuzz|65/100|[from] item: Leftovers
|upkeep
|turn|4
|
|switch|p2a: Tyranitar|Tyranitar, F|100/100
|-weather|Sandstorm|[from] ability: Sand Stream|[of] p2a: Tyranitar
|move|p1a: Mandibuzz|U-turn|p2a: Tyranitar
|-supereffective|p2a: Tyranitar
|-damage|p2a: Tyranitar|84/100
|
|switch|p1a: Seismitoad|Seismitoad, M|100/100|[from]move: U-turn
|
|-weather|Sandstorm|[upkeep]
|upkeep
|turn|5
|
|move|p1a: Seismitoad|Stealth Rock|p2a: Tyranitar
|-sidestart|p2: thounss|move: Stealth Rock
|move|p2a: Tyranitar|Stealth Rock|p1a: Seismitoad
|-sidestart|p1: fgfdgdfgdfg|move: Stealth Rock
|
|-weather|Sandstorm|[upkeep]
|upkeep
|turn|6
|
|switch|p2a: Jellicent|Jellicent, M|100/100
|-damage|p2a: Jellicent|88/100|[from] Stealth Rock
|move|p1a: Seismitoad|Toxic|p2a: Jellicent
|-status|p2a: Jellicent|tox
|
|-weather|Sandstorm|[upkeep]
|-damage|p2a: Jellicent|82/100 tox|[from] Sandstorm
|-heal|p2a: Jellicent|88/100 tox|[from] item: Leftovers
|-damage|p2a: Jellicent|82/100 tox|[from] psn
|upkeep
|turn|7
|
|switch|p1a: Mandibuzz|Mandibuzz, F|65/100
|-damage|p1a: Mandibuzz|40/100|[from] Stealth Rock
|move|p2a: Jellicent|Will-O-Wisp|p1a: Mandibuzz
|-status|p1a: Mandibuzz|brn
|
|-weather|Sandstorm|[upkeep]
|-damage|p1a: Mandibuzz|34/100 brn|[from] Sandstorm
|-damage|p2a: Jellicent|76/100 tox|[from] Sandstorm
|-heal|p1a: Mandibuzz|40/100 brn|[from] item: Leftovers
|-heal|p2a: Jellicent|82/100 tox|[from] item: Leftovers
|-damage|p1a: Mandibuzz|34/100 brn|[from] brn
|-damage|p2a: Jellicent|69/100 tox|[from] psn
|upkeep
|turn|8
|
|switch|p2a: Tyranitar|Tyranitar, F|84/100
|-damage|p2a: Tyranitar|72/100|[from] Stealth Rock
|move|p1a: Mandibuzz|Roost|p1a: Mandibuzz
|-heal|p1a: Mandibuzz|84/100 brn
|-singleturn|p1a: Mandibuzz|move: Roost
|
|-weather|none
|-heal|p1a: Mandibuzz|90/100 brn|[from] item: Leftovers
|-damage|p1a: Mandibuzz|84/100 brn|[from] brn
|upkeep
|turn|9
|
|move|p1a: Mandibuzz|U-turn|p2a: Tyranitar
|-supereffective|p2a: Tyranitar
|-damage|p2a: Tyranitar|64/100
|
|switch|p1a: Seismitoad|Seismitoad, M|100/100|[from]move: U-turn
|-damage|p1a: Seismitoad|94/100|[from] Stealth Rock
|move|p2a: Tyranitar|Stone Edge|p1a: Seismitoad
|-resisted|p1a: Seismitoad
|-damage|p1a: Seismitoad|74/100
|
|-heal|p1a: Seismitoad|80/100|[from] item: Leftovers
|upkeep
|turn|10
|
|switch|p2a: Jellicent|Jellicent, M|69/100 tox
|-damage|p2a: Jellicent|57/100 tox|[from] Stealth Rock
|move|p1a: Seismitoad|Earthquake|p2a: Jellicent
|-damage|p2a: Jellicent|32/100 tox
|
|-heal|p1a: Seismitoad|86/100|[from] item: Leftovers
|-heal|p2a: Jellicent|38/100 tox|[from] item: Leftovers
|-damage|p2a: Jellicent|32/100 tox|[from] psn
|upkeep
|turn|11
|
|switch|p1a: Mandibuzz|Mandibuzz, F|84/100 brn
|-damage|p1a: Mandibuzz|59/100 brn|[from] Stealth Rock
|move|p2a: Jellicent|Recover|p2a: Jellicent
|-heal|p2a: Jellicent|82/100 tox
|
|-heal|p1a: Mandibuzz|65/100 brn|[from] item: Leftovers
|-heal|p2a: Jellicent|88/100 tox|[from] item: Leftovers
|-damage|p1a: Mandibuzz|59/100 brn|[from] brn
|-damage|p2a: Jellicent|75/100 tox|[from] psn
|upkeep
|turn|12
|
|move|p1a: Mandibuzz|Roost|p1a: Mandibuzz
|-heal|p1a: Mandibuzz|100/100 brn
|-singleturn|p1a: Mandibuzz|move: Roost
|move|p2a: Jellicent|Scald|p1a: Mandibuzz
|-damage|p1a: Mandibuzz|86/100 brn
|
|-heal|p1a: Mandibuzz|92/100 brn|[from] item: Leftovers
|-heal|p2a: Jellicent|82/100 tox|[from] item: Leftovers
|-damage|p1a: Mandibuzz|86/100 brn|[from] brn
|-damage|p2a: Jellicent|63/100 tox|[from] psn
|upkeep
|turn|13
|
|move|p1a: Mandibuzz|U-turn|p2a: Jellicent
|-resisted|p2a: Jellicent
|-damage|p2a: Jellicent|61/100 tox
|
|switch|p1a: Seismitoad|Seismitoad, M|86/100|[from]move: U-turn
|-damage|p1a: Seismitoad|80/100|[from] Stealth Rock
|move|p2a: Jellicent|Recover|p2a: Jellicent
|-heal|p2a: Jellicent|100/100 tox
|
|-heal|p1a: Seismitoad|86/100|[from] item: Leftovers
|-damage|p2a: Jellicent|76/100 tox|[from] psn
|upkeep
|turn|14
|
|switch|p1a: Rotom|Rotom-Heat|100/100
|move|p2a: Jellicent|Will-O-Wisp|p1a: Rotom
|-immune|p1a: Rotom
|
|-heal|p2a: Jellicent|82/100 tox|[from] item: Leftovers
|-damage|p2a: Jellicent|51/100 tox|[from] psn
|upkeep
|turn|15
|
|switch|p2a: Excadrill|Excadrill, F|100/100
|-damage|p2a: Excadrill|97/100|[from] Stealth Rock
|move|p1a: Rotom|Volt Switch|p2a: Excadrill
|-immune|p2a: Excadrill
|
|upkeep
|turn|16
|
|switch|p2a: Hydreigon|Hydreigon, F|91/100
|-damage|p2a: Hydreigon|78/100|[from] Stealth Rock
|move|p1a: Rotom|Overheat|p2a: Hydreigon
|-resisted|p2a: Hydreigon
|-damage|p2a: Hydreigon|46/100
|-unboost|p1a: Rotom|spa|2
|
|upkeep
|turn|17
|
|move|p2a: Hydreigon|Draco Meteor|p1a: Rotom
|-damage|p1a: Rotom|6/100
|-unboost|p2a: Hydreigon|spa|2
|-damage|p2a: Hydreigon|36/100|[from] item: Life Orb
|move|p1a: Rotom|Volt Switch|p2a: Hydreigon
|-resisted|p2a: Hydreigon
|-damage|p2a: Hydreigon|28/100
|
|switch|p1a: Dragapult|Dragapult, M|100/100|[from]move: Volt Switch
|-damage|p1a: Dragapult|88/100|[from] Stealth Rock
|
|upkeep
|turn|18
|
|switch|p2a: Jellicent|Jellicent, M|51/100 tox
|-damage|p2a: Jellicent|38/100 tox|[from] Stealth Rock
|move|p1a: Dragapult|U-turn|p2a: Jellicent
|-resisted|p2a: Jellicent
|-damage|p2a: Jellicent|32/100 tox
|
|switch|p1a: Flapple|Flapple, M|100/100|[from]move: U-turn
|-damage|p1a: Flapple|88/100|[from] Stealth Rock
|
|-heal|p2a: Jellicent|38/100 tox|[from] item: Leftovers
|-damage|p2a: Jellicent|32/100 tox|[from] psn
|upkeep
|turn|19
|
|move|p1a: Flapple|Substitute|p1a: Flapple
|-start|p1a: Flapple|Substitute
|-damage|p1a: Flapple|63/100
|move|p2a: Jellicent|Will-O-Wisp||[still]
|-fail|p2a: Jellicent
|
|-heal|p2a: Jellicent|38/100 tox|[from] item: Leftovers
|-damage|p2a: Jellicent|26/100 tox|[from] psn
|upkeep
|turn|20
|
|move|p1a: Flapple|Dragon Dance|p1a: Flapple
|-boost|p1a: Flapple|atk|1
|-boost|p1a: Flapple|spe|1
|move|p2a: Jellicent|Taunt|p1a: Flapple
|-start|p1a: Flapple|move: Taunt
|
|-heal|p2a: Jellicent|32/100 tox|[from] item: Leftovers
|-damage|p2a: Jellicent|13/100 tox|[from] psn
|upkeep
|turn|21
|
|move|p1a: Flapple|Grav Apple|p2a: Jellicent|[miss]
|-miss|p1a: Flapple|p2a: Jellicent
|move|p2a: Jellicent|Scald|p1a: Flapple
|-resisted|p1a: Flapple
|-activate|p1a: Flapple|move: Substitute|[damage]
|
|-heal|p2a: Jellicent|20/100 tox|[from] item: Leftovers
|-damage|p2a: Jellicent|0 fnt|[from] psn
|faint|p2a: Jellicent
|upkeep
|
|switch|p2a: Gengar|Gengar, F|100/100
|-damage|p2a: Gengar|88/100|[from] Stealth Rock
|turn|22
|
|move|p1a: Flapple|Sucker Punch|p2a: Gengar
|-supereffective|p2a: Gengar
|-damage|p2a: Gengar|0 fnt
|-damage|p1a: Flapple|53/100|[from] item: Life Orb
|faint|p2a: Gengar
|
|upkeep
|
|switch|p2a: Tyranitar|Tyranitar, F|64/100
|-damage|p2a: Tyranitar|52/100|[from] Stealth Rock
|-weather|Sandstorm|[from] ability: Sand Stream|[of] p2a: Tyranitar
|turn|23
|
|move|p1a: Flapple|Grav Apple|p2a: Tyranitar
|-supereffective|p2a: Tyranitar
|-damage|p2a: Tyranitar|0 fnt
|-damage|p1a: Flapple|43/100|[from] item: Life Orb
|faint|p2a: Tyranitar
|
|-weather|Sandstorm|[upkeep]
|-damage|p1a: Flapple|37/100|[from] Sandstorm
|-end|p1a: Flapple|move: Taunt
|upkeep
|
|switch|p2a: Excadrill|Excadrill, F|97/100
|-damage|p2a: Excadrill|94/100|[from] Stealth Rock
|turn|24
|
|move|p2a: Excadrill|Iron Head|p1a: Flapple
|-end|p1a: Flapple|Substitute
|-damage|p2a: Excadrill|84/100|[from] item: Life Orb
|move|p1a: Flapple|Grav Apple|p2a: Excadrill|[miss]
|-miss|p1a: Flapple|p2a: Excadrill
|
|-weather|Sandstorm|[upkeep]
|-damage|p1a: Flapple|31/100|[from] Sandstorm
|upkeep
|turn|25
|
|move|p1a: Flapple|Sucker Punch||[still]
|-fail|p1a: Flapple
|move|p2a: Excadrill|Swords Dance|p2a: Excadrill
|-boost|p2a: Excadrill|atk|2
|
|-weather|Sandstorm|[upkeep]
|-damage|p1a: Flapple|25/100|[from] Sandstorm
|upkeep
|turn|26
|
|move|p1a: Flapple|Sucker Punch|p2a: Excadrill
|-damage|p2a: Excadrill|0 fnt
|-damage|p1a: Flapple|15/100|[from] item: Life Orb
|faint|p2a: Excadrill
|
|-weather|Sandstorm|[upkeep]
|-damage|p1a: Flapple|9/100|[from] Sandstorm
|upkeep
|
|switch|p2a: Ditto|Ditto|100/100
|-damage|p2a: Ditto|88/100|[from] Stealth Rock
|-transform|p2a: Ditto|p1a: Flapple|[from] ability: Imposter
|turn|27
|
|-start|p2a: Ditto|Dynamax
|-heal|p2a: Ditto|88/100|[silent]
|move|p1a: Flapple|Sucker Punch|p2a: Ditto
|-damage|p2a: Ditto|44/100
|-damage|p1a: Flapple|0 fnt|[from] item: Life Orb
|faint|p1a: Flapple
|move|p2a: Ditto|Max Overgrowth|p1: Flapple|[notarget]
|-fail|p2a: Ditto
|
|-weather|none
|upkeep
|
|switch|p1a: Dragapult|Dragapult, M|88/100
|-damage|p1a: Dragapult|76/100|[from] Stealth Rock
|turn|28
|
|move|p1a: Dragapult|Draco Meteor|p2a: Ditto
|-supereffective|p2a: Ditto
|-damage|p2a: Ditto|0 fnt
|-unboost|p1a: Dragapult|spa|2
|faint|p2a: Ditto
|
|upkeep
|l|☆thounss
|inactive|thounss disconnected and has a minute to reconnect!
|player|p2|
|inactive|thounss has 30 seconds to reconnect!
|inactive|thounss has 20 seconds to reconnect!
|inactive|thounss has 15 seconds to reconnect!
|inactive|thounss has 10 seconds to reconnect!
|inactive|thounss has 5 seconds to reconnect!
|-message|thounss lost due to inactivity.
|
|win|fgfdgdfgdfg
