|j|☆Sombra Diurna
|j|☆stestestephencurry
|t:|1644213052
|gametype|singles
|player|p1|Sombra Diurna|blue|1705
|player|p2|stestestephencurry|#ssdlindworms|1739
|teamsize|p1|6
|teamsize|p2|6
|gen|8
|tier|[Gen 8] OU
|rated|
|rule|Sleep Clause Mod: Limit one foe put to sleep
|rule|Species Clause: Limit one of each Pokémon
|rule|OHKO Clause: OHKO moves are banned
|rule|Evasion Moves Clause: Evasion moves are banned
|rule|Endless Battle Clause: Forcing endless battles is banned
|rule|HP Percentage Mod: HP is shown in percentages
|rule|Dynamax Clause: You cannot dynamax
|clearpoke
|poke|p1|Marowak-Alola, M|
|poke|p1|Slowbro, M|
|poke|p1|Hatterene, F|
|poke|p1|Garchomp, M|
|poke|p1|Ferrothorn, M|
|poke|p1|Drampa, M|
|poke|p2|Tornadus-Therian, M|
|poke|p2|Toxapex, M|
|poke|p2|Ferrothorn, M|
|poke|p2|Landorus-Therian, M|
|poke|p2|Buzzwole|
|poke|p2|Tyranitar, M|
|teampreview
|
|t:|1644213068
|start
|switch|p1a: Falkor|Drampa, M|100/100
|switch|p2a: Buzzwole|Buzzwole|100/100
|turn|1
|
|t:|1644213073
|switch|p1a: Sonso|Slowbro, M|100/100
|move|p2a: Buzzwole|Close Combat|p1a: Sonso
|-resisted|p1a: Sonso
|-damage|p1a: Sonso|81/100
|-unboost|p2a: Buzzwole|def|1
|-unboost|p2a: Buzzwole|spd|1
|
|upkeep
|turn|2
|
|t:|1644213082
|switch|p2a: Tyranitar|Tyranitar, M, shiny|100/100
|-weather|Sandstorm|[from] ability: Sand Stream|[of] p2a: Tyranitar
|move|p1a: Sonso|Scald|p2a: Tyranitar
|-supereffective|p2a: Tyranitar
|-damage|p2a: Tyranitar|60/100
|
|-weather|Sandstorm|[upkeep]
|-damage|p1a: Sonso|75/100|[from] Sandstorm
|upkeep
|turn|3
|inactive|Battle timer is ON: inactive players will automatically lose when time's up. (requested by stestestephencurry)
|
|t:|1644213091
|move|p2a: Tyranitar|Fire Punch|p1a: Sonso
|-resisted|p1a: Sonso
|-damage|p1a: Sonso|63/100
|move|p1a: Sonso|Body Press|p2a: Tyranitar
|-supereffective|p2a: Tyranitar
|-damage|p2a: Tyranitar|0 fnt
|faint|p2a: Tyranitar
|
|-weather|Sandstorm|[upkeep]
|-damage|p1a: Sonso|57/100|[from] Sandstorm
|upkeep
|c|☆stestestephencurry|another one
|
|t:|1644213100
|switch|p2a: Tornadus|Tornadus-Therian, M, shiny|100/100
|turn|4
|
|t:|1644213103
|move|p2a: Tornadus|Knock Off|p1a: Sonso
|-supereffective|p1a: Sonso
|-enditem|p1a: Sonso|Colbur Berry|[eat]
|-enditem|p1a: Sonso|Colbur Berry|[weaken]
|-damage|p1a: Sonso|45/100
|move|p1a: Sonso|Trick Room|p1a: Sonso
|-fieldstart|move: Trick Room|[of] p1a: Sonso
|
|-weather|Sandstorm|[upkeep]
|-damage|p1a: Sonso|39/100|[from] Sandstorm
|-damage|p2a: Tornadus|94/100|[from] Sandstorm
|upkeep
|turn|5
|
|t:|1644213114
|switch|p1a: Thorns|Ferrothorn, M|100/100
|move|p2a: Tornadus|Hurricane|p1a: Thorns|[miss]
|-miss|p2a: Tornadus|p1a: Thorns
|
|-weather|Sandstorm|[upkeep]
|-damage|p2a: Tornadus|88/100|[from] Sandstorm
|upkeep
|turn|6
|
|t:|1644213122
|switch|p2a: Ferrothorn|Ferrothorn, M|100/100
|move|p1a: Thorns|Stealth Rock|p2a: Ferrothorn
|-sidestart|p2: stestestephencurry|move: Stealth Rock
|
|-weather|none
|upkeep
|turn|7
|
|t:|1644213128
|switch|p1a: Sonso|Slowbro, M|73/100
|move|p2a: Ferrothorn|Spikes|p1a: Sonso
|-sidestart|p1: Sombra Diurna|Spikes
|
|upkeep
|turn|8
|
|t:|1644213133
|switch|p1a: Gorra|Hatterene, F, shiny|100/100
|-damage|p1a: Gorra|88/100|[from] Spikes
|move|p2a: Ferrothorn|Power Whip|p1a: Gorra
|-damage|p1a: Gorra|46/100
|
|-fieldend|move: Trick Room
|upkeep
|turn|9
|
|t:|1644213141
|switch|p2a: Tornadus|Tornadus-Therian, M, shiny|100/100
|move|p1a: Gorra|Mystical Fire|p2a: Tornadus
|-damage|p2a: Tornadus|78/100
|-unboost|p2a: Tornadus|spa|1
|
|upkeep
|turn|10
|
|t:|1644213147
|move|p2a: Tornadus|Knock Off|p1a: Gorra
|-damage|p1a: Gorra|25/100
|-enditem|p1a: Gorra|Kasib Berry|[from] move: Knock Off|[of] p2a: Tornadus
|move|p1a: Gorra|Trick Room|p1a: Gorra
|-fieldstart|move: Trick Room|[of] p1a: Gorra
|
|upkeep
|turn|11
|
|t:|1644213153
|move|p1a: Gorra|Healing Wish|p1a: Gorra
|faint|p1a: Gorra
|move|p2a: Tornadus|Hurricane|p1: Gorra|[notarget]
|-fail|p2a: Tornadus
|
|upkeep
|
|t:|1644213157
|switch|p1a: Falkor|Drampa, M|100/100
|-damage|p1a: Falkor|88/100|[from] Spikes
|turn|12
|
|t:|1644213163
|switch|p2a: Toxapex|Toxapex, M|100/100
|-damage|p2a: Toxapex|88/100|[from] Stealth Rock
|move|p1a: Falkor|Thunderbolt|p2a: Toxapex
|-supereffective|p2a: Toxapex
|-damage|p2a: Toxapex|8/100
|-status|p2a: Toxapex|par
|-damage|p1a: Falkor|78/100|[from] item: Life Orb
|
|upkeep
|turn|13
|j| Misty Gym comback2
|
|t:|1644213172
|move|p2a: Toxapex|Recover|p2a: Toxapex
|-heal|p2a: Toxapex|58/100 par
|move|p1a: Falkor|Focus Blast|p2a: Toxapex|[miss]
|-miss|p1a: Falkor|p2a: Toxapex
|
|upkeep
|turn|14
|
|t:|1644213179
|switch|p2a: Landorus|Landorus-Therian, M, shiny|100/100
|-damage|p2a: Landorus|88/100|[from] Stealth Rock
|-ability|p2a: Landorus|Intimidate|boost
|-unboost|p1a: Falkor|atk|1
|move|p1a: Falkor|Hyper Voice|p2a: Landorus
|-damage|p2a: Landorus|10/100
|-damage|p1a: Falkor|69/100|[from] item: Life Orb
|
|-heal|p2a: Landorus|16/100|[from] item: Leftovers
|-fieldend|move: Trick Room
|upkeep
|turn|15
|
|t:|1644213189
|switch|p1a: Sharko|Garchomp, M|100/100
|-damage|p1a: Sharko|88/100|[from] Spikes
|move|p2a: Landorus|Earthquake|p1a: Sharko
|-damage|p1a: Sharko|41/100
|
|-heal|p1a: Sharko|47/100|[from] item: Leftovers
|-heal|p2a: Landorus|22/100|[from] item: Leftovers
|upkeep
|turn|16
|
|t:|1644213199
|switch|p2a: Buzzwole|Buzzwole|100/100
|-damage|p2a: Buzzwole|88/100|[from] Stealth Rock
|move|p1a: Sharko|Stone Edge|p2a: Buzzwole
|-damage|p2a: Buzzwole|66/100
|
|-heal|p1a: Sharko|53/100|[from] item: Leftovers
|upkeep
|turn|17
|
|t:|1644213207
|switch|p1a: Sonso|Slowbro, M|100/100
|-damage|p1a: Sonso|88/100|[from] Spikes
|move|p2a: Buzzwole|Roost|p2a: Buzzwole
|-heal|p2a: Buzzwole|100/100
|-singleturn|p2a: Buzzwole|move: Roost
|
|upkeep
|turn|18
|
|t:|1644213214
|switch|p2a: Ferrothorn|Ferrothorn, M|100/100
|-damage|p2a: Ferrothorn|94/100|[from] Stealth Rock
|switch|p1a: Falkor|Drampa, M|69/100
|-heal|p1a: Falkor|100/100|[from] move: Healing Wish
|-damage|p1a: Falkor|88/100|[from] Spikes
|
|-heal|p2a: Ferrothorn|100/100|[from] item: Leftovers
|upkeep
|turn|19
|
|t:|1644213224
|switch|p2a: Landorus|Landorus-Therian, M, shiny|22/100
|-damage|p2a: Landorus|9/100|[from] Stealth Rock
|-ability|p2a: Landorus|Intimidate|boost
|-unboost|p1a: Falkor|atk|1
|move|p1a: Falkor|Focus Blast|p2a: Landorus
|-resisted|p2a: Landorus
|-damage|p2a: Landorus|0 fnt
|faint|p2a: Landorus
|-damage|p1a: Falkor|78/100|[from] item: Life Orb
|
|upkeep
|
|t:|1644213229
|switch|p2a: Buzzwole|Buzzwole|100/100
|-damage|p2a: Buzzwole|88/100|[from] Stealth Rock
|turn|20
|
|t:|1644213237
|switch|p2a: Tornadus|Tornadus-Therian, M, shiny|100/100
|switch|p1a: Sonso|Slowbro, M|100/100
|-damage|p1a: Sonso|88/100|[from] Spikes
|
|upkeep
|turn|21
|
|t:|1644213243
|move|p2a: Tornadus|Hurricane|p1a: Sonso
|-crit|p1a: Sonso
|-damage|p1a: Sonso|19/100
|-start|p1a: Sonso|confusion
|-activate|p1a: Sonso|confusion
|move|p1a: Sonso|Trick Room|p1a: Sonso
|-fieldstart|move: Trick Room|[of] p1a: Sonso
|
|upkeep
|turn|22
|
|t:|1644213252
|switch|p1a: Falkor|Drampa, M|78/100
|-damage|p1a: Falkor|66/100|[from] Spikes
|move|p2a: Tornadus|Hurricane|p1a: Falkor|[miss]
|-miss|p2a: Tornadus|p1a: Falkor
|
|upkeep
|turn|23
|
|t:|1644213259
|move|p1a: Falkor|Thunderbolt|p2a: Tornadus
|-supereffective|p2a: Tornadus
|-damage|p2a: Tornadus|12/100
|-damage|p1a: Falkor|56/100|[from] item: Life Orb
|move|p2a: Tornadus|Hurricane|p1a: Falkor
|-damage|p1a: Falkor|16/100
|-ability|p1a: Falkor|Berserk|boost
|-boost|p1a: Falkor|spa|1
|
|upkeep
|turn|24
|
|t:|1644213270
|switch|p2a: Toxapex|Toxapex, M|92/100 par
|-damage|p2a: Toxapex|79/100 par|[from] Stealth Rock
|move|p1a: Falkor|Roost|p1a: Falkor
|-heal|p1a: Falkor|67/100
|-singleturn|p1a: Falkor|move: Roost
|
|upkeep
|turn|25
|
|t:|1644213278
|switch|p2a: Ferrothorn|Ferrothorn, M|100/100
|-damage|p2a: Ferrothorn|94/100|[from] Stealth Rock
|move|p1a: Falkor|Thunderbolt|p2a: Ferrothorn
|-resisted|p2a: Ferrothorn
|-damage|p2a: Ferrothorn|67/100
|-damage|p1a: Falkor|57/100|[from] item: Life Orb
|
|-heal|p2a: Ferrothorn|73/100|[from] item: Leftovers
|-fieldend|move: Trick Room
|upkeep
|turn|26
|
|t:|1644213287
|move|p2a: Ferrothorn|Spikes|p1a: Falkor
|-sidestart|p1: Sombra Diurna|Spikes
|move|p1a: Falkor|Focus Blast|p2a: Ferrothorn|[miss]
|-miss|p1a: Falkor|p2a: Ferrothorn
|
|-heal|p2a: Ferrothorn|79/100|[from] item: Leftovers
|upkeep
|turn|27
|
|t:|1644213295
|move|p2a: Ferrothorn|Spikes|p1a: Falkor
|-sidestart|p1: Sombra Diurna|Spikes
|move|p1a: Falkor|Hyper Voice|p2a: Ferrothorn
|-resisted|p2a: Ferrothorn
|-damage|p2a: Ferrothorn|39/100
|-damage|p1a: Falkor|47/100|[from] item: Life Orb
|
|-heal|p2a: Ferrothorn|45/100|[from] item: Leftovers
|upkeep
|turn|28
|
|t:|1644213303
|move|p2a: Ferrothorn|Leech Seed|p1a: Falkor
|-start|p1a: Falkor|move: Leech Seed
|move|p1a: Falkor|Roost|p1a: Falkor
|-heal|p1a: Falkor|97/100
|-singleturn|p1a: Falkor|move: Roost
|
|-heal|p2a: Ferrothorn|52/100|[from] item: Leftovers
|-damage|p1a: Falkor|85/100|[from] Leech Seed|[of] p2a: Ferrothorn
|-heal|p2a: Ferrothorn|64/100|[silent]
|upkeep
|turn|29
|j| qpmsk
|
|t:|1644213310
|move|p2a: Ferrothorn|Knock Off|p1a: Falkor
|-damage|p1a: Falkor|63/100
|-enditem|p1a: Falkor|Life Orb|[from] move: Knock Off|[of] p2a: Ferrothorn
|move|p1a: Falkor|Focus Blast|p2a: Ferrothorn|[miss]
|-miss|p1a: Falkor|p2a: Ferrothorn
|
|-heal|p2a: Ferrothorn|70/100|[from] item: Leftovers
|-damage|p1a: Falkor|51/100|[from] Leech Seed|[of] p2a: Ferrothorn
|-heal|p2a: Ferrothorn|83/100|[silent]
|upkeep
|turn|30
|c|☆Sombra Diurna|come on!!
|
|t:|1644213319
|switch|p2a: Buzzwole|Buzzwole|88/100
|-damage|p2a: Buzzwole|76/100|[from] Stealth Rock
|move|p1a: Falkor|Roost|p1a: Falkor
|-heal|p1a: Falkor|100/100
|-singleturn|p1a: Falkor|move: Roost
|
|-damage|p1a: Falkor|88/100|[from] Leech Seed|[of] p2a: Buzzwole
|-heal|p2a: Buzzwole|87/100|[silent]
|upkeep
|turn|31
|
|t:|1644213332
|switch|p1a: Billy B.|Marowak-Alola, M, shiny|100/100
|-damage|p1a: Billy B.|76/100|[from] Spikes
|move|p2a: Buzzwole|Close Combat|p1a: Billy B.
|-immune|p1a: Billy B.
|
|upkeep
|turn|32
|inactive|stestestephencurry has 120 seconds left.
|
|t:|1644213373
|move|p2a: Buzzwole|Earthquake|p1a: Billy B.
|-supereffective|p1a: Billy B.
|-damage|p1a: Billy B.|4/100
|move|p1a: Billy B.|Flare Blitz|p2a: Buzzwole
|-supereffective|p2a: Buzzwole
|-damage|p2a: Buzzwole|0 fnt
|-damage|p1a: Billy B.|0 fnt|[from] item: Rocky Helmet|[of] p2a: Buzzwole
|faint|p2a: Buzzwole
|faint|p1a: Billy B.
|
|upkeep
|c|☆stestestephencurry|my damage calc lied
|c|☆Sombra Diurna|pure fucking luck
|c| Misty Gym comback2|yea sometimes me too
|c|☆stestestephencurry|168+ Atk Buzzwole Earthquake vs. 0 HP / 0 Def Marowak-Alola: 220-260 (84.2 - 99.6%) -- guaranteed 2HKO
|c|☆Sombra Diurna|i only need kill ferro
|inactive|Sombra Diurna has 120 seconds left.
|j| Golem Rising
|c| Misty Gym comback2|or he has def evs?
|c|☆stestestephencurry|probably
|c|☆Sombra Diurna|why 0 hp?? lol
|j| Grimmisnarl
|
|t:|1644213423
|switch|p2a: Tornadus|Tornadus-Therian, M, shiny|45/100
|switch|p1a: Sonso|Slowbro, M|53/100
|-damage|p1a: Sonso|28/100|[from] Spikes
|turn|33
|c|☆stestestephencurry|who the hell invests hp in marowak
|c| Misty Gym comback2|lmao
|c|☆stestestephencurry|oh
|c|☆stestestephencurry|its tr
|c| Misty Gym comback2|0 hp
|c|☆stestestephencurry|duh
|c|☆stestestephencurry|u are so
|c|☆stestestephencurry|bad
|c|☆stestestephencurry|it doesnt matter
|
|t:|1644213434
|switch|p1a: Thorns|Ferrothorn, M|100/100
|-damage|p1a: Thorns|75/100|[from] Spikes
|move|p2a: Tornadus|Hurricane|p1a: Thorns|[miss]
|-miss|p2a: Tornadus|p1a: Thorns
|
|upkeep
|turn|34
|j| quite quite quiet
|
|t:|1644213442
|switch|p2a: Ferrothorn|Ferrothorn, M|83/100
|-damage|p2a: Ferrothorn|77/100|[from] Stealth Rock
|move|p1a: Thorns|Gyro Ball|p2a: Ferrothorn
|-resisted|p2a: Ferrothorn
|-damage|p2a: Ferrothorn|72/100
|-damage|p1a: Thorns|63/100|[from] ability: Iron Barbs|[of] p2a: Ferrothorn
|
|-heal|p2a: Ferrothorn|79/100|[from] item: Leftovers
|upkeep
|turn|35
|c|☆stestestephencurry|bruh
|
|t:|1644213462
|switch|p1a: Falkor|Drampa, M|88/100
|-damage|p1a: Falkor|63/100|[from] Spikes
|move|p2a: Ferrothorn|Knock Off|p1a: Falkor
|-damage|p1a: Falkor|48/100
|-ability|p1a: Falkor|Berserk|boost
|-boost|p1a: Falkor|spa|1
|
|-heal|p2a: Ferrothorn|85/100|[from] item: Leftovers
|upkeep
|turn|36
|
|t:|1644213473
|move|p2a: Ferrothorn|Leech Seed|p1a: Falkor
|-start|p1a: Falkor|move: Leech Seed
|move|p1a: Falkor|Focus Blast|p2a: Ferrothorn|[miss]
|-miss|p1a: Falkor|p2a: Ferrothorn
|
|-heal|p2a: Ferrothorn|91/100|[from] item: Leftovers
|-damage|p1a: Falkor|36/100|[from] Leech Seed|[of] p2a: Ferrothorn
|-heal|p2a: Ferrothorn|100/100|[silent]
|upkeep
|turn|37
|c|☆stestestephencurry|ur so bad
|c|☆stestestephencurry|but it worked
|c|☆Sombra Diurna|i ???
|c|☆stestestephencurry|no
|c|☆Sombra Diurna|lol
|c|☆stestestephencurry|bro that clicked
|c|☆stestestephencurry|leech seed
|
|t:|1644213490
|switch|p2a: Tornadus|Tornadus-Therian, M, shiny|78/100
|move|p1a: Falkor|Roost|p1a: Falkor
|-heal|p1a: Falkor|86/100
|-singleturn|p1a: Falkor|move: Roost
|
|-damage|p1a: Falkor|74/100|[from] Leech Seed|[of] p2a: Tornadus
|-heal|p2a: Tornadus|90/100|[silent]
|upkeep
|turn|38
|
|t:|1644213497
|move|p2a: Tornadus|U-turn|p1a: Falkor
|-damage|p1a: Falkor|59/100
|
|t:|1644213499
|switch|p2a: Ferrothorn|Ferrothorn, M|100/100|[from]move: U-turn
|-damage|p2a: Ferrothorn|94/100|[from] Stealth Rock
|move|p1a: Falkor|Thunderbolt|p2a: Ferrothorn
|-resisted|p2a: Ferrothorn
|-damage|p2a: Ferrothorn|72/100
|
|-heal|p2a: Ferrothorn|78/100|[from] item: Leftovers
|-damage|p1a: Falkor|47/100|[from] Leech Seed|[of] p2a: Ferrothorn
|-heal|p2a: Ferrothorn|91/100|[silent]
|upkeep
|turn|39
|
|t:|1644213509
|switch|p2a: Toxapex|Toxapex, M|100/100 par
|-damage|p2a: Toxapex|88/100 par|[from] Stealth Rock
|move|p1a: Falkor|Roost|p1a: Falkor
|-heal|p1a: Falkor|97/100
|-singleturn|p1a: Falkor|move: Roost
|
|-damage|p1a: Falkor|85/100|[from] Leech Seed|[of] p2a: Toxapex
|-heal|p2a: Toxapex|100/100 par|[silent]
|upkeep
|turn|40
|c|☆stestestephencurry|u suck
|
|t:|1644213517
|move|p1a: Falkor|Thunderbolt|p2a: Toxapex
|-supereffective|p2a: Toxapex
|-damage|p2a: Toxapex|11/100 par
|move|p2a: Toxapex|Haze|p2a: Toxapex
|-clearallboost
|
|-damage|p1a: Falkor|73/100|[from] Leech Seed|[of] p2a: Toxapex
|-heal|p2a: Toxapex|25/100 par|[silent]
|upkeep
|turn|41
|c|☆stestestephencurry|u clicked
|c|☆stestestephencurry|pex
|c|☆stestestephencurry|why are u blaming me
|inactive|Sombra Diurna has 120 seconds left.
|c|☆stestestephencurry|yes
|c|☆stestestephencurry|ik
|
|t:|1644213525
|switch|p2a: Tornadus|Tornadus-Therian, M, shiny|100/100
|move|p1a: Falkor|Focus Blast|p2a: Tornadus
|-resisted|p2a: Tornadus
|-damage|p2a: Tornadus|76/100
|
|-damage|p1a: Falkor|60/100|[from] Leech Seed|[of] p2a: Tornadus
|-heal|p2a: Tornadus|88/100|[silent]
|upkeep
|turn|42
|c|☆Sombra Diurna|lol
|inactive|Sombra Diurna has 120 seconds left.
|c|☆stestestephencurry|!dt beserk
No Pokémon, item, move, ability or nature named 'beserk' was found. Showing the data of 'Berserk' instead.
|raw|<ul class="utilichart"><li class="result"><span class="col namecol"><a href="https://dex.pokemonshowdown.com/abilities/berserk">Berserk</a></span> <span class="col abilitydesccol">This Pokemon's Sp. Atk is raised by 1 when it reaches 1/2 or less of its max HP.</span> </li><li style="clear:both"></li></ul>
|raw|<font size="1"><font color="#686868">Gen:</font> 7</font>

|c|☆Sombra Diurna|pure fucking luck
|c|☆stestestephencurry|shit
|
|t:|1644213555
|move|p2a: Tornadus|U-turn|p1a: Falkor
|-damage|p1a: Falkor|45/100
|-ability|p1a: Falkor|Berserk|boost
|-boost|p1a: Falkor|spa|1
|
|t:|1644213556
|switch|p2a: Ferrothorn|Ferrothorn, M|91/100|[from]move: U-turn
|-damage|p2a: Ferrothorn|84/100|[from] Stealth Rock
|move|p1a: Falkor|Roost|p1a: Falkor
|-heal|p1a: Falkor|95/100
|-singleturn|p1a: Falkor|move: Roost
|
|-heal|p2a: Ferrothorn|91/100|[from] item: Leftovers
|-damage|p1a: Falkor|83/100|[from] Leech Seed|[of] p2a: Ferrothorn
|-heal|p2a: Ferrothorn|100/100|[silent]
|upkeep
|turn|43
|c| Golem Rising|are there two people playing the same account, and are they trashing each other?
|c| Grimmisnarl|just dont uturn wtf
|c| Grimmisnarl|u can hard switch
|inactive|Sombra Diurna has 120 seconds left.
|
|t:|1644213567
|move|p2a: Ferrothorn|Power Whip|p1a: Falkor
|-resisted|p1a: Falkor
|-damage|p1a: Falkor|63/100
|move|p1a: Falkor|Focus Blast|p2a: Ferrothorn
|-supereffective|p2a: Ferrothorn
|-damage|p2a: Ferrothorn|0 fnt
|faint|p2a: Ferrothorn
|
|upkeep
|
|t:|1644213574
|switch|p2a: Tornadus|Tornadus-Therian, M, shiny|100/100
|turn|44
|c|☆stestestephencurry|i tactually hit
|c| Grimmisnarl|so bad
|
|t:|1644213577
|move|p2a: Tornadus|Hurricane|p1a: Falkor
|-damage|p1a: Falkor|18/100
|-ability|p1a: Falkor|Berserk|boost
|-boost|p1a: Falkor|spa|1
|move|p1a: Falkor|Roost|p1a: Falkor
|-heal|p1a: Falkor|68/100
|-singleturn|p1a: Falkor|move: Roost
|
|-damage|p1a: Falkor|56/100|[from] Leech Seed|[of] p2a: Tornadus
|upkeep
|turn|45
|c|☆stestestephencurry|crit
|c|☆stestestephencurry|confuse
|c|☆stestestephencurry|i meant
|
|t:|1644213587
|move|p2a: Tornadus|U-turn|p1a: Falkor
|-damage|p1a: Falkor|40/100
|-ability|p1a: Falkor|Berserk|boost
|-boost|p1a: Falkor|spa|1
|c|☆stestestephencurry|to do this
|
|t:|1644213589
|switch|p2a: Toxapex|Toxapex, M|59/100 par|[from]move: U-turn
|-damage|p2a: Toxapex|46/100 par|[from] Stealth Rock
|move|p1a: Falkor|Thunderbolt|p2a: Toxapex
|-supereffective|p2a: Toxapex
|-damage|p2a: Toxapex|0 fnt
|faint|p2a: Toxapex
|
|upkeep
|c|☆stestestephencurry|before
|
|t:|1644213590
|switch|p2a: Tornadus|Tornadus-Therian, M, shiny|100/100
|turn|46
|c|☆stestestephencurry|sike
|c|☆stestestephencurry|hurricane it
|c|☆stestestephencurry|just hit
|c|☆stestestephencurry|but ur dumbass
|c|☆stestestephencurry|pls
|c|☆stestestephencurry|sold
|c|☆stestestephencurry|how did i sell
|c|☆stestestephencurry|i just made the play
|c|☆stestestephencurry|that can win us
|c|☆stestestephencurry|the game
|c|☆stestestephencurry|whatever
|c|☆stestestephencurry|its gon miss
|
|t:|1644213609
|move|p2a: Tornadus|Hurricane|p1a: Falkor
|-damage|p1a: Falkor|0 fnt
|faint|p1a: Falkor
|
|upkeep
|
|t:|1644213614
|switch|p1a: Sonso|Slowbro, M|61/100
|-damage|p1a: Sonso|36/100|[from] Spikes
|turn|47
|
|t:|1644213618
|move|p2a: Tornadus|Hurricane|p1a: Sonso
|-damage|p1a: Sonso|0 fnt
|faint|p1a: Sonso
|
|upkeep
|c|☆Sombra Diurna|lol}
|c|☆Sombra Diurna|pure luck
|c|☆stestestephencurry|ik
|c|☆Sombra Diurna|incredible
|c|☆stestestephencurry|all u had to do
|c|☆stestestephencurry|was roost
|c|☆stestestephencurry|he sucks
|c|☆stestestephencurry|and u won
|c|☆stestestephencurry|lmao
|c| Golem Rising|this is truely the highest form of entertainment
|c|☆stestestephencurry|i know
|
|t:|1644213639
|switch|p1a: Thorns|Ferrothorn, M|63/100
|-damage|p1a: Thorns|38/100|[from] Spikes
|turn|48
|c|☆stestestephencurry|2 bad players
|
|t:|1644213642
|move|p2a: Tornadus|Hurricane|p1a: Thorns
|-crit|p1a: Thorns
|-damage|p1a: Thorns|0 fnt
|faint|p1a: Thorns
|
|upkeep
|c|☆stestestephencurry|tryna sell
|c|☆Sombra Diurna|fuk u
|c|☆stestestephencurry|yessir torn t
|c|☆stestestephencurry|all he had to do
|c|☆stestestephencurry|was roost
|c|☆Sombra Diurna|crit!!!
|c|☆stestestephencurry|and he won
|c|☆stestestephencurry|thats what u have to do
|c| Misty Gym comback2|lol
|c| Grimmisnarl|no way 4 in a row
|j| Marwanium
|
|t:|1644213652
|switch|p1a: Sharko|Garchomp, M|53/100
|-damage|p1a: Sharko|28/100|[from] Spikes
|turn|49
|c|☆stestestephencurry|yessir torn t
|c|☆stestestephencurry|5/5
|c| Golem Rising|dont wiff now
|c|☆stestestephencurry|curry from 3
|c|☆Sombra Diurna|i miss everthing!!!!
|
|t:|1644213665
|move|p2a: Tornadus|Hurricane|p1a: Sharko
|-damage|p1a: Sharko|0 fnt
|faint|p1a: Sharko
|
|win|stestestephencurry
|raw|Sombra Diurna's rating: 1705 &rarr; <strong>1689</strong><br />(-16 for losing)
|raw|stestestephencurry's rating: 1768 &rarr; <strong>1784</strong><br />(+16 for winning)
|c| Grimmisnarl|LOOOOL
|c|☆stestestephencurry|curyr for 3
|c| Misty Gym comback2|wow
|c|☆stestestephencurry|BANG
|c|☆stestestephencurry|BANG
|c| Grimmisnarl|Curry from 3
|c|☆stestestephencurry|OH WHAT A SHOT FROM CURRY
|c| Grimmisnarl|hahahaha
|c|☆stestestephencurry|BANG
|l| Marwanium
|c|☆Sombra Diurna|you are too bad
|l| Golem Rising
|c|☆stestestephencurry|WITH 4 TENTHS OF A SECOND REMAINING
|l| quite quite quiet
|l|☆Sombra Diurna
|c| Grimmisnarl|i love that clip
|c|☆stestestephencurry|i dont
|c|☆stestestephencurry|im a westbrick fan
|c| Grimmisnarl|f
|c|☆stestestephencurry|imagine
|c|☆stestestephencurry|im a kd fan
|c|☆stestestephencurry|but i still
|l| Misty Gym comback2
|c|☆stestestephencurry|love the clip
|c|☆stestestephencurry|yeah
|c|☆stestestephencurry|iconic
|c|☆stestestephencurry|we both dickride
|c|☆stestestephencurry|dickreded
|c|☆stestestephencurry|the thunder
|c|☆stestestephencurry|in 2016
|l|☆stestestephencurry
|j| Marwanium
