|j|☆Pok et glace
|j|☆jajajj
|t:|1662810947
|gametype|singles
|player|p1|Pok et glace|cynthia-masters|1764
|player|p2|jajajj|169|1795
|teamsize|p1|6
|teamsize|p2|6
|gen|8
|tier|[Gen 8] OU
|rated|
|rule|Sleep Clause Mod: Limit one foe put to sleep
|rule|Species Clause: Limit one of each Pokémon
|rule|OHKO Clause: OHKO moves are banned
|rule|Evasion Items Clause: Evasion items are banned
|rule|Evasion Moves Clause: Evasion moves are banned
|rule|Endless Battle Clause: Forcing endless battles is banned
|rule|HP Percentage Mod: HP is shown in percentages
|rule|Dynamax Clause: You cannot dynamax
|clearpoke
|poke|p1|Mew|
|poke|p1|Crawdaunt, M|
|poke|p1|Celesteela|
|poke|p1|Garchomp, M|
|poke|p1|Weavile, M|
|poke|p1|Blacephalon|
|poke|p2|Zapdos|
|poke|p2|Weavile, M|
|poke|p2|Kartana|
|poke|p2|Landorus-Therian, M|
|poke|p2|Volcanion|
|poke|p2|Melmetal|
|teampreview
|inactive|Battle timer is ON: inactive players will automatically lose when time's up. (requested by jajajj)
|
|t:|1662810954
|start
|switch|p1a: Sperm thing|Mew|100/100
|switch|p2a: Weavile|Weavile, M|100/100
|-ability|p2a: Weavile|Pressure
|turn|1
|
|t:|1662810967
|move|p2a: Weavile|Beat Up|p1a: Sperm thing
|-supereffective|p1a: Sperm thing
|-enditem|p1a: Sperm thing|Colbur Berry|[eat]
|-enditem|p1a: Sperm thing|Colbur Berry|[weaken]
|-damage|p1a: Sperm thing|90/100
|-supereffective|p1a: Sperm thing
|-damage|p1a: Sperm thing|72/100
|-supereffective|p1a: Sperm thing
|-damage|p1a: Sperm thing|41/100
|-supereffective|p1a: Sperm thing
|-damage|p1a: Sperm thing|15/100
|-supereffective|p1a: Sperm thing
|-damage|p1a: Sperm thing|0 fnt
|faint|p1a: Sperm thing
|-hitcount|p1: Sperm thing|5
|
|upkeep
|
|t:|1662810971
|switch|p1a: Blacephalon|Blacephalon|100/100
|turn|2
|
|t:|1662810977
|switch|p2a: Volcanion|Volcanion|100/100
|move|p1a: Blacephalon|Shadow Ball|p2a: Volcanion
|-damage|p2a: Volcanion|42/100
|
|upkeep
|turn|3
|
|t:|1662810982
|switch|p2a: Weavile|Weavile, M|100/100
|-ability|p2a: Weavile|Pressure
|move|p1a: Blacephalon|Shadow Ball|p2a: Weavile
|-resisted|p2a: Weavile
|-crit|p2a: Weavile
|-damage|p2a: Weavile|48/100
|-unboost|p2a: Weavile|spd|1
|
|upkeep
|turn|4
|c|☆Pok et glace|sorry
|
|t:|1662810994
|move|p1a: Blacephalon|Shadow Ball|p2a: Weavile
|-resisted|p2a: Weavile
|-damage|p2a: Weavile|0 fnt
|faint|p2a: Weavile
|-ability|p1a: Blacephalon|Beast Boost|boost
|-boost|p1a: Blacephalon|spa|1
|
|upkeep
|
|t:|1662810997
|switch|p2a: Kartana|Kartana|100/100
|turn|5
|
|t:|1662811003
|switch|p1a: Hair|Weavile, M|100/100
|move|p2a: Kartana|Knock Off|p1a: Hair
|-resisted|p1a: Hair
|-damage|p1a: Hair|66/100
|-enditem|p1a: Hair|Life Orb|[from] move: Knock Off|[of] p2a: Kartana
|-enditem|p2a: Kartana|Choice Scarf|[silent]|[from] ability: Pickpocket|[of] p2a: Kartana
|-item|p1a: Hair|Choice Scarf|[from] ability: Pickpocket|[of] p2a: Kartana
|
|upkeep
|turn|6
|
|t:|1662811016
|move|p1a: Hair|Triple Axel|p2a: Kartana
|-damage|p2a: Kartana|89/100
|-damage|p2a: Kartana|66/100
|-damage|p2a: Kartana|32/100
|-hitcount|p2a: Kartana|3
|move|p2a: Kartana|Leaf Blade|p1a: Hair
|-damage|p1a: Hair|0 fnt
|faint|p1a: Hair
|-ability|p2a: Kartana|Beast Boost|boost
|-boost|p2a: Kartana|atk|1
|
|upkeep
|
|t:|1662811021
|switch|p1a: Blacephalon|Blacephalon|100/100
|turn|7
|
|t:|1662811027
|switch|p2a: Volcanion|Volcanion|42/100
|move|p1a: Blacephalon|Shadow Ball|p2a: Volcanion
|-damage|p2a: Volcanion|0 fnt
|faint|p2a: Volcanion
|-ability|p1a: Blacephalon|Beast Boost|boost
|-boost|p1a: Blacephalon|spa|1
|
|upkeep
|
|t:|1662811029
|switch|p2a: Landorus|Landorus-Therian, M|100/100
|-ability|p2a: Landorus|Intimidate|boost
|-unboost|p1a: Blacephalon|atk|1
|turn|8
|
|t:|1662811033
|switch|p1a: Garchomp|Garchomp, M|100/100
|move|p2a: Landorus|Earthquake|p1a: Garchomp
|-damage|p1a: Garchomp|53/100
|
|upkeep
|turn|9
|
|t:|1662811040
|move|p1a: Garchomp|Aqua Tail|p2a: Landorus
|-supereffective|p2a: Landorus
|-damage|p2a: Landorus|38/100
|move|p2a: Landorus|Stealth Rock|p1a: Garchomp
|-sidestart|p1: Pok et glace|move: Stealth Rock
|
|-heal|p2a: Landorus|44/100|[from] item: Leftovers
|upkeep
|turn|10
|
|t:|1662811047
|switch|p2a: Kartana|Kartana|32/100
|move|p1a: Garchomp|Scale Shot|p2a: Kartana
|-resisted|p2a: Kartana
|-damage|p2a: Kartana|25/100
|-resisted|p2a: Kartana
|-damage|p2a: Kartana|19/100
|-hitcount|p2a: Kartana|2
|-unboost|p1a: Garchomp|def|1
|-boost|p1a: Garchomp|spe|1
|
|upkeep
|turn|11
|
|t:|1662811057
|move|p1a: Garchomp|Scale Shot|p2a: Kartana
|-resisted|p2a: Kartana
|-damage|p2a: Kartana|12/100
|-resisted|p2a: Kartana
|-damage|p2a: Kartana|5/100
|-resisted|p2a: Kartana
|-damage|p2a: Kartana|0 fnt
|faint|p2a: Kartana
|-hitcount|p2: Kartana|3
|-unboost|p1a: Garchomp|def|1
|-boost|p1a: Garchomp|spe|1
|
|upkeep
|j| Chiwis Del Norte
|
|t:|1662811060
|switch|p2a: Zapdos|Zapdos|100/100
|turn|12
|
|t:|1662811065
|move|p1a: Garchomp|Swords Dance|p1a: Garchomp
|-boost|p1a: Garchomp|atk|2
|move|p2a: Zapdos|Hurricane|p1a: Garchomp|[miss]
|-miss|p2a: Zapdos|p1a: Garchomp
|
|upkeep
|turn|13
|
|t:|1662811069
|move|p1a: Garchomp|Scale Shot|p2a: Zapdos
|-crit|p2a: Zapdos
|-damage|p2a: Zapdos|51/100
|-damage|p2a: Zapdos|20/100
|-hitcount|p2a: Zapdos|2
|-unboost|p1a: Garchomp|def|1
|-boost|p1a: Garchomp|spe|1
|move|p2a: Zapdos|Hurricane|p1a: Garchomp
|-damage|p1a: Garchomp|0 fnt
|faint|p1a: Garchomp
|
|upkeep
|
|t:|1662811079
|switch|p1a: Blacephalon|Blacephalon|100/100
|-damage|p1a: Blacephalon|76/100|[from] Stealth Rock
|turn|14
|
|t:|1662811083
|move|p1a: Blacephalon|Flamethrower|p2a: Zapdos
|-damage|p2a: Zapdos|0 fnt
|faint|p2a: Zapdos
|-ability|p1a: Blacephalon|Beast Boost|boost
|-boost|p1a: Blacephalon|spa|1
|
|upkeep
|
|t:|1662811085
|switch|p2a: Landorus|Landorus-Therian, M|44/100
|-ability|p2a: Landorus|Intimidate|boost
|-unboost|p1a: Blacephalon|atk|1
|turn|15
|
|t:|1662811087
|move|p1a: Blacephalon|Flamethrower|p2a: Landorus
|-damage|p2a: Landorus|0 fnt
|faint|p2a: Landorus
|-ability|p1a: Blacephalon|Beast Boost|boost
|-boost|p1a: Blacephalon|spa|1
|
|upkeep
|-message|jajajj forfeited.
|
|win|Pok et glace
|raw|Pok et glace's rating: 1764 &rarr; <strong>1786</strong><br />(+22 for winning)
|raw|jajajj's rating: 1795 &rarr; <strong>1773</strong><br />(-22 for losing)
|l|☆Pok et glace
