|raw|<div class="broadcast-blue"><strong>This battle is required to be public due to a player having a name starting with 'lt93oq'.</div>
|j|☆LT93OQ Shurtugal
|j|☆Coach Jones 6fifth
|t:|1660616751
|gametype|singles
|player|p1|LT93OQ Shurtugal|hilda|1607
|player|p2|Coach Jones 6fifth|lusamine-nihilego|1845
|teamsize|p1|6
|teamsize|p2|6
|gen|8
|tier|[Gen 8] OU
|rated|
|rule|Sleep Clause Mod: Limit one foe put to sleep
|rule|Species Clause: Limit one of each Pokémon
|rule|OHKO Clause: OHKO moves are banned
|rule|Evasion Items Clause: Evasion items are banned
|rule|Evasion Moves Clause: Evasion moves are banned
|rule|Endless Battle Clause: Forcing endless battles is banned
|rule|HP Percentage Mod: HP is shown in percentages
|rule|Dynamax Clause: You cannot dynamax
|clearpoke
|poke|p1|Shuckle, F|
|poke|p1|Victini|
|poke|p1|Urshifu-*, M|
|poke|p1|Kartana|
|poke|p1|Dragonite, M|
|poke|p1|Bisharp, F|
|poke|p2|Heatran, M|
|poke|p2|Slowking, F|
|poke|p2|Landorus-Therian, M|
|poke|p2|Weavile, M|
|poke|p2|Clefable, F|
|poke|p2|Tornadus-Therian, M|
|teampreview
|
|t:|1660616769
|start
|switch|p1a: Victini|Victini|100/100
|switch|p2a: Slowking|Slowking, F|100/100
|turn|1
|inactive|Battle timer is ON: inactive players will automatically lose when time's up. (requested by LT93OQ Shurtugal)
|
|t:|1660616780
|move|p1a: Victini|Final Gambit|p2a: Slowking
|-damage|p2a: Slowking|0 fnt
|faint|p1a: Victini
|faint|p2a: Slowking
|
|upkeep
|
|t:|1660616788
|switch|p1a: Urshifu|Urshifu-Rapid-Strike, M|100/100
|switch|p2a: Heatran|Heatran, M, shiny|100/100
|turn|2
|
|t:|1660616790
|switch|p2a: Clefable|Clefable, F, shiny|100/100
|move|p1a: Urshifu|Surging Strikes|p2a: Clefable
|-crit|p2a: Clefable
|-damage|p2a: Clefable|83/100
|-crit|p2a: Clefable
|-damage|p2a: Clefable|65/100
|-crit|p2a: Clefable
|-damage|p2a: Clefable|50/100
|-hitcount|p2a: Clefable|3
|
|upkeep
|turn|3
|
|t:|1660616793
|move|p1a: Urshifu|Surging Strikes|p2a: Clefable
|-crit|p2a: Clefable
|-damage|p2a: Clefable|33/100
|-crit|p2a: Clefable
|-damage|p2a: Clefable|15/100
|-crit|p2a: Clefable
|-damage|p2a: Clefable|0 fnt
|faint|p2a: Clefable
|-hitcount|p2: Clefable|3
|
|upkeep
|
|t:|1660616796
|switch|p2a: Tornadus|Tornadus-Therian, M|100/100
|turn|4
|
|t:|1660616799
|switch|p1a: Shuckle|Shuckle, F|100/100
|move|p2a: Tornadus|Hurricane|p1a: Shuckle
|-damage|p1a: Shuckle|72/100
|
|upkeep
|turn|5
|
|t:|1660616802
|move|p2a: Tornadus|Hurricane|p1a: Shuckle
|-damage|p1a: Shuckle|43/100
|move|p1a: Shuckle|Sticky Web|p2a: Tornadus
|-sidestart|p2: Coach Jones 6fifth|move: Sticky Web
|
|upkeep
|turn|6
|-enditem|p1a: Shuckle|Custap Berry|[eat]
|-activate|p1a: Shuckle|item: Custap Berry|[consumed]
|
|t:|1660616804
|move|p1a: Shuckle|Toxic|p2a: Tornadus
|-status|p2a: Tornadus|tox
|move|p2a: Tornadus|U-turn|p1a: Shuckle
|-damage|p1a: Shuckle|35/100
|
|t:|1660616808
|switch|p2a: Landorus|Landorus-Therian, M|100/100|[from]move: U-turn
|-ability|p2a: Landorus|Intimidate|boost
|-unboost|p1a: Shuckle|atk|1
|
|upkeep
|turn|7
|
|t:|1660616811
|move|p2a: Landorus|Toxic|p1a: Shuckle
|-status|p1a: Shuckle|tox
|move|p1a: Shuckle|Toxic|p2a: Landorus
|-status|p2a: Landorus|tox
|
|-damage|p2a: Landorus|94/100 tox|[from] psn
|-damage|p1a: Shuckle|28/100 tox|[from] psn
|upkeep
|turn|8
|
|t:|1660616817
|move|p2a: Landorus|Defog|p1a: Shuckle
|-unboost|p1a: Shuckle|evasion|1
|-sideend|p2: Coach Jones 6fifth|Sticky Web|[from] move: Defog|[of] p2a: Landorus
|move|p1a: Shuckle|Encore|p2a: Landorus
|-start|p2a: Landorus|Encore
|
|-heal|p2a: Landorus|100/100 tox|[from] item: Leftovers
|-damage|p2a: Landorus|88/100 tox|[from] psn
|-damage|p1a: Shuckle|16/100 tox|[from] psn
|upkeep
|turn|9
|
|t:|1660616820
|switch|p2a: Weavile|Weavile, M|100/100
|-ability|p2a: Weavile|Pressure
|move|p1a: Shuckle|Sticky Web|p2a: Weavile
|-sidestart|p2: Coach Jones 6fifth|move: Sticky Web
|
|-damage|p1a: Shuckle|0 fnt|[from] psn
|faint|p1a: Shuckle
|upkeep
|
|t:|1660616825
|switch|p1a: Urshifu|Urshifu-Rapid-Strike, M|100/100
|turn|10
|
|t:|1660616830
|switch|p2a: Landorus|Landorus-Therian, M|88/100 tox
|-ability|p2a: Landorus|Intimidate|boost
|-unboost|p1a: Urshifu|atk|1
|move|p1a: Urshifu|Surging Strikes|p2a: Landorus
|-supereffective|p2a: Landorus
|-crit|p2a: Landorus
|-damage|p2a: Landorus|44/100 tox
|-supereffective|p2a: Landorus
|-crit|p2a: Landorus
|-damage|p2a: Landorus|0 fnt
|faint|p2a: Landorus
|-hitcount|p2: Landorus|2
|
|upkeep
|
|t:|1660616831
|switch|p2a: Tornadus|Tornadus-Therian, M|100/100 tox
|turn|11
|
|t:|1660616840
|switch|p1a: Dragonite|Dragonite, M|100/100
|move|p2a: Tornadus|Hurricane|p1a: Dragonite
|-damage|p1a: Dragonite|80/100
|
|-damage|p2a: Tornadus|94/100 tox|[from] psn
|upkeep
|turn|12
|
|t:|1660616844
|move|p2a: Tornadus|U-turn|p1a: Dragonite
|-resisted|p1a: Dragonite
|-damage|p1a: Dragonite|73/100
|
|t:|1660616846
|switch|p2a: Weavile|Weavile, M|100/100|[from]move: U-turn
|-activate|p2a: Weavile|move: Sticky Web
|-unboost|p2a: Weavile|spe|1
|-ability|p2a: Weavile|Pressure
|move|p1a: Dragonite|Ice Punch|p2a: Weavile
|-resisted|p2a: Weavile
|-damage|p2a: Weavile|77/100
|
|upkeep
|turn|13
|
|t:|1660616850
|switch|p1a: Urshifu|Urshifu-Rapid-Strike, M|100/100
|switch|p2a: Tornadus|Tornadus-Therian, M|100/100 tox
|
|-damage|p2a: Tornadus|94/100 tox|[from] psn
|upkeep
|turn|14
|
|t:|1660616855
|switch|p1a: Dragonite|Dragonite, M|73/100
|move|p2a: Tornadus|Hurricane|p1a: Dragonite
|-damage|p1a: Dragonite|33/100
|
|-damage|p2a: Tornadus|82/100 tox|[from] psn
|upkeep
|turn|15
|
|t:|1660616858
|move|p2a: Tornadus|Hurricane|p1a: Dragonite
|-damage|p1a: Dragonite|0 fnt
|faint|p1a: Dragonite
|
|-damage|p2a: Tornadus|64/100 tox|[from] psn
|upkeep
|j| LT93OQ metamence
|
|t:|1660616864
|switch|p1a: Kartana|Kartana|100/100
|turn|16
|
|t:|1660616865
|move|p2a: Tornadus|Heat Wave|p1a: Kartana
|-supereffective|p1a: Kartana
|-enditem|p1a: Kartana|Focus Sash
|-damage|p1a: Kartana|1/100
|-status|p1a: Kartana|brn
|move|p1a: Kartana|Knock Off|p2a: Tornadus
|-damage|p2a: Tornadus|42/100 tox
|-enditem|p2a: Tornadus|Assault Vest|[from] move: Knock Off|[of] p1a: Kartana
|
|-damage|p2a: Tornadus|18/100 tox|[from] psn
|-damage|p1a: Kartana|0 fnt|[from] brn
|faint|p1a: Kartana
|upkeep
|
|t:|1660616871
|switch|p1a: Bisharp|Bisharp, F|100/100
|turn|17
|
|t:|1660616876
|switch|p2a: Heatran|Heatran, M, shiny|100/100
|-activate|p2a: Heatran|move: Sticky Web
|-unboost|p2a: Heatran|spe|1
|-enditem|p2a: Heatran|Eject Pack
|
|t:|1660616880
|switch|p2a: Weavile|Weavile, M|77/100
|-activate|p2a: Weavile|move: Sticky Web
|-unboost|p2a: Weavile|spe|1
|-ability|p2a: Weavile|Pressure
|switch|p1a: Urshifu|Urshifu-Rapid-Strike, M|100/100
|
|upkeep
|turn|18
|
|t:|1660616888
|move|p2a: Weavile|Ice Shard|p1a: Urshifu
|-resisted|p1a: Urshifu
|-damage|p1a: Urshifu|86/100
|move|p1a: Urshifu|Surging Strikes|p2a: Weavile
|-crit|p2a: Weavile
|-damage|p2a: Weavile|39/100
|-crit|p2a: Weavile
|-damage|p2a: Weavile|3/100
|-crit|p2a: Weavile
|-damage|p2a: Weavile|0 fnt
|faint|p2a: Weavile
|-hitcount|p2: Weavile|3
|
|upkeep
|
|t:|1660616891
|switch|p2a: Tornadus|Tornadus-Therian, M|51/100 tox
|turn|19
|
|t:|1660616893
|switch|p1a: Bisharp|Bisharp, F|100/100
|move|p2a: Tornadus|Hurricane|p1a: Bisharp
|-resisted|p1a: Bisharp
|-damage|p1a: Bisharp|68/100
|
|-damage|p2a: Tornadus|45/100 tox|[from] psn
|upkeep
|turn|20
|
|t:|1660616903
|switch|p2a: Heatran|Heatran, M, shiny|100/100
|-activate|p2a: Heatran|move: Sticky Web
|-unboost|p2a: Heatran|spe|1
|switch|p1a: Urshifu|Urshifu-Rapid-Strike, M|86/100
|
|upkeep
|turn|21
|
|t:|1660616910
|move|p1a: Urshifu|Surging Strikes|p2a: Heatran
|-supereffective|p2a: Heatran
|-crit|p2a: Heatran
|-damage|p2a: Heatran|72/100
|-supereffective|p2a: Heatran
|-crit|p2a: Heatran
|-damage|p2a: Heatran|44/100
|-supereffective|p2a: Heatran
|-crit|p2a: Heatran
|-damage|p2a: Heatran|15/100
|-hitcount|p2a: Heatran|3
|move|p2a: Heatran|Lava Plume|p1a: Urshifu
|-resisted|p1a: Urshifu
|-damage|p1a: Urshifu|59/100
|
|upkeep
|turn|22
|
|t:|1660616912
|move|p1a: Urshifu|Surging Strikes|p2a: Heatran
|-supereffective|p2a: Heatran
|-crit|p2a: Heatran
|-damage|p2a: Heatran|0 fnt
|faint|p2a: Heatran
|-hitcount|p2: Heatran|1
|
|upkeep
|
|t:|1660616913
|switch|p2a: Tornadus|Tornadus-Therian, M|78/100 tox
|turn|23
|
|t:|1660616915
|move|p2a: Tornadus|Hurricane|p1a: Urshifu
|-supereffective|p1a: Urshifu
|-damage|p1a: Urshifu|0 fnt
|faint|p1a: Urshifu
|
|-damage|p2a: Tornadus|72/100 tox|[from] psn
|upkeep
|
|t:|1660616916
|switch|p1a: Bisharp|Bisharp, F|68/100
|turn|24
|
|t:|1660616918
|move|p1a: Bisharp|Sucker Punch|p2a: Tornadus
|-damage|p2a: Tornadus|23/100 tox
|-damage|p1a: Bisharp|58/100|[from] item: Life Orb
|move|p2a: Tornadus|Heat Wave|p1a: Bisharp
|-supereffective|p1a: Bisharp
|-damage|p1a: Bisharp|0 fnt
|faint|p1a: Bisharp
|
|win|Coach Jones 6fifth
|raw|LT93OQ Shurtugal's rating: 1607 &rarr; <strong>1599</strong><br />(-8 for losing)
|raw|Coach Jones 6fifth's rating: 1845 &rarr; <strong>1853</strong><br />(+8 for winning)
