|j|☆demgeilem
|j|☆LosImmortales
|t:|1668076670
|gametype|singles
|player|p1|demgeilem|ethan-masters|1632
|player|p2|LosImmortales|lyra|1634
|teamsize|p1|6
|teamsize|p2|6
|gen|8
|tier|[Gen 8] OU
|rated|
|rule|Sleep Clause Mod: Limit one foe put to sleep
|rule|Species Clause: Limit one of each Pokémon
|rule|OHKO Clause: OHKO moves are banned
|rule|Evasion Items Clause: Evasion items are banned
|rule|Evasion Moves Clause: Evasion moves are banned
|rule|Endless Battle Clause: Forcing endless battles is banned
|rule|HP Percentage Mod: HP is shown in percentages
|rule|Dynamax Clause: You cannot dynamax
|clearpoke
|poke|p1|Melmetal|
|poke|p1|Dragapult, M|
|poke|p1|Slowbro, F|
|poke|p1|Clefable, F|
|poke|p1|Landorus-Therian, M|
|poke|p1|Buzzwole|
|poke|p2|Reuniclus, M|
|poke|p2|Toxapex, F|
|poke|p2|Tornadus-Therian, M|
|poke|p2|Buzzwole|
|poke|p2|Melmetal|
|poke|p2|Landorus-Therian, M|
|teampreview
|inactive|Battle timer is ON: inactive players will automatically lose when time's up. (requested by LosImmortales)
|inactive|LosImmortales has 120 seconds left.
|
|t:|1668076708
|start
|switch|p1a: Clefable|Clefable, F|100/100
|switch|p2a: Landorus|Landorus-Therian, M|100/100
|-ability|p2a: Landorus|Intimidate|boost
|-unboost|p1a: Clefable|atk|1
|turn|1
|
|t:|1668076716
|move|p2a: Landorus|Stealth Rock|p1a: Clefable
|-sidestart|p1: demgeilem|move: Stealth Rock
|move|p1a: Clefable|Moonblast|p2a: Landorus
|-damage|p2a: Landorus|65/100
|
|-heal|p2a: Landorus|71/100|[from] item: Leftovers
|upkeep
|turn|2
|
|t:|1668076722
|move|p2a: Landorus|Knock Off|p1a: Clefable
|-resisted|p1a: Clefable
|-damage|p1a: Clefable|86/100
|-enditem|p1a: Clefable|Leftovers|[from] move: Knock Off|[of] p2a: Landorus
|move|p1a: Clefable|Stealth Rock|p2a: Landorus
|-sidestart|p2: LosImmortales|move: Stealth Rock
|
|-heal|p2a: Landorus|77/100|[from] item: Leftovers
|upkeep
|turn|3
|
|t:|1668076730
|switch|p1a: Slowbro|Slowbro, F, shiny|100/100
|-damage|p1a: Slowbro|88/100|[from] Stealth Rock
|move|p2a: Landorus|U-turn|p1a: Slowbro
|-supereffective|p1a: Slowbro
|-damage|p1a: Slowbro|63/100
|-damage|p2a: Landorus|60/100|[from] item: Rocky Helmet|[of] p1a: Slowbro
|
|t:|1668076736
|switch|p2a: Reuniclus|Reuniclus, M|100/100|[from]move: U-turn
|-damage|p2a: Reuniclus|88/100|[from] Stealth Rock
|
|upkeep
|turn|4
|
|t:|1668076746
|switch|p1a: Landorus|Landorus-Therian, M|100/100
|-damage|p1a: Landorus|88/100|[from] Stealth Rock
|-ability|p1a: Landorus|Intimidate|boost
|-unboost|p2a: Reuniclus|atk|1
|move|p2a: Reuniclus|Thunder|p1a: Landorus
|-immune|p1a: Landorus
|
|-heal|p1a: Landorus|94/100|[from] item: Leftovers
|upkeep
|turn|5
|
|t:|1668076755
|switch|p2a: Landorus|Landorus-Therian, M|60/100
|-damage|p2a: Landorus|48/100|[from] Stealth Rock
|-ability|p2a: Landorus|Intimidate|boost
|-unboost|p1a: Landorus|atk|1
|move|p1a: Landorus|Knock Off|p2a: Landorus
|-damage|p2a: Landorus|33/100
|-enditem|p2a: Landorus|Leftovers|[from] move: Knock Off|[of] p1a: Landorus
|
|-heal|p1a: Landorus|99/100|[from] item: Leftovers
|upkeep
|turn|6
|
|t:|1668076763
|switch|p1a: Slowbro|Slowbro, F, shiny|96/100
|-damage|p1a: Slowbro|83/100|[from] Stealth Rock
|move|p2a: Landorus|Knock Off|p1a: Slowbro
|-supereffective|p1a: Slowbro
|-damage|p1a: Slowbro|45/100
|-damage|p2a: Landorus|16/100|[from] item: Rocky Helmet|[of] p1a: Slowbro
|-enditem|p1a: Slowbro|Rocky Helmet|[from] move: Knock Off|[of] p2a: Landorus
|
|upkeep
|turn|7
|
|t:|1668076773
|move|p2a: Landorus|Earthquake|p1a: Slowbro
|-damage|p1a: Slowbro|18/100
|move|p1a: Slowbro|Slack Off|p1a: Slowbro
|-heal|p1a: Slowbro|68/100
|
|upkeep
|turn|8
|
|t:|1668076778
|move|p2a: Landorus|U-turn|p1a: Slowbro
|-supereffective|p1a: Slowbro
|-damage|p1a: Slowbro|40/100
|
|t:|1668076780
|switch|p2a: Reuniclus|Reuniclus, M|100/100|[from]move: U-turn
|-damage|p2a: Reuniclus|88/100|[from] Stealth Rock
|move|p1a: Slowbro|Teleport|p1a: Slowbro
|
|t:|1668076786
|switch|p1a: Dragapult|Dragapult, M|100/100|[from]move: Teleport
|-damage|p1a: Dragapult|88/100|[from] Stealth Rock
|
|upkeep
|turn|9
|
|t:|1668076791
|switch|p2a: Landorus|Landorus-Therian, M|16/100
|-damage|p2a: Landorus|4/100|[from] Stealth Rock
|-ability|p2a: Landorus|Intimidate|boost
|-unboost|p1a: Dragapult|atk|1
|move|p1a: Dragapult|Shadow Ball|p2a: Landorus
|-damage|p2a: Landorus|0 fnt
|faint|p2a: Landorus
|
|upkeep
|
|t:|1668076795
|switch|p2a: Melmetal|Melmetal|100/100
|-damage|p2a: Melmetal|94/100|[from] Stealth Rock
|turn|10
|
|t:|1668076807
|switch|p1a: Melmetal|Melmetal|100/100
|-damage|p1a: Melmetal|94/100|[from] Stealth Rock
|move|p2a: Melmetal|Toxic|p1a: Melmetal
|-immune|p1a: Melmetal
|
|-heal|p2a: Melmetal|100/100|[from] item: Leftovers
|upkeep
|turn|11
|
|t:|1668076822
|switch|p1a: Landorus|Landorus-Therian, M|99/100
|-damage|p1a: Landorus|88/100|[from] Stealth Rock
|-ability|p1a: Landorus|Intimidate|boost
|-unboost|p2a: Melmetal|atk|1
|switch|p2a: Toxapex|Toxapex, F|100/100
|-damage|p2a: Toxapex|88/100|[from] Stealth Rock
|
|-heal|p1a: Landorus|94/100|[from] item: Leftovers
|upkeep
|turn|12
|j| Dark Lord Morpheus
|
|t:|1668076833
|move|p1a: Landorus|Knock Off|p2a: Toxapex
|-damage|p2a: Toxapex|68/100
|-damage|p1a: Landorus|77/100|[from] item: Rocky Helmet|[of] p2a: Toxapex
|-enditem|p2a: Toxapex|Rocky Helmet|[from] move: Knock Off|[of] p1a: Landorus
|move|p2a: Toxapex|Toxic|p1a: Landorus
|-status|p1a: Landorus|tox
|
|-heal|p1a: Landorus|83/100 tox|[from] item: Leftovers
|-damage|p1a: Landorus|77/100 tox|[from] psn
|upkeep
|turn|13
|
|t:|1668076843
|switch|p2a: Tornadus|Tornadus-Therian, M|100/100
|move|p1a: Landorus|U-turn|p2a: Tornadus
|-resisted|p2a: Tornadus
|-damage|p2a: Tornadus|88/100
|
|t:|1668076849
|switch|p1a: Slowbro|Slowbro, F, shiny|73/100|[from]move: U-turn
|-damage|p1a: Slowbro|61/100|[from] Stealth Rock
|
|upkeep
|turn|14
|
|t:|1668076855
|move|p2a: Tornadus|U-turn|p1a: Slowbro
|-supereffective|p1a: Slowbro
|-damage|p1a: Slowbro|43/100
|
|t:|1668076858
|switch|p2a: Buzzwole|Buzzwole|100/100|[from]move: U-turn
|-damage|p2a: Buzzwole|88/100|[from] Stealth Rock
|move|p1a: Slowbro|Future Sight|p2a: Buzzwole
|-start|p1a: Slowbro|move: Future Sight
|
|upkeep
|turn|15
|
|t:|1668076877
|switch|p2a: Toxapex|Toxapex, F|100/100
|-damage|p2a: Toxapex|88/100|[from] Stealth Rock
|switch|p1a: Clefable|Clefable, F|86/100
|
|upkeep
|turn|16
|
|t:|1668076896
|switch|p1a: Melmetal|Melmetal|94/100
|-damage|p1a: Melmetal|88/100|[from] Stealth Rock
|switch|p2a: Melmetal|Melmetal|100/100
|-damage|p2a: Melmetal|94/100|[from] Stealth Rock
|
|-end|p2a: Melmetal|move: Future Sight
|-resisted|p2a: Melmetal
|-damage|p2a: Melmetal|75/100
|-heal|p2a: Melmetal|82/100|[from] item: Leftovers
|upkeep
|turn|17
|
|t:|1668076904
|move|p2a: Melmetal|Protect|p2a: Melmetal
|-singleturn|p2a: Melmetal|Protect
|move|p1a: Melmetal|Earthquake|p2a: Melmetal
|-activate|p2a: Melmetal|move: Protect
|
|-heal|p2a: Melmetal|88/100|[from] item: Leftovers
|upkeep
|turn|18
|
|t:|1668076908
|switch|p1a: Slowbro|Slowbro, F, shiny|76/100
|-damage|p1a: Slowbro|64/100|[from] Stealth Rock
|switch|p2a: Toxapex|Toxapex, F|100/100
|-damage|p2a: Toxapex|88/100|[from] Stealth Rock
|
|upkeep
|turn|19
|
|t:|1668076918
|switch|p1a: Clefable|Clefable, F|86/100
|move|p2a: Toxapex|Toxic|p1a: Clefable
|-status|p1a: Clefable|tox
|
|upkeep
|turn|20
|
|t:|1668076925
|switch|p2a: Melmetal|Melmetal|88/100
|-damage|p2a: Melmetal|82/100|[from] Stealth Rock
|move|p1a: Clefable|Wish|p1a: Clefable
|
|-heal|p2a: Melmetal|88/100|[from] item: Leftovers
|upkeep
|turn|21
|
|t:|1668076937
|switch|p1a: Landorus|Landorus-Therian, M|77/100 tox
|-damage|p1a: Landorus|65/100 tox|[from] Stealth Rock
|-ability|p1a: Landorus|Intimidate|boost
|-unboost|p2a: Melmetal|atk|1
|move|p2a: Melmetal|Toxic|p1a: Landorus
|-fail|p1a: Landorus|tox
|
|-heal|p1a: Landorus|100/100 tox|[from] move: Wish|[wisher] Clefable
|-heal|p2a: Melmetal|94/100|[from] item: Leftovers
|-damage|p1a: Landorus|94/100 tox|[from] psn
|upkeep
|turn|22
|
|t:|1668076955
|switch|p1a: Buzzwole|Buzzwole|100/100
|-damage|p1a: Buzzwole|88/100|[from] Stealth Rock
|move|p2a: Melmetal|Protect||[still]
|-fail|p2a: Melmetal
|
|-heal|p2a: Melmetal|99/100|[from] item: Leftovers
|upkeep
|turn|23
|j| Ragnnis
|
|t:|1668076967
|switch|p2a: Reuniclus|Reuniclus, M|100/100
|-damage|p2a: Reuniclus|88/100|[from] Stealth Rock
|move|p1a: Buzzwole|Close Combat|p2a: Reuniclus
|-resisted|p2a: Reuniclus
|-damage|p2a: Reuniclus|55/100
|-unboost|p1a: Buzzwole|def|1
|-unboost|p1a: Buzzwole|spd|1
|
|upkeep
|turn|24
|
|t:|1668076979
|switch|p1a: Clefable|Clefable, F|86/100 tox
|move|p2a: Reuniclus|Focus Blast|p1a: Clefable
|-resisted|p1a: Clefable
|-damage|p1a: Clefable|63/100 tox
|
|upkeep
|turn|25
|
|t:|1668076993
|switch|p1a: Dragapult|Dragapult, M|88/100
|-damage|p1a: Dragapult|76/100|[from] Stealth Rock
|switch|p2a: Melmetal|Melmetal|99/100
|-damage|p2a: Melmetal|94/100|[from] Stealth Rock
|
|-heal|p2a: Melmetal|99/100|[from] item: Leftovers
|upkeep
|turn|26
|
|t:|1668077004
|switch|p1a: Slowbro|Slowbro, F, shiny|97/100
|-damage|p1a: Slowbro|85/100|[from] Stealth Rock
|move|p2a: Melmetal|Double Iron Bash|p1a: Slowbro
|-resisted|p1a: Slowbro
|-damage|p1a: Slowbro|72/100
|-resisted|p1a: Slowbro
|-damage|p1a: Slowbro|58/100
|-hitcount|p1a: Slowbro|2
|
|-heal|p2a: Melmetal|100/100|[from] item: Leftovers
|upkeep
|turn|27
|
|t:|1668077019
|move|p2a: Melmetal|Toxic|p1a: Slowbro
|-status|p1a: Slowbro|tox
|move|p1a: Slowbro|Future Sight|p2a: Melmetal
|-start|p1a: Slowbro|move: Future Sight
|
|-damage|p1a: Slowbro|52/100 tox|[from] psn
|upkeep
|turn|28
|
|t:|1668077023
|move|p2a: Melmetal|Double Iron Bash|p1a: Slowbro
|-resisted|p1a: Slowbro
|-damage|p1a: Slowbro|40/100 tox
|-resisted|p1a: Slowbro
|-damage|p1a: Slowbro|26/100 tox
|-hitcount|p1a: Slowbro|2
|cant|p1a: Slowbro|flinch
|
|-damage|p1a: Slowbro|14/100 tox|[from] psn
|upkeep
|turn|29
|
|t:|1668077032
|switch|p1a: Melmetal|Melmetal|88/100
|-damage|p1a: Melmetal|82/100|[from] Stealth Rock
|move|p2a: Melmetal|Toxic|p1a: Melmetal|[miss]
|-miss|p2a: Melmetal|p1a: Melmetal
|
|-end|p2a: Melmetal|move: Future Sight
|-resisted|p2a: Melmetal
|-damage|p2a: Melmetal|81/100
|-heal|p2a: Melmetal|87/100|[from] item: Leftovers
|upkeep
|turn|30
|
|t:|1668077038
|switch|p1a: Slowbro|Slowbro, F, shiny|47/100 tox
|-damage|p1a: Slowbro|35/100 tox|[from] Stealth Rock
|move|p2a: Melmetal|Protect||[still]
|-fail|p2a: Melmetal
|
|-heal|p2a: Melmetal|93/100|[from] item: Leftovers
|-damage|p1a: Slowbro|29/100 tox|[from] psn
|upkeep
|turn|31
|
|t:|1668077042
|switch|p1a: Melmetal|Melmetal|82/100
|-damage|p1a: Melmetal|76/100|[from] Stealth Rock
|move|p2a: Melmetal|Double Iron Bash|p1a: Melmetal
|-resisted|p1a: Melmetal
|-damage|p1a: Melmetal|63/100
|-resisted|p1a: Melmetal
|-damage|p1a: Melmetal|50/100
|-hitcount|p1a: Melmetal|2
|
|-heal|p2a: Melmetal|99/100|[from] item: Leftovers
|upkeep
|turn|32
|
|t:|1668077052
|move|p1a: Melmetal|Earthquake|p2a: Melmetal
|-supereffective|p2a: Melmetal
|-damage|p2a: Melmetal|18/100
|move|p2a: Melmetal|Earthquake|p1a: Melmetal
|-supereffective|p1a: Melmetal
|-damage|p1a: Melmetal|0 fnt
|faint|p1a: Melmetal
|
|-heal|p2a: Melmetal|24/100|[from] item: Leftovers
|upkeep
|
|t:|1668077059
|switch|p1a: Dragapult|Dragapult, M|76/100
|-damage|p1a: Dragapult|64/100|[from] Stealth Rock
|turn|33
|
|t:|1668077064
|move|p2a: Melmetal|Protect|p2a: Melmetal
|-singleturn|p2a: Melmetal|Protect
|move|p1a: Dragapult|Shadow Ball|p2a: Melmetal
|-activate|p2a: Melmetal|move: Protect
|
|-heal|p2a: Melmetal|30/100|[from] item: Leftovers
|upkeep
|turn|34
|
|t:|1668077073
|switch|p2a: Toxapex|Toxapex, F|100/100
|-damage|p2a: Toxapex|88/100|[from] Stealth Rock
|move|p1a: Dragapult|Shadow Ball|p2a: Toxapex
|-damage|p2a: Toxapex|41/100
|
|upkeep
|turn|35
|
|t:|1668077080
|move|p1a: Dragapult|Shadow Ball|p2a: Toxapex
|-damage|p2a: Toxapex|0 fnt
|faint|p2a: Toxapex
|
|upkeep
|
|t:|1668077085
|switch|p2a: Tornadus|Tornadus-Therian, M|100/100
|turn|36
|
|t:|1668077092
|switch|p1a: Slowbro|Slowbro, F, shiny|62/100 tox
|-damage|p1a: Slowbro|49/100 tox|[from] Stealth Rock
|move|p2a: Tornadus|U-turn|p1a: Slowbro
|-supereffective|p1a: Slowbro
|-damage|p1a: Slowbro|34/100 tox
|
|t:|1668077103
|switch|p2a: Reuniclus|Reuniclus, M|89/100|[from]move: U-turn
|-damage|p2a: Reuniclus|76/100|[from] Stealth Rock
|
|-damage|p1a: Slowbro|28/100 tox|[from] psn
|upkeep
|turn|37
|
|t:|1668077111
|switch|p1a: Clefable|Clefable, F|63/100 tox
|move|p2a: Reuniclus|Psyshock|p1a: Clefable
|-damage|p1a: Clefable|0 fnt
|faint|p1a: Clefable
|
|upkeep
|
|t:|1668077119
|switch|p1a: Dragapult|Dragapult, M|64/100
|-damage|p1a: Dragapult|51/100|[from] Stealth Rock
|turn|38
|
|t:|1668077126
|move|p1a: Dragapult|Shadow Ball|p2a: Reuniclus
|-supereffective|p2a: Reuniclus
|-damage|p2a: Reuniclus|0 fnt
|faint|p2a: Reuniclus
|
|upkeep
|
|t:|1668077129
|switch|p2a: Buzzwole|Buzzwole|88/100
|-damage|p2a: Buzzwole|76/100|[from] Stealth Rock
|turn|39
|
|t:|1668077133
|switch|p1a: Buzzwole|Buzzwole|88/100
|-damage|p1a: Buzzwole|76/100|[from] Stealth Rock
|move|p2a: Buzzwole|Earthquake|p1a: Buzzwole
|-resisted|p1a: Buzzwole
|-damage|p1a: Buzzwole|64/100
|
|upkeep
|turn|40
|
|t:|1668077140
|switch|p2a: Tornadus|Tornadus-Therian, M|100/100
|move|p1a: Buzzwole|Ice Punch|p2a: Tornadus
|-supereffective|p2a: Tornadus
|-damage|p2a: Tornadus|35/100
|
|upkeep
|turn|41
|
|t:|1668077147
|move|p1a: Buzzwole|Ice Punch|p2a: Tornadus
|-supereffective|p2a: Tornadus
|-damage|p2a: Tornadus|0 fnt
|faint|p2a: Tornadus
|-ability|p1a: Buzzwole|Beast Boost|boost
|-boost|p1a: Buzzwole|atk|1
|
|upkeep
|-message|LosImmortales forfeited.
|
|win|demgeilem
|raw|demgeilem's rating: 1632 &rarr; <strong>1652</strong><br />(+20 for winning)
|raw|LosImmortales's rating: 1634 &rarr; <strong>1614</strong><br />(-20 for losing)
|l|☆LosImmortales
