|raw|<div class="broadcast-blue"><strong>This battle is required to be public due to a player having a name prefixed by 'LT71LX'.</div>
|j|☆LT71LX John W
|j|☆lt71lx kingpin
|t:|1597360932
|player|p1|LT71LX John W|cyclistf-gen4|2108
|player|p2|lt71lx kingpin|morty-gen2|2117
|teamsize|p1|6
|teamsize|p2|6
|gametype|singles
|gen|8
|tier|[Gen 8] OU
|rated|
|clearpoke
|poke|p1|Jirachi|
|poke|p1|Clefable, M|
|poke|p1|Ditto|
|poke|p1|Toxapex, M|
|poke|p1|Corviknight, F|
|poke|p1|Blissey, F|
|poke|p2|Rillaboom, M|
|poke|p2|Scizor, M|
|poke|p2|Zeraora|
|poke|p2|Azumarill, F|
|poke|p2|Volcarona, F|
|poke|p2|Necrozma|
|rule|Sleep Clause Mod: Limit one foe put to sleep
|rule|Species Clause: Limit one of each Pokémon
|rule|OHKO Clause: OHKO moves are banned
|rule|Evasion Moves Clause: Evasion moves are banned
|rule|Endless Battle Clause: Forcing endless battles is banned
|rule|HP Percentage Mod: HP is shown in percentages
|rule|Dynamax Clause: You cannot dynamax
|teampreview
|j| Nacho Varga
|j| yuzmv
|j| LT71LX Kappucci
|j| large owl
|j| hipster garbage
|j| Devil Patchy
|j| lt71lx empo
|j| strealet❄
|j| Pidgey Gordito
|j| Livio ElTito
|j| LT71LX Luthier
|j| Louna
|j| xtra
|j| zmkb
|j| lt71lx croo
|j| quiescent
|j|+ShinyAzelf
|j| relous
|j| Heorem
|j| Zygarde
|j| LT71LX Sam
|j| Alexander
|j| Spl4sh
|j| LT71LX WD
|j| RBV0
|j| Skyrio
|j| WildWave ☾★
|j| TuanNguyen
|j| xray
|j| 67463sfggh
|c|☆LT71LX John W|hf
|j| Mighty Dagon (<.<)
|j| lt71lx juuls
|j|+Analytic
|j| Mara Sattei
|j|+mj
|j| tsukasa yuzaki
|inactive|Battle timer is ON: inactive players will automatically lose when time's up. (requested by lt71lx kingpin)
|j| cleann
|j| Mihowk
|j| starmaster
|j| whyad
|j| File tes baskets
|j| Mannat
|j| LT71LX REDDIT
|c|☆lt71lx kingpin|u2
|j| jerderh
|j| Sugar K Leonard
|l| xtra
|j| o v e r g o d
|j|+FMG
|j| LT71LX Ant
|j| RNN YasuKe
|j| hrnnggghg
|j| mofuke
|j| Destro16
|j| lt71lx tace
|j| Default Danced On
|j| cclm *-*
|j| I must lose
|j| LT71LX SW
|j| LT71LX Newal
|j| 64 squares
|j| TheOnlyGhads
|j| Instagram Models
|j| Padox
|j| horadobos
|j| Akalli
|l| Instagram Models
|j| LT71LX Grandmaster
|j| LT71LX ayouko
|
|t:|1597360959
|start
|switch|p1a: Jirachi|Jirachi|100/100
|switch|p2a: Necrozma|Necrozma|100/100
|turn|1
|c| Zygarde|hydreigon specs
|
|t:|1597360962
|move|p1a: Jirachi|Iron Head|p2a: Necrozma
|-damage|p2a: Necrozma|74/100
|cant|p2a: Necrozma|flinch
|
|upkeep
|turn|2
|j| Hayburner
|j| Theo Mani Fan Club
|
|t:|1597360967
|move|p1a: Jirachi|Thunder|p2a: Necrozma
|-damage|p2a: Necrozma|50/100
|move|p2a: Necrozma|Stealth Rock|p1a: Jirachi
|-sidestart|p1: LT71LX John W|move: Stealth Rock
|
|upkeep
|turn|3
|j| lt71lx cuzzie
|
|t:|1597360971
|switch|p2a: Volcarona|Volcarona, F|100/100
|move|p1a: Jirachi|Iron Head|p2a: Volcarona
|-resisted|p2a: Volcarona
|-damage|p2a: Volcarona|81/100
|-status|p1a: Jirachi|brn|[from] ability: Flame Body|[of] p2a: Volcarona
|
|-damage|p1a: Jirachi|94/100 brn|[from] brn
|upkeep
|turn|4
|j|+Cdumas
|j| LT71LX asuasu
|j| HYDREIGON SPECS
|l| LT71LX Kappucci
|j| LT71LX Lio
|j| studying in tab
|
|t:|1597360978
|move|p2a: Volcarona|Safeguard|p2a: Volcarona
|-sidestart|p2: lt71lx kingpin|Safeguard
|move|p1a: Jirachi|Thunder|p2a: Volcarona|[miss]
|-miss|p1a: Jirachi|p2a: Volcarona
|
|-heal|p1a: Jirachi|100/100 brn|[from] item: Leftovers
|-damage|p1a: Jirachi|94/100 brn|[from] brn
|upkeep
|turn|5
|c| HYDREIGON SPECS|me
|j| goat christmas
|j| AltCauseImInsecure
|j|+Wally
|j| tinyglasses
|c| Zygarde|whoa
|j| Boigunn
|j| OUTU Hide And Seek
|j| TurtalKatThing
|j| ShadowPork
|l| Boigunn
|c| Zygarde|say his name and he joins out of nowhere
|
|t:|1597360993
|switch|p2a: Scizor|Scizor, M|100/100
|switch|p1a: Toxapex|Toxapex, M|100/100
|-damage|p1a: Toxapex|88/100|[from] Stealth Rock
|
|upkeep
|turn|6
|c| Zygarde|spooky
|l| tinyglasses
|j| unforgiven lies
|j|+mammalu
|
|t:|1597361012
|move|p2a: Scizor|Swords Dance|p2a: Scizor
|-boost|p2a: Scizor|atk|2
|move|p1a: Toxapex|Knock Off|p2a: Scizor
|-damage|p2a: Scizor|85/100
|-enditem|p2a: Scizor|Life Orb|[from] move: Knock Off|[of] p1a: Toxapex
|
|upkeep
|turn|7
|
|t:|1597361016
|move|p2a: Scizor|Psycho Cut|p1a: Toxapex
|-supereffective|p1a: Toxapex
|-damage|p1a: Toxapex|21/100
|move|p1a: Toxapex|Recover|p1a: Toxapex
|-heal|p1a: Toxapex|71/100
|
|upkeep
|turn|8
|c| Mara Sattei|Zygarde
|j|+rozes
|j| vay
|j| LT71LX Kappucci
|c| Zygarde|Mannat
|j| Test omega2
|c| Zygarde|Mara Sattei*
|j| lt71lx vaboh
|c| Zygarde|hello
|c| Mara Sattei|kek
|
|t:|1597361031
|move|p2a: Scizor|Knock Off|p1a: Toxapex
|-damage|p1a: Toxapex|23/100
|-damage|p2a: Scizor|69/100|[from] item: Rocky Helmet|[of] p1a: Toxapex
|-enditem|p1a: Toxapex|Rocky Helmet|[from] move: Knock Off|[of] p2a: Scizor
|move|p1a: Toxapex|Haze|p1a: Toxapex
|-clearallboost
|
|-sideend|p2: lt71lx kingpin|Safeguard
|upkeep
|turn|9
|c| Mara Sattei|what an insult
|j| Black_Knight777
|l| I must lose
|j| ArcticBreezeX
|
|t:|1597361046
|switch|p1a: Jirachi|Jirachi|94/100 brn
|-damage|p1a: Jirachi|88/100 brn|[from] Stealth Rock
|move|p2a: Scizor|Swords Dance|p2a: Scizor
|-boost|p2a: Scizor|atk|2
|
|-heal|p1a: Jirachi|94/100 brn|[from] item: Leftovers
|-damage|p1a: Jirachi|88/100 brn|[from] brn
|upkeep
|turn|10
|j| lucario737
|
|t:|1597361051
|move|p1a: Jirachi|Fire Punch|p2a: Scizor
|-supereffective|p2a: Scizor
|-damage|p2a: Scizor|27/100
|move|p2a: Scizor|Knock Off|p1a: Jirachi
|-supereffective|p1a: Jirachi
|-damage|p1a: Jirachi|0 fnt
|-enditem|p1a: Jirachi|Leftovers|[from] move: Knock Off|[of] p2a: Scizor
|faint|p1a: Jirachi
|
|upkeep
|
|t:|1597361056
|switch|p1a: Ditto|Ditto, shiny|100/100
|-damage|p1a: Ditto|88/100|[from] Stealth Rock
|-transform|p1a: Ditto|p2a: Scizor|[from] ability: Imposter
|turn|11
|j| Chapoa
|j| I must lose
|c| Theo Mani Fan Club|scizor is back
|j|@Finchinator
|
|t:|1597361064
|move|p1a: Ditto|Bullet Punch|p2a: Scizor
|-resisted|p2a: Scizor
|-damage|p2a: Scizor|0 fnt
|faint|p2a: Scizor
|
|upkeep
|j| DD_Gya
|j| SpecificOcean69
|
|t:|1597361072
|switch|p2a: Volcarona|Volcarona, F|81/100
|turn|12
|j| olt fasting
|
|t:|1597361078
|switch|p1a: Toxapex|Toxapex, M|57/100
|-damage|p1a: Toxapex|44/100|[from] Stealth Rock
|move|p2a: Volcarona|Flamethrower|p1a: Toxapex
|-resisted|p1a: Toxapex
|-crit|p1a: Toxapex
|-damage|p1a: Toxapex|22/100
|
|upkeep
|turn|13
|
|t:|1597361086
|switch|p2a: Necrozma|Necrozma|50/100
|move|p1a: Toxapex|Recover|p1a: Toxapex
|-heal|p1a: Toxapex|72/100
|
|upkeep
|turn|14
|l| Akalli
|
|t:|1597361093
|switch|p1a: Blissey|Blissey, F|100/100
|move|p2a: Necrozma|Psyshock|p1a: Blissey
|-damage|p1a: Blissey|58/100
|
|upkeep
|turn|15
|j| GOATDON
|l| File tes baskets
|
|t:|1597361104
|move|p2a: Necrozma|Meteor Beam||[still]
|-prepare|p2a: Necrozma|Meteor Beam
|-boost|p2a: Necrozma|spa|1
|-enditem|p2a: Necrozma|Power Herb
|-anim|p2a: Necrozma|Meteor Beam|p1a: Blissey
|-damage|p1a: Blissey|32/100
|move|p1a: Blissey|Soft-Boiled|p1a: Blissey
|-heal|p1a: Blissey|82/100
|
|upkeep
|turn|16
|j| Fbfbfn
|j| Instagram Models
|n| LT71LX hsimp|hydreigonspecs
|
|t:|1597361112
|move|p2a: Necrozma|Psyshock|p1a: Blissey
|-damage|p1a: Blissey|29/100
|move|p1a: Blissey|Seismic Toss|p2a: Necrozma
|-damage|p2a: Necrozma|23/100
|
|upkeep
|turn|17
|j| mi verdad
|
|t:|1597361117
|move|p2a: Necrozma|Psyshock|p1a: Blissey
|-crit|p1a: Blissey
|-damage|p1a: Blissey|0 fnt
|faint|p1a: Blissey
|
|upkeep
|n| HYDREIGON SPECS|lt71lxhsimp
|
|t:|1597361118
|switch|p1a: Ditto|Ditto, shiny|88/100
|-damage|p1a: Ditto|76/100|[from] Stealth Rock
|-transform|p1a: Ditto|p2a: Necrozma|[from] ability: Imposter
|turn|18
|j| Sley044
|j| rhaegal77
|j| outu23
|j| curopins
|l| zmkb
|j| Glizzy Goat Ves
|j| Sinead's Hairline
|inactive|lt71lx kingpin has 120 seconds left.
|
|t:|1597361157
|move|p1a: Ditto|Psyshock|p2a: Necrozma
|-resisted|p2a: Necrozma
|-damage|p2a: Necrozma|0 fnt
|faint|p2a: Necrozma
|
|upkeep
|
|t:|1597361160
|switch|p2a: Azumarill|Azumarill, F|100/100
|turn|19
|l| Fbfbfn
|j| zmkb
|
|t:|1597361168
|switch|p1a: Toxapex|Toxapex, M|100/100
|-damage|p1a: Toxapex|88/100|[from] Stealth Rock
|switch|p2a: Zeraora|Zeraora|100/100
|
|upkeep
|turn|20
|
|t:|1597361176
|switch|p1a: Ditto|Ditto, shiny|76/100
|-damage|p1a: Ditto|63/100|[from] Stealth Rock
|-transform|p1a: Ditto|p2a: Zeraora|[from] ability: Imposter
|move|p2a: Zeraora|Plasma Fists|p1a: Ditto
|-heal|p1a: Ditto|88/100|[from] ability: Volt Absorb|[of] p2a: Zeraora
|
|upkeep
|turn|21
|
|t:|1597361183
|switch|p1a: Clefable|Clefable, M|100/100
|move|p2a: Zeraora|Knock Off|p1a: Clefable
|-resisted|p1a: Clefable
|-damage|p1a: Clefable|86/100
|-enditem|p1a: Clefable|Leftovers|[from] move: Knock Off|[of] p2a: Zeraora
|-damage|p2a: Zeraora|91/100|[from] item: Life Orb
|
|upkeep
|turn|22
|j| roundpenguin
|
|t:|1597361188
|move|p2a: Zeraora|Plasma Fists|p1a: Clefable
|-damage|p1a: Clefable|41/100
|-fieldactivate|move: Ion Deluge
|-damage|p2a: Zeraora|81/100|[from] item: Life Orb
|move|p1a: Clefable|Soft-Boiled|p1a: Clefable
|-heal|p1a: Clefable|91/100
|
|upkeep
|turn|23
|
|t:|1597361193
|switch|p2a: Rillaboom|Rillaboom, M|100/100
|-fieldstart|move: Grassy Terrain|[from] ability: Grassy Surge|[of] p2a: Rillaboom
|move|p1a: Clefable|Knock Off|p2a: Rillaboom
|-damage|p2a: Rillaboom|87/100
|-enditem|p2a: Rillaboom|Life Orb|[from] move: Knock Off|[of] p1a: Clefable
|
|-heal|p2a: Rillaboom|93/100|[from] Grassy Terrain
|-heal|p1a: Clefable|97/100|[from] Grassy Terrain
|upkeep
|turn|24
|l| Spl4sh
|
|t:|1597361208
|move|p2a: Rillaboom|Swords Dance|p2a: Rillaboom
|-boost|p2a: Rillaboom|atk|2
|move|p1a: Clefable|Stealth Rock|p2a: Rillaboom
|-sidestart|p2: lt71lx kingpin|move: Stealth Rock
|
|-heal|p2a: Rillaboom|99/100|[from] Grassy Terrain
|-heal|p1a: Clefable|100/100|[from] Grassy Terrain
|upkeep
|turn|25
|
|t:|1597361224
|switch|p1a: Corviknight|Corviknight, F|100/100
|-damage|p1a: Corviknight|88/100|[from] Stealth Rock
|-ability|p1a: Corviknight|Pressure
|move|p2a: Rillaboom|Swords Dance|p2a: Rillaboom
|-boost|p2a: Rillaboom|atk|2
|
|-heal|p2a: Rillaboom|100/100|[from] Grassy Terrain
|upkeep
|turn|26
|j| File tes baskets
|j| Spl4sh
|l| LT71LX REDDIT
|
|t:|1597361242
|move|p2a: Rillaboom|Superpower|p1a: Corviknight
|-damage|p1a: Corviknight|15/100
|-unboost|p2a: Rillaboom|atk|1
|-unboost|p2a: Rillaboom|def|1
|move|p1a: Corviknight|U-turn|p2a: Rillaboom
|-supereffective|p2a: Rillaboom
|-damage|p2a: Rillaboom|57/100
|
|t:|1597361244
|switch|p1a: Ditto|Ditto, shiny|88/100|[from]move: U-turn
|-damage|p1a: Ditto|76/100|[from] Stealth Rock
|-transform|p1a: Ditto|p2a: Rillaboom|[from] ability: Imposter
|
|-heal|p1a: Ditto|82/100|[from] Grassy Terrain
|-heal|p2a: Rillaboom|63/100|[from] Grassy Terrain
|upkeep
|turn|27
|j| LT71LX JOKERDOG
|inactive|lt71lx kingpin has 120 seconds left.
|l|+FMG
|j| Zombini62
|j| Twixtry
|l| Zombini62
|inactive|lt71lx kingpin has 90 seconds left.
|
|t:|1597361305
|switch|p2a: Volcarona|Volcarona, F|81/100
|move|p1a: Ditto|Grassy Glide|p2a: Volcarona
|-resisted|p2a: Volcarona
|-damage|p2a: Volcarona|41/100
|
|-heal|p2a: Volcarona|47/100|[from] Grassy Terrain
|-heal|p1a: Ditto|88/100|[from] Grassy Terrain
|-fieldend|move: Grassy Terrain
|upkeep
|turn|28
|l| File tes baskets
|
|t:|1597361321
|switch|p1a: Clefable|Clefable, M|100/100
|move|p2a: Volcarona|Roost|p2a: Volcarona
|-heal|p2a: Volcarona|98/100
|-singleturn|p2a: Volcarona|move: Roost
|
|upkeep
|turn|29
|
|t:|1597361328
|switch|p2a: Rillaboom|Rillaboom, M|63/100
|-damage|p2a: Rillaboom|51/100|[from] Stealth Rock
|-fieldstart|move: Grassy Terrain|[from] ability: Grassy Surge|[of] p2a: Rillaboom
|move|p1a: Clefable|Knock Off|p2a: Rillaboom
|-damage|p2a: Rillaboom|42/100
|
|-heal|p2a: Rillaboom|48/100|[from] Grassy Terrain
|upkeep
|turn|30
|j| Pendulum Swing
|
|t:|1597361334
|move|p2a: Rillaboom|Grassy Glide|p1a: Clefable
|-damage|p1a: Clefable|65/100
|move|p1a: Clefable|Moonblast|p2a: Rillaboom
|-damage|p2a: Rillaboom|10/100
|
|-heal|p2a: Rillaboom|16/100|[from] Grassy Terrain
|-heal|p1a: Clefable|71/100|[from] Grassy Terrain
|upkeep
|turn|31
|j| MS3D
|l| LT71LX asuasu
|
|t:|1597361347
|move|p2a: Rillaboom|Swords Dance|p2a: Rillaboom
|-boost|p2a: Rillaboom|atk|2
|move|p1a: Clefable|Soft-Boiled|p1a: Clefable
|-heal|p1a: Clefable|100/100
|
|-heal|p2a: Rillaboom|22/100|[from] Grassy Terrain
|upkeep
|turn|32
|
|t:|1597361349
|switch|p1a: Corviknight|Corviknight, F|15/100
|-damage|p1a: Corviknight|3/100|[from] Stealth Rock
|-ability|p1a: Corviknight|Pressure
|move|p2a: Rillaboom|Grassy Glide|p1a: Corviknight
|-resisted|p1a: Corviknight
|-damage|p1a: Corviknight|0 fnt
|faint|p1a: Corviknight
|
|-heal|p2a: Rillaboom|28/100|[from] Grassy Terrain
|upkeep
|
|t:|1597361353
|switch|p1a: Ditto|Ditto, shiny|88/100
|-damage|p1a: Ditto|76/100|[from] Stealth Rock
|-transform|p1a: Ditto|p2a: Rillaboom|[from] ability: Imposter
|turn|33
|j| Zenadark
|
|t:|1597361367
|move|p1a: Ditto|Grassy Glide|p2a: Rillaboom
|-resisted|p2a: Rillaboom
|-damage|p2a: Rillaboom|0 fnt
|faint|p2a: Rillaboom
|
|-heal|p1a: Ditto|82/100|[from] Grassy Terrain
|-fieldend|move: Grassy Terrain
|upkeep
|
|t:|1597361370
|switch|p2a: Volcarona|Volcarona, F|98/100
|turn|34
|l|@Finchinator
|l| DD_Gya
|
|t:|1597361394
|switch|p2a: Zeraora|Zeraora|81/100
|-damage|p2a: Zeraora|69/100|[from] Stealth Rock
|switch|p1a: Toxapex|Toxapex, M|100/100
|-damage|p1a: Toxapex|88/100|[from] Stealth Rock
|
|upkeep
|turn|35
|l|+mammalu
|
|t:|1597361415
|switch|p1a: Ditto|Ditto, shiny|82/100
|-damage|p1a: Ditto|69/100|[from] Stealth Rock
|-transform|p1a: Ditto|p2a: Zeraora|[from] ability: Imposter
|move|p2a: Zeraora|Plasma Fists|p1a: Ditto
|-heal|p1a: Ditto|94/100|[from] ability: Volt Absorb|[of] p2a: Zeraora
|
|upkeep
|turn|36
|j| LT71LX VTFroakies
|
|t:|1597361421
|move|p1a: Ditto|Knock Off|p2a: Zeraora
|-damage|p2a: Zeraora|29/100
|-enditem|p2a: Zeraora|Life Orb|[from] move: Knock Off|[of] p1a: Ditto
|move|p2a: Zeraora|Plasma Fists|p1a: Ditto
|-heal|p1a: Ditto|100/100|[from] ability: Volt Absorb|[of] p2a: Zeraora
|
|upkeep
|turn|37
|
|t:|1597361425
|switch|p2a: Azumarill|Azumarill, F|100/100
|-damage|p2a: Azumarill|88/100|[from] Stealth Rock
|move|p1a: Ditto|Knock Off|p2a: Azumarill
|-resisted|p2a: Azumarill
|-damage|p2a: Azumarill|72/100
|-enditem|p2a: Azumarill|Sitrus Berry|[from] move: Knock Off|[of] p1a: Ditto
|
|upkeep
|turn|38
|l| I must lose
|j| File tes baskets
|n| hoopa-unbound|zygarde
|inactive|lt71lx kingpin has 120 seconds left.
|
|t:|1597361467
|switch|p1a: Toxapex|Toxapex, M|100/100
|-damage|p1a: Toxapex|88/100|[from] Stealth Rock
|switch|p2a: Zeraora|Zeraora|29/100
|-damage|p2a: Zeraora|17/100|[from] Stealth Rock
|
|upkeep
|turn|39
|n| Zygarde|hoopaunbound
|
|t:|1597361477
|switch|p1a: Clefable|Clefable, M|100/100
|move|p2a: Zeraora|Knock Off|p1a: Clefable
|-resisted|p1a: Clefable
|-damage|p1a: Clefable|92/100
|
|upkeep
|turn|40
|inactive|lt71lx kingpin has 120 seconds left.
|
|t:|1597361497
|switch|p2a: Azumarill|Azumarill, F|72/100
|-damage|p2a: Azumarill|60/100|[from] Stealth Rock
|move|p1a: Clefable|Moonblast|p2a: Azumarill
|-damage|p2a: Azumarill|24/100
|
|upkeep
|turn|41
|
|t:|1597361506
|switch|p1a: Toxapex|Toxapex, M|100/100
|-damage|p1a: Toxapex|88/100|[from] Stealth Rock
|move|p2a: Azumarill|Play Rough|p1a: Toxapex
|-resisted|p1a: Toxapex
|-damage|p1a: Toxapex|69/100
|
|upkeep
|turn|42
|
|t:|1597361512
|move|p2a: Azumarill|Play Rough|p1a: Toxapex
|-resisted|p1a: Toxapex
|-damage|p1a: Toxapex|50/100
|move|p1a: Toxapex|Recover|p1a: Toxapex
|-heal|p1a: Toxapex|100/100
|
|upkeep
|turn|43
|
|t:|1597361514
|move|p2a: Azumarill|Play Rough|p1a: Toxapex|[miss]
|-miss|p2a: Azumarill|p1a: Toxapex
|move|p1a: Toxapex|Scald|p2a: Azumarill
|-resisted|p2a: Azumarill
|-damage|p2a: Azumarill|15/100
|-status|p2a: Azumarill|brn
|
|-damage|p2a: Azumarill|9/100 brn|[from] brn
|upkeep
|turn|44
|
|t:|1597361517
|move|p2a: Azumarill|Play Rough|p1a: Toxapex
|-resisted|p1a: Toxapex
|-damage|p1a: Toxapex|91/100
|move|p1a: Toxapex|Scald|p2a: Azumarill
|-resisted|p2a: Azumarill
|-damage|p2a: Azumarill|0 fnt
|faint|p2a: Azumarill
|
|upkeep
|
|t:|1597361518
|switch|p2a: Volcarona|Volcarona, F|98/100
|turn|45
|
|t:|1597361523
|move|p2a: Volcarona|Quiver Dance|p2a: Volcarona
|-boost|p2a: Volcarona|spa|1
|-boost|p2a: Volcarona|spd|1
|-boost|p2a: Volcarona|spe|1
|move|p1a: Toxapex|Scald|p2a: Volcarona
|-supereffective|p2a: Volcarona
|-damage|p2a: Volcarona|78/100
|
|upkeep
|turn|46
|
|t:|1597361526
|move|p2a: Volcarona|Flamethrower|p1a: Toxapex
|-resisted|p1a: Toxapex
|-damage|p1a: Toxapex|69/100
|move|p1a: Toxapex|Haze|p1a: Toxapex
|-clearallboost
|
|upkeep
|turn|47
|j| Hockey1
|
|t:|1597361530
|move|p2a: Volcarona|Quiver Dance|p2a: Volcarona
|-boost|p2a: Volcarona|spa|1
|-boost|p2a: Volcarona|spd|1
|-boost|p2a: Volcarona|spe|1
|move|p1a: Toxapex|Haze|p1a: Toxapex
|-clearallboost
|
|upkeep
|turn|48
|
|t:|1597361535
|move|p2a: Volcarona|Flamethrower|p1a: Toxapex
|-resisted|p1a: Toxapex
|-damage|p1a: Toxapex|52/100
|-status|p1a: Toxapex|brn
|move|p1a: Toxapex|Scald|p2a: Volcarona
|-supereffective|p2a: Volcarona
|-damage|p2a: Volcarona|54/100
|
|-damage|p1a: Toxapex|46/100 brn|[from] brn
|upkeep
|turn|49
|
|t:|1597361540
|move|p2a: Volcarona|Quiver Dance|p2a: Volcarona
|-boost|p2a: Volcarona|spa|1
|-boost|p2a: Volcarona|spd|1
|-boost|p2a: Volcarona|spe|1
|move|p1a: Toxapex|Recover|p1a: Toxapex
|-heal|p1a: Toxapex|97/100 brn
|
|-damage|p1a: Toxapex|91/100 brn|[from] brn
|upkeep
|turn|50
|j| Dylanronpa
|l| unforgiven lies
|
|t:|1597361554
|move|p2a: Volcarona|Roost|p2a: Volcarona
|-heal|p2a: Volcarona|100/100
|-singleturn|p2a: Volcarona|move: Roost
|move|p1a: Toxapex|Haze|p1a: Toxapex
|-clearallboost
|
|-damage|p1a: Toxapex|85/100 brn|[from] brn
|upkeep
|turn|51
|l| quiescent
|
|t:|1597361560
|move|p2a: Volcarona|Safeguard|p2a: Volcarona
|-sidestart|p2: lt71lx kingpin|Safeguard
|move|p1a: Toxapex|Haze|p1a: Toxapex
|-clearallboost
|
|-damage|p1a: Toxapex|79/100 brn|[from] brn
|upkeep
|turn|52
|l| AltCauseImInsecure
|
|t:|1597361566
|move|p2a: Volcarona|Safeguard||[still]
|-fail|p2a: Volcarona
|move|p1a: Toxapex|Scald|p2a: Volcarona
|-supereffective|p2a: Volcarona
|-crit|p2a: Volcarona
|-damage|p2a: Volcarona|60/100
|
|-damage|p1a: Toxapex|73/100 brn|[from] brn
|upkeep
|turn|53
|
|t:|1597361571
|move|p2a: Volcarona|Quiver Dance|p2a: Volcarona
|-boost|p2a: Volcarona|spa|1
|-boost|p2a: Volcarona|spd|1
|-boost|p2a: Volcarona|spe|1
|move|p1a: Toxapex|Haze|p1a: Toxapex
|-clearallboost
|
|-damage|p1a: Toxapex|67/100 brn|[from] brn
|upkeep
|turn|54
|j| Lightchanseyy
|
|t:|1597361576
|move|p2a: Volcarona|Quiver Dance|p2a: Volcarona
|-boost|p2a: Volcarona|spa|1
|-boost|p2a: Volcarona|spd|1
|-boost|p2a: Volcarona|spe|1
|move|p1a: Toxapex|Scald|p2a: Volcarona
|-supereffective|p2a: Volcarona
|-damage|p2a: Volcarona|42/100
|
|-damage|p1a: Toxapex|61/100 brn|[from] brn
|upkeep
|turn|55
|l| lucario737
|l| File tes baskets
|
|t:|1597361582
|move|p2a: Volcarona|Flamethrower|p1a: Toxapex
|-resisted|p1a: Toxapex
|-damage|p1a: Toxapex|39/100 brn
|move|p1a: Toxapex|Haze|p1a: Toxapex
|-clearallboost
|
|-damage|p1a: Toxapex|33/100 brn|[from] brn
|-sideend|p2: lt71lx kingpin|Safeguard
|upkeep
|turn|56
|
|t:|1597361586
|move|p2a: Volcarona|Roost|p2a: Volcarona
|-heal|p2a: Volcarona|92/100
|-singleturn|p2a: Volcarona|move: Roost
|move|p1a: Toxapex|Recover|p1a: Toxapex
|-heal|p1a: Toxapex|83/100 brn
|
|-damage|p1a: Toxapex|77/100 brn|[from] brn
|upkeep
|turn|57
|j| Rnn brexit
|j| bro tang
|j| BoomBoomBoo
|l| studying in tab
|inactive|LT71LX John W has 120 seconds left.
|
|t:|1597361618
|move|p2a: Volcarona|Safeguard|p2a: Volcarona
|-sidestart|p2: lt71lx kingpin|Safeguard
|move|p1a: Toxapex|Haze|p1a: Toxapex
|-clearallboost
|
|-damage|p1a: Toxapex|71/100 brn|[from] brn
|upkeep
|turn|58
|
|t:|1597361622
|move|p2a: Volcarona|Safeguard||[still]
|-fail|p2a: Volcarona
|move|p1a: Toxapex|Haze|p1a: Toxapex
|-clearallboost
|
|-damage|p1a: Toxapex|66/100 brn|[from] brn
|upkeep
|turn|59
|
|t:|1597361626
|move|p2a: Volcarona|Safeguard||[still]
|-fail|p2a: Volcarona
|move|p1a: Toxapex|Scald|p2a: Volcarona
|-supereffective|p2a: Volcarona
|-damage|p2a: Volcarona|66/100
|
|-damage|p1a: Toxapex|60/100 brn|[from] brn
|upkeep
|turn|60
|l| Twixtry
|
|t:|1597361630
|move|p2a: Volcarona|Quiver Dance|p2a: Volcarona
|-boost|p2a: Volcarona|spa|1
|-boost|p2a: Volcarona|spd|1
|-boost|p2a: Volcarona|spe|1
|move|p1a: Toxapex|Scald|p2a: Volcarona
|-supereffective|p2a: Volcarona
|-damage|p2a: Volcarona|48/100
|
|-damage|p1a: Toxapex|54/100 brn|[from] brn
|upkeep
|turn|61
|
|t:|1597361633
|move|p2a: Volcarona|Flamethrower|p1a: Toxapex
|-resisted|p1a: Toxapex
|-crit|p1a: Toxapex
|-damage|p1a: Toxapex|21/100 brn
|move|p1a: Toxapex|Recover|p1a: Toxapex
|-heal|p1a: Toxapex|71/100 brn
|
|-damage|p1a: Toxapex|65/100 brn|[from] brn
|-sideend|p2: lt71lx kingpin|Safeguard
|upkeep
|turn|62
|j| File tes baskets
|
|t:|1597361638
|move|p2a: Volcarona|Flamethrower|p1a: Toxapex
|-resisted|p1a: Toxapex
|-damage|p1a: Toxapex|42/100 brn
|move|p1a: Toxapex|Haze|p1a: Toxapex
|-clearallboost
|
|-damage|p1a: Toxapex|36/100 brn|[from] brn
|upkeep
|turn|63
|
|t:|1597361642
|switch|p1a: Ditto|Ditto, shiny|100/100
|-damage|p1a: Ditto|88/100|[from] Stealth Rock
|-transform|p1a: Ditto|p2a: Volcarona|[from] ability: Imposter
|move|p2a: Volcarona|Roost|p2a: Volcarona
|-heal|p2a: Volcarona|98/100
|-singleturn|p2a: Volcarona|move: Roost
|
|upkeep
|turn|64
|
|t:|1597361645
|move|p1a: Ditto|Flamethrower|p2a: Volcarona
|-damage|p2a: Volcarona|60/100
|move|p2a: Volcarona|Flamethrower|p1a: Ditto
|-damage|p1a: Ditto|45/100
|
|upkeep
|turn|65
|
|t:|1597361652
|move|p1a: Ditto|Flamethrower|p2a: Volcarona
|-damage|p2a: Volcarona|21/100
|move|p2a: Volcarona|Roost|p2a: Volcarona
|-heal|p2a: Volcarona|72/100
|-singleturn|p2a: Volcarona|move: Roost
|
|upkeep
|turn|66
|j| Twixtry
|
|t:|1597361662
|move|p1a: Ditto|Flamethrower|p2a: Volcarona
|-damage|p2a: Volcarona|36/100
|move|p2a: Volcarona|Roost|p2a: Volcarona
|-heal|p2a: Volcarona|86/100
|-singleturn|p2a: Volcarona|move: Roost
|
|upkeep
|turn|67
|
|t:|1597361666
|switch|p1a: Toxapex|Toxapex, M|69/100 brn
|-damage|p1a: Toxapex|57/100 brn|[from] Stealth Rock
|move|p2a: Volcarona|Flamethrower|p1a: Toxapex
|-resisted|p1a: Toxapex
|-damage|p1a: Toxapex|41/100 brn
|
|-damage|p1a: Toxapex|35/100 brn|[from] brn
|upkeep
|turn|68
|
|t:|1597361670
|move|p2a: Volcarona|Safeguard|p2a: Volcarona
|-sidestart|p2: lt71lx kingpin|Safeguard
|move|p1a: Toxapex|Recover|p1a: Toxapex
|-heal|p1a: Toxapex|86/100 brn
|
|-damage|p1a: Toxapex|80/100 brn|[from] brn
|upkeep
|turn|69
|
|t:|1597361673
|move|p2a: Volcarona|Quiver Dance|p2a: Volcarona
|-boost|p2a: Volcarona|spa|1
|-boost|p2a: Volcarona|spd|1
|-boost|p2a: Volcarona|spe|1
|move|p1a: Toxapex|Scald|p2a: Volcarona
|-supereffective|p2a: Volcarona
|-damage|p2a: Volcarona|68/100
|
|-damage|p1a: Toxapex|74/100 brn|[from] brn
|upkeep
|turn|70
|
|t:|1597361678
|move|p2a: Volcarona|Flamethrower|p1a: Toxapex
|-resisted|p1a: Toxapex
|-damage|p1a: Toxapex|53/100 brn
|move|p1a: Toxapex|Haze|p1a: Toxapex
|-clearallboost
|
|-damage|p1a: Toxapex|47/100 brn|[from] brn
|upkeep
|turn|71
|
|t:|1597361685
|move|p2a: Volcarona|Quiver Dance|p2a: Volcarona
|-boost|p2a: Volcarona|spa|1
|-boost|p2a: Volcarona|spd|1
|-boost|p2a: Volcarona|spe|1
|move|p1a: Toxapex|Recover|p1a: Toxapex
|-heal|p1a: Toxapex|97/100 brn
|
|-damage|p1a: Toxapex|91/100 brn|[from] brn
|upkeep
|turn|72
|l| Twixtry
|j| jtaquille
|
|t:|1597361694
|move|p2a: Volcarona|Quiver Dance|p2a: Volcarona
|-boost|p2a: Volcarona|spa|1
|-boost|p2a: Volcarona|spd|1
|-boost|p2a: Volcarona|spe|1
|move|p1a: Toxapex|Haze|p1a: Toxapex
|-clearallboost
|
|-damage|p1a: Toxapex|85/100 brn|[from] brn
|-sideend|p2: lt71lx kingpin|Safeguard
|upkeep
|turn|73
|
|t:|1597361697
|move|p2a: Volcarona|Safeguard|p2a: Volcarona
|-sidestart|p2: lt71lx kingpin|Safeguard
|move|p1a: Toxapex|Scald|p2a: Volcarona
|-supereffective|p2a: Volcarona
|-damage|p2a: Volcarona|44/100
|
|-damage|p1a: Toxapex|79/100 brn|[from] brn
|upkeep
|turn|74
|j| Twixtry
|
|t:|1597361699
|move|p2a: Volcarona|Roost|p2a: Volcarona
|-heal|p2a: Volcarona|94/100
|-singleturn|p2a: Volcarona|move: Roost
|move|p1a: Toxapex|Scald|p2a: Volcarona
|-supereffective|p2a: Volcarona
|-damage|p2a: Volcarona|66/100
|
|-damage|p1a: Toxapex|73/100 brn|[from] brn
|upkeep
|turn|75
|
|t:|1597361704
|move|p2a: Volcarona|Quiver Dance|p2a: Volcarona
|-boost|p2a: Volcarona|spa|1
|-boost|p2a: Volcarona|spd|1
|-boost|p2a: Volcarona|spe|1
|move|p1a: Toxapex|Scald|p2a: Volcarona
|-supereffective|p2a: Volcarona
|-damage|p2a: Volcarona|48/100
|
|-damage|p1a: Toxapex|67/100 brn|[from] brn
|upkeep
|turn|76
|
|t:|1597361715
|move|p2a: Volcarona|Flamethrower|p1a: Toxapex
|-resisted|p1a: Toxapex
|-damage|p1a: Toxapex|45/100 brn
|move|p1a: Toxapex|Haze|p1a: Toxapex
|-clearallboost
|
|-damage|p1a: Toxapex|39/100 brn|[from] brn
|upkeep
|turn|77
|
|t:|1597361719
|move|p2a: Volcarona|Roost|p2a: Volcarona
|-heal|p2a: Volcarona|98/100
|-singleturn|p2a: Volcarona|move: Roost
|move|p1a: Toxapex|Scald|p2a: Volcarona
|-supereffective|p2a: Volcarona
|-damage|p2a: Volcarona|74/100
|
|-damage|p1a: Toxapex|33/100 brn|[from] brn
|-sideend|p2: lt71lx kingpin|Safeguard
|upkeep
|turn|78
|
|t:|1597361722
|move|p2a: Volcarona|Quiver Dance|p2a: Volcarona
|-boost|p2a: Volcarona|spa|1
|-boost|p2a: Volcarona|spd|1
|-boost|p2a: Volcarona|spe|1
|move|p1a: Toxapex|Recover|p1a: Toxapex
|-heal|p1a: Toxapex|83/100 brn
|
|-damage|p1a: Toxapex|77/100 brn|[from] brn
|upkeep
|turn|79
|l| File tes baskets
|
|t:|1597361726
|move|p2a: Volcarona|Flamethrower|p1a: Toxapex
|-resisted|p1a: Toxapex
|-damage|p1a: Toxapex|52/100 brn
|move|p1a: Toxapex|Haze|p1a: Toxapex
|-clearallboost
|
|-damage|p1a: Toxapex|46/100 brn|[from] brn
|upkeep
|turn|80
|
|t:|1597361739
|move|p2a: Volcarona|Safeguard|p2a: Volcarona
|-sidestart|p2: lt71lx kingpin|Safeguard
|move|p1a: Toxapex|Scald|p2a: Volcarona
|-supereffective|p2a: Volcarona
|-damage|p2a: Volcarona|46/100
|
|-damage|p1a: Toxapex|40/100 brn|[from] brn
|upkeep
|turn|81
|
|t:|1597361743
|move|p2a: Volcarona|Quiver Dance|p2a: Volcarona
|-boost|p2a: Volcarona|spa|1
|-boost|p2a: Volcarona|spd|1
|-boost|p2a: Volcarona|spe|1
|move|p1a: Toxapex|Scald|p2a: Volcarona
|-supereffective|p2a: Volcarona
|-damage|p2a: Volcarona|27/100
|
|-damage|p1a: Toxapex|34/100 brn|[from] brn
|upkeep
|turn|82
|
|t:|1597361746
|move|p2a: Volcarona|Roost|p2a: Volcarona
|-heal|p2a: Volcarona|77/100
|-singleturn|p2a: Volcarona|move: Roost
|move|p1a: Toxapex|Recover|p1a: Toxapex
|-heal|p1a: Toxapex|85/100 brn
|
|-damage|p1a: Toxapex|79/100 brn|[from] brn
|upkeep
|turn|83
|l| Spl4sh
|
|t:|1597361762
|move|p2a: Volcarona|Flamethrower|p1a: Toxapex
|-resisted|p1a: Toxapex
|-damage|p1a: Toxapex|55/100 brn
|move|p1a: Toxapex|Haze|p1a: Toxapex
|-clearallboost
|
|-damage|p1a: Toxapex|49/100 brn|[from] brn
|upkeep
|turn|84
|l| Alexander
|
|t:|1597361772
|move|p2a: Volcarona|Quiver Dance|p2a: Volcarona
|-boost|p2a: Volcarona|spa|1
|-boost|p2a: Volcarona|spd|1
|-boost|p2a: Volcarona|spe|1
|move|p1a: Toxapex|Haze|p1a: Toxapex
|-clearallboost
|
|-damage|p1a: Toxapex|43/100 brn|[from] brn
|-sideend|p2: lt71lx kingpin|Safeguard
|upkeep
|turn|85
|
|t:|1597361778
|move|p2a: Volcarona|Quiver Dance|p2a: Volcarona
|-boost|p2a: Volcarona|spa|1
|-boost|p2a: Volcarona|spd|1
|-boost|p2a: Volcarona|spe|1
|move|p1a: Toxapex|Scald|p2a: Volcarona
|-supereffective|p2a: Volcarona
|-damage|p2a: Volcarona|59/100
|
|-damage|p1a: Toxapex|37/100 brn|[from] brn
|upkeep
|turn|86
|
|t:|1597361780
|move|p2a: Volcarona|Flamethrower|p1a: Toxapex
|-resisted|p1a: Toxapex
|-damage|p1a: Toxapex|15/100 brn
|move|p1a: Toxapex|Recover|p1a: Toxapex
|-heal|p1a: Toxapex|65/100 brn
|
|-damage|p1a: Toxapex|59/100 brn|[from] brn
|upkeep
|turn|87
|j|+Hootie
|
|t:|1597361801
|move|p2a: Volcarona|Flamethrower|p1a: Toxapex
|-resisted|p1a: Toxapex
|-damage|p1a: Toxapex|36/100 brn
|move|p1a: Toxapex|Haze|p1a: Toxapex
|-clearallboost
|
|-damage|p1a: Toxapex|30/100 brn|[from] brn
|upkeep
|turn|88
|
|t:|1597361806
|move|p2a: Volcarona|Quiver Dance|p2a: Volcarona
|-boost|p2a: Volcarona|spa|1
|-boost|p2a: Volcarona|spd|1
|-boost|p2a: Volcarona|spe|1
|move|p1a: Toxapex|Recover|p1a: Toxapex
|-heal|p1a: Toxapex|80/100 brn
|
|-damage|p1a: Toxapex|74/100 brn|[from] brn
|upkeep
|turn|89
|l| Padox
|j| LT71LX Doom
|l| Black_Knight777
|
|t:|1597361818
|move|p2a: Volcarona|Roost|p2a: Volcarona
|-heal|p2a: Volcarona|100/100
|-singleturn|p2a: Volcarona|move: Roost
|move|p1a: Toxapex|Haze|p1a: Toxapex
|-clearallboost
|
|-damage|p1a: Toxapex|68/100 brn|[from] brn
|upkeep
|turn|90
|
|t:|1597361821
|move|p2a: Volcarona|Quiver Dance|p2a: Volcarona
|-boost|p2a: Volcarona|spa|1
|-boost|p2a: Volcarona|spd|1
|-boost|p2a: Volcarona|spe|1
|move|p1a: Toxapex|Scald|p2a: Volcarona
|-supereffective|p2a: Volcarona
|-damage|p2a: Volcarona|81/100
|
|-damage|p1a: Toxapex|63/100 brn|[from] brn
|upkeep
|turn|91
|
|t:|1597361824
|move|p2a: Volcarona|Flamethrower|p1a: Toxapex
|-resisted|p1a: Toxapex
|-damage|p1a: Toxapex|41/100 brn
|move|p1a: Toxapex|Haze|p1a: Toxapex
|-clearallboost
|
|-damage|p1a: Toxapex|35/100 brn|[from] brn
|upkeep
|turn|92
|j| baddummy
|
|t:|1597361827
|switch|p1a: Ditto|Ditto, shiny|45/100
|-damage|p1a: Ditto|33/100|[from] Stealth Rock
|-transform|p1a: Ditto|p2a: Volcarona|[from] ability: Imposter
|move|p2a: Volcarona|Quiver Dance|p2a: Volcarona
|-boost|p2a: Volcarona|spa|1
|-boost|p2a: Volcarona|spd|1
|-boost|p2a: Volcarona|spe|1
|
|upkeep
|turn|93
|l| ArcticBreezeX
|
|t:|1597361832
|switch|p1a: Toxapex|Toxapex, M|68/100 brn
|-damage|p1a: Toxapex|56/100 brn|[from] Stealth Rock
|move|p2a: Volcarona|Flamethrower|p1a: Toxapex
|-resisted|p1a: Toxapex
|-damage|p1a: Toxapex|32/100 brn
|
|-damage|p1a: Toxapex|26/100 brn|[from] brn
|upkeep
|turn|94
|
|t:|1597361838
|move|p2a: Volcarona|Flamethrower|p1a: Toxapex
|-resisted|p1a: Toxapex
|-damage|p1a: Toxapex|3/100 brn
|move|p1a: Toxapex|Recover|p1a: Toxapex
|-heal|p1a: Toxapex|53/100 brn
|
|-damage|p1a: Toxapex|47/100 brn|[from] brn
|upkeep
|turn|95
|j| Free Swimming
|
|t:|1597361860
|move|p2a: Volcarona|Quiver Dance|p2a: Volcarona
|-boost|p2a: Volcarona|spa|1
|-boost|p2a: Volcarona|spd|1
|-boost|p2a: Volcarona|spe|1
|move|p1a: Toxapex|Recover|p1a: Toxapex
|-heal|p1a: Toxapex|98/100 brn
|
|-damage|p1a: Toxapex|92/100 brn|[from] brn
|upkeep
|turn|96
|l| lt71lx juuls
|
|t:|1597361869
|move|p2a: Volcarona|Flamethrower|p1a: Toxapex
|-resisted|p1a: Toxapex
|-damage|p1a: Toxapex|63/100 brn
|move|p1a: Toxapex|Haze|p1a: Toxapex
|-clearallboost
|
|-damage|p1a: Toxapex|57/100 brn|[from] brn
|upkeep
|turn|97
|
|t:|1597361874
|switch|p1a: Ditto|Ditto, shiny|33/100
|-damage|p1a: Ditto|20/100|[from] Stealth Rock
|-transform|p1a: Ditto|p2a: Volcarona|[from] ability: Imposter
|move|p2a: Volcarona|Quiver Dance|p2a: Volcarona
|-boost|p2a: Volcarona|spa|1
|-boost|p2a: Volcarona|spd|1
|-boost|p2a: Volcarona|spe|1
|
|upkeep
|turn|98
|
|t:|1597361891
|switch|p1a: Toxapex|Toxapex, M|91/100 brn
|-damage|p1a: Toxapex|78/100 brn|[from] Stealth Rock
|move|p2a: Volcarona|Quiver Dance|p2a: Volcarona
|-boost|p2a: Volcarona|spa|1
|-boost|p2a: Volcarona|spd|1
|-boost|p2a: Volcarona|spe|1
|
|-damage|p1a: Toxapex|72/100 brn|[from] brn
|upkeep
|turn|99
|l| WildWave ☾★
|
|t:|1597361898
|move|p2a: Volcarona|Safeguard|p2a: Volcarona
|-sidestart|p2: lt71lx kingpin|Safeguard
|move|p1a: Toxapex|Haze|p1a: Toxapex
|-clearallboost
|
|-damage|p1a: Toxapex|67/100 brn|[from] brn
|upkeep
|turn|100
|l| Rnn brexit
|
|t:|1597361905
|move|p2a: Volcarona|Quiver Dance|p2a: Volcarona
|-boost|p2a: Volcarona|spa|1
|-boost|p2a: Volcarona|spd|1
|-boost|p2a: Volcarona|spe|1
|move|p1a: Toxapex|Scald|p2a: Volcarona
|-supereffective|p2a: Volcarona
|-damage|p2a: Volcarona|64/100
|
|-damage|p1a: Toxapex|61/100 brn|[from] brn
|upkeep
|turn|101
|
|t:|1597361911
|move|p2a: Volcarona|Flamethrower|p1a: Toxapex
|-resisted|p1a: Toxapex
|-damage|p1a: Toxapex|37/100 brn
|move|p1a: Toxapex|Haze|p1a: Toxapex
|-clearallboost
|
|-damage|p1a: Toxapex|31/100 brn|[from] brn
|upkeep
|turn|102
|
|t:|1597361917
|move|p2a: Volcarona|Quiver Dance|p2a: Volcarona
|-boost|p2a: Volcarona|spa|1
|-boost|p2a: Volcarona|spd|1
|-boost|p2a: Volcarona|spe|1
|move|p1a: Toxapex|Recover|p1a: Toxapex
|-heal|p1a: Toxapex|81/100 brn
|
|-damage|p1a: Toxapex|75/100 brn|[from] brn
|upkeep
|turn|103
|
|t:|1597361921
|move|p2a: Volcarona|Roost|p2a: Volcarona
|-heal|p2a: Volcarona|100/100
|-singleturn|p2a: Volcarona|move: Roost
|move|p1a: Toxapex|Haze|p1a: Toxapex
|-clearallboost
|
|-damage|p1a: Toxapex|69/100 brn|[from] brn
|-sideend|p2: lt71lx kingpin|Safeguard
|upkeep
|turn|104
|j| viash
|
|t:|1597361939
|move|p2a: Volcarona|Safeguard|p2a: Volcarona
|-sidestart|p2: lt71lx kingpin|Safeguard
|move|p1a: Toxapex|Haze|p1a: Toxapex
|-clearallboost
|
|-damage|p1a: Toxapex|64/100 brn|[from] brn
|upkeep
|turn|105
|
|t:|1597361942
|move|p2a: Volcarona|Safeguard||[still]
|-fail|p2a: Volcarona
|move|p1a: Toxapex|Haze|p1a: Toxapex
|-clearallboost
|
|-damage|p1a: Toxapex|58/100 brn|[from] brn
|upkeep
|turn|106
|l| Zygarde
|
|t:|1597361951
|switch|p1a: Clefable|Clefable, M|92/100
|move|p2a: Volcarona|Safeguard||[still]
|-fail|p2a: Volcarona
|
|upkeep
|turn|107
|
|t:|1597361954
|switch|p1a: Toxapex|Toxapex, M|91/100 brn
|-damage|p1a: Toxapex|79/100 brn|[from] Stealth Rock
|move|p2a: Volcarona|Quiver Dance|p2a: Volcarona
|-boost|p2a: Volcarona|spa|1
|-boost|p2a: Volcarona|spd|1
|-boost|p2a: Volcarona|spe|1
|
|-damage|p1a: Toxapex|73/100 brn|[from] brn
|upkeep
|turn|108
|
|t:|1597361962
|move|p2a: Volcarona|Flamethrower|p1a: Toxapex
|-resisted|p1a: Toxapex
|-damage|p1a: Toxapex|51/100 brn
|move|p1a: Toxapex|Haze|p1a: Toxapex
|-clearallboost
|
|-damage|p1a: Toxapex|45/100 brn|[from] brn
|-sideend|p2: lt71lx kingpin|Safeguard
|upkeep
|turn|109
|
|t:|1597361969
|move|p2a: Volcarona|Quiver Dance|p2a: Volcarona
|-boost|p2a: Volcarona|spa|1
|-boost|p2a: Volcarona|spd|1
|-boost|p2a: Volcarona|spe|1
|move|p1a: Toxapex|Haze|p1a: Toxapex
|-clearallboost
|
|-damage|p1a: Toxapex|39/100 brn|[from] brn
|upkeep
|turn|110
|
|t:|1597361975
|move|p2a: Volcarona|Safeguard|p2a: Volcarona
|-sidestart|p2: lt71lx kingpin|Safeguard
|move|p1a: Toxapex|Haze|p1a: Toxapex
|-clearallboost
|
|-damage|p1a: Toxapex|34/100 brn|[from] brn
|upkeep
|turn|111
|
|t:|1597361979
|move|p2a: Volcarona|Quiver Dance|p2a: Volcarona
|-boost|p2a: Volcarona|spa|1
|-boost|p2a: Volcarona|spd|1
|-boost|p2a: Volcarona|spe|1
|move|p1a: Toxapex|Haze|p1a: Toxapex
|-clearallboost
|
|-damage|p1a: Toxapex|28/100 brn|[from] brn
|upkeep
|turn|112
|
|t:|1597361984
|switch|p1a: Clefable|Clefable, M|92/100
|move|p2a: Volcarona|Safeguard||[still]
|-fail|p2a: Volcarona
|
|upkeep
|turn|113
|j| Akalli
|j| lt71lx juuls
|
|t:|1597362001
|switch|p1a: Toxapex|Toxapex, M|61/100 brn
|-damage|p1a: Toxapex|49/100 brn|[from] Stealth Rock
|move|p2a: Volcarona|Safeguard||[still]
|-fail|p2a: Volcarona
|
|-damage|p1a: Toxapex|43/100 brn|[from] brn
|upkeep
|turn|114
|
|t:|1597362008
|switch|p1a: Clefable|Clefable, M|92/100
|move|p2a: Volcarona|Quiver Dance|p2a: Volcarona
|-boost|p2a: Volcarona|spa|1
|-boost|p2a: Volcarona|spd|1
|-boost|p2a: Volcarona|spe|1
|
|-sideend|p2: lt71lx kingpin|Safeguard
|upkeep
|turn|115
|j| LT71LX PK
|l| LT71LX Grandmaster
|j| File tes baskets
|
|t:|1597362026
|switch|p1a: Toxapex|Toxapex, M|76/100 brn
|-damage|p1a: Toxapex|64/100 brn|[from] Stealth Rock
|move|p2a: Volcarona|Quiver Dance|p2a: Volcarona
|-boost|p2a: Volcarona|spa|1
|-boost|p2a: Volcarona|spd|1
|-boost|p2a: Volcarona|spe|1
|
|-damage|p1a: Toxapex|58/100 brn|[from] brn
|upkeep
|turn|116
|j| 20XX Iron Head
|
|t:|1597362035
|move|p2a: Volcarona|Flamethrower|p1a: Toxapex
|-resisted|p1a: Toxapex
|-damage|p1a: Toxapex|28/100 brn
|move|p1a: Toxapex|Haze|p1a: Toxapex
|-clearallboost
|
|-damage|p1a: Toxapex|22/100 brn|[from] brn
|upkeep
|turn|117
|l| 20XX Iron Head
|
|t:|1597362042
|move|p2a: Volcarona|Quiver Dance|p2a: Volcarona
|-boost|p2a: Volcarona|spa|1
|-boost|p2a: Volcarona|spd|1
|-boost|p2a: Volcarona|spe|1
|move|p1a: Toxapex|Recover|p1a: Toxapex
|-heal|p1a: Toxapex|72/100 brn
|
|-damage|p1a: Toxapex|66/100 brn|[from] brn
|upkeep
|turn|118
|
|t:|1597362045
|move|p2a: Volcarona|Safeguard|p2a: Volcarona
|-sidestart|p2: lt71lx kingpin|Safeguard
|move|p1a: Toxapex|Haze|p1a: Toxapex
|-clearallboost
|
|-damage|p1a: Toxapex|60/100 brn|[from] brn
|upkeep
|turn|119
|j| LT71LX Chati
|
|t:|1597362056
|switch|p1a: Clefable|Clefable, M|92/100
|move|p2a: Volcarona|Safeguard||[still]
|-fail|p2a: Volcarona
|
|upkeep
|turn|120
|
|t:|1597362061
|switch|p1a: Toxapex|Toxapex, M|94/100 brn
|-damage|p1a: Toxapex|81/100 brn|[from] Stealth Rock
|move|p2a: Volcarona|Safeguard||[still]
|-fail|p2a: Volcarona
|
|-damage|p1a: Toxapex|75/100 brn|[from] brn
|upkeep
|turn|121
|
|t:|1597362064
|move|p2a: Volcarona|Safeguard||[still]
|-fail|p2a: Volcarona
|move|p1a: Toxapex|Haze|p1a: Toxapex
|-clearallboost
|
|-damage|p1a: Toxapex|69/100 brn|[from] brn
|upkeep
|turn|122
|
|t:|1597362070
|switch|p1a: Clefable|Clefable, M|92/100
|move|p2a: Volcarona|Quiver Dance|p2a: Volcarona
|-boost|p2a: Volcarona|spa|1
|-boost|p2a: Volcarona|spd|1
|-boost|p2a: Volcarona|spe|1
|
|-sideend|p2: lt71lx kingpin|Safeguard
|upkeep
|turn|123
|l| viash
|inactive|lt71lx kingpin has 120 seconds left.
|l| roundpenguin
|c| Mighty Dagon (<.<)|rip john :(
|j| roundpenguin
|inactive|lt71lx kingpin has 90 seconds left.
|j|+phiwings99
|inactive|lt71lx kingpin has 60 seconds left.
|l| Lightchanseyy
|j| unforgiven lies
|c| Chapoa|He can still qualify
|l| Mihowk
|inactive|lt71lx kingpin has 30 seconds left.
|inactive|lt71lx kingpin has 20 seconds left.
|l| Pendulum Swing
|inactive|lt71lx kingpin has 15 seconds left.
|inactive|lt71lx kingpin has 10 seconds left.
|
|t:|1597362206
|switch|p1a: Toxapex|Toxapex, M|100/100 brn
|-damage|p1a: Toxapex|88/100 brn|[from] Stealth Rock
|move|p2a: Volcarona|Flamethrower|p1a: Toxapex
|-resisted|p1a: Toxapex
|-damage|p1a: Toxapex|63/100 brn
|
|-damage|p1a: Toxapex|57/100 brn|[from] brn
|upkeep
|turn|124
|inactive|lt71lx kingpin has 15 seconds left this turn.
|inactive|lt71lx kingpin has 10 seconds left.
|inactive|lt71lx kingpin has 5 seconds left.
|j| Shrug
|j| Noios
|inactive|LT71LX John W has 120 seconds left.
|
|t:|1597362237
|switch|p2a: Zeraora|Zeraora|17/100
|-damage|p2a: Zeraora|5/100|[from] Stealth Rock
|move|p1a: Toxapex|Haze|p1a: Toxapex
|-clearallboost
|
|-damage|p1a: Toxapex|51/100 brn|[from] brn
|upkeep
|turn|125
|inactive|lt71lx kingpin has 10 seconds left this turn.
|inactive|LT71LX John W has 120 seconds left.
|inactive|lt71lx kingpin has 5 seconds left.
|-message|lt71lx kingpin lost due to inactivity.
|
|win|LT71LX John W
|j| Waylaid
|c|☆LT71LX John W|gg
|c| lt71lx cuzzie|l
|raw|LT71LX John W's rating: 2122 &rarr; <strong>2141</strong><br />(+19 for winning)
|raw|lt71lx kingpin's rating: 2117 &rarr; <strong>2097</strong><br />(-20 for losing)
|l| lt71lx juuls
|j| TTTangent
|l|☆LT71LX John W
|c| LT71LX ayouko|l
|c| Hockey1|noo
|l| Waylaid
|l| horadobos
|l| Default Danced On
|l| LT71LX Sam
|l| Shrug
|l|+rozes
|l| Glizzy Goat Ves
|c| Chapoa|Go john L
|l| Mannat
|l| Test omega2
|l| lt71lx tace
|l| LT71LX Kappucci
|l| Sinead's Hairline
|l| strealet❄
|l| TurtalKatThing
|j|+Team Pokepals
|l| LT71LX Luthier
|l| HYDREIGON SPECS
|l| LT71LX Ant
|j| Tuononda
|j| Padox
|l| LT71LX ayouko
|j| Mionda
|l| Zenadark
|l| hrnnggghg
|l| LT71LX PK
|l|☆lt71lx kingpin
|l| Pidgey Gordito
|l| GOATDON
|l| hipster garbage
|l| Skyrio
|l| Livio ElTito
|l| unforgiven lies
|l| lt71lx cuzzie
|l| curopins
|l| MS3D
|l| Chapoa
|j| Ceelio
|l| RBV0
|l| OUTU Hide And Seek
|l|+Cdumas
|l| mi verdad
|l|+mj
|j|+McMeghan
|l| lt71lx empo
|l| Twixtry
|l| Destro16
|l| Padox
|l| Louna
|l| Mionda
|l| jerderh
|l| o v e r g o d
|l| Heorem
|l| ShadowPork
|l| RNN YasuKe
|l| Mighty Dagon (<.<)
|l|+phiwings99
|l| Devil Patchy
|l| zmkb
|l| LT71LX WD
|l| Mara Sattei
|l| Ceelio
|l| Free Swimming
|l|+Team Pokepals
|l| LT71LX SW
|l| BoomBoomBoo
|l|+McMeghan
|l| goat christmas
|l|+Analytic
|j| curopins
|l| mofuke
|l| curopins
|l| Tuononda
|l| relous
|l| 64 squares
|l| tsukasa yuzaki
|l| LT71LX Doom
|l| vay
|l|+ShinyAzelf
|l| SpecificOcean69
|l|brotang
|l| Dylanronpa
|l| Hayburner
|l| lt71lx croo
|n| Kory2600|cclm
|l| Instagram Models
|l| Noios
|l| LT71LX Chati
|l| Akalli
|l| Sugar K Leonard
|l| LT71LX JOKERDOG
|l| jtaquille
|l| whyad
|l| File tes baskets
|j| Pendulum Swing
|l| cleann
|l| yuzmv
|l| Hockey1
|l| large owl
|l| Nacho Varga
