|j|☆Hubbabalooz
|j|☆TestingTesting1
|t:|1652848857
|gametype|singles
|player|p1|Hubbabalooz|102|1625
|player|p2|TestingTesting1|1|1582
|teamsize|p1|6
|teamsize|p2|6
|gen|8
|tier|[Gen 8] OU
|rated|
|rule|Sleep Clause Mod: Limit one foe put to sleep
|rule|Species Clause: Limit one of each Pokémon
|rule|OHKO Clause: OHKO moves are banned
|rule|Evasion Moves Clause: Evasion moves are banned
|rule|Endless Battle Clause: Forcing endless battles is banned
|rule|HP Percentage Mod: HP is shown in percentages
|rule|Dynamax Clause: You cannot dynamax
|clearpoke
|poke|p1|Hawlucha, M|
|poke|p1|Espeon, F|
|poke|p1|Volcarona, F|
|poke|p1|Slurpuff, F|
|poke|p1|Tapu Lele|
|poke|p1|Polteageist-Antique|
|poke|p2|Slowbro, F|
|poke|p2|Diggersby, M|
|poke|p2|Tapu Koko|
|poke|p2|Heatran, M|
|poke|p2|Corviknight, F|
|poke|p2|Exeggutor-Alola, M|
|teampreview
|inactive|Battle timer is ON: inactive players will automatically lose when time's up. (requested by Hubbabalooz)
|
|t:|1652848871
|start
|switch|p1a: Tapu Lele|Tapu Lele|100/100
|switch|p2a: Tapu Koko|Tapu Koko|100/100
|-fieldstart|move: Electric Terrain|[from] ability: Electric Surge|[of] p2a: Tapu Koko
|-fieldstart|move: Psychic Terrain|[from] ability: Psychic Surge|[of] p1a: Tapu Lele
|turn|1
|
|t:|1652848878
|switch|p1a: Slurpuff|Slurpuff, F|100/100
|-enditem|p1a: Slurpuff|Psychic Seed
|-boost|p1a: Slurpuff|spd|1|[from] item: Psychic Seed
|move|p2a: Tapu Koko|U-turn|p1a: Slurpuff
|-resisted|p1a: Slurpuff
|-damage|p1a: Slurpuff|94/100
|
|t:|1652848886
|switch|p2a: Heatran|Heatran, M|100/100|[from]move: U-turn
|-item|p2a: Heatran|Air Balloon
|
|upkeep
|turn|2
|
|t:|1652848892
|switch|p1a: Espeon|Espeon, F|100/100
|move|p2a: Heatran|Eruption|p1a: Espeon
|-damage|p1a: Espeon|0 fnt
|faint|p1a: Espeon
|
|upkeep
|
|t:|1652848904
|switch|p1a: Hawlucha|Hawlucha, M|100/100
|-enditem|p1a: Hawlucha|Psychic Seed
|-boost|p1a: Hawlucha|spd|1|[from] item: Psychic Seed
|turn|3
|
|t:|1652848908
|switch|p2a: Tapu Koko|Tapu Koko|100/100
|-fieldstart|move: Electric Terrain|[from] ability: Electric Surge|[of] p2a: Tapu Koko
|move|p1a: Hawlucha|Substitute|p1a: Hawlucha
|-start|p1a: Hawlucha|Substitute
|-damage|p1a: Hawlucha|76/100
|
|upkeep
|turn|4
|
|t:|1652848915
|move|p1a: Hawlucha|Swords Dance|p1a: Hawlucha
|-boost|p1a: Hawlucha|atk|2
|move|p2a: Tapu Koko|Thunderbolt|p1a: Hawlucha
|-supereffective|p1a: Hawlucha
|-end|p1a: Hawlucha|Substitute
|
|upkeep
|turn|5
|
|t:|1652848922
|move|p1a: Hawlucha|Close Combat|p2a: Tapu Koko
|-resisted|p2a: Tapu Koko
|-crit|p2a: Tapu Koko
|-damage|p2a: Tapu Koko|0 fnt
|-unboost|p1a: Hawlucha|def|1
|-unboost|p1a: Hawlucha|spd|1
|faint|p2a: Tapu Koko
|
|upkeep
|
|t:|1652848929
|switch|p2a: Corviknight|Corviknight, F|100/100
|-ability|p2a: Corviknight|Pressure
|turn|6
|
|t:|1652848933
|move|p1a: Hawlucha|Substitute|p1a: Hawlucha
|-start|p1a: Hawlucha|Substitute
|-damage|p1a: Hawlucha|51/100
|move|p2a: Corviknight|Brave Bird|p1a: Hawlucha
|-supereffective|p1a: Hawlucha
|-end|p1a: Hawlucha|Substitute
|-damage|p2a: Corviknight|94/100|[from] Recoil|[of] p1a: Hawlucha
|
|-heal|p2a: Corviknight|99/100|[from] item: Leftovers
|upkeep
|turn|7
|
|t:|1652848942
|move|p1a: Hawlucha|Close Combat|p2a: Corviknight
|-damage|p2a: Corviknight|23/100
|-unboost|p1a: Hawlucha|def|1
|-unboost|p1a: Hawlucha|spd|1
|move|p2a: Corviknight|Brave Bird|p1a: Hawlucha
|-supereffective|p1a: Hawlucha
|-damage|p1a: Hawlucha|0 fnt
|faint|p1a: Hawlucha
|-damage|p2a: Corviknight|9/100|[from] Recoil
|
|-heal|p2a: Corviknight|16/100|[from] item: Leftovers
|-fieldend|move: Electric Terrain
|upkeep
|
|t:|1652848944
|switch|p1a: Tapu Lele|Tapu Lele|100/100
|-fieldstart|move: Psychic Terrain|[from] ability: Psychic Surge|[of] p1a: Tapu Lele
|turn|8
|
|t:|1652848957
|move|p1a: Tapu Lele|Focus Blast|p2a: Corviknight
|-damage|p2a: Corviknight|0 fnt
|faint|p2a: Corviknight
|
|upkeep
|j| Aphro mari
|
|t:|1652848970
|switch|p2a: Slowbro|Slowbro, F|100/100
|turn|9
|
|t:|1652848975
|switch|p1a: Slurpuff|Slurpuff, F|94/100
|move|p2a: Slowbro|Scald|p1a: Slurpuff
|-damage|p1a: Slurpuff|59/100
|-status|p1a: Slurpuff|brn
|
|-damage|p1a: Slurpuff|53/100 brn|[from] brn
|upkeep
|turn|10
|
|t:|1652848987
|move|p1a: Slurpuff|Sticky Web|p2a: Slowbro
|-sidestart|p2: TestingTesting1|move: Sticky Web
|move|p2a: Slowbro|Scald|p1a: Slurpuff
|-damage|p1a: Slurpuff|22/100 brn
|
|-damage|p1a: Slurpuff|16/100 brn|[from] brn
|upkeep
|turn|11
|
|t:|1652848998
|move|p1a: Slurpuff|Endeavor|p2a: Slowbro
|-damage|p2a: Slowbro|15/100
|move|p2a: Slowbro|Scald|p1a: Slurpuff
|-damage|p1a: Slurpuff|0 fnt
|faint|p1a: Slurpuff
|
|upkeep
|
|t:|1652849011
|switch|p1a: Polteageist|Polteageist-Antique|100/100
|turn|12
|
|t:|1652849017
|move|p1a: Polteageist|Shell Smash|p1a: Polteageist
|-unboost|p1a: Polteageist|def|1
|-unboost|p1a: Polteageist|spd|1
|-boost|p1a: Polteageist|atk|2
|-boost|p1a: Polteageist|spa|2
|-boost|p1a: Polteageist|spe|2
|move|p2a: Slowbro|Scald|p1a: Polteageist
|-damage|p1a: Polteageist|56/100
|-status|p1a: Polteageist|brn
|
|-damage|p1a: Polteageist|50/100 brn|[from] brn
|upkeep
|turn|13
|
|t:|1652849028
|move|p1a: Polteageist|Giga Drain|p2a: Slowbro
|-supereffective|p2a: Slowbro
|-damage|p2a: Slowbro|0 fnt
|-heal|p1a: Polteageist|60/100 brn|[from] drain|[of] p2a: Slowbro
|faint|p2a: Slowbro
|
|-damage|p1a: Polteageist|54/100 brn|[from] brn
|upkeep
|
|t:|1652849035
|switch|p2a: Heatran|Heatran, M|100/100
|-item|p2a: Heatran|Air Balloon
|turn|14
|
|t:|1652849041
|move|p1a: Polteageist|Shadow Ball|p2a: Heatran
|-damage|p2a: Heatran|9/100
|-enditem|p2a: Heatran|Air Balloon
|move|p2a: Heatran|Earth Power|p1a: Polteageist
|-damage|p1a: Polteageist|0 fnt
|faint|p1a: Polteageist
|
|upkeep
|
|t:|1652849045
|switch|p1a: Volcarona|Volcarona, F|100/100
|turn|15
|
|t:|1652849054
|move|p1a: Volcarona|Psychic|p2a: Heatran
|-resisted|p2a: Heatran
|-damage|p2a: Heatran|0 fnt
|faint|p2a: Heatran
|-damage|p1a: Volcarona|91/100|[from] item: Life Orb
|
|-fieldend|move: Psychic Terrain
|upkeep
|
|t:|1652849068
|switch|p2a: Diggersby|Diggersby, M|100/100
|-activate|p2a: Diggersby|move: Sticky Web
|-unboost|p2a: Diggersby|spe|1
|turn|16
|
|t:|1652849075
|move|p1a: Volcarona|Flamethrower|p2a: Diggersby
|-damage|p2a: Diggersby|9/100
|-damage|p1a: Volcarona|81/100|[from] item: Life Orb
|move|p2a: Diggersby|Earthquake|p1a: Volcarona
|-damage|p1a: Volcarona|0 fnt
|faint|p1a: Volcarona
|
|upkeep
|
|t:|1652849078
|switch|p1a: Tapu Lele|Tapu Lele|100/100
|-fieldstart|move: Psychic Terrain|[from] ability: Psychic Surge|[of] p1a: Tapu Lele
|turn|17
|
|t:|1652849085
|move|p1a: Tapu Lele|Moonblast|p2a: Diggersby
|-damage|p2a: Diggersby|0 fnt
|faint|p2a: Diggersby
|
|upkeep
|
|t:|1652849089
|switch|p2a: Exeggutor|Exeggutor-Alola, M|100/100
|-activate|p2a: Exeggutor|move: Sticky Web
|-unboost|p2a: Exeggutor|spe|1
|turn|18
|
|t:|1652849093
|move|p2a: Exeggutor|Endure|p2a: Exeggutor
|-singleturn|p2a: Exeggutor|move: Endure
|move|p1a: Tapu Lele|Moonblast|p2a: Exeggutor
|-supereffective|p2a: Exeggutor
|-activate|p2a: Exeggutor|move: Endure
|-damage|p2a: Exeggutor|1/100
|
|upkeep
|turn|19
|c|☆TestingTesting1|crit leaf storm
|-enditem|p2a: Exeggutor|Custap Berry|[eat]
|-activate|p2a: Exeggutor|item: Custap Berry|[consumed]
|
|t:|1652849108
|move|p2a: Exeggutor|Leaf Storm|p1a: Tapu Lele
|-crit|p1a: Tapu Lele
|-damage|p1a: Tapu Lele|0 fnt
|-unboost|p2a: Exeggutor|spa|2
|faint|p1a: Tapu Lele
|
|win|TestingTesting1
|raw|Hubbabalooz's rating: 1625 &rarr; <strong>1603</strong><br />(-22 for losing)
|raw|TestingTesting1's rating: 1582 &rarr; <strong>1604</strong><br />(+22 for winning)
|c|☆TestingTesting1|omg im sorry
|l|☆Hubbabalooz
