|j|☆big boss 447
|j|☆Poppin Percs
|t:|1657949297
|gametype|singles
|player|p1|big boss 447|harlequin|1717
|player|p2|Poppin Percs|byron|1794
|teamsize|p1|6
|teamsize|p2|6
|gen|8
|tier|[Gen 8] OU
|rated|
|rule|Sleep Clause Mod: Limit one foe put to sleep
|rule|Species Clause: Limit one of each Pokémon
|rule|OHKO Clause: OHKO moves are banned
|rule|Evasion Moves Clause: Evasion moves are banned
|rule|Endless Battle Clause: Forcing endless battles is banned
|rule|HP Percentage Mod: HP is shown in percentages
|rule|Dynamax Clause: You cannot dynamax
|clearpoke
|poke|p1|Dragapult, F|
|poke|p1|Decidueye, F|
|poke|p1|Landorus-Therian, M|
|poke|p1|Heatran, M|
|poke|p1|Tyranitar, M|
|poke|p1|Tapu Koko|
|poke|p2|Tyranitar, M|
|poke|p2|Clefable, M|
|poke|p2|Skarmory, M|
|poke|p2|Gastrodon, M|
|poke|p2|Tapu Koko|
|poke|p2|Scizor, M|
|teampreview
|inactive|Battle timer is ON: inactive players will automatically lose when time's up. (requested by big boss 447)
|j| phegba
|j| Offence King 777
|
|t:|1657949307
|start
|switch|p1a: Dragapult|Dragapult, F|100/100
|switch|p2a: Tyranitar|Tyranitar, M|100/100
|-weather|Sandstorm|[from] ability: Sand Stream|[of] p2a: Tyranitar
|turn|1
|
|t:|1657949312
|move|p1a: Dragapult|U-turn|p2a: Tyranitar
|-supereffective|p2a: Tyranitar
|-damage|p2a: Tyranitar|70/100
|
|t:|1657949315
|switch|p1a: Landorus|Landorus-Therian, M|100/100|[from]move: U-turn
|-ability|p1a: Landorus|Intimidate|boost
|-unboost|p2a: Tyranitar|atk|1
|move|p2a: Tyranitar|Stone Edge|p1a: Landorus
|-crit|p1a: Landorus
|-damage|p1a: Landorus|0 fnt
|faint|p1a: Landorus
|
|-weather|Sandstorm|[upkeep]
|upkeep
|
|t:|1657949322
|switch|p1a: BIRDMAN JR|Decidueye, F|100/100
|turn|2
|c|☆Poppin Percs|My bas
|c|☆Poppin Percs|bad*
|
|t:|1657949334
|switch|p2a: Skarmory|Skarmory, M|100/100
|move|p1a: BIRDMAN JR|Poltergeist|p2a: Skarmory
|-activate|p2a: Skarmory|move: Poltergeist|Rocky Helmet
|-damage|p2a: Skarmory|49/100
|
|-weather|Sandstorm|[upkeep]
|-damage|p1a: BIRDMAN JR|94/100|[from] Sandstorm
|upkeep
|turn|3
|
|t:|1657949349
|move|p1a: BIRDMAN JR|Poltergeist|p2a: Skarmory
|-activate|p2a: Skarmory|move: Poltergeist|Rocky Helmet
|-damage|p2a: Skarmory|3/100
|move|p2a: Skarmory|Roost|p2a: Skarmory
|-heal|p2a: Skarmory|53/100
|-singleturn|p2a: Skarmory|move: Roost
|
|-weather|Sandstorm|[upkeep]
|-damage|p1a: BIRDMAN JR|88/100|[from] Sandstorm
|upkeep
|turn|4
|j| mariocombusken
|
|t:|1657949357
|switch|p1a: Dragapult|Dragapult, F|100/100
|switch|p2a: Tyranitar|Tyranitar, M|70/100
|
|-weather|Sandstorm|[upkeep]
|-damage|p1a: Dragapult|95/100|[from] Sandstorm
|upkeep
|turn|5
|
|t:|1657949365
|switch|p2a: Clefable|Clefable, M|100/100
|move|p1a: Dragapult|U-turn|p2a: Clefable
|-resisted|p2a: Clefable
|-damage|p2a: Clefable|94/100
|-damage|p1a: Dragapult|78/100|[from] item: Rocky Helmet|[of] p2a: Clefable
|
|t:|1657949378
|switch|p1a: BIRDMAN JR|Decidueye, F|88/100|[from]move: U-turn
|
|-weather|none
|upkeep
|turn|6
|
|t:|1657949381
|move|p1a: BIRDMAN JR|Poltergeist|p2a: Clefable
|-activate|p2a: Clefable|move: Poltergeist|Rocky Helmet
|-damage|p2a: Clefable|29/100
|move|p2a: Clefable|Knock Off|p1a: BIRDMAN JR
|-supereffective|p1a: BIRDMAN JR
|-crit|p1a: BIRDMAN JR
|-damage|p1a: BIRDMAN JR|26/100
|-enditem|p1a: BIRDMAN JR|Choice Band|[from] move: Knock Off|[of] p2a: Clefable
|
|upkeep
|turn|7
|
|t:|1657949387
|switch|p2a: Scizor|Scizor, M|100/100
|move|p1a: BIRDMAN JR|Poltergeist|p2a: Scizor
|-activate|p2a: Scizor|move: Poltergeist|Heavy-Duty Boots
|-damage|p2a: Scizor|48/100
|
|upkeep
|turn|8
|j| GoldenStateIdiots
|
|t:|1657949401
|switch|p1a: Heatran|Heatran, M|100/100
|-item|p1a: Heatran|Air Balloon
|move|p2a: Scizor|Bullet Punch|p1a: Heatran
|-resisted|p1a: Heatran
|-damage|p1a: Heatran|94/100
|-enditem|p1a: Heatran|Air Balloon
|
|upkeep
|turn|9
|
|t:|1657949405
|switch|p1a: BIRDMAN JR|Decidueye, F|26/100
|switch|p2a: Gastrodon|Gastrodon, M|100/100
|
|upkeep
|turn|10
|j| rdieu
|
|t:|1657949414
|switch|p2a: Clefable|Clefable, M|29/100
|move|p1a: BIRDMAN JR|Leaf Blade|p2a: Clefable
|-damage|p2a: Clefable|0 fnt
|faint|p2a: Clefable
|
|upkeep
|
|t:|1657949419
|switch|p2a: Tapu Koko|Tapu Koko|100/100
|-fieldstart|move: Electric Terrain|[from] ability: Electric Surge|[of] p2a: Tapu Koko
|turn|11
|
|t:|1657949426
|switch|p1a: Tapu Koko|Tapu Koko|100/100
|move|p2a: Tapu Koko|Dazzling Gleam|p1a: Tapu Koko
|-damage|p1a: Tapu Koko|53/100
|
|upkeep
|turn|12
|
|t:|1657949437
|move|p1a: Tapu Koko|Dazzling Gleam|p2a: Tapu Koko
|-damage|p2a: Tapu Koko|49/100
|move|p2a: Tapu Koko|Volt Switch|p1a: Tapu Koko
|-resisted|p1a: Tapu Koko
|-damage|p1a: Tapu Koko|25/100
|
|t:|1657949442
|switch|p2a: Scizor|Scizor, M|48/100|[from]move: Volt Switch
|
|upkeep
|turn|13
|
|t:|1657949447
|switch|p1a: Heatran|Heatran, M|94/100
|move|p2a: Scizor|Roost|p2a: Scizor
|-heal|p2a: Scizor|98/100
|-singleturn|p2a: Scizor|move: Roost
|
|upkeep
|turn|14
|
|t:|1657949455
|switch|p1a: BIRDMAN JR|Decidueye, F|26/100
|switch|p2a: Tyranitar|Tyranitar, M|70/100
|-weather|Sandstorm|[from] ability: Sand Stream|[of] p2a: Tyranitar
|
|-weather|Sandstorm|[upkeep]
|-damage|p1a: BIRDMAN JR|20/100|[from] Sandstorm
|upkeep
|turn|15
|
|t:|1657949463
|switch|p2a: Skarmory|Skarmory, M|53/100
|move|p1a: BIRDMAN JR|Leaf Blade|p2a: Skarmory
|-resisted|p2a: Skarmory
|-damage|p2a: Skarmory|46/100
|
|-weather|Sandstorm|[upkeep]
|-damage|p1a: BIRDMAN JR|14/100|[from] Sandstorm
|-fieldend|move: Electric Terrain
|upkeep
|turn|16
|
|t:|1657949470
|switch|p1a: Tapu Koko|Tapu Koko|25/100
|-fieldstart|move: Electric Terrain|[from] ability: Electric Surge|[of] p1a: Tapu Koko
|move|p2a: Skarmory|Roost|p2a: Skarmory
|-heal|p2a: Skarmory|96/100
|-singleturn|p2a: Skarmory|move: Roost
|
|-weather|Sandstorm|[upkeep]
|-damage|p1a: Tapu Koko|19/100|[from] Sandstorm
|upkeep
|turn|17
|
|t:|1657949473
|switch|p2a: Gastrodon|Gastrodon, M|100/100
|move|p1a: Tapu Koko|U-turn|p2a: Gastrodon
|-damage|p2a: Gastrodon|81/100
|
|t:|1657949481
|switch|p1a: Tyranitar|Tyranitar, M|100/100|[from]move: U-turn
|
|-weather|Sandstorm|[upkeep]
|upkeep
|turn|18
|
|t:|1657949484
|switch|p2a: Skarmory|Skarmory, M|96/100
|move|p1a: Tyranitar|Crunch|p2a: Skarmory
|-damage|p2a: Skarmory|52/100
|-damage|p1a: Tyranitar|84/100|[from] item: Rocky Helmet|[of] p2a: Skarmory
|
|-weather|none
|upkeep
|turn|19
|
|t:|1657949488
|switch|p1a: Heatran|Heatran, M|94/100
|move|p2a: Skarmory|Roost|p2a: Skarmory
|-heal|p2a: Skarmory|100/100
|-singleturn|p2a: Skarmory|move: Roost
|
|upkeep
|turn|20
|
|t:|1657949502
|switch|p1a: Tyranitar|Tyranitar, M|84/100
|-weather|Sandstorm|[from] ability: Sand Stream|[of] p1a: Tyranitar
|switch|p2a: Gastrodon|Gastrodon, M|81/100
|
|-weather|Sandstorm|[upkeep]
|-fieldend|move: Electric Terrain
|upkeep
|turn|21
|
|t:|1657949506
|switch|p2a: Skarmory|Skarmory, M|100/100
|move|p1a: Tyranitar|Crunch|p2a: Skarmory
|-damage|p2a: Skarmory|57/100
|-unboost|p2a: Skarmory|def|1
|-damage|p1a: Tyranitar|68/100|[from] item: Rocky Helmet|[of] p2a: Skarmory
|
|-weather|Sandstorm|[upkeep]
|upkeep
|turn|22
|
|t:|1657949511
|switch|p2a: Tyranitar|Tyranitar, M|70/100
|move|p1a: Tyranitar|Crunch|p2a: Tyranitar
|-resisted|p2a: Tyranitar
|-damage|p2a: Tyranitar|39/100
|
|-weather|Sandstorm|[upkeep]
|upkeep
|turn|23
|
|t:|1657949516
|switch|p1a: Tapu Koko|Tapu Koko|19/100
|-fieldstart|move: Electric Terrain|[from] ability: Electric Surge|[of] p1a: Tapu Koko
|move|p2a: Tyranitar|Stone Edge|p1a: Tapu Koko
|-damage|p1a: Tapu Koko|0 fnt
|faint|p1a: Tapu Koko
|
|-weather|Sandstorm|[upkeep]
|upkeep
|
|t:|1657949522
|switch|p1a: BIRDMAN JR|Decidueye, F|14/100
|turn|24
|
|t:|1657949527
|move|p1a: BIRDMAN JR|Poltergeist|p2a: Tyranitar
|-activate|p2a: Tyranitar|move: Poltergeist|Choice Band
|-resisted|p2a: Tyranitar
|-damage|p2a: Tyranitar|15/100
|move|p2a: Tyranitar|Stone Edge|p1a: BIRDMAN JR
|-damage|p1a: BIRDMAN JR|0 fnt
|faint|p1a: BIRDMAN JR
|
|-weather|none
|upkeep
|
|t:|1657949529
|switch|p1a: Dragapult|Dragapult, F|78/100
|turn|25
|
|t:|1657949534
|switch|p2a: Skarmory|Skarmory, M|57/100
|move|p1a: Dragapult|Shadow Ball|p2a: Skarmory
|-crit|p2a: Skarmory
|-damage|p2a: Skarmory|0 fnt
|faint|p2a: Skarmory
|
|upkeep
|
|t:|1657949539
|switch|p2a: Gastrodon|Gastrodon, M|81/100
|turn|26
|j| nextbellight
|
|t:|1657949546
|move|p1a: Dragapult|Shadow Ball|p2a: Gastrodon
|-damage|p2a: Gastrodon|46/100
|move|p2a: Gastrodon|Recover|p2a: Gastrodon
|-heal|p2a: Gastrodon|96/100
|
|upkeep
|turn|27
|
|t:|1657949548
|move|p1a: Dragapult|Shadow Ball|p2a: Gastrodon
|-damage|p2a: Gastrodon|60/100
|move|p2a: Gastrodon|Scald|p1a: Dragapult
|-resisted|p1a: Dragapult
|-damage|p1a: Dragapult|59/100
|-status|p1a: Dragapult|brn
|
|-damage|p1a: Dragapult|53/100 brn|[from] brn
|-fieldend|move: Electric Terrain
|upkeep
|turn|28
|
|t:|1657949551
|switch|p1a: Tyranitar|Tyranitar, M|68/100
|-weather|Sandstorm|[from] ability: Sand Stream|[of] p1a: Tyranitar
|move|p2a: Gastrodon|Recover|p2a: Gastrodon
|-heal|p2a: Gastrodon|100/100
|
|-weather|Sandstorm|[upkeep]
|upkeep
|turn|29
|
|t:|1657949561
|switch|p2a: Scizor|Scizor, M|98/100
|move|p1a: Tyranitar|Crunch|p2a: Scizor
|-damage|p2a: Scizor|30/100
|
|-weather|Sandstorm|[upkeep]
|upkeep
|turn|30
|
|t:|1657949565
|move|p2a: Scizor|Bullet Punch|p1a: Tyranitar
|-supereffective|p1a: Tyranitar
|-damage|p1a: Tyranitar|25/100
|move|p1a: Tyranitar|Crunch|p2a: Scizor
|-damage|p2a: Scizor|0 fnt
|faint|p2a: Scizor
|
|-weather|Sandstorm|[upkeep]
|upkeep
|
|t:|1657949568
|switch|p2a: Tapu Koko|Tapu Koko|49/100
|-fieldstart|move: Electric Terrain|[from] ability: Electric Surge|[of] p2a: Tapu Koko
|turn|31
|
|t:|1657949575
|switch|p1a: Heatran|Heatran, M|94/100
|move|p2a: Tapu Koko|Dazzling Gleam|p1a: Heatran
|-resisted|p1a: Heatran
|-damage|p1a: Heatran|86/100
|
|-weather|Sandstorm|[upkeep]
|-damage|p2a: Tapu Koko|43/100|[from] Sandstorm
|upkeep
|turn|32
|
|t:|1657949586
|move|p2a: Tapu Koko|Volt Switch|p1a: Heatran
|-damage|p1a: Heatran|48/100
|
|t:|1657949588
|switch|p2a: Gastrodon|Gastrodon, M|100/100|[from]move: Volt Switch
|move|p1a: Heatran|Magma Storm|p2a: Gastrodon
|-resisted|p2a: Gastrodon
|-damage|p2a: Gastrodon|82/100
|-activate|p2a: Gastrodon|move: Magma Storm|[of] p1a: Heatran
|
|-weather|none
|-damage|p2a: Gastrodon|70/100|[from] move: Magma Storm|[partiallytrapped]
|upkeep
|turn|33
|
|t:|1657949596
|switch|p1a: Dragapult|Dragapult, F|53/100 brn
|move|p2a: Gastrodon|Earthquake|p1a: Dragapult
|-damage|p1a: Dragapult|10/100 brn
|
|-damage|p1a: Dragapult|4/100 brn|[from] brn
|-end|p2a: Gastrodon|Magma Storm|[partiallytrapped]|[silent]
|upkeep
|turn|34
|
|t:|1657949600
|move|p1a: Dragapult|Draco Meteor|p2a: Gastrodon
|-damage|p2a: Gastrodon|11/100
|-unboost|p1a: Dragapult|spa|2
|move|p2a: Gastrodon|Recover|p2a: Gastrodon
|-heal|p2a: Gastrodon|61/100
|
|-damage|p1a: Dragapult|0 fnt|[from] brn
|faint|p1a: Dragapult
|upkeep
|
|t:|1657949601
|switch|p1a: Tyranitar|Tyranitar, M|25/100
|-weather|Sandstorm|[from] ability: Sand Stream|[of] p1a: Tyranitar
|turn|35
|
|t:|1657949611
|switch|p2a: Tyranitar|Tyranitar, M|15/100
|move|p1a: Tyranitar|Earthquake|p2a: Tyranitar
|-supereffective|p2a: Tyranitar
|-damage|p2a: Tyranitar|0 fnt
|faint|p2a: Tyranitar
|
|-weather|Sandstorm|[upkeep]
|-fieldend|move: Electric Terrain
|upkeep
|
|t:|1657949614
|switch|p2a: Tapu Koko|Tapu Koko|43/100
|-fieldstart|move: Electric Terrain|[from] ability: Electric Surge|[of] p2a: Tapu Koko
|turn|36
|
|t:|1657949617
|move|p2a: Tapu Koko|Dazzling Gleam|p1a: Tyranitar
|-supereffective|p1a: Tyranitar
|-damage|p1a: Tyranitar|0 fnt
|faint|p1a: Tyranitar
|
|-weather|Sandstorm|[upkeep]
|-damage|p2a: Tapu Koko|37/100|[from] Sandstorm
|upkeep
|-message|big boss 447 forfeited.
|
|win|Poppin Percs
|raw|big boss 447's rating: 1717 &rarr; <strong>1701</strong><br />(-16 for losing)
|raw|Poppin Percs's rating: 1794 &rarr; <strong>1810</strong><br />(+16 for winning)
|l|☆big boss 447
|l| rdieu
|l| mariocombusken
|l|☆Poppin Percs
|l| phegba
|l| nextbellight
