|j|☆makemegowalnuts
|j|☆groundt
|player|p1|makemegowalnuts|265|1620
|player|p2|groundt|285|1559
|teamsize|p1|6
|teamsize|p2|6
|gametype|singles
|gen|8
|tier|[Gen 8] OU
|rated|
|rule|Sleep Clause Mod: Limit one foe put to sleep
|rule|Species Clause: Limit one of each Pokémon
|rule|OHKO Clause: OHKO moves are banned
|rule|Evasion Moves Clause: Evasion moves are banned
|rule|Endless Battle Clause: Forcing endless battles is banned
|rule|HP Percentage Mod: HP is shown in percentages
|clearpoke
|poke|p1|Lapras, F|
|poke|p1|Togekiss, F|
|poke|p1|Corviknight, M|
|poke|p1|Dragapult, M|
|poke|p1|Runerigus, M|
|poke|p1|Silvally-*|
|poke|p2|Dragapult, F|
|poke|p2|Mandibuzz, F|
|poke|p2|Jellicent, F|
|poke|p2|Hatterene, F|
|poke|p2|Excadrill, F|
|poke|p2|Ditto|
|teampreview
|inactive|Battle timer is ON: inactive players will automatically lose when time's up. (requested by makemegowalnuts)
|
|start
|switch|p1a: Silvally|Silvally-Poison|100/100
|switch|p2a: Mandibuzz|Mandibuzz, F|100/100
|turn|1
|
|move|p1a: Silvally|Thunder Wave|p2a: Mandibuzz
|-status|p2a: Mandibuzz|par
|move|p2a: Mandibuzz|U-turn|p1a: Silvally
|-resisted|p1a: Silvally
|-damage|p1a: Silvally|95/100
|
|switch|p2a: Excadrill|Excadrill, F|100/100|[from]move: U-turn
|-ability|p2a: Excadrill|Mold Breaker
|
|upkeep
|turn|2
|
|switch|p1a: Corviknight|Corviknight, M|100/100
|move|p2a: Excadrill|Stealth Rock|p1a: Corviknight
|-sidestart|p1: makemegowalnuts|move: Stealth Rock
|
|upkeep
|turn|3
|
|switch|p2a: Dragapult|Dragapult, F|100/100
|move|p1a: Corviknight|Defog|p2a: Dragapult
|-unboost|p2a: Dragapult|evasion|1
|-sideend|p1: makemegowalnuts|Stealth Rock|[from] move: Defog|[of] p1a: Corviknight
|
|upkeep
|turn|4
|
|switch|p1a: Togekiss|Togekiss, F|100/100
|move|p2a: Dragapult|Will-O-Wisp|p1a: Togekiss
|-status|p1a: Togekiss|brn
|
|-damage|p1a: Togekiss|94/100 brn|[from] brn
|upkeep
|turn|5
|
|-start|p1a: Togekiss|Dynamax
|-heal|p1a: Togekiss|94/100 brn|[silent]
|move|p2a: Dragapult|Substitute|p2a: Dragapult
|-start|p2a: Dragapult|Substitute
|-damage|p2a: Dragapult|76/100
|move|p1a: Togekiss|Max Starfall|p2a: Dragapult
|-supereffective|p2a: Dragapult
|-end|p2a: Dragapult|Substitute
|-fieldstart|move: Misty Terrain
|
|-heal|p2a: Dragapult|82/100|[from] item: Leftovers
|-damage|p1a: Togekiss|91/100 brn|[from] brn
|upkeep
|turn|6
|inactive|groundt has 120 seconds left.
|inactive|groundt has 90 seconds left.
|
|switch|p2a: Mandibuzz|Mandibuzz, F|100/100 par
|move|p1a: Togekiss|Max Airstream|p2a: Mandibuzz
|-damage|p2a: Mandibuzz|58/100 par
|-boost|p1a: Togekiss|spe|1
|
|-damage|p1a: Togekiss|88/100 brn|[from] brn
|upkeep
|turn|7
|inactive|groundt has 90 seconds left.
|
|move|p1a: Togekiss|Max Starfall|p2a: Mandibuzz
|-supereffective|p2a: Mandibuzz
|-damage|p2a: Mandibuzz|0 fnt
|faint|p2a: Mandibuzz
|
|-damage|p1a: Togekiss|85/100 brn|[from] brn
|-end|p1a: Togekiss|Dynamax
|-heal|p1a: Togekiss|85/100 brn|[silent]
|upkeep
|
|switch|p2a: Excadrill|Excadrill, F|100/100
|-ability|p2a: Excadrill|Mold Breaker
|turn|8
|
|move|p1a: Togekiss|Heat Wave|p2a: Excadrill
|-supereffective|p2a: Excadrill
|-damage|p2a: Excadrill|21/100
|move|p2a: Excadrill|Iron Head|p1a: Togekiss
|-supereffective|p1a: Togekiss
|-damage|p1a: Togekiss|0 fnt
|faint|p1a: Togekiss
|
|-heal|p2a: Excadrill|27/100|[from] item: Leftovers
|upkeep
|
|switch|p1a: Dragapult|Dragapult, M|100/100
|turn|9
|j| OUTM illumise
|inactive|groundt has 90 seconds left.
|
|switch|p2a: Jellicent|Jellicent, F|100/100
|move|p1a: Dragapult|Fire Blast|p2a: Jellicent
|-resisted|p2a: Jellicent
|-damage|p2a: Jellicent|90/100
|
|-heal|p2a: Jellicent|97/100|[from] item: Leftovers
|-fieldend|Misty Terrain
|upkeep
|turn|10
|
|move|p1a: Dragapult|Dragon Dance|p1a: Dragapult
|-boost|p1a: Dragapult|atk|1
|-boost|p1a: Dragapult|spe|1
|move|p2a: Jellicent|Will-O-Wisp|p1a: Dragapult
|-status|p1a: Dragapult|brn
|
|-heal|p2a: Jellicent|100/100|[from] item: Leftovers
|-damage|p1a: Dragapult|95/100 brn|[from] brn
|upkeep
|turn|11
|
|move|p1a: Dragapult|Dragon Dance|p1a: Dragapult
|-boost|p1a: Dragapult|atk|1
|-boost|p1a: Dragapult|spe|1
|move|p2a: Jellicent|Hex|p1a: Dragapult
|-supereffective|p1a: Dragapult
|-damage|p1a: Dragapult|0 fnt
|faint|p1a: Dragapult
|
|upkeep
|
|switch|p1a: Lapras|Lapras, F|100/100
|turn|12
|inactive|groundt has 90 seconds left.
|
|move|p2a: Jellicent|Taunt|p1a: Lapras
|-start|p1a: Lapras|move: Taunt
|move|p1a: Lapras|Freeze-Dry|p2a: Jellicent
|-supereffective|p2a: Jellicent
|-damage|p2a: Jellicent|55/100
|
|-heal|p2a: Jellicent|62/100|[from] item: Leftovers
|upkeep
|turn|13
|inactive|groundt has 90 seconds left.
|
|switch|p2a: Ditto|Ditto|100/100
|-transform|p2a: Ditto|p1a: Lapras|[from] ability: Imposter
|move|p1a: Lapras|Freeze-Dry|p2a: Ditto
|-damage|p2a: Ditto|65/100
|
|upkeep
|turn|14
|
|switch|p1a: Silvally|Silvally-Poison|95/100
|move|p2a: Ditto|Perish Song|p2a: Ditto
|-start|p1a: Silvally|perish3|[silent]
|-start|p2a: Ditto|perish3|[silent]
|-fieldactivate|move: Perish Song
|
|-start|p1a: Silvally|perish3
|-start|p2a: Ditto|perish3
|upkeep
|turn|15
|
|switch|p2a: Excadrill|Excadrill, F|27/100
|-ability|p2a: Excadrill|Mold Breaker
|move|p1a: Silvally|Parting Shot|p2a: Excadrill
|-unboost|p2a: Excadrill|atk|1
|-unboost|p2a: Excadrill|spa|1
|
|switch|p1a: Lapras|Lapras, F|100/100|[from]move: Parting Shot
|
|-heal|p2a: Excadrill|33/100|[from] item: Leftovers
|upkeep
|turn|16
|inactive|groundt has 90 seconds left.
|
|move|p2a: Excadrill|Stealth Rock|p1a: Lapras
|-sidestart|p1: makemegowalnuts|move: Stealth Rock
|move|p1a: Lapras|Freeze-Dry|p2a: Excadrill
|-damage|p2a: Excadrill|0 fnt
|faint|p2a: Excadrill
|
|upkeep
|
|switch|p2a: Hatterene|Hatterene, F|100/100
|turn|17
|
|move|p1a: Lapras|Perish Song|p1a: Lapras
|-start|p1a: Lapras|perish3|[silent]
|-start|p2a: Hatterene|perish3|[silent]
|-fieldactivate|move: Perish Song
|move|p2a: Hatterene|Calm Mind|p2a: Hatterene
|-boost|p2a: Hatterene|spa|1
|-boost|p2a: Hatterene|spd|1
|
|-start|p1a: Lapras|perish3
|-start|p2a: Hatterene|perish3
|upkeep
|turn|18
|
|switch|p1a: Corviknight|Corviknight, M|100/100
|-damage|p1a: Corviknight|88/100|[from] Stealth Rock
|move|p2a: Hatterene|Mystical Fire|p1a: Corviknight
|-supereffective|p1a: Corviknight
|-damage|p1a: Corviknight|20/100
|-ability|p1a: Corviknight|Mirror Armor
|-unboost|p2a: Hatterene|spa|1
|
|-heal|p1a: Corviknight|27/100|[from] item: Leftovers
|-start|p2a: Hatterene|perish2
|upkeep
|turn|19
|
|move|p1a: Corviknight|Roost|p1a: Corviknight
|-heal|p1a: Corviknight|77/100
|-singleturn|p1a: Corviknight|move: Roost
|move|p2a: Hatterene|Mystical Fire|p1a: Corviknight
|-supereffective|p1a: Corviknight
|-damage|p1a: Corviknight|30/100
|-ability|p1a: Corviknight|Mirror Armor
|-unboost|p2a: Hatterene|spa|1
|
|-heal|p1a: Corviknight|36/100|[from] item: Leftovers
|-start|p2a: Hatterene|perish1
|upkeep
|turn|20
|
|switch|p2a: Dragapult|Dragapult, F|82/100
|move|p1a: Corviknight|Roost|p1a: Corviknight
|-heal|p1a: Corviknight|86/100
|-singleturn|p1a: Corviknight|move: Roost
|
|-heal|p2a: Dragapult|88/100|[from] item: Leftovers
|-heal|p1a: Corviknight|93/100|[from] item: Leftovers
|upkeep
|turn|21
|
|move|p2a: Dragapult|Will-O-Wisp|p1a: Corviknight
|-status|p1a: Corviknight|brn
|move|p1a: Corviknight|Defog|p2a: Dragapult
|-unboost|p2a: Dragapult|evasion|1
|-sideend|p1: makemegowalnuts|Stealth Rock|[from] move: Defog|[of] p1a: Corviknight
|
|-heal|p2a: Dragapult|94/100|[from] item: Leftovers
|-heal|p1a: Corviknight|99/100 brn|[from] item: Leftovers
|-damage|p1a: Corviknight|93/100 brn|[from] brn
|upkeep
|turn|22
|
|move|p2a: Dragapult|Substitute|p2a: Dragapult
|-start|p2a: Dragapult|Substitute
|-damage|p2a: Dragapult|69/100
|move|p1a: Corviknight|U-turn|p2a: Dragapult
|-resisted|p2a: Dragapult
|-activate|p2a: Dragapult|move: Substitute|[damage]
|
|switch|p1a: Runerigus|Runerigus, M|100/100|[from]move: U-turn
|
|-heal|p2a: Dragapult|75/100|[from] item: Leftovers
|upkeep
|turn|23
|
|move|p2a: Dragapult|Will-O-Wisp|p1a: Runerigus
|-status|p1a: Runerigus|brn
|move|p1a: Runerigus|Night Shade|p2a: Dragapult
|-end|p2a: Dragapult|Substitute
|
|-heal|p2a: Dragapult|81/100|[from] item: Leftovers
|-damage|p1a: Runerigus|94/100 brn|[from] brn
|upkeep
|turn|24
|
|move|p2a: Dragapult|Hex|p1a: Runerigus
|-supereffective|p1a: Runerigus
|-damage|p1a: Runerigus|8/100 brn
|move|p1a: Runerigus|Toxic Spikes|p2a: Dragapult
|-sidestart|p2: groundt|move: Toxic Spikes
|
|-heal|p2a: Dragapult|87/100|[from] item: Leftovers
|-heal|p1a: Runerigus|14/100 brn|[from] item: Leftovers
|-damage|p1a: Runerigus|8/100 brn|[from] brn
|upkeep
|turn|25
|
|move|p2a: Dragapult|Hex|p1a: Runerigus
|-supereffective|p1a: Runerigus
|-damage|p1a: Runerigus|0 fnt
|faint|p1a: Runerigus
|
|-heal|p2a: Dragapult|93/100|[from] item: Leftovers
|upkeep
|
|switch|p1a: Lapras|Lapras, F|100/100
|turn|26
|
|move|p2a: Dragapult|Substitute|p2a: Dragapult
|-start|p2a: Dragapult|Substitute
|-damage|p2a: Dragapult|68/100
|move|p1a: Lapras|Freeze-Dry|p2a: Dragapult
|-supereffective|p2a: Dragapult
|-end|p2a: Dragapult|Substitute
|
|-heal|p2a: Dragapult|74/100|[from] item: Leftovers
|upkeep
|turn|27
|j| general_newb
|l| general_newb
|
|move|p2a: Dragapult|Disable|p1a: Lapras
|-start|p1a: Lapras|Disable|Freeze-Dry
|cant|p1a: Lapras|Disable|Freeze-Dry
|
|-heal|p2a: Dragapult|80/100|[from] item: Leftovers
|upkeep
|turn|28
|
|move|p1a: Lapras|Ice Shard|p2a: Dragapult
|-supereffective|p2a: Dragapult
|-damage|p2a: Dragapult|43/100
|move|p2a: Dragapult|Will-O-Wisp|p1a: Lapras
|-status|p1a: Lapras|brn
|
|-heal|p2a: Dragapult|49/100|[from] item: Leftovers
|-damage|p1a: Lapras|94/100 brn|[from] brn
|upkeep
|turn|29
|
|switch|p1a: Corviknight|Corviknight, M|93/100 brn
|move|p2a: Dragapult|Hex|p1a: Corviknight
|-damage|p1a: Corviknight|38/100 brn
|
|-heal|p2a: Dragapult|55/100|[from] item: Leftovers
|-heal|p1a: Corviknight|44/100 brn|[from] item: Leftovers
|-damage|p1a: Corviknight|38/100 brn|[from] brn
|upkeep
|turn|30
|
|switch|p1a: Silvally|Silvally-Poison|95/100
|move|p2a: Dragapult|Hex|p1a: Silvally
|-damage|p1a: Silvally|76/100
|
|-heal|p2a: Dragapult|61/100|[from] item: Leftovers
|upkeep
|turn|31
|
|move|p2a: Dragapult|Will-O-Wisp|p1a: Silvally
|-status|p1a: Silvally|brn
|move|p1a: Silvally|Multi-Attack|p2a: Dragapult
|-resisted|p2a: Dragapult
|-damage|p2a: Dragapult|49/100
|
|-heal|p2a: Dragapult|55/100|[from] item: Leftovers
|-damage|p1a: Silvally|70/100 brn|[from] brn
|upkeep
|turn|32
|
|move|p2a: Dragapult|Substitute|p2a: Dragapult
|-start|p2a: Dragapult|Substitute
|-damage|p2a: Dragapult|30/100
|move|p1a: Silvally|Parting Shot|p2a: Dragapult
|-unboost|p2a: Dragapult|atk|1
|-unboost|p2a: Dragapult|spa|1
|
|switch|p1a: Lapras|Lapras, F|94/100 brn|[from]move: Parting Shot
|
|-heal|p2a: Dragapult|36/100|[from] item: Leftovers
|-heal|p1a: Lapras|100/100 brn|[from] item: Leftovers
|-damage|p1a: Lapras|94/100 brn|[from] brn
|upkeep
|turn|33
|
|move|p2a: Dragapult|Hex|p1a: Lapras
|-damage|p1a: Lapras|64/100 brn
|move|p1a: Lapras|Perish Song|p1a: Lapras
|-start|p1a: Lapras|perish3|[silent]
|-start|p2a: Dragapult|perish3|[silent]
|-fieldactivate|move: Perish Song
|
|-heal|p2a: Dragapult|42/100|[from] item: Leftovers
|-heal|p1a: Lapras|71/100 brn|[from] item: Leftovers
|-damage|p1a: Lapras|64/100 brn|[from] brn
|-start|p2a: Dragapult|perish3
|-start|p1a: Lapras|perish3
|upkeep
|turn|34
|
|switch|p1a: Silvally|Silvally-Poison|70/100 brn
|move|p2a: Dragapult|Hex|p1a: Silvally
|-damage|p1a: Silvally|45/100 brn
|
|-heal|p2a: Dragapult|48/100|[from] item: Leftovers
|-damage|p1a: Silvally|39/100 brn|[from] brn
|-start|p2a: Dragapult|perish2
|upkeep
|turn|35
|
|move|p2a: Dragapult|Hex|p1a: Silvally
|-damage|p1a: Silvally|16/100 brn
|move|p1a: Silvally|Parting Shot|p2a: Dragapult
|-unboost|p2a: Dragapult|atk|1
|-unboost|p2a: Dragapult|spa|1
|
|switch|p1a: Lapras|Lapras, F|64/100 brn|[from]move: Parting Shot
|
|-heal|p2a: Dragapult|54/100|[from] item: Leftovers
|-heal|p1a: Lapras|71/100 brn|[from] item: Leftovers
|-damage|p1a: Lapras|64/100 brn|[from] brn
|-start|p2a: Dragapult|perish1
|upkeep
|turn|36
|
|switch|p2a: Ditto|Ditto|65/100
|-status|p2a: Ditto|psn
|-transform|p2a: Ditto|p1a: Lapras|[from] ability: Imposter
|move|p1a: Lapras|Freeze-Dry|p2a: Ditto
|-damage|p2a: Ditto|28/100 psn
|
|-heal|p1a: Lapras|71/100 brn|[from] item: Leftovers
|-damage|p2a: Ditto|16/100 psn|[from] psn
|-damage|p1a: Lapras|64/100 brn|[from] brn
|upkeep
|turn|37
|
|switch|p2a: Jellicent|Jellicent, F|62/100
|-status|p2a: Jellicent|psn
|switch|p1a: Silvally|Silvally-Poison|16/100 brn
|
|-heal|p2a: Jellicent|68/100 psn|[from] item: Leftovers
|-damage|p1a: Silvally|10/100 brn|[from] brn
|-damage|p2a: Jellicent|55/100 psn|[from] psn
|upkeep
|turn|38
|
|move|p1a: Silvally|Parting Shot|p2a: Jellicent
|-unboost|p2a: Jellicent|atk|1
|-unboost|p2a: Jellicent|spa|1
|
|switch|p1a: Lapras|Lapras, F|64/100 brn|[from]move: Parting Shot
|move|p2a: Jellicent|Strength Sap|p1a: Lapras
|-unboost|p1a: Lapras|atk|1
|-heal|p2a: Jellicent|100/100 psn
|
|-heal|p1a: Lapras|71/100 brn|[from] item: Leftovers
|-damage|p2a: Jellicent|88/100 psn|[from] psn
|-damage|p1a: Lapras|64/100 brn|[from] brn
|upkeep
|turn|39
|
|move|p2a: Jellicent|Hex|p1a: Lapras
|-damage|p1a: Lapras|43/100 brn
|move|p1a: Lapras|Freeze-Dry|p2a: Jellicent
|-supereffective|p2a: Jellicent
|-damage|p2a: Jellicent|36/100 psn
|
|-heal|p2a: Jellicent|42/100 psn|[from] item: Leftovers
|-heal|p1a: Lapras|50/100 brn|[from] item: Leftovers
|-damage|p2a: Jellicent|29/100 psn|[from] psn
|-damage|p1a: Lapras|43/100 brn|[from] brn
|upkeep
|turn|40
|
|switch|p1a: Silvally|Silvally-Poison|10/100 brn
|move|p2a: Jellicent|Hex|p1a: Silvally
|-damage|p1a: Silvally|0 fnt
|faint|p1a: Silvally
|
|-heal|p2a: Jellicent|36/100 psn|[from] item: Leftovers
|-damage|p2a: Jellicent|23/100 psn|[from] psn
|upkeep
|
|switch|p1a: Corviknight|Corviknight, M|38/100 brn
|turn|41
|
|switch|p2a: Ditto|Ditto|16/100 psn
|-transform|p2a: Ditto|p1a: Corviknight|[from] ability: Imposter
|move|p1a: Corviknight|Roost|p1a: Corviknight
|-heal|p1a: Corviknight|88/100 brn
|-singleturn|p1a: Corviknight|move: Roost
|
|-heal|p1a: Corviknight|94/100 brn|[from] item: Leftovers
|-damage|p2a: Ditto|3/100 psn|[from] psn
|-damage|p1a: Corviknight|88/100 brn|[from] brn
|upkeep
|turn|42
|j| jimmy026
|
|move|p2a: Ditto|Defog|p1a: Corviknight
|-ability|p1a: Corviknight|Mirror Armor
|-unboost|p2a: Ditto|evasion|1
|-sideend|p2: groundt|Toxic Spikes|[from] move: Defog|[of] p2a: Ditto
|move|p1a: Corviknight|U-turn|p2a: Ditto
|-resisted|p2a: Ditto
|-damage|p2a: Ditto|2/100 psn
|
|switch|p1a: Lapras|Lapras, F|43/100 brn|[from]move: U-turn
|
|-heal|p1a: Lapras|50/100 brn|[from] item: Leftovers
|-damage|p2a: Ditto|0 fnt|[from] psn
|faint|p2a: Ditto
|-damage|p1a: Lapras|43/100 brn|[from] brn
|upkeep
|
|switch|p2a: Hatterene|Hatterene, F|100/100
|turn|43
|
|move|p1a: Lapras|Freeze-Dry|p2a: Hatterene
|-damage|p2a: Hatterene|67/100
|move|p2a: Hatterene|Calm Mind|p2a: Hatterene
|-boost|p2a: Hatterene|spa|1
|-boost|p2a: Hatterene|spd|1
|
|-heal|p1a: Lapras|50/100 brn|[from] item: Leftovers
|-heal|p2a: Hatterene|73/100|[from] item: Leftovers
|-damage|p1a: Lapras|43/100 brn|[from] brn
|upkeep
|turn|44
|
|-start|p2a: Hatterene|Dynamax
|-formechange|p2a: Hatterene|Hatterene-Gmax|
|-heal|p2a: Hatterene|73/100|[silent]
|move|p1a: Lapras|Freeze-Dry|p2a: Hatterene
|-damage|p2a: Hatterene|63/100
|move|p2a: Hatterene|Max Mindstorm|p1a: Lapras
|-damage|p1a: Lapras|0 fnt
|-fieldstart|move: Psychic Terrain
|faint|p1a: Lapras
|
|-heal|p2a: Hatterene|66/100|[from] item: Leftovers
|upkeep
|-message|makemegowalnuts forfeited.
|
|win|groundt
|l|☆makemegowalnuts
|raw|makemegowalnuts's rating: 1620 &rarr; <strong>1597</strong><br />(-23 for losing)
|raw|groundt's rating: 1560 &rarr; <strong>1583</strong><br />(+23 for winning)
