|j|☆demgeilem
|j|☆chane14532
|t:|1668000989
|gametype|singles
|player|p1|demgeilem|ethan-masters|1581
|player|p2|chane14532|rocketgrunt|1570
|teamsize|p1|6
|teamsize|p2|6
|gen|8
|tier|[Gen 8] OU
|rated|
|rule|Sleep Clause Mod: Limit one foe put to sleep
|rule|Species Clause: Limit one of each Pokémon
|rule|OHKO Clause: OHKO moves are banned
|rule|Evasion Items Clause: Evasion items are banned
|rule|Evasion Moves Clause: Evasion moves are banned
|rule|Endless Battle Clause: Forcing endless battles is banned
|rule|HP Percentage Mod: HP is shown in percentages
|rule|Dynamax Clause: You cannot dynamax
|clearpoke
|poke|p1|Melmetal|
|poke|p1|Dragapult, F|
|poke|p1|Slowbro, F|
|poke|p1|Clefable, F|
|poke|p1|Landorus-Therian, M|
|poke|p1|Buzzwole|
|poke|p2|Pelipper, M|
|poke|p2|Barraskewda, F|
|poke|p2|Urshifu-*, M|
|poke|p2|Weavile, M|
|poke|p2|Corviknight, M|
|poke|p2|Tapu Koko|
|teampreview
|inactive|Battle timer is ON: inactive players will automatically lose when time's up. (requested by chane14532)
|
|t:|1668001005
|start
|switch|p1a: Clefable|Clefable, F|100/100
|switch|p2a: Tapu Koko|Tapu Koko|100/100
|-fieldstart|move: Electric Terrain|[from] ability: Electric Surge|[of] p2a: Tapu Koko
|turn|1
|
|t:|1668001010
|move|p2a: Tapu Koko|Volt Switch|p1a: Clefable
|-damage|p1a: Clefable|57/100
|
|t:|1668001016
|switch|p2a: Urshifu|Urshifu-Rapid-Strike, M|100/100|[from]move: Volt Switch
|move|p1a: Clefable|Stealth Rock|p2a: Urshifu
|-sidestart|p2: chane14532|move: Stealth Rock
|
|-heal|p1a: Clefable|63/100|[from] item: Leftovers
|upkeep
|turn|2
|
|t:|1668001021
|switch|p1a: Slowbro|Slowbro, F, shiny|100/100
|move|p2a: Urshifu|Surging Strikes|p1a: Slowbro
|-resisted|p1a: Slowbro
|-crit|p1a: Slowbro
|-damage|p1a: Slowbro|92/100
|-damage|p2a: Urshifu|84/100|[from] item: Rocky Helmet|[of] p1a: Slowbro
|-resisted|p1a: Slowbro
|-crit|p1a: Slowbro
|-damage|p1a: Slowbro|83/100
|-damage|p2a: Urshifu|68/100|[from] item: Rocky Helmet|[of] p1a: Slowbro
|-resisted|p1a: Slowbro
|-crit|p1a: Slowbro
|-damage|p1a: Slowbro|75/100
|-damage|p2a: Urshifu|51/100|[from] item: Rocky Helmet|[of] p1a: Slowbro
|-hitcount|p1a: Slowbro|3
|
|upkeep
|turn|3
|
|t:|1668001026
|switch|p2a: Corviknight|Corviknight, M, shiny|100/100
|-damage|p2a: Corviknight|88/100|[from] Stealth Rock
|-ability|p2a: Corviknight|Pressure
|move|p1a: Slowbro|Teleport|p1a: Slowbro
|
|t:|1668001031
|switch|p1a: Dragapult|Dragapult, F|100/100|[from]move: Teleport
|
|upkeep
|turn|4
|
|t:|1668001035
|move|p1a: Dragapult|Shadow Ball|p2a: Corviknight
|-damage|p2a: Corviknight|29/100
|-unboost|p2a: Corviknight|spd|1
|move|p2a: Corviknight|Defog|p1a: Dragapult
|-unboost|p1a: Dragapult|evasion|1
|-sideend|p2: chane14532|Stealth Rock|[from] move: Defog|[of] p2a: Corviknight
|-fieldend|move: Electric Terrain
|
|upkeep
|turn|5
|
|t:|1668001041
|move|p1a: Dragapult|Shadow Ball|p2a: Corviknight
|-damage|p2a: Corviknight|0 fnt
|faint|p2a: Corviknight
|
|upkeep
|
|t:|1668001046
|switch|p2a: Tapu Koko|Tapu Koko|100/100
|-fieldstart|move: Electric Terrain|[from] ability: Electric Surge|[of] p2a: Tapu Koko
|turn|6
|
|t:|1668001058
|switch|p1a: Landorus|Landorus-Therian, M|100/100
|-ability|p1a: Landorus|Intimidate|boost
|-unboost|p2a: Tapu Koko|atk|1
|move|p2a: Tapu Koko|Dazzling Gleam|p1a: Landorus
|-damage|p1a: Landorus|65/100
|
|-heal|p1a: Landorus|71/100|[from] item: Leftovers
|upkeep
|turn|7
|
|t:|1668001066
|move|p2a: Tapu Koko|Dazzling Gleam|p1a: Landorus
|-damage|p1a: Landorus|34/100
|move|p1a: Landorus|Knock Off|p2a: Tapu Koko
|-resisted|p2a: Tapu Koko
|-damage|p2a: Tapu Koko|81/100
|-enditem|p2a: Tapu Koko|Choice Specs|[from] move: Knock Off|[of] p1a: Landorus
|
|-heal|p1a: Landorus|40/100|[from] item: Leftovers
|upkeep
|turn|8
|
|t:|1668001076
|move|p2a: Tapu Koko|Dazzling Gleam|p1a: Landorus
|-damage|p1a: Landorus|15/100
|move|p1a: Landorus|U-turn|p2a: Tapu Koko
|-resisted|p2a: Tapu Koko
|-damage|p2a: Tapu Koko|66/100
|
|t:|1668001082
|switch|p1a: Dragapult|Dragapult, F|100/100|[from]move: U-turn
|
|upkeep
|turn|9
|
|t:|1668001085
|move|p2a: Tapu Koko|Dazzling Gleam|p1a: Dragapult
|-supereffective|p1a: Dragapult
|-damage|p1a: Dragapult|17/100
|move|p1a: Dragapult|Shadow Ball|p2a: Tapu Koko
|-damage|p2a: Tapu Koko|0 fnt
|faint|p2a: Tapu Koko
|
|upkeep
|
|t:|1668001093
|switch|p2a: Weavile|Weavile, M|100/100
|-ability|p2a: Weavile|Pressure
|turn|10
|
|t:|1668001103
|switch|p1a: Melmetal|Melmetal|100/100
|move|p2a: Weavile|Ice Shard|p1a: Melmetal
|-resisted|p1a: Melmetal
|-damage|p1a: Melmetal|95/100
|
|-fieldend|move: Electric Terrain
|upkeep
|turn|11
|
|t:|1668001110
|switch|p2a: Urshifu|Urshifu-Rapid-Strike, M|51/100
|move|p1a: Melmetal|Thunder Punch|p2a: Urshifu
|-supereffective|p2a: Urshifu
|-damage|p2a: Urshifu|0 fnt
|faint|p2a: Urshifu
|
|upkeep
|
|t:|1668001113
|switch|p2a: Pelipper|Pelipper, M|100/100
|-weather|RainDance|[from] ability: Drizzle|[of] p2a: Pelipper
|turn|12
|
|t:|1668001115
|move|p2a: Pelipper|Weather Ball|p1a: Melmetal
|-damage|p1a: Melmetal|0 fnt
|faint|p1a: Melmetal
|
|-weather|RainDance|[upkeep]
|upkeep
|
|t:|1668001122
|switch|p1a: Dragapult|Dragapult, F|17/100
|turn|13
|
|t:|1668001125
|move|p1a: Dragapult|Draco Meteor|p2a: Pelipper
|-damage|p2a: Pelipper|0 fnt
|-unboost|p1a: Dragapult|spa|2
|faint|p2a: Pelipper
|
|-weather|RainDance|[upkeep]
|upkeep
|
|t:|1668001128
|switch|p2a: Weavile|Weavile, M|100/100
|-ability|p2a: Weavile|Pressure
|turn|14
|
|t:|1668001133
|move|p1a: Dragapult|Draco Meteor|p2a: Weavile
|-damage|p2a: Weavile|34/100
|-unboost|p1a: Dragapult|spa|2
|move|p2a: Weavile|Swords Dance|p2a: Weavile
|-boost|p2a: Weavile|atk|2
|
|-weather|RainDance|[upkeep]
|upkeep
|turn|15
|
|t:|1668001142
|move|p2a: Weavile|Ice Shard|p1a: Dragapult
|-supereffective|p1a: Dragapult
|-damage|p1a: Dragapult|0 fnt
|faint|p1a: Dragapult
|
|-weather|RainDance|[upkeep]
|upkeep
|
|t:|1668001146
|switch|p1a: Buzzwole|Buzzwole|100/100
|turn|16
|
|t:|1668001153
|move|p1a: Buzzwole|Leech Life|p2a: Weavile
|-supereffective|p2a: Weavile
|-damage|p2a: Weavile|0 fnt
|faint|p2a: Weavile
|-ability|p1a: Buzzwole|Beast Boost|boost
|-boost|p1a: Buzzwole|atk|1
|
|-weather|none
|upkeep
|
|t:|1668001155
|switch|p2a: Barraskewda|Barraskewda, F|100/100
|turn|17
|-message|chane14532 forfeited.
|
|win|demgeilem
|raw|demgeilem's rating: 1581 &rarr; <strong>1600</strong><br />(+19 for winning)
|raw|chane14532's rating: 1570 &rarr; <strong>1551</strong><br />(-19 for losing)
|l|☆chane14532
