|j|‽minimax_ai
|j|☆uuuuiiii
|t:|1667406360
|gametype|singles
|player|p1|minimax_ai|266|1651
|player|p2|uuuuiiii|169|1646
|teamsize|p1|6
|teamsize|p2|6
|gen|8
|tier|[Gen 8] OU
|rated|
|rule|Sleep Clause Mod: Limit one foe put to sleep
|rule|Species Clause: Limit one of each Pokémon
|rule|OHKO Clause: OHKO moves are banned
|rule|Evasion Items Clause: Evasion items are banned
|rule|Evasion Moves Clause: Evasion moves are banned
|rule|Endless Battle Clause: Forcing endless battles is banned
|rule|HP Percentage Mod: HP is shown in percentages
|rule|Dynamax Clause: You cannot dynamax
|clearpoke
|poke|p1|Rotom-Wash|
|poke|p1|Weavile, M|
|poke|p1|Landorus-Therian, M|
|poke|p1|Heatran, M|
|poke|p1|Tangrowth, M|
|poke|p1|Melmetal|
|poke|p2|Rillaboom, M|
|poke|p2|Landorus-Therian, M|
|poke|p2|Urshifu-*, F|
|poke|p2|Melmetal|
|poke|p2|Tornadus-Therian, M|
|poke|p2|Tapu Lele|
|teampreview
|inactive|Battle timer is ON: inactive players will automatically lose when time's up. (requested by minimax_ai)
|
|t:|1667406372
|start
|switch|p1a: Landorus|Landorus-Therian, M|100/100
|switch|p2a: Tapu Lele|Tapu Lele|100/100
|-fieldstart|move: Psychic Terrain|[from] ability: Psychic Surge|[of] p2a: Tapu Lele
|-ability|p1a: Landorus|Intimidate|boost
|-unboost|p2a: Tapu Lele|atk|1
|turn|1
|
|t:|1667406376
|move|p2a: Tapu Lele|Psychic|p1a: Landorus
|-damage|p1a: Landorus|52/100
|-unboost|p1a: Landorus|spd|1
|move|p1a: Landorus|U-turn|p2a: Tapu Lele
|-damage|p2a: Tapu Lele|65/100
|
|t:|1667406377
|switch|p1a: Heatran|Heatran, M|100/100|[from]move: U-turn
|-item|p1a: Heatran|Air Balloon
|
|upkeep
|turn|2
|
|t:|1667406392
|move|p2a: Tapu Lele|Psychic|p1a: Heatran
|-resisted|p1a: Heatran
|-damage|p1a: Heatran|70/100
|-enditem|p1a: Heatran|Air Balloon
|move|p1a: Heatran|Eruption|p2a: Tapu Lele
|-damage|p2a: Tapu Lele|11/100
|
|upkeep
|turn|3
|
|t:|1667406398
|switch|p2a: Urshifu|Urshifu-Rapid-Strike, F|100/100
|move|p1a: Heatran|Stealth Rock|p2a: Urshifu
|-sidestart|p2: uuuuiiii|move: Stealth Rock
|
|upkeep
|turn|4
|
|t:|1667406405
|switch|p1a: Tangrowth|Tangrowth, M|100/100
|move|p2a: Urshifu|U-turn|p1a: Tangrowth
|-supereffective|p1a: Tangrowth
|-damage|p1a: Tangrowth|76/100
|
|t:|1667406409
|switch|p2a: Tornadus|Tornadus-Therian, M|100/100|[from]move: U-turn
|
|upkeep
|turn|5
|
|t:|1667406414
|switch|p1a: Heatran|Heatran, M|70/100
|move|p2a: Tornadus|U-turn|p1a: Heatran
|-resisted|p1a: Heatran
|-damage|p1a: Heatran|67/100
|
|t:|1667406420
|switch|p2a: Landorus|Landorus-Therian, M|100/100|[from]move: U-turn
|-damage|p2a: Landorus|88/100|[from] Stealth Rock
|-ability|p2a: Landorus|Intimidate|boost
|-unboost|p1a: Heatran|atk|1
|
|-heal|p2a: Landorus|94/100|[from] item: Leftovers
|-fieldend|move: Psychic Terrain
|upkeep
|turn|6
|
|t:|1667406425
|switch|p1a: Landorus|Landorus-Therian, M|52/100
|-ability|p1a: Landorus|Intimidate|boost
|-unboost|p2a: Landorus|atk|1
|move|p2a: Landorus|Stealth Rock|p1a: Landorus
|-sidestart|p1: minimax_ai|move: Stealth Rock
|
|-heal|p1a: Landorus|58/100|[from] item: Leftovers
|-heal|p2a: Landorus|99/100|[from] item: Leftovers
|upkeep
|turn|7
|
|t:|1667406432
|move|p1a: Landorus|U-turn|p2a: Landorus
|-resisted|p2a: Landorus
|-damage|p2a: Landorus|90/100
|
|t:|1667406432
|switch|p1a: Melmetal|Melmetal|100/100|[from]move: U-turn
|-damage|p1a: Melmetal|94/100|[from] Stealth Rock
|move|p2a: Landorus|Toxic|p1a: Melmetal
|-immune|p1a: Melmetal
|
|-heal|p2a: Landorus|96/100|[from] item: Leftovers
|upkeep
|turn|8
|
|t:|1667406439
|move|p2a: Landorus|U-turn|p1a: Melmetal
|-resisted|p1a: Melmetal
|-damage|p1a: Melmetal|90/100
|
|t:|1667406441
|switch|p2a: Melmetal|Melmetal|100/100|[from]move: U-turn
|-damage|p2a: Melmetal|94/100|[from] Stealth Rock
|move|p1a: Melmetal|Double Iron Bash|p2a: Melmetal
|-resisted|p2a: Melmetal
|-damage|p2a: Melmetal|83/100
|-resisted|p2a: Melmetal
|-damage|p2a: Melmetal|72/100
|-hitcount|p2a: Melmetal|2
|
|-heal|p2a: Melmetal|78/100|[from] item: Leftovers
|upkeep
|turn|9
|
|t:|1667406447
|switch|p1a: Rotom|Rotom-Wash|100/100
|-damage|p1a: Rotom|88/100|[from] Stealth Rock
|move|p2a: Melmetal|Toxic|p1a: Rotom
|-status|p1a: Rotom|tox
|
|-heal|p1a: Rotom|94/100 tox|[from] item: Leftovers
|-heal|p2a: Melmetal|84/100|[from] item: Leftovers
|-damage|p1a: Rotom|88/100 tox|[from] psn
|upkeep
|turn|10
|
|t:|1667406451
|move|p2a: Melmetal|Protect|p2a: Melmetal
|-singleturn|p2a: Melmetal|Protect
|move|p1a: Rotom|Thunderbolt|p2a: Melmetal
|-activate|p2a: Melmetal|move: Protect
|
|-heal|p1a: Rotom|94/100 tox|[from] item: Leftovers
|-heal|p2a: Melmetal|90/100|[from] item: Leftovers
|-damage|p1a: Rotom|82/100 tox|[from] psn
|upkeep
|turn|11
|
|t:|1667406461
|switch|p2a: Rillaboom|Rillaboom, M|100/100
|-damage|p2a: Rillaboom|88/100|[from] Stealth Rock
|-fieldstart|move: Grassy Terrain|[from] ability: Grassy Surge|[of] p2a: Rillaboom
|move|p1a: Rotom|Thunderbolt|p2a: Rillaboom
|-resisted|p2a: Rillaboom
|-damage|p2a: Rillaboom|67/100
|
|-heal|p1a: Rotom|88/100 tox|[from] item: Leftovers
|-heal|p2a: Rillaboom|73/100|[from] Grassy Terrain
|-damage|p1a: Rotom|69/100 tox|[from] psn
|upkeep
|turn|12
|
|t:|1667406467
|switch|p1a: Tangrowth|Tangrowth, M|100/100
|-damage|p1a: Tangrowth|88/100|[from] Stealth Rock
|move|p2a: Rillaboom|U-turn|p1a: Tangrowth
|-supereffective|p1a: Tangrowth
|-damage|p1a: Tangrowth|48/100
|-damage|p2a: Rillaboom|57/100|[from] item: Rocky Helmet|[of] p1a: Tangrowth
|
|t:|1667406477
|switch|p2a: Landorus|Landorus-Therian, M|96/100|[from]move: U-turn
|-damage|p2a: Landorus|84/100|[from] Stealth Rock
|-ability|p2a: Landorus|Intimidate|boost
|-unboost|p1a: Tangrowth|atk|1
|
|-heal|p2a: Landorus|90/100|[from] item: Leftovers
|-heal|p1a: Tangrowth|54/100|[from] Grassy Terrain
|upkeep
|turn|13
|
|t:|1667406480
|move|p2a: Landorus|U-turn|p1a: Tangrowth
|-supereffective|p1a: Tangrowth
|-damage|p1a: Tangrowth|29/100
|-damage|p2a: Landorus|74/100|[from] item: Rocky Helmet|[of] p1a: Tangrowth
|
|t:|1667406483
|switch|p2a: Melmetal|Melmetal|90/100|[from]move: U-turn
|-damage|p2a: Melmetal|84/100|[from] Stealth Rock
|move|p1a: Tangrowth|Giga Drain|p2a: Melmetal
|-resisted|p2a: Melmetal
|-damage|p2a: Melmetal|68/100
|-heal|p1a: Tangrowth|38/100|[from] drain|[of] p2a: Melmetal
|
|-heal|p1a: Tangrowth|44/100|[from] Grassy Terrain
|-heal|p2a: Melmetal|74/100|[from] Grassy Terrain
|-heal|p2a: Melmetal|80/100|[from] item: Leftovers
|upkeep
|turn|14
|
|t:|1667406488
|switch|p1a: Melmetal|Melmetal|90/100
|-damage|p1a: Melmetal|84/100|[from] Stealth Rock
|move|p2a: Melmetal|Double Iron Bash|p1a: Melmetal
|-resisted|p1a: Melmetal
|-damage|p1a: Melmetal|71/100
|-resisted|p1a: Melmetal
|-damage|p1a: Melmetal|58/100
|-hitcount|p1a: Melmetal|2
|
|-heal|p2a: Melmetal|86/100|[from] Grassy Terrain
|-heal|p2a: Melmetal|92/100|[from] item: Leftovers
|-heal|p1a: Melmetal|64/100|[from] Grassy Terrain
|upkeep
|turn|15
|
|t:|1667406492
|move|p2a: Melmetal|Earthquake|p1a: Melmetal
|-supereffective|p1a: Melmetal
|-damage|p1a: Melmetal|41/100
|move|p1a: Melmetal|Double Iron Bash|p2a: Melmetal
|-resisted|p2a: Melmetal
|-damage|p2a: Melmetal|79/100
|-resisted|p2a: Melmetal
|-damage|p2a: Melmetal|68/100
|-hitcount|p2a: Melmetal|2
|
|-heal|p2a: Melmetal|74/100|[from] Grassy Terrain
|-heal|p2a: Melmetal|80/100|[from] item: Leftovers
|-heal|p1a: Melmetal|47/100|[from] Grassy Terrain
|-fieldend|move: Grassy Terrain
|upkeep
|turn|16
|
|t:|1667406496
|switch|p1a: Rotom|Rotom-Wash|69/100 tox
|-damage|p1a: Rotom|57/100 tox|[from] Stealth Rock
|move|p2a: Melmetal|Double Iron Bash|p1a: Rotom
|-resisted|p1a: Rotom
|-damage|p1a: Rotom|46/100 tox
|-resisted|p1a: Rotom
|-damage|p1a: Rotom|33/100 tox
|-hitcount|p1a: Rotom|2
|
|-heal|p1a: Rotom|40/100 tox|[from] item: Leftovers
|-heal|p2a: Melmetal|86/100|[from] item: Leftovers
|-damage|p1a: Rotom|33/100 tox|[from] psn
|upkeep
|turn|17
|
|t:|1667406510
|switch|p2a: Rillaboom|Rillaboom, M|57/100
|-damage|p2a: Rillaboom|44/100|[from] Stealth Rock
|-fieldstart|move: Grassy Terrain|[from] ability: Grassy Surge|[of] p2a: Rillaboom
|move|p1a: Rotom|Hydro Pump|p2a: Rillaboom
|-resisted|p2a: Rillaboom
|-damage|p2a: Rillaboom|15/100
|
|-heal|p1a: Rotom|40/100 tox|[from] item: Leftovers
|-heal|p2a: Rillaboom|21/100|[from] Grassy Terrain
|-damage|p1a: Rotom|27/100 tox|[from] psn
|upkeep
|turn|18
|
|t:|1667406528
|switch|p1a: Heatran|Heatran, M|67/100
|-damage|p1a: Heatran|54/100|[from] Stealth Rock
|move|p2a: Rillaboom|U-turn|p1a: Heatran
|-resisted|p1a: Heatran
|-damage|p1a: Heatran|45/100
|
|t:|1667406532
|switch|p2a: Urshifu|Urshifu-Rapid-Strike, F|100/100|[from]move: U-turn
|-damage|p2a: Urshifu|94/100|[from] Stealth Rock
|
|-heal|p2a: Urshifu|100/100|[from] Grassy Terrain
|-heal|p1a: Heatran|51/100|[from] Grassy Terrain
|upkeep
|turn|19
|
|t:|1667406534
|switch|p1a: Tangrowth|Tangrowth, M|77/100
|-damage|p1a: Tangrowth|65/100|[from] Stealth Rock
|move|p2a: Urshifu|Close Combat|p1a: Tangrowth
|-damage|p1a: Tangrowth|33/100
|-unboost|p2a: Urshifu|def|1
|-unboost|p2a: Urshifu|spd|1
|
|-heal|p1a: Tangrowth|39/100|[from] Grassy Terrain
|upkeep
|turn|20
|
|t:|1667406537
|move|p2a: Urshifu|U-turn|p1a: Tangrowth
|-supereffective|p1a: Tangrowth
|-damage|p1a: Tangrowth|14/100
|
|t:|1667406540
|switch|p2a: Melmetal|Melmetal|86/100|[from]move: U-turn
|-damage|p2a: Melmetal|80/100|[from] Stealth Rock
|move|p1a: Tangrowth|Giga Drain|p2a: Melmetal
|-resisted|p2a: Melmetal
|-damage|p2a: Melmetal|64/100
|-heal|p1a: Tangrowth|22/100|[from] drain|[of] p2a: Melmetal
|
|-heal|p1a: Tangrowth|28/100|[from] Grassy Terrain
|-heal|p2a: Melmetal|71/100|[from] Grassy Terrain
|-heal|p2a: Melmetal|77/100|[from] item: Leftovers
|upkeep
|turn|21
|
|t:|1667406547
|switch|p1a: Rotom|Rotom-Wash|27/100 tox
|-damage|p1a: Rotom|15/100 tox|[from] Stealth Rock
|move|p2a: Melmetal|Earthquake|p1a: Rotom
|-immune|p1a: Rotom|[from] ability: Levitate
|
|-heal|p1a: Rotom|21/100 tox|[from] item: Leftovers
|-heal|p2a: Melmetal|83/100|[from] Grassy Terrain
|-heal|p2a: Melmetal|89/100|[from] item: Leftovers
|-damage|p1a: Rotom|15/100 tox|[from] psn
|-fieldend|move: Grassy Terrain
|upkeep
|turn|22
|
|t:|1667406551
|move|p2a: Melmetal|Protect|p2a: Melmetal
|-singleturn|p2a: Melmetal|Protect
|move|p1a: Rotom|Thunderbolt|p2a: Melmetal
|-activate|p2a: Melmetal|move: Protect
|
|-heal|p1a: Rotom|21/100 tox|[from] item: Leftovers
|-heal|p2a: Melmetal|95/100|[from] item: Leftovers
|-damage|p1a: Rotom|8/100 tox|[from] psn
|upkeep
|turn|23
|
|t:|1667406560
|switch|p2a: Tornadus|Tornadus-Therian, M|100/100
|move|p1a: Rotom|Hydro Pump|p2a: Tornadus
|-crit|p2a: Tornadus
|-damage|p2a: Tornadus|36/100
|
|-heal|p1a: Rotom|15/100 tox|[from] item: Leftovers
|-damage|p1a: Rotom|0 fnt|[from] psn
|faint|p1a: Rotom
|upkeep
|
|t:|1667406560
|switch|p1a: Heatran|Heatran, M|51/100
|-damage|p1a: Heatran|39/100|[from] Stealth Rock
|turn|24
|
|t:|1667406572
|move|p2a: Tornadus|U-turn|p1a: Heatran
|-resisted|p1a: Heatran
|-damage|p1a: Heatran|35/100
|
|t:|1667406573
|switch|p2a: Urshifu|Urshifu-Rapid-Strike, F|100/100|[from]move: U-turn
|-damage|p2a: Urshifu|94/100|[from] Stealth Rock
|move|p1a: Heatran|Magma Storm|p2a: Urshifu
|-resisted|p2a: Urshifu
|-damage|p2a: Urshifu|53/100
|-activate|p2a: Urshifu|move: Magma Storm|[of] p1a: Heatran
|
|-damage|p2a: Urshifu|40/100|[from] move: Magma Storm|[partiallytrapped]
|upkeep
|turn|25
|
|t:|1667406576
|switch|p1a: Tangrowth|Tangrowth, M|61/100
|-damage|p1a: Tangrowth|49/100|[from] Stealth Rock
|move|p2a: Urshifu|Close Combat|p1a: Tangrowth
|-damage|p1a: Tangrowth|19/100
|-unboost|p2a: Urshifu|def|1
|-unboost|p2a: Urshifu|spd|1
|
|-end|p2a: Urshifu|Magma Storm|[partiallytrapped]|[silent]
|upkeep
|turn|26
|
|t:|1667406586
|switch|p1a: Heatran|Heatran, M|35/100
|-damage|p1a: Heatran|23/100|[from] Stealth Rock
|move|p2a: Urshifu|Close Combat|p1a: Heatran
|-supereffective|p1a: Heatran
|-damage|p1a: Heatran|0 fnt
|-unboost|p2a: Urshifu|def|1
|-unboost|p2a: Urshifu|spd|1
|faint|p1a: Heatran
|
|upkeep
|
|t:|1667406586
|switch|p1a: Weavile|Weavile, M|100/100
|-damage|p1a: Weavile|76/100|[from] Stealth Rock
|-ability|p1a: Weavile|Pressure
|turn|27
|
|t:|1667406594
|switch|p2a: Tapu Lele|Tapu Lele|11/100
|-damage|p2a: Tapu Lele|0 fnt|[from] Stealth Rock
|faint|p2a: Tapu Lele
|move|p1a: Weavile|Low Kick|p2: Tapu Lele|[notarget]
|-fail|p1a: Weavile
|
|upkeep
|
|t:|1667406600
|switch|p2a: Melmetal|Melmetal|95/100
|-damage|p2a: Melmetal|89/100|[from] Stealth Rock
|turn|28
|
|t:|1667406604
|move|p1a: Weavile|Low Kick|p2a: Melmetal
|-supereffective|p2a: Melmetal
|-damage|p2a: Melmetal|21/100
|move|p2a: Melmetal|Double Iron Bash|p1a: Weavile
|-supereffective|p1a: Weavile
|-damage|p1a: Weavile|0 fnt
|faint|p1a: Weavile
|-hitcount|p1: Weavile|1
|
|-heal|p2a: Melmetal|27/100|[from] item: Leftovers
|upkeep
|
|t:|1667406604
|switch|p1a: Landorus|Landorus-Therian, M|58/100
|-damage|p1a: Landorus|46/100|[from] Stealth Rock
|-ability|p1a: Landorus|Intimidate|boost
|-unboost|p2a: Melmetal|atk|1
|turn|29
|
|t:|1667406607
|move|p2a: Melmetal|Protect|p2a: Melmetal
|-singleturn|p2a: Melmetal|Protect
|move|p1a: Landorus|Earthquake|p2a: Melmetal
|-activate|p2a: Melmetal|move: Protect
|
|-heal|p1a: Landorus|52/100|[from] item: Leftovers
|-heal|p2a: Melmetal|33/100|[from] item: Leftovers
|upkeep
|turn|30
|
|t:|1667406614
|switch|p2a: Tornadus|Tornadus-Therian, M|70/100
|move|p1a: Landorus|Earthquake|p2a: Tornadus
|-immune|p2a: Tornadus
|
|-heal|p1a: Landorus|58/100|[from] item: Leftovers
|upkeep
|turn|31
|
|t:|1667406618
|move|p2a: Tornadus|Icy Wind|p1a: Landorus
|-supereffective|p1a: Landorus
|-damage|p1a: Landorus|19/100
|-unboost|p1a: Landorus|spe|1
|move|p1a: Landorus|Toxic|p2a: Tornadus
|-status|p2a: Tornadus|tox
|
|-heal|p1a: Landorus|25/100|[from] item: Leftovers
|-damage|p2a: Tornadus|63/100 tox|[from] psn
|upkeep
|turn|32
|
|t:|1667406623
|move|p2a: Tornadus|Heat Wave|p1a: Landorus
|-damage|p1a: Landorus|7/100
|move|p1a: Landorus|Earthquake|p2a: Tornadus
|-immune|p2a: Tornadus
|
|-heal|p1a: Landorus|13/100|[from] item: Leftovers
|-damage|p2a: Tornadus|51/100 tox|[from] psn
|upkeep
|turn|33
|
|t:|1667406628
|move|p2a: Tornadus|Icy Wind|p1a: Landorus
|-supereffective|p1a: Landorus
|-damage|p1a: Landorus|0 fnt
|faint|p1a: Landorus
|
|-damage|p2a: Tornadus|33/100 tox|[from] psn
|upkeep
|
|t:|1667406628
|switch|p1a: Melmetal|Melmetal|47/100
|-damage|p1a: Melmetal|41/100|[from] Stealth Rock
|turn|34
|
|t:|1667406638
|move|p2a: Tornadus|U-turn|p1a: Melmetal
|-resisted|p1a: Melmetal
|-damage|p1a: Melmetal|37/100
|
|t:|1667406642
|switch|p2a: Landorus|Landorus-Therian, M|74/100|[from]move: U-turn
|-damage|p2a: Landorus|61/100|[from] Stealth Rock
|-ability|p2a: Landorus|Intimidate|boost
|-unboost|p1a: Melmetal|atk|1
|move|p1a: Melmetal|Double Iron Bash|p2a: Landorus
|-damage|p2a: Landorus|33/100
|-damage|p2a: Landorus|6/100
|-hitcount|p2a: Landorus|2
|
|-heal|p2a: Landorus|12/100|[from] item: Leftovers
|upkeep
|turn|35
|
|t:|1667406645
|switch|p1a: Tangrowth|Tangrowth, M|52/100
|-damage|p1a: Tangrowth|40/100|[from] Stealth Rock
|move|p2a: Landorus|Earthquake|p1a: Tangrowth
|-resisted|p1a: Tangrowth
|-damage|p1a: Tangrowth|28/100
|
|-heal|p2a: Landorus|18/100|[from] item: Leftovers
|upkeep
|turn|36
|
|t:|1667406651
|move|p2a: Landorus|U-turn|p1a: Tangrowth
|-supereffective|p1a: Tangrowth
|-damage|p1a: Tangrowth|6/100
|-damage|p2a: Landorus|2/100|[from] item: Rocky Helmet|[of] p1a: Tangrowth
|
|t:|1667406655
|switch|p2a: Tornadus|Tornadus-Therian, M|66/100 tox|[from]move: U-turn
|move|p1a: Tangrowth|Sleep Powder|p2a: Tornadus|[miss]
|-miss|p1a: Tangrowth|p2a: Tornadus
|
|-damage|p2a: Tornadus|60/100 tox|[from] psn
|upkeep
|turn|37
|
|t:|1667406657
|move|p2a: Tornadus|Heat Wave|p1a: Tangrowth
|-supereffective|p1a: Tangrowth
|-crit|p1a: Tangrowth
|-damage|p1a: Tangrowth|0 fnt
|faint|p1a: Tangrowth
|
|-damage|p2a: Tornadus|48/100 tox|[from] psn
|upkeep
|
|t:|1667406657
|switch|p1a: Melmetal|Melmetal|37/100
|-damage|p1a: Melmetal|31/100|[from] Stealth Rock
|turn|38
|
|t:|1667406659
|move|p2a: Tornadus|Heat Wave|p1a: Melmetal
|-supereffective|p1a: Melmetal
|-damage|p1a: Melmetal|3/100
|move|p1a: Melmetal|Earthquake|p2a: Tornadus
|-immune|p2a: Tornadus
|
|-damage|p2a: Tornadus|30/100 tox|[from] psn
|upkeep
|turn|39
|
|t:|1667406662
|move|p2a: Tornadus|Heat Wave|p1a: Melmetal
|-supereffective|p1a: Melmetal
|-crit|p1a: Melmetal
|-damage|p1a: Melmetal|0 fnt
|faint|p1a: Melmetal
|
|win|uuuuiiii
|raw|minimax_ai's rating: 1651 &rarr; <strong>1631</strong><br />(-20 for losing)
|raw|uuuuiiii's rating: 1646 &rarr; <strong>1666</strong><br />(+20 for winning)
|l|‽minimax_ai
||Ladder isn't responding, score probably updated but might not have (Request timeout).
