|j|☆Beniij
|j|☆PQPP214
|t:|1649157327
|gametype|singles
|player|p1|Beniij|102|1414
|player|p2|PQPP214|170|1540
|teamsize|p1|6
|teamsize|p2|6
|gen|8
|tier|[Gen 8] OU
|rated|
|rule|Sleep Clause Mod: Limit one foe put to sleep
|rule|Species Clause: Limit one of each Pokémon
|rule|OHKO Clause: OHKO moves are banned
|rule|Evasion Moves Clause: Evasion moves are banned
|rule|Endless Battle Clause: Forcing endless battles is banned
|rule|HP Percentage Mod: HP is shown in percentages
|rule|Dynamax Clause: You cannot dynamax
|clearpoke
|poke|p1|Aegislash, M|
|poke|p1|Dragapult, F|
|poke|p1|Ferrothorn, F|
|poke|p1|Tapu Fini|
|poke|p1|Dragonite, F|
|poke|p1|Landorus-Therian, M|
|poke|p2|Garchomp, M|
|poke|p2|Blaziken, M|
|poke|p2|Heatran, M|
|poke|p2|Dragapult, F|
|poke|p2|Ninetales-Alola, M|
|poke|p2|Arctozolt|
|teampreview
|inactive|Battle timer is ON: inactive players will automatically lose when time's up. (requested by PQPP214)
|
|t:|1649157372
|start
|switch|p1a: Ferrothorn|Ferrothorn, F|100/100
|switch|p2a: Heatran|Heatran, M|100/100
|-item|p2a: Heatran|Air Balloon
|turn|1
|
|t:|1649157377
|switch|p1a: Dragonite|Dragonite, F|100/100
|move|p2a: Heatran|Stealth Rock|p1a: Dragonite
|-sidestart|p1: Beniij|move: Stealth Rock
|
|upkeep
|turn|2
|
|t:|1649157382
|move|p2a: Heatran|Will-O-Wisp|p1a: Dragonite
|-status|p1a: Dragonite|brn
|move|p1a: Dragonite|Defog|p2a: Heatran
|-unboost|p2a: Heatran|evasion|1
|-sideend|p1: Beniij|Stealth Rock|[from] move: Defog|[of] p1a: Dragonite
|
|-damage|p1a: Dragonite|94/100 brn|[from] brn
|upkeep
|turn|3
|
|t:|1649157392
|switch|p2a: Ninetales|Ninetales-Alola, M|100/100
|-weather|Hail|[from] ability: Snow Warning|[of] p2a: Ninetales
|move|p1a: Dragonite|Ice Beam|p2a: Ninetales
|-resisted|p2a: Ninetales
|-damage|p2a: Ninetales|91/100
|
|-weather|Hail|[upkeep]
|-damage|p1a: Dragonite|88/100 brn|[from] Hail
|-damage|p1a: Dragonite|82/100 brn|[from] brn
|upkeep
|turn|4
|
|t:|1649157416
|switch|p2a: Heatran|Heatran, M|100/100
|-item|p2a: Heatran|Air Balloon
|switch|p1a: Tapu Fini|Tapu Fini|100/100
|-fieldstart|move: Misty Terrain|[from] ability: Misty Surge|[of] p1a: Tapu Fini
|
|-weather|Hail|[upkeep]
|-damage|p2a: Heatran|94/100|[from] Hail
|-damage|p1a: Tapu Fini|94/100|[from] Hail
|-heal|p1a: Tapu Fini|100/100|[from] item: Leftovers
|upkeep
|turn|5
|
|t:|1649157428
|switch|p2a: Arctozolt|Arctozolt|100/100
|move|p1a: Tapu Fini|Knock Off|p2a: Arctozolt
|-damage|p2a: Arctozolt|81/100
|-enditem|p2a: Arctozolt|Heavy-Duty Boots|[from] move: Knock Off|[of] p1a: Tapu Fini
|
|-weather|Hail|[upkeep]
|-damage|p1a: Tapu Fini|94/100|[from] Hail
|-heal|p1a: Tapu Fini|100/100|[from] item: Leftovers
|upkeep
|turn|6
|
|t:|1649157437
|switch|p1a: Ferrothorn|Ferrothorn, F|100/100
|move|p2a: Arctozolt|Substitute|p2a: Arctozolt
|-start|p2a: Arctozolt|Substitute
|-damage|p2a: Arctozolt|56/100
|
|-weather|Hail|[upkeep]
|-damage|p1a: Ferrothorn|94/100|[from] Hail
|upkeep
|turn|7
|
|t:|1649157442
|move|p2a: Arctozolt|Blizzard|p1a: Ferrothorn
|-damage|p1a: Ferrothorn|61/100
|move|p1a: Ferrothorn|Gyro Ball|p2a: Arctozolt
|-end|p2a: Arctozolt|Substitute
|
|-weather|Hail|[upkeep]
|-damage|p1a: Ferrothorn|55/100|[from] Hail
|upkeep
|turn|8
|
|t:|1649157465
|switch|p2a: Garchomp|Garchomp, M|100/100
|move|p1a: Ferrothorn|Stealth Rock|p2a: Garchomp
|-sidestart|p2: PQPP214|move: Stealth Rock
|
|-weather|Hail|[upkeep]
|-damage|p2a: Garchomp|94/100|[from] Hail
|-damage|p1a: Ferrothorn|49/100|[from] Hail
|-fieldend|Misty Terrain
|upkeep
|turn|9
|inactive|Beniij has 120 seconds left.
|
|t:|1649157521
|switch|p1a: Dragonite|Dragonite, F|82/100 brn
|move|p2a: Garchomp|Swords Dance|p2a: Garchomp
|-boost|p2a: Garchomp|atk|2
|
|-weather|Hail|[upkeep]
|-damage|p2a: Garchomp|88/100|[from] Hail
|-damage|p1a: Dragonite|76/100 brn|[from] Hail
|-damage|p1a: Dragonite|69/100 brn|[from] brn
|upkeep
|turn|10
|inactive|Beniij has 90 seconds left.
|
|t:|1649157537
|switch|p1a: Landorus|Landorus-Therian, M|100/100
|-ability|p1a: Landorus|Intimidate|boost
|-unboost|p2a: Garchomp|atk|1
|move|p2a: Garchomp|Scale Shot|p1a: Landorus
|-damage|p1a: Landorus|78/100
|-damage|p1a: Landorus|58/100
|-hitcount|p1a: Landorus|2
|-unboost|p2a: Garchomp|def|1
|-boost|p2a: Garchomp|spe|1
|
|-weather|none
|-heal|p1a: Landorus|64/100|[from] item: Leftovers
|upkeep
|turn|11
|
|t:|1649157545
|move|p2a: Garchomp|Aqua Tail|p1a: Landorus
|-supereffective|p1a: Landorus
|-damage|p1a: Landorus|0 fnt
|faint|p1a: Landorus
|
|upkeep
|
|t:|1649157554
|switch|p1a: Tapu Fini|Tapu Fini|100/100
|-fieldstart|move: Misty Terrain|[from] ability: Misty Surge|[of] p1a: Tapu Fini
|turn|12
|
|t:|1649157563
|move|p2a: Garchomp|Swords Dance|p2a: Garchomp
|-boost|p2a: Garchomp|atk|2
|move|p1a: Tapu Fini|Moonblast|p2a: Garchomp
|-supereffective|p2a: Garchomp
|-enditem|p2a: Garchomp|Roseli Berry|[eat]
|-enditem|p2a: Garchomp|Roseli Berry|[weaken]
|-damage|p2a: Garchomp|55/100
|
|upkeep
|turn|13
|
|t:|1649157570
|move|p2a: Garchomp|Earthquake|p1a: Tapu Fini
|-damage|p1a: Tapu Fini|0 fnt
|faint|p1a: Tapu Fini
|
|upkeep
|
|t:|1649157584
|switch|p1a: Dragonite|Dragonite, F|69/100 brn
|turn|14
|
|t:|1649157588
|switch|p1a: Aegislash|Aegislash, M, shiny|100/100
|move|p2a: Garchomp|Scale Shot|p1a: Aegislash
|-resisted|p1a: Aegislash
|-damage|p1a: Aegislash|92/100
|-resisted|p1a: Aegislash
|-damage|p1a: Aegislash|84/100
|-hitcount|p1a: Aegislash|2
|-unboost|p2a: Garchomp|def|1
|-boost|p2a: Garchomp|spe|1
|
|upkeep
|turn|15
|
|t:|1649157595
|-formechange|p1a: Aegislash|Aegislash-Blade||[from] ability: Stance Change
|move|p1a: Aegislash|Shadow Sneak|p2a: Garchomp
|-damage|p2a: Garchomp|7/100
|-damage|p1a: Aegislash|72/100|[from] ability: Rough Skin|[of] p2a: Garchomp
|move|p2a: Garchomp|Earthquake|p1a: Aegislash
|-supereffective|p1a: Aegislash
|-damage|p1a: Aegislash|0 fnt
|faint|p1a: Aegislash
|
|upkeep
|inactive|Beniij has 120 seconds left.
|c|☆Beniij|bruh
|
|t:|1649157614
|switch|p1a: Dragonite|Dragonite, F|69/100 brn
|turn|16
|
|t:|1649157617
|move|p2a: Garchomp|Scale Shot|p1a: Dragonite
|-supereffective|p1a: Dragonite
|-damage|p1a: Dragonite|22/100 brn
|-supereffective|p1a: Dragonite
|-damage|p1a: Dragonite|0 fnt
|faint|p1a: Dragonite
|-hitcount|p1: Dragonite|2
|-unboost|p2a: Garchomp|def|1
|-boost|p2a: Garchomp|spe|1
|
|-fieldend|Misty Terrain
|upkeep
|-message|Beniij forfeited.
|
|win|PQPP214
|raw|Beniij's rating: 1414 &rarr; <strong>1401</strong><br />(-13 for losing)
|raw|PQPP214's rating: 1540 &rarr; <strong>1553</strong><br />(+13 for winning)
|l|☆Beniij
