|raw|<div class="broadcast-blue"><strong>This battle is required to be public due to a player having a name starting with 'lt94je'.</div>
|j|☆LT94JE Fuse
|j|☆return nirvana
|t:|1661509449
|gametype|singles
|player|p1|LT94JE Fuse|yellow|1804
|player|p2|return nirvana|gambler-gen1|1894
|teamsize|p1|6
|teamsize|p2|6
|gen|8
|tier|[Gen 8] OU
|rated|
|rule|Sleep Clause Mod: Limit one foe put to sleep
|rule|Species Clause: Limit one of each Pokémon
|rule|OHKO Clause: OHKO moves are banned
|rule|Evasion Items Clause: Evasion items are banned
|rule|Evasion Moves Clause: Evasion moves are banned
|rule|Endless Battle Clause: Forcing endless battles is banned
|rule|HP Percentage Mod: HP is shown in percentages
|rule|Dynamax Clause: You cannot dynamax
|clearpoke
|poke|p1|Necrozma|
|poke|p1|Tapu Lele|
|poke|p1|Urshifu-*, F|
|poke|p1|Tornadus-Therian, M|
|poke|p1|Gastrodon, F|
|poke|p1|Heatran, M|
|poke|p2|Pelipper, M|
|poke|p2|Kartana|
|poke|p2|Kingdra, F|
|poke|p2|Landorus-Therian, M|
|poke|p2|Melmetal|
|poke|p2|Dragapult, M|
|teampreview
|inactive|Battle timer is ON: inactive players will automatically lose when time's up. (requested by return nirvana)
|j| Mimikyu Stardust
|j| naitoshipert
|j| Meygaard
|l| Meygaard
|l| naitoshipert
|j| liet32120
|j| univercius
|c|☆LT94JE Fuse|Hf
|inactive|LT94JE Fuse has 120 seconds left.
|
|t:|1661509501
|start
|switch|p1a: Urshifu|Urshifu-Rapid-Strike, F|100/100
|switch|p2a: Dragapult|Dragapult, M|100/100
|turn|1
|j| Lord Pxperto
|
|t:|1661509507
|switch|p1a: Heatran|Heatran, M|100/100
|move|p2a: Dragapult|Shadow Ball|p1a: Heatran
|-damage|p1a: Heatran|57/100
|-unboost|p1a: Heatran|spd|1
|
|-heal|p1a: Heatran|63/100|[from] item: Leftovers
|upkeep
|turn|2
|
|t:|1661509525
|move|p2a: Dragapult|Shadow Ball|p1a: Heatran
|-damage|p1a: Heatran|1/100
|-unboost|p1a: Heatran|spd|1
|move|p1a: Heatran|Stealth Rock|p2a: Dragapult
|-sidestart|p2: return nirvana|move: Stealth Rock
|
|-heal|p1a: Heatran|7/100|[from] item: Leftovers
|upkeep
|turn|3
|
|t:|1661509529
|switch|p1a: Gastrodon|Gastrodon, F|100/100
|move|p2a: Dragapult|Shadow Ball|p1a: Gastrodon
|-damage|p1a: Gastrodon|64/100
|
|-heal|p1a: Gastrodon|70/100|[from] item: Leftovers
|upkeep
|turn|4
|
|t:|1661509533
|move|p2a: Dragapult|Shadow Ball|p1a: Gastrodon
|-damage|p1a: Gastrodon|36/100
|move|p1a: Gastrodon|Recover|p1a: Gastrodon
|-heal|p1a: Gastrodon|86/100
|
|-heal|p1a: Gastrodon|92/100|[from] item: Leftovers
|upkeep
|turn|5
|
|t:|1661509537
|switch|p2a: Pelipper|Pelipper, M|100/100
|-damage|p2a: Pelipper|76/100|[from] Stealth Rock
|-weather|RainDance|[from] ability: Drizzle|[of] p2a: Pelipper
|move|p1a: Gastrodon|Scald|p2a: Pelipper
|-resisted|p2a: Pelipper
|-damage|p2a: Pelipper|58/100
|
|-weather|RainDance|[upkeep]
|-heal|p1a: Gastrodon|98/100|[from] item: Leftovers
|upkeep
|turn|6
|
|t:|1661509539
|move|p2a: Pelipper|Defog|p1a: Gastrodon
|-unboost|p1a: Gastrodon|evasion|1
|-sideend|p2: return nirvana|Stealth Rock|[from] move: Defog|[of] p2a: Pelipper
|move|p1a: Gastrodon|Scald|p2a: Pelipper
|-resisted|p2a: Pelipper
|-damage|p2a: Pelipper|40/100
|-status|p2a: Pelipper|brn
|
|-weather|RainDance|[upkeep]
|-heal|p1a: Gastrodon|100/100|[from] item: Leftovers
|-damage|p2a: Pelipper|34/100 brn|[from] brn
|upkeep
|turn|7
|
|t:|1661509543
|switch|p1a: Heatran|Heatran, M|7/100
|move|p2a: Pelipper|Roost|p2a: Pelipper
|-heal|p2a: Pelipper|84/100 brn
|-singleturn|p2a: Pelipper|move: Roost
|
|-weather|RainDance|[upkeep]
|-heal|p1a: Heatran|13/100|[from] item: Leftovers
|-damage|p2a: Pelipper|78/100 brn|[from] brn
|upkeep
|turn|8
|j| LT94JE Origami♕
|
|t:|1661509546
|switch|p2a: Landorus|Landorus-Therian, M|100/100
|-ability|p2a: Landorus|Intimidate|boost
|-unboost|p1a: Heatran|atk|1
|move|p1a: Heatran|Stealth Rock|p2a: Landorus
|-sidestart|p2: return nirvana|move: Stealth Rock
|
|-weather|RainDance|[upkeep]
|-heal|p1a: Heatran|19/100|[from] item: Leftovers
|upkeep
|turn|9
|
|t:|1661509548
|switch|p1a: Urshifu|Urshifu-Rapid-Strike, F|100/100
|move|p2a: Landorus|Stealth Rock|p1a: Urshifu
|-sidestart|p1: LT94JE Fuse|move: Stealth Rock
|
|-weather|RainDance|[upkeep]
|upkeep
|turn|10
|
|t:|1661509552
|switch|p2a: Kingdra|Kingdra, F|100/100
|-damage|p2a: Kingdra|88/100|[from] Stealth Rock
|move|p1a: Urshifu|Surging Strikes|p2a: Kingdra
|-resisted|p2a: Kingdra
|-crit|p2a: Kingdra
|-damage|p2a: Kingdra|74/100
|-resisted|p2a: Kingdra
|-crit|p2a: Kingdra
|-damage|p2a: Kingdra|60/100
|-resisted|p2a: Kingdra
|-crit|p2a: Kingdra
|-damage|p2a: Kingdra|47/100
|-hitcount|p2a: Kingdra|3
|
|-weather|RainDance|[upkeep]
|upkeep
|turn|11
|
|t:|1661509554
|switch|p1a: Gastrodon|Gastrodon, F|100/100
|-damage|p1a: Gastrodon|94/100|[from] Stealth Rock
|move|p2a: Kingdra|Toxic|p1a: Gastrodon
|-status|p1a: Gastrodon|tox
|
|-weather|RainDance|[upkeep]
|-heal|p1a: Gastrodon|100/100 tox|[from] item: Leftovers
|-damage|p1a: Gastrodon|94/100 tox|[from] psn
|upkeep
|turn|12
|
|t:|1661509560
|switch|p2a: Melmetal|Melmetal|100/100
|-damage|p2a: Melmetal|94/100|[from] Stealth Rock
|move|p1a: Gastrodon|Scald|p2a: Melmetal
|-damage|p2a: Melmetal|61/100
|
|-weather|none
|-heal|p2a: Melmetal|67/100|[from] item: Leftovers
|-heal|p1a: Gastrodon|100/100 tox|[from] item: Leftovers
|-damage|p1a: Gastrodon|88/100 tox|[from] psn
|upkeep
|turn|13
|
|t:|1661509563
|switch|p1a: Urshifu|Urshifu-Rapid-Strike, F|100/100
|-damage|p1a: Urshifu|94/100|[from] Stealth Rock
|move|p2a: Melmetal|Earthquake|p1a: Urshifu
|-damage|p1a: Urshifu|55/100
|
|-heal|p2a: Melmetal|73/100|[from] item: Leftovers
|upkeep
|turn|14
|
|t:|1661509567
|switch|p2a: Dragapult|Dragapult, M|100/100
|-damage|p2a: Dragapult|88/100|[from] Stealth Rock
|move|p1a: Urshifu|Surging Strikes|p2a: Dragapult
|-resisted|p2a: Dragapult
|-crit|p2a: Dragapult
|-damage|p2a: Dragapult|67/100
|-resisted|p2a: Dragapult
|-crit|p2a: Dragapult
|-damage|p2a: Dragapult|45/100
|-resisted|p2a: Dragapult
|-crit|p2a: Dragapult
|-damage|p2a: Dragapult|24/100
|-hitcount|p2a: Dragapult|3
|
|upkeep
|turn|15
|
|t:|1661509570
|switch|p1a: Heatran|Heatran, M|19/100
|-damage|p1a: Heatran|7/100|[from] Stealth Rock
|move|p2a: Dragapult|Shadow Ball|p1a: Heatran
|-damage|p1a: Heatran|0 fnt
|faint|p1a: Heatran
|
|upkeep
|
|t:|1661509572
|switch|p1a: Tapu Lele|Tapu Lele|100/100
|-damage|p1a: Tapu Lele|88/100|[from] Stealth Rock
|-fieldstart|move: Psychic Terrain|[from] ability: Psychic Surge|[of] p1a: Tapu Lele
|turn|16
|
|t:|1661509584
|switch|p2a: Pelipper|Pelipper, M|78/100 brn
|-damage|p2a: Pelipper|53/100 brn|[from] Stealth Rock
|-weather|RainDance|[from] ability: Drizzle|[of] p2a: Pelipper
|move|p1a: Tapu Lele|Moonblast|p2a: Pelipper
|-damage|p2a: Pelipper|5/100 brn
|-unboost|p2a: Pelipper|spa|1
|
|-weather|RainDance|[upkeep]
|-damage|p2a: Pelipper|0 fnt|[from] brn
|faint|p2a: Pelipper
|upkeep
|
|t:|1661509586
|switch|p2a: Kingdra|Kingdra, F|47/100
|-damage|p2a: Kingdra|35/100|[from] Stealth Rock
|turn|17
|
|t:|1661509599
|switch|p1a: Gastrodon|Gastrodon, F|88/100 tox
|-damage|p1a: Gastrodon|82/100 tox|[from] Stealth Rock
|move|p2a: Kingdra|Draco Meteor|p1a: Gastrodon
|-damage|p1a: Gastrodon|25/100 tox
|-unboost|p2a: Kingdra|spa|2
|
|-weather|RainDance|[upkeep]
|-heal|p1a: Gastrodon|31/100 tox|[from] item: Leftovers
|-damage|p1a: Gastrodon|25/100 tox|[from] psn
|upkeep
|turn|18
|
|t:|1661509603
|switch|p2a: Melmetal|Melmetal|73/100
|-damage|p2a: Melmetal|67/100|[from] Stealth Rock
|switch|p1a: Tapu Lele|Tapu Lele|88/100
|-damage|p1a: Tapu Lele|76/100|[from] Stealth Rock
|
|-weather|RainDance|[upkeep]
|-heal|p2a: Melmetal|73/100|[from] item: Leftovers
|upkeep
|turn|19
|j| LT94JE Jack G
|l| Lord Pxperto
|
|t:|1661509632
|switch|p1a: Urshifu|Urshifu-Rapid-Strike, F|55/100
|-damage|p1a: Urshifu|49/100|[from] Stealth Rock
|switch|p2a: Dragapult|Dragapult, M|24/100
|-damage|p2a: Dragapult|12/100|[from] Stealth Rock
|
|-weather|RainDance|[upkeep]
|upkeep
|turn|20
|
|t:|1661509636
|switch|p1a: Gastrodon|Gastrodon, F|25/100 tox
|-damage|p1a: Gastrodon|19/100 tox|[from] Stealth Rock
|move|p2a: Dragapult|Shadow Ball|p1a: Gastrodon
|-damage|p1a: Gastrodon|0 fnt
|faint|p1a: Gastrodon
|
|-weather|RainDance|[upkeep]
|-fieldend|move: Psychic Terrain
|upkeep
|
|t:|1661509640
|switch|p1a: Tornadus|Tornadus-Therian, M|100/100
|turn|21
|
|t:|1661509649
|move|p2a: Dragapult|Shadow Ball|p1a: Tornadus
|-damage|p1a: Tornadus|42/100
|move|p1a: Tornadus|U-turn|p2a: Dragapult
|-resisted|p2a: Dragapult
|-damage|p2a: Dragapult|3/100
|
|t:|1661509652
|switch|p1a: Tapu Lele|Tapu Lele|76/100|[from]move: U-turn
|-damage|p1a: Tapu Lele|63/100|[from] Stealth Rock
|-fieldstart|move: Psychic Terrain|[from] ability: Psychic Surge|[of] p1a: Tapu Lele
|
|-weather|RainDance|[upkeep]
|upkeep
|turn|22
|
|t:|1661509656
|move|p1a: Tapu Lele|Moonblast|p2a: Dragapult
|-supereffective|p2a: Dragapult
|-crit|p2a: Dragapult
|-damage|p2a: Dragapult|0 fnt
|faint|p2a: Dragapult
|
|-weather|RainDance|[upkeep]
|upkeep
|
|t:|1661509658
|switch|p2a: Kingdra|Kingdra, F|35/100
|-damage|p2a: Kingdra|22/100|[from] Stealth Rock
|turn|23
|
|t:|1661509665
|switch|p1a: Urshifu|Urshifu-Rapid-Strike, F|49/100
|-damage|p1a: Urshifu|43/100|[from] Stealth Rock
|move|p2a: Kingdra|Surf|p1a: Urshifu
|-resisted|p1a: Urshifu
|-damage|p1a: Urshifu|0 fnt
|faint|p1a: Urshifu
|
|-weather|none
|upkeep
|
|t:|1661509669
|switch|p1a: Tornadus|Tornadus-Therian, M|75/100
|turn|24
|
|t:|1661509672
|move|p1a: Tornadus|Knock Off|p2a: Kingdra
|-damage|p2a: Kingdra|0 fnt
|-enditem|p2a: Kingdra|Choice Specs|[from] move: Knock Off|[of] p1a: Tornadus
|faint|p2a: Kingdra
|
|upkeep
|
|t:|1661509674
|switch|p2a: Melmetal|Melmetal|73/100
|-damage|p2a: Melmetal|67/100|[from] Stealth Rock
|turn|25
|
|t:|1661509683
|move|p2a: Melmetal|Protect|p2a: Melmetal
|-singleturn|p2a: Melmetal|Protect
|move|p1a: Tornadus|Heat Wave|p2a: Melmetal
|-activate|p2a: Melmetal|move: Protect
|
|-heal|p2a: Melmetal|73/100|[from] item: Leftovers
|-fieldend|move: Psychic Terrain
|upkeep
|turn|26
|
|t:|1661509686
|move|p1a: Tornadus|Heat Wave|p2a: Melmetal
|-supereffective|p2a: Melmetal
|-damage|p2a: Melmetal|31/100
|-status|p2a: Melmetal|brn
|move|p2a: Melmetal|Double Iron Bash|p1a: Tornadus
|-damage|p1a: Tornadus|56/100
|-damage|p1a: Tornadus|37/100
|-hitcount|p1a: Tornadus|2
|
|-heal|p2a: Melmetal|37/100 brn|[from] item: Leftovers
|-damage|p2a: Melmetal|31/100 brn|[from] brn
|upkeep
|turn|27
|l| Mimikyu Stardust
|
|t:|1661509701
|switch|p2a: Landorus|Landorus-Therian, M|100/100
|-damage|p2a: Landorus|88/100|[from] Stealth Rock
|-ability|p2a: Landorus|Intimidate|boost
|-unboost|p1a: Tornadus|atk|1
|move|p1a: Tornadus|Heat Wave|p2a: Landorus|[miss]
|-miss|p1a: Tornadus|p2a: Landorus
|
|-heal|p2a: Landorus|94/100|[from] item: Leftovers
|upkeep
|turn|28
|
|t:|1661509714
|move|p1a: Tornadus|Knock Off|p2a: Landorus
|-damage|p2a: Landorus|81/100
|-enditem|p2a: Landorus|Leftovers|[from] move: Knock Off|[of] p1a: Tornadus
|move|p2a: Landorus|Toxic|p1a: Tornadus|[miss]
|-miss|p2a: Landorus|p1a: Tornadus
|
|upkeep
|turn|29
|
|t:|1661509728
|switch|p1a: Tapu Lele|Tapu Lele|63/100
|-damage|p1a: Tapu Lele|51/100|[from] Stealth Rock
|-fieldstart|move: Psychic Terrain|[from] ability: Psychic Surge|[of] p1a: Tapu Lele
|move|p2a: Landorus|Earthquake|p1a: Tapu Lele
|-damage|p1a: Tapu Lele|0 fnt
|faint|p1a: Tapu Lele
|
|upkeep
|
|t:|1661509737
|switch|p1a: Necrozma|Necrozma|100/100
|-damage|p1a: Necrozma|88/100|[from] Stealth Rock
|turn|30
|
|t:|1661509739
|switch|p2a: Melmetal|Melmetal|31/100 brn
|-damage|p2a: Melmetal|25/100 brn|[from] Stealth Rock
|move|p1a: Necrozma|Expanding Force|p2a: Melmetal
|-resisted|p2a: Melmetal
|-damage|p2a: Melmetal|0 fnt
|faint|p2a: Melmetal
|
|upkeep
|
|t:|1661509741
|switch|p2a: Kartana|Kartana|100/100
|-damage|p2a: Kartana|94/100|[from] Stealth Rock
|turn|31
|j| Mimikyu Stardust
|
|t:|1661509743
|move|p2a: Kartana|Knock Off|p1a: Necrozma
|-supereffective|p1a: Necrozma
|-damage|p1a: Necrozma|0 fnt
|-enditem|p1a: Necrozma|Choice Specs|[from] move: Knock Off|[of] p2a: Kartana
|faint|p1a: Necrozma
|-ability|p2a: Kartana|Beast Boost|boost
|-boost|p2a: Kartana|atk|1
|
|upkeep
|
|t:|1661509744
|switch|p1a: Tornadus|Tornadus-Therian, M|70/100
|turn|32
|
|t:|1661509750
|move|p1a: Tornadus|Heat Wave|p2a: Kartana
|-supereffective|p2a: Kartana
|-damage|p2a: Kartana|0 fnt
|faint|p2a: Kartana
|
|upkeep
|
|t:|1661509751
|switch|p2a: Landorus|Landorus-Therian, M|81/100
|-damage|p2a: Landorus|69/100|[from] Stealth Rock
|-ability|p2a: Landorus|Intimidate|boost
|-unboost|p1a: Tornadus|atk|1
|turn|33
|
|t:|1661509754
|move|p1a: Tornadus|Heat Wave|p2a: Landorus
|-damage|p2a: Landorus|50/100
|move|p2a: Landorus|Toxic|p1a: Tornadus
|-status|p1a: Tornadus|tox
|
|-damage|p1a: Tornadus|64/100 tox|[from] psn
|-fieldend|move: Psychic Terrain
|upkeep
|turn|34
|
|t:|1661509756
|move|p1a: Tornadus|Heat Wave|p2a: Landorus
|-damage|p2a: Landorus|32/100
|move|p2a: Landorus|U-turn|p1a: Tornadus
|-resisted|p1a: Tornadus
|-damage|p1a: Tornadus|52/100 tox
|
|-damage|p1a: Tornadus|40/100 tox|[from] psn
|upkeep
|turn|35
|
|t:|1661509760
|move|p1a: Tornadus|Heat Wave|p2a: Landorus
|-damage|p2a: Landorus|14/100
|move|p2a: Landorus|U-turn|p1a: Tornadus
|-resisted|p1a: Tornadus
|-damage|p1a: Tornadus|29/100 tox
|
|-damage|p1a: Tornadus|11/100 tox|[from] psn
|upkeep
|turn|36
|
|t:|1661509765
|move|p1a: Tornadus|Heat Wave|p2a: Landorus
|-damage|p2a: Landorus|0 fnt
|faint|p2a: Landorus
|
|win|LT94JE Fuse
|raw|LT94JE Fuse's rating: 1813 &rarr; <strong>1838</strong><br />(+25 for winning)
|raw|return nirvana's rating: 1894 &rarr; <strong>1869</strong><br />(-25 for losing)
|j| vanshraj
|l|☆return nirvana
|l| vanshraj
|l| liet32120
|l| LT94JE Origami♕
|j| ilcavalierebianco
|l| LT94JE Jack G
|l| univercius
|j| univercius
|l| univercius
|j| qxfn143
|l| qxfn143
|l| Mimikyu Stardust
