|raw|<div class="broadcast-blue"><strong>This battle is required to be public due to a player having a name starting with 'lt93oq'.</div>
|j|☆Sww-Suwa
|j|☆LT93OQ Vegeto
|t:|1660610779
|gametype|singles
|player|p1|Sww-Suwa|dawn-masters|1795
|player|p2|LT93OQ Vegeto|ethan|1837
|teamsize|p1|6
|teamsize|p2|6
|gen|8
|tier|[Gen 8] OU
|rated|
|rule|Sleep Clause Mod: Limit one foe put to sleep
|rule|Species Clause: Limit one of each Pokémon
|rule|OHKO Clause: OHKO moves are banned
|rule|Evasion Items Clause: Evasion items are banned
|rule|Evasion Moves Clause: Evasion moves are banned
|rule|Endless Battle Clause: Forcing endless battles is banned
|rule|HP Percentage Mod: HP is shown in percentages
|rule|Dynamax Clause: You cannot dynamax
|clearpoke
|poke|p1|Mew|
|poke|p1|Blaziken, M|
|poke|p1|Scizor, F|
|poke|p1|Garchomp, F|
|poke|p1|Ninetales-Alola, F|
|poke|p1|Dragapult, M|
|poke|p2|Garchomp, F|
|poke|p2|Zapdos|
|poke|p2|Clefable, F|
|poke|p2|Ferrothorn, M|
|poke|p2|Weavile, F|
|poke|p2|Tapu Lele|
|teampreview
|inactive|Battle timer is ON: inactive players will automatically lose when time's up. (requested by LT93OQ Vegeto)
|c|☆Sww-Suwa|hf
|j| zelduxe
|
|t:|1660610809
|start
|switch|p1a: Ninetales|Ninetales-Alola, F, shiny|100/100
|switch|p2a: Tapu Lele|Tapu Lele|100/100
|-weather|Hail|[from] ability: Snow Warning|[of] p1a: Ninetales
|-fieldstart|move: Psychic Terrain|[from] ability: Psychic Surge|[of] p2a: Tapu Lele
|turn|1
|j| Ava<3
|
|t:|1660610838
|switch|p1a: Mew|Mew|100/100
|move|p2a: Tapu Lele|Psyshock|p1a: Mew
|-resisted|p1a: Mew
|-damage|p1a: Mew|66/100
|
|-weather|Hail|[upkeep]
|-damage|p1a: Mew|60/100|[from] Hail
|-damage|p2a: Tapu Lele|94/100|[from] Hail
|upkeep
|turn|2
|
|t:|1660610850
|switch|p2a: Garchomp|Garchomp, F|100/100
|move|p1a: Mew|Thunder Wave|p2a: Garchomp
|-immune|p2a: Garchomp
|
|-weather|Hail|[upkeep]
|-damage|p1a: Mew|54/100|[from] Hail
|-damage|p2a: Garchomp|94/100|[from] Hail
|-heal|p2a: Garchomp|100/100|[from] item: Leftovers
|upkeep
|turn|3
|
|t:|1660610854
|move|p1a: Mew|Spikes|p2a: Garchomp
|-sidestart|p2: LT93OQ Vegeto|Spikes
|move|p2a: Garchomp|Scale Shot|p1a: Mew
|-damage|p1a: Mew|44/100
|-damage|p1a: Mew|34/100
|-hitcount|p1a: Mew|2
|-unboost|p2a: Garchomp|def|1
|-boost|p2a: Garchomp|spe|1
|
|-weather|Hail|[upkeep]
|-damage|p2a: Garchomp|94/100|[from] Hail
|-damage|p1a: Mew|28/100|[from] Hail
|-heal|p2a: Garchomp|100/100|[from] item: Leftovers
|upkeep
|turn|4
|j| LT93OQ GuardArc
|
|t:|1660610863
|move|p2a: Garchomp|Swords Dance|p2a: Garchomp
|-boost|p2a: Garchomp|atk|2
|move|p1a: Mew|Stealth Rock|p2a: Garchomp
|-sidestart|p2: LT93OQ Vegeto|move: Stealth Rock
|
|-weather|Hail|[upkeep]
|-damage|p2a: Garchomp|94/100|[from] Hail
|-damage|p1a: Mew|21/100|[from] Hail
|-heal|p2a: Garchomp|100/100|[from] item: Leftovers
|upkeep
|turn|5
|
|t:|1660610871
|move|p2a: Garchomp|Earthquake|p1a: Mew
|-damage|p1a: Mew|0 fnt
|faint|p1a: Mew
|
|-weather|none
|-fieldend|move: Psychic Terrain
|upkeep
|
|t:|1660610873
|switch|p1a: Ninetales|Ninetales-Alola, F, shiny|100/100
|-weather|Hail|[from] ability: Snow Warning|[of] p1a: Ninetales
|turn|6
|inactive|LT93OQ Vegeto has 120 seconds left.
|
|t:|1660610907
|move|p1a: Ninetales|Blizzard|p2a: Garchomp
|-supereffective|p2a: Garchomp
|-damage|p2a: Garchomp|0 fnt
|faint|p2a: Garchomp
|
|-weather|Hail|[upkeep]
|upkeep
|inactive|LT93OQ Vegeto has 120 seconds left.
|
|t:|1660610927
|switch|p2a: Clefable|Clefable, F|100/100
|turn|7
|
|t:|1660610930
|switch|p1a: Scizor|Scizor, F|100/100
|move|p2a: Clefable|Thunder Wave|p1a: Scizor
|-status|p1a: Scizor|par
|
|-weather|Hail|[upkeep]
|-damage|p1a: Scizor|94/100 par|[from] Hail
|upkeep
|turn|8
|
|t:|1660610939
|switch|p2a: Zapdos|Zapdos|100/100
|move|p1a: Scizor|Swords Dance|p1a: Scizor
|-boost|p1a: Scizor|atk|2
|
|-weather|Hail|[upkeep]
|-damage|p2a: Zapdos|94/100|[from] Hail
|-damage|p1a: Scizor|88/100 par|[from] Hail
|upkeep
|turn|9
|
|t:|1660610946
|move|p2a: Zapdos|Defog|p1a: Scizor
|-unboost|p1a: Scizor|evasion|1
|-sideend|p2: LT93OQ Vegeto|Spikes|[from] move: Defog|[of] p2a: Zapdos
|-sideend|p2: LT93OQ Vegeto|Stealth Rock|[from] move: Defog|[of] p2a: Zapdos
|cant|p1a: Scizor|par
|
|-weather|Hail|[upkeep]
|-damage|p2a: Zapdos|88/100|[from] Hail
|-damage|p1a: Scizor|82/100 par|[from] Hail
|upkeep
|turn|10
|
|t:|1660610951
|move|p2a: Zapdos|Volt Switch|p1a: Scizor
|-damage|p1a: Scizor|23/100 par
|
|t:|1660610955
|switch|p2a: Ferrothorn|Ferrothorn, M|100/100|[from]move: Volt Switch
|cant|p1a: Scizor|par
|
|-weather|none
|upkeep
|turn|11
|
|t:|1660610964
|cant|p1a: Scizor|par
|move|p2a: Ferrothorn|Spikes|p1a: Scizor
|-sidestart|p1: Sww-Suwa|Spikes
|
|upkeep
|turn|12
|
|t:|1660610966
|cant|p1a: Scizor|par
|move|p2a: Ferrothorn|Knock Off|p1a: Scizor
|-damage|p1a: Scizor|0 fnt
|-enditem|p1a: Scizor|Life Orb|[from] move: Knock Off|[of] p2a: Ferrothorn
|faint|p1a: Scizor
|
|upkeep
|c|☆Sww-Suwa|...
|c|☆Sww-Suwa|there's 0 way lmao
|
|t:|1660610984
|switch|p1a: Blaziken|Blaziken, M|100/100
|-item|p1a: Blaziken|Air Balloon
|turn|13
|
|t:|1660610989
|move|p1a: Blaziken|Swords Dance|p1a: Blaziken
|-boost|p1a: Blaziken|atk|2
|move|p2a: Ferrothorn|Leech Seed|p1a: Blaziken
|-start|p1a: Blaziken|move: Leech Seed
|
|-damage|p1a: Blaziken|88/100|[from] Leech Seed|[of] p2a: Ferrothorn
|-ability|p1a: Blaziken|Speed Boost|boost
|-boost|p1a: Blaziken|spe|1
|upkeep
|turn|14
|
|t:|1660610994
|switch|p2a: Clefable|Clefable, F|100/100
|move|p1a: Blaziken|Flare Blitz|p2a: Clefable
|-damage|p2a: Clefable|3/100
|-damage|p1a: Blaziken|46/100|[from] Recoil
|
|-heal|p2a: Clefable|9/100|[from] item: Leftovers
|-damage|p1a: Blaziken|34/100|[from] Leech Seed|[of] p2a: Clefable
|-heal|p2a: Clefable|18/100|[silent]
|-ability|p1a: Blaziken|Speed Boost|boost
|-boost|p1a: Blaziken|spe|1
|upkeep
|turn|15
|
|t:|1660611005
|switch|p2a: Zapdos|Zapdos|88/100
|move|p1a: Blaziken|Flare Blitz|p2a: Zapdos
|-damage|p2a: Zapdos|0 fnt
|faint|p2a: Zapdos
|-damage|p1a: Blaziken|0 fnt|[from] Recoil
|faint|p1a: Blaziken
|
|upkeep
|j| Toyesouth
|
|t:|1660611016
|switch|p2a: Tapu Lele|Tapu Lele|94/100
|switch|p1a: Ninetales|Ninetales-Alola, F, shiny|100/100
|-damage|p1a: Ninetales|88/100|[from] Spikes
|-weather|Hail|[from] ability: Snow Warning|[of] p1a: Ninetales
|-fieldstart|move: Psychic Terrain|[from] ability: Psychic Surge|[of] p2a: Tapu Lele
|turn|16
|
|t:|1660611028
|move|p1a: Ninetales|Moonblast|p2a: Tapu Lele
|-damage|p2a: Tapu Lele|54/100
|-unboost|p2a: Tapu Lele|spa|1
|move|p2a: Tapu Lele|Moonblast|p1a: Ninetales
|-damage|p1a: Ninetales|27/100
|-unboost|p1a: Ninetales|spa|1
|
|-weather|Hail|[upkeep]
|-damage|p2a: Tapu Lele|48/100|[from] Hail
|upkeep
|turn|17
|l| Toyesouth
|
|t:|1660611036
|switch|p2a: Ferrothorn|Ferrothorn, M|100/100
|move|p1a: Ninetales|Moonblast|p2a: Ferrothorn
|-resisted|p2a: Ferrothorn
|-damage|p2a: Ferrothorn|92/100
|-unboost|p2a: Ferrothorn|spa|1
|
|-weather|Hail|[upkeep]
|-damage|p2a: Ferrothorn|86/100|[from] Hail
|-heal|p2a: Ferrothorn|92/100|[from] item: Leftovers
|upkeep
|turn|18
|
|t:|1660611040
|switch|p1a: Garchomp|Garchomp, F|100/100
|-damage|p1a: Garchomp|88/100|[from] Spikes
|move|p2a: Ferrothorn|Leech Seed|p1a: Garchomp|[miss]
|-miss|p2a: Ferrothorn|p1a: Garchomp
|
|-weather|Hail|[upkeep]
|-damage|p1a: Garchomp|82/100|[from] Hail
|-damage|p2a: Ferrothorn|86/100|[from] Hail
|-heal|p2a: Ferrothorn|92/100|[from] item: Leftovers
|upkeep
|turn|19
|j| batdiaer
|
|t:|1660611049
|move|p1a: Garchomp|Fire Fang|p2a: Ferrothorn
|-supereffective|p2a: Ferrothorn
|-damage|p2a: Ferrothorn|26/100
|-damage|p1a: Garchomp|70/100|[from] ability: Iron Barbs|[of] p2a: Ferrothorn
|move|p2a: Ferrothorn|Leech Seed|p1a: Garchomp
|-start|p1a: Garchomp|move: Leech Seed
|
|-weather|Hail|[upkeep]
|-damage|p1a: Garchomp|64/100|[from] Hail
|-damage|p2a: Ferrothorn|20/100|[from] Hail
|-heal|p2a: Ferrothorn|26/100|[from] item: Leftovers
|-damage|p1a: Garchomp|51/100|[from] Leech Seed|[of] p2a: Ferrothorn
|-heal|p2a: Ferrothorn|39/100|[silent]
|upkeep
|turn|20
|j| h9gh
|
|t:|1660611067
|switch|p2a: Clefable|Clefable, F|18/100
|move|p1a: Garchomp|Earthquake|p2a: Clefable
|-damage|p2a: Clefable|0 fnt
|faint|p2a: Clefable
|
|-weather|none
|-fieldend|move: Psychic Terrain
|upkeep
|
|t:|1660611071
|switch|p2a: Weavile|Weavile, F|100/100
|-ability|p2a: Weavile|Pressure
|turn|21
|
|t:|1660611082
|move|p2a: Weavile|Ice Shard|p1a: Garchomp
|-supereffective|p1a: Garchomp
|-damage|p1a: Garchomp|0 fnt
|faint|p1a: Garchomp
|
|upkeep
|
|t:|1660611087
|switch|p1a: Ninetales|Ninetales-Alola, F, shiny|27/100
|-damage|p1a: Ninetales|15/100|[from] Spikes
|-weather|Hail|[from] ability: Snow Warning|[of] p1a: Ninetales
|turn|22
|
|t:|1660611098
|switch|p2a: Ferrothorn|Ferrothorn, M|39/100
|move|p1a: Ninetales|Blizzard|p2a: Ferrothorn
|-damage|p2a: Ferrothorn|9/100
|
|-weather|Hail|[upkeep]
|-damage|p2a: Ferrothorn|3/100|[from] Hail
|-heal|p2a: Ferrothorn|9/100|[from] item: Leftovers
|upkeep
|turn|23
|
|t:|1660611103
|move|p1a: Ninetales|Blizzard|p2a: Ferrothorn
|-damage|p2a: Ferrothorn|0 fnt
|faint|p2a: Ferrothorn
|
|-weather|Hail|[upkeep]
|upkeep
|
|t:|1660611105
|switch|p2a: Weavile|Weavile, F|100/100
|-ability|p2a: Weavile|Pressure
|turn|24
|
|t:|1660611107
|move|p1a: Ninetales|Blizzard|p2a: Weavile
|-resisted|p2a: Weavile
|-damage|p2a: Weavile|72/100
|move|p2a: Weavile|Swords Dance|p2a: Weavile
|-boost|p2a: Weavile|atk|2
|
|-weather|Hail|[upkeep]
|upkeep
|turn|25
|
|t:|1660611110
|move|p1a: Ninetales|Blizzard|p2a: Weavile
|-resisted|p2a: Weavile
|-damage|p2a: Weavile|41/100
|move|p2a: Weavile|Swords Dance|p2a: Weavile
|-boost|p2a: Weavile|atk|2
|
|-weather|Hail|[upkeep]
|upkeep
|turn|26
|
|t:|1660611113
|move|p2a: Weavile|Ice Shard|p1a: Ninetales
|-resisted|p1a: Ninetales
|-damage|p1a: Ninetales|0 fnt
|faint|p1a: Ninetales
|
|-weather|none
|upkeep
|
|t:|1660611115
|switch|p1a: Dragapult|Dragapult, M|100/100
|turn|27
|
|t:|1660611121
|move|p2a: Weavile|Ice Shard|p1a: Dragapult
|-supereffective|p1a: Dragapult
|-damage|p1a: Dragapult|0 fnt
|faint|p1a: Dragapult
|
|win|LT93OQ Vegeto
|raw|Sww-Suwa's rating: 1795 &rarr; <strong>1777</strong><br />(-18 for losing)
|raw|LT93OQ Vegeto's rating: 1837 &rarr; <strong>1855</strong><br />(+18 for winning)
|c|☆Sww-Suwa|welp
|l|☆LT93OQ Vegeto
|l|☆Sww-Suwa
||Ladder isn't responding, score probably updated but might not have (Request timeout).
