|raw|<div class="broadcast-blue"><strong>This battle is required to be public due to a player having a name starting with 'lt92pf'.</div>
|j|☆LT92PF Luna
|j|☆2(H2O)
|t:|1659630357
|gametype|singles
|player|p1|LT92PF Luna|cowgirl|1604
|player|p2|2(H2O)|chase|1745
|teamsize|p1|6
|teamsize|p2|6
|gen|8
|tier|[Gen 8] OU
|rated|
|rule|Sleep Clause Mod: Limit one foe put to sleep
|rule|Species Clause: Limit one of each Pokémon
|rule|OHKO Clause: OHKO moves are banned
|rule|Evasion Items Clause: Evasion items are banned
|rule|Evasion Moves Clause: Evasion moves are banned
|rule|Endless Battle Clause: Forcing endless battles is banned
|rule|HP Percentage Mod: HP is shown in percentages
|rule|Dynamax Clause: You cannot dynamax
|clearpoke
|poke|p1|Tornadus-Therian, M|
|poke|p1|Clefable, F|
|poke|p1|Corviknight, M|
|poke|p1|Gastrodon-East, M|
|poke|p1|Toxapex, F|
|poke|p1|Blissey, F|
|poke|p2|Tapu Lele|
|poke|p2|Victini|
|poke|p2|Melmetal|
|poke|p2|Dragonite, M|
|poke|p2|Landorus-Therian, M|
|poke|p2|Urshifu-*, M|
|teampreview
|inactive|Battle timer is ON: inactive players will automatically lose when time's up. (requested by 2(H2O))
|
|t:|1659630367
|start
|switch|p1a: Toxapex|Toxapex, F|100/100
|switch|p2a: Landorus|Landorus-Therian, M|100/100
|-ability|p2a: Landorus|Intimidate|boost
|-unboost|p1a: Toxapex|atk|1
|turn|1
|
|t:|1659630371
|switch|p1a: Corviknight|Corviknight, M|100/100
|-ability|p1a: Corviknight|Pressure
|move|p2a: Landorus|Earthquake|p1a: Corviknight
|-immune|p1a: Corviknight
|
|upkeep
|turn|2
|
|t:|1659630376
|move|p2a: Landorus|Stealth Rock|p1a: Corviknight
|-sidestart|p1: LT92PF Luna|move: Stealth Rock
|move|p1a: Corviknight|Iron Defense|p1a: Corviknight
|-boost|p1a: Corviknight|def|2
|
|upkeep
|turn|3
|
|t:|1659630383
|switch|p2a: Tapu Lele|Tapu Lele|100/100
|-fieldstart|move: Psychic Terrain|[from] ability: Psychic Surge|[of] p2a: Tapu Lele
|move|p1a: Corviknight|Defog|p2a: Tapu Lele
|-unboost|p2a: Tapu Lele|evasion|1
|-sideend|p1: LT92PF Luna|Stealth Rock|[from] move: Defog|[of] p1a: Corviknight
|-fieldend|move: Psychic Terrain
|
|upkeep
|turn|4
|j| BasedWhat?! ♪
|j| Cashbandicook
|
|t:|1659630388
|switch|p1a: Blissey|Blissey, F|100/100
|move|p2a: Tapu Lele|Future Sight|p1a: Blissey
|-start|p2a: Tapu Lele|move: Future Sight
|
|upkeep
|turn|5
|
|t:|1659630393
|switch|p2a: Urshifu|Urshifu-Rapid-Strike, M|100/100
|move|p1a: Blissey|Stealth Rock|p2a: Urshifu
|-sidestart|p2: 2(H2O)|move: Stealth Rock
|
|upkeep
|turn|6
|l| Cashbandicook
|j| lt92pf adf
|
|t:|1659630398
|switch|p1a: Corviknight|Corviknight, M|100/100
|-ability|p1a: Corviknight|Pressure
|move|p2a: Urshifu|Close Combat|p1a: Corviknight
|-damage|p1a: Corviknight|39/100
|-unboost|p2a: Urshifu|def|1
|-unboost|p2a: Urshifu|spd|1
|
|-end|p1a: Corviknight|move: Future Sight
|-resisted|p1a: Corviknight
|-damage|p1a: Corviknight|8/100
|-heal|p1a: Corviknight|15/100|[from] item: Leftovers
|upkeep
|turn|7
|j| De la Bourdonnais
|
|t:|1659630409
|switch|p2a: Tapu Lele|Tapu Lele|100/100
|-damage|p2a: Tapu Lele|88/100|[from] Stealth Rock
|-fieldstart|move: Psychic Terrain|[from] ability: Psychic Surge|[of] p2a: Tapu Lele
|switch|p1a: Clefable|Clefable, F|100/100
|
|upkeep
|turn|8
|j| Mendeez
|
|t:|1659630415
|move|p2a: Tapu Lele|Future Sight|p1a: Clefable
|-start|p2a: Tapu Lele|move: Future Sight
|move|p1a: Clefable|Calm Mind|p1a: Clefable
|-boost|p1a: Clefable|spa|1
|-boost|p1a: Clefable|spd|1
|
|upkeep
|turn|9
|
|t:|1659630424
|switch|p2a: Victini|Victini|100/100
|switch|p1a: Gastrodon|Gastrodon-East, M|100/100
|
|upkeep
|turn|10
|j|+Ticken
|
|t:|1659630431
|move|p1a: Gastrodon|Protect|p1a: Gastrodon
|-singleturn|p1a: Gastrodon|Protect
|move|p2a: Victini|V-create|p1a: Gastrodon
|-activate|p1a: Gastrodon|move: Protect
|
|-end|p1a: Gastrodon|move: Future Sight
|-damage|p1a: Gastrodon|43/100
|upkeep
|turn|11
|
|t:|1659630435
|move|p2a: Victini|V-create|p1a: Gastrodon
|-resisted|p1a: Gastrodon
|-damage|p1a: Gastrodon|0 fnt
|-unboost|p2a: Victini|spe|1
|-unboost|p2a: Victini|def|1
|-unboost|p2a: Victini|spd|1
|faint|p1a: Gastrodon
|
|-fieldend|move: Psychic Terrain
|upkeep
|j| opela
|
|t:|1659630445
|switch|p1a: Tornadus|Tornadus-Therian, M|100/100
|turn|12
|
|t:|1659630448
|switch|p2a: Landorus|Landorus-Therian, M|100/100
|-damage|p2a: Landorus|88/100|[from] Stealth Rock
|-ability|p2a: Landorus|Intimidate|boost
|-unboost|p1a: Tornadus|atk|1
|move|p1a: Tornadus|Hurricane|p2a: Landorus
|-damage|p2a: Landorus|49/100
|
|-heal|p2a: Landorus|55/100|[from] item: Leftovers
|upkeep
|turn|13
|
|t:|1659630452
|move|p1a: Tornadus|Nasty Plot|p1a: Tornadus
|-boost|p1a: Tornadus|spa|2
|move|p2a: Landorus|Stealth Rock|p1a: Tornadus
|-sidestart|p1: LT92PF Luna|move: Stealth Rock
|
|-heal|p2a: Landorus|61/100|[from] item: Leftovers
|upkeep
|turn|14
|
|t:|1659630455
|move|p1a: Tornadus|Hurricane|p2a: Landorus|[miss]
|-miss|p1a: Tornadus|p2a: Landorus
|move|p2a: Landorus|U-turn|p1a: Tornadus
|-resisted|p1a: Tornadus
|-damage|p1a: Tornadus|83/100
|
|t:|1659630457
|switch|p2a: Melmetal|Melmetal|100/100|[from]move: U-turn
|-damage|p2a: Melmetal|94/100|[from] Stealth Rock
|
|upkeep
|turn|15
|
|t:|1659630459
|move|p1a: Tornadus|Focus Blast|p2a: Melmetal
|-supereffective|p2a: Melmetal
|-damage|p2a: Melmetal|10/100
|move|p2a: Melmetal|Double Iron Bash|p1a: Tornadus
|-crit|p1a: Tornadus
|-damage|p1a: Tornadus|0 fnt
|faint|p1a: Tornadus
|-hitcount|p1: Tornadus|1
|
|upkeep
|j| Mantirps
|l| Mantirps
|l| De la Bourdonnais
|
|t:|1659630473
|switch|p1a: Blissey|Blissey, F|100/100
|turn|16
|
|t:|1659630475
|move|p1a: Blissey|Seismic Toss|p2a: Melmetal
|-damage|p2a: Melmetal|0 fnt
|faint|p2a: Melmetal
|
|upkeep
|
|t:|1659630485
|switch|p2a: Urshifu|Urshifu-Rapid-Strike, M|100/100
|-damage|p2a: Urshifu|94/100|[from] Stealth Rock
|turn|17
|
|t:|1659630487
|switch|p1a: Toxapex|Toxapex, F|100/100
|-damage|p1a: Toxapex|88/100|[from] Stealth Rock
|move|p2a: Urshifu|U-turn|p1a: Toxapex
|-resisted|p1a: Toxapex
|-damage|p1a: Toxapex|76/100
|-damage|p2a: Urshifu|78/100|[from] item: Rocky Helmet|[of] p1a: Toxapex
|
|t:|1659630490
|switch|p2a: Tapu Lele|Tapu Lele|88/100|[from]move: U-turn
|-damage|p2a: Tapu Lele|76/100|[from] Stealth Rock
|-fieldstart|move: Psychic Terrain|[from] ability: Psychic Surge|[of] p2a: Tapu Lele
|
|upkeep
|turn|18
|
|t:|1659630492
|switch|p1a: Blissey|Blissey, F|100/100
|move|p2a: Tapu Lele|Future Sight|p1a: Blissey
|-start|p2a: Tapu Lele|move: Future Sight
|
|upkeep
|turn|19
|
|t:|1659630498
|switch|p2a: Urshifu|Urshifu-Rapid-Strike, M|78/100
|-damage|p2a: Urshifu|72/100|[from] Stealth Rock
|move|p1a: Blissey|Thunder Wave|p2a: Urshifu
|-status|p2a: Urshifu|par
|
|upkeep
|turn|20
|
|t:|1659630500
|switch|p1a: Corviknight|Corviknight, M|15/100
|-damage|p1a: Corviknight|2/100|[from] Stealth Rock
|-ability|p1a: Corviknight|Pressure
|cant|p2a: Urshifu|par
|
|-end|p1a: Corviknight|move: Future Sight
|-resisted|p1a: Corviknight
|-damage|p1a: Corviknight|0 fnt
|faint|p1a: Corviknight
|upkeep
|
|t:|1659630503
|switch|p1a: Clefable|Clefable, F|100/100
|turn|21
|
|t:|1659630506
|switch|p2a: Victini|Victini|100/100
|move|p1a: Clefable|Moonblast|p2a: Victini
|-resisted|p2a: Victini
|-damage|p2a: Victini|83/100
|
|-fieldend|move: Psychic Terrain
|upkeep
|turn|22
|
|t:|1659630510
|move|p2a: Victini|V-create|p1a: Clefable
|-damage|p1a: Clefable|40/100
|-unboost|p2a: Victini|spe|1
|-unboost|p2a: Victini|def|1
|-unboost|p2a: Victini|spd|1
|move|p1a: Clefable|Soft-Boiled|p1a: Clefable
|-heal|p1a: Clefable|90/100
|
|-heal|p1a: Clefable|96/100|[from] item: Leftovers
|upkeep
|turn|23
|j| LT92PF Unstoppable
|
|t:|1659630516
|move|p2a: Victini|V-create|p1a: Clefable
|-damage|p1a: Clefable|35/100
|-unboost|p2a: Victini|spe|1
|-unboost|p2a: Victini|def|1
|-unboost|p2a: Victini|spd|1
|move|p1a: Clefable|Soft-Boiled|p1a: Clefable
|-heal|p1a: Clefable|85/100
|
|-heal|p1a: Clefable|91/100|[from] item: Leftovers
|upkeep
|turn|24
|
|t:|1659630519
|switch|p2a: Tapu Lele|Tapu Lele|76/100
|-damage|p2a: Tapu Lele|63/100|[from] Stealth Rock
|-fieldstart|move: Psychic Terrain|[from] ability: Psychic Surge|[of] p2a: Tapu Lele
|move|p1a: Clefable|Calm Mind|p1a: Clefable
|-boost|p1a: Clefable|spa|1
|-boost|p1a: Clefable|spd|1
|
|-heal|p1a: Clefable|97/100|[from] item: Leftovers
|upkeep
|turn|25
|
|t:|1659630523
|move|p2a: Tapu Lele|Future Sight|p1a: Clefable
|-start|p2a: Tapu Lele|move: Future Sight
|move|p1a: Clefable|Calm Mind|p1a: Clefable
|-boost|p1a: Clefable|spa|1
|-boost|p1a: Clefable|spd|1
|
|-heal|p1a: Clefable|100/100|[from] item: Leftovers
|upkeep
|turn|26
|
|t:|1659630526
|switch|p2a: Victini|Victini|83/100
|move|p1a: Clefable|Moonblast|p2a: Victini
|-resisted|p2a: Victini
|-crit|p2a: Victini
|-damage|p2a: Victini|33/100
|
|upkeep
|turn|27
|
|t:|1659630535
|move|p2a: Victini|V-create|p1a: Clefable
|-crit|p1a: Clefable
|-damage|p1a: Clefable|14/100
|-unboost|p2a: Victini|spe|1
|-unboost|p2a: Victini|def|1
|-unboost|p2a: Victini|spd|1
|move|p1a: Clefable|Soft-Boiled|p1a: Clefable
|-heal|p1a: Clefable|64/100
|
|-end|p1a: Clefable|move: Future Sight
|-damage|p1a: Clefable|20/100
|-heal|p1a: Clefable|26/100|[from] item: Leftovers
|upkeep
|turn|28
|c|☆LT92PF Luna|really
|
|t:|1659630552
|switch|p1a: Toxapex|Toxapex, F|100/100
|-damage|p1a: Toxapex|88/100|[from] Stealth Rock
|move|p2a: Victini|Expanding Force|p1a: Toxapex
|-supereffective|p1a: Toxapex
|-damage|p1a: Toxapex|2/100
|
|-fieldend|move: Psychic Terrain
|upkeep
|turn|29
|
|t:|1659630558
|move|p2a: Victini|V-create|p1a: Toxapex
|-resisted|p1a: Toxapex
|-damage|p1a: Toxapex|0 fnt
|-unboost|p2a: Victini|spe|1
|-unboost|p2a: Victini|def|1
|-unboost|p2a: Victini|spd|1
|-damage|p2a: Victini|16/100|[from] item: Rocky Helmet|[of] p1a: Toxapex
|faint|p1a: Toxapex
|
|upkeep
|
|t:|1659630562
|switch|p1a: Blissey|Blissey, F|100/100
|turn|30
|
|t:|1659630569
|switch|p2a: Landorus|Landorus-Therian, M|61/100
|-damage|p2a: Landorus|49/100|[from] Stealth Rock
|-ability|p2a: Landorus|Intimidate|boost
|-unboost|p1a: Blissey|atk|1
|move|p1a: Blissey|Seismic Toss|p2a: Landorus
|-damage|p2a: Landorus|23/100
|
|-heal|p2a: Landorus|29/100|[from] item: Leftovers
|upkeep
|turn|31
|
|t:|1659630571
|move|p2a: Landorus|Earthquake|p1a: Blissey
|-damage|p1a: Blissey|60/100
|move|p1a: Blissey|Seismic Toss|p2a: Landorus
|-damage|p2a: Landorus|3/100
|
|-heal|p2a: Landorus|9/100|[from] item: Leftovers
|upkeep
|turn|32
|
|t:|1659630575
|move|p2a: Landorus|Earthquake|p1a: Blissey
|-damage|p1a: Blissey|18/100
|move|p1a: Blissey|Seismic Toss|p2a: Landorus
|-damage|p2a: Landorus|0 fnt
|faint|p2a: Landorus
|
|upkeep
|
|t:|1659630579
|switch|p2a: Dragonite|Dragonite, M|100/100
|turn|33
|
|t:|1659630581
|move|p2a: Dragonite|Heal Bell|p2a: Dragonite
|-activate|p2a: Dragonite|move: Heal Bell
|-curestatus|p2: Urshifu|par|[msg]
|move|p1a: Blissey|Thunder Wave|p2a: Dragonite
|-status|p2a: Dragonite|par
|
|upkeep
|turn|34
|
|t:|1659630584
|switch|p1a: Clefable|Clefable, F|26/100
|switch|p2a: Tapu Lele|Tapu Lele|63/100
|-damage|p2a: Tapu Lele|51/100|[from] Stealth Rock
|-fieldstart|move: Psychic Terrain|[from] ability: Psychic Surge|[of] p2a: Tapu Lele
|
|-heal|p1a: Clefable|32/100|[from] item: Leftovers
|upkeep
|turn|35
|
|t:|1659630590
|switch|p1a: Blissey|Blissey, F|18/100
|move|p2a: Tapu Lele|Moonblast|p1a: Blissey
|-damage|p1a: Blissey|0 fnt
|faint|p1a: Blissey
|
|upkeep
|j| Luirromen
|
|t:|1659630592
|switch|p1a: Clefable|Clefable, F|32/100
|turn|36
|
|t:|1659630593
|move|p2a: Tapu Lele|Moonblast|p1a: Clefable
|-damage|p1a: Clefable|0 fnt
|faint|p1a: Clefable
|
|win|2(H2O)
|raw|LT92PF Luna's rating: 1604 &rarr; <strong>1592</strong><br />(-12 for losing)
|raw|2(H2O)'s rating: 1745 &rarr; <strong>1757</strong><br />(+12 for winning)
|l| LT92PF Unstoppable
|l| Luirromen
|c|☆LT92PF Luna|sigh
|l|☆LT92PF Luna
|j| Plasmeek
|l| BasedWhat?! ♪
|l|+Ticken
||Ladder isn't responding, score probably updated but might not have (Request timeout).
