|j|☆BurlyBear_poke
|j|☆isheavydead
|inactive|Battle timer is ON: inactive players will automatically lose when time's up.
|t:|1614649446
|player|p1|BurlyBear_poke|2|
|player|p2|isheavydead|ethan|
|teamsize|p1|6
|teamsize|p2|6
|gametype|singles
|gen|8
|tier|[Gen 8] OU
|rated|Tournament battle
|clearpoke
|poke|p1|Corviknight, F|
|poke|p1|Reuniclus, M|
|poke|p1|Toxapex, F|
|poke|p1|Ditto|
|poke|p1|Hippowdon, M|
|poke|p1|Clefable, F|
|poke|p2|Landorus-Therian, M|
|poke|p2|Kyurem|
|poke|p2|Urshifu-*, M|
|poke|p2|Moltres-Galar|
|poke|p2|Dragapult, M|
|poke|p2|Aegislash, M|
|rule|Sleep Clause Mod: Limit one foe put to sleep
|rule|Species Clause: Limit one of each Pokémon
|rule|OHKO Clause: OHKO moves are banned
|rule|Evasion Moves Clause: Evasion moves are banned
|rule|Endless Battle Clause: Forcing endless battles is banned
|rule|HP Percentage Mod: HP is shown in percentages
|rule|Dynamax Clause: You cannot dynamax
|teampreview
|c|☆isheavydead|hf
|j|%mcp3
|j|%htcl 山羊
|j| Lost again
|j| Datsko
|j| 30GXENOOB
|inactive|BurlyBear_poke has 120 seconds left.
|
|t:|1614649476
|start
|switch|p1a: Toxapex|Toxapex, F|100/100
|switch|p2a: Achilles|Aegislash, M, shiny|100/100
|turn|1
|
|t:|1614649482
|switch|p2a: Lucifer|Landorus-Therian, M|100/100
|-ability|p2a: Lucifer|Intimidate|boost
|-unboost|p1a: Toxapex|atk|1
|move|p1a: Toxapex|Knock Off|p2a: Lucifer
|-damage|p2a: Lucifer|88/100
|-enditem|p2a: Lucifer|Choice Band|[from] move: Knock Off|[of] p1a: Toxapex
|
|upkeep
|turn|2
|j| Separation
|c|☆BurlyBear_poke|oh
|c|☆BurlyBear_poke|my
|c|☆BurlyBear_poke|god
|c|☆isheavydead|es
|c|☆isheavydead|yes*
|inactive|BurlyBear_poke has 120 seconds left.
|j| Zombini62
|j| buteko
|
|t:|1614649522
|move|p2a: Lucifer|Knock Off|p1a: Toxapex
|-damage|p1a: Toxapex|78/100
|-enditem|p1a: Toxapex|Shed Shell|[from] move: Knock Off|[of] p2a: Lucifer
|move|p1a: Toxapex|Knock Off|p2a: Lucifer
|-damage|p2a: Lucifer|80/100
|
|upkeep
|turn|3
|inactive|BurlyBear_poke has 120 seconds left.
|
|t:|1614649535
|switch|p1a: Hippowdon|Hippowdon, M|100/100
|-weather|Sandstorm|[from] ability: Sand Stream|[of] p1a: Hippowdon
|move|p2a: Lucifer|U-turn|p1a: Hippowdon
|-damage|p1a: Hippowdon|85/100
|
|t:|1614649555
|switch|p2a: Kyotaro|Kyurem, shiny|100/100|[from]move: U-turn
|-ability|p2a: Kyotaro|Pressure
|
|-weather|Sandstorm|[upkeep]
|-damage|p2a: Kyotaro|94/100|[from] Sandstorm
|-heal|p1a: Hippowdon|92/100|[from] item: Leftovers
|upkeep
|turn|4
|
|t:|1614649563
|switch|p2a: Lucifer|Landorus-Therian, M|80/100
|-ability|p2a: Lucifer|Intimidate|boost
|-unboost|p1a: Hippowdon|atk|1
|switch|p1a: Corviknight|Corviknight, F|100/100
|-ability|p1a: Corviknight|Pressure
|
|-weather|Sandstorm|[upkeep]
|upkeep
|turn|5
|
|t:|1614649577
|switch|p1a: Toxapex|Toxapex, F|100/100
|move|p2a: Lucifer|Knock Off|p1a: Toxapex
|-damage|p1a: Toxapex|84/100
|
|-weather|Sandstorm|[upkeep]
|-damage|p1a: Toxapex|78/100|[from] Sandstorm
|upkeep
|turn|6
|j| trollllordd
|
|t:|1614649596
|switch|p1a: Corviknight|Corviknight, F|100/100
|-ability|p1a: Corviknight|Pressure
|move|p2a: Lucifer|U-turn|p1a: Corviknight
|-resisted|p1a: Corviknight
|-damage|p1a: Corviknight|94/100
|
|t:|1614649599
|switch|p2a: Achilles|Aegislash, M, shiny|100/100|[from]move: U-turn
|
|-weather|Sandstorm|[upkeep]
|upkeep
|turn|7
|
|t:|1614649604
|-formechange|p2a: Achilles|Aegislash-Blade||[from] ability: Stance Change
|move|p2a: Achilles|Shadow Ball|p1a: Corviknight
|-damage|p1a: Corviknight|42/100
|move|p1a: Corviknight|Roost|p1a: Corviknight
|-heal|p1a: Corviknight|92/100
|-singleturn|p1a: Corviknight|move: Roost
|
|-weather|none
|upkeep
|turn|8
|
|t:|1614649609
|move|p2a: Achilles|Shadow Ball|p1a: Corviknight
|-damage|p1a: Corviknight|40/100
|move|p1a: Corviknight|Roost|p1a: Corviknight
|-heal|p1a: Corviknight|90/100
|-singleturn|p1a: Corviknight|move: Roost
|
|upkeep
|turn|9
|
|t:|1614649612
|move|p2a: Achilles|Shadow Ball|p1a: Corviknight
|-damage|p1a: Corviknight|38/100
|move|p1a: Corviknight|Roost|p1a: Corviknight
|-heal|p1a: Corviknight|88/100
|-singleturn|p1a: Corviknight|move: Roost
|
|upkeep
|turn|10
|
|t:|1614649615
|move|p2a: Achilles|Shadow Ball|p1a: Corviknight
|-damage|p1a: Corviknight|36/100
|move|p1a: Corviknight|Roost|p1a: Corviknight
|-heal|p1a: Corviknight|86/100
|-singleturn|p1a: Corviknight|move: Roost
|
|upkeep
|turn|11
|
|t:|1614649625
|switch|p2a: Yami|Moltres-Galar|100/100
|move|p1a: Corviknight|Roost|p1a: Corviknight
|-heal|p1a: Corviknight|100/100
|-singleturn|p1a: Corviknight|move: Roost
|
|upkeep
|turn|12
|inactive|BurlyBear_poke has 120 seconds left.
|
|t:|1614649659
|switch|p2a: Achilles|Aegislash, M, shiny|100/100
|move|p1a: Corviknight|Body Press|p2a: Achilles
|-immune|p2a: Achilles
|
|upkeep
|turn|13
|inactive|BurlyBear_poke has 120 seconds left.
|
|t:|1614649671
|switch|p2a: Yami|Moltres-Galar|100/100
|move|p1a: Corviknight|Roost||[still]
|-fail|p1a: Corviknight|heal
|
|upkeep
|turn|14
|inactive|BurlyBear_poke has 120 seconds left.
|
|t:|1614649708
|switch|p2a: Leviathan|Dragapult, M|100/100
|switch|p1a: Toxapex|Toxapex, F|100/100
|
|upkeep
|turn|15
|
|t:|1614649714
|move|p2a: Leviathan|Dragon Dance|p2a: Leviathan
|-boost|p2a: Leviathan|atk|1
|-boost|p2a: Leviathan|spe|1
|move|p1a: Toxapex|Scald|p2a: Leviathan
|-resisted|p2a: Leviathan
|-damage|p2a: Leviathan|91/100
|-status|p2a: Leviathan|brn
|
|-damage|p2a: Leviathan|84/100 brn|[from] brn
|upkeep
|turn|16
|
|t:|1614649717
|switch|p2a: Lucifer|Landorus-Therian, M|80/100
|-ability|p2a: Lucifer|Intimidate|boost
|-unboost|p1a: Toxapex|atk|1
|move|p1a: Toxapex|Knock Off|p2a: Lucifer
|-damage|p2a: Lucifer|71/100
|
|upkeep
|turn|17
|
|t:|1614649722
|switch|p1a: Hippowdon|Hippowdon, M|92/100
|-weather|Sandstorm|[from] ability: Sand Stream|[of] p1a: Hippowdon
|move|p2a: Lucifer|Earthquake|p1a: Hippowdon
|-damage|p1a: Hippowdon|61/100
|
|-weather|Sandstorm|[upkeep]
|-heal|p1a: Hippowdon|67/100|[from] item: Leftovers
|upkeep
|turn|18
|
|t:|1614649725
|switch|p2a: Achilles|Aegislash, M, shiny|100/100
|move|p1a: Hippowdon|Stealth Rock|p2a: Achilles
|-sidestart|p2: isheavydead|move: Stealth Rock
|
|-weather|Sandstorm|[upkeep]
|-heal|p1a: Hippowdon|73/100|[from] item: Leftovers
|upkeep
|turn|19
|c|☆isheavydead|im screwed
|
|t:|1614649734
|-formechange|p2a: Achilles|Aegislash-Blade||[from] ability: Stance Change
|move|p2a: Achilles|Shadow Ball|p1a: Hippowdon
|-damage|p1a: Hippowdon|0 fnt
|faint|p1a: Hippowdon
|
|-weather|Sandstorm|[upkeep]
|upkeep
|
|t:|1614649737
|switch|p1a: Ditto|Ditto|100/100
|-transform|p1a: Ditto|p2a: Achilles|[from] ability: Imposter
|turn|20
|
|t:|1614649745
|switch|p2a: Leviathan|Dragapult, M|84/100 brn
|-damage|p2a: Leviathan|72/100 brn|[from] Stealth Rock
|move|p1a: Ditto|Steel Beam|p2a: Leviathan
|-damage|p2a: Leviathan|0 fnt
|-damage|p1a: Ditto|50/100|[from] mindblown
|faint|p2a: Leviathan
|
|-weather|Sandstorm|[upkeep]
|upkeep
|
|t:|1614649758
|switch|p2a: Poseidon-Blade|Urshifu-Rapid-Strike, M|100/100
|-damage|p2a: Poseidon-Blade|94/100|[from] Stealth Rock
|turn|21
|
|t:|1614649761
|switch|p1a: Toxapex|Toxapex, F|100/100
|move|p2a: Poseidon-Blade|U-turn|p1a: Toxapex
|-resisted|p1a: Toxapex
|-damage|p1a: Toxapex|94/100
|
|t:|1614649764
|switch|p2a: Lucifer|Landorus-Therian, M|71/100|[from]move: U-turn
|-damage|p2a: Lucifer|59/100|[from] Stealth Rock
|-ability|p2a: Lucifer|Intimidate|boost
|-unboost|p1a: Toxapex|atk|1
|
|-weather|none
|upkeep
|turn|22
|
|t:|1614649767
|move|p2a: Lucifer|Earthquake|p1a: Toxapex
|-supereffective|p1a: Toxapex
|-damage|p1a: Toxapex|22/100
|move|p1a: Toxapex|Scald|p2a: Lucifer
|-supereffective|p2a: Lucifer
|-damage|p2a: Lucifer|21/100
|
|upkeep
|turn|23
|inactive|BurlyBear_poke has 120 seconds left.
|
|t:|1614649807
|switch|p1a: Corviknight|Corviknight, F|100/100
|-ability|p1a: Corviknight|Pressure
|move|p2a: Lucifer|Knock Off|p1a: Corviknight
|-damage|p1a: Corviknight|65/100
|-enditem|p1a: Corviknight|Shed Shell|[from] move: Knock Off|[of] p2a: Lucifer
|
|upkeep
|turn|24
|inactive|BurlyBear_poke has 120 seconds left.
|
|t:|1614649823
|switch|p1a: Ditto|Ditto|50/100
|-transform|p1a: Ditto|p2a: Lucifer|[from] ability: Imposter
|-ability|p1a: Ditto|Intimidate|boost
|-unboost|p2a: Lucifer|atk|1
|move|p2a: Lucifer|U-turn|p1a: Ditto
|-resisted|p1a: Ditto
|-damage|p1a: Ditto|39/100
|
|t:|1614649839
|switch|p2a: Poseidon-Blade|Urshifu-Rapid-Strike, M|94/100|[from]move: U-turn
|-damage|p2a: Poseidon-Blade|88/100|[from] Stealth Rock
|
|upkeep
|turn|25
|inactive|BurlyBear_poke has 120 seconds left.
|
|t:|1614649848
|switch|p1a: Reuniclus|Reuniclus, M|100/100
|move|p2a: Poseidon-Blade|U-turn|p1a: Reuniclus
|-supereffective|p1a: Reuniclus
|-damage|p1a: Reuniclus|49/100
|
|t:|1614649851
|switch|p2a: Achilles|Aegislash, M, shiny|100/100|[from]move: U-turn
|-damage|p2a: Achilles|94/100|[from] Stealth Rock
|
|-heal|p1a: Reuniclus|55/100|[from] item: Leftovers
|upkeep
|turn|26
|
|t:|1614649855
|-formechange|p2a: Achilles|Aegislash-Blade||[from] ability: Stance Change
|move|p2a: Achilles|Shadow Ball|p1a: Reuniclus
|-supereffective|p1a: Reuniclus
|-damage|p1a: Reuniclus|0 fnt
|faint|p1a: Reuniclus
|
|upkeep
|
|t:|1614649857
|switch|p1a: Ditto|Ditto|39/100
|-transform|p1a: Ditto|p2a: Achilles|[from] ability: Imposter
|turn|27
|
|t:|1614649873
|switch|p2a: Poseidon-Blade|Urshifu-Rapid-Strike, M|88/100
|-damage|p2a: Poseidon-Blade|82/100|[from] Stealth Rock
|move|p1a: Ditto|Shadow Ball|p2a: Poseidon-Blade
|-damage|p2a: Poseidon-Blade|7/100
|
|upkeep
|turn|28
|inactive|BurlyBear_poke has 120 seconds left.
|
|t:|1614649908
|switch|p1a: Toxapex|Toxapex, F|55/100
|move|p2a: Poseidon-Blade|U-turn|p1a: Toxapex
|-resisted|p1a: Toxapex
|-damage|p1a: Toxapex|47/100
|
|t:|1614649910
|switch|p2a: Achilles|Aegislash, M, shiny|94/100|[from]move: U-turn
|-damage|p2a: Achilles|88/100|[from] Stealth Rock
|
|upkeep
|turn|29
|j| capo test
|
|t:|1614649917
|switch|p1a: Corviknight|Corviknight, F|65/100
|-ability|p1a: Corviknight|Pressure
|-formechange|p2a: Achilles|Aegislash-Blade||[from] ability: Stance Change
|move|p2a: Achilles|Shadow Ball|p1a: Corviknight
|-damage|p1a: Corviknight|12/100
|-unboost|p1a: Corviknight|spd|1
|
|upkeep
|turn|30
|
|t:|1614649921
|move|p2a: Achilles|Shadow Ball|p1a: Corviknight
|-damage|p1a: Corviknight|0 fnt
|faint|p1a: Corviknight
|
|upkeep
|inactive|BurlyBear_poke has 120 seconds left.
|
|t:|1614649950
|switch|p1a: Clefable|Clefable, F|100/100
|turn|31
|
|t:|1614649959
|switch|p2a: Poseidon-Blade|Urshifu-Rapid-Strike, M|7/100
|-damage|p2a: Poseidon-Blade|1/100|[from] Stealth Rock
|move|p1a: Clefable|Calm Mind|p1a: Clefable
|-boost|p1a: Clefable|spa|1
|-boost|p1a: Clefable|spd|1
|
|upkeep
|turn|32
|l| 30GXENOOB
|inactive|BurlyBear_poke has 120 seconds left.
|l| buteko
|j| Mel0nL0rd
|c| Mel0nL0rd|heavy is dead
|c|☆isheavydead|hi
|inactive|BurlyBear_poke has 90 seconds left.
|
|t:|1614650012
|move|p2a: Poseidon-Blade|U-turn|p1a: Clefable
|-resisted|p1a: Clefable
|-damage|p1a: Clefable|92/100
|
|t:|1614650013
|switch|p2a: Lucifer|Landorus-Therian, M|21/100|[from]move: U-turn
|-damage|p2a: Lucifer|9/100|[from] Stealth Rock
|-ability|p2a: Lucifer|Intimidate|boost
|-unboost|p1a: Clefable|atk|1
|move|p1a: Clefable|Calm Mind|p1a: Clefable
|-boost|p1a: Clefable|spa|1
|-boost|p1a: Clefable|spd|1
|
|upkeep
|turn|33
|
|t:|1614650019
|move|p2a: Lucifer|Explosion|p1a: Clefable
|-damage|p1a: Clefable|13/100
|faint|p2a: Lucifer
|move|p1a: Clefable|Soft-Boiled|p1a: Clefable
|-heal|p1a: Clefable|63/100
|
|upkeep
|
|t:|1614650024
|switch|p2a: Achilles|Aegislash, M, shiny|88/100
|-damage|p2a: Achilles|82/100|[from] Stealth Rock
|turn|34
|
|t:|1614650026
|switch|p1a: Toxapex|Toxapex, F|81/100
|-formechange|p2a: Achilles|Aegislash-Blade||[from] ability: Stance Change
|move|p2a: Achilles|Flash Cannon|p1a: Toxapex
|-resisted|p1a: Toxapex
|-damage|p1a: Toxapex|48/100
|
|upkeep
|turn|35
|inactive|BurlyBear_poke has 120 seconds left.
|j| stareal
|c| Mel0nL0rd|clefable too stronk
|c|%mcp3|that does so much
|
|t:|1614650052
|switch|p2a: Poseidon-Blade|Urshifu-Rapid-Strike, M|1/100
|-damage|p2a: Poseidon-Blade|0 fnt|[from] Stealth Rock
|faint|p2a: Poseidon-Blade
|move|p1a: Toxapex|Recover|p1a: Toxapex
|-heal|p1a: Toxapex|99/100
|
|upkeep
|
|t:|1614650055
|switch|p2a: Kyotaro|Kyurem, shiny|94/100
|-damage|p2a: Kyotaro|70/100|[from] Stealth Rock
|-ability|p2a: Kyotaro|Pressure
|turn|36
|inactive|BurlyBear_poke has 90 seconds left.
|j| Roonie216
|
|t:|1614650100
|switch|p1a: Clefable|Clefable, F|63/100
|move|p2a: Kyotaro|Freeze-Dry|p1a: Clefable
|-crit|p1a: Clefable
|-damage|p1a: Clefable|9/100
|-status|p1a: Clefable|frz
|
|upkeep
|turn|37
|c|☆isheavydead|sorry
|c|☆BurlyBear_poke|oh my word
|c|☆BurlyBear_poke|bro
|c|☆isheavydead|i think that killed tho
|c|☆BurlyBear_poke|not the crit it didn't matter
|c|☆BurlyBear_poke|or the freeze
|c|☆BurlyBear_poke|i was just so prepared
|c|☆BurlyBear_poke|to see specs
|c|☆BurlyBear_poke|well
|inactive|BurlyBear_poke has 60 seconds left.
|c|☆isheavydead|oh
|c|☆BurlyBear_poke|crap
|inactive|BurlyBear_poke has 30 seconds left.
|
|t:|1614650160
|move|p2a: Kyotaro|Freeze-Dry|p1a: Clefable
|-damage|p1a: Clefable|0 fnt
|faint|p1a: Clefable
|
|upkeep
|inactive|BurlyBear_poke has 30 seconds left this turn.
|j|#brouha☆
|inactive|BurlyBear_poke has 20 seconds left.
|c| Zombini62|Kyotaro wins again
|
|t:|1614650175
|switch|p1a: Ditto|Ditto|39/100
|-transform|p1a: Ditto|p2a: Kyotaro|[from] ability: Imposter
|-ability|p1a: Ditto|Pressure
|turn|38
|inactive|BurlyBear_poke has 30 seconds left this turn.
|l| capo test
|j| TrainerTortilla
|inactive|BurlyBear_poke has 20 seconds left.
|
|t:|1614650197
|move|p2a: Kyotaro|Freeze-Dry|p1a: Ditto
|-damage|p1a: Ditto|0 fnt
|faint|p1a: Ditto
|
|upkeep
|inactive|BurlyBear_poke has 25 seconds left this turn.
|
|t:|1614650199
|switch|p1a: Toxapex|Toxapex, F|100/100
|turn|39
|
|t:|1614650202
|move|p2a: Kyotaro|Freeze-Dry|p1a: Toxapex
|-supereffective|p1a: Toxapex
|-damage|p1a: Toxapex|34/100
|move|p1a: Toxapex|Knock Off|p2a: Kyotaro
|-damage|p2a: Kyotaro|55/100
|-enditem|p2a: Kyotaro|Choice Scarf|[from] move: Knock Off|[of] p1a: Toxapex
|
|upkeep
|turn|40
|
|t:|1614650205
|move|p2a: Kyotaro|Freeze-Dry|p1a: Toxapex
|-supereffective|p1a: Toxapex
|-damage|p1a: Toxapex|0 fnt
|faint|p1a: Toxapex
|
|win|isheavydead
|n|☆BurlyBear_poke|burlybearpoke
|n|☆isheavydead|isheavydead
|n| mcp3|mcp3
|n| htcl 山羊|htcl
|n| Lost again|lostagain
|n| Datsko|datsko
|n| Separation|separation
|n| Zombini62|zombini62
|n| trollllordd|trollllordd
|n| Mel0nL0rd|mel0nl0rd
|n| stareal|stareal
|n| Roonie216|roonie216
|n|%brouha☆|brouha
|n| TrainerTortilla|trainertortilla
|c|☆isheavydead|gg
|l| Datsko
|l|☆isheavydead
