|j|☆singx5ds
|j|☆yuwenzhao
|t:|1662212493
|gametype|singles
|player|p1|singx5ds|acetrainerf|1539
|player|p2|yuwenzhao|dawn|1487
|teamsize|p1|6
|teamsize|p2|6
|gen|8
|tier|[Gen 8] OU
|rated|
|rule|Sleep Clause Mod: Limit one foe put to sleep
|rule|Species Clause: Limit one of each Pokémon
|rule|OHKO Clause: OHKO moves are banned
|rule|Evasion Items Clause: Evasion items are banned
|rule|Evasion Moves Clause: Evasion moves are banned
|rule|Endless Battle Clause: Forcing endless battles is banned
|rule|HP Percentage Mod: HP is shown in percentages
|rule|Dynamax Clause: You cannot dynamax
|clearpoke
|poke|p1|Rillaboom, F|
|poke|p1|Kartana|
|poke|p1|Volcanion|
|poke|p1|Nihilego|
|poke|p1|Zapdos|
|poke|p1|Landorus-Therian, M|
|poke|p2|Rillaboom, F|
|poke|p2|Zarude-Dada|
|poke|p2|Kartana|
|poke|p2|Volcanion|
|poke|p2|Nihilego|
|poke|p2|Zapdos|
|teampreview
|inactive|Battle timer is ON: inactive players will automatically lose when time's up. (requested by yuwenzhao)
|c|☆singx5ds|好家伙，草爆破
|c|☆singx5ds|我就是这个队伍改的
|
|t:|1662212518
|start
|switch|p1a: Zapdos|Zapdos|100/100
|switch|p2a: Volcanion|Volcanion|100/100
|turn|1
|l|☆singx5ds
|inactive|singx5ds disconnected and has a minute to reconnect!
|player|p1|
|c|☆yuwenzhao|镜像是吧
|j|☆singx5ds
|inactive|singx5ds reconnected and has 140 seconds left.
|player|p1|singx5ds|acetrainerf
|c|☆singx5ds|你是UP主吗
|
|t:|1662212540
|switch|p2a: Nihilego|Nihilego|100/100
|move|p1a: Zapdos|Volt Switch|p2a: Nihilego
|-damage|p2a: Nihilego|80/100
|c|☆yuwenzhao|不是
|inactive|singx5ds has 120 seconds left.
|
|t:|1662212557
|switch|p1a: Landorus|Landorus-Therian, M|100/100|[from]move: Volt Switch
|-ability|p1a: Landorus|Intimidate|boost
|-unboost|p2a: Nihilego|atk|1
|
|upkeep
|turn|2
|
|t:|1662212564
|move|p2a: Nihilego|Stealth Rock|p1a: Landorus
|-sidestart|p1: singx5ds|move: Stealth Rock
|move|p1a: Landorus|Stealth Rock|p2a: Nihilego
|-sidestart|p2: yuwenzhao|move: Stealth Rock
|
|upkeep
|turn|3
|
|t:|1662212572
|move|p2a: Nihilego|Meteor Beam||[still]
|-prepare|p2a: Nihilego|Meteor Beam
|-boost|p2a: Nihilego|spa|1
|-enditem|p2a: Nihilego|Power Herb
|-anim|p2a: Nihilego|Meteor Beam|p1a: Landorus
|-damage|p1a: Landorus|37/100
|move|p1a: Landorus|Earthquake|p2a: Nihilego
|-supereffective|p2a: Nihilego
|-damage|p2a: Nihilego|0 fnt
|faint|p2a: Nihilego
|
|-heal|p1a: Landorus|43/100|[from] item: Leftovers
|upkeep
|
|t:|1662212585
|switch|p2a: Kartana|Kartana|100/100
|-damage|p2a: Kartana|94/100|[from] Stealth Rock
|turn|4
|
|t:|1662212590
|switch|p1a: Zapdos|Zapdos|100/100
|move|p2a: Kartana|Swords Dance|p2a: Kartana
|-boost|p2a: Kartana|atk|2
|
|upkeep
|turn|5
|
|t:|1662212595
|move|p2a: Kartana|Knock Off|p1a: Zapdos
|-damage|p1a: Zapdos|20/100
|-enditem|p1a: Zapdos|Heavy-Duty Boots|[from] move: Knock Off|[of] p2a: Kartana
|-damage|p2a: Kartana|84/100|[from] item: Life Orb
|move|p1a: Zapdos|Hurricane|p2a: Kartana|[miss]
|-miss|p1a: Zapdos|p2a: Kartana
|
|upkeep
|turn|6
|
|t:|1662212607
|switch|p1a: Landorus|Landorus-Therian, M|43/100
|-damage|p1a: Landorus|31/100|[from] Stealth Rock
|-ability|p1a: Landorus|Intimidate|boost
|-unboost|p2a: Kartana|atk|1
|move|p2a: Kartana|Knock Off|p1a: Landorus
|-damage|p1a: Landorus|0 fnt
|-enditem|p1a: Landorus|Leftovers|[from] move: Knock Off|[of] p2a: Kartana
|faint|p1a: Landorus
|-ability|p2a: Kartana|Beast Boost|boost
|-boost|p2a: Kartana|atk|1
|-damage|p2a: Kartana|74/100|[from] item: Life Orb
|
|upkeep
|
|t:|1662212615
|switch|p1a: Kartana|Kartana|100/100
|-damage|p1a: Kartana|94/100|[from] Stealth Rock
|turn|7
|
|t:|1662212621
|move|p1a: Kartana|Sacred Sword|p2a: Kartana
|-supereffective|p2a: Kartana
|-damage|p2a: Kartana|0 fnt
|faint|p2a: Kartana
|-ability|p1a: Kartana|Beast Boost|boost
|-boost|p1a: Kartana|atk|1
|
|upkeep
|
|t:|1662212627
|switch|p2a: Zapdos|Zapdos|100/100
|turn|8
|
|t:|1662212635
|switch|p1a: Nihilego|Nihilego|100/100
|-damage|p1a: Nihilego|88/100|[from] Stealth Rock
|move|p2a: Zapdos|Thunderbolt|p1a: Nihilego
|-damage|p1a: Nihilego|63/100
|
|upkeep
|turn|9
|
|t:|1662212658
|switch|p2a: Zarude|Zarude-Dada|100/100
|-damage|p2a: Zarude|88/100|[from] Stealth Rock
|move|p1a: Nihilego|Meteor Beam||[still]
|-prepare|p1a: Nihilego|Meteor Beam
|-boost|p1a: Nihilego|spa|1
|-enditem|p1a: Nihilego|Power Herb
|-anim|p1a: Nihilego|Meteor Beam|p2a: Zarude
|-damage|p2a: Zarude|3/100
|
|upkeep
|turn|10
|
|t:|1662212677
|switch|p1a: Zapdos|Zapdos|20/100
|-damage|p1a: Zapdos|0 fnt|[from] Stealth Rock
|faint|p1a: Zapdos
|move|p2a: Zarude|Darkest Lariat|p1: Zapdos|[notarget]
|-fail|p2a: Zarude
|
|upkeep
|l|☆singx5ds
|inactive|singx5ds disconnected and has a minute to reconnect!
|player|p1|
|j|☆singx5ds
|inactive|singx5ds reconnected and has 115 seconds left.
|player|p1|singx5ds|acetrainerf
|
|t:|1662212706
|switch|p1a: Kartana|Kartana|94/100
|-damage|p1a: Kartana|88/100|[from] Stealth Rock
|turn|11
|
|t:|1662212712
|switch|p2a: Zapdos|Zapdos|100/100
|move|p1a: Kartana|Knock Off|p2a: Zapdos
|-damage|p2a: Zapdos|60/100
|-status|p1a: Kartana|par|[from] ability: Static|[of] p2a: Zapdos
|-enditem|p2a: Zapdos|Heavy-Duty Boots|[from] move: Knock Off|[of] p1a: Kartana
|
|upkeep
|turn|12
|inactive|singx5ds has 120 seconds left.
|c|☆singx5ds|hax浓度过高…
|
|t:|1662212733
|switch|p1a: Nihilego|Nihilego|63/100
|-damage|p1a: Nihilego|50/100|[from] Stealth Rock
|move|p2a: Zapdos|Hurricane|p1a: Nihilego
|-resisted|p1a: Nihilego
|-damage|p1a: Nihilego|33/100
|
|upkeep
|turn|13
|inactive|singx5ds has 120 seconds left.
|
|t:|1662212743
|move|p1a: Nihilego|Sludge Wave|p2a: Zapdos
|-damage|p2a: Zapdos|13/100
|move|p2a: Zapdos|Roost|p2a: Zapdos
|-heal|p2a: Zapdos|63/100
|-singleturn|p2a: Zapdos|move: Roost
|
|upkeep
|turn|14
|
|t:|1662212749
|move|p1a: Nihilego|Power Gem|p2a: Zapdos
|-supereffective|p2a: Zapdos
|-damage|p2a: Zapdos|0 fnt
|faint|p2a: Zapdos
|-ability|p1a: Nihilego|Beast Boost|boost
|-boost|p1a: Nihilego|spe|1
|
|upkeep
|
|t:|1662212758
|switch|p2a: Rillaboom|Rillaboom, F|100/100
|-damage|p2a: Rillaboom|88/100|[from] Stealth Rock
|-fieldstart|move: Grassy Terrain|[from] ability: Grassy Surge|[of] p2a: Rillaboom
|turn|15
|
|t:|1662212765
|move|p2a: Rillaboom|Grassy Glide|p1a: Nihilego
|-damage|p1a: Nihilego|0 fnt
|faint|p1a: Nihilego
|
|-heal|p2a: Rillaboom|94/100|[from] Grassy Terrain
|upkeep
|
|t:|1662212768
|switch|p1a: Rillaboom|Rillaboom, F|100/100
|-damage|p1a: Rillaboom|88/100|[from] Stealth Rock
|turn|16
|
|t:|1662212774
|move|p2a: Rillaboom|Swords Dance|p2a: Rillaboom
|-boost|p2a: Rillaboom|atk|2
|move|p1a: Rillaboom|Swords Dance|p1a: Rillaboom
|-boost|p1a: Rillaboom|atk|2
|
|-heal|p1a: Rillaboom|94/100|[from] Grassy Terrain
|-heal|p2a: Rillaboom|100/100|[from] Grassy Terrain
|upkeep
|turn|17
|
|t:|1662212783
|move|p2a: Rillaboom|Grassy Glide|p1a: Rillaboom
|-resisted|p1a: Rillaboom
|-damage|p1a: Rillaboom|41/100
|move|p1a: Rillaboom|Drain Punch|p2a: Rillaboom
|-damage|p2a: Rillaboom|18/100
|-heal|p1a: Rillaboom|83/100|[from] drain|[of] p2a: Rillaboom
|-damage|p1a: Rillaboom|73/100|[from] item: Life Orb
|
|-heal|p2a: Rillaboom|24/100|[from] Grassy Terrain
|-heal|p1a: Rillaboom|79/100|[from] Grassy Terrain
|upkeep
|turn|18
|
|t:|1662212796
|move|p1a: Rillaboom|Grassy Glide|p2a: Rillaboom
|-resisted|p2a: Rillaboom
|-damage|p2a: Rillaboom|0 fnt
|faint|p2a: Rillaboom
|-damage|p1a: Rillaboom|69/100|[from] item: Life Orb
|
|-heal|p1a: Rillaboom|75/100|[from] Grassy Terrain
|upkeep
|-message|yuwenzhao forfeited.
|
|win|singx5ds
|raw|singx5ds's rating: 1539 &rarr; <strong>1556</strong><br />(+17 for winning)
|raw|yuwenzhao's rating: 1487 &rarr; <strong>1470</strong><br />(-17 for losing)
|l|☆yuwenzhao
||Ladder isn't responding, score probably updated but might not have (Request timeout).
