|j|☆Steez Ibanez
|j|☆LolzMachine
|t:|1667489225
|gametype|singles
|player|p1|Steez Ibanez|acetrainer-gen7|1779
|player|p2|LolzMachine|1|1794
|teamsize|p1|6
|teamsize|p2|6
|gen|8
|tier|[Gen 8] OU
|rated|
|rule|Sleep Clause Mod: Limit one foe put to sleep
|rule|Species Clause: Limit one of each Pokémon
|rule|OHKO Clause: OHKO moves are banned
|rule|Evasion Items Clause: Evasion items are banned
|rule|Evasion Moves Clause: Evasion moves are banned
|rule|Endless Battle Clause: Forcing endless battles is banned
|rule|HP Percentage Mod: HP is shown in percentages
|rule|Dynamax Clause: You cannot dynamax
|clearpoke
|poke|p1|Dragapult, M|
|poke|p1|Zapdos|
|poke|p1|Heatran, M|
|poke|p1|Garchomp, M|
|poke|p1|Ferrothorn, M|
|poke|p1|Weezing-Galar, M|
|poke|p2|Haxorus, M|
|poke|p2|Ferrothorn, F|
|poke|p2|Landorus-Therian, M|
|poke|p2|Tyranitar, F|
|poke|p2|Volcarona, F|
|poke|p2|Buzzwole|
|teampreview
|inactive|Battle timer is ON: inactive players will automatically lose when time's up. (requested by Steez Ibanez)
|
|t:|1667489233
|start
|switch|p1a: Toothless|Dragapult, M|100/100
|switch|p2a: Landorus|Landorus-Therian, M|100/100
|-ability|p2a: Landorus|Intimidate|boost
|-fail|p1a: Toothless|unboost|[from] ability: Clear Body|[of] p1a: Toothless
|turn|1
|j| cypherstest
|
|t:|1667489237
|switch|p1a: Speedwagon|Weezing-Galar, M|100/100
|move|p2a: Landorus|Earthquake|p1a: Speedwagon
|-immune|p1a: Speedwagon|[from] ability: Levitate
|
|upkeep
|turn|2
|j| Fantominus83
|
|t:|1667489240
|move|p2a: Landorus|U-turn|p1a: Speedwagon
|-resisted|p1a: Speedwagon
|-damage|p1a: Speedwagon|96/100
|
|t:|1667489244
|switch|p2a: Volcarona|Volcarona, F|100/100|[from]move: U-turn
|move|p1a: Speedwagon|Toxic Spikes|p2a: Volcarona
|-sidestart|p2: LolzMachine|move: Toxic Spikes
|
|-heal|p1a: Speedwagon|100/100|[from] item: Black Sludge
|upkeep
|turn|3
|
|t:|1667489249
|switch|p2a: Landorus|Landorus-Therian, M|100/100
|-ability|p2a: Landorus|Intimidate|boost
|-unboost|p1a: Speedwagon|atk|1
|switch|p1a: Hephaestus|Heatran, M|100/100
|-item|p1a: Hephaestus|Air Balloon
|
|upkeep
|turn|4
|
|t:|1667489252
|move|p2a: Landorus|Smack Down|p1a: Hephaestus
|-damage|p1a: Hephaestus|83/100
|-enditem|p1a: Hephaestus|Air Balloon
|move|p1a: Hephaestus|Eruption|p2a: Landorus
|-damage|p2a: Landorus|18/100
|
|upkeep
|turn|5
|j| CartelCarlo
|
|t:|1667489259
|switch|p1a: Speedwagon|Weezing-Galar, M|100/100
|move|p2a: Landorus|Smack Down|p1a: Speedwagon
|-damage|p1a: Speedwagon|89/100
|-start|p1a: Speedwagon|Smack Down
|
|-heal|p1a: Speedwagon|95/100|[from] item: Black Sludge
|upkeep
|turn|6
|
|t:|1667489262
|switch|p1a: Bolt|Zapdos|100/100
|move|p2a: Landorus|Stealth Rock|p1a: Bolt
|-sidestart|p1: Steez Ibanez|move: Stealth Rock
|
|upkeep
|turn|7
|
|t:|1667489266
|move|p2a: Landorus|Smack Down|p1a: Bolt
|-supereffective|p1a: Bolt
|-damage|p1a: Bolt|74/100
|-start|p1a: Bolt|Smack Down
|move|p1a: Bolt|Heat Wave|p2a: Landorus
|-damage|p2a: Landorus|0 fnt
|faint|p2a: Landorus
|
|upkeep
|
|t:|1667489266
|switch|p2a: Ferrothorn|Ferrothorn, F|100/100
|turn|8
|
|t:|1667489272
|switch|p2a: Tyranitar|Tyranitar, F|100/100
|-status|p2a: Tyranitar|psn
|-weather|Sandstorm|[from] ability: Sand Stream|[of] p2a: Tyranitar
|move|p1a: Bolt|Heat Wave|p2a: Tyranitar
|-resisted|p2a: Tyranitar
|-damage|p2a: Tyranitar|92/100 psn
|
|-weather|Sandstorm|[upkeep]
|-damage|p1a: Bolt|68/100|[from] Sandstorm
|-damage|p2a: Tyranitar|79/100 psn|[from] psn
|upkeep
|turn|9
|
|t:|1667489276
|move|p1a: Bolt|Roost|p1a: Bolt
|-heal|p1a: Bolt|100/100
|-singleturn|p1a: Bolt|move: Roost
|move|p2a: Tyranitar|Dragon Dance|p2a: Tyranitar
|-boost|p2a: Tyranitar|atk|1
|-boost|p2a: Tyranitar|spe|1
|
|-weather|Sandstorm|[upkeep]
|-damage|p1a: Bolt|94/100|[from] Sandstorm
|-damage|p2a: Tyranitar|67/100 psn|[from] psn
|upkeep
|turn|10
|
|t:|1667489279
|move|p2a: Tyranitar|Stone Edge|p1a: Bolt
|-supereffective|p1a: Bolt
|-damage|p1a: Bolt|0 fnt
|faint|p1a: Bolt
|
|-weather|Sandstorm|[upkeep]
|-damage|p2a: Tyranitar|55/100 psn|[from] psn
|upkeep
|
|t:|1667489282
|switch|p1a: Speedwagon|Weezing-Galar, M|95/100
|-damage|p1a: Speedwagon|82/100|[from] Stealth Rock
|turn|11
|
|t:|1667489284
|move|p2a: Tyranitar|Stone Edge|p1a: Speedwagon
|-damage|p1a: Speedwagon|24/100
|move|p1a: Speedwagon|Strange Steam|p2a: Tyranitar
|-supereffective|p2a: Tyranitar
|-damage|p2a: Tyranitar|21/100 psn
|-enditem|p2a: Tyranitar|Weakness Policy
|-boost|p2a: Tyranitar|atk|2|[from] item: Weakness Policy
|-boost|p2a: Tyranitar|spa|2|[from] item: Weakness Policy
|
|-weather|Sandstorm|[upkeep]
|-damage|p1a: Speedwagon|18/100|[from] Sandstorm
|-heal|p1a: Speedwagon|24/100|[from] item: Black Sludge
|-damage|p2a: Tyranitar|8/100 psn|[from] psn
|upkeep
|turn|12
|
|t:|1667489289
|move|p2a: Tyranitar|Ice Punch|p1a: Speedwagon
|-damage|p1a: Speedwagon|0 fnt
|faint|p1a: Speedwagon
|
|-weather|none
|-damage|p2a: Tyranitar|0 fnt|[from] psn
|faint|p2a: Tyranitar
|upkeep
|
|t:|1667489295
|switch|p2a: Ferrothorn|Ferrothorn, F|100/100
|switch|p1a: Toothless|Dragapult, M|100/100
|turn|13
|
|t:|1667489298
|switch|p1a: Hephaestus|Heatran, M|83/100
|-damage|p1a: Hephaestus|70/100|[from] Stealth Rock
|move|p2a: Ferrothorn|Knock Off|p1a: Hephaestus
|-damage|p1a: Hephaestus|55/100
|
|upkeep
|turn|14
|j| cavs52
|
|t:|1667489303
|switch|p2a: Haxorus|Haxorus, M|100/100
|-status|p2a: Haxorus|psn
|-ability|p2a: Haxorus|Mold Breaker
|move|p1a: Hephaestus|Eruption|p2a: Haxorus
|-resisted|p2a: Haxorus
|-damage|p2a: Haxorus|67/100 psn
|
|-damage|p2a: Haxorus|55/100 psn|[from] psn
|upkeep
|turn|15
|
|t:|1667489308
|move|p2a: Haxorus|Outrage|p1a: Hephaestus
|-resisted|p1a: Hephaestus
|-damage|p1a: Hephaestus|1/100
|move|p1a: Hephaestus|Earth Power|p2a: Haxorus
|-damage|p2a: Haxorus|5/100 psn
|
|-damage|p2a: Haxorus|0 fnt|[from] psn
|faint|p2a: Haxorus
|upkeep
|
|t:|1667489312
|switch|p2a: Volcarona|Volcarona, F|100/100
|turn|16
|j| WeirdHamster
|
|t:|1667489321
|switch|p1a: Toothless|Dragapult, M|100/100
|move|p2a: Volcarona|Quiver Dance|p2a: Volcarona
|-boost|p2a: Volcarona|spa|1
|-boost|p2a: Volcarona|spd|1
|-boost|p2a: Volcarona|spe|1
|
|upkeep
|turn|17
|
|t:|1667489325
|move|p2a: Volcarona|Psychic|p1a: Toothless
|-damage|p1a: Toothless|35/100
|move|p1a: Toothless|Thunder Wave|p2a: Volcarona|[miss]
|-miss|p1a: Toothless|p2a: Volcarona
|
|upkeep
|turn|18
|
|t:|1667489329
|move|p2a: Volcarona|Psychic|p1a: Toothless
|-damage|p1a: Toothless|0 fnt
|faint|p1a: Toothless
|
|upkeep
|
|t:|1667489331
|switch|p1a: Samehada|Garchomp, M|100/100
|-damage|p1a: Samehada|94/100|[from] Stealth Rock
|turn|19
|
|t:|1667489333
|move|p2a: Volcarona|Bug Buzz|p1a: Samehada
|-damage|p1a: Samehada|14/100
|move|p1a: Samehada|Scale Shot|p2a: Volcarona
|-damage|p2a: Volcarona|79/100
|-damage|p2a: Volcarona|58/100
|-damage|p2a: Volcarona|37/100
|-hitcount|p2a: Volcarona|3
|-unboost|p1a: Samehada|def|1
|-boost|p1a: Samehada|spe|1
|
|-heal|p1a: Samehada|20/100|[from] item: Leftovers
|upkeep
|turn|20
|
|t:|1667489337
|move|p1a: Samehada|Earthquake|p2a: Volcarona
|-damage|p2a: Volcarona|0 fnt
|faint|p2a: Volcarona
|
|-heal|p1a: Samehada|26/100|[from] item: Leftovers
|upkeep
|
|t:|1667489340
|switch|p2a: Buzzwole|Buzzwole|100/100
|turn|21
|
|t:|1667489345
|switch|p1a: Hephaestus|Heatran, M|1/100
|-damage|p1a: Hephaestus|0 fnt|[from] Stealth Rock
|faint|p1a: Hephaestus
|move|p2a: Buzzwole|Ice Punch|p1: Hephaestus|[notarget]
|-fail|p2a: Buzzwole
|
|upkeep
|
|t:|1667489346
|switch|p1a: Abomination|Ferrothorn, M|100/100
|-damage|p1a: Abomination|95/100|[from] Stealth Rock
|turn|22
|
|t:|1667489349
|move|p2a: Buzzwole|Close Combat|p1a: Abomination
|-supereffective|p1a: Abomination
|-damage|p1a: Abomination|8/100
|-unboost|p2a: Buzzwole|def|1
|-unboost|p2a: Buzzwole|spd|1
|-damage|p2a: Buzzwole|88/100|[from] ability: Iron Barbs|[of] p1a: Abomination
|-damage|p2a: Buzzwole|71/100|[from] item: Rocky Helmet|[of] p1a: Abomination
|move|p1a: Abomination|Leech Seed|p2a: Buzzwole
|-start|p2a: Buzzwole|move: Leech Seed
|
|-damage|p2a: Buzzwole|59/100|[from] Leech Seed|[of] p1a: Abomination
|-heal|p1a: Abomination|22/100|[silent]
|upkeep
|turn|23
|
|t:|1667489355
|move|p2a: Buzzwole|Close Combat|p1a: Abomination
|-supereffective|p1a: Abomination
|-damage|p1a: Abomination|0 fnt
|-unboost|p2a: Buzzwole|def|1
|-unboost|p2a: Buzzwole|spd|1
|-damage|p2a: Buzzwole|47/100|[from] ability: Iron Barbs|[of] p1a: Abomination
|-damage|p2a: Buzzwole|30/100|[from] item: Rocky Helmet|[of] p1a: Abomination
|faint|p1a: Abomination
|-ability|p2a: Buzzwole|Beast Boost|boost
|-boost|p2a: Buzzwole|atk|1
|
|upkeep
|
|t:|1667489357
|switch|p1a: Samehada|Garchomp, M|26/100
|-damage|p1a: Samehada|20/100|[from] Stealth Rock
|turn|24
|
|t:|1667489370
|move|p1a: Samehada|Fire Fang|p2a: Buzzwole
|-supereffective|p2a: Buzzwole
|-damage|p2a: Buzzwole|0 fnt
|faint|p2a: Buzzwole
|
|-heal|p1a: Samehada|26/100|[from] item: Leftovers
|upkeep
|
|t:|1667489372
|switch|p2a: Ferrothorn|Ferrothorn, F|100/100
|turn|25
|
|t:|1667489375
|move|p1a: Samehada|Fire Fang|p2a: Ferrothorn
|-supereffective|p2a: Ferrothorn
|-damage|p2a: Ferrothorn|45/100
|-damage|p1a: Samehada|14/100|[from] ability: Iron Barbs|[of] p2a: Ferrothorn
|-damage|p1a: Samehada|0 fnt|[from] item: Rocky Helmet|[of] p2a: Ferrothorn
|faint|p1a: Samehada
|
|win|LolzMachine
|raw|Steez Ibanez's rating: 1779 &rarr; <strong>1759</strong><br />(-20 for losing)
|raw|LolzMachine's rating: 1773 &rarr; <strong>1793</strong><br />(+20 for winning)
|l| CartelCarlo
|l|☆Steez Ibanez
||Ladder isn't responding, score probably updated but might not have (Request timeout).
|l| cypherstest
|l|☆LolzMachine
|l| Fantominus83
|l| cavs52
