|j|☆Le-Perpetrator
|j|☆testotesto321
|player|p1|Le-Perpetrator|169|1846
|player|p2|testotesto321|agatha-gen1rb|1698
|teamsize|p1|6
|teamsize|p2|6
|gametype|singles
|gen|8
|tier|[Gen 8] OU
|rated|
|clearpoke
|poke|p1|Cinderace, F|
|poke|p1|Hatterene, F|
|poke|p1|Togekiss, M|
|poke|p1|Ferrothorn, F|
|poke|p1|Zeraora|
|poke|p1|Toxapex, M|
|poke|p2|Gengar, F|
|poke|p2|Hydreigon, F|
|poke|p2|Cinderace, F|
|poke|p2|Clefable, F|
|poke|p2|Corviknight, F|
|poke|p2|Toxapex, F|
|rule|Sleep Clause Mod: Limit one foe put to sleep
|rule|Species Clause: Limit one of each Pokémon
|rule|OHKO Clause: OHKO moves are banned
|rule|Evasion Moves Clause: Evasion moves are banned
|rule|Endless Battle Clause: Forcing endless battles is banned
|rule|HP Percentage Mod: HP is shown in percentages
|rule|Dynamax Clause: You cannot dynamax
|teampreview
|j| ketbreezy
|inactive|Battle timer is ON: inactive players will automatically lose when time's up. (requested by testotesto321)
|
|start
|switch|p1a: Zeraora|Zeraora|100/100
|switch|p2a: Cinderace|Cinderace, F|100/100
|turn|1
|
|move|p1a: Zeraora|Bulk Up|p1a: Zeraora
|-boost|p1a: Zeraora|atk|1
|-boost|p1a: Zeraora|def|1
|move|p2a: Cinderace|U-turn|p1a: Zeraora
|-start|p2a: Cinderace|typechange|Bug|[from] ability: Libero
|-damage|p1a: Zeraora|72/100
|
|switch|p2a: Hydreigon|Hydreigon, F|100/100|[from]move: U-turn
|
|upkeep
|turn|2
|
|switch|p1a: Togekiss|Togekiss, M|100/100
|move|p2a: Hydreigon|U-turn|p1a: Togekiss
|-resisted|p1a: Togekiss
|-damage|p1a: Togekiss|97/100
|
|switch|p2a: Gengar|Gengar, F|100/100|[from]move: U-turn
|
|-heal|p1a: Togekiss|100/100|[from] item: Leftovers
|upkeep
|turn|3
|
|switch|p1a: Ferrothorn|Ferrothorn, F|100/100
|move|p2a: Gengar|Will-O-Wisp|p1a: Ferrothorn
|-status|p1a: Ferrothorn|brn
|
|-damage|p1a: Ferrothorn|94/100 brn|[from] brn
|upkeep
|turn|4
|
|switch|p2a: Clefable|Clefable, F, shiny|100/100
|move|p1a: Ferrothorn|Stealth Rock|p2a: Clefable
|-sidestart|p2: testotesto321|move: Stealth Rock
|
|-damage|p1a: Ferrothorn|88/100 brn|[from] brn
|upkeep
|turn|5
|
|switch|p1a: Cinderace|Cinderace, F|100/100
|move|p2a: Clefable|Knock Off|p1a: Cinderace
|-damage|p1a: Cinderace|78/100
|-enditem|p1a: Cinderace|Choice Band|[from] move: Knock Off|[of] p2a: Clefable
|
|upkeep
|turn|6
|
|switch|p2a: Toxapex|Toxapex, F, shiny|100/100
|-damage|p2a: Toxapex|88/100|[from] Stealth Rock
|move|p1a: Cinderace|Pyro Ball|p2a: Toxapex
|-resisted|p2a: Toxapex
|-damage|p2a: Toxapex|72/100
|-status|p2a: Toxapex|brn
|
|-heal|p2a: Toxapex|78/100 brn|[from] item: Black Sludge
|-damage|p2a: Toxapex|72/100 brn|[from] brn
|upkeep
|turn|7
|
|switch|p2a: Hydreigon|Hydreigon, F|100/100
|-damage|p2a: Hydreigon|88/100|[from] Stealth Rock
|move|p1a: Cinderace|Zen Headbutt|p2a: Hydreigon
|-start|p1a: Cinderace|typechange|Psychic|[from] ability: Libero
|-immune|p2a: Hydreigon
|
|upkeep
|turn|8
|
|switch|p1a: Togekiss|Togekiss, M|100/100
|move|p2a: Hydreigon|U-turn|p1a: Togekiss
|-resisted|p1a: Togekiss
|-damage|p1a: Togekiss|96/100
|
|switch|p2a: Cinderace|Cinderace, F|100/100|[from]move: U-turn
|
|-heal|p1a: Togekiss|100/100|[from] item: Leftovers
|upkeep
|turn|9
|
|switch|p1a: Toxapex|Toxapex, M|100/100
|move|p2a: Cinderace|Pyro Ball|p1a: Toxapex
|-resisted|p1a: Toxapex
|-damage|p1a: Toxapex|81/100
|
|-heal|p1a: Toxapex|87/100|[from] item: Black Sludge
|upkeep
|turn|10
|
|switch|p2a: Corviknight|Corviknight, F, shiny|100/100
|-damage|p2a: Corviknight|88/100|[from] Stealth Rock
|-ability|p2a: Corviknight|Pressure
|move|p1a: Toxapex|Scald|p2a: Corviknight
|-damage|p2a: Corviknight|71/100
|
|-heal|p2a: Corviknight|77/100|[from] item: Leftovers
|-heal|p1a: Toxapex|93/100|[from] item: Black Sludge
|upkeep
|turn|11
|
|switch|p1a: Zeraora|Zeraora|72/100
|move|p2a: Corviknight|Defog|p1a: Zeraora
|-unboost|p1a: Zeraora|evasion|1
|-sideend|p2: testotesto321|Stealth Rock|[from] move: Defog|[of] p2a: Corviknight
|
|-heal|p2a: Corviknight|84/100|[from] item: Leftovers
|upkeep
|turn|12
|
|move|p1a: Zeraora|Plasma Fists|p2a: Corviknight
|-supereffective|p2a: Corviknight
|-damage|p2a: Corviknight|0 fnt
|-fieldactivate|move: Ion Deluge
|-damage|p1a: Zeraora|62/100|[from] item: Life Orb
|faint|p2a: Corviknight
|
|upkeep
|
|switch|p2a: Hydreigon|Hydreigon, F|88/100
|turn|13
|
|switch|p1a: Togekiss|Togekiss, M|100/100
|move|p2a: Hydreigon|Draco Meteor|p1a: Togekiss
|-immune|p1a: Togekiss
|
|upkeep
|turn|14
|
|switch|p2a: Cinderace|Cinderace, F|100/100
|move|p1a: Togekiss|Thunder Wave|p2a: Cinderace
|-status|p2a: Cinderace|par
|
|upkeep
|turn|15
|
|move|p1a: Togekiss|Air Slash|p2a: Cinderace
|-damage|p2a: Cinderace|49/100 par
|cant|p2a: Cinderace|flinch
|
|upkeep
|turn|16
|
|switch|p2a: Gengar|Gengar, F|100/100
|move|p1a: Togekiss|Air Slash|p2a: Gengar
|-damage|p2a: Gengar|39/100
|
|upkeep
|turn|17
|
|switch|p1a: Toxapex|Toxapex, M|100/100
|move|p2a: Gengar|Sludge Wave|p1a: Toxapex
|-resisted|p1a: Toxapex
|-damage|p1a: Toxapex|72/100
|
|-heal|p1a: Toxapex|78/100|[from] item: Black Sludge
|upkeep
|turn|18
|
|switch|p2a: Clefable|Clefable, F, shiny|100/100
|move|p1a: Toxapex|Scald|p2a: Clefable
|-damage|p2a: Clefable|87/100
|
|-heal|p2a: Clefable|93/100|[from] item: Leftovers
|-heal|p1a: Toxapex|84/100|[from] item: Black Sludge
|upkeep
|turn|19
|
|switch|p1a: Cinderace|Cinderace, F|78/100
|move|p2a: Clefable|Knock Off|p1a: Cinderace
|-damage|p1a: Cinderace|62/100
|
|-heal|p2a: Clefable|99/100|[from] item: Leftovers
|upkeep
|turn|20
|
|move|p1a: Cinderace|Zen Headbutt|p2a: Clefable
|-start|p1a: Cinderace|typechange|Psychic|[from] ability: Libero
|-damage|p2a: Clefable|54/100
|move|p2a: Clefable|Stealth Rock|p1a: Cinderace
|-sidestart|p1: Le-Perpetrator|move: Stealth Rock
|
|-heal|p2a: Clefable|60/100|[from] item: Leftovers
|upkeep
|turn|21
|
|move|p1a: Cinderace|Zen Headbutt|p2a: Clefable
|-damage|p2a: Clefable|17/100
|move|p2a: Clefable|Wish|p2a: Clefable
|
|-heal|p2a: Clefable|23/100|[from] item: Leftovers
|upkeep
|turn|22
|
|move|p2a: Clefable|Protect|p2a: Clefable
|-singleturn|p2a: Clefable|Protect
|move|p1a: Cinderace|U-turn|p2a: Clefable
|-start|p1a: Cinderace|typechange|Bug|[from] ability: Libero
|-activate|p2a: Clefable|move: Protect
|
|-heal|p2a: Clefable|73/100|[from] move: Wish|[wisher] Clefable
|-heal|p2a: Clefable|79/100|[from] item: Leftovers
|upkeep
|turn|23
|
|move|p1a: Cinderace|Pyro Ball|p2a: Clefable
|-start|p1a: Cinderace|typechange|Fire|[from] ability: Libero
|-damage|p2a: Clefable|19/100
|-status|p2a: Clefable|brn
|move|p2a: Clefable|Wish|p2a: Clefable
|
|-heal|p2a: Clefable|25/100 brn|[from] item: Leftovers
|upkeep
|turn|24
|j| centican
|
|move|p2a: Clefable|Protect|p2a: Clefable
|-singleturn|p2a: Clefable|Protect
|move|p1a: Cinderace|Zen Headbutt|p2a: Clefable
|-start|p1a: Cinderace|typechange|Psychic|[from] ability: Libero
|-activate|p2a: Clefable|move: Protect
|
|-heal|p2a: Clefable|75/100 brn|[from] move: Wish|[wisher] Clefable
|-heal|p2a: Clefable|81/100 brn|[from] item: Leftovers
|upkeep
|turn|25
|
|move|p1a: Cinderace|Pyro Ball|p2a: Clefable
|-start|p1a: Cinderace|typechange|Fire|[from] ability: Libero
|-damage|p2a: Clefable|19/100 brn
|move|p2a: Clefable|Wish|p2a: Clefable
|
|-heal|p2a: Clefable|25/100 brn|[from] item: Leftovers
|upkeep
|turn|26
|
|move|p2a: Clefable|Protect|p2a: Clefable
|-singleturn|p2a: Clefable|Protect
|move|p1a: Cinderace|Zen Headbutt|p2a: Clefable
|-start|p1a: Cinderace|typechange|Psychic|[from] ability: Libero
|-activate|p2a: Clefable|move: Protect
|
|-heal|p2a: Clefable|75/100 brn|[from] move: Wish|[wisher] Clefable
|-heal|p2a: Clefable|81/100 brn|[from] item: Leftovers
|upkeep
|turn|27
|
|move|p1a: Cinderace|Pyro Ball|p2a: Clefable
|-start|p1a: Cinderace|typechange|Fire|[from] ability: Libero
|-damage|p2a: Clefable|13/100 brn
|move|p2a: Clefable|Wish|p2a: Clefable
|
|-heal|p2a: Clefable|19/100 brn|[from] item: Leftovers
|upkeep
|turn|28
|
|move|p2a: Clefable|Protect|p2a: Clefable
|-singleturn|p2a: Clefable|Protect
|move|p1a: Cinderace|Zen Headbutt|p2a: Clefable
|-start|p1a: Cinderace|typechange|Psychic|[from] ability: Libero
|-activate|p2a: Clefable|move: Protect
|
|-heal|p2a: Clefable|69/100 brn|[from] move: Wish|[wisher] Clefable
|-heal|p2a: Clefable|75/100 brn|[from] item: Leftovers
|upkeep
|turn|29
|
|switch|p2a: Toxapex|Toxapex, F, shiny|100/100 brn
|move|p1a: Cinderace|Pyro Ball|p2a: Toxapex
|-start|p1a: Cinderace|typechange|Fire|[from] ability: Libero
|-resisted|p2a: Toxapex
|-damage|p2a: Toxapex|84/100 brn
|
|-heal|p2a: Toxapex|91/100 brn|[from] item: Black Sludge
|-damage|p2a: Toxapex|84/100 brn|[from] brn
|upkeep
|turn|30
|
|move|p1a: Cinderace|Zen Headbutt|p2a: Toxapex
|-start|p1a: Cinderace|typechange|Psychic|[from] ability: Libero
|-supereffective|p2a: Toxapex
|-damage|p2a: Toxapex|37/100 brn
|move|p2a: Toxapex|Scald|p1a: Cinderace
|-damage|p1a: Cinderace|36/100
|-status|p1a: Cinderace|brn
|
|-heal|p2a: Toxapex|43/100 brn|[from] item: Black Sludge
|-damage|p1a: Cinderace|30/100 brn|[from] brn
|-damage|p2a: Toxapex|37/100 brn|[from] brn
|upkeep
|turn|31
|
|switch|p2a: Hydreigon|Hydreigon, F|88/100
|move|p1a: Cinderace|U-turn|p2a: Hydreigon
|-start|p1a: Cinderace|typechange|Bug|[from] ability: Libero
|-supereffective|p2a: Hydreigon
|-damage|p2a: Hydreigon|51/100
|
|switch|p1a: Hatterene|Hatterene, F|100/100|[from]move: U-turn
|-damage|p1a: Hatterene|88/100|[from] Stealth Rock
|
|upkeep
|turn|32
|
|move|p2a: Hydreigon|U-turn|p1a: Hatterene
|-damage|p1a: Hatterene|73/100
|
|switch|p2a: Clefable|Clefable, F, shiny|75/100 brn|[from]move: U-turn
|move|p1a: Hatterene|Psyshock|p2a: Clefable
|-damage|p2a: Clefable|0 fnt
|faint|p2a: Clefable
|
|upkeep
|
|switch|p2a: Gengar|Gengar, F|39/100
|turn|33
|
|switch|p1a: Toxapex|Toxapex, M|100/100
|-damage|p1a: Toxapex|88/100|[from] Stealth Rock
|move|p2a: Gengar|Shadow Ball|p1a: Toxapex
|-damage|p1a: Toxapex|39/100
|-unboost|p1a: Toxapex|spd|1
|
|-heal|p1a: Toxapex|46/100|[from] item: Black Sludge
|upkeep
|turn|34
|
|move|p1a: Toxapex|Baneful Bunker|p1a: Toxapex
|-singleturn|p1a: Toxapex|move: Protect
|move|p2a: Gengar|Shadow Ball|p1a: Toxapex
|-activate|p1a: Toxapex|move: Protect
|
|-heal|p1a: Toxapex|52/100|[from] item: Black Sludge
|upkeep
|turn|35
|
|switch|p1a: Ferrothorn|Ferrothorn, F|88/100 brn
|-damage|p1a: Ferrothorn|82/100 brn|[from] Stealth Rock
|move|p2a: Gengar|Shadow Ball|p1a: Ferrothorn
|-damage|p1a: Ferrothorn|37/100 brn
|
|-damage|p1a: Ferrothorn|31/100 brn|[from] brn
|upkeep
|turn|36
|
|move|p2a: Gengar|Shadow Ball|p1a: Ferrothorn
|-damage|p1a: Ferrothorn|0 fnt
|faint|p1a: Ferrothorn
|
|upkeep
|
|switch|p1a: Zeraora|Zeraora|62/100
|-damage|p1a: Zeraora|50/100|[from] Stealth Rock
|turn|37
|
|switch|p2a: Toxapex|Toxapex, F, shiny|70/100 brn
|move|p1a: Zeraora|Knock Off|p2a: Toxapex
|-damage|p2a: Toxapex|48/100 brn
|-enditem|p2a: Toxapex|Black Sludge|[from] move: Knock Off|[of] p1a: Zeraora
|-damage|p1a: Zeraora|40/100|[from] item: Life Orb
|
|-damage|p2a: Toxapex|41/100 brn|[from] brn
|upkeep
|turn|38
|
|switch|p2a: Hydreigon|Hydreigon, F|51/100
|move|p1a: Zeraora|Plasma Fists|p2a: Hydreigon
|-resisted|p2a: Hydreigon
|-damage|p2a: Hydreigon|18/100
|-fieldactivate|move: Ion Deluge
|-damage|p1a: Zeraora|30/100|[from] item: Life Orb
|
|upkeep
|turn|39
|
|switch|p1a: Cinderace|Cinderace, F|30/100 brn
|-damage|p1a: Cinderace|5/100 brn|[from] Stealth Rock
|move|p2a: Hydreigon|U-turn|p1a: Cinderace
|-resisted|p1a: Cinderace
|-damage|p1a: Cinderace|0 fnt
|faint|p1a: Cinderace
|
|switch|p2a: Gengar|Gengar, F|39/100|[from]move: U-turn
|
|upkeep
|
|switch|p1a: Toxapex|Toxapex, M|85/100
|-damage|p1a: Toxapex|73/100|[from] Stealth Rock
|turn|40
|
|switch|p2a: Toxapex|Toxapex, F, shiny|75/100 brn
|move|p1a: Toxapex|Scald|p2a: Toxapex
|-resisted|p2a: Toxapex
|-damage|p2a: Toxapex|65/100 brn
|
|-heal|p1a: Toxapex|79/100|[from] item: Black Sludge
|-damage|p2a: Toxapex|59/100 brn|[from] brn
|upkeep
|turn|41
|
|switch|p1a: Hatterene|Hatterene, F|73/100
|-damage|p1a: Hatterene|60/100|[from] Stealth Rock
|move|p2a: Toxapex|Toxic|p1a: Hatterene
|move|p1a: Hatterene|Toxic||[from]Magic Bounce|[still]
|-fail|p1a: Hatterene
|
|-damage|p2a: Toxapex|53/100 brn|[from] brn
|upkeep
|turn|42
|
|move|p2a: Toxapex|Recover|p2a: Toxapex
|-heal|p2a: Toxapex|100/100 brn
|move|p1a: Hatterene|Psyshock|p2a: Toxapex
|-supereffective|p2a: Toxapex
|-crit|p2a: Toxapex
|-damage|p2a: Toxapex|0 fnt
|faint|p2a: Toxapex
|
|upkeep
|
|switch|p2a: Gengar|Gengar, F|39/100
|turn|43
|
|switch|p1a: Toxapex|Toxapex, M|100/100
|-damage|p1a: Toxapex|88/100|[from] Stealth Rock
|move|p2a: Gengar|Shadow Ball|p1a: Toxapex
|-damage|p1a: Toxapex|41/100
|
|-heal|p1a: Toxapex|48/100|[from] item: Black Sludge
|upkeep
|turn|44
|
|move|p1a: Toxapex|Baneful Bunker|p1a: Toxapex
|-singleturn|p1a: Toxapex|move: Protect
|move|p2a: Gengar|Shadow Ball|p1a: Toxapex
|-activate|p1a: Toxapex|move: Protect
|
|-heal|p1a: Toxapex|54/100|[from] item: Black Sludge
|upkeep
|turn|45
|
|move|p2a: Gengar|Shadow Ball|p1a: Toxapex
|-damage|p1a: Toxapex|7/100
|move|p1a: Toxapex|Recover|p1a: Toxapex
|-heal|p1a: Toxapex|57/100
|
|-heal|p1a: Toxapex|64/100|[from] item: Black Sludge
|upkeep
|turn|46
|
|move|p1a: Toxapex|Baneful Bunker|p1a: Toxapex
|-singleturn|p1a: Toxapex|move: Protect
|move|p2a: Gengar|Shadow Ball|p1a: Toxapex
|-activate|p1a: Toxapex|move: Protect
|
|-heal|p1a: Toxapex|70/100|[from] item: Black Sludge
|upkeep
|turn|47
|
|move|p2a: Gengar|Shadow Ball|p1a: Toxapex
|-damage|p1a: Toxapex|25/100
|-unboost|p1a: Toxapex|spd|1
|move|p1a: Toxapex|Recover|p1a: Toxapex
|-heal|p1a: Toxapex|75/100
|
|-heal|p1a: Toxapex|81/100|[from] item: Black Sludge
|upkeep
|turn|48
|
|move|p2a: Gengar|Shadow Ball|p1a: Toxapex
|-damage|p1a: Toxapex|12/100
|move|p1a: Toxapex|Scald|p2a: Gengar
|-damage|p2a: Gengar|5/100
|-start|p1a: Toxapex|Disable|Scald|[from] ability: Cursed Body|[of] p2a: Gengar
|
|-heal|p1a: Toxapex|19/100|[from] item: Black Sludge
|upkeep
|turn|49
|j| lark134
|
|move|p1a: Toxapex|Baneful Bunker|p1a: Toxapex
|-singleturn|p1a: Toxapex|move: Protect
|move|p2a: Gengar|Shadow Ball|p1a: Toxapex
|-activate|p1a: Toxapex|move: Protect
|
|-heal|p1a: Toxapex|25/100|[from] item: Black Sludge
|upkeep
|turn|50
|
|switch|p1a: Hatterene|Hatterene, F|60/100
|-damage|p1a: Hatterene|48/100|[from] Stealth Rock
|move|p2a: Gengar|Shadow Ball|p1a: Hatterene
|-supereffective|p1a: Hatterene
|-damage|p1a: Hatterene|0 fnt
|faint|p1a: Hatterene
|
|upkeep
|
|switch|p1a: Zeraora|Zeraora|30/100
|-damage|p1a: Zeraora|18/100|[from] Stealth Rock
|turn|51
|j| fluffy cows
|
|switch|p2a: Cinderace|Cinderace, F|49/100 par
|move|p1a: Zeraora|Plasma Fists|p2a: Cinderace
|-damage|p2a: Cinderace|0 fnt
|-fieldactivate|move: Ion Deluge
|-damage|p1a: Zeraora|8/100|[from] item: Life Orb
|faint|p2a: Cinderace
|
|upkeep
|
|switch|p2a: Hydreigon|Hydreigon, F|18/100
|turn|52
|
|move|p2a: Hydreigon|U-turn|p1a: Zeraora
|-damage|p1a: Zeraora|0 fnt
|faint|p1a: Zeraora
|
|switch|p2a: Gengar|Gengar, F|5/100|[from]move: U-turn
|
|upkeep
|
|switch|p1a: Toxapex|Toxapex, M|58/100
|-damage|p1a: Toxapex|46/100|[from] Stealth Rock
|turn|53
|
|switch|p2a: Hydreigon|Hydreigon, F|18/100
|move|p1a: Toxapex|Baneful Bunker||[still]
|-fail|p1a: Toxapex
|
|-heal|p1a: Toxapex|52/100|[from] item: Black Sludge
|upkeep
|turn|54
|l| lark134
|
|move|p1a: Toxapex|Baneful Bunker|p1a: Toxapex
|-singleturn|p1a: Toxapex|move: Protect
|move|p2a: Hydreigon|Dark Pulse|p1a: Toxapex
|-activate|p1a: Toxapex|move: Protect
|
|-heal|p1a: Toxapex|58/100|[from] item: Black Sludge
|upkeep
|turn|55
|
|switch|p2a: Gengar|Gengar, F|5/100
|move|p1a: Toxapex|Recover|p1a: Toxapex
|-heal|p1a: Toxapex|100/100
|
|upkeep
|turn|56
|
|switch|p2a: Hydreigon|Hydreigon, F|18/100
|move|p1a: Toxapex|Scald|p2a: Hydreigon
|-resisted|p2a: Hydreigon
|-damage|p2a: Hydreigon|5/100
|-status|p2a: Hydreigon|brn
|
|-damage|p2a: Hydreigon|0 fnt|[from] brn
|faint|p2a: Hydreigon
|upkeep
|-message|testotesto321 forfeited.
|
|win|Le-Perpetrator
|l|☆testotesto321
