|j|☆g456fd4g65df
|j|☆cump10
|t:|1665205324
|gametype|singles
|player|p1|g456fd4g65df|1|1648
|player|p2|cump10|schoolkid-gen4|1743
|teamsize|p1|6
|teamsize|p2|6
|gen|8
|tier|[Gen 8] OU
|rated|
|rule|Sleep Clause Mod: Limit one foe put to sleep
|rule|Species Clause: Limit one of each Pokémon
|rule|OHKO Clause: OHKO moves are banned
|rule|Evasion Items Clause: Evasion items are banned
|rule|Evasion Moves Clause: Evasion moves are banned
|rule|Endless Battle Clause: Forcing endless battles is banned
|rule|HP Percentage Mod: HP is shown in percentages
|rule|Dynamax Clause: You cannot dynamax
|clearpoke
|poke|p1|Torkoal, M|
|poke|p1|Darmanitan, M|
|poke|p1|Victini|
|poke|p1|Clefable, M|
|poke|p1|Zapdos|
|poke|p1|Swampert, M|
|poke|p2|Swampert, M|
|poke|p2|Mandibuzz, F|
|poke|p2|Rillaboom, M|
|poke|p2|Magnezone|
|poke|p2|Tapu Lele|
|poke|p2|Dragapult, F|
|teampreview
|inactive|Battle timer is ON: inactive players will automatically lose when time's up. (requested by g456fd4g65df)
|c|☆cump10|hf
|
|t:|1665205336
|start
|switch|p1a: 吉姆·杰克逊|Torkoal, M|100/100
|switch|p2a: Dragapult|Dragapult, F|100/100
|-weather|SunnyDay|[from] ability: Drought|[of] p1a: 吉姆·杰克逊
|turn|1
|
|t:|1665205339
|switch|p1a: 约什·史密斯|Swampert, M|100/100
|move|p2a: Dragapult|Shadow Ball|p1a: 约什·史密斯
|-damage|p1a: 约什·史密斯|76/100
|
|-weather|SunnyDay|[upkeep]
|upkeep
|turn|2
|
|t:|1665205343
|move|p2a: Dragapult|Shadow Ball|p1a: 约什·史密斯
|-damage|p1a: 约什·史密斯|51/100
|move|p1a: 约什·史密斯|Ice Beam|p2a: Dragapult
|-supereffective|p2a: Dragapult
|-damage|p2a: Dragapult|54/100
|
|-weather|SunnyDay|[upkeep]
|upkeep
|turn|3
|c|☆g456fd4g65df|hf
|
|t:|1665205348
|switch|p2a: Swampert|Swampert, M|100/100
|move|p1a: 约什·史密斯|Flip Turn|p2a: Swampert
|-damage|p2a: Swampert|91/100
|
|t:|1665205351
|switch|p1a: 乔·约翰逊|Victini|100/100|[from]move: Flip Turn
|
|-weather|SunnyDay|[upkeep]
|-heal|p2a: Swampert|97/100|[from] item: Leftovers
|upkeep
|turn|4
|
|t:|1665205360
|switch|p2a: Mandibuzz|Mandibuzz, F|100/100
|move|p1a: 乔·约翰逊|V-create|p2a: Mandibuzz
|-damage|p2a: Mandibuzz|0 fnt
|-unboost|p1a: 乔·约翰逊|spe|1
|-unboost|p1a: 乔·约翰逊|def|1
|-unboost|p1a: 乔·约翰逊|spd|1
|faint|p2a: Mandibuzz
|
|-weather|SunnyDay|[upkeep]
|upkeep
|
|t:|1665205368
|switch|p2a: Dragapult|Dragapult, F|54/100
|turn|5
|
|t:|1665205371
|switch|p1a: 约什·史密斯|Swampert, M|51/100
|move|p2a: Dragapult|Shadow Ball|p1a: 约什·史密斯
|-damage|p1a: 约什·史密斯|26/100
|
|-weather|SunnyDay|[upkeep]
|upkeep
|turn|6
|
|t:|1665205375
|move|p2a: Dragapult|Shadow Ball|p1a: 约什·史密斯
|-damage|p1a: 约什·史密斯|2/100
|move|p1a: 约什·史密斯|Flip Turn|p2a: Dragapult
|-resisted|p2a: Dragapult
|-damage|p2a: Dragapult|46/100
|
|t:|1665205378
|switch|p1a: 埃里克·戈登|Darmanitan, M, shiny|100/100|[from]move: Flip Turn
|
|-weather|SunnyDay|[upkeep]
|upkeep
|turn|7
|
|t:|1665205382
|switch|p2a: Magnezone|Magnezone, shiny|100/100
|move|p1a: 埃里克·戈登|Flare Blitz|p2a: Magnezone
|-supereffective|p2a: Magnezone
|-damage|p2a: Magnezone|0 fnt
|-damage|p1a: 埃里克·戈登|84/100|[from] item: Rocky Helmet|[of] p2a: Magnezone
|faint|p2a: Magnezone
|-damage|p1a: 埃里克·戈登|53/100|[from] Recoil
|
|-weather|SunnyDay|[upkeep]
|upkeep
|
|t:|1665205389
|switch|p2a: Rillaboom|Rillaboom, M|100/100
|-fieldstart|move: Grassy Terrain|[from] ability: Grassy Surge|[of] p2a: Rillaboom
|turn|8
|
|t:|1665205392
|switch|p1a: 拉简·隆多|Zapdos, shiny|100/100
|move|p2a: Rillaboom|Grassy Glide|p1a: 拉简·隆多
|-resisted|p1a: 拉简·隆多
|-damage|p1a: 拉简·隆多|76/100
|-status|p2a: Rillaboom|par|[from] ability: Static|[of] p1a: 拉简·隆多
|
|-weather|none
|upkeep
|turn|9
|
|t:|1665205395
|move|p2a: Rillaboom|Grassy Glide|p1a: 拉简·隆多
|-resisted|p1a: 拉简·隆多
|-damage|p1a: 拉简·隆多|47/100
|move|p1a: 拉简·隆多|U-turn|p2a: Rillaboom
|-supereffective|p2a: Rillaboom
|-damage|p2a: Rillaboom|68/100 par
|
|t:|1665205398
|switch|p1a: 吉姆·杰克逊|Torkoal, M|100/100|[from]move: U-turn
|-weather|SunnyDay|[from] ability: Drought|[of] p1a: 吉姆·杰克逊
|
|-weather|SunnyDay|[upkeep]
|-heal|p2a: Rillaboom|74/100 par|[from] Grassy Terrain
|upkeep
|turn|10
|
|t:|1665205402
|switch|p2a: Tapu Lele|Tapu Lele, shiny|100/100
|-fieldstart|move: Psychic Terrain|[from] ability: Psychic Surge|[of] p2a: Tapu Lele
|switch|p1a: 乔·约翰逊|Victini|100/100
|
|-weather|SunnyDay|[upkeep]
|upkeep
|turn|11
|
|t:|1665205406
|switch|p2a: Swampert|Swampert, M|97/100
|move|p1a: 乔·约翰逊|V-create|p2a: Swampert
|-resisted|p2a: Swampert
|-damage|p2a: Swampert|8/100
|-unboost|p1a: 乔·约翰逊|spe|1
|-unboost|p1a: 乔·约翰逊|def|1
|-unboost|p1a: 乔·约翰逊|spd|1
|
|-weather|SunnyDay|[upkeep]
|-heal|p2a: Swampert|14/100|[from] item: Leftovers
|upkeep
|turn|12
|
|t:|1665205408
|move|p1a: 乔·约翰逊|V-create|p2a: Swampert
|-resisted|p2a: Swampert
|-damage|p2a: Swampert|0 fnt
|-unboost|p1a: 乔·约翰逊|spe|1
|-unboost|p1a: 乔·约翰逊|def|1
|-unboost|p1a: 乔·约翰逊|spd|1
|faint|p2a: Swampert
|
|-weather|SunnyDay|[upkeep]
|upkeep
|
|t:|1665205410
|switch|p2a: Dragapult|Dragapult, F|46/100
|turn|13
|
|t:|1665205414
|switch|p1a: 约什·史密斯|Swampert, M|2/100
|move|p2a: Dragapult|Shadow Ball|p1a: 约什·史密斯
|-damage|p1a: 约什·史密斯|0 fnt
|faint|p1a: 约什·史密斯
|
|-weather|SunnyDay|[upkeep]
|upkeep
|
|t:|1665205416
|switch|p1a: 埃里克·戈登|Darmanitan, M, shiny|53/100
|turn|14
|
|t:|1665205419
|move|p1a: 埃里克·戈登|Flare Blitz|p2a: Dragapult
|-resisted|p2a: Dragapult
|-damage|p2a: Dragapult|0 fnt
|faint|p2a: Dragapult
|-damage|p1a: 埃里克·戈登|40/100|[from] Recoil
|
|-weather|SunnyDay|[upkeep]
|-fieldend|move: Psychic Terrain
|upkeep
|
|t:|1665205421
|switch|p2a: Rillaboom|Rillaboom, M|74/100 par
|-fieldstart|move: Grassy Terrain|[from] ability: Grassy Surge|[of] p2a: Rillaboom
|turn|15
|
|t:|1665205423
|switch|p1a: 拉简·隆多|Zapdos, shiny|47/100
|move|p2a: Rillaboom|Grassy Glide|p1a: 拉简·隆多
|-resisted|p1a: 拉简·隆多
|-damage|p1a: 拉简·隆多|20/100
|
|-weather|SunnyDay|[upkeep]
|-heal|p2a: Rillaboom|81/100 par|[from] Grassy Terrain
|upkeep
|turn|16
|c|☆cump10|gg
|-message|cump10 forfeited.
|
|win|g456fd4g65df
|raw|g456fd4g65df's rating: 1648 &rarr; <strong>1673</strong><br />(+25 for winning)
|raw|cump10's rating: 1743 &rarr; <strong>1718</strong><br />(-25 for losing)
|c|☆g456fd4g65df|gg
|l|☆cump10
||Ladder isn't responding, score probably updated but might not have (Request timeout).
