|j|☆tieracid
|j|☆ROBOpoke
|t:|1657130393
|gametype|singles
|player|p1|tieracid|#splxiiicryonicles|1603
|player|p2|ROBOpoke|266|1629
|teamsize|p1|6
|teamsize|p2|6
|gen|8
|tier|[Gen 8] OU
|rated|
|rule|Sleep Clause Mod: Limit one foe put to sleep
|rule|Species Clause: Limit one of each Pokémon
|rule|OHKO Clause: OHKO moves are banned
|rule|Evasion Moves Clause: Evasion moves are banned
|rule|Endless Battle Clause: Forcing endless battles is banned
|rule|HP Percentage Mod: HP is shown in percentages
|rule|Dynamax Clause: You cannot dynamax
|clearpoke
|poke|p1|Volcarona, F|
|poke|p1|Dragapult, M|
|poke|p1|Landorus-Therian, M|
|poke|p1|Weavile, M|
|poke|p1|Rillaboom, F|
|poke|p1|Heatran, M|
|poke|p2|Xatu, M|
|poke|p2|Dragapult, F|
|poke|p2|Kartana|
|poke|p2|Heatran, M|
|poke|p2|Rotom-Wash|
|poke|p2|Dragonite, F|
|teampreview
|
|t:|1657130407
|start
|switch|p1a: Weavile|Weavile, M|100/100
|switch|p2a: Heatran|Heatran, M|100/100
|-ability|p1a: Weavile|Pressure
|turn|1
|
|t:|1657130410
|move|p1a: Weavile|Knock Off|p2a: Heatran
|-damage|p2a: Heatran|37/100
|-enditem|p2a: Heatran|Leftovers|[from] move: Knock Off|[of] p1a: Weavile
|move|p2a: Heatran|Magma Storm|p1a: Weavile|[miss]
|-miss|p2a: Heatran|p1a: Weavile
|
|upkeep
|turn|2
|
|t:|1657130417
|move|p1a: Weavile|Knock Off|p2a: Heatran
|-damage|p2a: Heatran|0 fnt
|faint|p2a: Heatran
|
|upkeep
|
|t:|1657130421
|switch|p2a: Xatu|Xatu, M|100/100
|turn|3
|inactive|Battle timer is ON: inactive players will automatically lose when time's up. (requested by tieracid)
|
|t:|1657130424
|move|p1a: Weavile|Knock Off|p2a: Xatu
|-supereffective|p2a: Xatu
|-enditem|p2a: Xatu|Focus Sash
|-damage|p2a: Xatu|1/100
|move|p2a: Xatu|Thunder Wave|p1a: Weavile|[miss]
|-miss|p2a: Xatu|p1a: Weavile
|
|upkeep
|turn|4
|
|t:|1657130430
|move|p1a: Weavile|Knock Off|p2a: Xatu
|-supereffective|p2a: Xatu
|-damage|p2a: Xatu|0 fnt
|faint|p2a: Xatu
|
|upkeep
|
|t:|1657130434
|switch|p2a: Kartana|Kartana|100/100
|turn|5
|
|t:|1657130436
|switch|p1a: Volcarona|Volcarona, F|100/100
|move|p2a: Kartana|Leaf Blade|p1a: Volcarona
|-resisted|p1a: Volcarona
|-damage|p1a: Volcarona|87/100
|
|upkeep
|turn|6
|
|t:|1657130442
|switch|p1a: Weavile|Weavile, M|100/100
|-ability|p1a: Weavile|Pressure
|move|p2a: Kartana|Leaf Blade|p1a: Weavile
|-crit|p1a: Weavile
|-damage|p1a: Weavile|0 fnt
|faint|p1a: Weavile
|-ability|p2a: Kartana|Beast Boost|boost
|-boost|p2a: Kartana|atk|1
|
|upkeep
|
|t:|1657130447
|switch|p1a: Volcarona|Volcarona, F|87/100
|turn|7
|
|t:|1657130453
|switch|p2a: Dragonite|Dragonite, F|100/100
|switch|p1a: Landorus|Landorus-Therian, M|100/100
|-ability|p1a: Landorus|Intimidate|boost
|-unboost|p2a: Dragonite|atk|1
|
|upkeep
|turn|8
|
|t:|1657130457
|switch|p2a: Kartana|Kartana|100/100
|move|p1a: Landorus|Toxic|p2a: Kartana
|-immune|p2a: Kartana
|
|upkeep
|turn|9
|
|t:|1657130460
|switch|p1a: Volcarona|Volcarona, F|87/100
|move|p2a: Kartana|Knock Off|p1a: Volcarona
|-damage|p1a: Volcarona|45/100
|-enditem|p1a: Volcarona|Heavy-Duty Boots|[from] move: Knock Off|[of] p2a: Kartana
|
|upkeep
|turn|10
|
|t:|1657130463
|switch|p2a: Dragonite|Dragonite, F|100/100
|move|p1a: Volcarona|Flamethrower|p2a: Dragonite
|-resisted|p2a: Dragonite
|-damage|p2a: Dragonite|89/100
|
|upkeep
|turn|11
|
|t:|1657130465
|switch|p1a: Landorus|Landorus-Therian, M|100/100
|-ability|p1a: Landorus|Intimidate|boost
|-unboost|p2a: Dragonite|atk|1
|move|p2a: Dragonite|Roost|p2a: Dragonite
|-heal|p2a: Dragonite|100/100
|-singleturn|p2a: Dragonite|move: Roost
|
|upkeep
|turn|12
|
|t:|1657130468
|switch|p2a: Kartana|Kartana|100/100
|move|p1a: Landorus|U-turn|p2a: Kartana
|-damage|p2a: Kartana|79/100
|
|t:|1657130475
|switch|p1a: Dragapult|Dragapult, M|100/100|[from]move: U-turn
|
|upkeep
|turn|13
|
|t:|1657130477
|switch|p1a: Volcarona|Volcarona, F|45/100
|move|p2a: Kartana|Knock Off|p1a: Volcarona
|-damage|p1a: Volcarona|17/100
|-status|p2a: Kartana|brn|[from] ability: Flame Body|[of] p1a: Volcarona
|
|-damage|p2a: Kartana|73/100 brn|[from] brn
|upkeep
|turn|14
|
|t:|1657130482
|switch|p2a: Dragonite|Dragonite, F|100/100
|switch|p1a: Landorus|Landorus-Therian, M|100/100
|-ability|p1a: Landorus|Intimidate|boost
|-unboost|p2a: Dragonite|atk|1
|
|upkeep
|turn|15
|
|t:|1657130484
|switch|p2a: Kartana|Kartana|73/100 brn
|move|p1a: Landorus|Toxic||[still]
|-fail|p1a: Landorus
|
|-damage|p2a: Kartana|67/100 brn|[from] brn
|upkeep
|turn|16
|
|t:|1657130487
|move|p2a: Kartana|Knock Off|p1a: Landorus
|-damage|p1a: Landorus|78/100
|-enditem|p1a: Landorus|Leftovers|[from] move: Knock Off|[of] p2a: Kartana
|move|p1a: Landorus|Earthquake|p2a: Kartana
|-damage|p2a: Kartana|14/100 brn
|
|-damage|p2a: Kartana|8/100 brn|[from] brn
|upkeep
|turn|17
|
|t:|1657130490
|switch|p2a: Rotom|Rotom-Wash|100/100
|move|p1a: Landorus|U-turn|p2a: Rotom
|-damage|p2a: Rotom|77/100
|
|t:|1657130494
|switch|p1a: Dragapult|Dragapult, M|100/100|[from]move: U-turn
|
|-heal|p2a: Rotom|84/100|[from] item: Leftovers
|upkeep
|turn|18
|
|t:|1657130497
|move|p1a: Dragapult|Shadow Ball|p2a: Rotom
|-damage|p2a: Rotom|43/100
|move|p2a: Rotom|Pain Split|p1a: Dragapult
|-sethp|p1a: Dragapult|71/100|[from] move: Pain Split|[silent]
|-sethp|p2a: Rotom|74/100|[from] move: Pain Split
|
|-heal|p2a: Rotom|80/100|[from] item: Leftovers
|upkeep
|turn|19
|
|t:|1657130500
|move|p1a: Dragapult|Shadow Ball|p2a: Rotom
|-damage|p2a: Rotom|41/100
|move|p2a: Rotom|Thunder Wave|p1a: Dragapult
|-status|p1a: Dragapult|par
|
|-heal|p2a: Rotom|47/100|[from] item: Leftovers
|upkeep
|turn|20
|
|t:|1657130502
|move|p1a: Dragapult|Shadow Ball|p2a: Rotom
|-damage|p2a: Rotom|8/100
|move|p2a: Rotom|Hydro Pump|p1a: Dragapult
|-resisted|p1a: Dragapult
|-damage|p1a: Dragapult|44/100 par
|
|-heal|p2a: Rotom|15/100|[from] item: Leftovers
|upkeep
|turn|21
|
|t:|1657130505
|move|p1a: Dragapult|Shadow Ball|p2a: Rotom
|-damage|p2a: Rotom|0 fnt
|faint|p2a: Rotom
|
|upkeep
|
|t:|1657130506
|switch|p2a: Dragonite|Dragonite, F|100/100
|turn|22
|
|t:|1657130510
|switch|p1a: Landorus|Landorus-Therian, M|78/100
|-ability|p1a: Landorus|Intimidate|boost
|-unboost|p2a: Dragonite|atk|1
|move|p2a: Dragonite|Ice Punch|p1a: Landorus
|-supereffective|p1a: Landorus
|-damage|p1a: Landorus|2/100
|
|upkeep
|turn|23
|
|t:|1657130516
|switch|p2a: Kartana|Kartana|8/100 brn
|move|p1a: Landorus|Toxic|p2a: Kartana|[miss]
|-miss|p1a: Landorus|p2a: Kartana
|
|-damage|p2a: Kartana|2/100 brn|[from] brn
|upkeep
|turn|24
|
|t:|1657130519
|switch|p1a: Volcarona|Volcarona, F|17/100
|move|p2a: Kartana|Knock Off|p1a: Volcarona
|-damage|p1a: Volcarona|3/100
|
|-damage|p2a: Kartana|0 fnt|[from] brn
|faint|p2a: Kartana
|upkeep
|
|t:|1657130520
|switch|p2a: Dragonite|Dragonite, F|100/100
|turn|25
|
|t:|1657130526
|switch|p1a: Landorus|Landorus-Therian, M|2/100
|-ability|p1a: Landorus|Intimidate|boost
|-unboost|p2a: Dragonite|atk|1
|move|p2a: Dragonite|Dragon Dance|p2a: Dragonite
|-boost|p2a: Dragonite|atk|1
|-boost|p2a: Dragonite|spe|1
|
|upkeep
|turn|26
|j| Bobbay John
|
|t:|1657130529
|switch|p1a: Volcarona|Volcarona, F|3/100
|move|p2a: Dragonite|Dragon Dance|p2a: Dragonite
|-boost|p2a: Dragonite|atk|1
|-boost|p2a: Dragonite|spe|1
|
|upkeep
|turn|27
|
|t:|1657130531
|move|p2a: Dragonite|Dragon Dance|p2a: Dragonite
|-boost|p2a: Dragonite|atk|1
|-boost|p2a: Dragonite|spe|1
|move|p1a: Volcarona|Flamethrower|p2a: Dragonite
|-resisted|p2a: Dragonite
|-damage|p2a: Dragonite|89/100
|
|upkeep
|turn|28
|
|t:|1657130533
|switch|p1a: Landorus|Landorus-Therian, M|2/100
|-ability|p1a: Landorus|Intimidate|boost
|-unboost|p2a: Dragonite|atk|1
|move|p2a: Dragonite|Dragon Dance|p2a: Dragonite
|-boost|p2a: Dragonite|atk|1
|-boost|p2a: Dragonite|spe|1
|
|upkeep
|turn|29
|
|t:|1657130536
|switch|p1a: Volcarona|Volcarona, F|3/100
|move|p2a: Dragonite|Ice Punch|p1a: Volcarona
|-resisted|p1a: Volcarona
|-damage|p1a: Volcarona|0 fnt
|faint|p1a: Volcarona
|
|upkeep
|
|t:|1657130538
|switch|p1a: Landorus|Landorus-Therian, M|2/100
|-ability|p1a: Landorus|Intimidate|boost
|-unboost|p2a: Dragonite|atk|1
|turn|30
|
|t:|1657130540
|switch|p1a: Heatran|Heatran, M|100/100
|move|p2a: Dragonite|Earthquake|p1a: Heatran
|-supereffective|p1a: Heatran
|-damage|p1a: Heatran|0 fnt
|faint|p1a: Heatran
|
|upkeep
|
|t:|1657130543
|switch|p1a: Rillaboom|Rillaboom, F|100/100
|-fieldstart|move: Grassy Terrain|[from] ability: Grassy Surge|[of] p1a: Rillaboom
|turn|31
|
|t:|1657130547
|move|p2a: Dragonite|Dragon Dance|p2a: Dragonite
|-boost|p2a: Dragonite|atk|1
|-boost|p2a: Dragonite|spe|1
|move|p1a: Rillaboom|Knock Off|p2a: Dragonite
|-damage|p2a: Dragonite|47/100
|-enditem|p2a: Dragonite|Heavy-Duty Boots|[from] move: Knock Off|[of] p1a: Rillaboom
|
|upkeep
|turn|32
|
|t:|1657130550
|move|p2a: Dragonite|Roost|p2a: Dragonite
|-heal|p2a: Dragonite|97/100
|-singleturn|p2a: Dragonite|move: Roost
|move|p1a: Rillaboom|Swords Dance|p1a: Rillaboom
|-boost|p1a: Rillaboom|atk|2
|
|-heal|p2a: Dragonite|100/100|[from] Grassy Terrain
|upkeep
|turn|33
|
|t:|1657130553
|move|p2a: Dragonite|Ice Punch|p1a: Rillaboom
|-supereffective|p1a: Rillaboom
|-damage|p1a: Rillaboom|8/100
|move|p1a: Rillaboom|Drain Punch|p2a: Dragonite
|-resisted|p2a: Dragonite
|-damage|p2a: Dragonite|85/100
|-heal|p1a: Rillaboom|14/100|[from] drain|[of] p2a: Dragonite
|
|-heal|p1a: Rillaboom|20/100|[from] Grassy Terrain
|-heal|p1a: Rillaboom|27/100|[from] item: Leftovers
|upkeep
|turn|34
|
|t:|1657130556
|move|p2a: Dragonite|Ice Punch|p1a: Rillaboom
|-supereffective|p1a: Rillaboom
|-damage|p1a: Rillaboom|0 fnt
|faint|p1a: Rillaboom
|
|upkeep
|-message|tieracid forfeited.
|
|win|ROBOpoke
|raw|tieracid's rating: 1603 &rarr; <strong>1584</strong><br />(-19 for losing)
|raw|ROBOpoke's rating: 1629 &rarr; <strong>1648</strong><br />(+19 for winning)
|l|☆tieracid
||Ladder isn't responding, score probably updated but might not have (Request timeout).
|j| mekki the poison
