|j|☆TheonReekGreyjoy
|j|☆bizarman
|t:|1629315816
|gametype|singles
|player|p1|TheonReekGreyjoy|7|1772
|player|p2|bizarman|117|1803
|teamsize|p1|6
|teamsize|p2|6
|gen|8
|tier|[Gen 8] OU
|rated|
|rule|Sleep Clause Mod: Limit one foe put to sleep
|rule|Species Clause: Limit one of each Pokémon
|rule|OHKO Clause: OHKO moves are banned
|rule|Evasion Moves Clause: Evasion moves are banned
|rule|Endless Battle Clause: Forcing endless battles is banned
|rule|HP Percentage Mod: HP is shown in percentages
|rule|Dynamax Clause: You cannot dynamax
|clearpoke
|poke|p1|Arctozolt|
|poke|p1|Ninetales-Alola, F|
|poke|p1|Landorus-Therian, M|
|poke|p1|Kyurem|
|poke|p1|Heatran, F|
|poke|p1|Tapu Lele|
|poke|p2|Tapu Bulu|
|poke|p2|Landorus-Therian, M|
|poke|p2|Corviknight, M|
|poke|p2|Melmetal|
|poke|p2|Dragapult, M|
|poke|p2|Urshifu-*, F|
|teampreview
|j| Crowv2
|j| tapu moxo
|j| RWaver
|
|t:|1629315833
|start
|switch|p1a: Landorus|Landorus-Therian, M|100/100
|switch|p2a: Melmetal|Melmetal|100/100
|-ability|p1a: Landorus|Intimidate|boost
|-unboost|p2a: Melmetal|atk|1
|turn|1
|
|t:|1629315842
|switch|p2a: Landorus|Landorus-Therian, M|100/100
|-ability|p2a: Landorus|Intimidate|boost
|-unboost|p1a: Landorus|atk|1
|move|p1a: Landorus|U-turn|p2a: Landorus
|-resisted|p2a: Landorus
|-damage|p2a: Landorus|95/100
|j| Pepinilloroxo
|
|t:|1629315845
|switch|p1a: Kyurem|Kyurem|100/100|[from]move: U-turn
|-ability|p1a: Kyurem|Pressure
|
|-heal|p2a: Landorus|100/100|[from] item: Leftovers
|upkeep
|turn|2
|j| BelleBoo
|
|t:|1629315853
|switch|p2a: Corviknight|Corviknight, M|100/100
|-ability|p2a: Corviknight|Pressure
|move|p1a: Kyurem|Freeze-Dry|p2a: Corviknight
|-damage|p2a: Corviknight|70/100
|
|upkeep
|turn|3
|
|t:|1629315861
|move|p1a: Kyurem|Freeze-Dry|p2a: Corviknight
|-damage|p2a: Corviknight|37/100
|-status|p2a: Corviknight|frz
|-curestatus|p2a: Corviknight|frz|[msg]
|move|p2a: Corviknight|U-turn|p1a: Kyurem
|-damage|p1a: Kyurem|87/100
|inactive|Battle timer is ON: inactive players will automatically lose when time's up. (requested by bizarman)
|
|t:|1629315869
|switch|p2a: Melmetal|Melmetal|100/100|[from]move: U-turn
|
|upkeep
|turn|4
|
|t:|1629315874
|switch|p1a: Heatran|Heatran, F|100/100
|move|p2a: Melmetal|Earthquake|p1a: Heatran
|-supereffective|p1a: Heatran
|-damage|p1a: Heatran|0 fnt
|faint|p1a: Heatran
|
|upkeep
|
|t:|1629315877
|switch|p1a: Landorus|Landorus-Therian, M|100/100
|-ability|p1a: Landorus|Intimidate|boost
|-unboost|p2a: Melmetal|atk|1
|turn|5
|
|t:|1629315892
|switch|p2a: Landorus|Landorus-Therian, M|100/100
|-ability|p2a: Landorus|Intimidate|boost
|-unboost|p1a: Landorus|atk|1
|move|p1a: Landorus|U-turn|p2a: Landorus
|-resisted|p2a: Landorus
|-damage|p2a: Landorus|94/100
|
|t:|1629315895
|switch|p1a: Kyurem|Kyurem|87/100|[from]move: U-turn
|-ability|p1a: Kyurem|Pressure
|
|-heal|p2a: Landorus|100/100|[from] item: Leftovers
|upkeep
|turn|6
|j| LeNight SS
|
|t:|1629315903
|switch|p2a: Corviknight|Corviknight, M|37/100
|-ability|p2a: Corviknight|Pressure
|move|p1a: Kyurem|Freeze-Dry|p2a: Corviknight
|-damage|p2a: Corviknight|3/100
|
|upkeep
|turn|7
|c| LeNight SS|f heatran
|
|t:|1629315911
|move|p1a: Kyurem|Freeze-Dry|p2a: Corviknight
|-damage|p2a: Corviknight|0 fnt
|faint|p2a: Corviknight
|
|upkeep
|
|t:|1629315917
|switch|p2a: Melmetal|Melmetal|100/100
|turn|8
|
|t:|1629315923
|switch|p1a: Landorus|Landorus-Therian, M|100/100
|-ability|p1a: Landorus|Intimidate|boost
|-unboost|p2a: Melmetal|atk|1
|move|p2a: Melmetal|Double Iron Bash|p1a: Landorus
|-crit|p1a: Landorus
|-damage|p1a: Landorus|38/100
|-damage|p1a: Landorus|9/100
|-hitcount|p1a: Landorus|2
|
|-heal|p1a: Landorus|15/100|[from] item: Leftovers
|upkeep
|turn|9
|
|t:|1629315933
|move|p1a: Landorus|Stealth Rock|p2a: Melmetal
|-sidestart|p2: bizarman|move: Stealth Rock
|move|p2a: Melmetal|Double Iron Bash|p1a: Landorus
|-damage|p1a: Landorus|0 fnt
|faint|p1a: Landorus
|-hitcount|p1: Landorus|1
|
|upkeep
|
|t:|1629315940
|switch|p1a: Arctozolt|Arctozolt|100/100
|turn|10
|c| BelleBoo|why 62 then 29 ?
|
|t:|1629315950
|move|p1a: Arctozolt|Low Kick|p2a: Melmetal
|-supereffective|p2a: Melmetal
|-damage|p2a: Melmetal|61/100
|move|p2a: Melmetal|Double Iron Bash|p1a: Arctozolt
|-damage|p1a: Arctozolt|68/100
|-damage|p1a: Arctozolt|31/100
|-hitcount|p1a: Arctozolt|2
|
|upkeep
|turn|11
|c| BelleBoo|oh nvm
|
|t:|1629315958
|switch|p1a: Ninetales|Ninetales-Alola, F|100/100
|-weather|Hail|[from] ability: Snow Warning|[of] p1a: Ninetales
|move|p2a: Melmetal|Double Iron Bash|p1a: Ninetales
|-supereffective|p1a: Ninetales
|-damage|p1a: Ninetales|0 fnt
|faint|p1a: Ninetales
|-hitcount|p1: Ninetales|1
|
|-weather|Hail|[upkeep]
|-damage|p2a: Melmetal|54/100|[from] Hail
|upkeep
|c| Crowv2|crit
|
|t:|1629315969
|switch|p1a: Kyurem|Kyurem|87/100
|-ability|p1a: Kyurem|Pressure
|turn|12
|
|t:|1629315994
|switch|p2a: Landorus|Landorus-Therian, M|100/100
|-damage|p2a: Landorus|88/100|[from] Stealth Rock
|-ability|p2a: Landorus|Intimidate|boost
|-unboost|p1a: Kyurem|atk|1
|move|p1a: Kyurem|Earth Power|p2a: Landorus
|-immune|p2a: Landorus
|
|-weather|Hail|[upkeep]
|-damage|p2a: Landorus|82/100|[from] Hail
|-heal|p2a: Landorus|88/100|[from] item: Leftovers
|upkeep
|turn|13
|
|t:|1629316010
|move|p1a: Kyurem|Freeze-Dry|p2a: Landorus
|-supereffective|p2a: Landorus
|-damage|p2a: Landorus|0 fnt
|faint|p2a: Landorus
|
|-weather|Hail|[upkeep]
|upkeep
|
|t:|1629316019
|switch|p2a: Urshifu|Urshifu-Rapid-Strike, F|100/100
|-damage|p2a: Urshifu|94/100|[from] Stealth Rock
|turn|14
|
|t:|1629316028
|switch|p1a: Tapu Lele|Tapu Lele|100/100
|-fieldstart|move: Psychic Terrain|[from] ability: Psychic Surge|[of] p1a: Tapu Lele
|move|p2a: Urshifu|U-turn|p1a: Tapu Lele
|-damage|p1a: Tapu Lele|41/100
|
|t:|1629316034
|switch|p2a: Tapu Bulu|Tapu Bulu|100/100|[from]move: U-turn
|-damage|p2a: Tapu Bulu|88/100|[from] Stealth Rock
|-fieldstart|move: Grassy Terrain|[from] ability: Grassy Surge|[of] p2a: Tapu Bulu
|
|-weather|Hail|[upkeep]
|-damage|p1a: Tapu Lele|35/100|[from] Hail
|-damage|p2a: Tapu Bulu|82/100|[from] Hail
|-heal|p1a: Tapu Lele|41/100|[from] Grassy Terrain
|-heal|p2a: Tapu Bulu|88/100|[from] Grassy Terrain
|upkeep
|turn|15
|
|t:|1629316047
|switch|p1a: Kyurem|Kyurem|87/100
|-ability|p1a: Kyurem|Pressure
|move|p2a: Tapu Bulu|Stone Edge|p1a: Kyurem
|-supereffective|p1a: Kyurem
|-damage|p1a: Kyurem|0 fnt
|faint|p1a: Kyurem
|-damage|p2a: Tapu Bulu|78/100|[from] item: Life Orb
|
|-weather|Hail|[upkeep]
|-damage|p2a: Tapu Bulu|72/100|[from] Hail
|-heal|p2a: Tapu Bulu|78/100|[from] Grassy Terrain
|upkeep
|
|t:|1629316053
|switch|p1a: Arctozolt|Arctozolt|31/100
|turn|16
|
|t:|1629316061
|switch|p2a: Urshifu|Urshifu-Rapid-Strike, F|94/100
|-damage|p2a: Urshifu|88/100|[from] Stealth Rock
|move|p1a: Arctozolt|Blizzard|p2a: Urshifu
|-resisted|p2a: Urshifu
|-damage|p2a: Urshifu|60/100
|
|-weather|Hail|[upkeep]
|-damage|p2a: Urshifu|54/100|[from] Hail
|-heal|p1a: Arctozolt|38/100|[from] Grassy Terrain
|-heal|p2a: Urshifu|60/100|[from] Grassy Terrain
|upkeep
|turn|17
|l| Crowv2
|
|t:|1629316073
|move|p2a: Urshifu|Aqua Jet|p1a: Arctozolt
|-damage|p1a: Arctozolt|1/100
|move|p1a: Arctozolt|Bolt Beak|p2a: Urshifu
|-supereffective|p2a: Urshifu
|-damage|p2a: Urshifu|0 fnt
|faint|p2a: Urshifu
|
|-weather|Hail|[upkeep]
|-heal|p1a: Arctozolt|7/100|[from] Grassy Terrain
|upkeep
|j| Crowv2
|
|t:|1629316081
|switch|p2a: Melmetal|Melmetal|54/100
|-damage|p2a: Melmetal|48/100|[from] Stealth Rock
|turn|18
|l| Crowv2
|
|t:|1629316085
|move|p1a: Arctozolt|Low Kick|p2a: Melmetal
|-supereffective|p2a: Melmetal
|-damage|p2a: Melmetal|9/100
|move|p2a: Melmetal|Double Iron Bash|p1a: Arctozolt
|-damage|p1a: Arctozolt|0 fnt
|faint|p1a: Arctozolt
|-hitcount|p1: Arctozolt|1
|
|-weather|none
|-heal|p2a: Melmetal|15/100|[from] Grassy Terrain
|-fieldend|move: Grassy Terrain
|upkeep
|j| DmitriVerdant
|
|t:|1629316089
|switch|p1a: Tapu Lele|Tapu Lele|41/100
|-fieldstart|move: Psychic Terrain|[from] ability: Psychic Surge|[of] p1a: Tapu Lele
|turn|19
|
|t:|1629316097
|move|p1a: Tapu Lele|Moonblast|p2a: Melmetal
|-resisted|p2a: Melmetal
|-damage|p2a: Melmetal|0 fnt
|faint|p2a: Melmetal
|
|upkeep
|
|t:|1629316101
|switch|p2a: Tapu Bulu|Tapu Bulu|78/100
|-damage|p2a: Tapu Bulu|66/100|[from] Stealth Rock
|-fieldstart|move: Grassy Terrain|[from] ability: Grassy Surge|[of] p2a: Tapu Bulu
|turn|20
|
|t:|1629316106
|move|p1a: Tapu Lele|Moonblast|p2a: Tapu Bulu
|-damage|p2a: Tapu Bulu|0 fnt
|faint|p2a: Tapu Bulu
|
|-heal|p1a: Tapu Lele|47/100|[from] Grassy Terrain
|upkeep
|
|t:|1629316111
|switch|p2a: Dragapult|Dragapult, M|100/100
|-damage|p2a: Dragapult|88/100|[from] Stealth Rock
|turn|21
|
|t:|1629316115
|move|p1a: Tapu Lele|Moonblast|p2a: Dragapult
|-supereffective|p2a: Dragapult
|-damage|p2a: Dragapult|0 fnt
|faint|p2a: Dragapult
|
|win|TheonReekGreyjoy
|raw|TheonReekGreyjoy's rating: 1772 &rarr; <strong>1794</strong><br />(+22 for winning)
|raw|bizarman's rating: 1803 &rarr; <strong>1781</strong><br />(-22 for losing)
|c|☆bizarman|gg
|c| BelleBoo|gg
|c|☆bizarman|holy shit
|c|☆TheonReekGreyjoy|gg
|l| RWaver
|l| BelleBoo
|c|☆bizarman|i guessed it was scarf
||Ladder isn't responding, score probably updated but might not have (Request timeout).
