|j|☆Forwards
|j|☆NoHattChallenge
|t:|1663364787
|gametype|singles
|player|p1|Forwards|rollerskater|1676
|player|p2|NoHattChallenge|bede|1701
|teamsize|p1|6
|teamsize|p2|6
|gen|8
|tier|[Gen 8] OU
|rated|
|rule|Sleep Clause Mod: Limit one foe put to sleep
|rule|Species Clause: Limit one of each Pokémon
|rule|OHKO Clause: OHKO moves are banned
|rule|Evasion Items Clause: Evasion items are banned
|rule|Evasion Moves Clause: Evasion moves are banned
|rule|Endless Battle Clause: Forcing endless battles is banned
|rule|HP Percentage Mod: HP is shown in percentages
|rule|Dynamax Clause: You cannot dynamax
|clearpoke
|poke|p1|Tapu Koko|
|poke|p1|Moltres-Galar|
|poke|p1|Registeel|
|poke|p1|Hawlucha, F|
|poke|p1|Mew|
|poke|p1|Landorus-Therian, M|
|poke|p2|Kartana|
|poke|p2|Toxapex, F|
|poke|p2|Hatterene, F|
|poke|p2|Umbreon, M|
|poke|p2|Buzzwole|
|poke|p2|Landorus-Therian, M|
|teampreview
|
|t:|1663364803
|start
|switch|p1a: Landorus|Landorus-Therian, M|100/100
|switch|p2a: Laddy🤤|Landorus-Therian, M|100/100
|-ability|p1a: Landorus|Intimidate|boost
|-unboost|p2a: Laddy🤤|atk|1
|-ability|p2a: Laddy🤤|Intimidate|boost
|-unboost|p1a: Landorus|atk|1
|turn|1
|
|t:|1663364812
|switch|p2a: Laria|Hatterene, F|100/100
|move|p1a: Landorus|Stealth Rock|p2a: Laria
|move|p2a: Laria|Stealth Rock|p1a: Landorus|[from]ability: Magic Bounce
|-sidestart|p1: Forwards|move: Stealth Rock
|
|upkeep
|turn|2
|
|t:|1663364815
|move|p1a: Landorus|Swords Dance|p1a: Landorus
|-boost|p1a: Landorus|atk|2
|move|p2a: Laria|Draining Kiss|p1a: Landorus
|-damage|p1a: Landorus|72/100
|
|upkeep
|turn|3
|
|t:|1663364817
|switch|p2a: Laddy🤤|Landorus-Therian, M|100/100
|-ability|p2a: Laddy🤤|Intimidate|boost
|-unboost|p1a: Landorus|atk|1
|move|p1a: Landorus|Earthquake|p2a: Laddy🤤
|-immune|p2a: Laddy🤤
|
|upkeep
|turn|4
|
|t:|1663364819
|move|p1a: Landorus|Swords Dance|p1a: Landorus
|-boost|p1a: Landorus|atk|2
|move|p2a: Laddy🤤|Toxic|p1a: Landorus
|-status|p1a: Landorus|tox
|
|-damage|p1a: Landorus|66/100 tox|[from] psn
|upkeep
|turn|5
|j| prefirodizer
|
|t:|1663364826
|switch|p2a: Origami|Kartana|100/100
|move|p1a: Landorus|Stealth Rock|p2a: Origami
|-sidestart|p2: NoHattChallenge|move: Stealth Rock
|
|-damage|p1a: Landorus|54/100 tox|[from] psn
|upkeep
|turn|6
|
|t:|1663364830
|switch|p1a: Registeel|Registeel|100/100
|-damage|p1a: Registeel|94/100|[from] Stealth Rock
|move|p2a: Origami|Leaf Blade|p1a: Registeel
|-resisted|p1a: Registeel
|-crit|p1a: Registeel
|-damage|p1a: Registeel|65/100
|-damage|p2a: Origami|91/100|[from] item: Life Orb
|
|upkeep
|turn|7
|
|t:|1663364836
|move|p2a: Origami|Sacred Sword|p1a: Registeel
|-supereffective|p1a: Registeel
|-damage|p1a: Registeel|7/100
|-damage|p2a: Origami|81/100|[from] item: Life Orb
|move|p1a: Registeel|Iron Defense|p1a: Registeel
|-boost|p1a: Registeel|def|2
|
|upkeep
|turn|8
|
|t:|1663364840
|move|p2a: Origami|Knock Off|p1a: Registeel
|-damage|p1a: Registeel|0 fnt
|-enditem|p1a: Registeel|Chesto Berry|[from] move: Knock Off|[of] p2a: Origami
|faint|p1a: Registeel
|-ability|p2a: Origami|Beast Boost|boost
|-boost|p2a: Origami|atk|1
|-damage|p2a: Origami|72/100|[from] item: Life Orb
|
|upkeep
|
|t:|1663364842
|switch|p1a: Tapu Koko|Tapu Koko|100/100
|-damage|p1a: Tapu Koko|88/100|[from] Stealth Rock
|-fieldstart|move: Electric Terrain|[from] ability: Electric Surge|[of] p1a: Tapu Koko
|turn|9
|
|t:|1663364848
|switch|p2a: Laddy🤤|Landorus-Therian, M|100/100
|-damage|p2a: Laddy🤤|88/100|[from] Stealth Rock
|-ability|p2a: Laddy🤤|Intimidate|boost
|-unboost|p1a: Tapu Koko|atk|1
|move|p1a: Tapu Koko|Reflect|p1a: Tapu Koko
|-sidestart|p1: Forwards|Reflect
|
|-heal|p2a: Laddy🤤|94/100|[from] item: Leftovers
|upkeep
|turn|10
|
|t:|1663364851
|move|p1a: Tapu Koko|Taunt|p2a: Laddy🤤
|-start|p2a: Laddy🤤|move: Taunt
|move|p2a: Laddy🤤|Earthquake|p1a: Tapu Koko
|-supereffective|p1a: Tapu Koko
|-damage|p1a: Tapu Koko|38/100
|
|-heal|p2a: Laddy🤤|99/100|[from] item: Leftovers
|upkeep
|turn|11
|
|t:|1663364854
|move|p1a: Tapu Koko|Light Screen|p1a: Tapu Koko
|-sidestart|p1: Forwards|move: Light Screen
|move|p2a: Laddy🤤|U-turn|p1a: Tapu Koko
|-resisted|p1a: Tapu Koko
|-damage|p1a: Tapu Koko|31/100
|l| prefirodizer
|
|t:|1663364863
|switch|p2a: Laria|Hatterene, F|100/100|[from]move: U-turn
|-damage|p2a: Laria|88/100|[from] Stealth Rock
|
|-heal|p2a: Laria|94/100|[from] item: Leftovers
|upkeep
|turn|12
|
|t:|1663364866
|move|p1a: Tapu Koko|U-turn|p2a: Laria
|-damage|p2a: Laria|84/100
|
|t:|1663364868
|switch|p1a: Moltres|Moltres-Galar|100/100|[from]move: U-turn
|-damage|p1a: Moltres|76/100|[from] Stealth Rock
|move|p2a: Laria|Calm Mind|p2a: Laria
|-boost|p2a: Laria|spa|1
|-boost|p2a: Laria|spd|1
|
|-heal|p2a: Laria|90/100|[from] item: Leftovers
|upkeep
|turn|13
|
|t:|1663364870
|move|p1a: Moltres|Nasty Plot|p1a: Moltres
|-boost|p1a: Moltres|spa|2
|move|p2a: Laria|Calm Mind|p2a: Laria
|-boost|p2a: Laria|spa|1
|-boost|p2a: Laria|spd|1
|
|-heal|p2a: Laria|96/100|[from] item: Leftovers
|-fieldend|move: Electric Terrain
|upkeep
|turn|14
|
|t:|1663364872
|move|p1a: Moltres|Nasty Plot|p1a: Moltres
|-boost|p1a: Moltres|spa|2
|move|p2a: Laria|Mystical Fire|p1a: Moltres
|-damage|p1a: Moltres|58/100
|-unboost|p1a: Moltres|spa|1
|
|-heal|p2a: Laria|100/100|[from] item: Leftovers
|upkeep
|turn|15
|
|t:|1663364878
|move|p1a: Moltres|Nasty Plot|p1a: Moltres
|-boost|p1a: Moltres|spa|2
|move|p2a: Laria|Mystical Fire|p1a: Moltres
|-damage|p1a: Moltres|42/100
|-unboost|p1a: Moltres|spa|1
|-ability|p1a: Moltres|Berserk|boost
|-boost|p1a: Moltres|spa|1
|
|upkeep
|turn|16
|
|t:|1663364880
|move|p1a: Moltres|Fiery Wrath|p2a: Laria
|-damage|p2a: Laria|23/100
|move|p2a: Laria|Draining Kiss|p1a: Moltres
|-supereffective|p1a: Moltres
|-damage|p1a: Moltres|6/100
|-heal|p2a: Laria|55/100|[from] drain|[of] p1a: Moltres
|-enditem|p1a: Moltres|Weakness Policy
|-boost|p1a: Moltres|atk|2|[from] item: Weakness Policy
|-boost|p1a: Moltres|spa|1|[from] item: Weakness Policy
|
|-heal|p2a: Laria|61/100|[from] item: Leftovers
|-sideend|p1: Forwards|Reflect
|upkeep
|turn|17
|j| Still a thing
|
|t:|1663364884
|move|p1a: Moltres|Fiery Wrath|p2a: Laria
|-damage|p2a: Laria|0 fnt
|faint|p2a: Laria
|
|upkeep
|
|t:|1663364886
|switch|p2a: Origami|Kartana|72/100
|-damage|p2a: Origami|65/100|[from] Stealth Rock
|turn|18
|
|t:|1663364890
|move|p2a: Origami|Leaf Blade|p1a: Moltres
|-resisted|p1a: Moltres
|-damage|p1a: Moltres|0 fnt
|faint|p1a: Moltres
|-ability|p2a: Origami|Beast Boost|boost
|-boost|p2a: Origami|atk|1
|-damage|p2a: Origami|56/100|[from] item: Life Orb
|
|-sideend|p1: Forwards|move: Light Screen
|upkeep
|
|t:|1663364891
|switch|p1a: Tapu Koko|Tapu Koko|31/100
|-damage|p1a: Tapu Koko|19/100|[from] Stealth Rock
|-fieldstart|move: Electric Terrain|[from] ability: Electric Surge|[of] p1a: Tapu Koko
|turn|19
|
|t:|1663364896
|move|p1a: Tapu Koko|Reflect|p1a: Tapu Koko
|-sidestart|p1: Forwards|Reflect
|move|p2a: Origami|Leaf Blade|p1a: Tapu Koko
|-damage|p1a: Tapu Koko|0 fnt
|faint|p1a: Tapu Koko
|-ability|p2a: Origami|Beast Boost|boost
|-boost|p2a: Origami|atk|1
|-damage|p2a: Origami|46/100|[from] item: Life Orb
|
|upkeep
|
|t:|1663364899
|switch|p1a: Hawlucha|Hawlucha, F|100/100
|-damage|p1a: Hawlucha|88/100|[from] Stealth Rock
|-enditem|p1a: Hawlucha|Electric Seed
|-boost|p1a: Hawlucha|def|1|[from] item: Electric Seed
|turn|20
|l| Still a thing
|
|t:|1663364918
|move|p1a: Hawlucha|Swords Dance|p1a: Hawlucha
|-boost|p1a: Hawlucha|atk|2
|move|p2a: Origami|Leaf Blade|p1a: Hawlucha
|-resisted|p1a: Hawlucha
|-damage|p1a: Hawlucha|47/100
|-damage|p2a: Origami|36/100|[from] item: Life Orb
|
|upkeep
|turn|21
|
|t:|1663364928
|switch|p2a: Buff Roach🥵|Buzzwole|100/100
|-damage|p2a: Buff Roach🥵|88/100|[from] Stealth Rock
|move|p1a: Hawlucha|Acrobatics|p2a: Buff Roach🥵
|-supereffective|p2a: Buff Roach🥵
|-damage|p2a: Buff Roach🥵|0 fnt
|-damage|p1a: Hawlucha|31/100|[from] item: Rocky Helmet|[of] p2a: Buff Roach🥵
|faint|p2a: Buff Roach🥵
|
|upkeep
|
|t:|1663364930
|switch|p2a: Da Pexi😋|Toxapex, F|100/100
|-damage|p2a: Da Pexi😋|88/100|[from] Stealth Rock
|turn|22
|
|t:|1663364933
|move|p1a: Hawlucha|Taunt|p2a: Da Pexi😋
|-start|p2a: Da Pexi😋|move: Taunt
|cant|p2a: Da Pexi😋|move: Taunt|Haze
|
|upkeep
|turn|23
|
|t:|1663364937
|move|p1a: Hawlucha|Acrobatics|p2a: Da Pexi😋
|-damage|p2a: Da Pexi😋|32/100
|move|p2a: Da Pexi😋|Poison Jab|p1a: Hawlucha
|-damage|p1a: Hawlucha|21/100
|
|-fieldend|move: Electric Terrain
|upkeep
|turn|24
|
|t:|1663364942
|switch|p2a: Laddy🤤|Landorus-Therian, M|99/100
|-damage|p2a: Laddy🤤|88/100|[from] Stealth Rock
|-ability|p2a: Laddy🤤|Intimidate|boost
|-unboost|p1a: Hawlucha|atk|1
|move|p1a: Hawlucha|Acrobatics|p2a: Laddy🤤
|-damage|p2a: Laddy🤤|11/100
|
|-heal|p2a: Laddy🤤|17/100|[from] item: Leftovers
|upkeep
|turn|25
|
|t:|1663364946
|move|p1a: Hawlucha|Taunt|p2a: Laddy🤤
|-start|p2a: Laddy🤤|move: Taunt
|move|p2a: Laddy🤤|U-turn|p1a: Hawlucha
|-resisted|p1a: Hawlucha
|-damage|p1a: Hawlucha|19/100
|
|t:|1663364948
|switch|p2a: Da Pexi😋|Toxapex, F|65/100|[from]move: U-turn
|-damage|p2a: Da Pexi😋|53/100|[from] Stealth Rock
|
|upkeep
|turn|26
|
|t:|1663364958
|move|p2a: Da Pexi😋|Baneful Bunker|p2a: Da Pexi😋
|-singleturn|p2a: Da Pexi😋|move: Protect
|move|p1a: Hawlucha|Swords Dance|p1a: Hawlucha
|-boost|p1a: Hawlucha|atk|2
|
|-sideend|p1: Forwards|Reflect
|upkeep
|turn|27
|
|t:|1663364961
|switch|p2a: Laddy🤤|Landorus-Therian, M|17/100
|-damage|p2a: Laddy🤤|4/100|[from] Stealth Rock
|-ability|p2a: Laddy🤤|Intimidate|boost
|-unboost|p1a: Hawlucha|atk|1
|move|p1a: Hawlucha|Acrobatics|p2a: Laddy🤤
|-damage|p2a: Laddy🤤|0 fnt
|faint|p2a: Laddy🤤
|
|upkeep
|
|t:|1663364962
|switch|p2a: Da Pexi😋|Toxapex, F|86/100
|-damage|p2a: Da Pexi😋|74/100|[from] Stealth Rock
|turn|28
|
|t:|1663364965
|move|p1a: Hawlucha|Taunt|p2a: Da Pexi😋
|-start|p2a: Da Pexi😋|move: Taunt
|move|p2a: Da Pexi😋|Poison Jab|p1a: Hawlucha
|-damage|p1a: Hawlucha|0 fnt
|faint|p1a: Hawlucha
|
|upkeep
|
|t:|1663364971
|switch|p1a: Landorus|Landorus-Therian, M|54/100 tox
|-damage|p1a: Landorus|42/100 tox|[from] Stealth Rock
|-ability|p1a: Landorus|Intimidate|boost
|-unboost|p2a: Da Pexi😋|atk|1
|turn|29
|
|t:|1663364978
|move|p1a: Landorus|Swords Dance|p1a: Landorus
|-boost|p1a: Landorus|atk|2
|move|p2a: Da Pexi😋|Poison Jab|p1a: Landorus
|-resisted|p1a: Landorus
|-damage|p1a: Landorus|35/100 tox
|
|-damage|p1a: Landorus|29/100 tox|[from] psn
|upkeep
|turn|30
|
|t:|1663364981
|move|p1a: Landorus|Earthquake|p2a: Da Pexi😋
|-supereffective|p2a: Da Pexi😋
|-damage|p2a: Da Pexi😋|0 fnt
|faint|p2a: Da Pexi😋
|
|-damage|p1a: Landorus|17/100 tox|[from] psn
|upkeep
|
|t:|1663364983
|switch|p2a: Origami|Kartana|36/100
|-damage|p2a: Origami|30/100|[from] Stealth Rock
|turn|31
|j| Still a thing
|
|t:|1663364984
|move|p2a: Origami|Knock Off|p1a: Landorus
|-damage|p1a: Landorus|0 fnt
|-enditem|p1a: Landorus|Focus Sash|[from] move: Knock Off|[of] p2a: Origami
|faint|p1a: Landorus
|-ability|p2a: Origami|Beast Boost|boost
|-boost|p2a: Origami|atk|1
|-damage|p2a: Origami|21/100|[from] item: Life Orb
|
|upkeep
|
|t:|1663364986
|switch|p1a: Mew|Mew|100/100
|-damage|p1a: Mew|88/100|[from] Stealth Rock
|turn|32
|l| Still a thing
|
|t:|1663364987
|move|p2a: Origami|Knock Off|p1a: Mew
|-supereffective|p1a: Mew
|-damage|p1a: Mew|0 fnt
|-enditem|p1a: Mew|Weakness Policy|[from] move: Knock Off|[of] p2a: Origami
|faint|p1a: Mew
|-damage|p2a: Origami|11/100|[from] item: Life Orb
|
|win|NoHattChallenge
|raw|Forwards's rating: 1676 &rarr; <strong>1657</strong><br />(-19 for losing)
|raw|NoHattChallenge's rating: 1701 &rarr; <strong>1720</strong><br />(+19 for winning)
|l|☆Forwards
|c|☆NoHattChallenge|gg
