|raw|<div class="broadcast-blue"><strong>This battle is required to be public due to a player having a name starting with 'lt91bb'.</div>
|j|☆LT91BB gostop
|j|☆antarctozolt
|t:|1658923436
|gametype|singles
|player|p1|LT91BB gostop|lucas|1647
|player|p2|antarctozolt|skier|1859
|teamsize|p1|6
|teamsize|p2|6
|gen|8
|tier|[Gen 8] OU
|rated|
|rule|Sleep Clause Mod: Limit one foe put to sleep
|rule|Species Clause: Limit one of each Pokémon
|rule|OHKO Clause: OHKO moves are banned
|rule|Evasion Moves Clause: Evasion moves are banned
|rule|Endless Battle Clause: Forcing endless battles is banned
|rule|HP Percentage Mod: HP is shown in percentages
|rule|Dynamax Clause: You cannot dynamax
|clearpoke
|poke|p1|Slowking-Galar, F|
|poke|p1|Garchomp, M|
|poke|p1|Buzzwole|
|poke|p1|Weavile, M|
|poke|p1|Corviknight, M|
|poke|p1|Slowbro, M|
|poke|p2|Barraskewda, F|
|poke|p2|Ferrothorn, F|
|poke|p2|Pelipper, M|
|poke|p2|Thundurus-Therian, M|
|poke|p2|Landorus-Therian, M|
|poke|p2|Crawdaunt, M|
|teampreview
|j| LT91BB AlI
|
|t:|1658923473
|start
|switch|p1a: Buzzwole|Buzzwole|100/100
|switch|p2a: Crawdaunt|Crawdaunt, M, shiny|100/100
|turn|1
|j| LT91BB Mimi
|j| The last dice game
|
|t:|1658923493
|switch|p2a: Pelipper|Pelipper, M, shiny|100/100
|-weather|RainDance|[from] ability: Drizzle|[of] p2a: Pelipper
|move|p1a: Buzzwole|Close Combat|p2a: Pelipper
|-resisted|p2a: Pelipper
|-damage|p2a: Pelipper|66/100
|-unboost|p1a: Buzzwole|def|1
|-unboost|p1a: Buzzwole|spd|1
|
|-weather|RainDance|[upkeep]
|upkeep
|turn|2
|j| Coach Jones 6fifth
|
|t:|1658923500
|switch|p2a: Thundurus|Thundurus-Therian, M, shiny|100/100
|move|p1a: Buzzwole|Close Combat|p2a: Thundurus
|-resisted|p2a: Thundurus
|-damage|p2a: Thundurus|49/100
|-unboost|p1a: Buzzwole|def|1
|-unboost|p1a: Buzzwole|spd|1
|
|-weather|RainDance|[upkeep]
|upkeep
|turn|3
|
|t:|1658923512
|switch|p1a: Garchomp|Garchomp, M|100/100
|move|p2a: Thundurus|Weather Ball|p1a: Garchomp
|-damage|p1a: Garchomp|47/100
|
|-weather|RainDance|[upkeep]
|-heal|p1a: Garchomp|54/100|[from] item: Leftovers
|upkeep
|turn|4
|
|t:|1658923518
|move|p1a: Garchomp|Protect|p1a: Garchomp
|-singleturn|p1a: Garchomp|Protect
|move|p2a: Thundurus|Weather Ball|p1a: Garchomp
|-activate|p1a: Garchomp|move: Protect
|
|-weather|RainDance|[upkeep]
|-heal|p1a: Garchomp|60/100|[from] item: Leftovers
|upkeep
|turn|5
|j| Fluffeluff
|j| LT91BBYoruVelaNoxx
|j| Trognon
|
|t:|1658923625
|move|p2a: Thundurus|Weather Ball|p1a: Garchomp
|-damage|p1a: Garchomp|11/100
|move|p1a: Garchomp|Stealth Rock|p2a: Thundurus
|-sidestart|p2: antarctozolt|move: Stealth Rock
|
|-weather|RainDance|[upkeep]
|-heal|p1a: Garchomp|17/100|[from] item: Leftovers
|upkeep
|turn|6
|j| LT91BB Tun
|
|t:|1658923633
|switch|p1a: Slowbro|Slowbro, M|100/100
|move|p2a: Thundurus|Weather Ball|p1a: Slowbro
|-resisted|p1a: Slowbro
|-damage|p1a: Slowbro|81/100
|
|-weather|RainDance|[upkeep]
|upkeep
|turn|7
|
|t:|1658923636
|switch|p1a: Garchomp|Garchomp, M|17/100
|move|p2a: Thundurus|Volt Switch|p1a: Garchomp
|-immune|p1a: Garchomp
|
|-weather|RainDance|[upkeep]
|-heal|p1a: Garchomp|23/100|[from] item: Leftovers
|upkeep
|turn|8
|
|t:|1658923644
|switch|p2a: Landorus|Landorus-Therian, M, shiny|100/100
|-damage|p2a: Landorus|88/100|[from] Stealth Rock
|-ability|p2a: Landorus|Intimidate|boost
|-unboost|p1a: Garchomp|atk|1
|move|p1a: Garchomp|Protect||[still]
|-fail|p1a: Garchomp
|
|-weather|none
|-heal|p1a: Garchomp|29/100|[from] item: Leftovers
|-heal|p2a: Landorus|94/100|[from] item: Leftovers
|upkeep
|turn|9
|
|t:|1658923652
|move|p1a: Garchomp|Toxic|p2a: Landorus
|-status|p2a: Landorus|tox
|move|p2a: Landorus|Defog|p1a: Garchomp
|-unboost|p1a: Garchomp|evasion|1
|-sideend|p2: antarctozolt|Stealth Rock|[from] move: Defog|[of] p2a: Landorus
|
|-heal|p1a: Garchomp|35/100|[from] item: Leftovers
|-heal|p2a: Landorus|99/100 tox|[from] item: Leftovers
|-damage|p2a: Landorus|94/100 tox|[from] psn
|upkeep
|turn|10
|
|t:|1658923662
|move|p1a: Garchomp|Stealth Rock|p2a: Landorus
|-sidestart|p2: antarctozolt|move: Stealth Rock
|move|p2a: Landorus|Earthquake|p1a: Garchomp
|-damage|p1a: Garchomp|0 fnt
|faint|p1a: Garchomp
|
|-heal|p2a: Landorus|99/100 tox|[from] item: Leftovers
|-damage|p2a: Landorus|88/100 tox|[from] psn
|upkeep
|
|t:|1658923670
|switch|p1a: Weavile|Weavile, M|100/100
|-ability|p1a: Weavile|Pressure
|turn|11
|
|t:|1658923678
|switch|p2a: Ferrothorn|Ferrothorn, F, shiny|100/100
|-damage|p2a: Ferrothorn|94/100|[from] Stealth Rock
|move|p1a: Weavile|Triple Axel|p2a: Ferrothorn
|-damage|p2a: Ferrothorn|85/100
|-damage|p1a: Weavile|88/100|[from] ability: Iron Barbs|[of] p2a: Ferrothorn
|-damage|p2a: Ferrothorn|65/100
|-damage|p1a: Weavile|76/100|[from] ability: Iron Barbs|[of] p2a: Ferrothorn
|-damage|p2a: Ferrothorn|38/100
|-damage|p1a: Weavile|63/100|[from] ability: Iron Barbs|[of] p2a: Ferrothorn
|-hitcount|p2a: Ferrothorn|3
|
|-heal|p2a: Ferrothorn|45/100|[from] item: Leftovers
|upkeep
|turn|12
|l| Coach Jones 6fifth
|
|t:|1658923692
|move|p1a: Weavile|Triple Axel|p2a: Ferrothorn
|-damage|p2a: Ferrothorn|34/100
|-damage|p1a: Weavile|51/100|[from] ability: Iron Barbs|[of] p2a: Ferrothorn
|-damage|p2a: Ferrothorn|15/100
|-damage|p1a: Weavile|38/100|[from] ability: Iron Barbs|[of] p2a: Ferrothorn
|-damage|p2a: Ferrothorn|0 fnt
|-damage|p1a: Weavile|26/100|[from] ability: Iron Barbs|[of] p2a: Ferrothorn
|faint|p2a: Ferrothorn
|-hitcount|p2: Ferrothorn|3
|
|upkeep
|l| Fluffeluff
|
|t:|1658923696
|switch|p2a: Barraskewda|Barraskewda, F, shiny|100/100
|-damage|p2a: Barraskewda|88/100|[from] Stealth Rock
|turn|13
|
|t:|1658923732
|switch|p1a: Buzzwole|Buzzwole|100/100
|move|p2a: Barraskewda|Flip Turn|p1a: Buzzwole
|-damage|p1a: Buzzwole|67/100
|-damage|p2a: Barraskewda|72/100|[from] item: Rocky Helmet|[of] p1a: Buzzwole
|
|t:|1658923741
|switch|p2a: Thundurus|Thundurus-Therian, M, shiny|49/100|[from]move: Flip Turn
|
|upkeep
|turn|14
|l| LT91BB Tun
|l| LT91BBYoruVelaNoxx
|
|t:|1658923795
|move|p2a: Thundurus|Volt Switch|p1a: Buzzwole
|-damage|p1a: Buzzwole|6/100
|
|t:|1658923799
|switch|p2a: Landorus|Landorus-Therian, M, shiny|88/100 tox|[from]move: Volt Switch
|-damage|p2a: Landorus|76/100 tox|[from] Stealth Rock
|-ability|p2a: Landorus|Intimidate|boost
|-unboost|p1a: Buzzwole|atk|1
|move|p1a: Buzzwole|Ice Punch|p2a: Landorus
|-supereffective|p2a: Landorus
|-damage|p2a: Landorus|6/100 tox
|
|-heal|p2a: Landorus|12/100 tox|[from] item: Leftovers
|-damage|p2a: Landorus|6/100 tox|[from] psn
|upkeep
|turn|15
|
|t:|1658923830
|move|p1a: Buzzwole|Ice Punch|p2a: Landorus
|-supereffective|p2a: Landorus
|-damage|p2a: Landorus|0 fnt
|faint|p2a: Landorus
|-ability|p1a: Buzzwole|Beast Boost|boost
|-boost|p1a: Buzzwole|atk|1
|
|upkeep
|j| LT91BB Tun
|
|t:|1658923836
|switch|p2a: Thundurus|Thundurus-Therian, M, shiny|49/100
|turn|16
|
|t:|1658923852
|switch|p1a: Corviknight|Corviknight, M|100/100
|-ability|p1a: Corviknight|Pressure
|move|p2a: Thundurus|Volt Switch|p1a: Corviknight
|-supereffective|p1a: Corviknight
|-damage|p1a: Corviknight|27/100
|
|t:|1658923874
|switch|p2a: Crawdaunt|Crawdaunt, M, shiny|100/100|[from]move: Volt Switch
|-damage|p2a: Crawdaunt|88/100|[from] Stealth Rock
|
|-heal|p1a: Corviknight|33/100|[from] item: Leftovers
|upkeep
|turn|17
|
|t:|1658923889
|move|p2a: Crawdaunt|Knock Off|p1a: Corviknight
|-damage|p1a: Corviknight|0 fnt
|-enditem|p1a: Corviknight|Leftovers|[from] move: Knock Off|[of] p2a: Crawdaunt
|faint|p1a: Corviknight
|
|upkeep
|
|t:|1658923897
|switch|p1a: Buzzwole|Buzzwole|6/100
|turn|18
|
|t:|1658923909
|switch|p2a: Thundurus|Thundurus-Therian, M, shiny|49/100
|move|p1a: Buzzwole|Close Combat|p2a: Thundurus
|-resisted|p2a: Thundurus
|-damage|p2a: Thundurus|1/100
|-unboost|p1a: Buzzwole|def|1
|-unboost|p1a: Buzzwole|spd|1
|
|upkeep
|turn|19
|
|t:|1658923924
|switch|p1a: Slowking|Slowking-Galar, F|100/100
|move|p2a: Thundurus|Volt Switch|p1a: Slowking
|-damage|p1a: Slowking|66/100
|
|t:|1658923928
|switch|p2a: Crawdaunt|Crawdaunt, M, shiny|88/100|[from]move: Volt Switch
|-damage|p2a: Crawdaunt|76/100|[from] Stealth Rock
|
|-heal|p1a: Slowking|72/100|[from] item: Black Sludge
|upkeep
|turn|20
|
|t:|1658923941
|move|p2a: Crawdaunt|Knock Off|p1a: Slowking
|-supereffective|p1a: Slowking
|-damage|p1a: Slowking|0 fnt
|-enditem|p1a: Slowking|Black Sludge|[from] move: Knock Off|[of] p2a: Crawdaunt
|faint|p1a: Slowking
|
|upkeep
|
|t:|1658923963
|switch|p1a: Buzzwole|Buzzwole|6/100
|turn|21
|
|t:|1658923972
|switch|p2a: Pelipper|Pelipper, M, shiny|66/100
|-damage|p2a: Pelipper|41/100|[from] Stealth Rock
|-weather|RainDance|[from] ability: Drizzle|[of] p2a: Pelipper
|move|p1a: Buzzwole|Close Combat|p2a: Pelipper
|-resisted|p2a: Pelipper
|-damage|p2a: Pelipper|12/100
|-unboost|p1a: Buzzwole|def|1
|-unboost|p1a: Buzzwole|spd|1
|
|-weather|RainDance|[upkeep]
|upkeep
|turn|22
|
|t:|1658923988
|move|p1a: Buzzwole|Close Combat|p2a: Pelipper
|-resisted|p2a: Pelipper
|-damage|p2a: Pelipper|0 fnt
|-unboost|p1a: Buzzwole|def|1
|-unboost|p1a: Buzzwole|spd|1
|faint|p2a: Pelipper
|-ability|p1a: Buzzwole|Beast Boost|boost
|-boost|p1a: Buzzwole|atk|1
|
|-weather|RainDance|[upkeep]
|upkeep
|
|t:|1658923990
|switch|p2a: Thundurus|Thundurus-Therian, M, shiny|1/100
|turn|23
|
|t:|1658924026
|move|p2a: Thundurus|Volt Switch|p1a: Buzzwole
|-damage|p1a: Buzzwole|0 fnt
|faint|p1a: Buzzwole
|
|t:|1658924034
|switch|p2a: Crawdaunt|Crawdaunt, M, shiny|76/100|[from]move: Volt Switch
|-damage|p2a: Crawdaunt|63/100|[from] Stealth Rock
|
|-weather|RainDance|[upkeep]
|upkeep
|
|t:|1658924045
|switch|p1a: Weavile|Weavile, M|26/100
|-ability|p1a: Weavile|Pressure
|turn|24
|
|t:|1658924050
|switch|p1a: Slowbro|Slowbro, M|100/100
|switch|p2a: Thundurus|Thundurus-Therian, M, shiny|1/100
|
|-weather|RainDance|[upkeep]
|upkeep
|turn|25
|j| Too Cald
|
|t:|1658924074
|move|p2a: Thundurus|Volt Switch|p1a: Slowbro
|-supereffective|p1a: Slowbro
|-damage|p1a: Slowbro|45/100
|
|t:|1658924080
|switch|p2a: Crawdaunt|Crawdaunt, M, shiny|63/100|[from]move: Volt Switch
|-damage|p2a: Crawdaunt|51/100|[from] Stealth Rock
|move|p1a: Slowbro|Teleport|p1a: Slowbro
|
|t:|1658924085
|switch|p1a: Weavile|Weavile, M|26/100|[from]move: Teleport
|-ability|p1a: Weavile|Pressure
|
|-weather|RainDance|[upkeep]
|upkeep
|turn|26
|l| Too Cald
|
|t:|1658924106
|switch|p2a: Thundurus|Thundurus-Therian, M, shiny|1/100
|move|p1a: Weavile|Low Kick|p2a: Thundurus
|-resisted|p2a: Thundurus
|-damage|p2a: Thundurus|0 fnt
|faint|p2a: Thundurus
|
|-weather|RainDance|[upkeep]
|upkeep
|
|t:|1658924108
|switch|p2a: Barraskewda|Barraskewda, F, shiny|72/100
|-damage|p2a: Barraskewda|60/100|[from] Stealth Rock
|turn|27
|
|t:|1658924119
|switch|p1a: Slowbro|Slowbro, M|78/100
|move|p2a: Barraskewda|Flip Turn|p1a: Slowbro
|-resisted|p1a: Slowbro
|-damage|p1a: Slowbro|49/100
|
|t:|1658924121
|switch|p2a: Crawdaunt|Crawdaunt, M, shiny|51/100|[from]move: Flip Turn
|-damage|p2a: Crawdaunt|39/100|[from] Stealth Rock
|
|-weather|RainDance|[upkeep]
|upkeep
|turn|28
|
|t:|1658924138
|move|p2a: Crawdaunt|Knock Off|p1a: Slowbro
|-supereffective|p1a: Slowbro
|-damage|p1a: Slowbro|0 fnt
|-enditem|p1a: Slowbro|Heavy-Duty Boots|[from] move: Knock Off|[of] p2a: Crawdaunt
|faint|p1a: Slowbro
|
|-weather|none
|upkeep
|
|t:|1658924140
|switch|p1a: Weavile|Weavile, M|26/100
|-ability|p1a: Weavile|Pressure
|turn|29
|inactive|Battle timer is ON: inactive players will automatically lose when time's up. (requested by LT91BB gostop)
|
|t:|1658924206
|move|p1a: Weavile|Ice Shard|p2a: Crawdaunt
|-resisted|p2a: Crawdaunt
|-damage|p2a: Crawdaunt|16/100
|move|p2a: Crawdaunt|Knock Off|p1a: Weavile
|-resisted|p1a: Weavile
|-damage|p1a: Weavile|0 fnt
|-enditem|p1a: Weavile|Choice Band|[from] move: Knock Off|[of] p2a: Crawdaunt
|faint|p1a: Weavile
|
|win|antarctozolt
|raw|LT91BB gostop's rating: 1647 &rarr; <strong>1638</strong><br />(-9 for losing)
|raw|antarctozolt's rating: 1859 &rarr; <strong>1868</strong><br />(+9 for winning)
|c|☆antarctozolt|gg
