|j|☆IM AT MY LIMIT
|j|☆Agency RufflesPro
|t:|1610915952
|player|p1|IM AT MY LIMIT|dawn|
|player|p2|Agency RufflesPro|benga|
|teamsize|p1|6
|teamsize|p2|6
|gametype|singles
|gen|8
|tier|[Gen 8] OU
|clearpoke
|poke|p1|Jirachi|
|poke|p1|Clefable, M|
|poke|p1|Pikachu, F|
|poke|p1|Garchomp, F|
|poke|p1|Mandibuzz, F|
|poke|p1|Blissey, F|
|poke|p2|Tapu Lele|
|poke|p2|Cinderace, F|
|poke|p2|Slowbro, F|
|poke|p2|Porygon2|
|poke|p2|Corviknight, F|
|poke|p2|Garchomp, F|
|rule|Sleep Clause Mod: Limit one foe put to sleep
|rule|Species Clause: Limit one of each Pokémon
|rule|OHKO Clause: OHKO moves are banned
|rule|Evasion Moves Clause: Evasion moves are banned
|rule|Endless Battle Clause: Forcing endless battles is banned
|rule|HP Percentage Mod: HP is shown in percentages
|rule|Dynamax Clause: You cannot dynamax
|teampreview
|inactive|Battle timer is ON: inactive players will automatically lose when time's up. (requested by IM AT MY LIMIT)
|c|☆Agency RufflesPro|i was in a game
|c|☆IM AT MY LIMIT|Oh
|
|t:|1610915965
|start
|switch|p1a: Ash's wet sock|Pikachu, F, shiny|100/100
|switch|p2a: Slowbro|Slowbro, F|100/100
|turn|1
|
|t:|1610915968
|move|p1a: Ash's wet sock|Volt Tackle|p2a: Slowbro
|-supereffective|p2a: Slowbro
|-damage|p2a: Slowbro|5/100
|-damage|p1a: Ash's wet sock|84/100|[from] item: Rocky Helmet|[of] p2a: Slowbro
|-damage|p1a: Ash's wet sock|25/100|[from] Recoil
|move|p2a: Slowbro|Future Sight|p1a: Ash's wet sock
|-start|p2a: Slowbro|move: Future Sight
|
|upkeep
|turn|2
|
|t:|1610915975
|-singleturn|p1a: Ash's wet sock|move: Focus Punch
|switch|p2a: Porygon2|Porygon2|100/100
|-ability|p2a: Porygon2|Static|[from] ability: Trace|[of] p1a: Ash's wet sock
|move|p1a: Ash's wet sock|Focus Punch|p2a: Porygon2
|-supereffective|p2a: Porygon2
|-damage|p2a: Porygon2|6/100
|
|upkeep
|turn|3
|
|t:|1610915987
|move|p1a: Ash's wet sock|Extreme Speed|p2a: Porygon2
|-damage|p2a: Porygon2|0 fnt
|faint|p2a: Porygon2
|
|-end|p1a: Ash's wet sock|move: Future Sight
|-damage|p1a: Ash's wet sock|0 fnt
|upkeep
|faint|p1a: Ash's wet sock
|
|t:|1610915999
|switch|p1a: GUSTAVO FRING|Clefable, M, shiny|100/100
|switch|p2a: Slowbro|Slowbro, F|38/100
|turn|4
|
|t:|1610916006
|switch|p2a: Cinderace|Cinderace, F|100/100
|move|p1a: GUSTAVO FRING|Moonblast|p2a: Cinderace
|-resisted|p2a: Cinderace
|-damage|p2a: Cinderace|59/100
|
|upkeep
|turn|5
|
|t:|1610916013
|switch|p1a: African west virus|Garchomp, F|100/100
|move|p2a: Cinderace|Pyro Ball|p1a: African west virus
|-resisted|p1a: African west virus
|-damage|p1a: African west virus|82/100
|
|upkeep
|turn|6
|
|t:|1610916019
|switch|p2a: Slowbro|Slowbro, F|71/100
|move|p1a: African west virus|Stealth Rock|p2a: Slowbro
|-sidestart|p2: Agency RufflesPro|move: Stealth Rock
|
|upkeep
|turn|7
|
|t:|1610916021
|move|p1a: African west virus|Toxic|p2a: Slowbro
|-status|p2a: Slowbro|tox
|move|p2a: Slowbro|Future Sight|p1a: African west virus
|-start|p2a: Slowbro|move: Future Sight
|
|-damage|p2a: Slowbro|65/100 tox|[from] psn
|upkeep
|turn|8
|
|t:|1610916023
|switch|p1a: BOOM|Blissey, F, shiny|100/100
|move|p2a: Slowbro|Teleport|p2a: Slowbro
|
|t:|1610916027
|switch|p2a: Garchomp|Garchomp, F|100/100|[from]move: Teleport
|-damage|p2a: Garchomp|94/100|[from] Stealth Rock
|
|-heal|p2a: Garchomp|100/100|[from] item: Leftovers
|upkeep
|turn|9
|
|t:|1610916032
|switch|p1a: Oh|Mandibuzz, F, shiny|100/100
|move|p2a: Garchomp|Stealth Rock|p1a: Oh
|-sidestart|p1: IM AT MY LIMIT|move: Stealth Rock
|
|-end|p1a: Oh|move: Future Sight
|-immune|p1a: Oh
|upkeep
|turn|10
|
|t:|1610916039
|switch|p2a: Corviknight|Corviknight, F|100/100
|-damage|p2a: Corviknight|88/100|[from] Stealth Rock
|-ability|p2a: Corviknight|Pressure
|move|p1a: Oh|Toxic|p2a: Corviknight
|-immune|p2a: Corviknight
|
|upkeep
|turn|11
|
|t:|1610916047
|switch|p1a: GUSTAVO FRING|Clefable, M, shiny|100/100
|move|p2a: Corviknight|U-turn|p1a: GUSTAVO FRING
|-resisted|p1a: GUSTAVO FRING
|-damage|p1a: GUSTAVO FRING|92/100
|
|t:|1610916053
|switch|p2a: Cinderace|Cinderace, F|59/100|[from]move: U-turn
|
|upkeep
|turn|12
|
|t:|1610916057
|switch|p1a: African west virus|Garchomp, F|82/100
|-damage|p1a: African west virus|76/100|[from] Stealth Rock
|move|p2a: Cinderace|Gunk Shot|p1a: African west virus
|-start|p2a: Cinderace|typechange|Poison|[from] ability: Libero
|-resisted|p1a: African west virus
|-damage|p1a: African west virus|58/100
|
|upkeep
|turn|13
|
|t:|1610916063
|switch|p2a: Corviknight|Corviknight, F|88/100
|-damage|p2a: Corviknight|76/100|[from] Stealth Rock
|-ability|p2a: Corviknight|Pressure
|switch|p1a: GUSTAVO FRING|Clefable, M, shiny|92/100
|
|upkeep
|turn|14
|
|t:|1610916067
|switch|p2a: Slowbro|Slowbro, F|98/100 tox
|-damage|p2a: Slowbro|86/100 tox|[from] Stealth Rock
|move|p1a: GUSTAVO FRING|Moonblast|p2a: Slowbro
|-damage|p2a: Slowbro|31/100 tox
|-unboost|p2a: Slowbro|spa|1
|
|-damage|p2a: Slowbro|25/100 tox|[from] psn
|upkeep
|turn|15
|
|t:|1610916075
|move|p1a: GUSTAVO FRING|Moonblast|p2a: Slowbro
|-damage|p2a: Slowbro|0 fnt
|faint|p2a: Slowbro
|
|upkeep
|
|t:|1610916076
|switch|p2a: Cinderace|Cinderace, F|59/100
|turn|16
|
|t:|1610916081
|switch|p1a: African west virus|Garchomp, F|58/100
|-damage|p1a: African west virus|52/100|[from] Stealth Rock
|move|p2a: Cinderace|Gunk Shot|p1a: African west virus
|-start|p2a: Cinderace|typechange|Poison|[from] ability: Libero
|-resisted|p1a: African west virus
|-damage|p1a: African west virus|35/100
|
|upkeep
|turn|17
|
|t:|1610916086
|move|p2a: Cinderace|High Jump Kick|p1a: African west virus
|-start|p2a: Cinderace|typechange|Fighting|[from] ability: Libero
|-damage|p1a: African west virus|0 fnt
|-damage|p2a: Cinderace|47/100|[from] ability: Rough Skin|[of] p1a: African west virus
|-damage|p2a: Cinderace|30/100|[from] item: Rocky Helmet|[of] p1a: African west virus
|faint|p1a: African west virus
|
|upkeep
|
|t:|1610916089
|switch|p1a: The RACHI|Jirachi|100/100
|-damage|p1a: The RACHI|94/100|[from] Stealth Rock
|turn|18
|
|t:|1610916093
|switch|p2a: Corviknight|Corviknight, F|76/100
|-damage|p2a: Corviknight|64/100|[from] Stealth Rock
|-ability|p2a: Corviknight|Pressure
|move|p1a: The RACHI|Trick|p2a: Corviknight
|-activate|p1a: The RACHI|move: Trick|[of] p2a: Corviknight
|-item|p2a: Corviknight|Choice Scarf|[from] move: Trick
|-item|p1a: The RACHI|Rocky Helmet|[from] move: Trick
|
|upkeep
|turn|19
|
|t:|1610916100
|move|p1a: The RACHI|Iron Head|p2a: Corviknight
|-resisted|p2a: Corviknight
|-damage|p2a: Corviknight|54/100
|move|p2a: Corviknight|U-turn|p1a: The RACHI
|-damage|p1a: The RACHI|80/100
|-damage|p2a: Corviknight|37/100|[from] item: Rocky Helmet|[of] p1a: The RACHI
|
|t:|1610916105
|switch|p2a: Cinderace|Cinderace, F|30/100|[from]move: U-turn
|
|upkeep
|turn|20
|
|t:|1610916108
|switch|p1a: Oh|Mandibuzz, F, shiny|100/100
|move|p2a: Cinderace|Pyro Ball|p1a: Oh
|-damage|p1a: Oh|67/100
|
|upkeep
|turn|21
|
|t:|1610916115
|switch|p2a: Tapu Lele|Tapu Lele|100/100
|-damage|p2a: Tapu Lele|88/100|[from] Stealth Rock
|-fieldstart|move: Psychic Terrain|[from] ability: Psychic Surge|[of] p2a: Tapu Lele
|move|p1a: Oh|Roost|p1a: Oh
|-heal|p1a: Oh|100/100
|-singleturn|p1a: Oh|move: Roost
|
|upkeep
|turn|22
|
|t:|1610916120
|switch|p1a: The RACHI|Jirachi|80/100
|-damage|p1a: The RACHI|74/100|[from] Stealth Rock
|move|p2a: Tapu Lele|Psyshock|p1a: The RACHI
|-resisted|p1a: The RACHI
|-damage|p1a: The RACHI|52/100
|
|upkeep
|turn|23
|
|t:|1610916128
|switch|p2a: Corviknight|Corviknight, F|37/100
|-damage|p2a: Corviknight|25/100|[from] Stealth Rock
|-ability|p2a: Corviknight|Pressure
|move|p1a: The RACHI|Iron Head|p2a: Corviknight
|-resisted|p2a: Corviknight
|-damage|p2a: Corviknight|15/100
|
|upkeep
|turn|24
|
|t:|1610916133
|move|p1a: The RACHI|Iron Head|p2a: Corviknight
|-resisted|p2a: Corviknight
|-crit|p2a: Corviknight
|-damage|p2a: Corviknight|0 fnt
|faint|p2a: Corviknight
|
|upkeep
|
|t:|1610916141
|switch|p2a: Garchomp|Garchomp, F|100/100
|-damage|p2a: Garchomp|94/100|[from] Stealth Rock
|turn|25
|
|t:|1610916147
|switch|p1a: Oh|Mandibuzz, F, shiny|100/100
|move|p2a: Garchomp|Swords Dance|p2a: Garchomp
|-boost|p2a: Garchomp|atk|2
|
|-heal|p2a: Garchomp|100/100|[from] item: Leftovers
|-fieldend|move: Psychic Terrain
|upkeep
|turn|26
|
|t:|1610916157
|move|p2a: Garchomp|Scale Shot|p1a: Oh
|-damage|p1a: Oh|86/100
|-damage|p1a: Oh|70/100
|-damage|p1a: Oh|53/100
|-hitcount|p1a: Oh|3
|-unboost|p2a: Garchomp|def|1
|-boost|p2a: Garchomp|spe|1
|move|p1a: Oh|Foul Play|p2a: Garchomp
|-damage|p2a: Garchomp|0 fnt
|-damage|p1a: Oh|41/100|[from] ability: Rough Skin|[of] p2a: Garchomp
|faint|p2a: Garchomp
|
|upkeep
|
|t:|1610916159
|switch|p2a: Tapu Lele|Tapu Lele|88/100
|-damage|p2a: Tapu Lele|76/100|[from] Stealth Rock
|-fieldstart|move: Psychic Terrain|[from] ability: Psychic Surge|[of] p2a: Tapu Lele
|turn|27
|
|t:|1610916174
|switch|p2a: Cinderace|Cinderace, F|30/100
|move|p1a: Oh|Roost|p1a: Oh
|-heal|p1a: Oh|91/100
|-singleturn|p1a: Oh|move: Roost
|
|upkeep
|turn|28
|c|☆Agency RufflesPro|that was a bad play
|
|t:|1610916187
|switch|p2a: Tapu Lele|Tapu Lele|76/100
|-damage|p2a: Tapu Lele|63/100|[from] Stealth Rock
|move|p1a: Oh|Foul Play|p2a: Tapu Lele
|-damage|p2a: Tapu Lele|29/100
|
|upkeep
|turn|29
|c|☆IM AT MY LIMIT|My play?
|
|t:|1610916200
|switch|p2a: Cinderace|Cinderace, F|30/100
|switch|p1a: BOOM|Blissey, F, shiny|100/100
|
|upkeep
|turn|30
|c|☆Agency RufflesPro|yes
|c|☆Agency RufflesPro|if i moonblasted u lost
|
|t:|1610916208
|move|p1a: BOOM|Protect|p1a: BOOM
|-singleturn|p1a: BOOM|Protect
|move|p2a: Cinderace|Gunk Shot|p1a: BOOM
|-start|p2a: Cinderace|typechange|Poison|[from] ability: Libero
|-activate|p1a: BOOM|move: Protect
|
|upkeep
|turn|31
|c|☆IM AT MY LIMIT|You didnt tho
|c|☆Agency RufflesPro|yes
|
|t:|1610916217
|switch|p1a: GUSTAVO FRING|Clefable, M, shiny|92/100
|move|p2a: Cinderace|High Jump Kick|p1a: GUSTAVO FRING
|-start|p2a: Cinderace|typechange|Fighting|[from] ability: Libero
|-resisted|p1a: GUSTAVO FRING
|-damage|p1a: GUSTAVO FRING|53/100
|
|-fieldend|move: Psychic Terrain
|upkeep
|turn|32
|c|☆Agency RufflesPro|but u had no reason to risk
|
|t:|1610916221
|move|p2a: Cinderace|Gunk Shot|p1a: GUSTAVO FRING
|-start|p2a: Cinderace|typechange|Poison|[from] ability: Libero
|-supereffective|p1a: GUSTAVO FRING
|-damage|p1a: GUSTAVO FRING|0 fnt
|faint|p1a: GUSTAVO FRING
|
|upkeep
|
|t:|1610916224
|switch|p1a: Oh|Mandibuzz, F, shiny|91/100
|turn|33
|
|t:|1610916226
|move|p2a: Cinderace|High Jump Kick|p1a: Oh
|-start|p2a: Cinderace|typechange|Fighting|[from] ability: Libero
|-damage|p1a: Oh|58/100
|move|p1a: Oh|Foul Play|p2a: Cinderace
|-resisted|p2a: Cinderace
|-damage|p2a: Cinderace|0 fnt
|faint|p2a: Cinderace
|
|upkeep
|c|☆Agency RufflesPro|w/e gg
|c|☆IM AT MY LIMIT|Makes sense
|c|☆Agency RufflesPro|never challenge with this team again tho
|-message|Agency RufflesPro forfeited.
|
|win|IM AT MY LIMIT
|l|☆Agency RufflesPro
|c|☆IM AT MY LIMIT|Whyy
