|j|☆GuardArc
|j|☆CatsCanFly!!
|t:|1611108928
|player|p1|GuardArc|lance-gen3|
|player|p2|CatsCanFly!!|dawn|
|teamsize|p1|6
|teamsize|p2|6
|gametype|singles
|gen|8
|tier|[Gen 8] OU
|clearpoke
|poke|p1|Spectrier|
|poke|p1|Obstagoon, F|
|poke|p1|Slowbro, F|
|poke|p1|Tapu Koko|
|poke|p1|Moltres|
|poke|p1|Ferrothorn, F|
|poke|p2|Reuniclus, M|
|poke|p2|Hydreigon, M|
|poke|p2|Urshifu-*, F|
|poke|p2|Victini|
|poke|p2|Skarmory, F|
|poke|p2|Zeraora|
|rule|Sleep Clause Mod: Limit one foe put to sleep
|rule|Species Clause: Limit one of each Pokémon
|rule|OHKO Clause: OHKO moves are banned
|rule|Evasion Moves Clause: Evasion moves are banned
|rule|Endless Battle Clause: Forcing endless battles is banned
|rule|HP Percentage Mod: HP is shown in percentages
|rule|Dynamax Clause: You cannot dynamax
|teampreview
|
|t:|1611108951
|start
|switch|p1a: Tapu Koko|Tapu Koko|100/100
|switch|p2a: Zeraora|Zeraora|100/100
|-fieldstart|move: Electric Terrain|[from] ability: Electric Surge|[of] p1a: Tapu Koko
|turn|1
|l|☆GuardArc
|player|p1|
|j|☆GuardArc
|player|p1|GuardArc|lance-gen3
|
|t:|1611109006
|move|p2a: Zeraora|Knock Off|p1a: Tapu Koko
|-resisted|p1a: Tapu Koko
|-damage|p1a: Tapu Koko|76/100
|-enditem|p1a: Tapu Koko|Choice Specs|[from] move: Knock Off|[of] p2a: Zeraora
|move|p1a: Tapu Koko|Dazzling Gleam|p2a: Zeraora
|-damage|p2a: Zeraora|58/100
|
|upkeep
|turn|2
|c|☆GuardArc|I keep having to refresh btw
|c|☆CatsCanFly!!|all good
|
|t:|1611109024
|switch|p2a: Reuniclus|Reuniclus, M|100/100
|move|p1a: Tapu Koko|Dazzling Gleam|p2a: Reuniclus
|-crit|p2a: Reuniclus
|-damage|p2a: Reuniclus|73/100
|
|upkeep
|turn|3
|
|t:|1611109036
|move|p1a: Tapu Koko|Volt Switch|p2a: Reuniclus
|-damage|p2a: Reuniclus|51/100
|
|t:|1611109039
|switch|p1a: Obstagoon|Obstagoon, F|100/100|[from]move: Volt Switch
|move|p2a: Reuniclus|Future Sight|p1a: Obstagoon
|-start|p2a: Reuniclus|move: Future Sight
|
|-status|p1a: Obstagoon|brn|[from] item: Flame Orb
|upkeep
|turn|4
|
|t:|1611109045
|switch|p2a: Skarmory|Skarmory, F|100/100
|move|p1a: Obstagoon|Knock Off|p2a: Skarmory
|-damage|p2a: Skarmory|61/100
|-damage|p1a: Obstagoon|84/100 brn|[from] item: Rocky Helmet|[of] p2a: Skarmory
|-enditem|p2a: Skarmory|Rocky Helmet|[from] move: Knock Off|[of] p1a: Obstagoon
|
|-damage|p1a: Obstagoon|78/100 brn|[from] brn
|upkeep
|turn|5
|
|t:|1611109052
|move|p1a: Obstagoon|Switcheroo|p2a: Skarmory
|-activate|p1a: Obstagoon|move: Trick|[of] p2a: Skarmory
|-item|p2a: Skarmory|Flame Orb|[from] move: Switcheroo
|-enditem|p1a: Obstagoon|Flame Orb|[silent]|[from] move: Switcheroo
|move|p2a: Skarmory|Roost|p2a: Skarmory
|-heal|p2a: Skarmory|100/100
|-singleturn|p2a: Skarmory|move: Roost
|
|-end|p1a: Obstagoon|move: Future Sight
|-immune|p1a: Obstagoon
|-damage|p1a: Obstagoon|72/100 brn|[from] brn
|-fieldend|move: Electric Terrain
|-status|p2a: Skarmory|brn|[from] item: Flame Orb
|upkeep
|turn|6
|
|t:|1611109060
|switch|p1a: Slowbro|Slowbro, F|100/100
|move|p2a: Skarmory|Spikes|p1a: Slowbro
|-sidestart|p1: GuardArc|Spikes
|
|-damage|p2a: Skarmory|94/100 brn|[from] brn
|upkeep
|turn|7
|
|t:|1611109062
|move|p2a: Skarmory|Toxic|p1a: Slowbro|[miss]
|-miss|p2a: Skarmory|p1a: Slowbro
|move|p1a: Slowbro|Teleport|p1a: Slowbro
|
|t:|1611109066
|switch|p1a: Spectrier|Spectrier|100/100|[from]move: Teleport
|-damage|p1a: Spectrier|88/100|[from] Spikes
|
|-heal|p1a: Spectrier|94/100|[from] item: Leftovers
|-damage|p2a: Skarmory|88/100 brn|[from] brn
|upkeep
|turn|8
|
|t:|1611109070
|switch|p2a: Hydreigon|Hydreigon, M|100/100
|move|p1a: Spectrier|Substitute|p1a: Spectrier
|-start|p1a: Spectrier|Substitute
|-damage|p1a: Spectrier|69/100
|
|-heal|p1a: Spectrier|76/100|[from] item: Leftovers
|upkeep
|turn|9
|
|t:|1611109085
|switch|p1a: Tapu Koko|Tapu Koko|76/100
|-damage|p1a: Tapu Koko|63/100|[from] Spikes
|-fieldstart|move: Electric Terrain|[from] ability: Electric Surge|[of] p1a: Tapu Koko
|move|p2a: Hydreigon|Dark Pulse|p1a: Tapu Koko
|-resisted|p1a: Tapu Koko
|-damage|p1a: Tapu Koko|39/100
|
|upkeep
|turn|10
|
|t:|1611109096
|switch|p2a: Zeraora|Zeraora|58/100
|move|p1a: Tapu Koko|Dazzling Gleam|p2a: Zeraora
|-damage|p2a: Zeraora|16/100
|
|upkeep
|turn|11
|
|t:|1611109115
|switch|p2a: Reuniclus|Reuniclus, M|84/100
|switch|p1a: Ferrothorn|Ferrothorn, F|100/100
|-damage|p1a: Ferrothorn|88/100|[from] Spikes
|
|-heal|p1a: Ferrothorn|94/100|[from] item: Leftovers
|upkeep
|turn|12
|
|t:|1611109120
|move|p2a: Reuniclus|Knock Off|p1a: Ferrothorn
|-damage|p1a: Ferrothorn|82/100
|-damage|p2a: Reuniclus|72/100|[from] ability: Iron Barbs|[of] p1a: Ferrothorn
|-enditem|p1a: Ferrothorn|Leftovers|[from] move: Knock Off|[of] p2a: Reuniclus
|move|p1a: Ferrothorn|Stealth Rock|p2a: Reuniclus
|-sidestart|p2: CatsCanFly!!|move: Stealth Rock
|
|upkeep
|turn|13
|
|t:|1611109129
|move|p2a: Reuniclus|Future Sight|p1a: Ferrothorn
|-start|p2a: Reuniclus|move: Future Sight
|move|p1a: Ferrothorn|Leech Seed|p2a: Reuniclus|[miss]
|-miss|p1a: Ferrothorn|p2a: Reuniclus
|
|-fieldend|move: Electric Terrain
|upkeep
|turn|14
|
|t:|1611109139
|move|p2a: Reuniclus|Focus Blast|p1a: Ferrothorn|[miss]
|-miss|p2a: Reuniclus|p1a: Ferrothorn
|move|p1a: Ferrothorn|Leech Seed|p2a: Reuniclus
|-start|p2a: Reuniclus|move: Leech Seed
|
|-damage|p2a: Reuniclus|60/100|[from] Leech Seed|[of] p1a: Ferrothorn
|-heal|p1a: Ferrothorn|96/100|[silent]
|upkeep
|turn|15
|
|t:|1611109146
|switch|p2a: Skarmory|Skarmory, F|88/100 brn
|-damage|p2a: Skarmory|76/100 brn|[from] Stealth Rock
|switch|p1a: Spectrier|Spectrier|76/100
|-damage|p1a: Spectrier|63/100|[from] Spikes
|
|-end|p1a: Spectrier|move: Future Sight
|-damage|p1a: Spectrier|9/100
|-heal|p1a: Spectrier|15/100|[from] item: Leftovers
|-damage|p2a: Skarmory|70/100 brn|[from] brn
|upkeep
|turn|16
|
|t:|1611109155
|switch|p2a: Hydreigon|Hydreigon, M|100/100
|-damage|p2a: Hydreigon|88/100|[from] Stealth Rock
|move|p1a: Spectrier|Hex|p2a: Hydreigon
|-resisted|p2a: Hydreigon
|-damage|p2a: Hydreigon|78/100
|
|-heal|p1a: Spectrier|21/100|[from] item: Leftovers
|-heal|p2a: Hydreigon|84/100|[from] item: Leftovers
|upkeep
|turn|17
|
|t:|1611109164
|switch|p1a: Ferrothorn|Ferrothorn, F|96/100
|-damage|p1a: Ferrothorn|83/100|[from] Spikes
|move|p2a: Hydreigon|Dark Pulse|p1a: Ferrothorn
|-damage|p1a: Ferrothorn|61/100
|
|-heal|p2a: Hydreigon|90/100|[from] item: Leftovers
|upkeep
|turn|18
|
|t:|1611109178
|move|p1a: Ferrothorn|Protect|p1a: Ferrothorn
|-singleturn|p1a: Ferrothorn|Protect
|move|p2a: Hydreigon|Dark Pulse|p1a: Ferrothorn
|-activate|p1a: Ferrothorn|move: Protect
|
|-heal|p2a: Hydreigon|96/100|[from] item: Leftovers
|upkeep
|turn|19
|
|t:|1611109216
|switch|p2a: Skarmory|Skarmory, F|70/100 brn
|-damage|p2a: Skarmory|58/100 brn|[from] Stealth Rock
|move|p1a: Ferrothorn|Leech Seed|p2a: Skarmory
|-start|p2a: Skarmory|move: Leech Seed
|
|-damage|p2a: Skarmory|46/100 brn|[from] Leech Seed|[of] p1a: Ferrothorn
|-heal|p1a: Ferrothorn|72/100|[silent]
|-damage|p2a: Skarmory|40/100 brn|[from] brn
|upkeep
|turn|20
|
|t:|1611109226
|switch|p1a: Tapu Koko|Tapu Koko|39/100
|-damage|p1a: Tapu Koko|26/100|[from] Spikes
|-fieldstart|move: Electric Terrain|[from] ability: Electric Surge|[of] p1a: Tapu Koko
|move|p2a: Skarmory|Roost|p2a: Skarmory
|-heal|p2a: Skarmory|90/100 brn
|-singleturn|p2a: Skarmory|move: Roost
|
|-damage|p2a: Skarmory|77/100 brn|[from] Leech Seed|[of] p1a: Tapu Koko
|-heal|p1a: Tapu Koko|41/100|[silent]
|-damage|p2a: Skarmory|71/100 brn|[from] brn
|upkeep
|turn|21
|
|t:|1611109237
|switch|p2a: Reuniclus|Reuniclus, M|93/100
|-damage|p2a: Reuniclus|81/100|[from] Stealth Rock
|move|p1a: Tapu Koko|Volt Switch|p2a: Reuniclus
|-damage|p2a: Reuniclus|58/100
|
|t:|1611109240
|switch|p1a: Obstagoon|Obstagoon, F|72/100 brn|[from]move: Volt Switch
|-damage|p1a: Obstagoon|60/100 brn|[from] Spikes
|
|-damage|p1a: Obstagoon|53/100 brn|[from] brn
|upkeep
|turn|22
|
|t:|1611109246
|switch|p2a: Skarmory|Skarmory, F|71/100 brn
|-damage|p2a: Skarmory|59/100 brn|[from] Stealth Rock
|move|p1a: Obstagoon|Knock Off|p2a: Skarmory
|-damage|p2a: Skarmory|18/100 brn
|-enditem|p2a: Skarmory|Flame Orb|[from] move: Knock Off|[of] p1a: Obstagoon
|
|-damage|p1a: Obstagoon|47/100 brn|[from] brn
|-damage|p2a: Skarmory|12/100 brn|[from] brn
|upkeep
|turn|23
|
|t:|1611109253
|move|p1a: Obstagoon|Knock Off|p2a: Skarmory
|-damage|p2a: Skarmory|0 fnt
|faint|p2a: Skarmory
|
|-damage|p1a: Obstagoon|41/100 brn|[from] brn
|upkeep
|
|t:|1611109256
|switch|p2a: Urshifu|Urshifu-Rapid-Strike, F|100/100
|-damage|p2a: Urshifu|94/100|[from] Stealth Rock
|turn|24
|
|t:|1611109266
|switch|p1a: Slowbro|Slowbro, F|100/100
|-damage|p1a: Slowbro|88/100|[from] Spikes
|move|p2a: Urshifu|U-turn|p1a: Slowbro
|-supereffective|p1a: Slowbro
|-damage|p1a: Slowbro|47/100
|-damage|p2a: Urshifu|78/100|[from] item: Rocky Helmet|[of] p1a: Slowbro
|
|t:|1611109274
|switch|p2a: Victini|Victini|100/100|[from]move: U-turn
|
|-fieldend|move: Electric Terrain
|upkeep
|turn|25
|
|t:|1611109313
|switch|p1a: Ferrothorn|Ferrothorn, F|72/100
|-damage|p1a: Ferrothorn|60/100|[from] Spikes
|move|p2a: Victini|Bolt Strike|p1a: Ferrothorn
|-resisted|p1a: Ferrothorn
|-damage|p1a: Ferrothorn|46/100
|-damage|p2a: Victini|88/100|[from] ability: Iron Barbs|[of] p1a: Ferrothorn
|
|upkeep
|turn|26
|
|t:|1611109321
|switch|p1a: Slowbro|Slowbro, F|81/100
|-damage|p1a: Slowbro|68/100|[from] Spikes
|move|p2a: Victini|V-create|p1a: Slowbro
|-resisted|p1a: Slowbro
|-damage|p1a: Slowbro|45/100
|-unboost|p2a: Victini|spe|1
|-unboost|p2a: Victini|def|1
|-unboost|p2a: Victini|spd|1
|-damage|p2a: Victini|72/100|[from] item: Rocky Helmet|[of] p1a: Slowbro
|
|upkeep
|turn|27
|
|t:|1611109330
|move|p2a: Victini|Bolt Strike|p1a: Slowbro
|-supereffective|p1a: Slowbro
|-damage|p1a: Slowbro|0 fnt
|-damage|p2a: Victini|55/100|[from] item: Rocky Helmet|[of] p1a: Slowbro
|faint|p1a: Slowbro
|
|upkeep
|
|t:|1611109341
|switch|p1a: Tapu Koko|Tapu Koko|41/100
|-damage|p1a: Tapu Koko|28/100|[from] Spikes
|-fieldstart|move: Electric Terrain|[from] ability: Electric Surge|[of] p1a: Tapu Koko
|turn|28
|
|t:|1611109347
|switch|p2a: Zeraora|Zeraora|16/100
|-damage|p2a: Zeraora|3/100|[from] Stealth Rock
|move|p1a: Tapu Koko|Volt Switch|p2a: Zeraora
|-heal|p2a: Zeraora|28/100|[from] ability: Volt Absorb|[of] p1a: Tapu Koko
|
|upkeep
|turn|29
|c|☆GuardArc|I can't believe I just let that happen
|c|☆CatsCanFly!!|:(
|
|t:|1611109388
|switch|p1a: Ferrothorn|Ferrothorn, F|46/100
|-damage|p1a: Ferrothorn|33/100|[from] Spikes
|move|p2a: Zeraora|Close Combat|p1a: Ferrothorn
|-supereffective|p1a: Ferrothorn
|-damage|p1a: Ferrothorn|0 fnt
|-unboost|p2a: Zeraora|def|1
|-unboost|p2a: Zeraora|spd|1
|-damage|p2a: Zeraora|16/100|[from] ability: Iron Barbs|[of] p1a: Ferrothorn
|faint|p1a: Ferrothorn
|
|upkeep
|c|☆GuardArc|tired af man not thinking straight
|
|t:|1611109407
|switch|p1a: Moltres|Moltres|100/100
|turn|30
|
|t:|1611109419
|switch|p2a: Hydreigon|Hydreigon, M|96/100
|-damage|p2a: Hydreigon|84/100|[from] Stealth Rock
|move|p1a: Moltres|Scorching Sands|p2a: Hydreigon
|-immune|p2a: Hydreigon|[from] ability: Levitate
|
|-heal|p2a: Hydreigon|90/100|[from] item: Leftovers
|upkeep
|turn|31
|
|t:|1611109427
|move|p2a: Hydreigon|Defog|p1a: Moltres
|-unboost|p1a: Moltres|evasion|1
|-sideend|p1: GuardArc|Spikes|[from] move: Defog|[of] p2a: Hydreigon
|-sideend|p2: CatsCanFly!!|Stealth Rock|[from] move: Defog|[of] p2a: Hydreigon
|-fieldend|move: Electric Terrain
|move|p1a: Moltres|Toxic|p2a: Hydreigon
|-status|p2a: Hydreigon|tox
|
|-heal|p2a: Hydreigon|96/100 tox|[from] item: Leftovers
|-damage|p2a: Hydreigon|90/100 tox|[from] psn
|upkeep
|turn|32
|c|☆CatsCanFly!!|sry bud
|c|☆GuardArc|lol this ain't over yet
|c|☆CatsCanFly!!|yup
|c|☆CatsCanFly!!|hopefully u get some good rest afterwards
|
|t:|1611109452
|move|p2a: Hydreigon|U-turn|p1a: Moltres
|-resisted|p1a: Moltres
|-damage|p1a: Moltres|97/100
|
|t:|1611109454
|switch|p2a: Reuniclus|Reuniclus, M|92/100|[from]move: U-turn
|move|p1a: Moltres|Flamethrower|p2a: Reuniclus
|-damage|p2a: Reuniclus|71/100
|
|upkeep
|turn|33
|
|t:|1611109461
|move|p1a: Moltres|Toxic|p2a: Reuniclus
|-status|p2a: Reuniclus|tox
|move|p2a: Reuniclus|Future Sight|p1a: Moltres
|-start|p2a: Reuniclus|move: Future Sight
|
|-damage|p2a: Reuniclus|65/100 tox|[from] psn
|upkeep
|turn|34
|
|t:|1611109479
|switch|p2a: Urshifu|Urshifu-Rapid-Strike, F|78/100
|move|p1a: Moltres|Scorching Sands|p2a: Urshifu
|-damage|p2a: Urshifu|46/100
|
|upkeep
|turn|35
|
|t:|1611109485
|switch|p1a: Spectrier|Spectrier|21/100
|move|p2a: Urshifu|Surging Strikes|p1a: Spectrier
|-crit|p1a: Spectrier
|-damage|p1a: Spectrier|0 fnt
|-hitcount|p1a: Spectrier|1
|faint|p1a: Spectrier
|
|-hint|Future Sight did not hit because the target is fainted.
|upkeep
|
|t:|1611109497
|switch|p1a: Tapu Koko|Tapu Koko|28/100
|-fieldstart|move: Electric Terrain|[from] ability: Electric Surge|[of] p1a: Tapu Koko
|turn|36
|
|t:|1611109507
|switch|p2a: Reuniclus|Reuniclus, M|98/100 tox
|move|p1a: Tapu Koko|Dazzling Gleam|p2a: Reuniclus
|-damage|p2a: Reuniclus|79/100 tox
|
|-damage|p2a: Reuniclus|73/100 tox|[from] psn
|upkeep
|turn|37
|l|☆GuardArc
|player|p1|
|j|☆GuardArc
|player|p1|GuardArc|lance-gen3
|
|t:|1611109553
|move|p1a: Tapu Koko|Volt Switch|p2a: Reuniclus
|-damage|p2a: Reuniclus|52/100 tox
|
|t:|1611109555
|switch|p1a: Moltres|Moltres|97/100|[from]move: Volt Switch
|move|p2a: Reuniclus|Future Sight|p1a: Moltres
|-start|p2a: Reuniclus|move: Future Sight
|
|-damage|p2a: Reuniclus|39/100 tox|[from] psn
|upkeep
|turn|38
|
|t:|1611109564
|switch|p2a: Victini|Victini|55/100
|move|p1a: Moltres|Scorching Sands|p2a: Victini
|-supereffective|p2a: Victini
|-damage|p2a: Victini|13/100
|
|upkeep
|turn|39
|
|t:|1611109571
|switch|p1a: Obstagoon|Obstagoon, F|41/100 brn
|move|p2a: Victini|Bolt Strike|p1a: Obstagoon
|-damage|p1a: Obstagoon|0 fnt
|faint|p1a: Obstagoon
|
|-hint|Future Sight did not hit because the target is fainted.
|upkeep
|
|t:|1611109575
|switch|p1a: Tapu Koko|Tapu Koko|28/100
|turn|40
|
|t:|1611109581
|move|p1a: Tapu Koko|Dazzling Gleam|p2a: Victini
|-resisted|p2a: Victini
|-damage|p2a: Victini|0 fnt
|faint|p2a: Victini
|
|-fieldend|move: Electric Terrain
|upkeep
|
|t:|1611109606
|switch|p2a: Reuniclus|Reuniclus, M|73/100 tox
|turn|41
|
|t:|1611109610
|move|p1a: Tapu Koko|Volt Switch|p2a: Reuniclus
|-damage|p2a: Reuniclus|56/100 tox
|
|t:|1611109612
|switch|p1a: Moltres|Moltres|97/100|[from]move: Volt Switch
|move|p2a: Reuniclus|Future Sight|p1a: Moltres
|-start|p2a: Reuniclus|move: Future Sight
|
|-damage|p2a: Reuniclus|50/100 tox|[from] psn
|upkeep
|turn|42
|
|t:|1611109618
|switch|p2a: Hydreigon|Hydreigon, M|90/100 tox
|move|p1a: Moltres|Flamethrower|p2a: Hydreigon
|-resisted|p2a: Hydreigon
|-damage|p2a: Hydreigon|76/100 tox
|
|-heal|p2a: Hydreigon|82/100 tox|[from] item: Leftovers
|-damage|p2a: Hydreigon|76/100 tox|[from] psn
|upkeep
|turn|43
|
|t:|1611109623
|move|p2a: Hydreigon|U-turn|p1a: Moltres
|-resisted|p1a: Moltres
|-damage|p1a: Moltres|94/100
|
|t:|1611109628
|switch|p2a: Urshifu|Urshifu-Rapid-Strike, F|46/100|[from]move: U-turn
|move|p1a: Moltres|Roost|p1a: Moltres
|-heal|p1a: Moltres|100/100
|-singleturn|p1a: Moltres|move: Roost
|
|-end|p1a: Moltres|move: Future Sight
|-damage|p1a: Moltres|61/100
|upkeep
|turn|44
|
|t:|1611109642
|switch|p1a: Tapu Koko|Tapu Koko|28/100
|-fieldstart|move: Electric Terrain|[from] ability: Electric Surge|[of] p1a: Tapu Koko
|move|p2a: Urshifu|Surging Strikes|p1a: Tapu Koko
|-crit|p1a: Tapu Koko
|-damage|p1a: Tapu Koko|0 fnt
|-hitcount|p1a: Tapu Koko|1
|faint|p1a: Tapu Koko
|
|upkeep
|c|☆CatsCanFly!!|gg
|
|t:|1611109657
|switch|p1a: Moltres|Moltres|61/100
|turn|45
|
|t:|1611109660
|move|p2a: Urshifu|Surging Strikes|p1a: Moltres
|-supereffective|p1a: Moltres
|-crit|p1a: Moltres
|-damage|p1a: Moltres|0 fnt
|-status|p2a: Urshifu|brn|[from] ability: Flame Body|[of] p1a: Moltres
|-hitcount|p1a: Moltres|1
|faint|p1a: Moltres
|
|win|CatsCanFly!!
|c|☆GuardArc|gg
