|j|☆House Fancy
|j|☆early_human
|t:|1634682482
|gametype|singles
|player|p1|House Fancy|266|1853
|player|p2|early_human|dancer|1840
|teamsize|p1|6
|teamsize|p2|6
|gen|8
|tier|[Gen 8] OU
|rated|
|rule|Sleep Clause Mod: Limit one foe put to sleep
|rule|Species Clause: Limit one of each Pokémon
|rule|OHKO Clause: OHKO moves are banned
|rule|Evasion Moves Clause: Evasion moves are banned
|rule|Endless Battle Clause: Forcing endless battles is banned
|rule|HP Percentage Mod: HP is shown in percentages
|rule|Dynamax Clause: You cannot dynamax
|clearpoke
|poke|p1|Ninetales-Alola, M|
|poke|p1|Kyurem|
|poke|p1|Arctozolt|
|poke|p1|Landorus-Therian, M|
|poke|p1|Tapu Fini|
|poke|p1|Ferrothorn, M|
|poke|p2|Moltres-Galar|
|poke|p2|Aegislash, M|
|poke|p2|Buzzwole|
|poke|p2|Latios, M|
|poke|p2|Landorus-Therian, M|
|poke|p2|Bisharp, M|
|teampreview
|j| dying breath
|
|t:|1634682489
|start
|switch|p1a: Kyurem|Kyurem|100/100
|switch|p2a: Bisharp|Bisharp, M|100/100
|-ability|p1a: Kyurem|Pressure
|turn|1
|
|t:|1634682496
|move|p1a: Kyurem|Earth Power|p2a: Bisharp
|-supereffective|p2a: Bisharp
|-damage|p2a: Bisharp|31/100
|move|p2a: Bisharp|Iron Head|p1a: Kyurem
|-supereffective|p1a: Kyurem
|-damage|p1a: Kyurem|22/100
|
|upkeep
|turn|2
|
|t:|1634682501
|move|p2a: Bisharp|Sucker Punch||[still]
|-fail|p2a: Bisharp
|move|p1a: Kyurem|Roost|p1a: Kyurem
|-heal|p1a: Kyurem|72/100
|-singleturn|p1a: Kyurem|move: Roost
|
|upkeep
|turn|3
|j| Volodia
|
|t:|1634682507
|move|p2a: Bisharp|Sucker Punch|p1a: Kyurem
|-damage|p1a: Kyurem|33/100
|move|p1a: Kyurem|Earth Power|p2a: Bisharp
|-supereffective|p2a: Bisharp
|-damage|p2a: Bisharp|0 fnt
|faint|p2a: Bisharp
|
|upkeep
|
|t:|1634682511
|switch|p2a: Latios|Latios, M|100/100
|turn|4
|
|t:|1634682514
|switch|p1a: Ninetales|Ninetales-Alola, M|100/100
|-weather|Hail|[from] ability: Snow Warning|[of] p1a: Ninetales
|move|p2a: Latios|Psychic|p1a: Ninetales
|-damage|p1a: Ninetales|43/100
|
|-weather|Hail|[upkeep]
|-damage|p2a: Latios|95/100|[from] Hail
|upkeep
|turn|5
|
|t:|1634682520
|switch|p1a: Ferrothorn|Ferrothorn, M|100/100
|move|p2a: Latios|Mystical Fire|p1a: Ferrothorn
|-supereffective|p1a: Ferrothorn
|-damage|p1a: Ferrothorn|10/100
|-unboost|p1a: Ferrothorn|spa|1
|
|-weather|Hail|[upkeep]
|-damage|p2a: Latios|89/100|[from] Hail
|-damage|p1a: Ferrothorn|3/100|[from] Hail
|-heal|p1a: Ferrothorn|10/100|[from] item: Leftovers
|upkeep
|turn|6
|
|t:|1634682525
|move|p2a: Latios|Psychic|p1a: Ferrothorn
|-resisted|p1a: Ferrothorn
|-crit|p1a: Ferrothorn
|-damage|p1a: Ferrothorn|0 fnt
|faint|p1a: Ferrothorn
|
|-weather|Hail|[upkeep]
|-damage|p2a: Latios|83/100|[from] Hail
|upkeep
|
|t:|1634682528
|switch|p1a: Arctozolt|Arctozolt|100/100
|turn|7
|
|t:|1634682530
|switch|p2a: Aegislash|Aegislash, M|100/100
|move|p1a: Arctozolt|Blizzard|p2a: Aegislash
|-resisted|p2a: Aegislash
|-damage|p2a: Aegislash|87/100
|
|-weather|Hail|[upkeep]
|-damage|p2a: Aegislash|80/100|[from] Hail
|upkeep
|turn|8
|
|t:|1634682534
|switch|p1a: Landorus|Landorus-Therian, M|100/100
|-ability|p1a: Landorus|Intimidate|boost
|-unboost|p2a: Aegislash|atk|1
|move|p2a: Aegislash|King's Shield||[still]
|-fail|p2a: Aegislash
|
|-weather|Hail|[upkeep]
|-damage|p1a: Landorus|94/100|[from] Hail
|-damage|p2a: Aegislash|74/100|[from] Hail
|-heal|p1a: Landorus|100/100|[from] item: Leftovers
|upkeep
|turn|9
|
|t:|1634682539
|switch|p2a: Landorus|Landorus-Therian, M|100/100
|-ability|p2a: Landorus|Intimidate|boost
|-unboost|p1a: Landorus|atk|1
|move|p1a: Landorus|Weather Ball|p2a: Landorus
|-supereffective|p2a: Landorus
|-enditem|p2a: Landorus|Focus Sash
|-damage|p2a: Landorus|1/100
|
|-weather|Hail|[upkeep]
|-damage|p2a: Landorus|0 fnt|[from] Hail
|-damage|p1a: Landorus|94/100|[from] Hail
|faint|p2a: Landorus
|-heal|p1a: Landorus|100/100|[from] item: Leftovers
|upkeep
|
|t:|1634682546
|switch|p2a: Buzzwole|Buzzwole|100/100
|turn|10
|
|t:|1634682553
|move|p2a: Buzzwole|Ice Punch|p1a: Landorus
|-supereffective|p1a: Landorus
|-damage|p1a: Landorus|0 fnt
|faint|p1a: Landorus
|-ability|p2a: Buzzwole|Beast Boost|boost
|-boost|p2a: Buzzwole|atk|1
|
|-weather|Hail|[upkeep]
|-damage|p2a: Buzzwole|94/100|[from] Hail
|upkeep
|
|t:|1634682557
|switch|p1a: Kyurem|Kyurem|33/100
|-ability|p1a: Kyurem|Pressure
|turn|11
|
|t:|1634682565
|move|p1a: Kyurem|Blizzard|p2a: Buzzwole
|-damage|p2a: Buzzwole|0 fnt
|faint|p2a: Buzzwole
|
|-weather|none
|upkeep
|c| Volodia|LMAO
|
|t:|1634682567
|switch|p2a: Latios|Latios, M|83/100
|turn|12
|
|t:|1634682578
|switch|p1a: Ninetales|Ninetales-Alola, M|43/100
|-weather|Hail|[from] ability: Snow Warning|[of] p1a: Ninetales
|move|p2a: Latios|Psychic|p1a: Ninetales
|-damage|p1a: Ninetales|0 fnt
|faint|p1a: Ninetales
|
|-weather|Hail|[upkeep]
|-damage|p2a: Latios|77/100|[from] Hail
|upkeep
|
|t:|1634682581
|switch|p1a: Arctozolt|Arctozolt|100/100
|turn|13
|
|t:|1634682597
|switch|p2a: Moltres|Moltres-Galar|100/100
|move|p1a: Arctozolt|Bolt Beak|p2a: Moltres
|-supereffective|p2a: Moltres
|-damage|p2a: Moltres|0 fnt
|faint|p2a: Moltres
|
|-weather|Hail|[upkeep]
|upkeep
|
|t:|1634682600
|switch|p2a: Aegislash|Aegislash, M|74/100
|turn|14
|
|t:|1634682608
|move|p2a: Aegislash|King's Shield|p2a: Aegislash
|-singleturn|p2a: Aegislash|Protect
|move|p1a: Arctozolt|Bolt Beak|p2a: Aegislash
|-activate|p2a: Aegislash|move: Protect
|-unboost|p1a: Arctozolt|atk|1
|
|-weather|Hail|[upkeep]
|-damage|p2a: Aegislash|68/100|[from] Hail
|upkeep
|turn|15
|
|t:|1634682613
|move|p1a: Arctozolt|Bolt Beak|p2a: Aegislash
|-damage|p2a: Aegislash|31/100
|-formechange|p2a: Aegislash|Aegislash-Blade||[from] ability: Stance Change
|move|p2a: Aegislash|Shadow Ball|p1a: Arctozolt
|-damage|p1a: Arctozolt|38/100
|
|-weather|Hail|[upkeep]
|-damage|p2a: Aegislash|25/100|[from] Hail
|upkeep
|turn|16
|
|t:|1634682618
|-formechange|p2a: Aegislash|Aegislash||[from] ability: Stance Change
|move|p2a: Aegislash|King's Shield|p2a: Aegislash
|-singleturn|p2a: Aegislash|Protect
|move|p1a: Arctozolt|Blizzard|p2a: Aegislash
|-activate|p2a: Aegislash|move: Protect
|
|-weather|Hail|[upkeep]
|-damage|p2a: Aegislash|18/100|[from] Hail
|upkeep
|turn|17
|
|t:|1634682626
|switch|p2a: Latios|Latios, M|77/100
|move|p1a: Arctozolt|Blizzard|p2a: Latios
|-supereffective|p2a: Latios
|-damage|p2a: Latios|0 fnt
|faint|p2a: Latios
|
|-weather|Hail|[upkeep]
|upkeep
|-message|early_human forfeited.
|
|win|House Fancy
|raw|House Fancy's rating: 1853 &rarr; <strong>1872</strong><br />(+19 for winning)
|raw|early_human's rating: 1840 &rarr; <strong>1821</strong><br />(-19 for losing)
|j| Volc is for pssys
|l|☆early_human
|l| dying breath
