|j|☆Rheinmetal
|j|☆OUTM Dill
|player|p1|Rheinmetal|cynthia|1347
|player|p2|OUTM Dill|winona|1396
|teamsize|p1|6
|teamsize|p2|6
|gametype|singles
|gen|8
|tier|[Gen 8] OU
|rated|
|rule|Sleep Clause Mod: Limit one foe put to sleep
|rule|Species Clause: Limit one of each Pokémon
|rule|OHKO Clause: OHKO moves are banned
|rule|Evasion Moves Clause: Evasion moves are banned
|rule|Endless Battle Clause: Forcing endless battles is banned
|rule|HP Percentage Mod: HP is shown in percentages
|clearpoke
|poke|p1|Hydreigon, M|
|poke|p1|Seismitoad, M|
|poke|p1|Darmanitan-Galar, F|
|poke|p1|Tyranitar, M|
|poke|p1|Excadrill, M|
|poke|p1|Clefable, F|
|poke|p2|Excadrill, F|
|poke|p2|Clefable, F|
|poke|p2|Ferrothorn, M|
|poke|p2|Hydreigon, F|
|poke|p2|Darmanitan-Galar, M|
|poke|p2|Corsola-Galar, F|
|teampreview
|
|start
|switch|p1a: Hydreigon|Hydreigon, M, shiny|100/100
|switch|p2a: Darmanitan|Darmanitan-Galar, M|100/100
|turn|1
|inactive|Battle timer is ON: inactive players will automatically lose when time's up. (requested by Rheinmetal)
|
|move|p1a: Hydreigon|Fire Blast|p2a: Darmanitan
|-supereffective|p2a: Darmanitan
|-damage|p2a: Darmanitan|0 fnt
|faint|p2a: Darmanitan
|
|upkeep
|
|switch|p2a: Clefable|Clefable, F|100/100
|turn|2
|
|switch|p1a: Tyranitar|Tyranitar, M|100/100
|-weather|Sandstorm|[from] ability: Sand Stream|[of] p1a: Tyranitar
|move|p2a: Clefable|Moonblast|p1a: Tyranitar
|-supereffective|p1a: Tyranitar
|-damage|p1a: Tyranitar|59/100
|-unboost|p1a: Tyranitar|spa|1
|
|-weather|Sandstorm|[upkeep]
|upkeep
|turn|3
|
|switch|p1a: Excadrill|Excadrill, M|100/100
|-start|p2a: Clefable|Dynamax
|-heal|p2a: Clefable|100/100|[silent]
|move|p2a: Clefable|Max Starfall|p1a: Excadrill
|-resisted|p1a: Excadrill
|-damage|p1a: Excadrill|55/100
|-fieldstart|move: Misty Terrain
|
|-weather|Sandstorm|[upkeep]
|upkeep
|turn|4
|
|-start|p1a: Excadrill|Dynamax
|-heal|p1a: Excadrill|55/100|[silent]
|move|p1a: Excadrill|Max Steelspike|p2a: Clefable
|-supereffective|p2a: Clefable
|-damage|p2a: Clefable|0 fnt
|-boost|p1a: Excadrill|def|1
|faint|p2a: Clefable
|
|-weather|Sandstorm|[upkeep]
|upkeep
|
|switch|p2a: Hydreigon|Hydreigon, F|100/100
|turn|5
|
|move|p1a: Excadrill|Max Rockfall|p2a: Hydreigon
|-damage|p2a: Hydreigon|45/100
|move|p2a: Hydreigon|Dark Pulse|p1a: Excadrill
|-damage|p1a: Excadrill|18/100
|-damage|p2a: Hydreigon|36/100|[from] item: Life Orb
|
|-weather|Sandstorm|[upkeep]
|-damage|p2a: Hydreigon|29/100|[from] Sandstorm
|upkeep
|turn|6
|
|switch|p2a: Corsola|Corsola-Galar, F|100/100
|move|p1a: Excadrill|Max Steelspike|p2a: Corsola
|-damage|p2a: Corsola|59/100
|-boost|p1a: Excadrill|def|1
|
|-weather|none
|-end|p1a: Excadrill|Dynamax
|-heal|p1a: Excadrill|18/100|[silent]
|upkeep
|turn|7
|
|switch|p1a: Clefable|Clefable, F|100/100
|move|p2a: Corsola|Strength Sap|p1a: Clefable
|-unboost|p1a: Clefable|atk|1
|-heal|p2a: Corsola|99/100
|
|-fieldend|Misty Terrain
|upkeep
|turn|8
|inactive|Rheinmetal has 120 seconds left.
|
|switch|p2a: Ferrothorn|Ferrothorn, M|100/100
|move|p1a: Clefable|Fire Blast|p2a: Ferrothorn|[miss]
|-miss|p1a: Clefable|p2a: Ferrothorn
|
|upkeep
|turn|9
|inactive|OUTM Dill has 120 seconds left.
|
|switch|p2a: Hydreigon|Hydreigon, F|29/100
|move|p1a: Clefable|Fire Blast|p2a: Hydreigon
|-resisted|p2a: Hydreigon
|-damage|p2a: Hydreigon|4/100
|
|upkeep
|turn|10
|inactive|Rheinmetal has 120 seconds left.
|
|switch|p1a: Tyranitar|Tyranitar, M|59/100
|-weather|Sandstorm|[from] ability: Sand Stream|[of] p1a: Tyranitar
|move|p2a: Hydreigon|Dark Pulse|p1a: Tyranitar
|-resisted|p1a: Tyranitar
|-damage|p1a: Tyranitar|51/100
|-damage|p2a: Hydreigon|0 fnt|[from] item: Life Orb
|faint|p2a: Hydreigon
|
|-weather|Sandstorm|[upkeep]
|upkeep
|
|switch|p2a: Excadrill|Excadrill, F|100/100
|-ability|p2a: Excadrill|Mold Breaker
|turn|11
|
|switch|p1a: Seismitoad|Seismitoad, M|100/100
|move|p2a: Excadrill|Earthquake|p1a: Seismitoad
|-damage|p1a: Seismitoad|59/100
|
|-weather|Sandstorm|[upkeep]
|-heal|p1a: Seismitoad|65/100|[from] item: Leftovers
|upkeep
|turn|12
|
|switch|p2a: Ferrothorn|Ferrothorn, M|100/100
|move|p1a: Seismitoad|Earthquake|p2a: Ferrothorn
|-damage|p2a: Ferrothorn|80/100
|
|-weather|Sandstorm|[upkeep]
|-heal|p1a: Seismitoad|71/100|[from] item: Leftovers
|-heal|p2a: Ferrothorn|86/100|[from] item: Leftovers
|upkeep
|turn|13
|
|switch|p1a: Clefable|Clefable, F|100/100
|move|p2a: Ferrothorn|Spikes|p1a: Clefable
|-sidestart|p1: Rheinmetal|Spikes
|
|-weather|Sandstorm|[upkeep]
|-heal|p2a: Ferrothorn|92/100|[from] item: Leftovers
|upkeep
|turn|14
|
|move|p1a: Clefable|Fire Blast|p2a: Ferrothorn
|-supereffective|p2a: Ferrothorn
|-damage|p2a: Ferrothorn|0 fnt
|faint|p2a: Ferrothorn
|
|-weather|none
|upkeep
|
|switch|p2a: Excadrill|Excadrill, F|100/100
|-ability|p2a: Excadrill|Mold Breaker
|turn|15
|
|switch|p1a: Seismitoad|Seismitoad, M|71/100
|-damage|p1a: Seismitoad|59/100|[from] Spikes
|move|p2a: Excadrill|Iron Head|p1a: Seismitoad
|-resisted|p1a: Seismitoad
|-damage|p1a: Seismitoad|43/100
|
|-heal|p1a: Seismitoad|50/100|[from] item: Leftovers
|upkeep
|turn|16
|
|switch|p2a: Corsola|Corsola-Galar, F|99/100
|move|p1a: Seismitoad|Earthquake|p2a: Corsola
|-damage|p2a: Corsola|82/100
|
|-heal|p1a: Seismitoad|56/100|[from] item: Leftovers
|upkeep
|turn|17
|
|move|p1a: Seismitoad|Toxic|p2a: Corsola
|-status|p2a: Corsola|tox
|move|p2a: Corsola|Stealth Rock|p1a: Seismitoad
|-sidestart|p1: Rheinmetal|move: Stealth Rock
|
|-heal|p1a: Seismitoad|62/100|[from] item: Leftovers
|-damage|p2a: Corsola|76/100 tox|[from] psn
|upkeep
|turn|18
|
|move|p1a: Seismitoad|Stealth Rock|p2a: Corsola
|-sidestart|p2: OUTM Dill|move: Stealth Rock
|move|p2a: Corsola|Will-O-Wisp|p1a: Seismitoad
|-status|p1a: Seismitoad|brn
|
|-heal|p1a: Seismitoad|68/100 brn|[from] item: Leftovers
|-damage|p1a: Seismitoad|62/100 brn|[from] brn
|-damage|p2a: Corsola|63/100 tox|[from] psn
|upkeep
|turn|19
|
|switch|p2a: Excadrill|Excadrill, F|100/100
|-damage|p2a: Excadrill|97/100|[from] Stealth Rock
|-ability|p2a: Excadrill|Mold Breaker
|move|p1a: Seismitoad|Scald|p2a: Excadrill
|-supereffective|p2a: Excadrill
|-damage|p2a: Excadrill|39/100
|
|-heal|p1a: Seismitoad|68/100 brn|[from] item: Leftovers
|-damage|p1a: Seismitoad|62/100 brn|[from] brn
|upkeep
|turn|20
|-message|OUTM Dill forfeited.
|
|win|Rheinmetal
|l|☆OUTM Dill
