|raw|<div class="broadcast-blue"><strong>This battle is required to be public due to a player having a name prefixed by 'LT71LX'.</div>
|j|☆LT71LX Chai
|j|☆Q114
|t:|1596698421
|player|p1|LT71LX Chai|veteran|1684
|player|p2|Q114|266|1719
|teamsize|p1|6
|teamsize|p2|6
|gametype|singles
|gen|8
|tier|[Gen 8] OU
|rated|
|clearpoke
|poke|p1|Venusaur, M|
|poke|p1|Clefable, F|
|poke|p1|Torkoal, F|
|poke|p1|Charizard, M|
|poke|p1|Xatu, M|
|poke|p1|Darmanitan, M|
|poke|p2|Chansey, F|
|poke|p2|Toxapex, M|
|poke|p2|Clefable, M|
|poke|p2|Skarmory, M|
|poke|p2|Zeraora|
|poke|p2|Mandibuzz, F|
|rule|Sleep Clause Mod: Limit one foe put to sleep
|rule|Species Clause: Limit one of each Pokémon
|rule|OHKO Clause: OHKO moves are banned
|rule|Evasion Moves Clause: Evasion moves are banned
|rule|Endless Battle Clause: Forcing endless battles is banned
|rule|HP Percentage Mod: HP is shown in percentages
|rule|Dynamax Clause: You cannot dynamax
|teampreview
|
|t:|1596698432
|start
|switch|p1a: Darmanitan|Darmanitan, M|100/100
|switch|p2a: Toxapex|Toxapex, M, shiny|100/100
|turn|1
|
|t:|1596698438
|move|p1a: Darmanitan|U-turn|p2a: Toxapex
|-resisted|p2a: Toxapex
|-damage|p2a: Toxapex|92/100
|
|t:|1596698440
|switch|p1a: Torkoal|Torkoal, F|100/100|[from]move: U-turn
|-weather|SunnyDay|[from] ability: Drought|[of] p1a: Torkoal
|move|p2a: Toxapex|Scald|p1a: Torkoal
|-supereffective|p1a: Torkoal
|-damage|p1a: Torkoal|85/100
|
|-weather|SunnyDay|[upkeep]
|-heal|p2a: Toxapex|98/100|[from] item: Black Sludge
|upkeep
|turn|2
|j| wyn
|
|t:|1596698446
|move|p2a: Toxapex|Knock Off|p1a: Torkoal
|-crit|p1a: Torkoal
|-damage|p1a: Torkoal|69/100
|-enditem|p1a: Torkoal|Heat Rock|[from] move: Knock Off|[of] p2a: Toxapex
|move|p1a: Torkoal|Stealth Rock|p2a: Toxapex
|-sidestart|p2: Q114|move: Stealth Rock
|
|-weather|SunnyDay|[upkeep]
|-heal|p2a: Toxapex|100/100|[from] item: Black Sludge
|upkeep
|turn|3
|
|t:|1596698459
|move|p2a: Toxapex|Knock Off|p1a: Torkoal
|-damage|p1a: Torkoal|62/100
|move|p1a: Torkoal|Lava Plume|p2a: Toxapex
|-resisted|p2a: Toxapex
|-damage|p2a: Toxapex|87/100
|-status|p2a: Toxapex|brn
|
|-weather|SunnyDay|[upkeep]
|-heal|p2a: Toxapex|93/100 brn|[from] item: Black Sludge
|-damage|p2a: Toxapex|87/100 brn|[from] brn
|upkeep
|turn|4
|
|t:|1596698462
|move|p2a: Toxapex|Knock Off|p1a: Torkoal
|-damage|p1a: Torkoal|58/100
|move|p1a: Torkoal|Lava Plume|p2a: Toxapex
|-resisted|p2a: Toxapex
|-damage|p2a: Toxapex|74/100 brn
|
|-weather|SunnyDay|[upkeep]
|-heal|p2a: Toxapex|80/100 brn|[from] item: Black Sludge
|-damage|p2a: Toxapex|74/100 brn|[from] brn
|upkeep
|turn|5
|
|t:|1596698464
|move|p2a: Toxapex|Knock Off|p1a: Torkoal
|-damage|p1a: Torkoal|54/100
|move|p1a: Torkoal|Lava Plume|p2a: Toxapex
|-resisted|p2a: Toxapex
|-damage|p2a: Toxapex|60/100 brn
|
|-weather|SunnyDay|[upkeep]
|-heal|p2a: Toxapex|66/100 brn|[from] item: Black Sludge
|-damage|p2a: Toxapex|60/100 brn|[from] brn
|upkeep
|turn|6
|
|t:|1596698467
|move|p2a: Toxapex|Knock Off|p1a: Torkoal
|-damage|p1a: Torkoal|51/100
|move|p1a: Torkoal|Rest|p1a: Torkoal
|-status|p1a: Torkoal|slp|[from] move: Rest
|-heal|p1a: Torkoal|100/100 slp|[silent]
|
|-weather|SunnyDay|[upkeep]
|-heal|p2a: Toxapex|66/100 brn|[from] item: Black Sludge
|-damage|p2a: Toxapex|60/100 brn|[from] brn
|upkeep
|turn|7
|
|t:|1596698470
|switch|p1a: Xatu|Xatu, M|100/100
|move|p2a: Toxapex|Recover|p2a: Toxapex
|-heal|p2a: Toxapex|100/100 brn
|
|-weather|SunnyDay|[upkeep]
|-damage|p2a: Toxapex|95/100 brn|[from] brn
|upkeep
|turn|8
|
|t:|1596698473
|switch|p2a: Zeraora|Zeraora|100/100
|-damage|p2a: Zeraora|88/100|[from] Stealth Rock
|move|p1a: Xatu|Trick|p2a: Zeraora
|-activate|p1a: Xatu|move: Trick|[of] p2a: Zeraora
|-item|p2a: Zeraora|Choice Scarf|[from] move: Trick
|-item|p1a: Xatu|Assault Vest|[from] move: Trick
|
|-weather|none
|upkeep
|turn|9
|j| decem77
|
|t:|1596698484
|switch|p2a: Mandibuzz|Mandibuzz, F, shiny|100/100
|switch|p1a: Torkoal|Torkoal, F|100/100 slp
|-weather|SunnyDay|[from] ability: Drought|[of] p1a: Torkoal
|
|-weather|SunnyDay|[upkeep]
|upkeep
|turn|10
|
|t:|1596698492
|switch|p1a: Darmanitan|Darmanitan, M|100/100
|move|p2a: Mandibuzz|Defog|p1a: Darmanitan
|-unboost|p1a: Darmanitan|evasion|1
|-sideend|p2: Q114|Stealth Rock|[from] move: Defog|[of] p2a: Mandibuzz
|
|-weather|SunnyDay|[upkeep]
|upkeep
|turn|11
|
|t:|1596698496
|switch|p2a: Toxapex|Toxapex, M, shiny|100/100 brn
|move|p1a: Darmanitan|Earthquake|p2a: Toxapex
|-supereffective|p2a: Toxapex
|-damage|p2a: Toxapex|52/100 brn
|
|-weather|SunnyDay|[upkeep]
|-heal|p2a: Toxapex|58/100 brn|[from] item: Black Sludge
|-damage|p2a: Toxapex|52/100 brn|[from] brn
|upkeep
|turn|12
|
|t:|1596698508
|switch|p1a: Charizard|Charizard, M|100/100
|switch|p2a: Skarmory|Skarmory, M|100/100
|
|-weather|SunnyDay|[upkeep]
|-damage|p1a: Charizard|88/100|[from] ability: Solar Power|[of] p1a: Charizard
|upkeep
|turn|13
|
|t:|1596698516
|switch|p2a: Chansey|Chansey, F|100/100
|move|p1a: Charizard|Flamethrower|p2a: Chansey
|-damage|p2a: Chansey|55/100
|
|-weather|none
|upkeep
|turn|14
|
|t:|1596698521
|switch|p1a: Darmanitan|Darmanitan, M|100/100
|move|p2a: Chansey|Soft-Boiled|p2a: Chansey
|-heal|p2a: Chansey|100/100
|
|upkeep
|turn|15
|
|t:|1596698527
|switch|p2a: Toxapex|Toxapex, M, shiny|86/100 brn
|move|p1a: Darmanitan|U-turn|p2a: Toxapex
|-resisted|p2a: Toxapex
|-damage|p2a: Toxapex|77/100 brn
|
|t:|1596698535
|switch|p1a: Xatu|Xatu, M|100/100|[from]move: U-turn
|
|-heal|p2a: Toxapex|83/100 brn|[from] item: Black Sludge
|-damage|p2a: Toxapex|77/100 brn|[from] brn
|upkeep
|turn|16
|
|t:|1596698540
|switch|p1a: Torkoal|Torkoal, F|100/100 slp
|-weather|SunnyDay|[from] ability: Drought|[of] p1a: Torkoal
|switch|p2a: Clefable|Clefable, M|100/100
|
|-weather|SunnyDay|[upkeep]
|upkeep
|turn|17
|
|t:|1596698543
|move|p2a: Clefable|Aromatherapy|p2a: Clefable
|-activate|p2a: Clefable|move: Aromatherapy
|-curestatus|p2: Toxapex|brn|[msg]
|cant|p1a: Torkoal|slp
|
|-weather|SunnyDay|[upkeep]
|upkeep
|turn|18
|
|t:|1596698550
|switch|p2a: Chansey|Chansey, F|100/100
|cant|p1a: Torkoal|slp
|
|-weather|SunnyDay|[upkeep]
|upkeep
|turn|19
|l| decem77
|
|t:|1596698563
|switch|p1a: Xatu|Xatu, M|100/100
|move|p2a: Chansey|Seismic Toss|p1a: Xatu
|-damage|p1a: Xatu|64/100
|
|-weather|SunnyDay|[upkeep]
|upkeep
|turn|20
|
|t:|1596698566
|switch|p1a: Darmanitan|Darmanitan, M|100/100
|move|p2a: Chansey|Seismic Toss|p1a: Darmanitan
|-damage|p1a: Darmanitan|72/100
|
|-weather|none
|upkeep
|turn|21
|
|t:|1596698571
|switch|p2a: Toxapex|Toxapex, M, shiny|100/100
|move|p1a: Darmanitan|U-turn|p2a: Toxapex
|-resisted|p2a: Toxapex
|-crit|p2a: Toxapex
|-damage|p2a: Toxapex|90/100
|
|t:|1596698573
|switch|p1a: Torkoal|Torkoal, F|100/100 slp|[from]move: U-turn
|-weather|SunnyDay|[from] ability: Drought|[of] p1a: Torkoal
|
|-weather|SunnyDay|[upkeep]
|-heal|p2a: Toxapex|96/100|[from] item: Black Sludge
|upkeep
|turn|22
|
|t:|1596698577
|switch|p2a: Chansey|Chansey, F|100/100
|-curestatus|p1a: Torkoal|slp|[msg]
|move|p1a: Torkoal|Stealth Rock|p2a: Chansey
|-sidestart|p2: Q114|move: Stealth Rock
|
|-weather|SunnyDay|[upkeep]
|upkeep
|turn|23
|
|t:|1596698580
|switch|p1a: Xatu|Xatu, M|64/100
|move|p2a: Chansey|Stealth Rock|p1a: Xatu
|move|p1a: Xatu|Stealth Rock||[from]Magic Bounce|[still]
|-fail|p1a: Xatu
|
|-weather|SunnyDay|[upkeep]
|upkeep
|turn|24
|
|t:|1596698582
|switch|p1a: Darmanitan|Darmanitan, M|72/100
|move|p2a: Chansey|Stealth Rock|p1a: Darmanitan
|-sidestart|p1: LT71LX Chai|move: Stealth Rock
|
|-weather|SunnyDay|[upkeep]
|upkeep
|turn|25
|
|t:|1596698589
|switch|p2a: Toxapex|Toxapex, M, shiny|100/100
|-damage|p2a: Toxapex|88/100|[from] Stealth Rock
|move|p1a: Darmanitan|Flare Blitz|p2a: Toxapex
|-resisted|p2a: Toxapex
|-damage|p2a: Toxapex|50/100
|-damage|p1a: Darmanitan|61/100|[from] Recoil
|
|-weather|none
|-heal|p2a: Toxapex|56/100|[from] item: Black Sludge
|upkeep
|turn|26
|
|t:|1596698598
|switch|p1a: Torkoal|Torkoal, F|100/100
|-damage|p1a: Torkoal|76/100|[from] Stealth Rock
|-weather|SunnyDay|[from] ability: Drought|[of] p1a: Torkoal
|move|p2a: Toxapex|Recover|p2a: Toxapex
|-heal|p2a: Toxapex|100/100
|
|-weather|SunnyDay|[upkeep]
|upkeep
|turn|27
|
|t:|1596698602
|switch|p2a: Chansey|Chansey, F|100/100
|-damage|p2a: Chansey|88/100|[from] Stealth Rock
|move|p1a: Torkoal|Rapid Spin|p2a: Chansey
|-crit|p2a: Chansey
|-damage|p2a: Chansey|80/100
|-boost|p1a: Torkoal|spe|1
|-sideend|p1: LT71LX Chai|Stealth Rock|[from] move: Rapid Spin|[of] p1a: Torkoal
|
|-weather|SunnyDay|[upkeep]
|upkeep
|turn|28
|
|t:|1596698604
|move|p2a: Chansey|Seismic Toss|p1a: Torkoal
|-damage|p1a: Torkoal|47/100
|move|p1a: Torkoal|Lava Plume|p2a: Chansey
|-damage|p2a: Chansey|70/100
|
|-weather|SunnyDay|[upkeep]
|upkeep
|turn|29
|
|t:|1596698614
|switch|p1a: Venusaur|Venusaur, M|100/100
|move|p2a: Chansey|Seismic Toss|p1a: Venusaur
|-damage|p1a: Venusaur|67/100
|
|-weather|SunnyDay|[upkeep]
|upkeep
|turn|30
|
|t:|1596698629
|switch|p2a: Zeraora|Zeraora|88/100
|-damage|p2a: Zeraora|76/100|[from] Stealth Rock
|move|p1a: Venusaur|Growth|p1a: Venusaur
|-boost|p1a: Venusaur|atk|2
|-boost|p1a: Venusaur|spa|2
|
|-weather|none
|upkeep
|turn|31
|
|t:|1596698635
|switch|p1a: Torkoal|Torkoal, F|47/100
|-weather|SunnyDay|[from] ability: Drought|[of] p1a: Torkoal
|move|p2a: Zeraora|Blaze Kick|p1a: Torkoal|[miss]
|-miss|p2a: Zeraora|p1a: Torkoal
|
|-weather|SunnyDay|[upkeep]
|upkeep
|turn|32
|j| ClimberSam
|l| ClimberSam
|
|t:|1596698649
|switch|p2a: Toxapex|Toxapex, M, shiny|100/100
|-damage|p2a: Toxapex|88/100|[from] Stealth Rock
|switch|p1a: Venusaur|Venusaur, M|67/100
|
|-weather|SunnyDay|[upkeep]
|-heal|p2a: Toxapex|94/100|[from] item: Black Sludge
|upkeep
|turn|33
|
|t:|1596698655
|move|p1a: Venusaur|Growth|p1a: Venusaur
|-boost|p1a: Venusaur|atk|2
|-boost|p1a: Venusaur|spa|2
|move|p2a: Toxapex|Knock Off|p1a: Venusaur
|-damage|p1a: Venusaur|48/100
|-enditem|p1a: Venusaur|Life Orb|[from] move: Knock Off|[of] p2a: Toxapex
|
|-weather|SunnyDay|[upkeep]
|-heal|p2a: Toxapex|99/100|[from] item: Black Sludge
|upkeep
|turn|34
|
|t:|1596698664
|move|p1a: Venusaur|Giga Drain|p2a: Toxapex
|-damage|p2a: Toxapex|39/100
|-heal|p1a: Venusaur|79/100|[from] drain|[of] p2a: Toxapex
|move|p2a: Toxapex|Scald|p1a: Venusaur
|-resisted|p1a: Venusaur
|-damage|p1a: Venusaur|74/100
|
|-weather|SunnyDay|[upkeep]
|-heal|p2a: Toxapex|45/100|[from] item: Black Sludge
|upkeep
|turn|35
|
|t:|1596698675
|switch|p2a: Clefable|Clefable, M|100/100
|-damage|p2a: Clefable|88/100|[from] Stealth Rock
|move|p1a: Venusaur|Giga Drain|p2a: Clefable
|-damage|p2a: Clefable|53/100
|-heal|p1a: Venusaur|97/100|[from] drain|[of] p2a: Clefable
|
|-weather|none
|-heal|p2a: Clefable|60/100|[from] item: Leftovers
|upkeep
|turn|36
|
|t:|1596698707
|switch|p2a: Skarmory|Skarmory, M|100/100
|-damage|p2a: Skarmory|88/100|[from] Stealth Rock
|move|p1a: Venusaur|Growth|p1a: Venusaur
|-boost|p1a: Venusaur|atk|1
|-boost|p1a: Venusaur|spa|1
|
|upkeep
|turn|37
|
|t:|1596698712
|move|p1a: Venusaur|Giga Drain|p2a: Skarmory
|-resisted|p2a: Skarmory
|-damage|p2a: Skarmory|59/100
|-heal|p1a: Venusaur|100/100|[from] drain|[of] p2a: Skarmory
|move|p2a: Skarmory|Defog|p1a: Venusaur
|-unboost|p1a: Venusaur|evasion|1
|-sideend|p2: Q114|Stealth Rock|[from] move: Defog|[of] p2a: Skarmory
|
|upkeep
|turn|38
|
|t:|1596698719
|move|p1a: Venusaur|Weather Ball|p2a: Skarmory
|-resisted|p2a: Skarmory
|-damage|p2a: Skarmory|30/100
|move|p2a: Skarmory|Roost|p2a: Skarmory
|-heal|p2a: Skarmory|80/100
|-singleturn|p2a: Skarmory|move: Roost
|
|upkeep
|turn|39
|
|t:|1596698722
|move|p1a: Venusaur|Giga Drain|p2a: Skarmory
|-resisted|p2a: Skarmory
|-damage|p2a: Skarmory|51/100
|move|p2a: Skarmory|Spikes|p1a: Venusaur
|-sidestart|p1: LT71LX Chai|Spikes
|
|upkeep
|turn|40
|
|t:|1596698727
|switch|p1a: Torkoal|Torkoal, F|47/100
|-damage|p1a: Torkoal|34/100|[from] Spikes
|-weather|SunnyDay|[from] ability: Drought|[of] p1a: Torkoal
|move|p2a: Skarmory|Roost|p2a: Skarmory
|-heal|p2a: Skarmory|100/100
|-singleturn|p2a: Skarmory|move: Roost
|
|-weather|SunnyDay|[upkeep]
|upkeep
|turn|41
|
|t:|1596698737
|switch|p2a: Chansey|Chansey, F|70/100
|move|p1a: Torkoal|Rapid Spin|p2a: Chansey
|-damage|p2a: Chansey|65/100
|-boost|p1a: Torkoal|spe|1
|-sideend|p1: LT71LX Chai|Spikes|[from] move: Rapid Spin|[of] p1a: Torkoal
|
|-weather|SunnyDay|[upkeep]
|upkeep
|turn|42
|
|t:|1596698745
|move|p2a: Chansey|Seismic Toss|p1a: Torkoal
|-damage|p1a: Torkoal|5/100
|move|p1a: Torkoal|Rest|p1a: Torkoal
|-status|p1a: Torkoal|slp|[from] move: Rest
|-heal|p1a: Torkoal|100/100 slp|[silent]
|
|-weather|SunnyDay|[upkeep]
|upkeep
|turn|43
|
|t:|1596698749
|switch|p1a: Xatu|Xatu, M|64/100
|move|p2a: Chansey|Stealth Rock|p1a: Xatu
|move|p1a: Xatu|Stealth Rock|p2a: Chansey|[from]Magic Bounce
|-sidestart|p2: Q114|move: Stealth Rock
|
|-weather|SunnyDay|[upkeep]
|upkeep
|turn|44
|
|t:|1596698753
|move|p1a: Xatu|Psychic|p2a: Chansey
|-damage|p2a: Chansey|52/100
|move|p2a: Chansey|Soft-Boiled|p2a: Chansey
|-heal|p2a: Chansey|100/100
|
|-weather|none
|upkeep
|turn|45
|
|t:|1596698757
|switch|p1a: Clefable|Clefable, F|100/100
|move|p2a: Chansey|Seismic Toss|p1a: Clefable
|-damage|p1a: Clefable|75/100
|
|-heal|p1a: Clefable|81/100|[from] item: Leftovers
|upkeep
|turn|46
|
|t:|1596698762
|switch|p1a: Xatu|Xatu, M|64/100
|move|p2a: Chansey|Stealth Rock|p1a: Xatu
|move|p1a: Xatu|Stealth Rock||[from]Magic Bounce|[still]
|-fail|p1a: Xatu
|
|upkeep
|turn|47
|
|t:|1596698765
|move|p1a: Xatu|Psychic|p2a: Chansey
|-damage|p2a: Chansey|89/100
|move|p2a: Chansey|Seismic Toss|p1a: Xatu
|-damage|p1a: Xatu|27/100
|
|upkeep
|turn|48
|
|t:|1596698769
|move|p1a: Xatu|Psychic|p2a: Chansey
|-damage|p2a: Chansey|77/100
|move|p2a: Chansey|Seismic Toss|p1a: Xatu
|-damage|p1a: Xatu|0 fnt
|faint|p1a: Xatu
|
|upkeep
|
|t:|1596698777
|switch|p1a: Darmanitan|Darmanitan, M|61/100
|turn|49
|
|t:|1596698783
|switch|p2a: Mandibuzz|Mandibuzz, F, shiny|100/100
|move|p1a: Darmanitan|U-turn|p2a: Mandibuzz
|-damage|p2a: Mandibuzz|86/100
|
|t:|1596698795
|switch|p1a: Charizard|Charizard, M|88/100|[from]move: U-turn
|
|upkeep
|turn|50
|
|t:|1596698815
|switch|p2a: Toxapex|Toxapex, M, shiny|79/100
|-damage|p2a: Toxapex|67/100|[from] Stealth Rock
|move|p1a: Charizard|Flamethrower|p2a: Toxapex
|-resisted|p2a: Toxapex
|-damage|p2a: Toxapex|43/100
|
|-heal|p2a: Toxapex|49/100|[from] item: Black Sludge
|upkeep
|turn|51
|
|t:|1596698821
|switch|p1a: Venusaur|Venusaur, M|100/100
|move|p2a: Toxapex|Recover|p2a: Toxapex
|-heal|p2a: Toxapex|99/100
|
|-heal|p2a: Toxapex|100/100|[from] item: Black Sludge
|upkeep
|turn|52
|
|t:|1596698824
|switch|p1a: Torkoal|Torkoal, F|100/100 slp
|-weather|SunnyDay|[from] ability: Drought|[of] p1a: Torkoal
|move|p2a: Toxapex|Scald|p1a: Torkoal
|-supereffective|p1a: Torkoal
|-damage|p1a: Torkoal|83/100 slp
|
|-weather|SunnyDay|[upkeep]
|upkeep
|turn|53
|
|t:|1596698836
|switch|p1a: Charizard|Charizard, M|88/100
|move|p2a: Toxapex|Knock Off|p1a: Charizard
|-damage|p1a: Charizard|66/100
|-enditem|p1a: Charizard|Choice Specs|[from] move: Knock Off|[of] p2a: Toxapex
|
|-weather|SunnyDay|[upkeep]
|-damage|p1a: Charizard|54/100|[from] ability: Solar Power|[of] p1a: Charizard
|upkeep
|turn|54
|
|t:|1596698845
|move|p1a: Charizard|Weather Ball|p2a: Toxapex
|-resisted|p2a: Toxapex
|-damage|p2a: Toxapex|55/100
|move|p2a: Toxapex|Scald|p1a: Charizard
|-supereffective|p1a: Charizard
|-damage|p1a: Charizard|31/100
|
|-weather|SunnyDay|[upkeep]
|-damage|p1a: Charizard|18/100|[from] ability: Solar Power|[of] p1a: Charizard
|-heal|p2a: Toxapex|61/100|[from] item: Black Sludge
|upkeep
|turn|55
|
|t:|1596698885
|switch|p2a: Mandibuzz|Mandibuzz, F, shiny|86/100
|move|p1a: Charizard|Overheat|p2a: Mandibuzz
|-damage|p2a: Mandibuzz|0 fnt
|-unboost|p1a: Charizard|spa|2
|faint|p2a: Mandibuzz
|
|-weather|SunnyDay|[upkeep]
|-damage|p1a: Charizard|6/100|[from] ability: Solar Power|[of] p1a: Charizard
|upkeep
|
|t:|1596698893
|switch|p2a: Chansey|Chansey, F|77/100
|-damage|p2a: Chansey|64/100|[from] Stealth Rock
|turn|56
|
|t:|1596698899
|switch|p1a: Darmanitan|Darmanitan, M|61/100
|move|p2a: Chansey|Soft-Boiled|p2a: Chansey
|-heal|p2a: Chansey|100/100
|
|-weather|none
|upkeep
|turn|57
|
|t:|1596698905
|switch|p2a: Toxapex|Toxapex, M, shiny|94/100
|-damage|p2a: Toxapex|82/100|[from] Stealth Rock
|move|p1a: Darmanitan|U-turn|p2a: Toxapex
|-resisted|p2a: Toxapex
|-damage|p2a: Toxapex|74/100
|
|t:|1596698907
|switch|p1a: Venusaur|Venusaur, M|100/100|[from]move: U-turn
|
|-heal|p2a: Toxapex|80/100|[from] item: Black Sludge
|upkeep
|turn|58
|
|t:|1596698914
|switch|p1a: Torkoal|Torkoal, F|83/100 slp
|-weather|SunnyDay|[from] ability: Drought|[of] p1a: Torkoal
|move|p2a: Toxapex|Scald|p1a: Torkoal
|-supereffective|p1a: Torkoal
|-damage|p1a: Torkoal|67/100 slp
|
|-weather|SunnyDay|[upkeep]
|-heal|p2a: Toxapex|86/100|[from] item: Black Sludge
|upkeep
|turn|59
|j|+Perish Song ♫
|
|t:|1596698935
|switch|p1a: Darmanitan|Darmanitan, M|61/100
|move|p2a: Toxapex|Toxic Spikes|p1a: Darmanitan
|-sidestart|p1: LT71LX Chai|move: Toxic Spikes
|
|-weather|SunnyDay|[upkeep]
|-heal|p2a: Toxapex|92/100|[from] item: Black Sludge
|upkeep
|turn|60
|
|t:|1596698940
|move|p1a: Darmanitan|U-turn|p2a: Toxapex
|-resisted|p2a: Toxapex
|-damage|p2a: Toxapex|85/100
|
|t:|1596698942
|switch|p1a: Torkoal|Torkoal, F|67/100 slp|[from]move: U-turn
|move|p2a: Toxapex|Scald|p1a: Torkoal
|-supereffective|p1a: Torkoal
|-damage|p1a: Torkoal|49/100 slp
|
|-weather|SunnyDay|[upkeep]
|-heal|p2a: Toxapex|91/100|[from] item: Black Sludge
|upkeep
|turn|61
|
|t:|1596698950
|switch|p2a: Chansey|Chansey, F|100/100
|-damage|p2a: Chansey|88/100|[from] Stealth Rock
|cant|p1a: Torkoal|slp
|
|-weather|SunnyDay|[upkeep]
|upkeep
|turn|62
|
|t:|1596698962
|switch|p1a: Venusaur|Venusaur, M|100/100
|-sideend|p1: LT71LX Chai|move: Toxic Spikes|[of] p1a: Venusaur
|move|p2a: Chansey|Seismic Toss|p1a: Venusaur
|-damage|p1a: Venusaur|67/100
|
|-weather|none
|upkeep
|turn|63
|
|t:|1596698969
|switch|p1a: Torkoal|Torkoal, F|49/100 slp
|-weather|SunnyDay|[from] ability: Drought|[of] p1a: Torkoal
|move|p2a: Chansey|Stealth Rock|p1a: Torkoal
|-sidestart|p1: LT71LX Chai|move: Stealth Rock
|
|-weather|SunnyDay|[upkeep]
|upkeep
|turn|64
|
|t:|1596698974
|switch|p1a: Clefable|Clefable, F|81/100
|move|p2a: Chansey|Seismic Toss|p1a: Clefable
|-damage|p1a: Clefable|56/100
|
|-weather|SunnyDay|[upkeep]
|-heal|p1a: Clefable|62/100|[from] item: Leftovers
|upkeep
|turn|65
|
|t:|1596698977
|move|p2a: Chansey|Seismic Toss|p1a: Clefable
|-damage|p1a: Clefable|37/100
|move|p1a: Clefable|Teleport|p1a: Clefable
|
|t:|1596698982
|switch|p1a: Darmanitan|Darmanitan, M|61/100|[from]move: Teleport
|-damage|p1a: Darmanitan|36/100|[from] Stealth Rock
|
|-weather|SunnyDay|[upkeep]
|upkeep
|turn|66
|
|t:|1596698987
|switch|p2a: Toxapex|Toxapex, M, shiny|100/100
|-damage|p2a: Toxapex|88/100|[from] Stealth Rock
|move|p1a: Darmanitan|U-turn|p2a: Toxapex
|-resisted|p2a: Toxapex
|-damage|p2a: Toxapex|80/100
|
|t:|1596698998
|switch|p1a: Venusaur|Venusaur, M|67/100|[from]move: U-turn
|-damage|p1a: Venusaur|55/100|[from] Stealth Rock
|
|-weather|SunnyDay|[upkeep]
|-heal|p2a: Toxapex|86/100|[from] item: Black Sludge
|upkeep
|turn|67
|
|t:|1596699003
|move|p1a: Venusaur|Growth|p1a: Venusaur
|-boost|p1a: Venusaur|atk|2
|-boost|p1a: Venusaur|spa|2
|move|p2a: Toxapex|Scald|p1a: Venusaur
|-resisted|p1a: Venusaur
|-damage|p1a: Venusaur|50/100
|
|-weather|none
|-heal|p2a: Toxapex|92/100|[from] item: Black Sludge
|upkeep
|turn|68
|
|t:|1596699005
|move|p1a: Venusaur|Giga Drain|p2a: Toxapex
|-damage|p2a: Toxapex|36/100
|-heal|p1a: Venusaur|78/100|[from] drain|[of] p2a: Toxapex
|move|p2a: Toxapex|Scald|p1a: Venusaur
|-resisted|p1a: Venusaur
|-damage|p1a: Venusaur|69/100
|-status|p1a: Venusaur|brn
|
|-heal|p2a: Toxapex|42/100|[from] item: Black Sludge
|-damage|p1a: Venusaur|63/100 brn|[from] brn
|upkeep
|turn|69
|
|t:|1596699008
|switch|p2a: Skarmory|Skarmory, M|100/100
|-damage|p2a: Skarmory|88/100|[from] Stealth Rock
|move|p1a: Venusaur|Giga Drain|p2a: Skarmory
|-resisted|p2a: Skarmory
|-damage|p2a: Skarmory|66/100
|-heal|p1a: Venusaur|76/100 brn|[from] drain|[of] p2a: Skarmory
|
|-damage|p1a: Venusaur|70/100 brn|[from] brn
|upkeep
|turn|70
|
|t:|1596699014
|move|p1a: Venusaur|Growth|p1a: Venusaur
|-boost|p1a: Venusaur|atk|1
|-boost|p1a: Venusaur|spa|1
|move|p2a: Skarmory|Roost|p2a: Skarmory
|-heal|p2a: Skarmory|100/100
|-singleturn|p2a: Skarmory|move: Roost
|
|-damage|p1a: Venusaur|64/100 brn|[from] brn
|upkeep
|turn|71
|
|t:|1596699016
|move|p1a: Venusaur|Giga Drain|p2a: Skarmory
|-resisted|p2a: Skarmory
|-damage|p2a: Skarmory|69/100
|-heal|p1a: Venusaur|82/100 brn|[from] drain|[of] p2a: Skarmory
|move|p2a: Skarmory|Spikes|p1a: Venusaur
|-sidestart|p1: LT71LX Chai|Spikes
|
|-damage|p1a: Venusaur|76/100 brn|[from] brn
|upkeep
|turn|72
|
|t:|1596699026
|move|p1a: Venusaur|Giga Drain|p2a: Skarmory
|-resisted|p2a: Skarmory
|-damage|p2a: Skarmory|39/100
|-heal|p1a: Venusaur|92/100 brn|[from] drain|[of] p2a: Skarmory
|move|p2a: Skarmory|Spikes|p1a: Venusaur
|-sidestart|p1: LT71LX Chai|Spikes
|
|-damage|p1a: Venusaur|86/100 brn|[from] brn
|upkeep
|turn|73
|
|t:|1596699039
|move|p1a: Venusaur|Giga Drain|p2a: Skarmory
|-resisted|p2a: Skarmory
|-damage|p2a: Skarmory|11/100
|-heal|p1a: Venusaur|100/100 brn|[from] drain|[of] p2a: Skarmory
|move|p2a: Skarmory|Roost|p2a: Skarmory
|-heal|p2a: Skarmory|61/100
|-singleturn|p2a: Skarmory|move: Roost
|
|-damage|p1a: Venusaur|95/100 brn|[from] brn
|upkeep
|turn|74
|
|t:|1596699043
|move|p1a: Venusaur|Growth|p1a: Venusaur
|-boost|p1a: Venusaur|atk|1
|-boost|p1a: Venusaur|spa|1
|move|p2a: Skarmory|Roost|p2a: Skarmory
|-heal|p2a: Skarmory|100/100
|-singleturn|p2a: Skarmory|move: Roost
|
|-damage|p1a: Venusaur|89/100 brn|[from] brn
|upkeep
|turn|75
|j| Tace
|
|t:|1596699049
|move|p1a: Venusaur|Weather Ball|p2a: Skarmory
|-resisted|p2a: Skarmory
|-damage|p2a: Skarmory|66/100
|move|p2a: Skarmory|Spikes|p1a: Venusaur
|-sidestart|p1: LT71LX Chai|Spikes
|
|-damage|p1a: Venusaur|83/100 brn|[from] brn
|upkeep
|turn|76
|
|t:|1596699052
|move|p1a: Venusaur|Growth|p1a: Venusaur
|-boost|p1a: Venusaur|atk|1
|-boost|p1a: Venusaur|spa|1
|move|p2a: Skarmory|Roost|p2a: Skarmory
|-heal|p2a: Skarmory|100/100
|-singleturn|p2a: Skarmory|move: Roost
|
|-damage|p1a: Venusaur|77/100 brn|[from] brn
|upkeep
|turn|77
|l| Tace
|
|t:|1596699060
|move|p1a: Venusaur|Weather Ball|p2a: Skarmory
|-resisted|p2a: Skarmory
|-damage|p2a: Skarmory|65/100
|move|p2a: Skarmory|Spikes||[still]
|-fail|p2a: Skarmory
|
|-damage|p1a: Venusaur|71/100 brn|[from] brn
|upkeep
|turn|78
|
|t:|1596699063
|move|p1a: Venusaur|Growth|p1a: Venusaur
|-boost|p1a: Venusaur|atk|1
|-boost|p1a: Venusaur|spa|1
|move|p2a: Skarmory|Roost|p2a: Skarmory
|-heal|p2a: Skarmory|100/100
|-singleturn|p2a: Skarmory|move: Roost
|
|-damage|p1a: Venusaur|65/100 brn|[from] brn
|upkeep
|turn|79
|
|t:|1596699072
|move|p1a: Venusaur|Giga Drain|p2a: Skarmory
|-resisted|p2a: Skarmory
|-damage|p2a: Skarmory|52/100
|-heal|p1a: Venusaur|91/100 brn|[from] drain|[of] p2a: Skarmory
|move|p2a: Skarmory|Roost|p2a: Skarmory
|-heal|p2a: Skarmory|100/100
|-singleturn|p2a: Skarmory|move: Roost
|
|-damage|p1a: Venusaur|85/100 brn|[from] brn
|upkeep
|turn|80
|
|t:|1596699075
|move|p1a: Venusaur|Weather Ball|p2a: Skarmory
|-resisted|p2a: Skarmory
|-damage|p2a: Skarmory|53/100
|move|p2a: Skarmory|Spikes||[still]
|-fail|p2a: Skarmory
|
|-damage|p1a: Venusaur|79/100 brn|[from] brn
|upkeep
|turn|81
|
|t:|1596699079
|move|p1a: Venusaur|Weather Ball|p2a: Skarmory
|-resisted|p2a: Skarmory
|-damage|p2a: Skarmory|8/100
|move|p2a: Skarmory|Roost|p2a: Skarmory
|-heal|p2a: Skarmory|58/100
|-singleturn|p2a: Skarmory|move: Roost
|
|-damage|p1a: Venusaur|73/100 brn|[from] brn
|upkeep
|turn|82
|
|t:|1596699082
|move|p1a: Venusaur|Weather Ball|p2a: Skarmory
|-resisted|p2a: Skarmory
|-damage|p2a: Skarmory|13/100
|move|p2a: Skarmory|Roost|p2a: Skarmory
|-heal|p2a: Skarmory|63/100
|-singleturn|p2a: Skarmory|move: Roost
|
|-damage|p1a: Venusaur|67/100 brn|[from] brn
|upkeep
|turn|83
|
|t:|1596699085
|move|p1a: Venusaur|Giga Drain|p2a: Skarmory
|-resisted|p2a: Skarmory
|-damage|p2a: Skarmory|10/100
|-heal|p1a: Venusaur|96/100 brn|[from] drain|[of] p2a: Skarmory
|move|p2a: Skarmory|Roost|p2a: Skarmory
|-heal|p2a: Skarmory|61/100
|-singleturn|p2a: Skarmory|move: Roost
|
|-damage|p1a: Venusaur|90/100 brn|[from] brn
|upkeep
|turn|84
|
|t:|1596699096
|move|p1a: Venusaur|Weather Ball|p2a: Skarmory
|-resisted|p2a: Skarmory
|-damage|p2a: Skarmory|16/100
|move|p2a: Skarmory|Roost|p2a: Skarmory
|-heal|p2a: Skarmory|66/100
|-singleturn|p2a: Skarmory|move: Roost
|
|-damage|p1a: Venusaur|84/100 brn|[from] brn
|upkeep
|turn|85
|
|t:|1596699104
|move|p1a: Venusaur|Weather Ball|p2a: Skarmory
|-resisted|p2a: Skarmory
|-damage|p2a: Skarmory|20/100
|move|p2a: Skarmory|Roost|p2a: Skarmory
|-heal|p2a: Skarmory|70/100
|-singleturn|p2a: Skarmory|move: Roost
|
|-damage|p1a: Venusaur|78/100 brn|[from] brn
|upkeep
|turn|86
|
|t:|1596699108
|move|p1a: Venusaur|Weather Ball|p2a: Skarmory
|-resisted|p2a: Skarmory
|-damage|p2a: Skarmory|28/100
|move|p2a: Skarmory|Roost|p2a: Skarmory
|-heal|p2a: Skarmory|78/100
|-singleturn|p2a: Skarmory|move: Roost
|
|-damage|p1a: Venusaur|72/100 brn|[from] brn
|upkeep
|turn|87
|j| flareblitz44
|
|t:|1596699112
|move|p1a: Venusaur|Weather Ball|p2a: Skarmory
|-resisted|p2a: Skarmory
|-damage|p2a: Skarmory|37/100
|move|p2a: Skarmory|Roost|p2a: Skarmory
|-heal|p2a: Skarmory|87/100
|-singleturn|p2a: Skarmory|move: Roost
|
|-damage|p1a: Venusaur|66/100 brn|[from] brn
|upkeep
|turn|88
|
|t:|1596699114
|move|p1a: Venusaur|Giga Drain|p2a: Skarmory
|-resisted|p2a: Skarmory
|-damage|p2a: Skarmory|34/100
|-heal|p1a: Venusaur|95/100 brn|[from] drain|[of] p2a: Skarmory
|move|p2a: Skarmory|Roost|p2a: Skarmory
|-heal|p2a: Skarmory|85/100
|-singleturn|p2a: Skarmory|move: Roost
|
|-damage|p1a: Venusaur|89/100 brn|[from] brn
|upkeep
|turn|89
|j| Limited_Toolkit
|l| flareblitz44
|j| Chans3y
|j| gjccc
|
|t:|1596699164
|move|p1a: Venusaur|Weather Ball|p2a: Skarmory
|-resisted|p2a: Skarmory
|-damage|p2a: Skarmory|43/100
|move|p2a: Skarmory|Spikes||[still]
|-fail|p2a: Skarmory
|
|-damage|p1a: Venusaur|83/100 brn|[from] brn
|upkeep
|turn|90
|inactive|Battle timer is ON: inactive players will automatically lose when time's up. (requested by LT71LX Chai)
|l| gjccc
|
|t:|1596699169
|move|p1a: Venusaur|Giga Drain|p2a: Skarmory
|-resisted|p2a: Skarmory
|-damage|p2a: Skarmory|0 fnt
|-heal|p1a: Venusaur|100/100 brn|[from] drain|[of] p2a: Skarmory
|faint|p2a: Skarmory
|
|-damage|p1a: Venusaur|95/100 brn|[from] brn
|upkeep
|j| gjccc
|
|t:|1596699181
|switch|p2a: Zeraora|Zeraora|76/100
|-damage|p2a: Zeraora|64/100|[from] Stealth Rock
|turn|91
|l| gjccc
|
|t:|1596699185
|move|p2a: Zeraora|Blaze Kick|p1a: Venusaur
|-supereffective|p1a: Venusaur
|-damage|p1a: Venusaur|46/100 brn
|move|p1a: Venusaur|Sludge Bomb|p2a: Zeraora
|-damage|p2a: Zeraora|0 fnt
|faint|p2a: Zeraora
|
|-damage|p1a: Venusaur|40/100 brn|[from] brn
|upkeep
|j| gjccc
|j|+Akai Tenshi~♪
|c| wyn|damn..
|inactive|Q114 has 120 seconds left.
|j| yasashisa no riyuu
|j| lelelewhooper★
|
|t:|1596699239
|switch|p2a: Chansey|Chansey, F|88/100
|-damage|p2a: Chansey|76/100|[from] Stealth Rock
|turn|92
|
|t:|1596699243
|move|p1a: Venusaur|Giga Drain|p2a: Chansey
|-damage|p2a: Chansey|35/100
|-heal|p1a: Venusaur|88/100 brn|[from] drain|[of] p2a: Chansey
|move|p2a: Chansey|Soft-Boiled|p2a: Chansey
|-heal|p2a: Chansey|85/100
|
|-damage|p1a: Venusaur|82/100 brn|[from] brn
|upkeep
|turn|93
|
|t:|1596699247
|move|p1a: Venusaur|Sludge Bomb|p2a: Chansey
|-damage|p2a: Chansey|35/100
|move|p2a: Chansey|Soft-Boiled|p2a: Chansey
|-heal|p2a: Chansey|85/100
|
|-damage|p1a: Venusaur|76/100 brn|[from] brn
|upkeep
|turn|94
|
|t:|1596699249
|move|p1a: Venusaur|Sludge Bomb|p2a: Chansey
|-damage|p2a: Chansey|34/100
|move|p2a: Chansey|Soft-Boiled|p2a: Chansey
|-heal|p2a: Chansey|84/100
|
|-damage|p1a: Venusaur|70/100 brn|[from] brn
|upkeep
|turn|95
|
|t:|1596699252
|move|p1a: Venusaur|Sludge Bomb|p2a: Chansey
|-damage|p2a: Chansey|29/100
|move|p2a: Chansey|Soft-Boiled|p2a: Chansey
|-heal|p2a: Chansey|79/100
|
|-damage|p1a: Venusaur|64/100 brn|[from] brn
|upkeep
|turn|96
|
|t:|1596699254
|move|p1a: Venusaur|Sludge Bomb|p2a: Chansey
|-damage|p2a: Chansey|24/100
|move|p2a: Chansey|Soft-Boiled|p2a: Chansey
|-heal|p2a: Chansey|74/100
|
|-damage|p1a: Venusaur|58/100 brn|[from] brn
|upkeep
|turn|97
|
|t:|1596699257
|move|p1a: Venusaur|Sludge Bomb|p2a: Chansey
|-damage|p2a: Chansey|21/100
|-status|p2a: Chansey|psn
|move|p2a: Chansey|Soft-Boiled|p2a: Chansey
|-heal|p2a: Chansey|71/100 psn
|
|-damage|p1a: Venusaur|52/100 brn|[from] brn
|-damage|p2a: Chansey|59/100 psn|[from] psn
|upkeep
|turn|98
|
|t:|1596699264
|move|p1a: Venusaur|Giga Drain|p2a: Chansey
|-damage|p2a: Chansey|11/100 psn
|-heal|p1a: Venusaur|100/100 brn|[from] drain|[of] p2a: Chansey
|move|p2a: Chansey|Soft-Boiled|p2a: Chansey
|-heal|p2a: Chansey|62/100 psn
|
|-damage|p1a: Venusaur|95/100 brn|[from] brn
|-damage|p2a: Chansey|49/100 psn|[from] psn
|upkeep
|turn|99
|inactive|Q114 has 120 seconds left.
|
|t:|1596699279
|move|p1a: Venusaur|Sludge Bomb|p2a: Chansey
|-damage|p2a: Chansey|0 fnt
|faint|p2a: Chansey
|
|-damage|p1a: Venusaur|89/100 brn|[from] brn
|upkeep
|
|t:|1596699281
|switch|p2a: Clefable|Clefable, M|60/100
|-damage|p2a: Clefable|47/100|[from] Stealth Rock
|turn|100
|
|t:|1596699283
|move|p2a: Clefable|Protect|p2a: Clefable
|-singleturn|p2a: Clefable|Protect
|move|p1a: Venusaur|Sludge Bomb|p2a: Clefable
|-activate|p2a: Clefable|move: Protect
|
|-heal|p2a: Clefable|53/100|[from] item: Leftovers
|-damage|p1a: Venusaur|83/100 brn|[from] brn
|upkeep
|turn|101
|
|t:|1596699288
|move|p1a: Venusaur|Sludge Bomb|p2a: Clefable
|-supereffective|p2a: Clefable
|-damage|p2a: Clefable|0 fnt
|faint|p2a: Clefable
|
|-damage|p1a: Venusaur|77/100 brn|[from] brn
|upkeep
|l| lelelewhooper★
|inactive|Q114 has 120 seconds left.
|l|+Akai Tenshi~♪
|inactive|Q114 has 90 seconds left.
|l| Chans3y
|inactive|Q114 has 60 seconds left.
|l|+Perish Song ♫
|inactive|Q114 has 30 seconds left.
|inactive|Q114 has 20 seconds left.
|inactive|Q114 has 15 seconds left.
|inactive|Q114 has 10 seconds left.
|inactive|Q114 has 5 seconds left.
|-message|Q114 lost due to inactivity.
|
|win|LT71LX Chai
|raw|LT71LX Chai's rating: 1664 &rarr; <strong>1687</strong><br />(+23 for winning)
|raw|Q114's rating: 1719 &rarr; <strong>1696</strong><br />(-23 for losing)
|l| wyn
|l|☆LT71LX Chai
|j|☆LT71LX Chai
|player|p1|LT71LX Chai|veteran
