|j|☆Batataplays
|j|☆be7
|inactive|Battle timer is ON: inactive players will automatically lose when time's up.
|t:|1655577724
|gametype|singles
|player|p1|Batataplays|169|
|player|p2|be7|arezu|
|teamsize|p1|6
|teamsize|p2|6
|gen|8
|tier|[Gen 8] OU
|rated|Tournament battle
|rule|Sleep Clause Mod: Limit one foe put to sleep
|rule|Species Clause: Limit one of each Pokémon
|rule|OHKO Clause: OHKO moves are banned
|rule|Evasion Moves Clause: Evasion moves are banned
|rule|Endless Battle Clause: Forcing endless battles is banned
|rule|HP Percentage Mod: HP is shown in percentages
|rule|Dynamax Clause: You cannot dynamax
|clearpoke
|poke|p1|Hippowdon, F|
|poke|p1|Excadrill, M|
|poke|p1|Dracozolt|
|poke|p1|Tornadus-Therian, M|
|poke|p1|Zapdos-Galar|
|poke|p1|Slowbro, M|
|poke|p2|Buzzwole|
|poke|p2|Landorus-Therian, M|
|poke|p2|Heatran, M|
|poke|p2|Zeraora|
|poke|p2|Rotom-Wash|
|poke|p2|Slowking-Galar, M|
|teampreview
|j| PericlesDeThickFat
|j| nyacanm
|j| sushiyuki
|c|☆Batataplays|putz
|c|☆Batataplays|vim com a equipe errada
|c|☆be7|quer jogar por fora?
|c|☆Batataplays|q disgrama
|j| isa200bela-¬
|c|☆Batataplays|nada
|c|☆Batataplays|vc veria
|c|☆be7|ent cala boca
|c| sushiyuki|fic
|c|☆be7|'-'
|c|☆Batataplays|o poder do
|inactive|be7 has 120 seconds left.
|c|☆Batataplays|!dt thundurus
|raw|<div class="message"><ul class="utilichart"><li class="result"><span class="col numcol">UUBL</span> <span class="col iconcol"><psicon pokemon="thundurus"/></span> <span class="col pokemonnamecol" style="white-space:nowrap"><a href="https://dex.pokemonshowdown.com/pokemon/thundurus" target="_blank">Thundurus</a></span> <span class="col typecol"><img src="https://play.pokemonshowdown.com/sprites/types/Electric.png" alt="Electric" height="14" width="32"><img src="https://play.pokemonshowdown.com/sprites/types/Flying.png" alt="Flying" height="14" width="32"></span> <span style="float:left;min-height:26px"><span class="col abilitycol">Prankster</span><span class="col abilitycol"><em>Defiant</em></span></span><span style="float:left;min-height:26px"><span class="col statcol"><em>HP</em><br />79</span> <span class="col statcol"><em>Atk</em><br />115</span> <span class="col statcol"><em>Def</em><br />70</span> <span class="col statcol"><em>SpA</em><br />125</span> <span class="col statcol"><em>SpD</em><br />80</span> <span class="col statcol"><em>Spe</em><br />111</span> <span class="col bstcol"><em>BST<br />580</em></span> </span></li><li style="clear:both"></li></ul></div>
|raw|<font size="1"><font color="#686868">Dex#:</font> 642&nbsp;|&ThickSpace;<font color="#686868">Gen:</font> 5&nbsp;|&ThickSpace;<font color="#686868">Height:</font> 1.5 m&nbsp;|&ThickSpace;<font color="#686868">Weight:</font> 61 kg <em>(80 BP)</em>&nbsp;|&ThickSpace;<font color="#686868">Dex Colour:</font> Blue&nbsp;|&ThickSpace;<font color="#686868">Egg Group(s):</font> Undiscovered&nbsp;|&ThickSpace;<font color="#686868">Does Not Evolve</font></font>

|c|☆be7|eu to puto
|c| sushiyuki|isso ai é jogo psicologico
|c| isa200bela-¬|quem perder leva ban, quem vencer leva lock
|c| isa200bela-¬|^^
|c|☆be7|e o cara falando de time errado
|raw|<div class="broadcast-red"><strong>Moderated chat was set to +!</strong><br />Only users of rank + and higher can talk.</div>
|c|☆be7|ai o ban e o lock
|c|☆Batataplays|ow q isso
|raw|<div class="broadcast-blue"><strong>Moderated chat was disabled!</strong><br />Anyone may talk now.</div>
|j| Riquelme14
|inactive|be7 has 90 seconds left.
|c|☆be7|brincadeira gente
|c| PericlesDeThickFat|dentadura
|c| isa200bela-¬|desumild
|
|t:|1655577787
|start
|switch|p1a: Zapdos|Zapdos-Galar|100/100
|switch|p2a: Cabo Daciolo|Landorus-Therian, M|100/100
|-ability|p2a: Cabo Daciolo|Intimidate|boost
|-unboost|p1a: Zapdos|atk|1
|-ability|p1a: Zapdos|Defiant
|-boost|p1a: Zapdos|atk|2
|turn|1
|j| ShootingSonicX
|
|t:|1655577798
|switch|p2a: Lula|Heatran, M|100/100
|move|p1a: Zapdos|Brave Bird|p2a: Lula
|-resisted|p2a: Lula
|-crit|p2a: Lula
|-damage|p2a: Lula|19/100
|-damage|p1a: Zapdos|68/100|[from] Recoil
|
|-heal|p2a: Lula|25/100|[from] item: Leftovers
|upkeep
|turn|2
|c|☆be7|KKKKKKK
|c|☆be7|bom crit
|c|☆be7|já posso quitar??
|
|t:|1655577806
|move|p2a: Lula|Protect|p2a: Lula
|-singleturn|p2a: Lula|Protect
|move|p1a: Zapdos|Brave Bird|p2a: Lula
|-activate|p2a: Lula|move: Protect
|
|-heal|p2a: Lula|31/100|[from] item: Leftovers
|upkeep
|turn|3
|c| PericlesDeThickFat|cabou já
|c|☆Batataplays|pode nn
|c|☆be7|i have um plano
|c|☆Batataplays|faça
|c|☆be7|kd o chokas pra dizer q eu sempre havo um plano
|c|☆be7|:Sadyoshi:
|inactive|be7 has 120 seconds left.
|c|☆Batataplays|vai pro
|
|t:|1655577841
|move|p1a: Zapdos|Brave Bird|p2a: Lula
|-resisted|p2a: Lula
|-damage|p2a: Lula|0 fnt
|-status|p1a: Zapdos|brn|[from] ability: Flame Body|[of] p2a: Lula
|faint|p2a: Lula
|-damage|p1a: Zapdos|56/100 brn|[from] Recoil
|
|-damage|p1a: Zapdos|50/100 brn|[from] brn
|upkeep
|c|☆Batataplays|ah
|
|t:|1655577845
|switch|p2a: Ciro Gomes|Rotom-Wash|100/100
|turn|4
|
|t:|1655577850
|move|p1a: Zapdos|Brave Bird|p2a: Ciro Gomes
|-resisted|p2a: Ciro Gomes
|-damage|p2a: Ciro Gomes|65/100
|-damage|p1a: Zapdos|39/100 brn|[from] Recoil
|move|p2a: Ciro Gomes|Hydro Pump|p1a: Zapdos
|-damage|p1a: Zapdos|0 fnt
|faint|p1a: Zapdos
|
|-heal|p2a: Ciro Gomes|71/100|[from] item: Leftovers
|upkeep
|c|☆be7|vc fala demais, batata
|
|t:|1655577855
|switch|p1a: Saarah|Hippowdon, F|100/100
|-weather|Sandstorm|[from] ability: Sand Stream|[of] p1a: Saarah
|turn|5
|c|☆Batataplays|tu é mt quente
|c| sushiyuki|receba esse jato do ciro gomes
|c|☆Batataplays|dificil aguentar
|
|t:|1655577872
|switch|p1a: Slowbro|Slowbro, M|100/100
|move|p2a: Ciro Gomes|Hydro Pump|p1a: Slowbro|[miss]
|-miss|p2a: Ciro Gomes|p1a: Slowbro
|
|-weather|Sandstorm|[upkeep]
|-damage|p2a: Ciro Gomes|65/100|[from] Sandstorm
|-damage|p1a: Slowbro|94/100|[from] Sandstorm
|-heal|p2a: Ciro Gomes|71/100|[from] item: Leftovers
|upkeep
|turn|6
|
|t:|1655577875
|move|p2a: Ciro Gomes|Volt Switch|p1a: Slowbro
|-supereffective|p1a: Slowbro
|-damage|p1a: Slowbro|47/100
|
|t:|1655577878
|switch|p2a: Jair Bolsonaro|Slowking-Galar, M|100/100|[from]move: Volt Switch
|move|p1a: Slowbro|Teleport|p1a: Slowbro
|c|☆be7|vc matou o meu lulinh
|
|t:|1655577884
|switch|p1a: Guacamole|Excadrill, M|100/100|[from]move: Teleport
|
|-weather|Sandstorm|[upkeep]
|-damage|p2a: Jair Bolsonaro|94/100|[from] Sandstorm
|upkeep
|turn|7
|c|☆be7|lulinha
|c|☆be7|n vou perdoar
|
|t:|1655577888
|switch|p2a: Cabo Daciolo|Landorus-Therian, M|100/100
|-ability|p2a: Cabo Daciolo|Intimidate|boost
|-unboost|p1a: Guacamole|atk|1
|move|p1a: Guacamole|Iron Head|p2a: Cabo Daciolo
|-damage|p2a: Cabo Daciolo|66/100
|-damage|p1a: Guacamole|84/100|[from] item: Rocky Helmet|[of] p2a: Cabo Daciolo
|
|-weather|Sandstorm|[upkeep]
|-heal|p1a: Guacamole|90/100|[from] item: Leftovers
|upkeep
|turn|8
|
|t:|1655577891
|move|p1a: Guacamole|Iron Head|p2a: Cabo Daciolo
|-damage|p2a: Cabo Daciolo|36/100
|-damage|p1a: Guacamole|73/100|[from] item: Rocky Helmet|[of] p2a: Cabo Daciolo
|move|p2a: Cabo Daciolo|Stealth Rock|p1a: Guacamole
|-sidestart|p1: Batataplays|move: Stealth Rock
|
|-weather|Sandstorm|[upkeep]
|-heal|p1a: Guacamole|80/100|[from] item: Leftovers
|upkeep
|turn|9
|
|t:|1655577898
|switch|p2a: Marina Silva|Buzzwole|100/100
|move|p1a: Guacamole|Rapid Spin|p2a: Marina Silva
|-damage|p2a: Marina Silva|92/100
|-boost|p1a: Guacamole|spe|1
|-damage|p1a: Guacamole|63/100|[from] item: Rocky Helmet|[of] p2a: Marina Silva
|-sideend|p1: Batataplays|Stealth Rock|[from] move: Rapid Spin|[of] p1a: Guacamole
|
|-weather|Sandstorm|[upkeep]
|-damage|p2a: Marina Silva|86/100|[from] Sandstorm
|-heal|p1a: Guacamole|69/100|[from] item: Leftovers
|upkeep
|turn|10
|
|t:|1655577901
|switch|p1a: Fujin|Tornadus-Therian, M|100/100
|move|p2a: Marina Silva|Ice Punch|p1a: Fujin
|-supereffective|p1a: Fujin
|-damage|p1a: Fujin|33/100
|
|-weather|Sandstorm|[upkeep]
|-damage|p1a: Fujin|27/100|[from] Sandstorm
|-damage|p2a: Marina Silva|80/100|[from] Sandstorm
|upkeep
|turn|11
|
|t:|1655577909
|switch|p2a: Ciro Gomes|Rotom-Wash|71/100
|move|p1a: Fujin|U-turn|p2a: Ciro Gomes
|-damage|p2a: Ciro Gomes|56/100
|c| sushiyuki|devia ter botado o bolsonaro de maromba
|
|t:|1655577914
|switch|p1a: Leg Day|Dracozolt|100/100|[from]move: U-turn
|
|-weather|Sandstorm|[upkeep]
|-damage|p2a: Ciro Gomes|50/100|[from] Sandstorm
|-heal|p2a: Ciro Gomes|56/100|[from] item: Leftovers
|upkeep
|turn|12
|
|t:|1655577919
|switch|p2a: Cabo Daciolo|Landorus-Therian, M|36/100
|-ability|p2a: Cabo Daciolo|Intimidate|boost
|-unboost|p1a: Leg Day|atk|1
|move|p1a: Leg Day|Draco Meteor|p2a: Cabo Daciolo|[miss]
|-miss|p1a: Leg Day|p2a: Cabo Daciolo
|
|-weather|none
|upkeep
|turn|13
|
|t:|1655577925
|switch|p2a: Jair Bolsonaro|Slowking-Galar, M|100/100
|move|p1a: Leg Day|Draco Meteor|p2a: Jair Bolsonaro|[miss]
|-miss|p1a: Leg Day|p2a: Jair Bolsonaro
|
|upkeep
|turn|14
|c|☆be7|dia de perna
|c|☆be7|pq
|j| jo973ao
|
|t:|1655577930
|switch|p2a: Cabo Daciolo|Landorus-Therian, M|36/100
|-ability|p2a: Cabo Daciolo|Intimidate|boost
|-unboost|p1a: Leg Day|atk|1
|move|p1a: Leg Day|Bolt Beak|p2a: Cabo Daciolo
|-immune|p2a: Cabo Daciolo
|
|upkeep
|turn|15
|c| PericlesDeThickFat|kkkkkkk
|
|t:|1655577933
|switch|p2a: Jair Bolsonaro|Slowking-Galar, M|100/100
|move|p1a: Leg Day|Draco Meteor|p2a: Jair Bolsonaro
|-damage|p2a: Jair Bolsonaro|72/100
|-unboost|p1a: Leg Day|spa|2
|-damage|p1a: Leg Day|91/100|[from] item: Life Orb
|
|upkeep
|turn|16
|l| jo973ao
|
|t:|1655577938
|switch|p1a: Guacamole|Excadrill, M|69/100
|move|p2a: Jair Bolsonaro|Future Sight|p1a: Guacamole
|-start|p2a: Jair Bolsonaro|move: Future Sight
|
|-heal|p1a: Guacamole|75/100|[from] item: Leftovers
|upkeep
|turn|17
|
|t:|1655577942
|switch|p2a: Cabo Daciolo|Landorus-Therian, M|36/100
|-ability|p2a: Cabo Daciolo|Intimidate|boost
|-unboost|p1a: Guacamole|atk|1
|move|p1a: Guacamole|Swords Dance|p1a: Guacamole
|-boost|p1a: Guacamole|atk|2
|
|-heal|p1a: Guacamole|81/100|[from] item: Leftovers
|upkeep
|turn|18
|
|t:|1655577947
|switch|p2a: Ciro Gomes|Rotom-Wash|56/100
|move|p1a: Guacamole|Iron Head|p2a: Ciro Gomes
|-resisted|p2a: Ciro Gomes
|-damage|p2a: Ciro Gomes|36/100
|
|-end|p1a: Guacamole|move: Future Sight
|-resisted|p1a: Guacamole
|-damage|p1a: Guacamole|39/100
|-heal|p1a: Guacamole|46/100|[from] item: Leftovers
|-heal|p2a: Ciro Gomes|42/100|[from] item: Leftovers
|upkeep
|turn|19
|
|t:|1655577952
|move|p1a: Guacamole|Iron Head|p2a: Ciro Gomes
|-resisted|p2a: Ciro Gomes
|-damage|p2a: Ciro Gomes|23/100
|move|p2a: Ciro Gomes|Hydro Pump|p1a: Guacamole
|-supereffective|p1a: Guacamole
|-damage|p1a: Guacamole|0 fnt
|faint|p1a: Guacamole
|
|-heal|p2a: Ciro Gomes|29/100|[from] item: Leftovers
|upkeep
|
|t:|1655577958
|switch|p1a: Leg Day|Dracozolt|91/100
|turn|20
|
|t:|1655577961
|switch|p2a: Cabo Daciolo|Landorus-Therian, M|36/100
|-ability|p2a: Cabo Daciolo|Intimidate|boost
|-unboost|p1a: Leg Day|atk|1
|move|p1a: Leg Day|Draco Meteor|p2a: Cabo Daciolo
|-damage|p2a: Cabo Daciolo|0 fnt
|-unboost|p1a: Leg Day|spa|2
|faint|p2a: Cabo Daciolo
|-damage|p1a: Leg Day|81/100|[from] item: Life Orb
|
|upkeep
|
|t:|1655577964
|switch|p2a: Jair Bolsonaro|Slowking-Galar, M|100/100
|turn|21
|
|t:|1655577967
|move|p1a: Leg Day|Bolt Beak|p2a: Jair Bolsonaro
|-damage|p2a: Jair Bolsonaro|33/100
|-damage|p1a: Leg Day|71/100|[from] item: Life Orb
|move|p2a: Jair Bolsonaro|Future Sight|p1a: Leg Day
|-start|p2a: Jair Bolsonaro|move: Future Sight
|
|upkeep
|turn|22
|
|t:|1655577974
|switch|p1a: Slowbro|Slowbro, M|80/100
|switch|p2a: Ciro Gomes|Rotom-Wash|29/100
|
|-heal|p2a: Ciro Gomes|35/100|[from] item: Leftovers
|upkeep
|turn|23
|
|t:|1655577978
|move|p2a: Ciro Gomes|Pain Split|p1a: Slowbro
|-sethp|p1a: Slowbro|53/100|[from] move: Pain Split|[silent]
|-sethp|p2a: Ciro Gomes|69/100|[from] move: Pain Split
|move|p1a: Slowbro|Future Sight|p2a: Ciro Gomes
|-start|p1a: Slowbro|move: Future Sight
|
|-end|p1a: Slowbro|move: Future Sight
|-resisted|p1a: Slowbro
|-damage|p1a: Slowbro|25/100
|-heal|p2a: Ciro Gomes|75/100|[from] item: Leftovers
|upkeep
|turn|24
|
|t:|1655577985
|move|p2a: Ciro Gomes|Hydro Pump|p1a: Slowbro|[miss]
|-miss|p2a: Ciro Gomes|p1a: Slowbro
|move|p1a: Slowbro|Teleport|p1a: Slowbro
|
|t:|1655577987
|switch|p1a: Leg Day|Dracozolt|71/100|[from]move: Teleport
|
|-heal|p2a: Ciro Gomes|81/100|[from] item: Leftovers
|upkeep
|turn|25
|c|☆be7|AAAAAAA
|c|☆be7|BUCECHA
|c|☆Batataplays|habilidade
|
|t:|1655577997
|move|p2a: Ciro Gomes|Hydro Pump|p1a: Leg Day
|-resisted|p1a: Leg Day
|-damage|p1a: Leg Day|40/100
|move|p1a: Leg Day|Bolt Beak|p2a: Ciro Gomes
|-damage|p2a: Ciro Gomes|34/100
|-damage|p1a: Leg Day|30/100|[from] item: Life Orb
|
|-end|p2a: Ciro Gomes|move: Future Sight
|-damage|p2a: Ciro Gomes|0 fnt
|faint|p2a: Ciro Gomes
|upkeep
|c|☆be7|ridículo
|
|t:|1655578007
|switch|p2a: Marina Silva|Buzzwole|80/100
|turn|26
|
|t:|1655578013
|move|p2a: Marina Silva|Ice Punch|p1a: Leg Day
|-supereffective|p1a: Leg Day
|-damage|p1a: Leg Day|0 fnt
|faint|p1a: Leg Day
|-ability|p2a: Marina Silva|Beast Boost|boost
|-boost|p2a: Marina Silva|atk|1
|
|upkeep
|
|t:|1655578015
|switch|p1a: Fujin|Tornadus-Therian, M|60/100
|turn|27
|j| Babacaplays
|c| isa200bela-¬|be7 pq estas nervoso?
|c|☆be7|eu sempre estou nervoso
|c|☆be7|'-'
|c| isa200bela-¬|compreensivel
|
|t:|1655578040
|switch|p2a: Jair Bolsonaro|Slowking-Galar, M|66/100
|move|p1a: Fujin|U-turn|p2a: Jair Bolsonaro
|-damage|p2a: Jair Bolsonaro|51/100
|
|t:|1655578045
|switch|p1a: Saarah|Hippowdon, F|100/100|[from]move: U-turn
|-weather|Sandstorm|[from] ability: Sand Stream|[of] p1a: Saarah
|
|-weather|Sandstorm|[upkeep]
|-damage|p2a: Jair Bolsonaro|45/100|[from] Sandstorm
|upkeep
|turn|28
|
|t:|1655578049
|switch|p2a: Marina Silva|Buzzwole|80/100
|move|p1a: Saarah|Stealth Rock|p2a: Marina Silva
|-sidestart|p2: be7|move: Stealth Rock
|
|-weather|Sandstorm|[upkeep]
|-damage|p2a: Marina Silva|74/100|[from] Sandstorm
|upkeep
|turn|29
|
|t:|1655578052
|switch|p1a: Slowbro|Slowbro, M|58/100
|move|p2a: Marina Silva|Toxic|p1a: Slowbro
|-status|p1a: Slowbro|tox
|
|-weather|Sandstorm|[upkeep]
|-damage|p2a: Marina Silva|68/100|[from] Sandstorm
|-damage|p1a: Slowbro|52/100 tox|[from] Sandstorm
|-damage|p1a: Slowbro|46/100 tox|[from] psn
|upkeep
|turn|30
|c| Babacaplays|se Batataplays tem, eu sou
|c| Babacaplays|se Batataplays tem, eu sou
|
|t:|1655578056
|switch|p2a: Jair Bolsonaro|Slowking-Galar, M|78/100
|-damage|p2a: Jair Bolsonaro|66/100|[from] Stealth Rock
|move|p1a: Slowbro|Teleport|p1a: Slowbro
|
|t:|1655578061
|switch|p1a: Saarah|Hippowdon, F|100/100|[from]move: Teleport
|
|-weather|Sandstorm|[upkeep]
|-damage|p2a: Jair Bolsonaro|60/100|[from] Sandstorm
|upkeep
|turn|31
|c| Babacaplays|se Batataplays não, eu não
|c|☆be7|se o batata não tem, eu não
|
|t:|1655578065
|switch|p2a: Marina Silva|Buzzwole|68/100
|-damage|p2a: Marina Silva|55/100|[from] Stealth Rock
|move|p1a: Saarah|Slack Off||[still]
|-fail|p1a: Saarah|heal
|
|-weather|Sandstorm|[upkeep]
|-damage|p2a: Marina Silva|49/100|[from] Sandstorm
|upkeep
|turn|32
|
|t:|1655578068
|move|p2a: Marina Silva|Roost|p2a: Marina Silva
|-heal|p2a: Marina Silva|99/100
|-singleturn|p2a: Marina Silva|move: Roost
|move|p1a: Saarah|Whirlwind|p2a: Marina Silva
|drag|p2a: Jair Bolsonaro|Slowking-Galar, M|93/100
|-damage|p2a: Jair Bolsonaro|80/100|[from] Stealth Rock
|
|-weather|Sandstorm|[upkeep]
|-damage|p2a: Jair Bolsonaro|74/100|[from] Sandstorm
|upkeep
|turn|33
|
|t:|1655578075
|switch|p2a: Marina Silva|Buzzwole|99/100
|-damage|p2a: Marina Silva|87/100|[from] Stealth Rock
|move|p1a: Saarah|Earthquake|p2a: Marina Silva
|-resisted|p2a: Marina Silva
|-damage|p2a: Marina Silva|76/100
|
|-weather|Sandstorm|[upkeep]
|-damage|p2a: Marina Silva|70/100|[from] Sandstorm
|upkeep
|turn|34
|c| Babacaplays|cara
|
|t:|1655578079
|switch|p1a: Slowbro|Slowbro, M|79/100 tox
|move|p2a: Marina Silva|Toxic|p1a: Slowbro
|-fail|p1a: Slowbro|tox
|
|-weather|none
|-damage|p1a: Slowbro|73/100 tox|[from] psn
|upkeep
|turn|35
|
|t:|1655578082
|switch|p2a: Jair Bolsonaro|Slowking-Galar, M|100/100
|-damage|p2a: Jair Bolsonaro|88/100|[from] Stealth Rock
|move|p1a: Slowbro|Future Sight|p2a: Jair Bolsonaro
|-start|p1a: Slowbro|move: Future Sight
|
|-damage|p1a: Slowbro|61/100 tox|[from] psn
|upkeep
|turn|36
|
|t:|1655578084
|move|p2a: Jair Bolsonaro|Future Sight|p1a: Slowbro
|-start|p2a: Jair Bolsonaro|move: Future Sight
|move|p1a: Slowbro|Teleport|p1a: Slowbro
|c| Babacaplays|eu te amo marina silva bombada eu te amo
|
|t:|1655578086
|switch|p1a: Saarah|Hippowdon, F|100/100|[from]move: Teleport
|-weather|Sandstorm|[from] ability: Sand Stream|[of] p1a: Saarah
|
|-weather|Sandstorm|[upkeep]
|-damage|p2a: Jair Bolsonaro|82/100|[from] Sandstorm
|upkeep
|turn|37
|
|t:|1655578091
|move|p1a: Saarah|Earthquake|p2a: Jair Bolsonaro
|-supereffective|p2a: Jair Bolsonaro
|-damage|p2a: Jair Bolsonaro|3/100
|move|p2a: Jair Bolsonaro|Sludge Bomb|p1a: Saarah
|-resisted|p1a: Saarah
|-damage|p1a: Saarah|85/100
|
|-weather|Sandstorm|[upkeep]
|-damage|p2a: Jair Bolsonaro|0 fnt|[from] Sandstorm
|faint|p2a: Jair Bolsonaro
|-hint|Future Sight did not hit because the target is fainted.
|upkeep
|
|t:|1655578093
|switch|p2a: Marina Silva|Buzzwole|70/100
|-damage|p2a: Marina Silva|57/100|[from] Stealth Rock
|turn|38
|c| nyacanm|para o cego e a luz
|c| sushiyuki|se o be7 tem 1 fã, sou eu
|
|t:|1655578098
|switch|p1a: Slowbro|Slowbro, M|94/100 tox
|move|p2a: Marina Silva|Ice Punch|p1a: Slowbro
|-resisted|p1a: Slowbro
|-damage|p1a: Slowbro|88/100 tox
|
|-weather|Sandstorm|[upkeep]
|-damage|p2a: Marina Silva|51/100|[from] Sandstorm
|-damage|p1a: Slowbro|82/100 tox|[from] Sandstorm
|-end|p1a: Slowbro|move: Future Sight
|-resisted|p1a: Slowbro
|-damage|p1a: Slowbro|54/100 tox
|-damage|p1a: Slowbro|48/100 tox|[from] psn
|upkeep
|turn|39
|c| sushiyuki|se o be7 tem 100 fãs, eu sou um deles
|
|t:|1655578109
|switch|p2a: João Amoedo|Zeraora|100/100
|move|p1a: Slowbro|Future Sight|p2a: João Amoedo
|-start|p1a: Slowbro|move: Future Sight
|
|-weather|Sandstorm|[upkeep]
|-damage|p2a: João Amoedo|95/100|[from] Sandstorm
|-damage|p1a: Slowbro|41/100 tox|[from] Sandstorm
|-damage|p1a: Slowbro|29/100 tox|[from] psn
|upkeep
|turn|40
|
|t:|1655578112
|switch|p1a: Saarah|Hippowdon, F|85/100
|move|p2a: João Amoedo|Knock Off|p1a: Saarah
|-damage|p1a: Saarah|63/100
|-enditem|p1a: Saarah|Smooth Rock|[from] move: Knock Off|[of] p2a: João Amoedo
|
|-weather|Sandstorm|[upkeep]
|-damage|p2a: João Amoedo|89/100|[from] Sandstorm
|upkeep
|turn|41
|j| Hisuian Magikarp 1
|
|t:|1655578115
|switch|p2a: Marina Silva|Buzzwole|51/100
|-damage|p2a: Marina Silva|39/100|[from] Stealth Rock
|move|p1a: Saarah|Earthquake|p2a: Marina Silva
|-resisted|p2a: Marina Silva
|-damage|p2a: Marina Silva|27/100
|
|-weather|Sandstorm|[upkeep]
|-damage|p2a: Marina Silva|21/100|[from] Sandstorm
|-end|p2a: Marina Silva|move: Future Sight
|-supereffective|p2a: Marina Silva
|-damage|p2a: Marina Silva|0 fnt
|faint|p2a: Marina Silva
|upkeep
|
|t:|1655578118
|switch|p2a: João Amoedo|Zeraora|89/100
|turn|42
|
|t:|1655578121
|move|p2a: João Amoedo|Bulk Up|p2a: João Amoedo
|-boost|p2a: João Amoedo|atk|1
|-boost|p2a: João Amoedo|def|1
|move|p1a: Saarah|Earthquake|p2a: João Amoedo
|-supereffective|p2a: João Amoedo
|-damage|p2a: João Amoedo|15/100
|
|-weather|Sandstorm|[upkeep]
|-damage|p2a: João Amoedo|9/100|[from] Sandstorm
|upkeep
|turn|43
|
|t:|1655578124
|move|p2a: João Amoedo|Close Combat|p1a: Saarah
|-damage|p1a: Saarah|20/100
|-unboost|p2a: João Amoedo|def|1
|-unboost|p2a: João Amoedo|spd|1
|move|p1a: Saarah|Earthquake|p2a: João Amoedo
|-supereffective|p2a: João Amoedo
|-damage|p2a: João Amoedo|0 fnt
|faint|p2a: João Amoedo
|
|win|Batataplays
|n|☆Batataplays|batataplays
|n|☆be7|be7
|n| PericlesDeThickFat|periclesdethickfat
|n| nyacanm|nyacanm
|n| sushiyuki|sushiyuki
|n| isa200bela-¬|isa200bela
|n| Riquelme14|riquelme14
|n| ShootingSonicX|shootingsonicx
|n| Babacaplays|babacaplays
|n| Hisuian Magikarp 1|hisuianmagikarp1
