|j|☆numberoneswiftie
|j|☆shiawasenostory
|t:|1663802743
|gametype|singles
|player|p1|numberoneswiftie|swimmerf-gen4|1680
|player|p2|shiawasenostory|101|1627
|teamsize|p1|6
|teamsize|p2|6
|gen|8
|tier|[Gen 8] OU
|rated|
|rule|Sleep Clause Mod: Limit one foe put to sleep
|rule|Species Clause: Limit one of each Pokémon
|rule|OHKO Clause: OHKO moves are banned
|rule|Evasion Items Clause: Evasion items are banned
|rule|Evasion Moves Clause: Evasion moves are banned
|rule|Endless Battle Clause: Forcing endless battles is banned
|rule|HP Percentage Mod: HP is shown in percentages
|rule|Dynamax Clause: You cannot dynamax
|clearpoke
|poke|p1|Buzzwole|
|poke|p1|Slowking-Galar, M|
|poke|p1|Clefable, M|
|poke|p1|Hydreigon, M|
|poke|p1|Zeraora|
|poke|p1|Corviknight, M|
|poke|p2|Rillaboom, F|
|poke|p2|Tornadus-Therian, M|
|poke|p2|Blaziken, F|
|poke|p2|Melmetal|
|poke|p2|Garchomp, M|
|poke|p2|Slowbro, M|
|teampreview
|n|!numberoneswiftie|numberoneswiftie
|inactive|Battle timer is ON: inactive players will automatically lose when time's up. (requested by shiawasenostory)
|
|t:|1663802798
|start
|switch|p1a: Trin|Slowking-Galar, M, shiny|100/100
|switch|p2a: Tornadus|Tornadus-Therian, M|100/100
|turn|1
|
|t:|1663802804
|switch|p1a: Mushtoast|Clefable, M|100/100
|move|p2a: Tornadus|Knock Off|p1a: Mushtoast
|-resisted|p1a: Mushtoast
|-damage|p1a: Mushtoast|92/100
|-enditem|p1a: Mushtoast|Leftovers|[from] move: Knock Off|[of] p2a: Tornadus
|
|upkeep
|turn|2
|
|t:|1663802809
|move|p2a: Tornadus|U-turn|p1a: Mushtoast
|-resisted|p1a: Mushtoast
|-damage|p1a: Mushtoast|87/100
|
|t:|1663802810
|switch|p2a: Blaziken|Blaziken, F|100/100|[from]move: U-turn
|move|p1a: Mushtoast|Flamethrower|p2a: Blaziken
|-resisted|p2a: Blaziken
|-damage|p2a: Blaziken|87/100
|
|-heal|p2a: Blaziken|94/100|[from] item: Leftovers
|upkeep
|turn|3
|
|t:|1663802814
|move|p2a: Blaziken|Swords Dance|p2a: Blaziken
|-boost|p2a: Blaziken|atk|2
|move|p1a: Mushtoast|Moonblast|p2a: Blaziken
|-damage|p2a: Blaziken|47/100
|
|-heal|p2a: Blaziken|54/100|[from] item: Leftovers
|-ability|p2a: Blaziken|Speed Boost|boost
|-boost|p2a: Blaziken|spe|1
|upkeep
|turn|4
|
|t:|1663802817
|move|p2a: Blaziken|Flare Blitz|p1a: Mushtoast
|-damage|p1a: Mushtoast|41/100
|-damage|p2a: Blaziken|36/100|[from] Recoil
|move|p1a: Mushtoast|Moonblast|p2a: Blaziken
|-damage|p2a: Blaziken|0 fnt
|faint|p2a: Blaziken
|
|upkeep
|c|☆shiawasenostory|oh unaware L
|
|t:|1663802833
|switch|p2a: Melmetal|Melmetal|100/100
|turn|5
|j| BatChesting
|
|t:|1663802844
|switch|p1a: Corviknight|Corviknight, M|100/100
|-ability|p1a: Corviknight|Pressure
|move|p2a: Melmetal|Toxic|p1a: Corviknight
|-immune|p1a: Corviknight
|
|upkeep
|turn|6
|j| Da BoZzeT
|j| obckiller
|c| BatChesting|you are garbage story
|
|t:|1663802855
|switch|p2a: Slowbro|Slowbro, M|100/100
|move|p1a: Corviknight|U-turn|p2a: Slowbro
|-supereffective|p2a: Slowbro
|-damage|p2a: Slowbro|83/100
|-damage|p1a: Corviknight|84/100|[from] item: Rocky Helmet|[of] p2a: Slowbro
|
|t:|1663802859
|switch|p1a: Discord Demon|Hydreigon, M|100/100|[from]move: U-turn
|
|upkeep
|turn|7
|
|t:|1663802869
|switch|p2a: Tornadus|Tornadus-Therian, M|100/100
|move|p1a: Discord Demon|Dark Pulse|p2a: Tornadus
|-damage|p2a: Tornadus|59/100
|
|upkeep
|turn|8
|
|t:|1663802874
|switch|p1a: Mushtoast|Clefable, M|41/100
|move|p2a: Tornadus|Knock Off|p1a: Mushtoast
|-resisted|p1a: Mushtoast
|-damage|p1a: Mushtoast|35/100
|
|upkeep
|turn|9
|
|t:|1663802879
|move|p2a: Tornadus|U-turn|p1a: Mushtoast
|-resisted|p1a: Mushtoast
|-damage|p1a: Mushtoast|30/100
|
|t:|1663802881
|switch|p2a: Melmetal|Melmetal|100/100|[from]move: U-turn
|move|p1a: Mushtoast|Soft-Boiled|p1a: Mushtoast
|-heal|p1a: Mushtoast|80/100
|
|upkeep
|turn|10
|
|t:|1663802887
|switch|p1a: Corviknight|Corviknight, M|84/100
|-ability|p1a: Corviknight|Pressure
|switch|p2a: Slowbro|Slowbro, M|100/100
|
|upkeep
|turn|11
|c| Da BoZzeT|discord demon taking lives
|
|t:|1663802890
|move|p1a: Corviknight|U-turn|p2a: Slowbro
|-supereffective|p2a: Slowbro
|-damage|p2a: Slowbro|83/100
|-damage|p1a: Corviknight|67/100|[from] item: Rocky Helmet|[of] p2a: Slowbro
|
|t:|1663802892
|switch|p1a: Discord Demon|Hydreigon, M|100/100|[from]move: U-turn
|move|p2a: Slowbro|Scald|p1a: Discord Demon
|-resisted|p1a: Discord Demon
|-damage|p1a: Discord Demon|84/100
|
|-heal|p1a: Discord Demon|91/100|[from] item: Leftovers
|upkeep
|turn|12
|
|t:|1663802897
|switch|p2a: Garchomp|Garchomp, M|100/100
|move|p1a: Discord Demon|Nasty Plot|p1a: Discord Demon
|-boost|p1a: Discord Demon|spa|2
|
|-heal|p1a: Discord Demon|97/100|[from] item: Leftovers
|upkeep
|turn|13
|c|☆shiawasenostory|how tf did i get sniped on ladder
|inactive|shiawasenostory has 120 seconds left.
|
|t:|1663802931
|switch|p2a: Melmetal|Melmetal|100/100
|move|p1a: Discord Demon|Dark Pulse|p2a: Melmetal
|-damage|p2a: Melmetal|33/100
|
|-heal|p1a: Discord Demon|100/100|[from] item: Leftovers
|-heal|p2a: Melmetal|39/100|[from] item: Leftovers
|upkeep
|turn|14
|inactive|shiawasenostory has 120 seconds left.
|
|t:|1663802942
|move|p1a: Discord Demon|Dark Pulse|p2a: Melmetal
|-damage|p2a: Melmetal|0 fnt
|faint|p2a: Melmetal
|
|upkeep
|c| BatChesting|what is a shiawaseno
|
|t:|1663802945
|switch|p2a: Garchomp|Garchomp, M|100/100
|turn|15
|
|t:|1663802956
|move|p1a: Discord Demon|Dark Pulse|p2a: Garchomp
|-damage|p2a: Garchomp|46/100
|move|p2a: Garchomp|Toxic|p1a: Discord Demon
|-status|p1a: Discord Demon|tox
|
|-heal|p2a: Garchomp|52/100|[from] item: Leftovers
|-damage|p1a: Discord Demon|94/100 tox|[from] psn
|upkeep
|turn|16
|c|☆shiawasenostory|put it in google translate
|c| BatChesting|OHH MY GOOOOD
|
|t:|1663802962
|move|p2a: Garchomp|Protect|p2a: Garchomp
|-singleturn|p2a: Garchomp|Protect
|move|p1a: Discord Demon|Dark Pulse|p2a: Garchomp
|-activate|p2a: Garchomp|move: Protect
|
|-heal|p1a: Discord Demon|100/100 tox|[from] item: Leftovers
|-heal|p2a: Garchomp|58/100|[from] item: Leftovers
|-damage|p1a: Discord Demon|88/100 tox|[from] psn
|upkeep
|turn|17
|
|t:|1663802965
|move|p2a: Garchomp|Protect||[still]
|-fail|p2a: Garchomp
|move|p1a: Discord Demon|Dark Pulse|p2a: Garchomp
|-damage|p2a: Garchomp|3/100
|
|-heal|p1a: Discord Demon|94/100 tox|[from] item: Leftovers
|-heal|p2a: Garchomp|9/100|[from] item: Leftovers
|-damage|p1a: Discord Demon|76/100 tox|[from] psn
|upkeep
|turn|18
|
|t:|1663802968
|move|p2a: Garchomp|Protect|p2a: Garchomp
|-singleturn|p2a: Garchomp|Protect
|move|p1a: Discord Demon|Nasty Plot|p1a: Discord Demon
|-boost|p1a: Discord Demon|spa|2
|
|-heal|p1a: Discord Demon|82/100 tox|[from] item: Leftovers
|-heal|p2a: Garchomp|15/100|[from] item: Leftovers
|-damage|p1a: Discord Demon|57/100 tox|[from] psn
|upkeep
|turn|19
|
|t:|1663802972
|move|p2a: Garchomp|Protect||[still]
|-fail|p2a: Garchomp
|move|p1a: Discord Demon|Dark Pulse|p2a: Garchomp
|-damage|p2a: Garchomp|0 fnt
|faint|p2a: Garchomp
|
|-heal|p1a: Discord Demon|64/100 tox|[from] item: Leftovers
|-damage|p1a: Discord Demon|33/100 tox|[from] psn
|upkeep
|c| BatChesting|Happiness of
|
|t:|1663802975
|switch|p2a: Rillaboom|Rillaboom, F|100/100
|-fieldstart|move: Grassy Terrain|[from] ability: Grassy Surge|[of] p2a: Rillaboom
|turn|20
|
|t:|1663802978
|move|p2a: Rillaboom|Grassy Glide|p1a: Discord Demon
|-resisted|p1a: Discord Demon
|-damage|p1a: Discord Demon|5/100 tox
|move|p1a: Discord Demon|Dark Pulse|p2a: Rillaboom
|-damage|p2a: Rillaboom|0 fnt
|faint|p2a: Rillaboom
|
|-heal|p1a: Discord Demon|12/100 tox|[from] item: Leftovers
|-damage|p1a: Discord Demon|0 fnt|[from] psn
|faint|p1a: Discord Demon
|upkeep
|
|t:|1663802986
|switch|p1a: Mushtoast|Clefable, M|80/100
|switch|p2a: Slowbro|Slowbro, M|100/100
|turn|21
|c| BatChesting|OHHH MY FREAKING GOD
|
|t:|1663802990
|switch|p1a: Trin|Slowking-Galar, M, shiny|100/100
|move|p2a: Slowbro|Future Sight|p1a: Trin
|-start|p2a: Slowbro|move: Future Sight
|
|upkeep
|turn|22
|
|t:|1663802993
|move|p1a: Trin|Future Sight|p2a: Slowbro
|-start|p1a: Trin|move: Future Sight
|move|p2a: Slowbro|Teleport|p2a: Slowbro
|
|t:|1663802995
|switch|p2a: Tornadus|Tornadus-Therian, M|92/100|[from]move: Teleport
|
|upkeep
|turn|23
|
|t:|1663802998
|move|p2a: Tornadus|Knock Off|p1a: Trin
|-supereffective|p1a: Trin
|-damage|p1a: Trin|60/100
|-enditem|p1a: Trin|Assault Vest|[from] move: Knock Off|[of] p2a: Tornadus
|move|p1a: Trin|Ice Beam|p2a: Tornadus
|-supereffective|p2a: Tornadus
|-damage|p2a: Tornadus|39/100
|
|-end|p1a: Trin|move: Future Sight
|-damage|p1a: Trin|32/100
|-heal|p1a: Trin|39/100|[from] Grassy Terrain
|upkeep
|turn|24
|
|t:|1663803003
|move|p2a: Tornadus|Knock Off|p1a: Trin
|-supereffective|p1a: Trin
|-damage|p1a: Trin|10/100
|move|p1a: Trin|Sludge Bomb|p2a: Tornadus
|-damage|p2a: Tornadus|5/100
|
|-end|p2a: Tornadus|move: Future Sight
|-damage|p2a: Tornadus|0 fnt
|faint|p2a: Tornadus
|-heal|p1a: Trin|16/100|[from] Grassy Terrain
|-fieldend|move: Grassy Terrain
|upkeep
|j| HereForFrens
|l| HereForFrens
|-message|shiawasenostory forfeited.
|
|win|numberoneswiftie
|raw|numberoneswiftie's rating: 1680 &rarr; <strong>1697</strong><br />(+17 for winning)
|raw|shiawasenostory's rating: 1627 &rarr; <strong>1610</strong><br />(-17 for losing)
|l|☆shiawasenostory
|c| Da BoZzeT|ouch
|c| Da BoZzeT|story getting owned
|l|!numberoneswiftie
|c| Da BoZzeT|what is the buzzwole's name onyx
|l| BatChesting
||Ladder isn't responding, score probably updated but might not have (Request timeout).
|l| obckiller
|j|!numberoneswiftie
|player|p1|numberoneswiftie|swimmerf-gen4
