|j|☆Iznamakin
|j|☆C4_AklysmyKLegende
|t:|1604451823
|player|p1|Iznamakin|youngster-gen4|1325
|player|p2|C4_AklysmyKLegende|lance|1260
|teamsize|p1|6
|teamsize|p2|6
|gametype|singles
|gen|8
|tier|[Gen 8] OU
|rated|
|clearpoke
|poke|p1|Regieleki|
|poke|p1|Landorus-Therian, M|
|poke|p1|Garchomp, M|
|poke|p1|Ferrothorn, M|
|poke|p1|Moltres|
|poke|p1|Tapu Koko|
|poke|p2|Regieleki|
|poke|p2|Tapu Koko|
|poke|p2|Zygarde|
|poke|p2|Spectrier|
|poke|p2|Pheromosa|
|poke|p2|Cinderace, F|
|rule|Sleep Clause Mod: Limit one foe put to sleep
|rule|Species Clause: Limit one of each Pokémon
|rule|OHKO Clause: OHKO moves are banned
|rule|Evasion Moves Clause: Evasion moves are banned
|rule|Endless Battle Clause: Forcing endless battles is banned
|rule|HP Percentage Mod: HP is shown in percentages
|rule|Dynamax Clause: You cannot dynamax
|teampreview
|
|t:|1604451842
|start
|switch|p1a: Landorus|Landorus-Therian, M|100/100
|switch|p2a: Y suis plus la !|Tapu Koko|100/100
|-fieldstart|move: Electric Terrain|[from] ability: Electric Surge|[of] p2a: Y suis plus la !
|-ability|p1a: Landorus|Intimidate|boost
|-unboost|p2a: Y suis plus la !|atk|1
|turn|1
|inactive|Battle timer is ON: inactive players will automatically lose when time's up. (requested by Iznamakin)
|
|t:|1604451852
|move|p2a: Y suis plus la !|U-turn|p1a: Landorus
|-resisted|p1a: Landorus
|-damage|p1a: Landorus|94/100
|
|t:|1604451858
|switch|p2a: Lionnel messi|Cinderace, F|100/100|[from]move: U-turn
|move|p1a: Landorus|U-turn|p2a: Lionnel messi
|-resisted|p2a: Lionnel messi
|-damage|p2a: Lionnel messi|80/100
|c|☆Iznamakin|you speak french ?
|
|t:|1604451879
|switch|p1a: Regieleki|Regieleki|100/100|[from]move: U-turn
|
|upkeep
|turn|2
|
|t:|1604451885
|switch|p1a: Garchomp|Garchomp, M|100/100
|switch|p2a: ⚠️ dragon relou|Zygarde|100/100
|-ability|p2a: ⚠️ dragon relou|Aura Break
|
|upkeep
|turn|3
|
|t:|1604451902
|switch|p2a: Y suis plus la !|Tapu Koko|100/100
|move|p1a: Garchomp|Earthquake|p2a: Y suis plus la !
|-supereffective|p2a: Y suis plus la !
|-damage|p2a: Y suis plus la !|0 fnt
|faint|p2a: Y suis plus la !
|
|upkeep
|
|t:|1604451911
|switch|p2a: Trop bonne 😍|Pheromosa|100/100
|turn|4
|
|t:|1604451917
|switch|p1a: Moltres|Moltres|100/100
|move|p2a: Trop bonne 😍|Triple Axel|p1a: Moltres|[miss]
|-miss|p2a: Trop bonne 😍|p1a: Moltres
|
|upkeep
|turn|5
|
|t:|1604451931
|move|p2a: Trop bonne 😍|U-turn|p1a: Moltres
|-resisted|p1a: Moltres
|-damage|p1a: Moltres|93/100
|-status|p2a: Trop bonne 😍|brn|[from] ability: Flame Body|[of] p1a: Moltres
|
|t:|1604451937
|switch|p2a: Tesla pas|Regieleki|100/100|[from]move: U-turn
|move|p1a: Moltres|Hurricane|p2a: Tesla pas|[miss]
|-miss|p1a: Moltres|p2a: Tesla pas
|
|upkeep
|turn|6
|
|t:|1604451946
|switch|p1a: Landorus|Landorus-Therian, M|94/100
|-ability|p1a: Landorus|Intimidate|boost
|-unboost|p2a: Tesla pas|atk|1
|move|p2a: Tesla pas|Rising Voltage|p1a: Landorus
|-immune|p1a: Landorus
|
|-heal|p1a: Landorus|99/100|[from] item: Leftovers
|upkeep
|turn|7
|-message|C4_AklysmyKLegende forfeited.
|
|win|Iznamakin
|l|☆C4_AklysmyKLegende
||Ladder (probably) updated, but score could not be retrieved (Request timeout).
