|j|☆IM AT MY LIMIT
|j|☆OU make me yawn ¤
|t:|1617418295
|gametype|singles
|player|p1|IM AT MY LIMIT|ethan|
|player|p2|OU make me yawn ¤|hilda|
|teamsize|p1|6
|teamsize|p2|6
|gen|8
|tier|[Gen 8] OU
|clearpoke
|poke|p1|Avalugg, M|
|poke|p1|Clefable, F|
|poke|p1|Xatu, F|
|poke|p1|Hydreigon, F|
|poke|p1|Marowak-Alola, F|
|poke|p1|Toxapex, M|
|poke|p2|Clefable, F|
|poke|p2|Heatran, F|
|poke|p2|Slowbro, F|
|poke|p2|Rillaboom, F|
|poke|p2|Kartana|
|poke|p2|Tornadus-Therian, M|
|rule|Sleep Clause Mod: Limit one foe put to sleep
|rule|Species Clause: Limit one of each Pokémon
|rule|OHKO Clause: OHKO moves are banned
|rule|Evasion Moves Clause: Evasion moves are banned
|rule|Endless Battle Clause: Forcing endless battles is banned
|rule|HP Percentage Mod: HP is shown in percentages
|rule|Dynamax Clause: You cannot dynamax
|teampreview
|inactive|Battle timer is ON: inactive players will automatically lose when time's up. (requested by OU make me yawn ¤)
|
|t:|1617418313
|start
|switch|p1a: Shifu gone!!!!|Toxapex, M|100/100
|switch|p2a: Oh my STARS|Clefable, F, shiny|100/100
|turn|1
|inactive|IM AT MY LIMIT has 270 seconds left.
|inactive|OU make me yawn ¤ has 270 seconds left.
|
|t:|1617418347
|move|p2a: Oh my STARS|Trick|p1a: Shifu gone!!!!
|-activate|p2a: Oh my STARS|move: Trick|[of] p1a: Shifu gone!!!!
|-item|p1a: Shifu gone!!!!|Sticky Barb|[from] move: Trick
|-item|p2a: Oh my STARS|Rocky Helmet|[from] move: Trick
|move|p1a: Shifu gone!!!!|Toxic Spikes|p2a: Oh my STARS
|-sidestart|p2: OU make me yawn ¤|move: Toxic Spikes
|
|-damage|p1a: Shifu gone!!!!|88/100|[from] item: Sticky Barb
|upkeep
|turn|2
|inactive|IM AT MY LIMIT has 270 seconds left.
|
|t:|1617418368
|switch|p1a: ur mom|Xatu, F|100/100
|move|p2a: Oh my STARS|Thunder Wave|p1a: ur mom
|move|p1a: ur mom|Thunder Wave|p2a: Oh my STARS|[from]ability: Magic Bounce
|-status|p2a: Oh my STARS|par
|
|upkeep
|turn|3
|inactive|OU make me yawn ¤ has 270 seconds left.
|
|t:|1617418389
|switch|p1a: Shifu gone!!!!|Toxapex, M|100/100
|move|p2a: Oh my STARS|Trick|p1a: Shifu gone!!!!
|-activate|p2a: Oh my STARS|move: Trick|[of] p1a: Shifu gone!!!!
|-item|p1a: Shifu gone!!!!|Rocky Helmet|[from] move: Trick
|-item|p2a: Oh my STARS|Sticky Barb|[from] move: Trick
|
|upkeep
|turn|4
|inactive|IM AT MY LIMIT has 240 seconds left.
|inactive|IM AT MY LIMIT has 210 seconds left.
|
|t:|1617418454
|move|p1a: Shifu gone!!!!|Toxic Spikes|p2a: Oh my STARS
|-sidestart|p2: OU make me yawn ¤|move: Toxic Spikes
|move|p2a: Oh my STARS|Trick|p1a: Shifu gone!!!!
|-activate|p2a: Oh my STARS|move: Trick|[of] p1a: Shifu gone!!!!
|-item|p1a: Shifu gone!!!!|Sticky Barb|[from] move: Trick
|-item|p2a: Oh my STARS|Rocky Helmet|[from] move: Trick
|
|-damage|p1a: Shifu gone!!!!|88/100|[from] item: Sticky Barb
|upkeep
|turn|5
|inactive|OU make me yawn ¤ has 270 seconds left.
|
|t:|1617418483
|switch|p1a: Kyurem check?|Marowak-Alola, F|100/100
|cant|p2a: Oh my STARS|par
|
|upkeep
|turn|6
|inactive|OU make me yawn ¤ has 270 seconds left.
|
|t:|1617418497
|move|p1a: Kyurem check?|Stealth Rock|p2a: Oh my STARS
|-sidestart|p2: OU make me yawn ¤|move: Stealth Rock
|move|p2a: Oh my STARS|Trick|p1a: Kyurem check?
|-activate|p2a: Oh my STARS|move: Trick|[of] p1a: Kyurem check?
|-item|p1a: Kyurem check?|Rocky Helmet|[from] move: Trick
|-item|p2a: Oh my STARS|Heavy-Duty Boots|[from] move: Trick
|
|upkeep
|turn|7
|inactive|IM AT MY LIMIT has 210 seconds left.
|inactive|OU make me yawn ¤ has 270 seconds left.
|
|t:|1617418517
|switch|p2a: YOUR MOM|Slowbro, F, shiny|100/100
|move|p1a: Kyurem check?|Knock Off|p2a: YOUR MOM
|-supereffective|p2a: YOUR MOM
|-damage|p2a: YOUR MOM|80/100
|-enditem|p2a: YOUR MOM|Heavy-Duty Boots|[from] move: Knock Off|[of] p1a: Kyurem check?
|
|upkeep
|turn|8
|
|t:|1617418523
|move|p1a: Kyurem check?|Toxic|p2a: YOUR MOM
|-status|p2a: YOUR MOM|tox
|move|p2a: YOUR MOM|Future Sight|p1a: Kyurem check?
|-start|p2a: YOUR MOM|move: Future Sight
|
|-damage|p2a: YOUR MOM|74/100 tox|[from] psn
|upkeep
|turn|9
|inactive|OU make me yawn ¤ has 270 seconds left.
|
|t:|1617418544
|switch|p1a: Trolled|Avalugg, M|100/100
|switch|p2a: The Capitol|Kartana|100/100
|-damage|p2a: The Capitol|94/100|[from] Stealth Rock
|
|upkeep
|turn|10
|inactive|IM AT MY LIMIT has 210 seconds left.
|inactive|OU make me yawn ¤ has 240 seconds left.
|inactive|IM AT MY LIMIT has 180 seconds left.
|
|t:|1617418596
|switch|p1a: Kyurem check?|Marowak-Alola, F|100/100
|move|p2a: The Capitol|Smart Strike|p1a: Kyurem check?
|-resisted|p1a: Kyurem check?
|-damage|p1a: Kyurem check?|60/100
|-damage|p2a: The Capitol|78/100|[from] item: Rocky Helmet|[of] p1a: Kyurem check?
|
|-end|p1a: Kyurem check?|move: Future Sight
|-damage|p1a: Kyurem check?|23/100
|upkeep
|turn|11
|inactive|IM AT MY LIMIT has 180 seconds left.
|
|t:|1617418613
|switch|p1a: Shifu gone!!!!|Toxapex, M|100/100
|move|p2a: The Capitol|Smart Strike|p1a: Shifu gone!!!!
|-resisted|p1a: Shifu gone!!!!
|-damage|p1a: Shifu gone!!!!|76/100
|
|-damage|p1a: Shifu gone!!!!|63/100|[from] item: Sticky Barb
|upkeep
|turn|12
|inactive|IM AT MY LIMIT has 180 seconds left.
|
|t:|1617418627
|switch|p2a: Oh my STARS|Clefable, F, shiny|100/100 par
|switch|p1a: ur mom|Xatu, F|100/100
|
|upkeep
|turn|13
|
|t:|1617418634
|move|p1a: ur mom|Wish|p1a: ur mom
|move|p2a: Oh my STARS|Moonblast|p1a: ur mom
|-damage|p1a: ur mom|57/100
|
|-heal|p1a: ur mom|63/100|[from] item: Leftovers
|upkeep
|turn|14
|
|t:|1617418640
|switch|p1a: Kyurem check?|Marowak-Alola, F|23/100
|move|p2a: Oh my STARS|Moonblast|p1a: Kyurem check?
|-resisted|p1a: Kyurem check?
|-damage|p1a: Kyurem check?|9/100
|
|-heal|p1a: Kyurem check?|61/100|[from] move: Wish|[wisher] ur mom
|upkeep
|turn|15
|
|t:|1617418652
|switch|p1a: Trolled|Avalugg, M|100/100
|switch|p2a: YOUR MOM|Slowbro, F, shiny|100/100 tox
|-damage|p2a: YOUR MOM|88/100 tox|[from] Stealth Rock
|
|-damage|p2a: YOUR MOM|82/100 tox|[from] psn
|upkeep
|turn|16
|
|t:|1617418665
|switch|p1a: NASTY!!!!!!!|Hydreigon, F|100/100
|move|p2a: YOUR MOM|Future Sight|p1a: NASTY!!!!!!!
|-start|p2a: YOUR MOM|move: Future Sight
|
|-damage|p2a: YOUR MOM|70/100 tox|[from] psn
|upkeep
|turn|17
|inactive|OU make me yawn ¤ has 240 seconds left.
|
|t:|1617418679
|switch|p2a: Oh my STARS|Clefable, F, shiny|100/100 par
|move|p1a: NASTY!!!!!!!|Earth Power|p2a: Oh my STARS
|-damage|p2a: Oh my STARS|81/100 par
|
|upkeep
|turn|18
|inactive|OU make me yawn ¤ has 240 seconds left.
|
|t:|1617418696
|switch|p1a: ASS|Clefable, F|100/100
|move|p2a: Oh my STARS|Moonblast|p1a: ASS
|-damage|p1a: ASS|69/100
|
|-end|p1a: ASS|move: Future Sight
|-damage|p1a: ASS|32/100
|upkeep
|turn|19
|inactive|OU make me yawn ¤ has 240 seconds left.
|
|t:|1617418705
|move|p1a: ASS|Soft-Boiled|p1a: ASS
|-heal|p1a: ASS|82/100
|cant|p2a: Oh my STARS|par
|
|upkeep
|turn|20
|
|t:|1617418715
|switch|p1a: Kyurem check?|Marowak-Alola, F|61/100
|move|p2a: Oh my STARS|Thunder Wave|p1a: Kyurem check?
|-ability|p1a: Kyurem check?|Lightning Rod|boost
|-boost|p1a: Kyurem check?|spa|1
|
|upkeep
|turn|21
|
|t:|1617418728
|switch|p1a: NASTY!!!!!!!|Hydreigon, F|100/100
|switch|p2a: YOUR MOM|Slowbro, F, shiny|100/100 tox
|-damage|p2a: YOUR MOM|88/100 tox|[from] Stealth Rock
|
|-damage|p2a: YOUR MOM|82/100 tox|[from] psn
|upkeep
|turn|22
|
|t:|1617418742
|switch|p1a: ASS|Clefable, F|82/100
|switch|p2a: Oh my STARS|Clefable, F, shiny|81/100 par
|
|upkeep
|turn|23
|
|t:|1617418754
|switch|p2a: 1/6 2021|Heatran, F, shiny|100/100
|-damage|p2a: 1/6 2021|88/100|[from] Stealth Rock
|move|p1a: ASS|Moonblast|p2a: 1/6 2021
|-resisted|p2a: 1/6 2021
|-damage|p2a: 1/6 2021|83/100
|
|-heal|p2a: 1/6 2021|89/100|[from] item: Leftovers
|upkeep
|turn|24
|
|t:|1617418762
|switch|p1a: NASTY!!!!!!!|Hydreigon, F|100/100
|move|p2a: 1/6 2021|Magma Storm|p1a: NASTY!!!!!!!|[miss]
|-miss|p2a: 1/6 2021|p1a: NASTY!!!!!!!
|
|-heal|p2a: 1/6 2021|95/100|[from] item: Leftovers
|upkeep
|turn|25
|inactive|OU make me yawn ¤ has 270 seconds left.
|c|☆OU make me yawn ¤|LMAO FR???
|
|t:|1617418777
|switch|p2a: Oh my STARS|Clefable, F, shiny|81/100 par
|move|p1a: NASTY!!!!!!!|Earth Power|p2a: Oh my STARS
|-damage|p2a: Oh my STARS|63/100 par
|
|upkeep
|turn|26
|inactive|OU make me yawn ¤ has 270 seconds left.
|
|t:|1617418782
|switch|p1a: ASS|Clefable, F|82/100
|move|p2a: Oh my STARS|Soft-Boiled|p2a: Oh my STARS
|-heal|p2a: Oh my STARS|100/100 par
|
|upkeep
|turn|27
|
|t:|1617418790
|switch|p1a: ur mom|Xatu, F|63/100
|cant|p2a: Oh my STARS|par
|
|-heal|p1a: ur mom|69/100|[from] item: Leftovers
|upkeep
|turn|28
|
|t:|1617418803
|move|p1a: ur mom|Roost|p1a: ur mom
|-heal|p1a: ur mom|100/100
|-singleturn|p1a: ur mom|move: Roost
|move|p2a: Oh my STARS|Moonblast|p1a: ur mom
|-damage|p1a: ur mom|56/100
|
|-heal|p1a: ur mom|62/100|[from] item: Leftovers
|upkeep
|turn|29
|
|t:|1617418808
|move|p1a: ur mom|Roost|p1a: ur mom
|-heal|p1a: ur mom|100/100
|-singleturn|p1a: ur mom|move: Roost
|move|p2a: Oh my STARS|Moonblast|p1a: ur mom
|-damage|p1a: ur mom|58/100
|
|-heal|p1a: ur mom|64/100|[from] item: Leftovers
|upkeep
|turn|30
|inactive|IM AT MY LIMIT has 270 seconds left.
|
|t:|1617418821
|move|p1a: ur mom|Roost|p1a: ur mom
|-heal|p1a: ur mom|100/100
|-singleturn|p1a: ur mom|move: Roost
|move|p2a: Oh my STARS|Moonblast|p1a: ur mom
|-damage|p1a: ur mom|59/100
|
|-heal|p1a: ur mom|65/100|[from] item: Leftovers
|upkeep
|turn|31
|
|t:|1617418826
|move|p1a: ur mom|Roost|p1a: ur mom
|-heal|p1a: ur mom|100/100
|-singleturn|p1a: ur mom|move: Roost
|move|p2a: Oh my STARS|Moonblast|p1a: ur mom
|-damage|p1a: ur mom|55/100
|-unboost|p1a: ur mom|spa|1
|
|-heal|p1a: ur mom|61/100|[from] item: Leftovers
|upkeep
|turn|32
|
|t:|1617418831
|move|p1a: ur mom|Roost|p1a: ur mom
|-heal|p1a: ur mom|100/100
|-singleturn|p1a: ur mom|move: Roost
|move|p2a: Oh my STARS|Moonblast|p1a: ur mom
|-damage|p1a: ur mom|60/100
|
|-heal|p1a: ur mom|66/100|[from] item: Leftovers
|upkeep
|turn|33
|
|t:|1617418841
|move|p1a: ur mom|Roost|p1a: ur mom
|-heal|p1a: ur mom|100/100
|-singleturn|p1a: ur mom|move: Roost
|cant|p2a: Oh my STARS|par
|
|upkeep
|turn|34
|
|t:|1617418847
|switch|p1a: Shifu gone!!!!|Toxapex, M|97/100
|move|p2a: Oh my STARS|Moonblast|p1a: Shifu gone!!!!
|-resisted|p1a: Shifu gone!!!!
|-damage|p1a: Shifu gone!!!!|84/100
|
|-damage|p1a: Shifu gone!!!!|71/100|[from] item: Sticky Barb
|upkeep
|turn|35
|
|t:|1617418859
|switch|p1a: Kyurem check?|Marowak-Alola, F|61/100
|move|p2a: Oh my STARS|Moonblast|p1a: Kyurem check?
|-resisted|p1a: Kyurem check?
|-damage|p1a: Kyurem check?|47/100
|
|upkeep
|turn|36
|
|t:|1617418875
|move|p1a: Kyurem check?|Knock Off|p2a: Oh my STARS
|-resisted|p2a: Oh my STARS
|-damage|p2a: Oh my STARS|91/100 par
|-enditem|p2a: Oh my STARS|Heavy-Duty Boots|[from] move: Knock Off|[of] p1a: Kyurem check?
|move|p2a: Oh my STARS|Moonblast|p1a: Kyurem check?
|-resisted|p1a: Kyurem check?
|-damage|p1a: Kyurem check?|35/100
|
|upkeep
|turn|37
|
|t:|1617418889
|switch|p1a: ur mom|Xatu, F|100/100
|switch|p2a: YOUR MOM|Slowbro, F, shiny|100/100 tox
|-damage|p2a: YOUR MOM|88/100 tox|[from] Stealth Rock
|
|-damage|p2a: YOUR MOM|82/100 tox|[from] psn
|upkeep
|turn|38
|
|t:|1617418894
|move|p1a: ur mom|Wish|p1a: ur mom
|move|p2a: YOUR MOM|Future Sight|p1a: ur mom
|-start|p2a: YOUR MOM|move: Future Sight
|
|-damage|p2a: YOUR MOM|70/100 tox|[from] psn
|upkeep
|turn|39
|
|t:|1617418901
|switch|p1a: Kyurem check?|Marowak-Alola, F|35/100
|move|p2a: YOUR MOM|Teleport|p2a: YOUR MOM
|
|t:|1617418921
|switch|p2a: Hey I'm bannable|Rillaboom, F, shiny|100/100|[from]move: Teleport
|-damage|p2a: Hey I'm bannable|88/100|[from] Stealth Rock
|-status|p2a: Hey I'm bannable|tox
|-fieldstart|move: Grassy Terrain|[from] ability: Grassy Surge|[of] p2a: Hey I'm bannable
|
|-heal|p1a: Kyurem check?|86/100|[from] move: Wish|[wisher] ur mom
|-heal|p2a: Hey I'm bannable|94/100 tox|[from] Grassy Terrain
|-heal|p1a: Kyurem check?|92/100|[from] Grassy Terrain
|-damage|p2a: Hey I'm bannable|88/100 tox|[from] psn
|upkeep
|turn|40
|
|t:|1617418928
|switch|p1a: NASTY!!!!!!!|Hydreigon, F|100/100
|move|p2a: Hey I'm bannable|Knock Off|p1a: NASTY!!!!!!!
|-resisted|p1a: NASTY!!!!!!!
|-damage|p1a: NASTY!!!!!!!|82/100
|-enditem|p1a: NASTY!!!!!!!|Leftovers|[from] move: Knock Off|[of] p2a: Hey I'm bannable
|
|-end|p1a: NASTY!!!!!!!|move: Future Sight
|-immune|p1a: NASTY!!!!!!!
|-heal|p2a: Hey I'm bannable|94/100 tox|[from] Grassy Terrain
|-damage|p2a: Hey I'm bannable|82/100 tox|[from] psn
|upkeep
|turn|41
|
|t:|1617418937
|switch|p2a: Oh my STARS|Clefable, F, shiny|91/100 par
|move|p1a: NASTY!!!!!!!|Dark Pulse|p2a: Oh my STARS
|-resisted|p2a: Oh my STARS
|-damage|p2a: Oh my STARS|79/100 par
|
|-heal|p2a: Oh my STARS|85/100 par|[from] Grassy Terrain
|upkeep
|turn|42
|
|t:|1617418946
|switch|p1a: Shifu gone!!!!|Toxapex, M|100/100
|switch|p2a: YOUR MOM|Slowbro, F, shiny|100/100 tox
|-damage|p2a: YOUR MOM|88/100 tox|[from] Stealth Rock
|
|-heal|p2a: YOUR MOM|94/100 tox|[from] Grassy Terrain
|-damage|p2a: YOUR MOM|88/100 tox|[from] psn
|-damage|p1a: Shifu gone!!!!|88/100|[from] item: Sticky Barb
|upkeep
|turn|43
|
|t:|1617418961
|switch|p1a: NASTY!!!!!!!|Hydreigon, F|82/100
|move|p2a: YOUR MOM|Future Sight|p1a: NASTY!!!!!!!
|-start|p2a: YOUR MOM|move: Future Sight
|
|-heal|p2a: YOUR MOM|94/100 tox|[from] Grassy Terrain
|-fieldend|move: Grassy Terrain
|-damage|p2a: YOUR MOM|82/100 tox|[from] psn
|upkeep
|turn|44
|
|t:|1617418968
|move|p1a: NASTY!!!!!!!|Dark Pulse|p2a: YOUR MOM
|-supereffective|p2a: YOUR MOM
|-damage|p2a: YOUR MOM|13/100 tox
|move|p2a: YOUR MOM|Teleport|p2a: YOUR MOM
|
|t:|1617418973
|switch|p2a: The Capitol|Kartana|78/100|[from]move: Teleport
|-damage|p2a: The Capitol|72/100|[from] Stealth Rock
|
|upkeep
|turn|45
|c|☆IM AT MY LIMIT|50/50 time
|
|t:|1617418999
|switch|p1a: Kyurem check?|Marowak-Alola, F|92/100
|move|p2a: The Capitol|Smart Strike|p1a: Kyurem check?
|-resisted|p1a: Kyurem check?
|-damage|p1a: Kyurem check?|56/100
|-damage|p2a: The Capitol|55/100|[from] item: Rocky Helmet|[of] p1a: Kyurem check?
|
|-end|p1a: Kyurem check?|move: Future Sight
|-damage|p1a: Kyurem check?|20/100
|upkeep
|turn|46
|
|t:|1617419008
|switch|p1a: Shifu gone!!!!|Toxapex, M|100/100
|move|p2a: The Capitol|Smart Strike|p1a: Shifu gone!!!!
|-resisted|p1a: Shifu gone!!!!
|-damage|p1a: Shifu gone!!!!|77/100
|
|-damage|p1a: Shifu gone!!!!|65/100|[from] item: Sticky Barb
|upkeep
|turn|47
|
|t:|1617419031
|switch|p2a: 1/6 2021|Heatran, F, shiny|95/100
|-damage|p2a: 1/6 2021|83/100|[from] Stealth Rock
|switch|p1a: ur mom|Xatu, F|100/100
|
|-heal|p2a: 1/6 2021|89/100|[from] item: Leftovers
|upkeep
|turn|48
|
|t:|1617419042
|switch|p1a: NASTY!!!!!!!|Hydreigon, F|82/100
|move|p2a: 1/6 2021|Magma Storm|p1a: NASTY!!!!!!!
|-resisted|p1a: NASTY!!!!!!!
|-damage|p1a: NASTY!!!!!!!|62/100
|-activate|p1a: NASTY!!!!!!!|move: Magma Storm|[of] p2a: 1/6 2021
|
|-heal|p2a: 1/6 2021|95/100|[from] item: Leftovers
|-damage|p1a: NASTY!!!!!!!|49/100|[from] move: Magma Storm|[partiallytrapped]
|upkeep
|turn|49
|
|t:|1617419052
|switch|p2a: Oh my STARS|Clefable, F, shiny|85/100 par
|move|p1a: NASTY!!!!!!!|Roost|p1a: NASTY!!!!!!!
|-heal|p1a: NASTY!!!!!!!|99/100
|-singleturn|p1a: NASTY!!!!!!!|move: Roost
|
|-end|p1a: NASTY!!!!!!!|Magma Storm|[partiallytrapped]|[silent]
|upkeep
|turn|50
|
|t:|1617419059
|switch|p1a: ur mom|Xatu, F|100/100
|move|p2a: Oh my STARS|Moonblast|p1a: ur mom
|-damage|p1a: ur mom|57/100
|-unboost|p1a: ur mom|spa|1
|
|-heal|p1a: ur mom|63/100|[from] item: Leftovers
|upkeep
|turn|51
|
|t:|1617419065
|move|p1a: ur mom|Wish|p1a: ur mom
|move|p2a: Oh my STARS|Moonblast|p1a: ur mom
|-damage|p1a: ur mom|18/100
|
|-heal|p1a: ur mom|24/100|[from] item: Leftovers
|upkeep
|turn|52
|
|t:|1617419070
|switch|p1a: Kyurem check?|Marowak-Alola, F|20/100
|move|p2a: Oh my STARS|Moonblast|p1a: Kyurem check?
|-resisted|p1a: Kyurem check?
|-damage|p1a: Kyurem check?|6/100
|-unboost|p1a: Kyurem check?|spa|1
|
|-heal|p1a: Kyurem check?|58/100|[from] move: Wish|[wisher] ur mom
|upkeep
|turn|53
|
|t:|1617419085
|switch|p1a: Shifu gone!!!!|Toxapex, M|98/100
|switch|p2a: 1/6 2021|Heatran, F, shiny|95/100
|-damage|p2a: 1/6 2021|83/100|[from] Stealth Rock
|
|-heal|p2a: 1/6 2021|89/100|[from] item: Leftovers
|-damage|p1a: Shifu gone!!!!|85/100|[from] item: Sticky Barb
|upkeep
|turn|54
|
|t:|1617419102
|switch|p2a: He's here.|Tornadus-Therian, M|100/100
|move|p1a: Shifu gone!!!!|Scald|p2a: He's here.
|-damage|p2a: He's here.|83/100
|-status|p2a: He's here.|brn
|
|-damage|p2a: He's here.|77/100 brn|[from] brn
|-damage|p1a: Shifu gone!!!!|73/100|[from] item: Sticky Barb
|upkeep
|turn|55
|c|☆OU make me yawn ¤|im playing bad today
|inactive|IM AT MY LIMIT has 270 seconds left.
|inactive|OU make me yawn ¤ has 270 seconds left.
|c|☆IM AT MY LIMIT|yeaaa
|
|t:|1617419151
|move|p2a: He's here.|Defog|p1a: Shifu gone!!!!
|-unboost|p1a: Shifu gone!!!!|evasion|1
|-sideend|p2: OU make me yawn ¤|Toxic Spikes|[from] move: Defog|[of] p2a: He's here.
|-sideend|p2: OU make me yawn ¤|Stealth Rock|[from] move: Defog|[of] p2a: He's here.
|move|p1a: Shifu gone!!!!|Toxic Spikes|p2a: He's here.
|-sidestart|p2: OU make me yawn ¤|move: Toxic Spikes
|
|-damage|p2a: He's here.|71/100 brn|[from] brn
|-damage|p1a: Shifu gone!!!!|60/100|[from] item: Sticky Barb
|upkeep
|turn|56
|
|t:|1617419166
|switch|p1a: ASS|Clefable, F|82/100
|move|p2a: He's here.|Hurricane|p1a: ASS
|-damage|p1a: ASS|43/100
|
|-damage|p2a: He's here.|65/100 brn|[from] brn
|upkeep
|turn|57
|
|t:|1617419175
|move|p2a: He's here.|Hurricane|p1a: ASS
|-damage|p1a: ASS|2/100
|move|p1a: ASS|Soft-Boiled|p1a: ASS
|-heal|p1a: ASS|52/100
|
|-damage|p2a: He's here.|59/100 brn|[from] brn
|upkeep
|turn|58
|
|t:|1617419184
|move|p2a: He's here.|Hurricane|p1a: ASS|[miss]
|-miss|p2a: He's here.|p1a: ASS
|move|p1a: ASS|Soft-Boiled|p1a: ASS
|-heal|p1a: ASS|100/100
|
|-damage|p2a: He's here.|53/100 brn|[from] brn
|upkeep
|turn|59
|inactive|IM AT MY LIMIT has 270 seconds left.
|
|t:|1617419190
|move|p2a: He's here.|U-turn|p1a: ASS
|-resisted|p1a: ASS
|-damage|p1a: ASS|98/100
|
|t:|1617419194
|switch|p2a: 1/6 2021|Heatran, F, shiny|89/100|[from]move: U-turn
|move|p1a: ASS|Moonblast|p2a: 1/6 2021
|-resisted|p2a: 1/6 2021
|-damage|p2a: 1/6 2021|84/100
|
|-heal|p2a: 1/6 2021|90/100|[from] item: Leftovers
|upkeep
|turn|60
|
|t:|1617419203
|switch|p1a: NASTY!!!!!!!|Hydreigon, F|99/100
|move|p2a: 1/6 2021|Stealth Rock|p1a: NASTY!!!!!!!
|-sidestart|p1: IM AT MY LIMIT|move: Stealth Rock
|
|-heal|p2a: 1/6 2021|96/100|[from] item: Leftovers
|upkeep
|turn|61
|
|t:|1617419211
|move|p1a: NASTY!!!!!!!|Defog|p2a: 1/6 2021
|-unboost|p2a: 1/6 2021|evasion|1
|-sideend|p2: OU make me yawn ¤|Toxic Spikes|[from] move: Defog|[of] p1a: NASTY!!!!!!!
|-sideend|p1: IM AT MY LIMIT|Stealth Rock|[from] move: Defog|[of] p1a: NASTY!!!!!!!
|move|p2a: 1/6 2021|Toxic|p1a: NASTY!!!!!!!
|-status|p1a: NASTY!!!!!!!|tox
|
|-heal|p2a: 1/6 2021|100/100|[from] item: Leftovers
|-damage|p1a: NASTY!!!!!!!|93/100 tox|[from] psn
|upkeep
|turn|62
|
|t:|1617419218
|switch|p1a: ASS|Clefable, F|98/100
|switch|p2a: Oh my STARS|Clefable, F, shiny|85/100 par
|
|upkeep
|turn|63
|
|t:|1617419228
|move|p1a: ASS|Heal Bell|p1a: ASS
|-activate|p1a: ASS|move: Heal Bell
|-curestatus|p1: NASTY!!!!!!!|tox|[msg]
|move|p2a: Oh my STARS|Trick|p1a: ASS
|-activate|p2a: Oh my STARS|move: Trick|[of] p1a: ASS
|-enditem|p1a: ASS|Heavy-Duty Boots|[silent]|[from] move: Trick
|-item|p2a: Oh my STARS|Heavy-Duty Boots|[from] move: Trick
|
|upkeep
|turn|64
|
|t:|1617419236
|switch|p1a: Kyurem check?|Marowak-Alola, F|58/100
|move|p2a: Oh my STARS|Thunder Wave|p1a: Kyurem check?
|-ability|p1a: Kyurem check?|Lightning Rod|boost
|-boost|p1a: Kyurem check?|spa|1
|
|upkeep
|turn|65
|
|t:|1617419243
|switch|p1a: Shifu gone!!!!|Toxapex, M|94/100
|move|p2a: Oh my STARS|Moonblast|p1a: Shifu gone!!!!
|-resisted|p1a: Shifu gone!!!!
|-crit|p1a: Shifu gone!!!!
|-damage|p1a: Shifu gone!!!!|73/100
|-unboost|p1a: Shifu gone!!!!|spa|1
|
|-damage|p1a: Shifu gone!!!!|60/100|[from] item: Sticky Barb
|upkeep
|turn|66
|
|t:|1617419254
|switch|p1a: ur mom|Xatu, F|24/100
|switch|p2a: YOUR MOM|Slowbro, F, shiny|46/100 tox
|
|-heal|p1a: ur mom|30/100|[from] item: Leftovers
|-damage|p2a: YOUR MOM|40/100 tox|[from] psn
|upkeep
|turn|67
|
|t:|1617419261
|move|p1a: ur mom|Roost|p1a: ur mom
|-heal|p1a: ur mom|80/100
|-singleturn|p1a: ur mom|move: Roost
|move|p2a: YOUR MOM|Future Sight|p1a: ur mom
|-start|p2a: YOUR MOM|move: Future Sight
|
|-heal|p1a: ur mom|86/100|[from] item: Leftovers
|-damage|p2a: YOUR MOM|28/100 tox|[from] psn
|upkeep
|turn|68
|
|t:|1617419266
|move|p1a: ur mom|Night Shade|p2a: YOUR MOM
|-damage|p2a: YOUR MOM|3/100 tox
|move|p2a: YOUR MOM|Teleport|p2a: YOUR MOM
|
|t:|1617419276
|switch|p2a: The Capitol|Kartana|55/100|[from]move: Teleport
|
|-heal|p1a: ur mom|92/100|[from] item: Leftovers
|upkeep
|turn|69
|
|t:|1617419284
|switch|p1a: NASTY!!!!!!!|Hydreigon, F|93/100
|move|p2a: The Capitol|Smart Strike|p1a: NASTY!!!!!!!
|-damage|p1a: NASTY!!!!!!!|35/100
|
|-end|p1a: NASTY!!!!!!!|move: Future Sight
|-immune|p1a: NASTY!!!!!!!
|upkeep
|turn|70
|
|t:|1617419300
|switch|p1a: Shifu gone!!!!|Toxapex, M|93/100
|move|p2a: The Capitol|Smart Strike|p1a: Shifu gone!!!!
|-resisted|p1a: Shifu gone!!!!
|-damage|p1a: Shifu gone!!!!|70/100
|
|-damage|p1a: Shifu gone!!!!|58/100|[from] item: Sticky Barb
|upkeep
|turn|71
|
|t:|1617419307
|switch|p2a: YOUR MOM|Slowbro, F, shiny|36/100 tox
|switch|p1a: NASTY!!!!!!!|Hydreigon, F|35/100
|
|-damage|p2a: YOUR MOM|30/100 tox|[from] psn
|upkeep
|turn|72
|
|t:|1617419315
|switch|p2a: Oh my STARS|Clefable, F, shiny|85/100 par
|move|p1a: NASTY!!!!!!!|Roost|p1a: NASTY!!!!!!!
|-heal|p1a: NASTY!!!!!!!|85/100
|-singleturn|p1a: NASTY!!!!!!!|move: Roost
|
|upkeep
|turn|73
|
|t:|1617419324
|switch|p1a: ur mom|Xatu, F|92/100
|move|p2a: Oh my STARS|Thunder Wave|p1a: ur mom
|move|p1a: ur mom|Thunder Wave|p2a: Oh my STARS|[from]ability: Magic Bounce
|-fail|p2a: Oh my STARS|par
|
|-heal|p1a: ur mom|98/100|[from] item: Leftovers
|upkeep
|turn|74
|inactive|OU make me yawn ¤ has 270 seconds left.
|inactive|IM AT MY LIMIT has 270 seconds left.
|
|t:|1617419362
|move|p1a: ur mom|Wish|p1a: ur mom
|cant|p2a: Oh my STARS|par
|
|-heal|p1a: ur mom|100/100|[from] item: Leftovers
|upkeep
|turn|75
|inactive|OU make me yawn ¤ has 270 seconds left.
|
|t:|1617419378
|switch|p1a: Kyurem check?|Marowak-Alola, F|58/100
|switch|p2a: YOUR MOM|Slowbro, F, shiny|63/100 tox
|
|-heal|p1a: Kyurem check?|100/100|[from] move: Wish|[wisher] ur mom
|-damage|p2a: YOUR MOM|57/100 tox|[from] psn
|upkeep
|turn|76
|
|t:|1617419388
|move|p1a: Kyurem check?|Stealth Rock|p2a: YOUR MOM
|-sidestart|p2: OU make me yawn ¤|move: Stealth Rock
|move|p2a: YOUR MOM|Teleport|p2a: YOUR MOM
|
|t:|1617419397
|switch|p2a: The Capitol|Kartana|55/100|[from]move: Teleport
|-damage|p2a: The Capitol|49/100|[from] Stealth Rock
|
|upkeep
|turn|77
|
|t:|1617419413
|switch|p1a: Shifu gone!!!!|Toxapex, M|91/100
|move|p2a: The Capitol|Leaf Blade|p1a: Shifu gone!!!!
|-damage|p1a: Shifu gone!!!!|29/100
|
|-damage|p1a: Shifu gone!!!!|17/100|[from] item: Sticky Barb
|upkeep
|turn|78
|
|t:|1617419419
|switch|p1a: Kyurem check?|Marowak-Alola, F|100/100
|move|p2a: The Capitol|Leaf Blade|p1a: Kyurem check?
|-resisted|p1a: Kyurem check?
|-damage|p1a: Kyurem check?|56/100
|-damage|p2a: The Capitol|32/100|[from] item: Rocky Helmet|[of] p1a: Kyurem check?
|
|upkeep
|turn|79
|inactive|OU make me yawn ¤ has 270 seconds left.
|
|t:|1617419440
|switch|p2a: He's here.|Tornadus-Therian, M|86/100 brn
|switch|p1a: Trolled|Avalugg, M|100/100
|
|-damage|p2a: He's here.|80/100 brn|[from] brn
|upkeep
|turn|80
|
|t:|1617419447
|move|p2a: He's here.|Defog|p1a: Trolled
|-unboost|p1a: Trolled|evasion|1
|-sideend|p2: OU make me yawn ¤|Stealth Rock|[from] move: Defog|[of] p2a: He's here.
|move|p1a: Trolled|Avalanche|p2a: He's here.
|-supereffective|p2a: He's here.
|-damage|p2a: He's here.|31/100 brn
|
|-damage|p2a: He's here.|25/100 brn|[from] brn
|upkeep
|turn|81
|
|t:|1617419457
|move|p2a: He's here.|U-turn|p1a: Trolled
|-damage|p1a: Trolled|97/100
|
|t:|1617419461
|switch|p2a: YOUR MOM|Slowbro, F, shiny|90/100 tox|[from]move: U-turn
|move|p1a: Trolled|Avalanche|p2a: YOUR MOM
|-resisted|p2a: YOUR MOM
|-damage|p2a: YOUR MOM|84/100 tox
|
|-damage|p2a: YOUR MOM|78/100 tox|[from] psn
|upkeep
|turn|82
|
|t:|1617419470
|switch|p1a: NASTY!!!!!!!|Hydreigon, F|85/100
|move|p2a: YOUR MOM|Teleport|p2a: YOUR MOM
|
|t:|1617419474
|switch|p2a: The Capitol|Kartana|32/100|[from]move: Teleport
|
|upkeep
|turn|83
|
|t:|1617419489
|switch|p2a: 1/6 2021|Heatran, F, shiny|100/100
|switch|p1a: Trolled|Avalugg, M|97/100
|
|upkeep
|turn|84
|
|t:|1617419496
|switch|p1a: NASTY!!!!!!!|Hydreigon, F|85/100
|move|p2a: 1/6 2021|Stealth Rock|p1a: NASTY!!!!!!!
|-sidestart|p1: IM AT MY LIMIT|move: Stealth Rock
|
|upkeep
|turn|85
|
|t:|1617419512
|move|p1a: NASTY!!!!!!!|Defog|p2a: 1/6 2021
|-unboost|p2a: 1/6 2021|evasion|1
|-sideend|p1: IM AT MY LIMIT|Stealth Rock|[from] move: Defog|[of] p1a: NASTY!!!!!!!
|move|p2a: 1/6 2021|Toxic|p1a: NASTY!!!!!!!
|-status|p1a: NASTY!!!!!!!|tox
|
|-damage|p1a: NASTY!!!!!!!|78/100 tox|[from] psn
|upkeep
|turn|86
|
|t:|1617419525
|switch|p2a: Oh my STARS|Clefable, F, shiny|85/100 par
|move|p1a: NASTY!!!!!!!|Earth Power|p2a: Oh my STARS
|-damage|p2a: Oh my STARS|67/100 par
|
|-damage|p1a: NASTY!!!!!!!|66/100 tox|[from] psn
|upkeep
|turn|87
|
|t:|1617419535
|switch|p1a: ASS|Clefable, F|98/100
|switch|p2a: 1/6 2021|Heatran, F, shiny|100/100
|
|upkeep
|turn|88
|
|t:|1617419542
|move|p2a: 1/6 2021|Taunt|p1a: ASS
|-start|p1a: ASS|move: Taunt
|cant|p1a: ASS|move: Taunt|Heal Bell
|
|upkeep
|turn|89
|
|t:|1617419552
|switch|p1a: NASTY!!!!!!!|Hydreigon, F|66/100 tox
|move|p2a: 1/6 2021|Stealth Rock|p1a: NASTY!!!!!!!
|-sidestart|p1: IM AT MY LIMIT|move: Stealth Rock
|
|-damage|p1a: NASTY!!!!!!!|60/100 tox|[from] psn
|upkeep
|turn|90
|c|☆IM AT MY LIMIT|I THREWWWWW
|inactive|OU make me yawn ¤ has 270 seconds left.
|
|t:|1617419592
|move|p1a: NASTY!!!!!!!|Roost|p1a: NASTY!!!!!!!
|-heal|p1a: NASTY!!!!!!!|100/100 tox
|-singleturn|p1a: NASTY!!!!!!!|move: Roost
|move|p2a: 1/6 2021|Magma Storm|p1a: NASTY!!!!!!!|[miss]
|-miss|p2a: 1/6 2021|p1a: NASTY!!!!!!!
|
|-damage|p1a: NASTY!!!!!!!|88/100 tox|[from] psn
|upkeep
|turn|91
|c|☆OU make me yawn ¤|:/
|c|☆IM AT MY LIMIT|thanks rng
|
|t:|1617419609
|switch|p2a: He's here.|Tornadus-Therian, M|58/100 brn
|move|p1a: NASTY!!!!!!!|Earth Power|p2a: He's here.
|-immune|p2a: He's here.
|
|-damage|p2a: He's here.|52/100 brn|[from] brn
|-damage|p1a: NASTY!!!!!!!|70/100 tox|[from] psn
|upkeep
|turn|92
|
|t:|1617419623
|move|p2a: He's here.|U-turn|p1a: NASTY!!!!!!!
|-supereffective|p1a: NASTY!!!!!!!
|-damage|p1a: NASTY!!!!!!!|59/100 tox
|
|t:|1617419629
|switch|p2a: The Capitol|Kartana|32/100|[from]move: U-turn
|move|p1a: NASTY!!!!!!!|Defog|p2a: The Capitol
|-unboost|p2a: The Capitol|evasion|1
|-sideend|p1: IM AT MY LIMIT|Stealth Rock|[from] move: Defog|[of] p1a: NASTY!!!!!!!
|
|-damage|p1a: NASTY!!!!!!!|34/100 tox|[from] psn
|upkeep
|turn|93
|inactive|OU make me yawn ¤ has 270 seconds left.
|inactive|IM AT MY LIMIT has 270 seconds left.
|
|t:|1617419658
|switch|p1a: Trolled|Avalugg, M|97/100
|move|p2a: The Capitol|Smart Strike|p1a: Trolled
|-supereffective|p1a: Trolled
|-damage|p1a: Trolled|32/100
|
|upkeep
|turn|94
|inactive|IM AT MY LIMIT has 270 seconds left.
|inactive|OU make me yawn ¤ has 240 seconds left.
|
|t:|1617419683
|switch|p1a: Shifu gone!!!!|Toxapex, M|50/100
|move|p2a: The Capitol|Smart Strike|p1a: Shifu gone!!!!
|-resisted|p1a: Shifu gone!!!!
|-damage|p1a: Shifu gone!!!!|26/100
|
|-damage|p1a: Shifu gone!!!!|13/100|[from] item: Sticky Barb
|upkeep
|turn|95
|inactive|IM AT MY LIMIT has 270 seconds left.
|
|t:|1617419693
|move|p2a: The Capitol|Smart Strike|p1a: Shifu gone!!!!
|-resisted|p1a: Shifu gone!!!!
|-damage|p1a: Shifu gone!!!!|0 fnt
|faint|p1a: Shifu gone!!!!
|-ability|p2a: The Capitol|Beast Boost|boost
|-boost|p2a: The Capitol|atk|1
|
|upkeep
|inactive|IM AT MY LIMIT has 270 seconds left.
|
|t:|1617419702
|switch|p1a: Kyurem check?|Marowak-Alola, F|56/100
|turn|96
|inactive|IM AT MY LIMIT has 270 seconds left.
|
|t:|1617419713
|switch|p2a: YOUR MOM|Slowbro, F, shiny|100/100 tox
|switch|p1a: NASTY!!!!!!!|Hydreigon, F|34/100 tox
|
|-damage|p1a: NASTY!!!!!!!|28/100 tox|[from] psn
|-damage|p2a: YOUR MOM|94/100 tox|[from] psn
|upkeep
|turn|97
|
|t:|1617419730
|switch|p2a: Oh my STARS|Clefable, F, shiny|67/100 par
|move|p1a: NASTY!!!!!!!|Roost|p1a: NASTY!!!!!!!
|-heal|p1a: NASTY!!!!!!!|78/100 tox
|-singleturn|p1a: NASTY!!!!!!!|move: Roost
|
|-damage|p1a: NASTY!!!!!!!|65/100 tox|[from] psn
|upkeep
|turn|98
|
|t:|1617419741
|switch|p1a: ASS|Clefable, F|98/100
|cant|p2a: Oh my STARS|par
|
|upkeep
|turn|99
|c|☆OU make me yawn ¤|://///////////
|inactive|OU make me yawn ¤ has 240 seconds left.
|
|t:|1617419762
|move|p1a: ASS|Heal Bell|p1a: ASS
|-activate|p1a: ASS|move: Heal Bell
|-curestatus|p1: NASTY!!!!!!!|tox|[msg]
|move|p2a: Oh my STARS|Thunder Wave|p1a: ASS
|-status|p1a: ASS|par
|
|upkeep
|turn|100
|inactive|OU make me yawn ¤ has 240 seconds left.
|
|t:|1617419775
|switch|p1a: ur mom|Xatu, F|100/100
|switch|p2a: 1/6 2021|Heatran, F, shiny|100/100
|
|upkeep
|turn|101
|
|t:|1617419782
|switch|p1a: NASTY!!!!!!!|Hydreigon, F|65/100
|move|p2a: 1/6 2021|Magma Storm|p1a: NASTY!!!!!!!|[miss]
|-miss|p2a: 1/6 2021|p1a: NASTY!!!!!!!
|
|upkeep
|turn|102
|c|☆OU make me yawn ¤|are you serious
|inactive|OU make me yawn ¤ has 240 seconds left.
|
|t:|1617419802
|switch|p2a: He's here.|Tornadus-Therian, M|85/100 brn
|move|p1a: NASTY!!!!!!!|Roost|p1a: NASTY!!!!!!!
|-heal|p1a: NASTY!!!!!!!|100/100
|-singleturn|p1a: NASTY!!!!!!!|move: Roost
|
|-damage|p2a: He's here.|79/100 brn|[from] brn
|upkeep
|turn|103
|
|t:|1617419811
|move|p2a: He's here.|U-turn|p1a: NASTY!!!!!!!
|-supereffective|p1a: NASTY!!!!!!!
|-damage|p1a: NASTY!!!!!!!|89/100
|
|t:|1617419815
|switch|p2a: Oh my STARS|Clefable, F, shiny|67/100 par|[from]move: U-turn
|move|p1a: NASTY!!!!!!!|Dark Pulse|p2a: Oh my STARS
|-resisted|p2a: Oh my STARS
|-damage|p2a: Oh my STARS|53/100 par
|
|upkeep
|turn|104
|
|t:|1617419838
|switch|p1a: ur mom|Xatu, F|100/100
|move|p2a: Oh my STARS|Soft-Boiled|p2a: Oh my STARS
|-heal|p2a: Oh my STARS|100/100 par
|
|upkeep
|turn|105
|inactive|OU make me yawn ¤ has 270 seconds left.
|
|t:|1617419852
|switch|p2a: The Capitol|Kartana|32/100
|move|p1a: ur mom|Wish|p1a: ur mom
|
|upkeep
|turn|106
|inactive|OU make me yawn ¤ has 270 seconds left.
|
|t:|1617419863
|switch|p1a: Trolled|Avalugg, M|32/100
|move|p2a: The Capitol|Knock Off|p1a: Trolled
|-damage|p1a: Trolled|4/100
|-enditem|p1a: Trolled|Heavy-Duty Boots|[from] move: Knock Off|[of] p2a: The Capitol
|
|-heal|p1a: Trolled|47/100|[from] move: Wish|[wisher] ur mom
|upkeep
|turn|107
|inactive|OU make me yawn ¤ has 270 seconds left.
|
|t:|1617419876
|switch|p2a: YOUR MOM|Slowbro, F, shiny|100/100 tox
|move|p1a: Trolled|Recover|p1a: Trolled
|-heal|p1a: Trolled|97/100
|
|-damage|p2a: YOUR MOM|94/100 tox|[from] psn
|upkeep
|turn|108
|
|t:|1617419882
|switch|p1a: ur mom|Xatu, F|100/100
|move|p2a: YOUR MOM|Teleport|p2a: YOUR MOM
|
|t:|1617419889
|switch|p2a: The Capitol|Kartana|32/100|[from]move: Teleport
|
|upkeep
|turn|109
|inactive|OU make me yawn ¤ has 270 seconds left.
|inactive|IM AT MY LIMIT has 270 seconds left.
|inactive|OU make me yawn ¤ has 240 seconds left.
|c|☆IM AT MY LIMIT|FUCKKK
|inactive|IM AT MY LIMIT has 240 seconds left.
|c|☆IM AT MY LIMIT|what do i even do here
|
|t:|1617419962
|move|p2a: The Capitol|Smart Strike|p1a: ur mom
|-damage|p1a: ur mom|32/100
|move|p1a: ur mom|Roost|p1a: ur mom
|-heal|p1a: ur mom|82/100
|-singleturn|p1a: ur mom|move: Roost
|
|-heal|p1a: ur mom|88/100|[from] item: Leftovers
|upkeep
|turn|110
|inactive|IM AT MY LIMIT has 240 seconds left.
|inactive|OU make me yawn ¤ has 240 seconds left.
|
|t:|1617419990
|switch|p2a: YOUR MOM|Slowbro, F, shiny|100/100 tox
|move|p1a: ur mom|Roost|p1a: ur mom
|-heal|p1a: ur mom|100/100
|-singleturn|p1a: ur mom|move: Roost
|
|-damage|p2a: YOUR MOM|94/100 tox|[from] psn
|upkeep
|turn|111
|
|t:|1617419998
|move|p1a: ur mom|Wish|p1a: ur mom
|move|p2a: YOUR MOM|Future Sight|p1a: ur mom
|-start|p2a: YOUR MOM|move: Future Sight
|
|-damage|p2a: YOUR MOM|82/100 tox|[from] psn
|upkeep
|turn|112
|
|t:|1617420003
|move|p1a: ur mom|Teleport|p1a: ur mom
|
|t:|1617420005
|switch|p1a: Kyurem check?|Marowak-Alola, F|56/100|[from]move: Teleport
|move|p2a: YOUR MOM|Teleport|p2a: YOUR MOM
|
|t:|1617420016
|switch|p2a: The Capitol|Kartana|32/100|[from]move: Teleport
|
|-heal|p1a: Kyurem check?|100/100|[from] move: Wish|[wisher] ur mom
|upkeep
|turn|113
|inactive|IM AT MY LIMIT has 240 seconds left.
|c|☆IM AT MY LIMIT|another 50/50
|inactive|IM AT MY LIMIT has 210 seconds left.
|inactive|OU make me yawn ¤ has 240 seconds left.
|
|t:|1617420076
|switch|p1a: ur mom|Xatu, F|100/100
|move|p2a: The Capitol|Sacred Sword|p1a: ur mom
|-resisted|p1a: ur mom
|-damage|p1a: ur mom|86/100
|
|-end|p1a: ur mom|move: Future Sight
|-resisted|p1a: ur mom
|-damage|p1a: ur mom|59/100
|-heal|p1a: ur mom|65/100|[from] item: Leftovers
|upkeep
|turn|114
|
|t:|1617420086
|switch|p2a: Hey I'm bannable|Rillaboom, F, shiny|82/100 tox
|-fieldstart|move: Grassy Terrain|[from] ability: Grassy Surge|[of] p2a: Hey I'm bannable
|move|p1a: ur mom|Roost|p1a: ur mom
|-heal|p1a: ur mom|100/100
|-singleturn|p1a: ur mom|move: Roost
|
|-heal|p2a: Hey I'm bannable|88/100 tox|[from] Grassy Terrain
|-damage|p2a: Hey I'm bannable|82/100 tox|[from] psn
|upkeep
|turn|115
|
|t:|1617420096
|switch|p1a: Trolled|Avalugg, M|97/100
|move|p2a: Hey I'm bannable|U-turn|p1a: Trolled
|-damage|p1a: Trolled|82/100
|
|t:|1617420104
|switch|p2a: 1/6 2021|Heatran, F, shiny|100/100|[from]move: U-turn
|
|-heal|p1a: Trolled|88/100|[from] Grassy Terrain
|upkeep
|turn|116
|
|t:|1617420109
|switch|p1a: NASTY!!!!!!!|Hydreigon, F|89/100
|move|p2a: 1/6 2021|Stealth Rock|p1a: NASTY!!!!!!!
|-sidestart|p1: IM AT MY LIMIT|move: Stealth Rock
|
|upkeep
|turn|117
|
|t:|1617420116
|move|p1a: NASTY!!!!!!!|Earth Power|p2a: 1/6 2021
|-supereffective|p2a: 1/6 2021
|-damage|p2a: 1/6 2021|29/100
|move|p2a: 1/6 2021|Toxic|p1a: NASTY!!!!!!!
|-status|p1a: NASTY!!!!!!!|tox
|
|-heal|p2a: 1/6 2021|35/100|[from] Grassy Terrain
|-heal|p2a: 1/6 2021|41/100|[from] item: Leftovers
|-damage|p1a: NASTY!!!!!!!|83/100 tox|[from] psn
|upkeep
|turn|118
|inactive|OU make me yawn ¤ has 270 seconds left.
|inactive|IM AT MY LIMIT has 210 seconds left.
|
|t:|1617420147
|switch|p2a: Oh my STARS|Clefable, F, shiny|100/100 par
|move|p1a: NASTY!!!!!!!|Defog|p2a: Oh my STARS
|-unboost|p2a: Oh my STARS|evasion|1
|-sideend|p1: IM AT MY LIMIT|Stealth Rock|[from] move: Defog|[of] p1a: NASTY!!!!!!!
|-fieldend|move: Grassy Terrain
|
|-damage|p1a: NASTY!!!!!!!|71/100 tox|[from] psn
|upkeep
|turn|119
|inactive|IM AT MY LIMIT has 210 seconds left.
|inactive|OU make me yawn ¤ has 270 seconds left.
|
|t:|1617420176
|switch|p1a: ASS|Clefable, F|98/100 par
|switch|p2a: The Capitol|Kartana|32/100
|
|upkeep
|turn|120
|
|t:|1617420197
|switch|p1a: Kyurem check?|Marowak-Alola, F|100/100
|move|p2a: The Capitol|Leaf Blade|p1a: Kyurem check?
|-resisted|p1a: Kyurem check?
|-damage|p1a: Kyurem check?|50/100
|-damage|p2a: The Capitol|16/100|[from] item: Rocky Helmet|[of] p1a: Kyurem check?
|
|upkeep
|turn|121
|c|☆IM AT MY LIMIT|HOLY SHIT
|inactive|IM AT MY LIMIT has 180 seconds left.
|inactive|OU make me yawn ¤ has 240 seconds left.
|c|☆OU make me yawn ¤|LOL
|
|t:|1617420226
|switch|p2a: YOUR MOM|Slowbro, F, shiny|100/100 tox
|move|p1a: Kyurem check?|Knock Off|p2a: YOUR MOM
|-supereffective|p2a: YOUR MOM
|-damage|p2a: YOUR MOM|87/100 tox
|
|-damage|p2a: YOUR MOM|81/100 tox|[from] psn
|upkeep
|turn|122
|inactive|IM AT MY LIMIT has 180 seconds left.
|inactive|OU make me yawn ¤ has 240 seconds left.
|
|t:|1617420249
|switch|p1a: NASTY!!!!!!!|Hydreigon, F|71/100 tox
|move|p2a: YOUR MOM|Teleport|p2a: YOUR MOM
|
|t:|1617420258
|switch|p2a: Hey I'm bannable|Rillaboom, F, shiny|82/100 tox|[from]move: Teleport
|-fieldstart|move: Grassy Terrain|[from] ability: Grassy Surge|[of] p2a: Hey I'm bannable
|
|-heal|p2a: Hey I'm bannable|88/100 tox|[from] Grassy Terrain
|-damage|p2a: Hey I'm bannable|82/100 tox|[from] psn
|-damage|p1a: NASTY!!!!!!!|65/100 tox|[from] psn
|upkeep
|turn|123
|inactive|IM AT MY LIMIT has 180 seconds left.
|
|t:|1617420265
|switch|p1a: Kyurem check?|Marowak-Alola, F|50/100
|move|p2a: Hey I'm bannable|U-turn|p1a: Kyurem check?
|-resisted|p1a: Kyurem check?
|-damage|p1a: Kyurem check?|40/100
|-damage|p2a: Hey I'm bannable|66/100 tox|[from] item: Rocky Helmet|[of] p1a: Kyurem check?
|
|t:|1617420271
|switch|p2a: He's here.|Tornadus-Therian, M|100/100 brn|[from]move: U-turn
|
|-heal|p1a: Kyurem check?|46/100|[from] Grassy Terrain
|-damage|p2a: He's here.|94/100 brn|[from] brn
|upkeep
|turn|124
|
|t:|1617420284
|switch|p1a: ASS|Clefable, F|98/100 par
|move|p2a: He's here.|U-turn|p1a: ASS
|-resisted|p1a: ASS
|-damage|p1a: ASS|95/100 par
|
|t:|1617420289
|switch|p2a: 1/6 2021|Heatran, F, shiny|41/100|[from]move: U-turn
|
|-heal|p2a: 1/6 2021|48/100|[from] Grassy Terrain
|-heal|p2a: 1/6 2021|54/100|[from] item: Leftovers
|-heal|p1a: ASS|100/100 par|[from] Grassy Terrain
|upkeep
|turn|125
|
|t:|1617420300
|switch|p1a: NASTY!!!!!!!|Hydreigon, F|65/100 tox
|move|p2a: 1/6 2021|Stealth Rock|p1a: NASTY!!!!!!!
|-sidestart|p1: IM AT MY LIMIT|move: Stealth Rock
|
|-heal|p2a: 1/6 2021|60/100|[from] Grassy Terrain
|-heal|p2a: 1/6 2021|66/100|[from] item: Leftovers
|-damage|p1a: NASTY!!!!!!!|58/100 tox|[from] psn
|upkeep
|turn|126
|
|t:|1617420317
|move|p1a: NASTY!!!!!!!|Defog|p2a: 1/6 2021
|-unboost|p2a: 1/6 2021|evasion|1
|-sideend|p1: IM AT MY LIMIT|Stealth Rock|[from] move: Defog|[of] p1a: NASTY!!!!!!!
|-fieldend|move: Grassy Terrain
|move|p2a: 1/6 2021|Magma Storm|p1a: NASTY!!!!!!!
|-resisted|p1a: NASTY!!!!!!!
|-damage|p1a: NASTY!!!!!!!|38/100 tox
|-activate|p1a: NASTY!!!!!!!|move: Magma Storm|[of] p2a: 1/6 2021
|
|-heal|p2a: 1/6 2021|73/100|[from] item: Leftovers
|-damage|p1a: NASTY!!!!!!!|26/100 tox|[from] psn
|-damage|p1a: NASTY!!!!!!!|14/100 tox|[from] move: Magma Storm|[partiallytrapped]
|upkeep
|turn|127
|c|☆OU make me yawn ¤|FINALLY
|
|t:|1617420335
|move|p1a: NASTY!!!!!!!|Roost|p1a: NASTY!!!!!!!
|-heal|p1a: NASTY!!!!!!!|64/100 tox
|-singleturn|p1a: NASTY!!!!!!!|move: Roost
|move|p2a: 1/6 2021|Stealth Rock|p1a: NASTY!!!!!!!
|-sidestart|p1: IM AT MY LIMIT|move: Stealth Rock
|
|-heal|p2a: 1/6 2021|79/100|[from] item: Leftovers
|-damage|p1a: NASTY!!!!!!!|45/100 tox|[from] psn
|-damage|p1a: NASTY!!!!!!!|33/100 tox|[from] move: Magma Storm|[partiallytrapped]
|upkeep
|turn|128
|inactive|IM AT MY LIMIT has 180 seconds left.
|inactive|OU make me yawn ¤ has 240 seconds left.
|
|t:|1617420371
|switch|p2a: Hey I'm bannable|Rillaboom, F, shiny|66/100 tox
|-fieldstart|move: Grassy Terrain|[from] ability: Grassy Surge|[of] p2a: Hey I'm bannable
|move|p1a: NASTY!!!!!!!|Earth Power|p2a: Hey I'm bannable
|-resisted|p2a: Hey I'm bannable
|-damage|p2a: Hey I'm bannable|50/100 tox
|-unboost|p2a: Hey I'm bannable|spd|1
|
|-heal|p2a: Hey I'm bannable|57/100 tox|[from] Grassy Terrain
|-damage|p2a: Hey I'm bannable|50/100 tox|[from] psn
|-damage|p1a: NASTY!!!!!!!|8/100 tox|[from] psn
|-end|p1a: NASTY!!!!!!!|Magma Storm|[partiallytrapped]|[silent]
|upkeep
|turn|129
|c|☆IM AT MY LIMIT|fuck
|c|☆IM AT MY LIMIT|FUCKK
|inactive|IM AT MY LIMIT has 150 seconds left.
|
|t:|1617420416
|switch|p1a: Trolled|Avalugg, M|88/100
|-damage|p1a: Trolled|63/100|[from] Stealth Rock
|move|p2a: Hey I'm bannable|U-turn|p1a: Trolled
|-damage|p1a: Trolled|46/100
|inactive|OU make me yawn ¤ has 210 seconds left.
|
|t:|1617420430
|switch|p2a: The Capitol|Kartana|16/100|[from]move: U-turn
|
|-heal|p2a: The Capitol|22/100|[from] Grassy Terrain
|-heal|p1a: Trolled|52/100|[from] Grassy Terrain
|upkeep
|turn|130
|
|t:|1617420437
|switch|p1a: ur mom|Xatu, F|100/100
|-damage|p1a: ur mom|76/100|[from] Stealth Rock
|move|p2a: The Capitol|Smart Strike|p1a: ur mom
|-damage|p1a: ur mom|5/100
|
|-heal|p2a: The Capitol|28/100|[from] Grassy Terrain
|-heal|p1a: ur mom|11/100|[from] item: Leftovers
|upkeep
|turn|131
|
|t:|1617420452
|move|p2a: The Capitol|Smart Strike|p1a: ur mom
|-damage|p1a: ur mom|0 fnt
|faint|p1a: ur mom
|-ability|p2a: The Capitol|Beast Boost|boost
|-boost|p2a: The Capitol|atk|1
|
|-heal|p2a: The Capitol|34/100|[from] Grassy Terrain
|upkeep
|c|☆OU make me yawn ¤|gg
|c|☆IM AT MY LIMIT|hate this gamw
|c|☆IM AT MY LIMIT|I could have won
|c|☆IM AT MY LIMIT|i threw too many times tho
|inactive|IM AT MY LIMIT has 120 seconds left.
|c|☆OU make me yawn ¤|ye it was close
|
|t:|1617420487
|switch|p1a: Kyurem check?|Marowak-Alola, F|46/100
|-damage|p1a: Kyurem check?|21/100|[from] Stealth Rock
|turn|132
|
|t:|1617420492
|move|p2a: The Capitol|Smart Strike|p1a: Kyurem check?
|-resisted|p1a: Kyurem check?
|-damage|p1a: Kyurem check?|0 fnt
|-damage|p2a: The Capitol|17/100|[from] item: Rocky Helmet|[of] p1a: Kyurem check?
|faint|p1a: Kyurem check?
|-ability|p2a: The Capitol|Beast Boost|boost
|-boost|p2a: The Capitol|atk|1
|
|-heal|p2a: The Capitol|24/100|[from] Grassy Terrain
|-fieldend|move: Grassy Terrain
|upkeep
|inactive|IM AT MY LIMIT has 120 seconds left.
|
|t:|1617420504
|switch|p1a: NASTY!!!!!!!|Hydreigon, F|8/100 tox
|-damage|p1a: NASTY!!!!!!!|0 fnt|[from] Stealth Rock
|faint|p1a: NASTY!!!!!!!
|
|t:|1617420507
|switch|p1a: Trolled|Avalugg, M|52/100
|-damage|p1a: Trolled|27/100|[from] Stealth Rock
|turn|133
|
|t:|1617420512
|move|p2a: The Capitol|Smart Strike|p1a: Trolled
|-supereffective|p1a: Trolled
|-damage|p1a: Trolled|0 fnt
|faint|p1a: Trolled
|-ability|p2a: The Capitol|Beast Boost|boost
|-boost|p2a: The Capitol|atk|1
|
|upkeep
|
|t:|1617420516
|switch|p1a: ASS|Clefable, F|100/100 par
|-damage|p1a: ASS|88/100 par|[from] Stealth Rock
|turn|134
|
|t:|1617420521
|move|p2a: The Capitol|Smart Strike|p1a: ASS
|-supereffective|p1a: ASS
|-damage|p1a: ASS|0 fnt
|faint|p1a: ASS
|
|win|OU make me yawn ¤
