|j|☆Holiss77
|j|☆NeoNaruto®++
|t:|1639613559
|gametype|singles
|player|p1|Holiss77|gentleman-gen4|1659
|player|p2|NeoNaruto®++|medium|1725
|teamsize|p1|6
|teamsize|p2|6
|gen|8
|tier|[Gen 8] OU
|rated|
|rule|Sleep Clause Mod: Limit one foe put to sleep
|rule|Species Clause: Limit one of each Pokémon
|rule|OHKO Clause: OHKO moves are banned
|rule|Evasion Moves Clause: Evasion moves are banned
|rule|Endless Battle Clause: Forcing endless battles is banned
|rule|HP Percentage Mod: HP is shown in percentages
|rule|Dynamax Clause: You cannot dynamax
|clearpoke
|poke|p1|Kartana|
|poke|p1|Heatran, M|
|poke|p1|Rillaboom, M|
|poke|p1|Magnezone|
|poke|p1|Landorus-Therian, M|
|poke|p1|Garchomp, F|
|poke|p2|Landorus-Therian, M|
|poke|p2|Slowbro, M|
|poke|p2|Tapu Koko|
|poke|p2|Dragonite, M|
|poke|p2|Darmanitan, M|
|poke|p2|Tyranitar, F|
|teampreview
|inactive|Battle timer is ON: inactive players will automatically lose when time's up. (requested by NeoNaruto®++)
|inactive|Holiss77 also wants the timer to be on.
|
|t:|1639613573
|start
|switch|p1a: Russel|Rillaboom, M|100/100
|switch|p2a: Bernie Landers|Landorus-Therian, M|100/100
|-fieldstart|move: Grassy Terrain|[from] ability: Grassy Surge|[of] p1a: Russel
|-ability|p2a: Bernie Landers|Intimidate|boost
|-unboost|p1a: Russel|atk|1
|turn|1
|
|t:|1639613577
|switch|p1a: Garchomp|Garchomp, F|100/100
|move|p2a: Bernie Landers|Stealth Rock|p1a: Garchomp
|-sidestart|p1: Holiss77|move: Stealth Rock
|
|upkeep
|turn|2
|
|t:|1639613583
|move|p1a: Garchomp|Swords Dance|p1a: Garchomp
|-boost|p1a: Garchomp|atk|2
|move|p2a: Bernie Landers|Knock Off|p1a: Garchomp
|-damage|p1a: Garchomp|68/100
|-damage|p2a: Bernie Landers|88/100|[from] ability: Rough Skin|[of] p1a: Garchomp
|-damage|p2a: Bernie Landers|72/100|[from] item: Rocky Helmet|[of] p1a: Garchomp
|-enditem|p1a: Garchomp|Rocky Helmet|[from] move: Knock Off|[of] p2a: Bernie Landers
|
|-heal|p1a: Garchomp|74/100|[from] Grassy Terrain
|upkeep
|turn|3
|
|t:|1639613595
|switch|p2a: Tapu Koko|Tapu Koko|100/100
|-fieldstart|move: Electric Terrain|[from] ability: Electric Surge|[of] p2a: Tapu Koko
|move|p1a: Garchomp|Scale Shot|p2a: Tapu Koko
|-immune|p2a: Tapu Koko
|
|upkeep
|turn|4
|
|t:|1639613599
|switch|p1a: Magnezone|Magnezone, shiny|100/100
|-damage|p1a: Magnezone|94/100|[from] Stealth Rock
|move|p2a: Tapu Koko|Dazzling Gleam|p1a: Magnezone
|-resisted|p1a: Magnezone
|-damage|p1a: Magnezone|58/100
|
|upkeep
|turn|5
|
|t:|1639613605
|switch|p2a: VODECi|Tyranitar, F|100/100
|-weather|Sandstorm|[from] ability: Sand Stream|[of] p2a: VODECi
|move|p1a: Magnezone|Flash Cannon|p2a: VODECi
|-supereffective|p2a: VODECi
|-damage|p2a: VODECi|57/100
|
|-weather|Sandstorm|[upkeep]
|upkeep
|turn|6
|
|t:|1639613611
|switch|p1a: Landorus|Landorus-Therian, M|100/100
|-damage|p1a: Landorus|88/100|[from] Stealth Rock
|-ability|p1a: Landorus|Intimidate|boost
|-unboost|p2a: VODECi|atk|1
|move|p2a: VODECi|Fire Blast|p1a: Landorus
|-damage|p1a: Landorus|52/100
|
|-weather|Sandstorm|[upkeep]
|upkeep
|turn|7
|
|t:|1639613616
|switch|p2a: spvceghvstpvrrp|Slowbro, M, shiny|100/100
|move|p1a: Landorus|Stealth Rock|p2a: spvceghvstpvrrp
|-sidestart|p2: NeoNaruto®++|move: Stealth Rock
|
|-weather|Sandstorm|[upkeep]
|-damage|p2a: spvceghvstpvrrp|94/100|[from] Sandstorm
|-fieldend|move: Electric Terrain
|upkeep
|turn|8
|
|t:|1639613623
|move|p1a: Landorus|U-turn|p2a: spvceghvstpvrrp
|-supereffective|p2a: spvceghvstpvrrp
|-damage|p2a: spvceghvstpvrrp|61/100
|-damage|p1a: Landorus|36/100|[from] item: Rocky Helmet|[of] p2a: spvceghvstpvrrp
|
|t:|1639613638
|switch|p1a: Magnezone|Magnezone, shiny|58/100|[from]move: U-turn
|-damage|p1a: Magnezone|52/100|[from] Stealth Rock
|move|p2a: spvceghvstpvrrp|Scald|p1a: Magnezone
|-damage|p1a: Magnezone|15/100
|-status|p1a: Magnezone|brn
|
|-weather|Sandstorm|[upkeep]
|-damage|p2a: spvceghvstpvrrp|55/100|[from] Sandstorm
|-damage|p1a: Magnezone|9/100 brn|[from] brn
|upkeep
|turn|9
|inactive|Holiss77 has 120 seconds left.
|
|t:|1639613670
|switch|p2a: VODECi|Tyranitar, F|57/100
|-damage|p2a: VODECi|45/100|[from] Stealth Rock
|move|p1a: Magnezone|Flash Cannon|p2a: VODECi
|-supereffective|p2a: VODECi
|-damage|p2a: VODECi|2/100
|
|-weather|none
|-damage|p1a: Magnezone|3/100 brn|[from] brn
|upkeep
|turn|10
|
|t:|1639613687
|move|p1a: Magnezone|Flash Cannon|p2a: VODECi
|-supereffective|p2a: VODECi
|-damage|p2a: VODECi|0 fnt
|faint|p2a: VODECi
|
|-damage|p1a: Magnezone|0 fnt|[from] brn
|faint|p1a: Magnezone
|upkeep
|inactive|Holiss77 has 120 seconds left.
|
|t:|1639613714
|switch|p1a: Landorus|Landorus-Therian, M|36/100
|switch|p2a: Tapu Koko|Tapu Koko|100/100
|-damage|p2a: Tapu Koko|88/100|[from] Stealth Rock
|-fieldstart|move: Electric Terrain|[from] ability: Electric Surge|[of] p2a: Tapu Koko
|-damage|p1a: Landorus|23/100|[from] Stealth Rock
|-ability|p1a: Landorus|Intimidate|boost
|-unboost|p2a: Tapu Koko|atk|1
|turn|11
|inactive|Holiss77 has 120 seconds left.
|
|t:|1639613729
|switch|p1a: Russel|Rillaboom, M|100/100
|-damage|p1a: Russel|88/100|[from] Stealth Rock
|-fieldstart|move: Grassy Terrain|[from] ability: Grassy Surge|[of] p1a: Russel
|move|p2a: Tapu Koko|Dazzling Gleam|p1a: Russel
|-damage|p1a: Russel|14/100
|
|-heal|p2a: Tapu Koko|94/100|[from] Grassy Terrain
|-heal|p1a: Russel|20/100|[from] Grassy Terrain
|upkeep
|turn|12
|
|t:|1639613735
|switch|p2a: spvceghvstpvrrp|Slowbro, M, shiny|88/100
|-damage|p2a: spvceghvstpvrrp|76/100|[from] Stealth Rock
|move|p1a: Russel|Grassy Glide|p2a: spvceghvstpvrrp
|-supereffective|p2a: spvceghvstpvrrp
|-damage|p2a: spvceghvstpvrrp|19/100
|-damage|p1a: Russel|4/100|[from] item: Rocky Helmet|[of] p2a: spvceghvstpvrrp
|
|-heal|p1a: Russel|10/100|[from] Grassy Terrain
|-heal|p2a: spvceghvstpvrrp|25/100|[from] Grassy Terrain
|upkeep
|turn|13
|inactive|Holiss77 has 120 seconds left.
|
|t:|1639613774
|move|p1a: Russel|Knock Off|p2a: spvceghvstpvrrp
|-supereffective|p2a: spvceghvstpvrrp
|-damage|p2a: spvceghvstpvrrp|0 fnt
|-damage|p1a: Russel|0 fnt|[from] item: Rocky Helmet|[of] p2a: spvceghvstpvrrp
|faint|p2a: spvceghvstpvrrp
|faint|p1a: Russel
|
|upkeep
|
|t:|1639613791
|switch|p1a: Garchomp|Garchomp, F|74/100
|switch|p2a: PURRP FOR SALE|Darmanitan, M|100/100
|-damage|p1a: Garchomp|68/100|[from] Stealth Rock
|-damage|p2a: PURRP FOR SALE|76/100|[from] Stealth Rock
|turn|14
|
|t:|1639613810
|move|p1a: Garchomp|Swords Dance|p1a: Garchomp
|-boost|p1a: Garchomp|atk|2
|move|p2a: PURRP FOR SALE|Flare Blitz|p1a: Garchomp
|-resisted|p1a: Garchomp
|-damage|p1a: Garchomp|2/100
|-damage|p2a: PURRP FOR SALE|63/100|[from] ability: Rough Skin|[of] p1a: Garchomp
|-damage|p2a: PURRP FOR SALE|41/100|[from] Recoil
|
|-heal|p1a: Garchomp|8/100|[from] Grassy Terrain
|-heal|p2a: PURRP FOR SALE|47/100|[from] Grassy Terrain
|upkeep
|turn|15
|inactive|Holiss77 has 90 seconds left.
|
|t:|1639613826
|switch|p2a: Tapu Koko|Tapu Koko|94/100
|-damage|p2a: Tapu Koko|82/100|[from] Stealth Rock
|-fieldstart|move: Electric Terrain|[from] ability: Electric Surge|[of] p2a: Tapu Koko
|move|p1a: Garchomp|Stomping Tantrum|p2a: Tapu Koko
|-supereffective|p2a: Tapu Koko
|-damage|p2a: Tapu Koko|0 fnt
|faint|p2a: Tapu Koko
|
|upkeep
|
|t:|1639613834
|switch|p2a: Fat Charizard|Dragonite, M, shiny|100/100
|turn|16
|inactive|Holiss77 has 90 seconds left.
|
|t:|1639613856
|move|p2a: Fat Charizard|Extreme Speed|p1a: Garchomp
|-damage|p1a: Garchomp|0 fnt
|-damage|p2a: Fat Charizard|88/100|[from] ability: Rough Skin|[of] p1a: Garchomp
|faint|p1a: Garchomp
|
|upkeep
|
|t:|1639613859
|switch|p1a: Landorus|Landorus-Therian, M|23/100
|-damage|p1a: Landorus|11/100|[from] Stealth Rock
|-ability|p1a: Landorus|Intimidate|boost
|-unboost|p2a: Fat Charizard|atk|1
|turn|17
|
|t:|1639613878
|move|p2a: Fat Charizard|Extreme Speed|p1a: Landorus
|-damage|p1a: Landorus|0 fnt
|-damage|p2a: Fat Charizard|72/100|[from] item: Rocky Helmet|[of] p1a: Landorus
|faint|p1a: Landorus
|
|upkeep
|
|t:|1639613891
|switch|p1a: Carl|Heatran, M|100/100
|-damage|p1a: Carl|88/100|[from] Stealth Rock
|-item|p1a: Carl|Air Balloon
|turn|18
|
|t:|1639613903
|move|p2a: Fat Charizard|Dual Wingbeat|p1a: Carl
|-resisted|p1a: Carl
|-damage|p1a: Carl|82/100
|-enditem|p1a: Carl|Air Balloon
|-resisted|p1a: Carl
|-damage|p1a: Carl|75/100
|-hitcount|p1a: Carl|2
|move|p1a: Carl|Magma Storm|p2a: Fat Charizard
|-resisted|p2a: Fat Charizard
|-damage|p2a: Fat Charizard|48/100
|-activate|p2a: Fat Charizard|move: Magma Storm|[of] p1a: Carl
|
|-damage|p2a: Fat Charizard|35/100|[from] move: Magma Storm|[partiallytrapped]
|upkeep
|turn|19
|
|t:|1639613917
|move|p2a: Fat Charizard|Earthquake|p1a: Carl
|-supereffective|p1a: Carl
|-damage|p1a: Carl|0 fnt
|faint|p1a: Carl
|
|-end|p2a: Fat Charizard|Magma Storm|[partiallytrapped]|[silent]
|-fieldend|move: Electric Terrain
|upkeep
|
|t:|1639613921
|switch|p1a: Enma|Kartana, shiny|100/100
|-damage|p1a: Enma|94/100|[from] Stealth Rock
|turn|20
|
|t:|1639613926
|move|p2a: Fat Charizard|Extreme Speed|p1a: Enma
|-resisted|p1a: Enma
|-damage|p1a: Enma|84/100
|move|p1a: Enma|Knock Off|p2a: Fat Charizard
|-damage|p2a: Fat Charizard|0 fnt
|-enditem|p2a: Fat Charizard|Heavy-Duty Boots|[from] move: Knock Off|[of] p1a: Enma
|faint|p2a: Fat Charizard
|-ability|p1a: Enma|Beast Boost|boost
|-boost|p1a: Enma|atk|1
|
|upkeep
|
|t:|1639613930
|switch|p2a: Bernie Landers|Landorus-Therian, M|72/100
|-damage|p2a: Bernie Landers|59/100|[from] Stealth Rock
|-ability|p2a: Bernie Landers|Intimidate|boost
|-unboost|p1a: Enma|atk|1
|turn|21
|
|t:|1639613939
|move|p1a: Enma|Knock Off|p2a: Bernie Landers
|-crit|p2a: Bernie Landers
|-damage|p2a: Bernie Landers|12/100
|-damage|p1a: Enma|67/100|[from] item: Rocky Helmet|[of] p2a: Bernie Landers
|-enditem|p2a: Bernie Landers|Rocky Helmet|[from] move: Knock Off|[of] p1a: Enma
|move|p2a: Bernie Landers|Earthquake|p1a: Enma
|-damage|p1a: Enma|21/100
|
|upkeep
|turn|22
|
|t:|1639613947
|move|p1a: Enma|Knock Off|p2a: Bernie Landers
|-damage|p2a: Bernie Landers|0 fnt
|faint|p2a: Bernie Landers
|-ability|p1a: Enma|Beast Boost|boost
|-boost|p1a: Enma|atk|1
|
|upkeep
|-message|NeoNaruto®++ forfeited.
|
|win|Holiss77
|raw|Holiss77's rating: 1659 &rarr; <strong>1683</strong><br />(+24 for winning)
|raw|NeoNaruto®++'s rating: 1725 &rarr; <strong>1701</strong><br />(-24 for losing)
|l|☆NeoNaruto®++
||Ladder isn't responding, score probably updated but might not have (Request timeout).
