|j|☆JoeyOwesMeMoney
|j|☆King's Quest
|player|p1|JoeyOwesMeMoney|101|1793
|player|p2|King's Quest|steven|1650
|teamsize|p1|6
|teamsize|p2|6
|gametype|singles
|gen|8
|tier|[Gen 8] OU
|rated|
|clearpoke
|poke|p1|Chansey, F|
|poke|p1|Toxapex, M|
|poke|p1|Clefable, M|
|poke|p1|Corviknight, M|
|poke|p1|Hippowdon, M|
|poke|p1|Tangrowth, F|
|poke|p2|Mew|
|poke|p2|Urshifu-*, M|
|poke|p2|Volcarona, M|
|poke|p2|Cinderace, F|
|poke|p2|Magearna|
|poke|p2|Dragapult, M|
|rule|Sleep Clause Mod: Limit one foe put to sleep
|rule|Species Clause: Limit one of each Pokémon
|rule|OHKO Clause: OHKO moves are banned
|rule|Evasion Moves Clause: Evasion moves are banned
|rule|Endless Battle Clause: Forcing endless battles is banned
|rule|HP Percentage Mod: HP is shown in percentages
|rule|Dynamax Clause: You cannot dynamax
|teampreview
|j| disroppter
|
|start
|switch|p1a: Toxapex|Toxapex, M|100/100
|switch|p2a: Mew|Mew|100/100
|turn|1
|
|move|p2a: Mew|Taunt|p1a: Toxapex
|-start|p1a: Toxapex|move: Taunt
|cant|p1a: Toxapex|move: Taunt|Toxic Spikes
|
|upkeep
|turn|2
|
|move|p2a: Mew|Stealth Rock|p1a: Toxapex
|-sidestart|p1: JoeyOwesMeMoney|move: Stealth Rock
|move|p1a: Toxapex|Knock Off|p2a: Mew
|-supereffective|p2a: Mew
|-damage|p2a: Mew|74/100
|-enditem|p2a: Mew|Red Card|[from] move: Knock Off|[of] p1a: Toxapex
|
|upkeep
|turn|3
|
|switch|p1a: Tangrowth|Tangrowth, F|100/100
|-damage|p1a: Tangrowth|88/100|[from] Stealth Rock
|move|p2a: Mew|Spikes|p1a: Tangrowth
|-sidestart|p1: JoeyOwesMeMoney|Spikes
|
|upkeep
|turn|4
|
|move|p2a: Mew|Taunt|p1a: Tangrowth
|-start|p1a: Tangrowth|move: Taunt
|move|p1a: Tangrowth|Infestation|p2a: Mew
|-supereffective|p2a: Mew
|-damage|p2a: Mew|65/100
|-activate|p2a: Mew|move: Infestation|[of] p1a: Tangrowth
|
|-damage|p2a: Mew|53/100|[from] move: Infestation|[partiallytrapped]
|upkeep
|turn|5
|
|move|p2a: Mew|Flare Blitz|p1a: Tangrowth
|-supereffective|p1a: Tangrowth
|-damage|p1a: Tangrowth|49/100
|-damage|p2a: Mew|40/100|[from] Recoil
|move|p1a: Tangrowth|Knock Off|p2a: Mew
|-supereffective|p2a: Mew
|-damage|p2a: Mew|14/100
|
|-damage|p2a: Mew|2/100|[from] move: Infestation|[partiallytrapped]
|upkeep
|turn|6
|
|move|p2a: Mew|Spikes|p1a: Tangrowth
|-sidestart|p1: JoeyOwesMeMoney|Spikes
|move|p1a: Tangrowth|Giga Drain|p2a: Mew
|-damage|p2a: Mew|0 fnt
|-heal|p1a: Tangrowth|50/100|[from] drain|[of] p2a: Mew
|faint|p2a: Mew
|
|-end|p1a: Tangrowth|move: Taunt
|upkeep
|
|switch|p2a: Cinderace|Cinderace, F|100/100
|turn|7
|
|move|p2a: Cinderace|Bulk Up|p2a: Cinderace
|-start|p2a: Cinderace|typechange|Fighting|[from] ability: Libero
|-boost|p2a: Cinderace|atk|1
|-boost|p2a: Cinderace|def|1
|move|p1a: Tangrowth|Sludge Bomb|p2a: Cinderace
|-damage|p2a: Cinderace|69/100
|-status|p2a: Cinderace|psn
|
|-damage|p2a: Cinderace|57/100 psn|[from] psn
|upkeep
|turn|8
|
|move|p2a: Cinderace|Pyro Ball|p1a: Tangrowth
|-start|p2a: Cinderace|typechange|Fire|[from] ability: Libero
|-supereffective|p1a: Tangrowth
|-damage|p1a: Tangrowth|0 fnt
|faint|p1a: Tangrowth
|
|-damage|p2a: Cinderace|44/100 psn|[from] psn
|upkeep
|
|switch|p1a: Clefable|Clefable, M|100/100
|-damage|p1a: Clefable|84/100|[from] Spikes
|-damage|p1a: Clefable|71/100|[from] Stealth Rock
|turn|9
|
|move|p1a: Clefable|Protect|p1a: Clefable
|-singleturn|p1a: Clefable|Protect
|move|p2a: Cinderace|Pyro Ball|p1a: Clefable
|-activate|p1a: Clefable|move: Protect
|
|-heal|p1a: Clefable|78/100|[from] item: Leftovers
|-damage|p2a: Cinderace|32/100 psn|[from] psn
|upkeep
|turn|10
|
|move|p2a: Cinderace|Pyro Ball|p1a: Clefable
|-damage|p1a: Clefable|33/100
|move|p1a: Clefable|Wish|p1a: Clefable
|
|-heal|p1a: Clefable|39/100|[from] item: Leftovers
|-damage|p2a: Cinderace|20/100 psn|[from] psn
|upkeep
|turn|11
|
|switch|p2a: Magearna|Magearna|100/100
|move|p1a: Clefable|Protect||[still]
|-fail|p1a: Clefable
|
|-heal|p1a: Clefable|89/100|[from] move: Wish|[wisher] Clefable
|-heal|p1a: Clefable|95/100|[from] item: Leftovers
|upkeep
|turn|12
|
|switch|p1a: Toxapex|Toxapex, M|100/100
|-damage|p1a: Toxapex|88/100|[from] Stealth Rock
|-damage|p1a: Toxapex|72/100|[from] Spikes
|move|p2a: Magearna|Volt Switch|p1a: Toxapex
|-supereffective|p1a: Toxapex
|-damage|p1a: Toxapex|14/100
|
|switch|p2a: Urshifu|Urshifu, M|100/100|[from]move: Volt Switch
|
|-heal|p1a: Toxapex|20/100|[from] item: Black Sludge
|upkeep
|turn|13
|
|switch|p1a: Corviknight|Corviknight, M|100/100
|-damage|p1a: Corviknight|88/100|[from] Stealth Rock
|-ability|p1a: Corviknight|Pressure
|move|p2a: Urshifu|Wicked Blow|p1a: Corviknight
|-crit|p1a: Corviknight
|-damage|p1a: Corviknight|43/100
|-damage|p2a: Urshifu|84/100|[from] item: Rocky Helmet|[of] p1a: Corviknight
|-damage|p2a: Urshifu|74/100|[from] item: Life Orb
|
|upkeep
|turn|14
|
|move|p2a: Urshifu|Wicked Blow|p1a: Corviknight
|-crit|p1a: Corviknight
|-damage|p1a: Corviknight|0 fnt
|-damage|p2a: Urshifu|58/100|[from] item: Rocky Helmet|[of] p1a: Corviknight
|-damage|p2a: Urshifu|48/100|[from] item: Life Orb
|faint|p1a: Corviknight
|
|upkeep
|
|switch|p1a: Hippowdon|Hippowdon, M|100/100
|-damage|p1a: Hippowdon|94/100|[from] Stealth Rock
|-damage|p1a: Hippowdon|78/100|[from] Spikes
|-weather|Sandstorm|[from] ability: Sand Stream|[of] p1a: Hippowdon
|turn|15
|
|move|p2a: Urshifu|Taunt|p1a: Hippowdon
|-start|p1a: Hippowdon|move: Taunt
|move|p1a: Hippowdon|Earthquake|p2a: Urshifu
|-damage|p2a: Urshifu|12/100
|
|-weather|Sandstorm|[upkeep]
|-damage|p2a: Urshifu|5/100|[from] Sandstorm
|-heal|p1a: Hippowdon|84/100|[from] item: Leftovers
|upkeep
|turn|16
|
|switch|p1a: Toxapex|Toxapex, M|54/100
|-damage|p1a: Toxapex|41/100|[from] Stealth Rock
|-damage|p1a: Toxapex|25/100|[from] Spikes
|move|p2a: Urshifu|Wicked Blow|p1a: Toxapex
|-crit|p1a: Toxapex
|-damage|p1a: Toxapex|0 fnt
|-damage|p2a: Urshifu|0 fnt|[from] item: Life Orb
|faint|p1a: Toxapex
|faint|p2a: Urshifu
|
|-weather|Sandstorm|[upkeep]
|upkeep
|
|switch|p2a: Magearna|Magearna|100/100
|switch|p1a: Chansey|Chansey, F|100/100
|-damage|p1a: Chansey|88/100|[from] Stealth Rock
|-damage|p1a: Chansey|71/100|[from] Spikes
|turn|17
|l| disroppter
|
|switch|p1a: Hippowdon|Hippowdon, M|84/100
|-damage|p1a: Hippowdon|68/100|[from] Spikes
|-damage|p1a: Hippowdon|61/100|[from] Stealth Rock
|move|p2a: Magearna|Trick|p1a: Hippowdon
|-activate|p2a: Magearna|move: Trick|[of] p1a: Hippowdon
|-item|p1a: Hippowdon|Choice Specs|[from] move: Trick
|-item|p2a: Magearna|Leftovers|[from] move: Trick
|
|-weather|Sandstorm|[upkeep]
|upkeep
|turn|18
|
|move|p2a: Magearna|Fleur Cannon|p1a: Hippowdon
|-damage|p1a: Hippowdon|0 fnt
|-unboost|p2a: Magearna|spa|2
|faint|p1a: Hippowdon
|-ability|p2a: Magearna|Soul-Heart|boost
|-boost|p2a: Magearna|spa|1
|
|-weather|Sandstorm|[upkeep]
|upkeep
|
|switch|p1a: Chansey|Chansey, F|71/100
|-damage|p1a: Chansey|55/100|[from] Spikes
|-damage|p1a: Chansey|42/100|[from] Stealth Rock
|turn|19
|
|move|p2a: Magearna|Trick|p1a: Chansey
|-activate|p2a: Magearna|move: Trick|[of] p1a: Chansey
|-item|p1a: Chansey|Leftovers|[from] move: Trick
|-item|p2a: Magearna|Eviolite|[from] move: Trick
|move|p1a: Chansey|Soft-Boiled|p1a: Chansey
|-heal|p1a: Chansey|93/100
|
|-weather|none
|-heal|p1a: Chansey|99/100|[from] item: Leftovers
|upkeep
|turn|20
|
|move|p2a: Magearna|Volt Switch|p1a: Chansey
|-damage|p1a: Chansey|91/100
|
|switch|p2a: Dragapult|Dragapult, M|100/100|[from]move: Volt Switch
|move|p1a: Chansey|Stealth Rock|p2a: Dragapult
|-sidestart|p2: King's Quest|move: Stealth Rock
|
|-heal|p1a: Chansey|97/100|[from] item: Leftovers
|upkeep
|turn|21
|
|move|p2a: Dragapult|Steel Wing|p1a: Chansey
|-damage|p1a: Chansey|72/100
|move|p1a: Chansey|Toxic|p2a: Dragapult
|-status|p2a: Dragapult|tox
|
|-heal|p1a: Chansey|79/100|[from] item: Leftovers
|-damage|p2a: Dragapult|95/100 tox|[from] psn
|upkeep
|turn|22
|
|move|p2a: Dragapult|U-turn|p1a: Chansey
|-damage|p1a: Chansey|52/100
|
|switch|p2a: Magearna|Magearna|100/100|[from]move: U-turn
|-damage|p2a: Magearna|94/100|[from] Stealth Rock
|move|p1a: Chansey|Soft-Boiled|p1a: Chansey
|-heal|p1a: Chansey|100/100
|
|upkeep
|turn|23
|
|move|p2a: Magearna|Focus Blast|p1a: Chansey|[miss]
|-miss|p2a: Magearna|p1a: Chansey
|move|p1a: Chansey|Seismic Toss|p2a: Magearna
|-damage|p2a: Magearna|66/100
|
|upkeep
|turn|24
|
|move|p2a: Magearna|Focus Blast|p1a: Chansey
|-supereffective|p1a: Chansey
|-damage|p1a: Chansey|59/100
|move|p1a: Chansey|Seismic Toss|p2a: Magearna
|-damage|p2a: Magearna|38/100
|
|-heal|p1a: Chansey|65/100|[from] item: Leftovers
|upkeep
|turn|25
|
|move|p2a: Magearna|Volt Switch|p1a: Chansey
|-crit|p1a: Chansey
|-damage|p1a: Chansey|47/100
|
|switch|p2a: Cinderace|Cinderace, F|20/100 psn|[from]move: Volt Switch
|move|p1a: Chansey|Soft-Boiled|p1a: Chansey
|-heal|p1a: Chansey|97/100
|
|-heal|p1a: Chansey|100/100|[from] item: Leftovers
|-damage|p2a: Cinderace|7/100 psn|[from] psn
|upkeep
|turn|26
|j| Ikuzeeee
|
|switch|p1a: Clefable|Clefable, M|95/100
|-damage|p1a: Clefable|83/100|[from] Stealth Rock
|-damage|p1a: Clefable|66/100|[from] Spikes
|move|p2a: Cinderace|High Jump Kick|p1a: Clefable
|-start|p2a: Cinderace|typechange|Fighting|[from] ability: Libero
|-resisted|p1a: Clefable
|-damage|p1a: Clefable|41/100
|
|-heal|p1a: Clefable|47/100|[from] item: Leftovers
|-damage|p2a: Cinderace|0 fnt|[from] psn
|faint|p2a: Cinderace
|upkeep
|
|switch|p2a: Dragapult|Dragapult, M|95/100 tox
|-damage|p2a: Dragapult|82/100 tox|[from] Stealth Rock
|turn|27
|
|move|p1a: Clefable|Protect|p1a: Clefable
|-singleturn|p1a: Clefable|Protect
|move|p2a: Dragapult|Steel Wing|p1a: Clefable
|-activate|p1a: Clefable|move: Protect
|
|-heal|p1a: Clefable|53/100|[from] item: Leftovers
|-damage|p2a: Dragapult|76/100 tox|[from] psn
|upkeep
|turn|28
|
|move|p2a: Dragapult|Steel Wing|p1a: Clefable
|-supereffective|p1a: Clefable
|-damage|p1a: Clefable|14/100
|move|p1a: Clefable|Wish|p1a: Clefable
|
|-heal|p1a: Clefable|20/100|[from] item: Leftovers
|-damage|p2a: Dragapult|64/100 tox|[from] psn
|upkeep
|turn|29
|
|switch|p2a: Volcarona|Volcarona, M|100/100
|move|p1a: Clefable|Protect||[still]
|-fail|p1a: Clefable
|
|-heal|p1a: Clefable|70/100|[from] move: Wish|[wisher] Clefable
|-heal|p1a: Clefable|76/100|[from] item: Leftovers
|upkeep
|turn|30
|
|switch|p1a: Chansey|Chansey, F|100/100
|-damage|p1a: Chansey|84/100|[from] Spikes
|-damage|p1a: Chansey|71/100|[from] Stealth Rock
|move|p2a: Volcarona|Quiver Dance|p2a: Volcarona
|-boost|p2a: Volcarona|spa|1
|-boost|p2a: Volcarona|spd|1
|-boost|p2a: Volcarona|spe|1
|
|-heal|p1a: Chansey|78/100|[from] item: Leftovers
|upkeep
|turn|31
|
|move|p2a: Volcarona|Fire Blast|p1a: Chansey
|-damage|p1a: Chansey|34/100
|move|p1a: Chansey|Toxic|p2a: Volcarona
|-status|p2a: Volcarona|tox
|
|-heal|p1a: Chansey|40/100|[from] item: Leftovers
|-damage|p2a: Volcarona|94/100 tox|[from] psn
|upkeep
|turn|32
|
|move|p2a: Volcarona|Fire Blast|p1a: Chansey
|-damage|p1a: Chansey|0 fnt
|faint|p1a: Chansey
|
|-damage|p2a: Volcarona|82/100 tox|[from] psn
|upkeep
|
|switch|p1a: Clefable|Clefable, M|76/100
|-damage|p1a: Clefable|60/100|[from] Spikes
|-damage|p1a: Clefable|47/100|[from] Stealth Rock
|turn|33
|
|move|p1a: Clefable|Protect|p1a: Clefable
|-singleturn|p1a: Clefable|Protect
|move|p2a: Volcarona|Fire Blast|p1a: Clefable
|-activate|p1a: Clefable|move: Protect
|
|-heal|p1a: Clefable|53/100|[from] item: Leftovers
|-damage|p2a: Volcarona|64/100 tox|[from] psn
|upkeep
|turn|34
|
|move|p2a: Volcarona|Fire Blast|p1a: Clefable
|-damage|p1a: Clefable|0 fnt
|faint|p1a: Clefable
|
|win|King's Quest
|raw|JoeyOwesMeMoney's rating: 1781 &rarr; <strong>1752</strong><br />(-29 for losing)
|raw|King&apos;s Quest's rating: 1626 &rarr; <strong>1654</strong><br />(+28 for winning)
