|j|☆Rorolina Frixell
|j|☆Highv0ltag3
|t:|1660322899
|gametype|singles
|player|p1|Rorolina Frixell|lillie-masters3|1765
|player|p2|Highv0ltag3|volo|1723
|teamsize|p1|6
|teamsize|p2|6
|gen|8
|tier|[Gen 8] OU
|rated|
|rule|Sleep Clause Mod: Limit one foe put to sleep
|rule|Species Clause: Limit one of each Pokémon
|rule|OHKO Clause: OHKO moves are banned
|rule|Evasion Items Clause: Evasion items are banned
|rule|Evasion Moves Clause: Evasion moves are banned
|rule|Endless Battle Clause: Forcing endless battles is banned
|rule|HP Percentage Mod: HP is shown in percentages
|rule|Dynamax Clause: You cannot dynamax
|clearpoke
|poke|p1|Ninetales-Alola, M|
|poke|p1|Arctozolt|
|poke|p1|Mandibuzz, F|
|poke|p1|Slowbro, M|
|poke|p1|Rillaboom, M|
|poke|p1|Garchomp, M|
|poke|p2|Tangrowth, M|
|poke|p2|Toxapex, M|
|poke|p2|Corviknight, F|
|poke|p2|Gastrodon, M|
|poke|p2|Blissey, F|
|poke|p2|Jirachi|
|teampreview
|inactive|Battle timer is ON: inactive players will automatically lose when time's up. (requested by Rorolina Frixell)
|inactive|Rorolina Frixell has 120 seconds left.
|j| Ninjack21
|
|t:|1660322932
|start
|switch|p1a: Garchomp|Garchomp, M|100/100
|switch|p2a: Fuck tran|Toxapex, M|100/100
|turn|1
|
|t:|1660322943
|move|p1a: Garchomp|Earthquake|p2a: Fuck tran
|-supereffective|p2a: Fuck tran
|-damage|p2a: Fuck tran|43/100
|move|p2a: Fuck tran|Toxic|p1a: Garchomp
|-status|p1a: Garchomp|tox
|
|-damage|p1a: Garchomp|94/100 tox|[from] psn
|upkeep
|turn|2
|
|t:|1660322947
|switch|p2a: Shed shell7%?|Corviknight, F|100/100
|-ability|p2a: Shed shell7%?|Pressure
|move|p1a: Garchomp|Stealth Rock|p2a: Shed shell7%?
|-sidestart|p2: Highv0ltag3|move: Stealth Rock
|
|-heal|p1a: Garchomp|100/100 tox|[from] item: Leftovers
|-damage|p1a: Garchomp|88/100 tox|[from] psn
|upkeep
|turn|3
|
|t:|1660322954
|switch|p1a: Arctozolt|Arctozolt|100/100
|move|p2a: Shed shell7%?|Defog|p1a: Arctozolt
|-unboost|p1a: Arctozolt|evasion|1
|-sideend|p2: Highv0ltag3|Stealth Rock|[from] move: Defog|[of] p2a: Shed shell7%?
|
|upkeep
|turn|4
|
|t:|1660322958
|switch|p2a: Lele broken man|Jirachi|100/100
|move|p1a: Arctozolt|Freeze-Dry|p2a: Lele broken man
|-resisted|p2a: Lele broken man
|-damage|p2a: Lele broken man|94/100
|
|-heal|p2a: Lele broken man|99/100|[from] item: Leftovers
|upkeep
|turn|5
|
|t:|1660322962
|switch|p1a: Slowbro|Slowbro, M|100/100
|move|p2a: Lele broken man|U-turn|p1a: Slowbro
|-supereffective|p1a: Slowbro
|-damage|p1a: Slowbro|80/100
|-damage|p2a: Lele broken man|83/100|[from] item: Rocky Helmet|[of] p1a: Slowbro
|
|t:|1660322964
|switch|p2a: Fuck tran|Toxapex, M|76/100|[from]move: U-turn
|
|upkeep
|turn|6
|
|t:|1660322968
|move|p2a: Fuck tran|Toxic Spikes|p1a: Slowbro
|-sidestart|p1: Rorolina Frixell|move: Toxic Spikes
|move|p1a: Slowbro|Teleport|p1a: Slowbro
|j| souvenir d'amour
|
|t:|1660322971
|switch|p1a: Arctozolt|Arctozolt|100/100|[from]move: Teleport
|
|upkeep
|turn|7
|
|t:|1660322979
|switch|p2a: I'm also pink blob|Gastrodon, M|100/100
|move|p1a: Arctozolt|Bolt Beak|p2a: I'm also pink blob
|-immune|p2a: I'm also pink blob
|
|upkeep
|turn|8
|
|t:|1660322983
|switch|p1a: Slowbro|Slowbro, M|100/100
|-status|p1a: Slowbro|psn
|move|p2a: I'm also pink blob|Earth Power|p1a: Slowbro
|-damage|p1a: Slowbro|68/100 psn
|
|-damage|p1a: Slowbro|56/100 psn|[from] psn
|upkeep
|turn|9
|
|t:|1660322986
|switch|p2a: Lele broken man|Jirachi|83/100
|move|p1a: Slowbro|Teleport|p1a: Slowbro
|
|t:|1660322990
|switch|p1a: Garchomp|Garchomp, M|88/100 tox|[from]move: Teleport
|
|-heal|p1a: Garchomp|94/100 tox|[from] item: Leftovers
|-heal|p2a: Lele broken man|89/100|[from] item: Leftovers
|-damage|p1a: Garchomp|88/100 tox|[from] psn
|upkeep
|turn|10
|
|t:|1660322995
|switch|p2a: Shed shell7%?|Corviknight, F|100/100
|-ability|p2a: Shed shell7%?|Pressure
|move|p1a: Garchomp|Stealth Rock|p2a: Shed shell7%?
|-sidestart|p2: Highv0ltag3|move: Stealth Rock
|
|-heal|p1a: Garchomp|94/100 tox|[from] item: Leftovers
|-damage|p1a: Garchomp|82/100 tox|[from] psn
|upkeep
|turn|11
|
|t:|1660322999
|switch|p1a: Arctozolt|Arctozolt|100/100
|move|p2a: Shed shell7%?|Iron Defense|p2a: Shed shell7%?
|-boost|p2a: Shed shell7%?|def|2
|
|upkeep
|turn|12
|
|t:|1660323005
|switch|p1a: Slowbro|Slowbro, M|89/100 psn
|move|p2a: Shed shell7%?|Body Press|p1a: Slowbro
|-resisted|p1a: Slowbro
|-damage|p1a: Slowbro|75/100 psn
|-damage|p2a: Shed shell7%?|84/100|[from] item: Rocky Helmet|[of] p1a: Slowbro
|
|-damage|p1a: Slowbro|62/100 psn|[from] psn
|upkeep
|turn|13
|
|t:|1660323009
|move|p2a: Shed shell7%?|Defog|p1a: Slowbro
|-unboost|p1a: Slowbro|evasion|1
|-sideend|p1: Rorolina Frixell|Toxic Spikes|[from] move: Defog|[of] p2a: Shed shell7%?
|-sideend|p2: Highv0ltag3|Stealth Rock|[from] move: Defog|[of] p2a: Shed shell7%?
|move|p1a: Slowbro|Teleport|p1a: Slowbro
|
|t:|1660323013
|switch|p1a: Ninetales|Ninetales-Alola, M|100/100|[from]move: Teleport
|-weather|Hail|[from] ability: Snow Warning|[of] p1a: Ninetales
|
|-weather|Hail|[upkeep]
|-damage|p2a: Shed shell7%?|78/100|[from] Hail
|upkeep
|turn|14
|
|t:|1660323017
|move|p1a: Ninetales|Encore|p2a: Shed shell7%?
|-start|p2a: Shed shell7%?|Encore
|move|p2a: Shed shell7%?|Defog|p1a: Ninetales
|-unboost|p1a: Ninetales|evasion|1
|
|-weather|Hail|[upkeep]
|-damage|p2a: Shed shell7%?|71/100|[from] Hail
|upkeep
|turn|15
|
|t:|1660323021
|switch|p1a: Arctozolt|Arctozolt|100/100
|switch|p2a: Lele broken man|Jirachi|89/100
|
|-weather|Hail|[upkeep]
|-damage|p2a: Lele broken man|83/100|[from] Hail
|-heal|p2a: Lele broken man|89/100|[from] item: Leftovers
|upkeep
|turn|16
|
|t:|1660323024
|move|p2a: Lele broken man|Protect|p2a: Lele broken man
|-singleturn|p2a: Lele broken man|Protect
|move|p1a: Arctozolt|Bolt Beak|p2a: Lele broken man
|-activate|p2a: Lele broken man|move: Protect
|
|-weather|Hail|[upkeep]
|-damage|p2a: Lele broken man|83/100|[from] Hail
|-heal|p2a: Lele broken man|89/100|[from] item: Leftovers
|upkeep
|turn|17
|
|t:|1660323027
|move|p1a: Arctozolt|Freeze-Dry|p2a: Lele broken man
|-resisted|p2a: Lele broken man
|-damage|p2a: Lele broken man|82/100
|move|p2a: Lele broken man|Wish|p2a: Lele broken man
|
|-weather|Hail|[upkeep]
|-damage|p2a: Lele broken man|76/100|[from] Hail
|-heal|p2a: Lele broken man|82/100|[from] item: Leftovers
|upkeep
|turn|18
|j| stenrn
|
|t:|1660323035
|switch|p1a: Slowbro|Slowbro, M|96/100 psn
|move|p2a: Lele broken man|Iron Head|p1a: Slowbro
|-resisted|p1a: Slowbro
|-damage|p1a: Slowbro|87/100 psn
|-damage|p2a: Lele broken man|65/100|[from] item: Rocky Helmet|[of] p1a: Slowbro
|
|-weather|Hail|[upkeep]
|-damage|p2a: Lele broken man|59/100|[from] Hail
|-damage|p1a: Slowbro|81/100 psn|[from] Hail
|-heal|p2a: Lele broken man|100/100|[from] move: Wish|[wisher] Lele broken man
|-damage|p1a: Slowbro|68/100 psn|[from] psn
|upkeep
|turn|19
|
|t:|1660323039
|move|p2a: Lele broken man|Wish|p2a: Lele broken man
|move|p1a: Slowbro|Teleport|p1a: Slowbro
|
|t:|1660323046
|switch|p1a: Arctozolt|Arctozolt|100/100|[from]move: Teleport
|
|-weather|Hail|[upkeep]
|-damage|p2a: Lele broken man|94/100|[from] Hail
|-heal|p2a: Lele broken man|100/100|[from] item: Leftovers
|upkeep
|turn|20
|
|t:|1660323050
|switch|p1a: Slowbro|Slowbro, M|100/100 psn
|move|p2a: Lele broken man|Iron Head|p1a: Slowbro
|-resisted|p1a: Slowbro
|-damage|p1a: Slowbro|93/100 psn
|-damage|p2a: Lele broken man|84/100|[from] item: Rocky Helmet|[of] p1a: Slowbro
|
|-weather|none
|-heal|p2a: Lele broken man|100/100|[from] move: Wish|[wisher] Lele broken man
|-damage|p1a: Slowbro|80/100 psn|[from] psn
|upkeep
|turn|21
|
|t:|1660323054
|move|p2a: Lele broken man|U-turn|p1a: Slowbro
|-supereffective|p1a: Slowbro
|-damage|p1a: Slowbro|62/100 psn
|-damage|p2a: Lele broken man|84/100|[from] item: Rocky Helmet|[of] p1a: Slowbro
|
|t:|1660323056
|switch|p2a: Dark resist|Tangrowth, M|100/100|[from]move: U-turn
|move|p1a: Slowbro|Scald|p2a: Dark resist
|-resisted|p2a: Dark resist
|-damage|p2a: Dark resist|79/100
|
|-damage|p1a: Slowbro|50/100 psn|[from] psn
|upkeep
|turn|22
|
|t:|1660323062
|switch|p1a: Mandibuzz|Mandibuzz, F|100/100
|move|p2a: Dark resist|Knock Off|p1a: Mandibuzz
|-resisted|p1a: Mandibuzz
|-damage|p1a: Mandibuzz|93/100
|-enditem|p1a: Mandibuzz|Heavy-Duty Boots|[from] move: Knock Off|[of] p2a: Dark resist
|
|upkeep
|turn|23
|
|t:|1660323065
|move|p1a: Mandibuzz|U-turn|p2a: Dark resist
|-supereffective|p2a: Dark resist
|-damage|p2a: Dark resist|66/100
|
|t:|1660323069
|switch|p1a: Ninetales|Ninetales-Alola, M|100/100|[from]move: U-turn
|-weather|Hail|[from] ability: Snow Warning|[of] p1a: Ninetales
|move|p2a: Dark resist|Knock Off|p1a: Ninetales
|-resisted|p1a: Ninetales
|-damage|p1a: Ninetales|86/100
|-enditem|p1a: Ninetales|Icy Rock|[from] move: Knock Off|[of] p2a: Dark resist
|
|-weather|Hail|[upkeep]
|-damage|p2a: Dark resist|60/100|[from] Hail
|upkeep
|turn|24
|
|t:|1660323076
|switch|p1a: Arctozolt|Arctozolt|100/100
|switch|p2a: Lele broken man|Jirachi|84/100
|
|-weather|Hail|[upkeep]
|-damage|p2a: Lele broken man|78/100|[from] Hail
|-heal|p2a: Lele broken man|84/100|[from] item: Leftovers
|upkeep
|turn|25
|
|t:|1660323079
|move|p2a: Lele broken man|Protect|p2a: Lele broken man
|-singleturn|p2a: Lele broken man|Protect
|move|p1a: Arctozolt|Bolt Beak|p2a: Lele broken man
|-activate|p2a: Lele broken man|move: Protect
|
|-weather|Hail|[upkeep]
|-damage|p2a: Lele broken man|78/100|[from] Hail
|-heal|p2a: Lele broken man|84/100|[from] item: Leftovers
|upkeep
|turn|26
|
|t:|1660323081
|switch|p2a: I'm also pink blob|Gastrodon, M|100/100
|move|p1a: Arctozolt|Bolt Beak|p2a: I'm also pink blob
|-immune|p2a: I'm also pink blob
|
|-weather|Hail|[upkeep]
|-damage|p2a: I'm also pink blob|94/100|[from] Hail
|-heal|p2a: I'm also pink blob|100/100|[from] item: Leftovers
|upkeep
|turn|27
|
|t:|1660323086
|move|p1a: Arctozolt|Freeze-Dry|p2a: I'm also pink blob
|-supereffective|p2a: I'm also pink blob
|-damage|p2a: I'm also pink blob|43/100
|move|p2a: I'm also pink blob|Earth Power|p1a: Arctozolt
|-supereffective|p1a: Arctozolt
|-crit|p1a: Arctozolt
|-damage|p1a: Arctozolt|0 fnt
|faint|p1a: Arctozolt
|
|-weather|Hail|[upkeep]
|-damage|p2a: I'm also pink blob|37/100|[from] Hail
|-heal|p2a: I'm also pink blob|43/100|[from] item: Leftovers
|upkeep
|
|t:|1660323092
|switch|p1a: Rillaboom|Rillaboom, M|100/100
|-fieldstart|move: Grassy Terrain|[from] ability: Grassy Surge|[of] p1a: Rillaboom
|turn|28
|c|☆Highv0ltag3|Mb
|j| kolpit
|
|t:|1660323096
|move|p1a: Rillaboom|Knock Off|p2a: I'm also pink blob
|-crit|p2a: I'm also pink blob
|-damage|p2a: I'm also pink blob|0 fnt
|-enditem|p2a: I'm also pink blob|Leftovers|[from] move: Knock Off|[of] p1a: Rillaboom
|faint|p2a: I'm also pink blob
|
|-weather|Hail|[upkeep]
|-damage|p1a: Rillaboom|94/100|[from] Hail
|-heal|p1a: Rillaboom|100/100|[from] Grassy Terrain
|upkeep
|
|t:|1660323099
|switch|p2a: Dark resist|Tangrowth, M|93/100
|turn|29
|
|t:|1660323104
|switch|p1a: Garchomp|Garchomp, M|82/100 tox
|move|p2a: Dark resist|Toxic|p1a: Garchomp
|-fail|p1a: Garchomp|tox
|
|-weather|Hail|[upkeep]
|-damage|p1a: Garchomp|76/100 tox|[from] Hail
|-damage|p2a: Dark resist|87/100|[from] Hail
|-heal|p1a: Garchomp|82/100 tox|[from] Grassy Terrain
|-heal|p1a: Garchomp|88/100 tox|[from] item: Leftovers
|-heal|p2a: Dark resist|93/100|[from] Grassy Terrain
|-damage|p1a: Garchomp|82/100 tox|[from] psn
|upkeep
|turn|30
|
|t:|1660323108
|switch|p2a: Shed shell7%?|Corviknight, F|71/100
|-ability|p2a: Shed shell7%?|Pressure
|move|p1a: Garchomp|Stealth Rock|p2a: Shed shell7%?
|-sidestart|p2: Highv0ltag3|move: Stealth Rock
|
|-weather|none
|-heal|p1a: Garchomp|88/100 tox|[from] Grassy Terrain
|-heal|p1a: Garchomp|94/100 tox|[from] item: Leftovers
|-damage|p1a: Garchomp|82/100 tox|[from] psn
|upkeep
|turn|31
|
|t:|1660323115
|switch|p1a: Ninetales|Ninetales-Alola, M|86/100
|-weather|Hail|[from] ability: Snow Warning|[of] p1a: Ninetales
|move|p2a: Shed shell7%?|Defog|p1a: Ninetales
|-unboost|p1a: Ninetales|evasion|1
|-sideend|p2: Highv0ltag3|Stealth Rock|[from] move: Defog|[of] p2a: Shed shell7%?
|-fieldend|move: Grassy Terrain
|
|-weather|Hail|[upkeep]
|-damage|p2a: Shed shell7%?|65/100|[from] Hail
|upkeep
|turn|32
|j| isudbhfahsb
|
|t:|1660323121
|switch|p1a: Rillaboom|Rillaboom, M|100/100
|-fieldstart|move: Grassy Terrain|[from] ability: Grassy Surge|[of] p1a: Rillaboom
|switch|p2a: Fuck taunt|Blissey, F|100/100
|
|-weather|Hail|[upkeep]
|-damage|p1a: Rillaboom|94/100|[from] Hail
|-damage|p2a: Fuck taunt|94/100|[from] Hail
|-heal|p1a: Rillaboom|100/100|[from] Grassy Terrain
|-heal|p2a: Fuck taunt|100/100|[from] Grassy Terrain
|upkeep
|turn|33
|
|t:|1660323126
|switch|p2a: Dark resist|Tangrowth, M|100/100
|move|p1a: Rillaboom|Knock Off|p2a: Dark resist
|-damage|p2a: Dark resist|81/100
|
|-weather|Hail|[upkeep]
|-damage|p1a: Rillaboom|94/100|[from] Hail
|-damage|p2a: Dark resist|75/100|[from] Hail
|-heal|p1a: Rillaboom|100/100|[from] Grassy Terrain
|-heal|p2a: Dark resist|81/100|[from] Grassy Terrain
|upkeep
|turn|34
|
|t:|1660323133
|switch|p1a: Garchomp|Garchomp, M|82/100 tox
|move|p2a: Dark resist|Toxic|p1a: Garchomp
|-fail|p1a: Garchomp|tox
|
|-weather|Hail|[upkeep]
|-damage|p1a: Garchomp|76/100 tox|[from] Hail
|-damage|p2a: Dark resist|75/100|[from] Hail
|-heal|p1a: Garchomp|82/100 tox|[from] Grassy Terrain
|-heal|p1a: Garchomp|88/100 tox|[from] item: Leftovers
|-heal|p2a: Dark resist|81/100|[from] Grassy Terrain
|-damage|p1a: Garchomp|82/100 tox|[from] psn
|upkeep
|turn|35
|
|t:|1660323142
|switch|p1a: Ninetales|Ninetales-Alola, M|86/100
|switch|p2a: Shed shell7%?|Corviknight, F|65/100
|-ability|p2a: Shed shell7%?|Pressure
|
|-weather|none
|-heal|p1a: Ninetales|92/100|[from] Grassy Terrain
|upkeep
|turn|36
|
|t:|1660323145
|move|p1a: Ninetales|Freeze-Dry|p2a: Shed shell7%?
|-damage|p2a: Shed shell7%?|45/100
|move|p2a: Shed shell7%?|Roost|p2a: Shed shell7%?
|-heal|p2a: Shed shell7%?|95/100
|-singleturn|p2a: Shed shell7%?|move: Roost
|
|-heal|p1a: Ninetales|98/100|[from] Grassy Terrain
|-heal|p2a: Shed shell7%?|100/100|[from] Grassy Terrain
|-fieldend|move: Grassy Terrain
|upkeep
|turn|37
|
|t:|1660323150
|switch|p2a: Fuck taunt|Blissey, F|100/100
|move|p1a: Ninetales|Pain Split|p2a: Fuck taunt
|-sethp|p2a: Fuck taunt|74/100|[from] move: Pain Split|[silent]
|-sethp|p1a: Ninetales|100/100|[from] move: Pain Split
|
|upkeep
|turn|38
|
|t:|1660323161
|switch|p1a: Slowbro|Slowbro, M|83/100 psn
|move|p2a: Fuck taunt|Stealth Rock|p1a: Slowbro
|-sidestart|p1: Rorolina Frixell|move: Stealth Rock
|
|-damage|p1a: Slowbro|71/100 psn|[from] psn
|upkeep
|turn|39
|
|t:|1660323166
|move|p2a: Fuck taunt|Soft-Boiled|p2a: Fuck taunt
|-heal|p2a: Fuck taunt|100/100
|move|p1a: Slowbro|Flamethrower|p2a: Fuck taunt
|-damage|p2a: Fuck taunt|93/100
|
|-damage|p1a: Slowbro|58/100 psn|[from] psn
|upkeep
|turn|40
|
|t:|1660323171
|switch|p2a: Fuck tran|Toxapex, M|100/100
|move|p1a: Slowbro|Teleport|p1a: Slowbro
|
|t:|1660323177
|switch|p1a: Mandibuzz|Mandibuzz, F|93/100|[from]move: Teleport
|-damage|p1a: Mandibuzz|69/100|[from] Stealth Rock
|
|upkeep
|turn|41
|
|t:|1660323181
|move|p1a: Mandibuzz|Roost|p1a: Mandibuzz
|-heal|p1a: Mandibuzz|100/100
|-singleturn|p1a: Mandibuzz|move: Roost
|move|p2a: Fuck tran|Scald|p1a: Mandibuzz
|-damage|p1a: Mandibuzz|87/100
|
|upkeep
|turn|42
|
|t:|1660323184
|move|p1a: Mandibuzz|Defog|p2a: Fuck tran
|-unboost|p2a: Fuck tran|evasion|1
|-sideend|p1: Rorolina Frixell|Stealth Rock|[from] move: Defog|[of] p1a: Mandibuzz
|move|p2a: Fuck tran|Toxic|p1a: Mandibuzz
|-status|p1a: Mandibuzz|tox
|
|-damage|p1a: Mandibuzz|81/100 tox|[from] psn
|upkeep
|turn|43
|
|t:|1660323187
|switch|p1a: Rillaboom|Rillaboom, M|100/100
|-fieldstart|move: Grassy Terrain|[from] ability: Grassy Surge|[of] p1a: Rillaboom
|move|p2a: Fuck tran|Scald|p1a: Rillaboom
|-resisted|p1a: Rillaboom
|-damage|p1a: Rillaboom|89/100
|
|-heal|p1a: Rillaboom|95/100|[from] Grassy Terrain
|upkeep
|turn|44
|
|t:|1660323193
|move|p1a: Rillaboom|Wood Hammer|p2a: Fuck tran
|-damage|p2a: Fuck tran|19/100
|-damage|p1a: Rillaboom|79/100|[from] item: Rocky Helmet|[of] p2a: Fuck tran
|-damage|p1a: Rillaboom|55/100|[from] Recoil
|move|p2a: Fuck tran|Toxic|p1a: Rillaboom
|-status|p1a: Rillaboom|tox
|
|-heal|p1a: Rillaboom|61/100 tox|[from] Grassy Terrain
|-heal|p2a: Fuck tran|25/100|[from] Grassy Terrain
|-damage|p1a: Rillaboom|55/100 tox|[from] psn
|upkeep
|turn|45
|
|t:|1660323198
|switch|p1a: Ninetales|Ninetales-Alola, M|100/100
|-weather|Hail|[from] ability: Snow Warning|[of] p1a: Ninetales
|switch|p2a: Dark resist|Tangrowth, M|100/100
|
|-weather|Hail|[upkeep]
|-damage|p2a: Dark resist|94/100|[from] Hail
|-heal|p2a: Dark resist|100/100|[from] Grassy Terrain
|upkeep
|turn|46
|
|t:|1660323210
|switch|p2a: Fuck taunt|Blissey, F|93/100
|move|p1a: Ninetales|Freeze-Dry|p2a: Fuck taunt
|-damage|p2a: Fuck taunt|85/100
|-status|p2a: Fuck taunt|frz
|
|-weather|Hail|[upkeep]
|-damage|p2a: Fuck taunt|79/100 frz|[from] Hail
|-heal|p2a: Fuck taunt|85/100 frz|[from] Grassy Terrain
|upkeep
|turn|47
|
|t:|1660323214
|move|p1a: Ninetales|Freeze-Dry|p2a: Fuck taunt
|-damage|p2a: Fuck taunt|77/100 frz
|cant|p2a: Fuck taunt|frz
|
|-weather|Hail|[upkeep]
|-damage|p2a: Fuck taunt|71/100 frz|[from] Hail
|-heal|p2a: Fuck taunt|77/100 frz|[from] Grassy Terrain
|-fieldend|move: Grassy Terrain
|upkeep
|turn|48
|
|t:|1660323217
|move|p1a: Ninetales|Freeze-Dry|p2a: Fuck taunt
|-damage|p2a: Fuck taunt|70/100 frz
|cant|p2a: Fuck taunt|frz
|
|-weather|Hail|[upkeep]
|-damage|p2a: Fuck taunt|64/100 frz|[from] Hail
|upkeep
|turn|49
|
|t:|1660323219
|move|p1a: Ninetales|Freeze-Dry|p2a: Fuck taunt
|-damage|p2a: Fuck taunt|56/100 frz
|-curestatus|p2a: Fuck taunt|frz|[msg]
|move|p2a: Fuck taunt|Soft-Boiled|p2a: Fuck taunt
|-heal|p2a: Fuck taunt|100/100
|
|-weather|none
|upkeep
|turn|50
|
|t:|1660323222
|move|p1a: Ninetales|Encore|p2a: Fuck taunt
|-start|p2a: Fuck taunt|Encore
|move|p2a: Fuck taunt|Soft-Boiled||[still]
|-fail|p2a: Fuck taunt|heal
|
|upkeep
|turn|51
|j| hjksgdf
|
|t:|1660323226
|switch|p2a: Lele broken man|Jirachi|84/100
|move|p1a: Ninetales|Pain Split|p2a: Lele broken man
|-sethp|p2a: Lele broken man|85/100|[from] move: Pain Split|[silent]
|-sethp|p1a: Ninetales|98/100|[from] move: Pain Split
|
|-heal|p2a: Lele broken man|92/100|[from] item: Leftovers
|upkeep
|turn|52
|l| isudbhfahsb
|
|t:|1660323231
|switch|p1a: Slowbro|Slowbro, M|92/100 psn
|switch|p2a: Fuck taunt|Blissey, F|100/100
|
|-damage|p1a: Slowbro|79/100 psn|[from] psn
|upkeep
|turn|53
|
|t:|1660323237
|switch|p1a: Ninetales|Ninetales-Alola, M|98/100
|-weather|Hail|[from] ability: Snow Warning|[of] p1a: Ninetales
|move|p2a: Fuck taunt|Stealth Rock|p1a: Ninetales
|-sidestart|p1: Rorolina Frixell|move: Stealth Rock
|
|-weather|Hail|[upkeep]
|-damage|p2a: Fuck taunt|94/100|[from] Hail
|upkeep
|turn|54
|
|t:|1660323243
|switch|p1a: Slowbro|Slowbro, M|100/100 psn
|-damage|p1a: Slowbro|88/100 psn|[from] Stealth Rock
|switch|p2a: Lele broken man|Jirachi|92/100
|
|-weather|Hail|[upkeep]
|-damage|p2a: Lele broken man|85/100|[from] Hail
|-damage|p1a: Slowbro|82/100 psn|[from] Hail
|-heal|p2a: Lele broken man|92/100|[from] item: Leftovers
|-damage|p1a: Slowbro|69/100 psn|[from] psn
|upkeep
|turn|55
|
|t:|1660323252
|move|p2a: Lele broken man|Iron Head|p1a: Slowbro
|-resisted|p1a: Slowbro
|-damage|p1a: Slowbro|61/100 psn
|-damage|p2a: Lele broken man|75/100|[from] item: Rocky Helmet|[of] p1a: Slowbro
|cant|p1a: Slowbro|flinch
|
|-weather|Hail|[upkeep]
|-damage|p2a: Lele broken man|69/100|[from] Hail
|-damage|p1a: Slowbro|55/100 psn|[from] Hail
|-heal|p2a: Lele broken man|75/100|[from] item: Leftovers
|-damage|p1a: Slowbro|42/100 psn|[from] psn
|upkeep
|turn|56
|
|t:|1660323256
|switch|p1a: Garchomp|Garchomp, M|82/100 tox
|-damage|p1a: Garchomp|76/100 tox|[from] Stealth Rock
|move|p2a: Lele broken man|Iron Head|p1a: Garchomp
|-damage|p1a: Garchomp|48/100 tox
|-damage|p2a: Lele broken man|63/100|[from] ability: Rough Skin|[of] p1a: Garchomp
|
|-weather|Hail|[upkeep]
|-damage|p1a: Garchomp|42/100 tox|[from] Hail
|-damage|p2a: Lele broken man|56/100|[from] Hail
|-heal|p1a: Garchomp|48/100 tox|[from] item: Leftovers
|-heal|p2a: Lele broken man|63/100|[from] item: Leftovers
|-damage|p1a: Garchomp|42/100 tox|[from] psn
|upkeep
|turn|57
|
|t:|1660323261
|move|p1a: Garchomp|Stealth Rock|p2a: Lele broken man
|-sidestart|p2: Highv0ltag3|move: Stealth Rock
|move|p2a: Lele broken man|Iron Head|p1a: Garchomp
|-damage|p1a: Garchomp|13/100 tox
|-damage|p2a: Lele broken man|50/100|[from] ability: Rough Skin|[of] p1a: Garchomp
|
|-weather|none
|-heal|p1a: Garchomp|20/100 tox|[from] item: Leftovers
|-heal|p2a: Lele broken man|56/100|[from] item: Leftovers
|-damage|p1a: Garchomp|7/100 tox|[from] psn
|upkeep
|turn|58
|
|t:|1660323264
|move|p2a: Lele broken man|Protect|p2a: Lele broken man
|-singleturn|p2a: Lele broken man|Protect
|move|p1a: Garchomp|Earthquake|p2a: Lele broken man
|-activate|p2a: Lele broken man|move: Protect
|
|-heal|p1a: Garchomp|13/100 tox|[from] item: Leftovers
|-heal|p2a: Lele broken man|63/100|[from] item: Leftovers
|-damage|p1a: Garchomp|0 fnt|[from] psn
|faint|p1a: Garchomp
|upkeep
|
|t:|1660323267
|switch|p1a: Rillaboom|Rillaboom, M|55/100 tox
|-damage|p1a: Rillaboom|42/100 tox|[from] Stealth Rock
|-fieldstart|move: Grassy Terrain|[from] ability: Grassy Surge|[of] p1a: Rillaboom
|turn|59
|
|t:|1660323272
|switch|p2a: Dark resist|Tangrowth, M|100/100
|-damage|p2a: Dark resist|88/100|[from] Stealth Rock
|move|p1a: Rillaboom|Knock Off|p2a: Dark resist
|-damage|p2a: Dark resist|68/100
|
|-heal|p1a: Rillaboom|49/100 tox|[from] Grassy Terrain
|-heal|p2a: Dark resist|74/100|[from] Grassy Terrain
|-damage|p1a: Rillaboom|42/100 tox|[from] psn
|upkeep
|turn|60
|
|t:|1660323275
|switch|p1a: Slowbro|Slowbro, M|76/100 psn
|-damage|p1a: Slowbro|63/100 psn|[from] Stealth Rock
|move|p2a: Dark resist|Giga Drain|p1a: Slowbro
|-supereffective|p1a: Slowbro
|-damage|p1a: Slowbro|0 fnt
|-heal|p2a: Dark resist|100/100|[from] drain|[of] p1a: Slowbro
|faint|p1a: Slowbro
|
|upkeep
|-message|Rorolina Frixell forfeited.
|
|win|Highv0ltag3
|raw|Rorolina Frixell's rating: 1765 &rarr; <strong>1743</strong><br />(-22 for losing)
|raw|Highv0ltag3's rating: 1723 &rarr; <strong>1745</strong><br />(+22 for winning)
|l|☆Rorolina Frixell
|l|☆Highv0ltag3
|l| souvenir d'amour
|l| stenrn
