|j|☆Chikami
|j|☆Steez Ibanez
|t:|1634769818
|gametype|singles
|player|p1|Chikami|ethan|1807
|player|p2|Steez Ibanez|pokemonranger-gen4|1853
|teamsize|p1|6
|teamsize|p2|6
|gen|8
|tier|[Gen 8] OU
|rated|
|rule|Sleep Clause Mod: Limit one foe put to sleep
|rule|Species Clause: Limit one of each Pokémon
|rule|OHKO Clause: OHKO moves are banned
|rule|Evasion Moves Clause: Evasion moves are banned
|rule|Endless Battle Clause: Forcing endless battles is banned
|rule|HP Percentage Mod: HP is shown in percentages
|rule|Dynamax Clause: You cannot dynamax
|clearpoke
|poke|p1|Dragapult, M|
|poke|p1|Appletun, F|
|poke|p1|Toxapex, M|
|poke|p1|Ditto|
|poke|p1|Blissey, F|
|poke|p1|Heatran, F|
|poke|p2|Tapu Fini|
|poke|p2|Heatran, M|
|poke|p2|Landorus-Therian, M|
|poke|p2|Ferrothorn, M|
|poke|p2|Hydreigon, M|
|poke|p2|Regieleki|
|teampreview
|
|t:|1634769844
|start
|switch|p1a: Blissey|Blissey, F|100/100
|switch|p2a: Simba|Landorus-Therian, M|100/100
|-ability|p2a: Simba|Intimidate|boost
|-unboost|p1a: Blissey|atk|1
|turn|1
|
|t:|1634769848
|move|p2a: Simba|Knock Off|p1a: Blissey
|-damage|p1a: Blissey|67/100
|-enditem|p1a: Blissey|Heavy-Duty Boots|[from] move: Knock Off|[of] p2a: Simba
|move|p1a: Blissey|Stealth Rock|p2a: Simba
|-sidestart|p2: Steez Ibanez|move: Stealth Rock
|
|upkeep
|turn|2
|
|t:|1634769856
|switch|p2a: Abomination|Ferrothorn, M|100/100
|-damage|p2a: Abomination|95/100|[from] Stealth Rock
|move|p1a: Blissey|Soft-Boiled|p1a: Blissey
|-heal|p1a: Blissey|100/100
|
|upkeep
|turn|3
|
|t:|1634769860
|move|p2a: Abomination|Spikes|p1a: Blissey
|-sidestart|p1: Chikami|Spikes
|move|p1a: Blissey|Teleport|p1a: Blissey
|j| andrethagiiant
|
|t:|1634769879
|switch|p1a: Heatran|Heatran, F|100/100|[from]move: Teleport
|-damage|p1a: Heatran|88/100|[from] Spikes
|
|-heal|p1a: Heatran|94/100|[from] item: Leftovers
|upkeep
|turn|4
|
|t:|1634769884
|switch|p2a: Hades|Hydreigon, M|100/100
|-damage|p2a: Hades|88/100|[from] Stealth Rock
|move|p1a: Heatran|Magma Storm|p2a: Hades|[miss]
|-miss|p1a: Heatran|p2a: Hades
|
|-heal|p2a: Hades|94/100|[from] item: Leftovers
|-heal|p1a: Heatran|100/100|[from] item: Leftovers
|upkeep
|turn|5
|j| Naneun Naega
|
|t:|1634769892
|switch|p2a: Hephaestus|Heatran, M|100/100
|-damage|p2a: Hephaestus|88/100|[from] Stealth Rock
|switch|p1a: Blissey|Blissey, F|100/100
|-damage|p1a: Blissey|88/100|[from] Spikes
|
|-heal|p2a: Hephaestus|94/100|[from] item: Leftovers
|upkeep
|turn|6
|l| Naneun Naega
|
|t:|1634769902
|move|p2a: Hephaestus|Stealth Rock|p1a: Blissey
|-sidestart|p1: Chikami|move: Stealth Rock
|move|p1a: Blissey|Teleport|p1a: Blissey
|
|t:|1634769919
|switch|p1a: Heatran|Heatran, F|100/100|[from]move: Teleport
|-damage|p1a: Heatran|88/100|[from] Spikes
|-damage|p1a: Heatran|76/100|[from] Stealth Rock
|
|-heal|p1a: Heatran|82/100|[from] item: Leftovers
|-heal|p2a: Hephaestus|100/100|[from] item: Leftovers
|upkeep
|turn|7
|
|t:|1634769925
|move|p1a: Heatran|Earth Power|p2a: Hephaestus
|-supereffective|p2a: Hephaestus
|-damage|p2a: Hephaestus|30/100
|move|p2a: Hephaestus|Earth Power|p1a: Heatran
|-supereffective|p1a: Heatran
|-damage|p1a: Heatran|17/100
|
|-heal|p1a: Heatran|23/100|[from] item: Leftovers
|-heal|p2a: Hephaestus|36/100|[from] item: Leftovers
|upkeep
|turn|8
|
|t:|1634769932
|move|p1a: Heatran|Earth Power|p2a: Hephaestus
|-supereffective|p2a: Hephaestus
|-damage|p2a: Hephaestus|0 fnt
|faint|p2a: Hephaestus
|
|-heal|p1a: Heatran|29/100|[from] item: Leftovers
|upkeep
|
|t:|1634769937
|switch|p2a: Ethernet|Regieleki|100/100
|turn|9
|
|t:|1634769945
|switch|p1a: Appletun|Appletun, F|100/100
|-damage|p1a: Appletun|88/100|[from] Stealth Rock
|-damage|p1a: Appletun|75/100|[from] Spikes
|move|p2a: Ethernet|Thunderbolt|p1a: Appletun
|-resisted|p1a: Appletun
|-damage|p1a: Appletun|61/100
|
|upkeep
|turn|10
|
|t:|1634769958
|move|p2a: Ethernet|Volt Switch|p1a: Appletun
|-resisted|p1a: Appletun
|-damage|p1a: Appletun|48/100
|
|t:|1634769961
|switch|p2a: Abomination|Ferrothorn, M|95/100|[from]move: Volt Switch
|-damage|p2a: Abomination|89/100|[from] Stealth Rock
|move|p1a: Appletun|Giga Drain|p2a: Abomination
|-resisted|p2a: Abomination
|-damage|p2a: Abomination|83/100
|-heal|p1a: Appletun|51/100|[from] drain|[of] p2a: Abomination
|
|upkeep
|turn|11
|
|t:|1634769972
|switch|p1a: Heatran|Heatran, F|29/100
|-damage|p1a: Heatran|17/100|[from] Stealth Rock
|-damage|p1a: Heatran|4/100|[from] Spikes
|move|p2a: Abomination|Knock Off|p1a: Heatran
|-damage|p1a: Heatran|0 fnt
|-enditem|p1a: Heatran|Leftovers|[from] move: Knock Off|[of] p2a: Abomination
|faint|p1a: Heatran
|
|upkeep
|
|t:|1634769980
|switch|p1a: Dragapult|Dragapult, M|100/100
|-damage|p1a: Dragapult|88/100|[from] Spikes
|-damage|p1a: Dragapult|76/100|[from] Stealth Rock
|turn|12
|
|t:|1634769989
|switch|p2a: Hades|Hydreigon, M|94/100
|-damage|p2a: Hades|82/100|[from] Stealth Rock
|move|p1a: Dragapult|U-turn|p2a: Hades
|-supereffective|p2a: Hades
|-damage|p2a: Hades|43/100
|
|t:|1634770007
|switch|p1a: Ditto|Ditto|100/100|[from]move: U-turn
|-damage|p1a: Ditto|88/100|[from] Stealth Rock
|-damage|p1a: Ditto|76/100|[from] Spikes
|-transform|p1a: Ditto|p2a: Hades|[from] ability: Imposter
|
|-heal|p2a: Hades|49/100|[from] item: Leftovers
|upkeep
|turn|13
|
|t:|1634770019
|move|p1a: Ditto|Flash Cannon|p2a: Hades
|-damage|p2a: Hades|20/100
|-unboost|p2a: Hades|spd|1
|move|p2a: Hades|Nasty Plot|p2a: Hades
|-boost|p2a: Hades|spa|2
|
|-heal|p2a: Hades|26/100|[from] item: Leftovers
|upkeep
|turn|14
|
|t:|1634770027
|switch|p2a: Abomination|Ferrothorn, M|83/100
|-damage|p2a: Abomination|77/100|[from] Stealth Rock
|move|p1a: Ditto|Flash Cannon|p2a: Abomination
|-resisted|p2a: Abomination
|-damage|p2a: Abomination|66/100
|
|upkeep
|turn|15
|j| Volc is for pssys
|
|t:|1634770032
|switch|p1a: Toxapex|Toxapex, M|100/100
|-damage|p1a: Toxapex|88/100|[from] Spikes
|-damage|p1a: Toxapex|75/100|[from] Stealth Rock
|move|p2a: Abomination|Spikes|p1a: Toxapex
|-sidestart|p1: Chikami|Spikes
|
|upkeep
|turn|16
|
|t:|1634770038
|move|p1a: Toxapex|Toxic Spikes|p2a: Abomination
|-sidestart|p2: Steez Ibanez|move: Toxic Spikes
|move|p2a: Abomination|Knock Off|p1a: Toxapex
|-damage|p1a: Toxapex|64/100
|-damage|p2a: Abomination|50/100|[from] item: Rocky Helmet|[of] p1a: Toxapex
|-enditem|p1a: Toxapex|Rocky Helmet|[from] move: Knock Off|[of] p2a: Abomination
|
|upkeep
|turn|17
|
|t:|1634770044
|move|p1a: Toxapex|Knock Off|p2a: Abomination
|-damage|p2a: Abomination|41/100
|-damage|p1a: Toxapex|51/100|[from] ability: Iron Barbs|[of] p2a: Abomination
|-damage|p1a: Toxapex|35/100|[from] item: Rocky Helmet|[of] p2a: Abomination
|-enditem|p2a: Abomination|Rocky Helmet|[from] move: Knock Off|[of] p1a: Toxapex
|move|p2a: Abomination|Leech Seed|p1a: Toxapex
|-start|p1a: Toxapex|move: Leech Seed
|
|-damage|p1a: Toxapex|22/100|[from] Leech Seed|[of] p2a: Abomination
|-heal|p2a: Abomination|52/100|[silent]
|upkeep
|turn|18
|
|t:|1634770051
|switch|p1a: Appletun|Appletun, F|51/100
|-damage|p1a: Appletun|38/100|[from] Stealth Rock
|-damage|p1a: Appletun|22/100|[from] Spikes
|move|p2a: Abomination|Spikes|p1a: Appletun
|-sidestart|p1: Chikami|Spikes
|
|upkeep
|turn|19
|
|t:|1634770055
|move|p1a: Appletun|Recover|p1a: Appletun
|-heal|p1a: Appletun|72/100
|move|p2a: Abomination|Gyro Ball|p1a: Appletun
|-damage|p1a: Appletun|58/100
|-damage|p2a: Abomination|35/100|[from] item: Rocky Helmet|[of] p1a: Appletun
|
|upkeep
|turn|20
|
|t:|1634770064
|move|p1a: Appletun|Recover|p1a: Appletun
|-heal|p1a: Appletun|100/100
|move|p2a: Abomination|Spikes||[still]
|-fail|p2a: Abomination
|
|upkeep
|turn|21
|
|t:|1634770069
|switch|p2a: Hades|Hydreigon, M|26/100
|-damage|p2a: Hades|14/100|[from] Stealth Rock
|move|p1a: Appletun|Body Press|p2a: Hades
|-supereffective|p2a: Hades
|-damage|p2a: Hades|0 fnt
|faint|p2a: Hades
|
|upkeep
|
|t:|1634770072
|switch|p2a: Simba|Landorus-Therian, M|100/100
|-damage|p2a: Simba|88/100|[from] Stealth Rock
|-ability|p2a: Simba|Intimidate|boost
|-unboost|p1a: Appletun|atk|1
|turn|22
|
|t:|1634770080
|move|p2a: Simba|U-turn|p1a: Appletun
|-supereffective|p1a: Appletun
|-damage|p1a: Appletun|64/100
|-damage|p2a: Simba|72/100|[from] item: Rocky Helmet|[of] p1a: Appletun
|
|t:|1634770082
|switch|p2a: Abomination|Ferrothorn, M|35/100|[from]move: U-turn
|-damage|p2a: Abomination|29/100|[from] Stealth Rock
|move|p1a: Appletun|Giga Drain|p2a: Abomination
|-resisted|p2a: Abomination
|-damage|p2a: Abomination|24/100
|-heal|p1a: Appletun|66/100|[from] drain|[of] p2a: Abomination
|
|upkeep
|turn|23
|
|t:|1634770088
|switch|p2a: Ethernet|Regieleki|100/100
|move|p1a: Appletun|Recover|p1a: Appletun
|-heal|p1a: Appletun|100/100
|
|upkeep
|turn|24
|
|t:|1634770096
|move|p2a: Ethernet|Rapid Spin|p1a: Appletun
|-damage|p1a: Appletun|94/100
|-boost|p2a: Ethernet|spe|1
|-damage|p2a: Ethernet|84/100|[from] item: Rocky Helmet|[of] p1a: Appletun
|-sideend|p2: Steez Ibanez|Toxic Spikes|[from] move: Rapid Spin|[of] p2a: Ethernet
|-sideend|p2: Steez Ibanez|Stealth Rock|[from] move: Rapid Spin|[of] p2a: Ethernet
|move|p1a: Appletun|Giga Drain|p2a: Ethernet
|-damage|p2a: Ethernet|32/100
|-heal|p1a: Appletun|100/100|[from] drain|[of] p2a: Ethernet
|
|upkeep
|turn|25
|
|t:|1634770100
|move|p2a: Ethernet|Volt Switch|p1a: Appletun
|-resisted|p1a: Appletun
|-crit|p1a: Appletun
|-damage|p1a: Appletun|82/100
|
|t:|1634770102
|switch|p2a: Abomination|Ferrothorn, M|24/100|[from]move: Volt Switch
|move|p1a: Appletun|Giga Drain|p2a: Abomination
|-resisted|p2a: Abomination
|-damage|p2a: Abomination|19/100
|-heal|p1a: Appletun|85/100|[from] drain|[of] p2a: Abomination
|
|upkeep
|turn|26
|
|t:|1634770111
|move|p1a: Appletun|Body Press|p2a: Abomination
|-supereffective|p2a: Abomination
|-damage|p2a: Abomination|0 fnt
|-damage|p1a: Appletun|72/100|[from] ability: Iron Barbs|[of] p2a: Abomination
|faint|p2a: Abomination
|
|upkeep
|c| andrethagiiant|Shit.
|c| andrethagiiant|Appleton lookin kinda crazy
|
|t:|1634770130
|switch|p2a: Watcher|Tapu Fini|100/100
|-fieldstart|move: Misty Terrain|[from] ability: Misty Surge|[of] p2a: Watcher
|turn|27
|
|t:|1634770144
|move|p2a: Watcher|Calm Mind|p2a: Watcher
|-boost|p2a: Watcher|spa|1
|-boost|p2a: Watcher|spd|1
|move|p1a: Appletun|Giga Drain|p2a: Watcher
|-supereffective|p2a: Watcher
|-damage|p2a: Watcher|74/100
|-heal|p1a: Appletun|83/100|[from] drain|[of] p2a: Watcher
|
|-heal|p2a: Watcher|80/100|[from] item: Leftovers
|upkeep
|turn|28
|
|t:|1634770157
|switch|p1a: Toxapex|Toxapex, M|55/100
|-damage|p1a: Toxapex|43/100|[from] Stealth Rock
|-damage|p1a: Toxapex|18/100|[from] Spikes
|move|p2a: Watcher|Calm Mind|p2a: Watcher
|-boost|p2a: Watcher|spa|1
|-boost|p2a: Watcher|spd|1
|
|-heal|p2a: Watcher|86/100|[from] item: Leftovers
|upkeep
|turn|29
|
|t:|1634770161
|move|p2a: Watcher|Surf|p1a: Toxapex
|-resisted|p1a: Toxapex
|-damage|p1a: Toxapex|0 fnt
|faint|p1a: Toxapex
|
|-heal|p2a: Watcher|92/100|[from] item: Leftovers
|upkeep
|j| dying breath
|
|t:|1634770211
|switch|p1a: Blissey|Blissey, F|88/100
|-damage|p1a: Blissey|63/100|[from] Spikes
|-damage|p1a: Blissey|51/100|[from] Stealth Rock
|turn|30
|
|t:|1634770214
|move|p2a: Watcher|Taunt|p1a: Blissey
|-start|p1a: Blissey|move: Taunt
|move|p1a: Blissey|Seismic Toss|p2a: Watcher
|-damage|p2a: Watcher|63/100
|
|-heal|p2a: Watcher|69/100|[from] item: Leftovers
|upkeep
|turn|31
|
|t:|1634770216
|move|p2a: Watcher|Surf|p1a: Blissey
|-damage|p1a: Blissey|29/100
|move|p1a: Blissey|Seismic Toss|p2a: Watcher
|-damage|p2a: Watcher|40/100
|
|-heal|p2a: Watcher|46/100|[from] item: Leftovers
|-fieldend|Misty Terrain
|upkeep
|turn|32
|
|t:|1634770222
|move|p2a: Watcher|Surf|p1a: Blissey
|-damage|p1a: Blissey|6/100
|move|p1a: Blissey|Seismic Toss|p2a: Watcher
|-damage|p2a: Watcher|17/100
|
|-heal|p2a: Watcher|23/100|[from] item: Leftovers
|-end|p1a: Blissey|move: Taunt
|upkeep
|turn|33
|
|t:|1634770225
|move|p2a: Watcher|Draining Kiss|p1a: Blissey
|-crit|p1a: Blissey
|-damage|p1a: Blissey|0 fnt
|-heal|p2a: Watcher|31/100|[from] drain|[of] p1a: Blissey
|faint|p1a: Blissey
|
|-heal|p2a: Watcher|37/100|[from] item: Leftovers
|upkeep
|
|t:|1634770229
|switch|p1a: Ditto|Ditto|76/100
|-damage|p1a: Ditto|51/100|[from] Spikes
|-damage|p1a: Ditto|38/100|[from] Stealth Rock
|-transform|p1a: Ditto|p2a: Watcher|[from] ability: Imposter
|-fieldstart|move: Misty Terrain|[from] ability: Misty Surge|[of] p1a: Ditto
|turn|34
|
|t:|1634770233
|move|p1a: Ditto|Draining Kiss|p2a: Watcher
|-damage|p2a: Watcher|24/100
|-heal|p1a: Ditto|49/100|[from] drain|[of] p2a: Watcher
|move|p2a: Watcher|Draining Kiss|p1a: Ditto
|-damage|p1a: Ditto|34/100
|-heal|p2a: Watcher|35/100|[from] drain|[of] p1a: Ditto
|
|-heal|p2a: Watcher|41/100|[from] item: Leftovers
|upkeep
|turn|35
|
|t:|1634770238
|move|p1a: Ditto|Draining Kiss|p2a: Watcher
|-damage|p2a: Watcher|26/100
|-heal|p1a: Ditto|46/100|[from] drain|[of] p2a: Watcher
|move|p2a: Watcher|Draining Kiss|p1a: Ditto
|-damage|p1a: Ditto|30/100
|-heal|p2a: Watcher|37/100|[from] drain|[of] p1a: Ditto
|
|-heal|p2a: Watcher|43/100|[from] item: Leftovers
|upkeep
|turn|36
|
|t:|1634770241
|move|p1a: Ditto|Draining Kiss|p2a: Watcher
|-damage|p2a: Watcher|31/100
|-heal|p1a: Ditto|40/100|[from] drain|[of] p2a: Watcher
|move|p2a: Watcher|Draining Kiss|p1a: Ditto
|-damage|p1a: Ditto|26/100
|-heal|p2a: Watcher|40/100|[from] drain|[of] p1a: Ditto
|
|-heal|p2a: Watcher|46/100|[from] item: Leftovers
|upkeep
|turn|37
|
|t:|1634770245
|move|p1a: Ditto|Draining Kiss|p2a: Watcher
|-damage|p2a: Watcher|34/100
|-heal|p1a: Ditto|37/100|[from] drain|[of] p2a: Watcher
|move|p2a: Watcher|Calm Mind|p2a: Watcher
|-boost|p2a: Watcher|spa|1
|-boost|p2a: Watcher|spd|1
|
|-heal|p2a: Watcher|40/100|[from] item: Leftovers
|upkeep
|turn|38
|
|t:|1634770248
|move|p1a: Ditto|Draining Kiss|p2a: Watcher
|-damage|p2a: Watcher|29/100
|-heal|p1a: Ditto|46/100|[from] drain|[of] p2a: Watcher
|move|p2a: Watcher|Draining Kiss|p1a: Ditto
|-damage|p1a: Ditto|26/100
|-heal|p2a: Watcher|42/100|[from] drain|[of] p1a: Ditto
|
|-heal|p2a: Watcher|48/100|[from] item: Leftovers
|-fieldend|Misty Terrain
|upkeep
|turn|39
|
|t:|1634770255
|-activate|p1a: Ditto|move: Struggle
|move|p1a: Ditto|Struggle|p2a: Watcher
|-damage|p2a: Watcher|44/100
|-damage|p1a: Ditto|1/100|[from] recoil
|move|p2a: Watcher|Draining Kiss|p1a: Ditto
|-damage|p1a: Ditto|0 fnt
|-heal|p2a: Watcher|45/100|[from] drain|[of] p1a: Ditto
|faint|p1a: Ditto
|
|-heal|p2a: Watcher|51/100|[from] item: Leftovers
|upkeep
|j| forestcave
|j| Ctannn
|j| IM A BEGINNERZ
|
|t:|1634770265
|switch|p1a: Dragapult|Dragapult, M|76/100
|-damage|p1a: Dragapult|51/100|[from] Spikes
|-damage|p1a: Dragapult|39/100|[from] Stealth Rock
|turn|40
|
|t:|1634770267
|move|p1a: Dragapult|Shadow Ball|p2a: Watcher
|-damage|p2a: Watcher|32/100
|move|p2a: Watcher|Draining Kiss|p1a: Dragapult
|-supereffective|p1a: Dragapult
|-damage|p1a: Dragapult|0 fnt
|-heal|p2a: Watcher|59/100|[from] drain|[of] p1a: Dragapult
|faint|p1a: Dragapult
|
|-heal|p2a: Watcher|65/100|[from] item: Leftovers
|upkeep
|-message|Chikami forfeited.
|
|win|Steez Ibanez
|raw|Chikami's rating: 1807 &rarr; <strong>1790</strong><br />(-17 for losing)
|raw|Steez Ibanez's rating: 1853 &rarr; <strong>1870</strong><br />(+17 for winning)
|l|☆Chikami
