|j|☆Naturalharmoniax$
|j|☆Fastpitchkiller
|t:|1646183539
|gametype|singles
|player|p1|Naturalharmoniax$|hexmaniac-gen3jp|1448
|player|p2|Fastpitchkiller|102|1548
|teamsize|p1|6
|teamsize|p2|6
|gen|8
|tier|[Gen 8] OU
|rated|
|rule|Sleep Clause Mod: Limit one foe put to sleep
|rule|Species Clause: Limit one of each Pokémon
|rule|OHKO Clause: OHKO moves are banned
|rule|Evasion Moves Clause: Evasion moves are banned
|rule|Endless Battle Clause: Forcing endless battles is banned
|rule|HP Percentage Mod: HP is shown in percentages
|rule|Dynamax Clause: You cannot dynamax
|clearpoke
|poke|p1|Kartana|
|poke|p1|Landorus-Therian, M|
|poke|p1|Heatran, M|
|poke|p1|Dragapult, F|
|poke|p1|Tapu Fini|
|poke|p1|Weavile, M|
|poke|p2|Blaziken, M|
|poke|p2|Slowbro, M|
|poke|p2|Tyranitar, F|
|poke|p2|Corviknight, M|
|poke|p2|Landorus-Therian, M|
|poke|p2|Tapu Koko|
|teampreview
|inactive|Battle timer is ON: inactive players will automatically lose when time's up. (requested by Naturalharmoniax$)
|
|t:|1646183547
|start
|switch|p1a: Landorus|Landorus-Therian, M|100/100
|switch|p2a: Slowgatell|Slowbro, M|100/100
|-ability|p1a: Landorus|Intimidate|boost
|-unboost|p2a: Slowgatell|atk|1
|turn|1
|
|t:|1646183556
|move|p1a: Landorus|U-turn|p2a: Slowgatell
|-supereffective|p2a: Slowgatell
|-damage|p2a: Slowgatell|74/100
|-damage|p1a: Landorus|84/100|[from] item: Rocky Helmet|[of] p2a: Slowgatell
|
|t:|1646183563
|switch|p1a: Dragapult|Dragapult, F|100/100|[from]move: U-turn
|move|p2a: Slowgatell|Ice Beam|p1a: Dragapult
|-supereffective|p1a: Dragapult
|-damage|p1a: Dragapult|42/100
|
|upkeep
|turn|2
|
|t:|1646183571
|switch|p2a: GODzilla|Tyranitar, F|100/100
|-weather|Sandstorm|[from] ability: Sand Stream|[of] p2a: GODzilla
|move|p1a: Dragapult|Draco Meteor|p2a: GODzilla
|-damage|p2a: GODzilla|75/100
|-unboost|p1a: Dragapult|spa|2
|
|-weather|Sandstorm|[upkeep]
|-damage|p1a: Dragapult|36/100|[from] Sandstorm
|upkeep
|turn|3
|
|t:|1646183582
|switch|p1a: Tapu Fini|Tapu Fini|100/100
|-fieldstart|move: Misty Terrain|[from] ability: Misty Surge|[of] p1a: Tapu Fini
|move|p2a: GODzilla|Rock Blast|p1a: Tapu Fini
|-damage|p1a: Tapu Fini|92/100
|-damage|p1a: Tapu Fini|84/100
|-damage|p1a: Tapu Fini|75/100
|-damage|p1a: Tapu Fini|66/100
|-damage|p1a: Tapu Fini|58/100
|-hitcount|p1a: Tapu Fini|5
|
|-weather|Sandstorm|[upkeep]
|-damage|p1a: Tapu Fini|52/100|[from] Sandstorm
|-heal|p1a: Tapu Fini|58/100|[from] item: Leftovers
|upkeep
|turn|4
|
|t:|1646183599
|switch|p2a: Precoz|Tapu Koko|100/100
|-fieldstart|move: Electric Terrain|[from] ability: Electric Surge|[of] p2a: Precoz
|move|p1a: Tapu Fini|Calm Mind|p1a: Tapu Fini
|-boost|p1a: Tapu Fini|spa|1
|-boost|p1a: Tapu Fini|spd|1
|
|-weather|Sandstorm|[upkeep]
|-damage|p2a: Precoz|94/100|[from] Sandstorm
|-damage|p1a: Tapu Fini|52/100|[from] Sandstorm
|-heal|p1a: Tapu Fini|58/100|[from] item: Leftovers
|upkeep
|turn|5
|
|t:|1646183611
|switch|p1a: Landorus|Landorus-Therian, M|84/100
|-ability|p1a: Landorus|Intimidate|boost
|-unboost|p2a: Precoz|atk|1
|move|p2a: Precoz|U-turn|p1a: Landorus
|-resisted|p1a: Landorus
|-damage|p1a: Landorus|80/100
|
|t:|1646183618
|switch|p2a: Enamorousito|Landorus-Therian, M|100/100|[from]move: U-turn
|-ability|p2a: Enamorousito|Intimidate|boost
|-unboost|p1a: Landorus|atk|1
|
|-weather|Sandstorm|[upkeep]
|-heal|p1a: Landorus|86/100|[from] item: Leftovers
|upkeep
|turn|6
|
|t:|1646183626
|move|p2a: Enamorousito|Substitute|p2a: Enamorousito
|-start|p2a: Enamorousito|Substitute
|-damage|p2a: Enamorousito|76/100
|move|p1a: Landorus|Stealth Rock|p2a: Enamorousito
|-sidestart|p2: Fastpitchkiller|move: Stealth Rock
|
|-weather|none
|-heal|p2a: Enamorousito|82/100|[from] item: Leftovers
|-heal|p1a: Landorus|92/100|[from] item: Leftovers
|upkeep
|turn|7
|
|t:|1646183640
|move|p2a: Enamorousito|Smack Down|p1a: Landorus
|-damage|p1a: Landorus|78/100
|-start|p1a: Landorus|Smack Down
|move|p1a: Landorus|Knock Off|p2a: Enamorousito
|-activate|p2a: Enamorousito|move: Substitute|[damage]
|
|-heal|p2a: Enamorousito|88/100|[from] item: Leftovers
|-heal|p1a: Landorus|84/100|[from] item: Leftovers
|upkeep
|turn|8
|
|t:|1646183650
|move|p2a: Enamorousito|Earthquake|p1a: Landorus
|-damage|p1a: Landorus|42/100
|move|p1a: Landorus|U-turn|p2a: Enamorousito
|-resisted|p2a: Enamorousito
|-end|p2a: Enamorousito|Substitute
|
|t:|1646183656
|switch|p1a: Weavile|Weavile, M|100/100|[from]move: U-turn
|-ability|p1a: Weavile|Pressure
|
|-heal|p2a: Enamorousito|94/100|[from] item: Leftovers
|-fieldend|move: Electric Terrain
|upkeep
|turn|9
|
|t:|1646183669
|switch|p2a: Corvikstall|Corviknight, M|100/100
|-damage|p2a: Corvikstall|88/100|[from] Stealth Rock
|-ability|p2a: Corvikstall|Pressure
|move|p1a: Weavile|Knock Off|p2a: Corvikstall
|-damage|p2a: Corvikstall|59/100
|-enditem|p2a: Corvikstall|Shed Shell|[from] move: Knock Off|[of] p1a: Weavile
|
|upkeep
|turn|10
|
|t:|1646183682
|switch|p1a: Heatran|Heatran, M|100/100
|move|p2a: Corvikstall|Defog|p1a: Heatran
|-unboost|p1a: Heatran|evasion|1
|-sideend|p2: Fastpitchkiller|Stealth Rock|[from] move: Defog|[of] p2a: Corvikstall
|
|upkeep
|turn|11
|
|t:|1646183689
|switch|p2a: GODzilla|Tyranitar, F|75/100
|-weather|Sandstorm|[from] ability: Sand Stream|[of] p2a: GODzilla
|move|p1a: Heatran|Magma Storm|p2a: GODzilla
|-resisted|p2a: GODzilla
|-damage|p2a: GODzilla|69/100
|-activate|p2a: GODzilla|move: Magma Storm|[of] p1a: Heatran
|
|-weather|Sandstorm|[upkeep]
|-damage|p2a: GODzilla|57/100|[from] move: Magma Storm|[partiallytrapped]
|upkeep
|turn|12
|
|t:|1646183700
|move|p1a: Heatran|Earth Power|p2a: GODzilla
|-supereffective|p2a: GODzilla
|-damage|p2a: GODzilla|42/100
|move|p2a: GODzilla|Earthquake|p1a: Heatran
|-supereffective|p1a: Heatran
|-damage|p1a: Heatran|0 fnt
|faint|p1a: Heatran
|
|-weather|Sandstorm|[upkeep]
|-end|p2a: GODzilla|Magma Storm|[partiallytrapped]|[silent]
|upkeep
|
|t:|1646183717
|switch|p1a: Kartana|Kartana|100/100
|turn|13
|
|t:|1646183722
|move|p1a: Kartana|Smart Strike|p2a: GODzilla
|-supereffective|p2a: GODzilla
|-damage|p2a: GODzilla|0 fnt
|faint|p2a: GODzilla
|-ability|p1a: Kartana|Beast Boost|boost
|-boost|p1a: Kartana|atk|1
|
|-weather|Sandstorm|[upkeep]
|upkeep
|
|t:|1646183730
|switch|p2a: Corvikstall|Corviknight, M|59/100
|-ability|p2a: Corvikstall|Pressure
|turn|14
|
|t:|1646183736
|switch|p1a: Weavile|Weavile, M|100/100
|-ability|p1a: Weavile|Pressure
|move|p2a: Corvikstall|Roost|p2a: Corvikstall
|-heal|p2a: Corvikstall|100/100
|-singleturn|p2a: Corvikstall|move: Roost
|
|-weather|Sandstorm|[upkeep]
|-damage|p1a: Weavile|94/100|[from] Sandstorm
|upkeep
|turn|15
|
|t:|1646183747
|move|p1a: Weavile|Swords Dance|p1a: Weavile
|-boost|p1a: Weavile|atk|2
|move|p2a: Corvikstall|Body Press|p1a: Weavile
|-supereffective|p1a: Weavile
|-damage|p1a: Weavile|0 fnt
|faint|p1a: Weavile
|
|-weather|none
|upkeep
|
|t:|1646183756
|switch|p1a: Dragapult|Dragapult, F|36/100
|turn|16
|
|t:|1646183761
|switch|p2a: Slowgatell|Slowbro, M|100/100
|move|p1a: Dragapult|Shadow Ball|p2a: Slowgatell
|-supereffective|p2a: Slowgatell
|-damage|p2a: Slowgatell|1/100
|
|upkeep
|turn|17
|
|t:|1646183769
|move|p1a: Dragapult|Shadow Ball|p2a: Slowgatell
|-supereffective|p2a: Slowgatell
|-damage|p2a: Slowgatell|0 fnt
|faint|p2a: Slowgatell
|
|upkeep
|
|t:|1646183777
|switch|p2a: Precoz|Tapu Koko|94/100
|-fieldstart|move: Electric Terrain|[from] ability: Electric Surge|[of] p2a: Precoz
|turn|18
|
|t:|1646183784
|switch|p1a: Landorus|Landorus-Therian, M|42/100
|-ability|p1a: Landorus|Intimidate|boost
|-unboost|p2a: Precoz|atk|1
|move|p2a: Precoz|Dazzling Gleam|p1a: Landorus
|-damage|p1a: Landorus|6/100
|
|-heal|p1a: Landorus|12/100|[from] item: Leftovers
|upkeep
|turn|19
|
|t:|1646183795
|move|p2a: Precoz|Dazzling Gleam|p1a: Landorus
|-damage|p1a: Landorus|0 fnt
|faint|p1a: Landorus
|
|upkeep
|
|t:|1646183802
|switch|p1a: Kartana|Kartana|100/100
|turn|20
|
|t:|1646183806
|move|p1a: Kartana|Leaf Blade|p2a: Precoz
|-damage|p2a: Precoz|7/100
|move|p2a: Precoz|U-turn|p1a: Kartana
|-damage|p1a: Kartana|89/100
|
|t:|1646183814
|switch|p2a: Claudio|Blaziken, M|100/100|[from]move: U-turn
|
|upkeep
|turn|21
|
|t:|1646183819
|move|p1a: Kartana|Leaf Blade|p2a: Claudio
|-resisted|p2a: Claudio
|-damage|p2a: Claudio|54/100
|move|p2a: Claudio|Flare Blitz|p1a: Kartana
|-supereffective|p1a: Kartana
|-damage|p1a: Kartana|0 fnt
|faint|p1a: Kartana
|-damage|p2a: Claudio|28/100|[from] Recoil
|
|-ability|p2a: Claudio|Speed Boost|boost
|-boost|p2a: Claudio|spe|1
|upkeep
|
|t:|1646183825
|switch|p1a: Tapu Fini|Tapu Fini|58/100
|-fieldstart|move: Misty Terrain|[from] ability: Misty Surge|[of] p1a: Tapu Fini
|turn|22
|
|t:|1646183836
|move|p2a: Claudio|Flare Blitz|p1a: Tapu Fini
|-resisted|p1a: Tapu Fini
|-damage|p1a: Tapu Fini|23/100
|-damage|p2a: Claudio|15/100|[from] Recoil
|move|p1a: Tapu Fini|Draining Kiss|p2a: Claudio
|-damage|p2a: Claudio|0 fnt
|-heal|p1a: Tapu Fini|32/100|[from] drain|[of] p2a: Claudio
|faint|p2a: Claudio
|
|-heal|p1a: Tapu Fini|39/100|[from] item: Leftovers
|upkeep
|
|t:|1646183848
|switch|p2a: Precoz|Tapu Koko|7/100
|-fieldstart|move: Electric Terrain|[from] ability: Electric Surge|[of] p2a: Precoz
|turn|23
|
|t:|1646183855
|move|p2a: Precoz|Thunderbolt|p1a: Tapu Fini
|-supereffective|p1a: Tapu Fini
|-damage|p1a: Tapu Fini|0 fnt
|faint|p1a: Tapu Fini
|
|upkeep
|
|t:|1646183857
|switch|p1a: Dragapult|Dragapult, F|36/100
|turn|24
|
|t:|1646183864
|move|p1a: Dragapult|Shadow Ball|p2a: Precoz
|-damage|p2a: Precoz|0 fnt
|faint|p2a: Precoz
|
|upkeep
|
|t:|1646183869
|switch|p2a: Enamorousito|Landorus-Therian, M|94/100
|-ability|p2a: Enamorousito|Intimidate|boost
|-unboost|p1a: Dragapult|atk|1
|turn|25
|
|t:|1646183874
|move|p1a: Dragapult|Shadow Ball|p2a: Enamorousito
|-damage|p2a: Enamorousito|24/100
|move|p2a: Enamorousito|Earthquake|p1a: Dragapult
|-damage|p1a: Dragapult|0 fnt
|faint|p1a: Dragapult
|
|win|Fastpitchkiller
|raw|Naturalharmoniax$'s rating: 1448 &rarr; <strong>1434</strong><br />(-14 for losing)
|raw|Fastpitchkiller's rating: 1548 &rarr; <strong>1562</strong><br />(+14 for winning)
|l|☆Naturalharmoniax$
