|j|☆Colonel Rivai
|j|☆zmzmzmz
|t:|1655975048
|gametype|singles
|player|p1|Colonel Rivai|101|1734
|player|p2|zmzmzmz|170|1831
|teamsize|p1|6
|teamsize|p2|6
|gen|8
|tier|[Gen 8] OU
|rated|
|rule|Sleep Clause Mod: Limit one foe put to sleep
|rule|Species Clause: Limit one of each Pokémon
|rule|OHKO Clause: OHKO moves are banned
|rule|Evasion Moves Clause: Evasion moves are banned
|rule|Endless Battle Clause: Forcing endless battles is banned
|rule|HP Percentage Mod: HP is shown in percentages
|rule|Dynamax Clause: You cannot dynamax
|clearpoke
|poke|p1|Hydreigon, F|
|poke|p1|Kartana|
|poke|p1|Blacephalon|
|poke|p1|Landorus-Therian, M|
|poke|p1|Melmetal|
|poke|p1|Toxapex, F|
|poke|p2|Zapdos|
|poke|p2|Heatran, M|
|poke|p2|Urshifu-*, F|
|poke|p2|Tapu Koko|
|poke|p2|Chansey, F|
|poke|p2|Landorus-Therian, M|
|teampreview
|inactive|Battle timer is ON: inactive players will automatically lose when time's up. (requested by Colonel Rivai)
|
|t:|1655975056
|start
|switch|p1a: Hydreigon|Hydreigon, F|100/100
|switch|p2a: Heatran|Heatran, M|100/100
|turn|1
|
|t:|1655975067
|switch|p2a: Landorus|Landorus-Therian, M|100/100
|-ability|p2a: Landorus|Intimidate|boost
|-unboost|p1a: Hydreigon|atk|1
|move|p1a: Hydreigon|Beat Up|p2a: Landorus
|-damage|p2a: Landorus|92/100
|-damage|p2a: Landorus|79/100
|-damage|p2a: Landorus|68/100
|-damage|p2a: Landorus|58/100
|-damage|p2a: Landorus|47/100
|-crit|p2a: Landorus
|-damage|p2a: Landorus|32/100
|-hitcount|p2a: Landorus|6
|
|upkeep
|turn|2
|
|t:|1655975073
|switch|p1a: Toxapex|Toxapex, F|100/100
|move|p2a: Landorus|U-turn|p1a: Toxapex
|-resisted|p1a: Toxapex
|-damage|p1a: Toxapex|93/100
|-damage|p2a: Landorus|16/100|[from] item: Rocky Helmet|[of] p1a: Toxapex
|
|t:|1655975082
|switch|p2a: Tapu Koko|Tapu Koko|100/100|[from]move: U-turn
|-fieldstart|move: Electric Terrain|[from] ability: Electric Surge|[of] p2a: Tapu Koko
|
|upkeep
|turn|3
|
|t:|1655975085
|switch|p1a: Landorus|Landorus-Therian, M|100/100
|-ability|p1a: Landorus|Intimidate|boost
|-unboost|p2a: Tapu Koko|atk|1
|move|p2a: Tapu Koko|Thunderbolt|p1a: Landorus
|-immune|p1a: Landorus
|
|upkeep
|turn|4
|
|t:|1655975087
|switch|p2a: Zapdos|Zapdos|100/100
|move|p1a: Landorus|U-turn|p2a: Zapdos
|-resisted|p2a: Zapdos
|-damage|p2a: Zapdos|92/100
|
|t:|1655975089
|switch|p1a: Hydreigon|Hydreigon, F|100/100|[from]move: U-turn
|
|upkeep
|turn|5
|
|t:|1655975093
|switch|p2a: Tapu Koko|Tapu Koko|100/100
|move|p1a: Hydreigon|Beat Up|p2a: Tapu Koko
|-resisted|p2a: Tapu Koko
|-damage|p2a: Tapu Koko|93/100
|-resisted|p2a: Tapu Koko
|-damage|p2a: Tapu Koko|82/100
|-resisted|p2a: Tapu Koko
|-damage|p2a: Tapu Koko|73/100
|-resisted|p2a: Tapu Koko
|-damage|p2a: Tapu Koko|67/100
|-resisted|p2a: Tapu Koko
|-damage|p2a: Tapu Koko|58/100
|-resisted|p2a: Tapu Koko
|-damage|p2a: Tapu Koko|48/100
|-hitcount|p2a: Tapu Koko|6
|
|upkeep
|turn|6
|
|t:|1655975098
|move|p2a: Tapu Koko|U-turn|p1a: Hydreigon
|-supereffective|p1a: Hydreigon
|-damage|p1a: Hydreigon|66/100
|
|t:|1655975102
|switch|p2a: Chansey|Chansey, F|100/100|[from]move: U-turn
|move|p1a: Hydreigon|Beat Up|p2a: Chansey
|-damage|p2a: Chansey|94/100
|-damage|p2a: Chansey|83/100
|-damage|p2a: Chansey|75/100
|-damage|p2a: Chansey|70/100
|-damage|p2a: Chansey|60/100
|-damage|p2a: Chansey|51/100
|-hitcount|p2a: Chansey|6
|
|-fieldend|move: Electric Terrain
|upkeep
|turn|7
|j| ISimpForKlara
|
|t:|1655975112
|switch|p2a: Zapdos|Zapdos|92/100
|move|p1a: Hydreigon|Beat Up|p2a: Zapdos
|-damage|p2a: Zapdos|84/100
|-damage|p2a: Zapdos|73/100
|-damage|p2a: Zapdos|64/100
|-damage|p2a: Zapdos|58/100
|-damage|p2a: Zapdos|48/100
|-damage|p2a: Zapdos|38/100
|-hitcount|p2a: Zapdos|6
|
|upkeep
|turn|8
|
|t:|1655975118
|switch|p2a: Urshifu|Urshifu-Rapid-Strike, F|100/100
|move|p1a: Hydreigon|Beat Up|p2a: Urshifu
|-resisted|p2a: Urshifu
|-damage|p2a: Urshifu|95/100
|-resisted|p2a: Urshifu
|-damage|p2a: Urshifu|86/100
|-resisted|p2a: Urshifu
|-damage|p2a: Urshifu|79/100
|-resisted|p2a: Urshifu
|-damage|p2a: Urshifu|76/100
|-resisted|p2a: Urshifu
|-damage|p2a: Urshifu|69/100
|-resisted|p2a: Urshifu
|-damage|p2a: Urshifu|61/100
|-hitcount|p2a: Urshifu|6
|
|upkeep
|turn|9
|
|t:|1655975124
|switch|p1a: Toxapex|Toxapex, F|100/100
|move|p2a: Urshifu|U-turn|p1a: Toxapex
|-resisted|p1a: Toxapex
|-damage|p1a: Toxapex|89/100
|-damage|p2a: Urshifu|45/100|[from] item: Rocky Helmet|[of] p1a: Toxapex
|
|t:|1655975133
|switch|p2a: Heatran|Heatran, M|100/100|[from]move: U-turn
|
|upkeep
|turn|10
|
|t:|1655975139
|switch|p1a: Landorus|Landorus-Therian, M|100/100
|-ability|p1a: Landorus|Intimidate|boost
|-unboost|p2a: Heatran|atk|1
|move|p2a: Heatran|Earth Power|p1a: Landorus
|-immune|p1a: Landorus
|
|upkeep
|turn|11
|
|t:|1655975143
|switch|p2a: Zapdos|Zapdos|38/100
|move|p1a: Landorus|Stealth Rock|p2a: Zapdos
|-sidestart|p2: zmzmzmz|move: Stealth Rock
|
|upkeep
|turn|12
|
|t:|1655975148
|move|p2a: Zapdos|Defog|p1a: Landorus
|-unboost|p1a: Landorus|evasion|1
|-sideend|p2: zmzmzmz|Stealth Rock|[from] move: Defog|[of] p2a: Zapdos
|move|p1a: Landorus|U-turn|p2a: Zapdos
|-resisted|p2a: Zapdos
|-damage|p2a: Zapdos|30/100
|-status|p1a: Landorus|par|[from] ability: Static|[of] p2a: Zapdos
|
|t:|1655975154
|switch|p1a: Hydreigon|Hydreigon, F|66/100|[from]move: U-turn
|
|upkeep
|turn|13
|
|t:|1655975157
|move|p1a: Hydreigon|Beat Up|p2a: Zapdos
|-damage|p2a: Zapdos|22/100
|-damage|p2a: Zapdos|10/100
|-damage|p2a: Zapdos|1/100
|-damage|p2a: Zapdos|0 fnt
|faint|p2a: Zapdos
|-hitcount|p2: Zapdos|4
|
|upkeep
|
|t:|1655975162
|switch|p2a: Landorus|Landorus-Therian, M|16/100
|-ability|p2a: Landorus|Intimidate|boost
|-unboost|p1a: Hydreigon|atk|1
|turn|14
|
|t:|1655975165
|move|p2a: Landorus|U-turn|p1a: Hydreigon
|-supereffective|p1a: Hydreigon
|-damage|p1a: Hydreigon|4/100
|
|t:|1655975174
|switch|p2a: Chansey|Chansey, F|51/100|[from]move: U-turn
|move|p1a: Hydreigon|Beat Up|p2a: Chansey
|-damage|p2a: Chansey|47/100
|-damage|p2a: Chansey|39/100
|-damage|p2a: Chansey|33/100
|-damage|p2a: Chansey|27/100
|-crit|p2a: Chansey
|-damage|p2a: Chansey|19/100
|-hitcount|p2a: Chansey|5
|
|upkeep
|turn|15
|
|t:|1655975183
|move|p1a: Hydreigon|Beat Up|p2a: Chansey
|-damage|p2a: Chansey|14/100
|-damage|p2a: Chansey|7/100
|-crit|p2a: Chansey
|-damage|p2a: Chansey|0 fnt
|faint|p2a: Chansey
|-hitcount|p2: Chansey|3
|
|upkeep
|
|t:|1655975187
|switch|p2a: Landorus|Landorus-Therian, M|16/100
|-ability|p2a: Landorus|Intimidate|boost
|-unboost|p1a: Hydreigon|atk|1
|turn|16
|
|t:|1655975191
|move|p2a: Landorus|Earthquake|p1a: Hydreigon
|-immune|p1a: Hydreigon|[from] ability: Levitate
|move|p1a: Hydreigon|Beat Up|p2a: Landorus
|-damage|p2a: Landorus|10/100
|-damage|p2a: Landorus|0 fnt
|faint|p2a: Landorus
|-hitcount|p2: Landorus|2
|
|upkeep
|
|t:|1655975194
|switch|p2a: Tapu Koko|Tapu Koko|48/100
|-fieldstart|move: Electric Terrain|[from] ability: Electric Surge|[of] p2a: Tapu Koko
|turn|17
|c|☆Colonel Rivai|nah
|
|t:|1655975197
|switch|p1a: Landorus|Landorus-Therian, M|100/100 par
|-ability|p1a: Landorus|Intimidate|boost
|-unboost|p2a: Tapu Koko|atk|1
|move|p2a: Tapu Koko|U-turn|p1a: Landorus
|-resisted|p1a: Landorus
|-damage|p1a: Landorus|96/100 par
|
|t:|1655975200
|switch|p2a: Heatran|Heatran, M|100/100|[from]move: U-turn
|
|-heal|p1a: Landorus|100/100 par|[from] item: Leftovers
|upkeep
|turn|18
|
|t:|1655975202
|move|p2a: Heatran|Eruption|p1a: Landorus
|-damage|p1a: Landorus|11/100 par
|move|p1a: Landorus|Earthquake|p2a: Heatran
|-supereffective|p2a: Heatran
|-damage|p2a: Heatran|0 fnt
|faint|p2a: Heatran
|
|-heal|p1a: Landorus|17/100 par|[from] item: Leftovers
|upkeep
|
|t:|1655975207
|switch|p2a: Tapu Koko|Tapu Koko|48/100
|turn|19
|
|t:|1655975212
|switch|p1a: Melmetal|Melmetal|100/100
|move|p2a: Tapu Koko|Dazzling Gleam|p1a: Melmetal
|-resisted|p1a: Melmetal
|-damage|p1a: Melmetal|85/100
|
|upkeep
|turn|20
|-message|zmzmzmz forfeited.
|
|win|Colonel Rivai
|raw|Colonel Rivai's rating: 1734 &rarr; <strong>1759</strong><br />(+25 for winning)
|raw|zmzmzmz's rating: 1831 &rarr; <strong>1806</strong><br />(-25 for losing)
|l|☆zmzmzmz
