|j|☆LT81YL BT
|j|☆Plasmeek
|t:|1625554936
|gametype|singles
|player|p1|LT81YL BT|265|1901
|player|p2|Plasmeek|youngster-gen4dp|1844
|teamsize|p1|6
|teamsize|p2|6
|gen|8
|tier|[Gen 8] OU
|rated|
|rule|Sleep Clause Mod: Limit one foe put to sleep
|rule|Species Clause: Limit one of each Pokémon
|rule|OHKO Clause: OHKO moves are banned
|rule|Evasion Moves Clause: Evasion moves are banned
|rule|Endless Battle Clause: Forcing endless battles is banned
|rule|HP Percentage Mod: HP is shown in percentages
|rule|Dynamax Clause: You cannot dynamax
|clearpoke
|poke|p1|Tapu Fini|
|poke|p1|Hawlucha, M|
|poke|p1|Landorus-Therian, M|
|poke|p1|Dragonite, F|
|poke|p1|Kartana|
|poke|p1|Volcarona, M|
|poke|p2|Slowking-Galar, F|
|poke|p2|Buzzwole|
|poke|p2|Ferrothorn, M|
|poke|p2|Hippowdon, M|
|poke|p2|Zeraora|
|poke|p2|Tornadus-Therian, M|
|teampreview
|inactive|Battle timer is ON: inactive players will automatically lose when time's up. (requested by LT81YL BT)
|
|t:|1625554964
|start
|switch|p1a: Landorus|Landorus-Therian, M|100/100
|switch|p2a: Buzzwole|Buzzwole|100/100
|-ability|p1a: Landorus|Intimidate|boost
|-unboost|p2a: Buzzwole|atk|1
|turn|1
|
|t:|1625554989
|move|p1a: Landorus|Stealth Rock|p2a: Buzzwole
|-sidestart|p2: Plasmeek|move: Stealth Rock
|move|p2a: Buzzwole|Ice Punch|p1a: Landorus
|-supereffective|p1a: Landorus
|-damage|p1a: Landorus|13/100
|
|upkeep
|turn|2
|
|t:|1625554995
|switch|p2a: Ferrothorn|Ferrothorn, M|100/100
|-damage|p2a: Ferrothorn|94/100|[from] Stealth Rock
|move|p1a: Landorus|Swords Dance|p1a: Landorus
|-boost|p1a: Landorus|atk|2
|
|-heal|p2a: Ferrothorn|100/100|[from] item: Leftovers
|upkeep
|turn|3
|
|t:|1625555002
|move|p1a: Landorus|Earthquake|p2a: Ferrothorn
|-damage|p2a: Ferrothorn|18/100
|move|p2a: Ferrothorn|Spikes|p1a: Landorus
|-sidestart|p1: LT81YL BT|Spikes
|
|-heal|p2a: Ferrothorn|25/100|[from] item: Leftovers
|upkeep
|turn|4
|
|t:|1625555015
|move|p1a: Landorus|Explosion|p2a: Ferrothorn
|-resisted|p2a: Ferrothorn
|-damage|p2a: Ferrothorn|0 fnt
|faint|p1a: Landorus
|faint|p2a: Ferrothorn
|
|upkeep
|j| lt81yl ez
|
|t:|1625555037
|switch|p1a: Tapu Fini|Tapu Fini|100/100
|switch|p2a: Tornadus|Tornadus-Therian, M, shiny|100/100
|-damage|p1a: Tapu Fini|88/100|[from] Spikes
|-fieldstart|move: Misty Terrain|[from] ability: Misty Surge|[of] p1a: Tapu Fini
|turn|5
|inactive|Plasmeek has 120 seconds left.
|
|t:|1625555065
|switch|p1a: Hawlucha|Hawlucha, M|100/100
|-enditem|p1a: Hawlucha|Misty Seed
|-boost|p1a: Hawlucha|spd|1|[from] item: Misty Seed
|move|p2a: Tornadus|Defog|p1a: Hawlucha
|-unboost|p1a: Hawlucha|evasion|1
|-sideend|p1: LT81YL BT|Spikes|[from] move: Defog|[of] p2a: Tornadus
|-sideend|p2: Plasmeek|Stealth Rock|[from] move: Defog|[of] p2a: Tornadus
|-fieldend|Misty Terrain
|
|upkeep
|turn|6
|inactive|Plasmeek has 120 seconds left.
|
|t:|1625555076
|move|p1a: Hawlucha|Swords Dance|p1a: Hawlucha
|-boost|p1a: Hawlucha|atk|2
|move|p2a: Tornadus|Hurricane|p1a: Hawlucha
|-supereffective|p1a: Hawlucha
|-damage|p1a: Hawlucha|12/100
|
|upkeep
|turn|7
|inactive|Plasmeek has 120 seconds left.
|
|t:|1625555096
|move|p1a: Hawlucha|Acrobatics|p2a: Tornadus
|-damage|p2a: Tornadus|0 fnt
|faint|p2a: Tornadus
|
|upkeep
|
|t:|1625555099
|switch|p2a: Hippowdon|Hippowdon, M|100/100
|-weather|Sandstorm|[from] ability: Sand Stream|[of] p2a: Hippowdon
|turn|8
|
|t:|1625555103
|move|p1a: Hawlucha|Acrobatics|p2a: Hippowdon
|-damage|p2a: Hippowdon|25/100
|move|p2a: Hippowdon|Slack Off|p2a: Hippowdon
|-heal|p2a: Hippowdon|75/100
|
|-weather|Sandstorm|[upkeep]
|-damage|p1a: Hawlucha|6/100|[from] Sandstorm
|-heal|p2a: Hippowdon|82/100|[from] item: Leftovers
|upkeep
|turn|9
|inactive|Plasmeek has 120 seconds left.
|
|t:|1625555124
|move|p1a: Hawlucha|Close Combat|p2a: Hippowdon
|-damage|p2a: Hippowdon|7/100
|-unboost|p1a: Hawlucha|def|1
|-unboost|p1a: Hawlucha|spd|1
|move|p2a: Hippowdon|Slack Off|p2a: Hippowdon
|-heal|p2a: Hippowdon|57/100
|
|-weather|Sandstorm|[upkeep]
|-damage|p1a: Hawlucha|0 fnt|[from] Sandstorm
|faint|p1a: Hawlucha
|-heal|p2a: Hippowdon|64/100|[from] item: Leftovers
|upkeep
|
|t:|1625555153
|switch|p1a: Tapu Fini|Tapu Fini|88/100
|-fieldstart|move: Misty Terrain|[from] ability: Misty Surge|[of] p1a: Tapu Fini
|turn|10
|j| pkmn cypher 2013
|
|t:|1625555159
|switch|p2a: Slowking|Slowking-Galar, F|100/100
|move|p1a: Tapu Fini|Whirlpool|p2a: Slowking|[miss]
|-miss|p1a: Tapu Fini|p2a: Slowking
|
|-weather|Sandstorm|[upkeep]
|-damage|p1a: Tapu Fini|82/100|[from] Sandstorm
|-damage|p2a: Slowking|94/100|[from] Sandstorm
|-heal|p1a: Tapu Fini|88/100|[from] item: Leftovers
|upkeep
|turn|11
|
|t:|1625555166
|switch|p1a: Kartana|Kartana|100/100
|move|p2a: Slowking|Sludge Bomb|p1a: Kartana
|-immune|p1a: Kartana
|
|-weather|Sandstorm|[upkeep]
|-damage|p2a: Slowking|88/100|[from] Sandstorm
|upkeep
|turn|12
|
|t:|1625555172
|switch|p1a: Tapu Fini|Tapu Fini|88/100
|switch|p2a: Buzzwole|Buzzwole|100/100
|
|-weather|none
|-heal|p1a: Tapu Fini|94/100|[from] item: Leftovers
|upkeep
|turn|13
|
|t:|1625555178
|switch|p2a: Slowking|Slowking-Galar, F|100/100
|move|p1a: Tapu Fini|Whirlpool|p2a: Slowking
|-damage|p2a: Slowking|95/100
|-activate|p2a: Slowking|move: Whirlpool|[of] p1a: Tapu Fini
|
|-heal|p1a: Tapu Fini|100/100|[from] item: Leftovers
|-damage|p2a: Slowking|82/100|[from] move: Whirlpool|[partiallytrapped]
|upkeep
|turn|14
|inactive|LT81YL BT has 120 seconds left.
|
|t:|1625555236
|move|p1a: Tapu Fini|Moonblast|p2a: Slowking
|-resisted|p2a: Slowking
|-damage|p2a: Slowking|76/100
|move|p2a: Slowking|Sludge Bomb|p1a: Tapu Fini
|-supereffective|p1a: Tapu Fini
|-damage|p1a: Tapu Fini|38/100
|
|-heal|p1a: Tapu Fini|44/100|[from] item: Leftovers
|-damage|p2a: Slowking|63/100|[from] move: Whirlpool|[partiallytrapped]
|-fieldend|Misty Terrain
|upkeep
|turn|15
|
|t:|1625555245
|move|p1a: Tapu Fini|Nature's Madness|p2a: Slowking
|-damage|p2a: Slowking|32/100
|move|p2a: Slowking|Sludge Bomb|p1a: Tapu Fini
|-supereffective|p1a: Tapu Fini
|-damage|p1a: Tapu Fini|0 fnt
|faint|p1a: Tapu Fini
|
|-end|p2a: Slowking|Whirlpool|[partiallytrapped]|[silent]
|upkeep
|inactive|LT81YL BT has 90 seconds left.
|inactive|LT81YL BT has 60 seconds left.
|
|t:|1625555308
|switch|p1a: Volcarona|Volcarona, M|100/100
|turn|16
|
|t:|1625555312
|switch|p2a: Hippowdon|Hippowdon, M|64/100
|-weather|Sandstorm|[from] ability: Sand Stream|[of] p2a: Hippowdon
|move|p1a: Volcarona|Quiver Dance|p1a: Volcarona
|-boost|p1a: Volcarona|spa|1
|-boost|p1a: Volcarona|spd|1
|-boost|p1a: Volcarona|spe|1
|
|-weather|Sandstorm|[upkeep]
|-damage|p1a: Volcarona|94/100|[from] Sandstorm
|-heal|p2a: Hippowdon|70/100|[from] item: Leftovers
|upkeep
|turn|17
|inactive|LT81YL BT has 60 seconds left.
|
|t:|1625555319
|move|p1a: Volcarona|Flamethrower|p2a: Hippowdon
|-damage|p2a: Hippowdon|29/100
|move|p2a: Hippowdon|Toxic|p1a: Volcarona
|-status|p1a: Volcarona|tox
|
|-weather|Sandstorm|[upkeep]
|-damage|p1a: Volcarona|88/100 tox|[from] Sandstorm
|-heal|p2a: Hippowdon|35/100|[from] item: Leftovers
|-damage|p1a: Volcarona|82/100 tox|[from] psn
|upkeep
|turn|18
|
|t:|1625555333
|switch|p2a: Slowking|Slowking-Galar, F|65/100
|move|p1a: Volcarona|Flamethrower|p2a: Slowking
|-damage|p2a: Slowking|38/100
|
|-weather|Sandstorm|[upkeep]
|-damage|p1a: Volcarona|76/100 tox|[from] Sandstorm
|-damage|p2a: Slowking|31/100|[from] Sandstorm
|-damage|p1a: Volcarona|64/100 tox|[from] psn
|upkeep
|turn|19
|
|t:|1625555344
|move|p1a: Volcarona|Flamethrower|p2a: Slowking
|-damage|p2a: Slowking|6/100
|move|p2a: Slowking|Sludge Bomb|p1a: Volcarona
|-damage|p1a: Volcarona|45/100 tox
|
|-weather|Sandstorm|[upkeep]
|-damage|p1a: Volcarona|39/100 tox|[from] Sandstorm
|-damage|p2a: Slowking|0 fnt|[from] Sandstorm
|faint|p2a: Slowking
|-damage|p1a: Volcarona|21/100 tox|[from] psn
|upkeep
|
|t:|1625555350
|switch|p2a: Hippowdon|Hippowdon, M|35/100
|turn|20
|
|t:|1625555355
|move|p1a: Volcarona|Flamethrower|p2a: Hippowdon
|-damage|p2a: Hippowdon|0 fnt
|faint|p2a: Hippowdon
|
|-weather|none
|-damage|p1a: Volcarona|0 fnt|[from] psn
|faint|p1a: Volcarona
|upkeep
|
|t:|1625555362
|switch|p1a: Dragonite|Dragonite, F|100/100
|switch|p2a: Zeraora|Zeraora|100/100
|turn|21
|
|t:|1625555366
|move|p2a: Zeraora|Bulk Up|p2a: Zeraora
|-boost|p2a: Zeraora|atk|1
|-boost|p2a: Zeraora|def|1
|move|p1a: Dragonite|Dragon Dance|p1a: Dragonite
|-boost|p1a: Dragonite|atk|1
|-boost|p1a: Dragonite|spe|1
|
|upkeep
|turn|22
|
|t:|1625555374
|move|p1a: Dragonite|Earthquake|p2a: Zeraora
|-supereffective|p2a: Zeraora
|-damage|p2a: Zeraora|0 fnt
|faint|p2a: Zeraora
|
|upkeep
|
|t:|1625555377
|switch|p2a: Buzzwole|Buzzwole|100/100
|turn|23
|
|t:|1625555379
|move|p1a: Dragonite|Dual Wingbeat|p2a: Buzzwole|[miss]
|-miss|p1a: Dragonite|p2a: Buzzwole
|move|p2a: Buzzwole|Ice Punch|p1a: Dragonite
|-supereffective|p1a: Dragonite
|-damage|p1a: Dragonite|33/100
|
|upkeep
|turn|24
|
|t:|1625555384
|move|p1a: Dragonite|Dual Wingbeat|p2a: Buzzwole
|-supereffective|p2a: Buzzwole
|-damage|p2a: Buzzwole|19/100
|-damage|p1a: Dragonite|17/100|[from] item: Rocky Helmet|[of] p2a: Buzzwole
|-supereffective|p2a: Buzzwole
|-damage|p2a: Buzzwole|0 fnt
|-damage|p1a: Dragonite|0 fnt|[from] item: Rocky Helmet|[of] p2a: Buzzwole
|faint|p2a: Buzzwole
|faint|p1a: Dragonite
|
|win|LT81YL BT
|-hitcount|p2: Buzzwole|2
|raw|LT81YL BT's rating: 1883 &rarr; <strong>1901</strong><br />(+18 for winning)
|raw|Plasmeek's rating: 1844 &rarr; <strong>1826</strong><br />(-18 for losing)
|l|☆LT81YL BT
|l|☆Plasmeek
|l| lt81yl ez
|l| pkmn cypher 2013
