|j|☆ThedebatableReaper
|j|☆swsh is sht
|t:|1606789787
|player|p1|ThedebatableReaper|170|1843
|player|p2|swsh is sht|102|1843
|teamsize|p1|6
|teamsize|p2|6
|gametype|singles
|gen|8
|tier|[Gen 8] OU
|rated|
|clearpoke
|poke|p1|Pheromosa|
|poke|p1|Garchomp, F|
|poke|p1|Heatran, F|
|poke|p1|Tapu Fini|
|poke|p1|Zapdos-Galar|
|poke|p1|Nidoking, M|
|poke|p2|Pelipper, M|
|poke|p2|Seismitoad, F|
|poke|p2|Volcanion|
|poke|p2|Crawdaunt, F|
|poke|p2|Registeel|
|poke|p2|Tornadus-Therian, M|
|rule|Sleep Clause Mod: Limit one foe put to sleep
|rule|Species Clause: Limit one of each Pokémon
|rule|OHKO Clause: OHKO moves are banned
|rule|Evasion Moves Clause: Evasion moves are banned
|rule|Endless Battle Clause: Forcing endless battles is banned
|rule|HP Percentage Mod: HP is shown in percentages
|rule|Dynamax Clause: You cannot dynamax
|teampreview
|
|t:|1606789797
|start
|switch|p1a: Pheromosa|Pheromosa|100/100
|switch|p2a: Pelipper|Pelipper, M|100/100
|-weather|RainDance|[from] ability: Drizzle|[of] p2a: Pelipper
|turn|1
|
|t:|1606789803
|switch|p2a: Registeel|Registeel|100/100
|move|p1a: Pheromosa|Shock Wave|p2a: Registeel
|-damage|p2a: Registeel|83/100
|-damage|p1a: Pheromosa|91/100|[from] item: Life Orb
|
|-weather|RainDance|[upkeep]
|upkeep
|turn|2
|j| ppev
|
|t:|1606789810
|move|p1a: Pheromosa|Focus Blast|p2a: Registeel
|-supereffective|p2a: Registeel
|-enditem|p2a: Registeel|Chople Berry|[eat]
|-enditem|p2a: Registeel|Chople Berry|[weaken]
|-damage|p2a: Registeel|33/100
|-damage|p1a: Pheromosa|81/100|[from] item: Life Orb
|move|p2a: Registeel|Stealth Rock|p1a: Pheromosa
|-sidestart|p1: ThedebatableReaper|move: Stealth Rock
|
|-weather|RainDance|[upkeep]
|upkeep
|turn|3
|
|t:|1606789818
|move|p1a: Pheromosa|Focus Blast|p2a: Registeel
|-supereffective|p2a: Registeel
|-damage|p2a: Registeel|0 fnt
|-damage|p1a: Pheromosa|71/100|[from] item: Life Orb
|faint|p2a: Registeel
|-ability|p1a: Pheromosa|Beast Boost|boost
|-boost|p1a: Pheromosa|spe|1
|
|-weather|RainDance|[upkeep]
|upkeep
|j| nakamoto
|
|t:|1606789822
|switch|p2a: Crawdaunt|Crawdaunt, F|100/100
|turn|4
|
|t:|1606789828
|switch|p1a: Tapu Fini|Tapu Fini|100/100
|-damage|p1a: Tapu Fini|88/100|[from] Stealth Rock
|-fieldstart|move: Misty Terrain|[from] ability: Misty Surge|[of] p1a: Tapu Fini
|move|p2a: Crawdaunt|Aqua Jet|p1a: Tapu Fini
|-resisted|p1a: Tapu Fini
|-damage|p1a: Tapu Fini|64/100
|
|-weather|RainDance|[upkeep]
|-heal|p1a: Tapu Fini|70/100|[from] item: Leftovers
|upkeep
|turn|5
|
|t:|1606789838
|switch|p2a: Volcanion|Volcanion|100/100
|move|p1a: Tapu Fini|Defog|p2a: Volcanion
|-unboost|p2a: Volcanion|evasion|1
|-sideend|p1: ThedebatableReaper|Stealth Rock|[from] move: Defog|[of] p1a: Tapu Fini
|-fieldend|Misty Terrain
|
|-weather|RainDance|[upkeep]
|-heal|p1a: Tapu Fini|76/100|[from] item: Leftovers
|upkeep
|turn|6
|j| BrothaOptions
|j| Vessev
|
|t:|1606789849
|switch|p1a: Nidoking|Nidoking, M|100/100
|move|p2a: Volcanion|Steam Eruption|p1a: Nidoking
|-supereffective|p1a: Nidoking
|-damage|p1a: Nidoking|0 fnt
|faint|p1a: Nidoking
|
|-weather|RainDance|[upkeep]
|upkeep
|
|t:|1606789857
|switch|p1a: Garchomp|Garchomp, F|100/100
|turn|7
|
|t:|1606789863
|switch|p2a: Tornadus|Tornadus-Therian, M|100/100
|move|p1a: Garchomp|Outrage|p2a: Tornadus
|-damage|p2a: Tornadus|0 fnt
|faint|p2a: Tornadus
|
|-weather|RainDance|[upkeep]
|upkeep
|
|t:|1606789866
|switch|p2a: Seismitoad|Seismitoad, F|100/100
|turn|8
|
|t:|1606789871
|move|p2a: Seismitoad|Weather Ball|p1a: Garchomp
|-damage|p1a: Garchomp|0 fnt
|faint|p1a: Garchomp
|
|-weather|none
|upkeep
|
|t:|1606789881
|switch|p1a: Pheromosa|Pheromosa|71/100
|turn|9
|
|t:|1606789884
|switch|p2a: Pelipper|Pelipper, M|100/100
|-weather|RainDance|[from] ability: Drizzle|[of] p2a: Pelipper
|move|p1a: Pheromosa|Focus Blast|p2a: Pelipper
|-resisted|p2a: Pelipper
|-damage|p2a: Pelipper|52/100
|-damage|p1a: Pheromosa|61/100|[from] item: Life Orb
|
|-weather|RainDance|[upkeep]
|upkeep
|turn|10
|j| legendaryninjadude
|j| cscl
|
|t:|1606789893
|move|p1a: Pheromosa|Focus Blast|p2a: Pelipper
|-resisted|p2a: Pelipper
|-damage|p2a: Pelipper|0 fnt
|-damage|p1a: Pheromosa|51/100|[from] item: Life Orb
|faint|p2a: Pelipper
|-ability|p1a: Pheromosa|Beast Boost|boost
|-boost|p1a: Pheromosa|spe|1
|
|-weather|RainDance|[upkeep]
|upkeep
|
|t:|1606789895
|switch|p2a: Crawdaunt|Crawdaunt, F|100/100
|turn|11
|j| chodomangalar
|j| booktruth
|
|t:|1606789908
|switch|p1a: Heatran|Heatran, F|100/100
|move|p2a: Crawdaunt|Aqua Jet|p1a: Heatran
|-supereffective|p1a: Heatran
|-damage|p1a: Heatran|0 fnt
|faint|p1a: Heatran
|
|-weather|RainDance|[upkeep]
|upkeep
|
|t:|1606789914
|switch|p1a: Tapu Fini|Tapu Fini|76/100
|-fieldstart|move: Misty Terrain|[from] ability: Misty Surge|[of] p1a: Tapu Fini
|turn|12
|
|t:|1606789919
|switch|p2a: Volcanion|Volcanion|100/100
|move|p1a: Tapu Fini|Calm Mind|p1a: Tapu Fini
|-boost|p1a: Tapu Fini|spa|1
|-boost|p1a: Tapu Fini|spd|1
|
|-weather|RainDance|[upkeep]
|-heal|p1a: Tapu Fini|83/100|[from] item: Leftovers
|upkeep
|turn|13
|
|t:|1606789933
|move|p2a: Volcanion|Steam Eruption|p1a: Tapu Fini
|-resisted|p1a: Tapu Fini
|-damage|p1a: Tapu Fini|44/100
|move|p1a: Tapu Fini|Draining Kiss|p2a: Volcanion
|-resisted|p2a: Volcanion
|-damage|p2a: Volcanion|87/100
|-heal|p1a: Tapu Fini|53/100|[from] drain|[of] p2a: Volcanion
|
|-weather|RainDance|[upkeep]
|-heal|p1a: Tapu Fini|59/100|[from] item: Leftovers
|upkeep
|turn|14
|j| Buffboyjared
|j| Anoxx17
|j| Devon
|
|t:|1606789944
|move|p2a: Volcanion|Steam Eruption|p1a: Tapu Fini
|-resisted|p1a: Tapu Fini
|-damage|p1a: Tapu Fini|23/100
|move|p1a: Tapu Fini|Draining Kiss|p2a: Volcanion
|-resisted|p2a: Volcanion
|-crit|p2a: Volcanion
|-damage|p2a: Volcanion|65/100
|-heal|p1a: Tapu Fini|37/100|[from] drain|[of] p2a: Volcanion
|
|-weather|RainDance|[upkeep]
|-heal|p1a: Tapu Fini|43/100|[from] item: Leftovers
|upkeep
|turn|15
|
|t:|1606789953
|move|p2a: Volcanion|Steam Eruption|p1a: Tapu Fini
|-resisted|p1a: Tapu Fini
|-damage|p1a: Tapu Fini|5/100
|move|p1a: Tapu Fini|Draining Kiss|p2a: Volcanion
|-resisted|p2a: Volcanion
|-damage|p2a: Volcanion|50/100
|-heal|p1a: Tapu Fini|15/100|[from] drain|[of] p2a: Volcanion
|
|-weather|RainDance|[upkeep]
|-heal|p1a: Tapu Fini|22/100|[from] item: Leftovers
|upkeep
|turn|16
|
|t:|1606789962
|move|p2a: Volcanion|Steam Eruption|p1a: Tapu Fini
|-resisted|p1a: Tapu Fini
|-damage|p1a: Tapu Fini|0 fnt
|faint|p1a: Tapu Fini
|
|-weather|none
|-fieldend|Misty Terrain
|upkeep
|j| wegame
|inactive|Battle timer is ON: inactive players will automatically lose when time's up. (requested by swsh is sht)
|
|t:|1606789981
|switch|p1a: Pheromosa|Pheromosa|51/100
|turn|17
|
|t:|1606789984
|move|p1a: Pheromosa|Shock Wave|p2a: Volcanion
|-supereffective|p2a: Volcanion
|-crit|p2a: Volcanion
|-damage|p2a: Volcanion|0 fnt
|-damage|p1a: Pheromosa|41/100|[from] item: Life Orb
|faint|p2a: Volcanion
|-ability|p1a: Pheromosa|Beast Boost|boost
|-boost|p1a: Pheromosa|spe|1
|
|upkeep
|
|t:|1606789986
|switch|p2a: Crawdaunt|Crawdaunt, F|100/100
|turn|18
|
|t:|1606789993
|move|p2a: Crawdaunt|Aqua Jet|p1a: Pheromosa
|-damage|p1a: Pheromosa|0 fnt
|faint|p1a: Pheromosa
|
|upkeep
|
|t:|1606789997
|switch|p1a: Zapdos|Zapdos-Galar|100/100
|turn|19
|
|t:|1606789999
|move|p2a: Crawdaunt|Aqua Jet|p1a: Zapdos
|-damage|p1a: Zapdos|48/100
|move|p1a: Zapdos|Close Combat|p2a: Crawdaunt
|-supereffective|p2a: Crawdaunt
|-damage|p2a: Crawdaunt|0 fnt
|-unboost|p1a: Zapdos|def|1
|-unboost|p1a: Zapdos|spd|1
|faint|p2a: Crawdaunt
|
|upkeep
|
|t:|1606790001
|switch|p2a: Seismitoad|Seismitoad, F|100/100
|turn|20
|
|t:|1606790009
|move|p1a: Zapdos|Close Combat|p2a: Seismitoad
|-damage|p2a: Seismitoad|30/100
|-unboost|p1a: Zapdos|def|1
|-unboost|p1a: Zapdos|spd|1
|move|p2a: Seismitoad|Scald|p1a: Zapdos
|-damage|p1a: Zapdos|0 fnt
|faint|p1a: Zapdos
|
|win|swsh is sht
|c|☆swsh is sht|gg
|l| Devon
|l|☆swsh is sht
|l| ppev
|l|☆ThedebatableReaper
|l| wegame
|l| Buffboyjared
|l| BrothaOptions
|raw|ThedebatableReaper's rating: 1863 &rarr; <strong>1842</strong><br />(-21 for losing)
|raw|swsh is sht's rating: 1843 &rarr; <strong>1864</strong><br />(+21 for winning)
|l| legendaryninjadude
