|j|☆minimax_ai
|j|☆Bloody Busybody
|t:|1663933221
|gametype|singles
|player|p1|minimax_ai|lusamine-nihilego|1525
|player|p2|Bloody Busybody|bugcatcher|1802
|teamsize|p1|6
|teamsize|p2|6
|gen|8
|tier|[Gen 8] OU
|rated|
|rule|Sleep Clause Mod: Limit one foe put to sleep
|rule|Species Clause: Limit one of each Pokémon
|rule|OHKO Clause: OHKO moves are banned
|rule|Evasion Items Clause: Evasion items are banned
|rule|Evasion Moves Clause: Evasion moves are banned
|rule|Endless Battle Clause: Forcing endless battles is banned
|rule|HP Percentage Mod: HP is shown in percentages
|rule|Dynamax Clause: You cannot dynamax
|clearpoke
|poke|p1|Rotom-Wash|
|poke|p1|Weavile, F|
|poke|p1|Landorus-Therian, M|
|poke|p1|Heatran, M|
|poke|p1|Tangrowth, M|
|poke|p1|Melmetal|
|poke|p2|Volcanion|
|poke|p2|Corviknight, M|
|poke|p2|Mamoswine, F|
|poke|p2|Blissey, F|
|poke|p2|Rillaboom, M|
|poke|p2|Hydreigon, F|
|teampreview
|c|☆minimax_ai|hf
|inactive|Battle timer is ON: inactive players will automatically lose when time's up. (requested by minimax_ai)
|
|t:|1663933239
|start
|switch|p1a: Melmetal|Melmetal|100/100
|switch|p2a: Volcanion|Volcanion|100/100
|turn|1
|
|t:|1663933246
|switch|p1a: rotomwash|Rotom-Wash|100/100
|move|p2a: Volcanion|Fire Blast|p1a: rotomwash
|-resisted|p1a: rotomwash
|-damage|p1a: rotomwash|54/100
|
|-heal|p1a: rotomwash|60/100|[from] item: Leftovers
|upkeep
|turn|2
|c|☆Bloody Busybody|hi fellow human being
|
|t:|1663933257
|switch|p2a: Mamoswine|Mamoswine, F|100/100
|move|p1a: rotomwash|Pain Split|p2a: Mamoswine
|-sethp|p2a: Mamoswine|76/100|[from] move: Pain Split|[silent]
|-sethp|p1a: rotomwash|90/100|[from] move: Pain Split
|
|-heal|p1a: rotomwash|96/100|[from] item: Leftovers
|upkeep
|turn|3
|
|t:|1663933263
|switch|p2a: Blissey|Blissey, F|100/100
|move|p1a: rotomwash|Hydro Pump|p2a: Blissey
|-damage|p2a: Blissey|83/100
|
|-heal|p1a: rotomwash|100/100|[from] item: Leftovers
|upkeep
|turn|4
|
|t:|1663933266
|move|p1a: rotomwash|Nasty Plot|p1a: rotomwash
|-boost|p1a: rotomwash|spa|2
|move|p2a: Blissey|Toxic|p1a: rotomwash
|-status|p1a: rotomwash|tox
|
|-damage|p1a: rotomwash|94/100 tox|[from] psn
|upkeep
|turn|5
|
|t:|1663933271
|move|p1a: rotomwash|Thunderbolt|p2a: Blissey
|-damage|p2a: Blissey|56/100
|move|p2a: Blissey|Seismic Toss|p1a: rotomwash
|-damage|p1a: rotomwash|61/100 tox
|
|-heal|p1a: rotomwash|68/100 tox|[from] item: Leftovers
|-damage|p1a: rotomwash|55/100 tox|[from] psn
|upkeep
|turn|6
|
|t:|1663933272
|move|p1a: rotomwash|Pain Split|p2a: Blissey
|-sethp|p2a: Blissey|40/100|[from] move: Pain Split|[silent]
|-sethp|p1a: rotomwash|92/100 tox|[from] move: Pain Split
|move|p2a: Blissey|Soft-Boiled|p2a: Blissey
|-heal|p2a: Blissey|90/100
|
|-heal|p1a: rotomwash|99/100 tox|[from] item: Leftovers
|-damage|p1a: rotomwash|80/100 tox|[from] psn
|upkeep
|turn|7
|
|t:|1663933275
|move|p1a: rotomwash|Pain Split|p2a: Blissey
|-sethp|p2a: Blissey|62/100|[from] move: Pain Split|[silent]
|-sethp|p1a: rotomwash|100/100 tox|[from] move: Pain Split
|move|p2a: Blissey|Soft-Boiled|p2a: Blissey
|-heal|p2a: Blissey|100/100
|
|-damage|p1a: rotomwash|75/100 tox|[from] psn
|upkeep
|turn|8
|
|t:|1663933278
|move|p1a: rotomwash|Pain Split|p2a: Blissey
|-sethp|p2a: Blissey|66/100|[from] move: Pain Split|[silent]
|-sethp|p1a: rotomwash|100/100 tox|[from] move: Pain Split
|move|p2a: Blissey|Soft-Boiled|p2a: Blissey
|-heal|p2a: Blissey|100/100
|
|-damage|p1a: rotomwash|69/100 tox|[from] psn
|upkeep
|turn|9
|
|t:|1663933280
|move|p1a: rotomwash|Pain Split|p2a: Blissey
|-sethp|p2a: Blissey|65/100|[from] move: Pain Split|[silent]
|-sethp|p1a: rotomwash|100/100 tox|[from] move: Pain Split
|move|p2a: Blissey|Soft-Boiled|p2a: Blissey
|-heal|p2a: Blissey|100/100
|
|-damage|p1a: rotomwash|63/100 tox|[from] psn
|upkeep
|turn|10
|
|t:|1663933282
|move|p1a: rotomwash|Pain Split|p2a: Blissey
|-sethp|p2a: Blissey|64/100|[from] move: Pain Split|[silent]
|-sethp|p1a: rotomwash|100/100 tox|[from] move: Pain Split
|move|p2a: Blissey|Soft-Boiled|p2a: Blissey
|-heal|p2a: Blissey|100/100
|
|-damage|p1a: rotomwash|57/100 tox|[from] psn
|upkeep
|turn|11
|
|t:|1663933284
|move|p1a: rotomwash|Pain Split|p2a: Blissey
|-sethp|p2a: Blissey|62/100|[from] move: Pain Split|[silent]
|-sethp|p1a: rotomwash|100/100 tox|[from] move: Pain Split
|move|p2a: Blissey|Soft-Boiled|p2a: Blissey
|-heal|p2a: Blissey|100/100
|
|-damage|p1a: rotomwash|50/100 tox|[from] psn
|upkeep
|turn|12
|
|t:|1663933286
|move|p1a: rotomwash|Pain Split|p2a: Blissey
|-sethp|p2a: Blissey|61/100|[from] move: Pain Split|[silent]
|-sethp|p1a: rotomwash|100/100 tox|[from] move: Pain Split
|move|p2a: Blissey|Soft-Boiled|p2a: Blissey
|-heal|p2a: Blissey|100/100
|
|-damage|p1a: rotomwash|44/100 tox|[from] psn
|upkeep
|turn|13
|
|t:|1663933290
|move|p1a: rotomwash|Pain Split|p2a: Blissey
|-sethp|p2a: Blissey|60/100|[from] move: Pain Split|[silent]
|-sethp|p1a: rotomwash|100/100 tox|[from] move: Pain Split
|move|p2a: Blissey|Soft-Boiled|p2a: Blissey
|-heal|p2a: Blissey|100/100
|
|-damage|p1a: rotomwash|38/100 tox|[from] psn
|upkeep
|turn|14
|
|t:|1663933291
|move|p1a: rotomwash|Pain Split|p2a: Blissey
|-sethp|p2a: Blissey|58/100|[from] move: Pain Split|[silent]
|-sethp|p1a: rotomwash|100/100 tox|[from] move: Pain Split
|move|p2a: Blissey|Seismic Toss|p1a: rotomwash
|-damage|p1a: rotomwash|68/100 tox
|
|-heal|p1a: rotomwash|74/100 tox|[from] item: Leftovers
|-damage|p1a: rotomwash|5/100 tox|[from] psn
|upkeep
|turn|15
|
|t:|1663933294
|move|p1a: rotomwash|Pain Split|p2a: Blissey
|-sethp|p2a: Blissey|30/100|[from] move: Pain Split|[silent]
|-sethp|p1a: rotomwash|71/100 tox|[from] move: Pain Split
|move|p2a: Blissey|Soft-Boiled|p2a: Blissey
|-heal|p2a: Blissey|80/100
|
|-heal|p1a: rotomwash|77/100 tox|[from] item: Leftovers
|-damage|p1a: rotomwash|2/100 tox|[from] psn
|upkeep
|turn|16
|
|t:|1663933298
|move|p1a: rotomwash|Pain Split|p2a: Blissey
|-sethp|p2a: Blissey|41/100|[from] move: Pain Split|[silent]
|-sethp|p1a: rotomwash|95/100 tox|[from] move: Pain Split
|move|p2a: Blissey|Seismic Toss|p1a: rotomwash
|-damage|p1a: rotomwash|62/100 tox
|
|-heal|p1a: rotomwash|69/100 tox|[from] item: Leftovers
|-damage|p1a: rotomwash|0 fnt|[from] psn
|faint|p1a: rotomwash
|upkeep
|
|t:|1663933298
|switch|p1a: Weavile|Weavile, F|100/100
|-ability|p1a: Weavile|Pressure
|turn|17
|
|t:|1663933301
|switch|p2a: Corviknight|Corviknight, M|100/100
|-ability|p2a: Corviknight|Pressure
|move|p1a: Weavile|Knock Off|p2a: Corviknight
|-damage|p2a: Corviknight|55/100
|-damage|p1a: Weavile|84/100|[from] item: Rocky Helmet|[of] p2a: Corviknight
|-enditem|p2a: Corviknight|Rocky Helmet|[from] move: Knock Off|[of] p1a: Weavile
|
|upkeep
|turn|18
|
|t:|1663933306
|switch|p1a: Melmetal|Melmetal|100/100
|move|p2a: Corviknight|Roost|p2a: Corviknight
|-heal|p2a: Corviknight|100/100
|-singleturn|p2a: Corviknight|move: Roost
|
|upkeep
|turn|19
|
|t:|1663933309
|move|p2a: Corviknight|Body Press|p1a: Melmetal
|-supereffective|p1a: Melmetal
|-damage|p1a: Melmetal|71/100
|move|p1a: Melmetal|Thunder Punch|p2a: Corviknight
|-supereffective|p2a: Corviknight
|-damage|p2a: Corviknight|60/100
|
|upkeep
|turn|20
|
|t:|1663933312
|move|p2a: Corviknight|Roost|p2a: Corviknight
|-heal|p2a: Corviknight|100/100
|-singleturn|p2a: Corviknight|move: Roost
|move|p1a: Melmetal|Thunder Punch|p2a: Corviknight
|-damage|p2a: Corviknight|79/100
|
|upkeep
|turn|21
|
|t:|1663933314
|move|p2a: Corviknight|Body Press|p1a: Melmetal
|-supereffective|p1a: Melmetal
|-damage|p1a: Melmetal|39/100
|move|p1a: Melmetal|Thunder Punch|p2a: Corviknight
|-supereffective|p2a: Corviknight
|-damage|p2a: Corviknight|39/100
|
|upkeep
|turn|22
|
|t:|1663933317
|move|p2a: Corviknight|Roost|p2a: Corviknight
|-heal|p2a: Corviknight|89/100
|-singleturn|p2a: Corviknight|move: Roost
|move|p1a: Melmetal|Thunder Punch|p2a: Corviknight
|-damage|p2a: Corviknight|68/100
|
|upkeep
|turn|23
|
|t:|1663933320
|move|p2a: Corviknight|Body Press|p1a: Melmetal
|-supereffective|p1a: Melmetal
|-damage|p1a: Melmetal|10/100
|move|p1a: Melmetal|Thunder Punch|p2a: Corviknight
|-supereffective|p2a: Corviknight
|-damage|p2a: Corviknight|26/100
|
|upkeep
|turn|24
|
|t:|1663933323
|move|p2a: Corviknight|Roost|p2a: Corviknight
|-heal|p2a: Corviknight|76/100
|-singleturn|p2a: Corviknight|move: Roost
|move|p1a: Melmetal|Earthquake|p2a: Corviknight
|-supereffective|p2a: Corviknight
|-damage|p2a: Corviknight|32/100
|
|upkeep
|turn|25
|
|t:|1663933325
|move|p2a: Corviknight|Roost|p2a: Corviknight
|-heal|p2a: Corviknight|82/100
|-singleturn|p2a: Corviknight|move: Roost
|move|p1a: Melmetal|Earthquake|p2a: Corviknight
|-supereffective|p2a: Corviknight
|-damage|p2a: Corviknight|37/100
|
|upkeep
|turn|26
|
|t:|1663933327
|move|p2a: Corviknight|Roost|p2a: Corviknight
|-heal|p2a: Corviknight|87/100
|-singleturn|p2a: Corviknight|move: Roost
|move|p1a: Melmetal|Earthquake|p2a: Corviknight
|-supereffective|p2a: Corviknight
|-damage|p2a: Corviknight|43/100
|
|upkeep
|turn|27
|
|t:|1663933330
|move|p2a: Corviknight|Roost|p2a: Corviknight
|-heal|p2a: Corviknight|93/100
|-singleturn|p2a: Corviknight|move: Roost
|move|p1a: Melmetal|Earthquake|p2a: Corviknight
|-supereffective|p2a: Corviknight
|-damage|p2a: Corviknight|51/100
|
|upkeep
|turn|28
|
|t:|1663933334
|move|p2a: Corviknight|Roost|p2a: Corviknight
|-heal|p2a: Corviknight|100/100
|-singleturn|p2a: Corviknight|move: Roost
|move|p1a: Melmetal|Earthquake|p2a: Corviknight
|-supereffective|p2a: Corviknight
|-damage|p2a: Corviknight|56/100
|
|upkeep
|turn|29
|
|t:|1663933338
|move|p2a: Corviknight|Body Press|p1a: Melmetal
|-supereffective|p1a: Melmetal
|-crit|p1a: Melmetal
|-damage|p1a: Melmetal|0 fnt
|faint|p1a: Melmetal
|
|upkeep
|
|t:|1663933338
|switch|p1a: Heatran|Heatran, M|100/100
|-item|p1a: Heatran|Air Balloon
|turn|30
|
|t:|1663933342
|switch|p2a: Hydreigon|Hydreigon, F|100/100
|move|p1a: Heatran|Magma Storm|p2a: Hydreigon|[miss]
|-miss|p1a: Heatran|p2a: Hydreigon
|
|upkeep
|turn|31
|
|t:|1663933346
|move|p2a: Hydreigon|Nasty Plot|p2a: Hydreigon
|-boost|p2a: Hydreigon|spa|2
|move|p1a: Heatran|Stealth Rock|p2a: Hydreigon
|-sidestart|p2: Bloody Busybody|move: Stealth Rock
|
|upkeep
|turn|32
|
|t:|1663933348
|move|p2a: Hydreigon|Dark Pulse|p1a: Heatran
|-damage|p1a: Heatran|0 fnt
|-enditem|p1a: Heatran|Air Balloon
|faint|p1a: Heatran
|-damage|p2a: Hydreigon|91/100|[from] item: Life Orb
|
|upkeep
|
|t:|1663933348
|switch|p1a: Weavile|Weavile, F|84/100
|-ability|p1a: Weavile|Pressure
|turn|33
|
|t:|1663933351
|move|p1a: Weavile|Low Kick|p2a: Hydreigon
|-supereffective|p2a: Hydreigon
|-damage|p2a: Hydreigon|0 fnt
|faint|p2a: Hydreigon
|
|upkeep
|
|t:|1663933353
|switch|p2a: Rillaboom|Rillaboom, M|100/100
|-damage|p2a: Rillaboom|88/100|[from] Stealth Rock
|-fieldstart|move: Grassy Terrain|[from] ability: Grassy Surge|[of] p2a: Rillaboom
|turn|34
|
|t:|1663933355
|switch|p1a: landorustherian|Landorus-Therian, M|100/100
|-ability|p1a: landorustherian|Intimidate|boost
|-unboost|p2a: Rillaboom|atk|1
|move|p2a: Rillaboom|U-turn|p1a: landorustherian
|-resisted|p1a: landorustherian
|-damage|p1a: landorustherian|88/100
|
|t:|1663933358
|switch|p2a: Corviknight|Corviknight, M|56/100|[from]move: U-turn
|-damage|p2a: Corviknight|44/100|[from] Stealth Rock
|-ability|p2a: Corviknight|Pressure
|
|-heal|p1a: landorustherian|94/100|[from] item: Leftovers
|upkeep
|turn|35
|
|t:|1663933361
|move|p1a: landorustherian|U-turn|p2a: Corviknight
|-resisted|p2a: Corviknight
|-damage|p2a: Corviknight|41/100
|
|t:|1663933361
|switch|p1a: Tangrowth|Tangrowth, M|100/100|[from]move: U-turn
|move|p2a: Corviknight|Roost|p2a: Corviknight
|-heal|p2a: Corviknight|91/100
|-singleturn|p2a: Corviknight|move: Roost
|
|-heal|p2a: Corviknight|97/100|[from] Grassy Terrain
|upkeep
|turn|36
|
|t:|1663933366
|switch|p2a: Blissey|Blissey, F|41/100
|move|p1a: Tangrowth|Sleep Powder|p2a: Blissey|[miss]
|-miss|p1a: Tangrowth|p2a: Blissey
|
|-heal|p2a: Blissey|47/100|[from] Grassy Terrain
|upkeep
|turn|37
|
|t:|1663933369
|move|p2a: Blissey|Toxic|p1a: Tangrowth
|-status|p1a: Tangrowth|tox
|move|p1a: Tangrowth|Sleep Powder|p2a: Blissey|[miss]
|-miss|p1a: Tangrowth|p2a: Blissey
|
|-heal|p2a: Blissey|53/100|[from] Grassy Terrain
|-damage|p1a: Tangrowth|94/100 tox|[from] psn
|upkeep
|turn|38
|
|t:|1663933371
|move|p2a: Blissey|Soft-Boiled|p2a: Blissey
|-heal|p2a: Blissey|100/100
|move|p1a: Tangrowth|Sleep Powder|p2a: Blissey
|-status|p2a: Blissey|slp|[from] move: Sleep Powder
|
|-heal|p1a: Tangrowth|100/100 tox|[from] Grassy Terrain
|-damage|p1a: Tangrowth|88/100 tox|[from] psn
|-fieldend|move: Grassy Terrain
|upkeep
|turn|39
|
|t:|1663933374
|move|p1a: Tangrowth|Sleep Powder|p2a: Blissey|[miss]
|-miss|p1a: Tangrowth|p2a: Blissey
|cant|p2a: Blissey|slp
|
|-damage|p1a: Tangrowth|70/100 tox|[from] psn
|upkeep
|turn|40
|
|t:|1663933377
|move|p1a: Tangrowth|Sleep Powder|p2a: Blissey
|-fail|p2a: Blissey|slp
|cant|p2a: Blissey|slp
|
|-damage|p1a: Tangrowth|45/100 tox|[from] psn
|upkeep
|turn|41
|
|t:|1663933381
|switch|p1a: Weavile|Weavile, F|84/100
|-ability|p1a: Weavile|Pressure
|cant|p2a: Blissey|slp
|
|upkeep
|turn|42
|
|t:|1663933385
|-curestatus|p2a: Blissey|slp|[from] ability: Natural Cure
|switch|p2a: Corviknight|Corviknight, M|97/100
|-damage|p2a: Corviknight|85/100|[from] Stealth Rock
|-ability|p2a: Corviknight|Pressure
|move|p1a: Weavile|Knock Off|p2a: Corviknight
|-damage|p2a: Corviknight|55/100
|
|upkeep
|turn|43
|
|t:|1663933388
|switch|p1a: Tangrowth|Tangrowth, M|78/100 tox
|move|p2a: Corviknight|Roost|p2a: Corviknight
|-heal|p2a: Corviknight|100/100
|-singleturn|p2a: Corviknight|move: Roost
|
|-damage|p1a: Tangrowth|72/100 tox|[from] psn
|upkeep
|turn|44
|
|t:|1663933391
|switch|p2a: Blissey|Blissey, F|100/100
|move|p1a: Tangrowth|Sleep Powder|p2a: Blissey
|-status|p2a: Blissey|slp|[from] move: Sleep Powder
|
|-damage|p1a: Tangrowth|59/100 tox|[from] psn
|upkeep
|turn|45
|
|t:|1663933394
|move|p1a: Tangrowth|Sleep Powder|p2a: Blissey|[miss]
|-miss|p1a: Tangrowth|p2a: Blissey
|cant|p2a: Blissey|slp
|
|-damage|p1a: Tangrowth|41/100 tox|[from] psn
|upkeep
|turn|46
|
|t:|1663933396
|move|p1a: Tangrowth|Sleep Powder|p2a: Blissey
|-fail|p2a: Blissey|slp
|cant|p2a: Blissey|slp
|
|-damage|p1a: Tangrowth|16/100 tox|[from] psn
|upkeep
|turn|47
|
|t:|1663933398
|move|p1a: Tangrowth|Focus Blast|p2a: Blissey|[miss]
|-miss|p1a: Tangrowth|p2a: Blissey
|-curestatus|p2a: Blissey|slp|[msg]
|move|p2a: Blissey|Teleport|p2a: Blissey
|
|t:|1663933403
|switch|p2a: Corviknight|Corviknight, M|100/100|[from]move: Teleport
|-damage|p2a: Corviknight|88/100|[from] Stealth Rock
|-ability|p2a: Corviknight|Pressure
|
|-damage|p1a: Tangrowth|0 fnt|[from] psn
|faint|p1a: Tangrowth
|upkeep
|
|t:|1663933403
|switch|p1a: Weavile|Weavile, F|84/100
|-ability|p1a: Weavile|Pressure
|turn|48
|
|t:|1663933405
|move|p1a: Weavile|Triple Axel|p2a: Corviknight
|-crit|p2a: Corviknight
|-damage|p2a: Corviknight|74/100
|-damage|p2a: Corviknight|57/100
|-damage|p2a: Corviknight|31/100
|-hitcount|p2a: Corviknight|3
|move|p2a: Corviknight|Defog|p1a: Weavile
|-unboost|p1a: Weavile|evasion|1
|-sideend|p2: Bloody Busybody|Stealth Rock|[from] move: Defog|[of] p2a: Corviknight
|
|upkeep
|turn|49
|
|t:|1663933411
|switch|p2a: Volcanion|Volcanion|100/100
|move|p1a: Weavile|Triple Axel|p2a: Volcanion
|-resisted|p2a: Volcanion
|-damage|p2a: Volcanion|98/100
|-resisted|p2a: Volcanion
|-damage|p2a: Volcanion|92/100
|-resisted|p2a: Volcanion
|-damage|p2a: Volcanion|83/100
|-hitcount|p2a: Volcanion|3
|
|upkeep
|turn|50
|
|t:|1663933412
|move|p1a: Weavile|Triple Axel|p2a: Volcanion
|-resisted|p2a: Volcanion
|-damage|p2a: Volcanion|80/100
|-resisted|p2a: Volcanion
|-damage|p2a: Volcanion|74/100
|-resisted|p2a: Volcanion
|-damage|p2a: Volcanion|66/100
|-hitcount|p2a: Volcanion|3
|move|p2a: Volcanion|Steam Eruption|p1a: Weavile
|-damage|p1a: Weavile|0 fnt
|faint|p1a: Weavile
|
|upkeep
|
|t:|1663933412
|switch|p1a: landorustherian|Landorus-Therian, M|94/100
|-ability|p1a: landorustherian|Intimidate|boost
|-unboost|p2a: Volcanion|atk|1
|turn|51
|
|t:|1663933416
|switch|p2a: Corviknight|Corviknight, M|31/100
|-ability|p2a: Corviknight|Pressure
|move|p1a: landorustherian|Earthquake|p2a: Corviknight
|-immune|p2a: Corviknight
|
|-heal|p1a: landorustherian|100/100|[from] item: Leftovers
|upkeep
|turn|52
|
|t:|1663933418
|move|p1a: landorustherian|Defog|p2a: Corviknight
|-unboost|p2a: Corviknight|evasion|1
|move|p2a: Corviknight|Roost|p2a: Corviknight
|-heal|p2a: Corviknight|81/100
|-singleturn|p2a: Corviknight|move: Roost
|
|upkeep
|turn|53
|
|t:|1663933421
|move|p1a: landorustherian|U-turn|p2a: Corviknight
|-resisted|p2a: Corviknight
|-damage|p2a: Corviknight|78/100
|move|p2a: Corviknight|U-turn|p1a: landorustherian
|-resisted|p1a: landorustherian
|-damage|p1a: landorustherian|94/100
|
|t:|1663933425
|switch|p2a: Mamoswine|Mamoswine, F|76/100|[from]move: U-turn
|
|-heal|p1a: landorustherian|99/100|[from] item: Leftovers
|upkeep
|turn|54
|
|t:|1663933428
|move|p2a: Mamoswine|Icicle Crash|p1a: landorustherian
|-supereffective|p1a: landorustherian
|-damage|p1a: landorustherian|0 fnt
|faint|p1a: landorustherian
|
|win|Bloody Busybody
|raw|minimax_ai's rating: 1525 &rarr; <strong>1518</strong><br />(-7 for losing)
|raw|Bloody Busybody's rating: 1802 &rarr; <strong>1809</strong><br />(+7 for winning)
|c|☆minimax_ai|gg
|c|☆Bloody Busybody|gg
