|j|☆testotesto321
|j|☆TiresomeGrind
|player|p1|testotesto321|bellelba|1646
|player|p2|TiresomeGrind|lucas|1685
|teamsize|p1|6
|teamsize|p2|6
|gametype|singles
|gen|8
|tier|[Gen 8] OU
|rated|
|html|<div class="broadcast-red"><strong>OU is currently suspecting Melmetal! For information on how to participate check out the <a href="https://www.smogon.com/forums/threads/3662190/">suspect thread</a>.</strong></div>
|clearpoke
|poke|p1|Dragapult, M|
|poke|p1|Zeraora|
|poke|p1|Gengar, F|
|poke|p1|Kommo-o, M|
|poke|p1|Corviknight, F|
|poke|p1|Toxapex, F|
|poke|p2|Ninetales-Alola, M|
|poke|p2|Excadrill, M|
|poke|p2|Zeraora|
|poke|p2|Hawlucha, M|
|poke|p2|Gyarados, F|
|poke|p2|Bisharp, F|
|rule|Sleep Clause Mod: Limit one foe put to sleep
|rule|Species Clause: Limit one of each Pokémon
|rule|OHKO Clause: OHKO moves are banned
|rule|Evasion Moves Clause: Evasion moves are banned
|rule|Endless Battle Clause: Forcing endless battles is banned
|rule|HP Percentage Mod: HP is shown in percentages
|rule|Dynamax Clause: You cannot dynamax
|teampreview
|
|start
|switch|p1a: Gengar|Gengar, F|100/100
|switch|p2a: Excadrill|Excadrill, M|100/100
|-ability|p2a: Excadrill|Mold Breaker
|turn|1
|inactive|Battle timer is ON: inactive players will automatically lose when time's up. (requested by TiresomeGrind)
|
|switch|p1a: Corviknight|Corviknight, F, shiny|100/100
|-ability|p1a: Corviknight|Pressure
|move|p2a: Excadrill|Earthquake|p1a: Corviknight
|-immune|p1a: Corviknight
|
|upkeep
|turn|2
|
|move|p2a: Excadrill|Stealth Rock|p1a: Corviknight
|-sidestart|p1: testotesto321|move: Stealth Rock
|move|p1a: Corviknight|Iron Head|p2a: Excadrill
|-resisted|p2a: Excadrill
|-damage|p2a: Excadrill|82/100
|
|upkeep
|turn|3
|
|switch|p2a: Bisharp|Bisharp, F|100/100
|move|p1a: Corviknight|U-turn|p2a: Bisharp
|-damage|p2a: Bisharp|83/100
|
|switch|p1a: Kommo-o|Kommo-o, M|100/100|[from]move: U-turn
|-damage|p1a: Kommo-o|94/100|[from] Stealth Rock
|
|-heal|p1a: Kommo-o|100/100|[from] item: Leftovers
|upkeep
|turn|4
|
|switch|p2a: Ninetales|Ninetales-Alola, M|100/100
|-weather|Hail|[from] ability: Snow Warning|[of] p2a: Ninetales
|move|p1a: Kommo-o|Body Press|p2a: Ninetales
|-damage|p2a: Ninetales|42/100
|
|-weather|Hail|[upkeep]
|-damage|p1a: Kommo-o|94/100|[from] Hail
|-heal|p1a: Kommo-o|100/100|[from] item: Leftovers
|upkeep
|turn|5
|
|move|p2a: Ninetales|Aurora Veil|p2a: Ninetales
|-sidestart|p2: TiresomeGrind|move: Aurora Veil
|move|p1a: Kommo-o|Body Press|p2a: Ninetales
|-damage|p2a: Ninetales|14/100
|
|-weather|Hail|[upkeep]
|-damage|p1a: Kommo-o|94/100|[from] Hail
|-heal|p1a: Kommo-o|100/100|[from] item: Leftovers
|upkeep
|turn|6
|
|switch|p1a: Corviknight|Corviknight, F, shiny|100/100
|-damage|p1a: Corviknight|88/100|[from] Stealth Rock
|-ability|p1a: Corviknight|Pressure
|move|p2a: Ninetales|Encore||[still]
|-fail|p2a: Ninetales
|
|-weather|Hail|[upkeep]
|-damage|p1a: Corviknight|82/100|[from] Hail
|-heal|p1a: Corviknight|88/100|[from] item: Leftovers
|upkeep
|turn|7
|
|switch|p2a: Bisharp|Bisharp, F|83/100
|move|p1a: Corviknight|U-turn|p2a: Bisharp
|-damage|p2a: Bisharp|75/100
|
|switch|p1a: Kommo-o|Kommo-o, M|100/100|[from]move: U-turn
|-damage|p1a: Kommo-o|94/100|[from] Stealth Rock
|
|-weather|Hail|[upkeep]
|-damage|p2a: Bisharp|69/100|[from] Hail
|-damage|p1a: Kommo-o|88/100|[from] Hail
|-heal|p1a: Kommo-o|94/100|[from] item: Leftovers
|upkeep
|turn|8
|
|switch|p2a: Gyarados|Gyarados, F|100/100
|move|p1a: Kommo-o|Body Press|p2a: Gyarados
|-resisted|p2a: Gyarados
|-damage|p2a: Gyarados|87/100
|
|-weather|none
|-heal|p1a: Kommo-o|100/100|[from] item: Leftovers
|upkeep
|turn|9
|
|move|p2a: Gyarados|Dragon Dance|p2a: Gyarados
|-boost|p2a: Gyarados|atk|1
|-boost|p2a: Gyarados|spe|1
|move|p1a: Kommo-o|Taunt|p2a: Gyarados
|-start|p2a: Gyarados|move: Taunt
|
|upkeep
|turn|10
|
|move|p2a: Gyarados|Bounce||[still]
|-prepare|p2a: Gyarados|Bounce|p1a: Kommo-o
|-enditem|p2a: Gyarados|Power Herb
|-anim|p2a: Gyarados|Bounce|p1a: Kommo-o
|-supereffective|p1a: Kommo-o
|-damage|p1a: Kommo-o|27/100
|move|p1a: Kommo-o|Body Press|p2a: Gyarados
|-resisted|p2a: Gyarados
|-damage|p2a: Gyarados|71/100
|
|-heal|p1a: Kommo-o|33/100|[from] item: Leftovers
|upkeep
|turn|11
|
|switch|p1a: Toxapex|Toxapex, F, shiny|100/100
|-damage|p1a: Toxapex|88/100|[from] Stealth Rock
|move|p2a: Gyarados|Earthquake|p1a: Toxapex
|-supereffective|p1a: Toxapex
|-damage|p1a: Toxapex|24/100
|
|-heal|p1a: Toxapex|30/100|[from] item: Black Sludge
|upkeep
|turn|12
|
|switch|p1a: Gengar|Gengar, F|100/100
|-damage|p1a: Gengar|88/100|[from] Stealth Rock
|move|p2a: Gyarados|Waterfall|p1a: Gengar
|-damage|p1a: Gengar|0 fnt
|faint|p1a: Gengar
|-ability|p2a: Gyarados|Moxie|boost
|-boost|p2a: Gyarados|atk|1
|
|-end|p2a: Gyarados|move: Taunt
|-sideend|p2: TiresomeGrind|move: Aurora Veil
|upkeep
|
|switch|p1a: Dragapult|Dragapult, M|100/100
|-damage|p1a: Dragapult|88/100|[from] Stealth Rock
|turn|13
|
|move|p1a: Dragapult|Draco Meteor|p2a: Gyarados
|-damage|p2a: Gyarados|8/100
|-unboost|p1a: Dragapult|spa|2
|move|p2a: Gyarados|Bounce||[still]
|-prepare|p2a: Gyarados|Bounce|p1a: Dragapult
|
|upkeep
|turn|14
|
|move|p1a: Dragapult|Draco Meteor|p2a: Gyarados|[miss]
|-miss|p1a: Dragapult|p2a: Gyarados
|move|p2a: Gyarados|Bounce|p1a: Dragapult|[from]lockedmove|[miss]
|-miss|p2a: Gyarados|p1a: Dragapult
|
|upkeep
|turn|15
|
|switch|p2a: Ninetales|Ninetales-Alola, M|14/100
|-weather|Hail|[from] ability: Snow Warning|[of] p2a: Ninetales
|move|p1a: Dragapult|Draco Meteor|p2a: Ninetales
|-immune|p2a: Ninetales
|
|-weather|Hail|[upkeep]
|-damage|p1a: Dragapult|82/100|[from] Hail
|upkeep
|turn|16
|
|switch|p1a: Corviknight|Corviknight, F, shiny|88/100
|-damage|p1a: Corviknight|75/100|[from] Stealth Rock
|-ability|p1a: Corviknight|Pressure
|move|p2a: Ninetales|Aurora Veil|p2a: Ninetales
|-sidestart|p2: TiresomeGrind|move: Aurora Veil
|
|-weather|Hail|[upkeep]
|-damage|p1a: Corviknight|69/100|[from] Hail
|-heal|p1a: Corviknight|75/100|[from] item: Leftovers
|upkeep
|turn|17
|
|move|p2a: Ninetales|Freeze-Dry|p1a: Corviknight
|-damage|p1a: Corviknight|61/100
|move|p1a: Corviknight|U-turn|p2a: Ninetales
|-resisted|p2a: Ninetales
|-damage|p2a: Ninetales|9/100
|
|switch|p1a: Zeraora|Zeraora|100/100|[from]move: U-turn
|-damage|p1a: Zeraora|88/100|[from] Stealth Rock
|
|-weather|Hail|[upkeep]
|-damage|p1a: Zeraora|82/100|[from] Hail
|-heal|p1a: Zeraora|88/100|[from] item: Leftovers
|upkeep
|turn|18
|
|move|p1a: Zeraora|Plasma Fists|p2a: Ninetales
|-damage|p2a: Ninetales|0 fnt
|-fieldactivate|move: Ion Deluge
|faint|p2a: Ninetales
|
|-weather|Hail|[upkeep]
|-damage|p1a: Zeraora|82/100|[from] Hail
|-heal|p1a: Zeraora|88/100|[from] item: Leftovers
|upkeep
|
|switch|p2a: Zeraora|Zeraora|100/100
|turn|19
|
|move|p2a: Zeraora|Bulk Up|p2a: Zeraora
|-boost|p2a: Zeraora|atk|1
|-boost|p2a: Zeraora|def|1
|move|p1a: Zeraora|Bulk Up|p1a: Zeraora
|-boost|p1a: Zeraora|atk|1
|-boost|p1a: Zeraora|def|1
|
|-weather|none
|-heal|p1a: Zeraora|94/100|[from] item: Leftovers
|upkeep
|turn|20
|
|move|p2a: Zeraora|Knock Off|p1a: Zeraora
|-damage|p1a: Zeraora|38/100
|-enditem|p1a: Zeraora|Leftovers|[from] move: Knock Off|[of] p2a: Zeraora
|-damage|p2a: Zeraora|91/100|[from] item: Life Orb
|move|p1a: Zeraora|Bulk Up|p1a: Zeraora
|-boost|p1a: Zeraora|atk|1
|-boost|p1a: Zeraora|def|1
|
|upkeep
|turn|21
|
|move|p1a: Zeraora|Close Combat|p2a: Zeraora
|-damage|p2a: Zeraora|57/100
|-unboost|p1a: Zeraora|def|1
|-unboost|p1a: Zeraora|spd|1
|move|p2a: Zeraora|Close Combat|p1a: Zeraora
|-damage|p1a: Zeraora|0 fnt
|-unboost|p2a: Zeraora|def|1
|-unboost|p2a: Zeraora|spd|1
|-damage|p2a: Zeraora|47/100|[from] item: Life Orb
|faint|p1a: Zeraora
|
|upkeep
|
|switch|p1a: Dragapult|Dragapult, M|82/100
|-damage|p1a: Dragapult|70/100|[from] Stealth Rock
|turn|22
|
|switch|p2a: Gyarados|Gyarados, F|8/100
|move|p1a: Dragapult|Shadow Ball|p2a: Gyarados
|-damage|p2a: Gyarados|0 fnt
|faint|p2a: Gyarados
|
|upkeep
|
|switch|p2a: Bisharp|Bisharp, F|69/100
|turn|23
|
|switch|p1a: Kommo-o|Kommo-o, M|33/100
|-damage|p1a: Kommo-o|27/100|[from] Stealth Rock
|move|p2a: Bisharp|Swords Dance|p2a: Bisharp
|-boost|p2a: Bisharp|atk|2
|
|-heal|p1a: Kommo-o|33/100|[from] item: Leftovers
|-sideend|p2: TiresomeGrind|move: Aurora Veil
|upkeep
|turn|24
|inactive|TiresomeGrind has 120 seconds left.
|
|move|p2a: Bisharp|Iron Head|p1a: Kommo-o
|-damage|p1a: Kommo-o|0 fnt
|faint|p1a: Kommo-o
|
|upkeep
|-message|testotesto321 forfeited.
|
|win|TiresomeGrind
|l|☆testotesto321
