|j|☆OUTW Geomancy
|j|☆LECH24
|t:|1645055618
|gametype|singles
|player|p1|OUTW Geomancy|hiker-gen2|1653
|player|p2|LECH24|169|1630
|teamsize|p1|6
|teamsize|p2|6
|gen|8
|tier|[Gen 8] OU
|rated|
|rule|Sleep Clause Mod: Limit one foe put to sleep
|rule|Species Clause: Limit one of each Pokémon
|rule|OHKO Clause: OHKO moves are banned
|rule|Evasion Moves Clause: Evasion moves are banned
|rule|Endless Battle Clause: Forcing endless battles is banned
|rule|HP Percentage Mod: HP is shown in percentages
|rule|Dynamax Clause: You cannot dynamax
|clearpoke
|poke|p1|Landorus-Therian, M|
|poke|p1|Tornadus-Therian, M|
|poke|p1|Weavile, F|
|poke|p1|Melmetal|
|poke|p1|Toxapex, F|
|poke|p1|Regieleki|
|poke|p2|Blaziken, M|
|poke|p2|Zapdos-Galar|
|poke|p2|Tornadus-Therian, M|
|poke|p2|Dragapult, F|
|poke|p2|Rillaboom, F|
|poke|p2|Hippowdon, M|
|teampreview
|inactive|Battle timer is ON: inactive players will automatically lose when time's up. (requested by OUTW Geomancy)
|
|t:|1645055645
|start
|switch|p1a: Weavile|Weavile, F|100/100
|switch|p2a: Tornadus|Tornadus-Therian, M|100/100
|-ability|p1a: Weavile|Pressure
|turn|1
|
|t:|1645055651
|switch|p2a: Blaziken|Blaziken, M|100/100
|move|p1a: Weavile|Triple Axel|p2a: Blaziken
|-resisted|p2a: Blaziken
|-damage|p2a: Blaziken|90/100
|-resisted|p2a: Blaziken
|-damage|p2a: Blaziken|67/100
|-hitcount|p2a: Blaziken|2
|
|upkeep
|turn|2
|
|t:|1645055659
|move|p1a: Weavile|Triple Axel|p2a: Blaziken
|-resisted|p2a: Blaziken
|-damage|p2a: Blaziken|55/100
|-resisted|p2a: Blaziken
|-damage|p2a: Blaziken|31/100
|-resisted|p2a: Blaziken
|-crit|p2a: Blaziken
|-damage|p2a: Blaziken|0 fnt
|faint|p2a: Blaziken
|-hitcount|p2: Blaziken|3
|
|upkeep
|
|t:|1645055675
|switch|p2a: Rillaboom|Rillaboom, F|100/100
|-fieldstart|move: Grassy Terrain|[from] ability: Grassy Surge|[of] p2a: Rillaboom
|turn|3
|
|t:|1645055679
|switch|p1a: Melmetal|Melmetal|100/100
|move|p2a: Rillaboom|Knock Off|p1a: Melmetal
|-damage|p1a: Melmetal|70/100
|-enditem|p1a: Melmetal|Leftovers|[from] move: Knock Off|[of] p2a: Rillaboom
|
|-heal|p1a: Melmetal|77/100|[from] Grassy Terrain
|upkeep
|turn|4
|
|t:|1645055685
|switch|p2a: Dragapult|Dragapult, F|100/100
|move|p1a: Melmetal|Double Iron Bash|p2a: Dragapult
|-damage|p2a: Dragapult|37/100
|-damage|p2a: Dragapult|0 fnt
|faint|p2a: Dragapult
|-hitcount|p2: Dragapult|2
|
|-heal|p1a: Melmetal|83/100|[from] Grassy Terrain
|upkeep
|
|t:|1645055689
|switch|p2a: Hippowdon|Hippowdon, M|100/100
|-weather|Sandstorm|[from] ability: Sand Stream|[of] p2a: Hippowdon
|turn|5
|
|t:|1645055691
|move|p2a: Hippowdon|Stealth Rock|p1a: Melmetal
|-sidestart|p1: OUTW Geomancy|move: Stealth Rock
|move|p1a: Melmetal|Toxic|p2a: Hippowdon
|-status|p2a: Hippowdon|tox
|
|-weather|Sandstorm|[upkeep]
|-heal|p1a: Melmetal|89/100|[from] Grassy Terrain
|-damage|p2a: Hippowdon|94/100 tox|[from] psn
|upkeep
|turn|6
|
|t:|1645055697
|switch|p1a: Landorus|Landorus-Therian, M|100/100
|-damage|p1a: Landorus|88/100|[from] Stealth Rock
|-ability|p1a: Landorus|Intimidate|boost
|-unboost|p2a: Hippowdon|atk|1
|move|p2a: Hippowdon|Whirlwind|p1a: Landorus
|drag|p1a: Melmetal|Melmetal|89/100
|-damage|p1a: Melmetal|83/100|[from] Stealth Rock
|
|-weather|Sandstorm|[upkeep]
|-heal|p2a: Hippowdon|100/100 tox|[from] Grassy Terrain
|-heal|p1a: Melmetal|89/100|[from] Grassy Terrain
|-damage|p2a: Hippowdon|88/100 tox|[from] psn
|upkeep
|turn|7
|
|t:|1645055702
|switch|p1a: Tornadus|Tornadus-Therian, M|100/100
|move|p2a: Hippowdon|Earthquake|p1a: Tornadus
|-immune|p1a: Tornadus
|
|-weather|Sandstorm|[upkeep]
|-damage|p1a: Tornadus|94/100|[from] Sandstorm
|-heal|p2a: Hippowdon|94/100 tox|[from] Grassy Terrain
|-heal|p2a: Hippowdon|100/100 tox|[from] item: Leftovers
|-damage|p2a: Hippowdon|82/100 tox|[from] psn
|-fieldend|move: Grassy Terrain
|upkeep
|turn|8
|
|t:|1645055706
|switch|p2a: Tornadus|Tornadus-Therian, M|100/100
|move|p1a: Tornadus|Taunt|p2a: Tornadus
|-start|p2a: Tornadus|move: Taunt
|
|-weather|Sandstorm|[upkeep]
|-damage|p1a: Tornadus|88/100|[from] Sandstorm
|-damage|p2a: Tornadus|94/100|[from] Sandstorm
|upkeep
|turn|9
|
|t:|1645055709
|move|p2a: Tornadus|Hurricane|p1a: Tornadus
|-damage|p1a: Tornadus|48/100
|move|p1a: Tornadus|Nasty Plot|p1a: Tornadus
|-boost|p1a: Tornadus|spa|2
|
|-weather|none
|upkeep
|turn|10
|
|t:|1645055712
|move|p1a: Tornadus|Hurricane|p2a: Tornadus|[miss]
|-miss|p1a: Tornadus|p2a: Tornadus
|move|p2a: Tornadus|Hurricane|p1a: Tornadus
|-damage|p1a: Tornadus|2/100
|
|-end|p2a: Tornadus|move: Taunt
|upkeep
|turn|11
|
|t:|1645055715
|move|p2a: Tornadus|Heat Wave|p1a: Tornadus
|-damage|p1a: Tornadus|0 fnt
|faint|p1a: Tornadus
|
|upkeep
|
|t:|1645055722
|switch|p1a: Regieleki|Regieleki|100/100
|-damage|p1a: Regieleki|88/100|[from] Stealth Rock
|turn|12
|
|t:|1645055728
|switch|p2a: Rillaboom|Rillaboom, F|100/100
|-fieldstart|move: Grassy Terrain|[from] ability: Grassy Surge|[of] p2a: Rillaboom
|move|p1a: Regieleki|Substitute|p1a: Regieleki
|-start|p1a: Regieleki|Substitute
|-damage|p1a: Regieleki|63/100
|
|-heal|p1a: Regieleki|69/100|[from] Grassy Terrain
|-heal|p1a: Regieleki|75/100|[from] item: Leftovers
|upkeep
|turn|13
|
|t:|1645055730
|move|p1a: Regieleki|Protect|p1a: Regieleki
|-singleturn|p1a: Regieleki|Protect
|move|p2a: Rillaboom|Grassy Glide|p1a: Regieleki
|-activate|p1a: Regieleki|move: Protect
|
|-heal|p1a: Regieleki|81/100|[from] Grassy Terrain
|-heal|p1a: Regieleki|87/100|[from] item: Leftovers
|upkeep
|turn|14
|
|t:|1645055736
|move|p2a: Rillaboom|Grassy Glide|p1a: Regieleki
|-end|p1a: Regieleki|Substitute
|move|p1a: Regieleki|Thunder Cage|p2a: Rillaboom|[miss]
|-miss|p1a: Regieleki|p2a: Rillaboom
|
|-heal|p1a: Regieleki|93/100|[from] Grassy Terrain
|-heal|p1a: Regieleki|99/100|[from] item: Leftovers
|upkeep
|turn|15
|
|t:|1645055741
|move|p1a: Regieleki|Protect|p1a: Regieleki
|-singleturn|p1a: Regieleki|Protect
|move|p2a: Rillaboom|Grassy Glide|p1a: Regieleki
|-activate|p1a: Regieleki|move: Protect
|
|-heal|p1a: Regieleki|100/100|[from] Grassy Terrain
|upkeep
|turn|16
|
|t:|1645055747
|switch|p1a: Toxapex|Toxapex, F|100/100
|-damage|p1a: Toxapex|88/100|[from] Stealth Rock
|switch|p2a: Zapdos|Zapdos-Galar|100/100
|
|-heal|p1a: Toxapex|94/100|[from] Grassy Terrain
|-fieldend|move: Grassy Terrain
|upkeep
|turn|17
|
|t:|1645055751
|move|p2a: Zapdos|U-turn|p1a: Toxapex
|-resisted|p1a: Toxapex
|-damage|p1a: Toxapex|80/100
|
|t:|1645055752
|switch|p2a: Hippowdon|Hippowdon, M|82/100 tox|[from]move: U-turn
|-weather|Sandstorm|[from] ability: Sand Stream|[of] p2a: Hippowdon
|move|p1a: Toxapex|Toxic|p2a: Hippowdon
|-fail|p2a: Hippowdon|tox
|
|-weather|Sandstorm|[upkeep]
|-damage|p1a: Toxapex|74/100|[from] Sandstorm
|-heal|p2a: Hippowdon|88/100 tox|[from] item: Leftovers
|-damage|p2a: Hippowdon|82/100 tox|[from] psn
|upkeep
|turn|18
|
|t:|1645055756
|switch|p2a: Zapdos|Zapdos-Galar|100/100
|move|p1a: Toxapex|Scald|p2a: Zapdos
|-damage|p2a: Zapdos|80/100
|
|-weather|Sandstorm|[upkeep]
|-damage|p2a: Zapdos|74/100|[from] Sandstorm
|-damage|p1a: Toxapex|68/100|[from] Sandstorm
|upkeep
|turn|19
|
|t:|1645055764
|move|p2a: Zapdos|Brave Bird|p1a: Toxapex
|-damage|p1a: Toxapex|4/100
|-damage|p2a: Zapdos|54/100|[from] Recoil
|move|p1a: Toxapex|Recover|p1a: Toxapex
|-heal|p1a: Toxapex|54/100
|
|-weather|Sandstorm|[upkeep]
|-damage|p2a: Zapdos|48/100|[from] Sandstorm
|-damage|p1a: Toxapex|48/100|[from] Sandstorm
|upkeep
|turn|20
|
|t:|1645055774
|move|p2a: Zapdos|Brave Bird|p1a: Toxapex
|-damage|p1a: Toxapex|0 fnt
|faint|p1a: Toxapex
|-damage|p2a: Zapdos|33/100|[from] Recoil
|
|-weather|Sandstorm|[upkeep]
|-damage|p2a: Zapdos|26/100|[from] Sandstorm
|upkeep
|
|t:|1645055777
|switch|p1a: Weavile|Weavile, F|100/100
|-damage|p1a: Weavile|76/100|[from] Stealth Rock
|-ability|p1a: Weavile|Pressure
|turn|21
|
|t:|1645055785
|switch|p2a: Tornadus|Tornadus-Therian, M|100/100
|move|p1a: Weavile|Knock Off|p2a: Tornadus
|-damage|p2a: Tornadus|24/100
|-enditem|p2a: Tornadus|Heavy-Duty Boots|[from] move: Knock Off|[of] p1a: Weavile
|
|-weather|none
|upkeep
|turn|22
|
|t:|1645055793
|switch|p2a: Hippowdon|Hippowdon, M|82/100 tox
|-weather|Sandstorm|[from] ability: Sand Stream|[of] p2a: Hippowdon
|move|p1a: Weavile|Knock Off|p2a: Hippowdon
|-damage|p2a: Hippowdon|43/100 tox
|-enditem|p2a: Hippowdon|Leftovers|[from] move: Knock Off|[of] p1a: Weavile
|
|-weather|Sandstorm|[upkeep]
|-damage|p1a: Weavile|70/100|[from] Sandstorm
|-damage|p2a: Hippowdon|37/100 tox|[from] psn
|upkeep
|turn|23
|
|t:|1645055799
|switch|p1a: Regieleki|Regieleki|100/100
|-damage|p1a: Regieleki|88/100|[from] Stealth Rock
|move|p2a: Hippowdon|Slack Off|p2a: Hippowdon
|-heal|p2a: Hippowdon|87/100 tox
|
|-weather|Sandstorm|[upkeep]
|-damage|p1a: Regieleki|82/100|[from] Sandstorm
|-heal|p1a: Regieleki|88/100|[from] item: Leftovers
|-damage|p2a: Hippowdon|75/100 tox|[from] psn
|upkeep
|turn|24
|
|t:|1645055806
|switch|p2a: Rillaboom|Rillaboom, F|100/100
|-fieldstart|move: Grassy Terrain|[from] ability: Grassy Surge|[of] p2a: Rillaboom
|move|p1a: Regieleki|Substitute|p1a: Regieleki
|-start|p1a: Regieleki|Substitute
|-damage|p1a: Regieleki|63/100
|
|-weather|Sandstorm|[upkeep]
|-damage|p1a: Regieleki|57/100|[from] Sandstorm
|-damage|p2a: Rillaboom|94/100|[from] Sandstorm
|-heal|p1a: Regieleki|63/100|[from] Grassy Terrain
|-heal|p1a: Regieleki|69/100|[from] item: Leftovers
|-heal|p2a: Rillaboom|100/100|[from] Grassy Terrain
|upkeep
|turn|25
|
|t:|1645055811
|move|p1a: Regieleki|Protect|p1a: Regieleki
|-singleturn|p1a: Regieleki|Protect
|move|p2a: Rillaboom|Grassy Glide|p1a: Regieleki
|-activate|p1a: Regieleki|move: Protect
|
|-weather|Sandstorm|[upkeep]
|-damage|p1a: Regieleki|63/100|[from] Sandstorm
|-damage|p2a: Rillaboom|94/100|[from] Sandstorm
|-heal|p1a: Regieleki|69/100|[from] Grassy Terrain
|-heal|p1a: Regieleki|75/100|[from] item: Leftovers
|-heal|p2a: Rillaboom|100/100|[from] Grassy Terrain
|upkeep
|turn|26
|
|t:|1645055814
|move|p2a: Rillaboom|Grassy Glide|p1a: Regieleki
|-end|p1a: Regieleki|Substitute
|move|p1a: Regieleki|Thunder Cage|p2a: Rillaboom
|-resisted|p2a: Rillaboom
|-damage|p2a: Rillaboom|65/100
|-activate|p2a: Rillaboom|move: Thunder Cage|[of] p1a: Regieleki
|
|-weather|none
|-heal|p1a: Regieleki|81/100|[from] Grassy Terrain
|-heal|p1a: Regieleki|87/100|[from] item: Leftovers
|-heal|p2a: Rillaboom|71/100|[from] Grassy Terrain
|-damage|p2a: Rillaboom|59/100|[from] move: Thunder Cage|[partiallytrapped]
|upkeep
|turn|27
|
|t:|1645055818
|move|p1a: Regieleki|Protect|p1a: Regieleki
|-singleturn|p1a: Regieleki|Protect
|move|p2a: Rillaboom|Grassy Glide|p1a: Regieleki
|-activate|p1a: Regieleki|move: Protect
|
|-heal|p1a: Regieleki|93/100|[from] Grassy Terrain
|-heal|p1a: Regieleki|99/100|[from] item: Leftovers
|-heal|p2a: Rillaboom|65/100|[from] Grassy Terrain
|-damage|p2a: Rillaboom|52/100|[from] move: Thunder Cage|[partiallytrapped]
|upkeep
|turn|28
|
|t:|1645055820
|switch|p1a: Melmetal|Melmetal|89/100
|-damage|p1a: Melmetal|83/100|[from] Stealth Rock
|move|p2a: Rillaboom|Grassy Glide|p1a: Melmetal
|-resisted|p1a: Melmetal
|-damage|p1a: Melmetal|63/100
|
|-heal|p2a: Rillaboom|59/100|[from] Grassy Terrain
|-heal|p1a: Melmetal|69/100|[from] Grassy Terrain
|-end|p2a: Rillaboom|Thunder Cage|[partiallytrapped]|[silent]
|-fieldend|move: Grassy Terrain
|upkeep
|turn|29
|
|t:|1645055826
|switch|p2a: Tornadus|Tornadus-Therian, M|57/100
|move|p1a: Melmetal|Double Iron Bash|p2a: Tornadus
|-crit|p2a: Tornadus
|-damage|p2a: Tornadus|0 fnt
|faint|p2a: Tornadus
|-hitcount|p2: Tornadus|1
|
|upkeep
|
|t:|1645055828
|switch|p2a: Zapdos|Zapdos-Galar|26/100
|turn|30
|
|t:|1645055839
|switch|p1a: Regieleki|Regieleki|99/100
|-damage|p1a: Regieleki|87/100|[from] Stealth Rock
|move|p2a: Zapdos|Close Combat|p1a: Regieleki
|-damage|p1a: Regieleki|0 fnt
|-unboost|p2a: Zapdos|def|1
|-unboost|p2a: Zapdos|spd|1
|faint|p1a: Regieleki
|
|upkeep
|
|t:|1645055840
|switch|p1a: Weavile|Weavile, F|70/100
|-damage|p1a: Weavile|45/100|[from] Stealth Rock
|-ability|p1a: Weavile|Pressure
|turn|31
|
|t:|1645055847
|move|p1a: Weavile|Triple Axel|p2a: Zapdos
|-supereffective|p2a: Zapdos
|-damage|p2a: Zapdos|0 fnt
|faint|p2a: Zapdos
|-hitcount|p2: Zapdos|1
|
|upkeep
|
|t:|1645055849
|switch|p2a: Rillaboom|Rillaboom, F|59/100
|-fieldstart|move: Grassy Terrain|[from] ability: Grassy Surge|[of] p2a: Rillaboom
|turn|32
|
|t:|1645055854
|move|p1a: Weavile|Triple Axel|p2a: Rillaboom
|-supereffective|p2a: Rillaboom
|-damage|p2a: Rillaboom|25/100
|-supereffective|p2a: Rillaboom
|-damage|p2a: Rillaboom|0 fnt
|faint|p2a: Rillaboom
|-hitcount|p2: Rillaboom|2
|
|-heal|p1a: Weavile|51/100|[from] Grassy Terrain
|upkeep
|-message|LECH24 forfeited.
|
|win|OUTW Geomancy
|raw|OUTW Geomancy's rating: 1653 &rarr; <strong>1672</strong><br />(+19 for winning)
|raw|LECH24's rating: 1630 &rarr; <strong>1611</strong><br />(-19 for losing)
|l|☆LECH24
