|j|☆GEN 8 JESUS
|j|☆4funaccount
|player|p1|GEN 8 JESUS|baker|1994
|player|p2|4funaccount|hilda-dueldisk|1801
|teamsize|p1|6
|teamsize|p2|6
|gametype|singles
|gen|8
|tier|[Gen 8] OU
|rated|
|clearpoke
|poke|p1|Clefable, M|
|poke|p1|Rotom-Mow|
|poke|p1|Toxapex, M|
|poke|p1|Hydreigon, M|
|poke|p1|Corviknight, M|
|poke|p1|Mew|
|poke|p2|Centiskorch, F|
|poke|p2|Rotom-Wash|
|poke|p2|Dragapult, F|
|poke|p2|Ferrothorn, F|
|poke|p2|Excadrill, M|
|poke|p2|Hydreigon, M|
|rule|Sleep Clause Mod: Limit one foe put to sleep
|rule|Species Clause: Limit one of each Pokémon
|rule|OHKO Clause: OHKO moves are banned
|rule|Evasion Moves Clause: Evasion moves are banned
|rule|Endless Battle Clause: Forcing endless battles is banned
|rule|HP Percentage Mod: HP is shown in percentages
|rule|Dynamax Clause: You cannot dynamax
|teampreview
|j| Quamai
|j| Power-and-Finesse
|
|start
|switch|p1a: Toxapex|Toxapex, M|100/100
|switch|p2a: gen 8 marshadow|Dragapult, F|100/100
|turn|1
|
|switch|p2a: gen 8 rotom|Rotom-Wash|100/100
|move|p1a: Toxapex|Toxic|p2a: gen 8 rotom
|-status|p2a: gen 8 rotom|tox
|
|-damage|p2a: gen 8 rotom|95/100 tox|[from] psn
|upkeep
|turn|2
|
|switch|p1a: Rotom|Rotom-Mow|100/100
|move|p2a: gen 8 rotom|Will-O-Wisp|p1a: Rotom
|-status|p1a: Rotom|brn
|
|-damage|p1a: Rotom|94/100 brn|[from] brn
|-damage|p2a: gen 8 rotom|83/100 tox|[from] psn
|upkeep
|turn|3
|j| bigyayay
|j| alt of the week
|j| xaox-xy-
|
|switch|p2a: gen 8 marshadow|Dragapult, F|100/100
|move|p1a: Rotom|Volt Switch|p2a: gen 8 marshadow
|-resisted|p2a: gen 8 marshadow
|-damage|p2a: gen 8 marshadow|80/100
|
|switch|p1a: Hydreigon|Hydreigon, M|100/100|[from]move: Volt Switch
|
|upkeep
|turn|4
|
|switch|p1a: Clefable|Clefable, M|100/100
|move|p2a: gen 8 marshadow|Draco Meteor|p1a: Clefable
|-immune|p1a: Clefable
|
|upkeep
|turn|5
|
|switch|p2a: Gen 8 heatran|Centiskorch, F|100/100
|move|p1a: Clefable|Aromatherapy|p1a: Clefable
|-activate|p1a: Clefable|move: Aromatherapy
|-curestatus|p1: Rotom|brn|[msg]
|
|upkeep
|turn|6
|c|☆GEN 8 JESUS|lol r u actually scarf?
|
|switch|p1a: Toxapex|Toxapex, M|100/100
|move|p2a: Gen 8 heatran|Knock Off|p1a: Toxapex
|-damage|p1a: Toxapex|81/100
|-enditem|p1a: Toxapex|Black Sludge|[from] move: Knock Off|[of] p2a: Gen 8 heatran
|
|upkeep
|turn|7
|
|switch|p2a: gen 8 rotom|Rotom-Wash|83/100 tox
|move|p1a: Toxapex|Scald|p2a: gen 8 rotom
|-resisted|p2a: gen 8 rotom
|-damage|p2a: gen 8 rotom|74/100 tox
|
|-damage|p2a: gen 8 rotom|68/100 tox|[from] psn
|upkeep
|turn|8
|
|move|p1a: Toxapex|Baneful Bunker|p1a: Toxapex
|-singleturn|p1a: Toxapex|move: Protect
|move|p2a: gen 8 rotom|Will-O-Wisp|p1a: Toxapex
|-activate|p1a: Toxapex|move: Protect
|
|-damage|p2a: gen 8 rotom|57/100 tox|[from] psn
|upkeep
|turn|9
|
|switch|p1a: Clefable|Clefable, M|100/100
|move|p2a: gen 8 rotom|Volt Switch|p1a: Clefable
|-damage|p1a: Clefable|80/100
|l| Quamai
|
|switch|p2a: gen 8 excadrill|Excadrill, M|100/100|[from]move: Volt Switch
|-ability|p2a: gen 8 excadrill|Mold Breaker
|
|-heal|p1a: Clefable|86/100|[from] item: Leftovers
|upkeep
|turn|10
|
|switch|p1a: Corviknight|Corviknight, M|100/100
|-ability|p1a: Corviknight|Pressure
|move|p2a: gen 8 excadrill|Stealth Rock|p1a: Corviknight
|-sidestart|p1: GEN 8 JESUS|move: Stealth Rock
|
|upkeep
|turn|11
|
|switch|p2a: gen 8 ferrothorn|Ferrothorn, F|100/100
|move|p1a: Corviknight|Defog|p2a: gen 8 ferrothorn
|-unboost|p2a: gen 8 ferrothorn|evasion|1
|-sideend|p1: GEN 8 JESUS|Stealth Rock|[from] move: Defog|[of] p1a: Corviknight
|
|upkeep
|turn|12
|
|switch|p1a: Toxapex|Toxapex, M|100/100
|move|p2a: gen 8 ferrothorn|Knock Off|p1a: Toxapex
|-damage|p1a: Toxapex|92/100
|
|upkeep
|turn|13
|
|move|p2a: gen 8 ferrothorn|Protect|p2a: gen 8 ferrothorn
|-singleturn|p2a: gen 8 ferrothorn|Protect
|move|p1a: Toxapex|Scald|p2a: gen 8 ferrothorn
|-activate|p2a: gen 8 ferrothorn|move: Protect
|
|upkeep
|turn|14
|
|switch|p2a: gen 8 rotom|Rotom-Wash|57/100 tox
|move|p1a: Toxapex|Scald|p2a: gen 8 rotom
|-resisted|p2a: gen 8 rotom
|-damage|p2a: gen 8 rotom|48/100 tox
|
|-damage|p2a: gen 8 rotom|42/100 tox|[from] psn
|upkeep
|turn|15
|
|move|p2a: gen 8 rotom|Rest|p2a: gen 8 rotom
|-status|p2a: gen 8 rotom|slp|[from] move: Rest
|-heal|p2a: gen 8 rotom|100/100 slp|[silent]
|-enditem|p2a: gen 8 rotom|Chesto Berry|[eat]
|-curestatus|p2a: gen 8 rotom|slp|[msg]
|move|p1a: Toxapex|Scald|p2a: gen 8 rotom
|-resisted|p2a: gen 8 rotom
|-damage|p2a: gen 8 rotom|92/100
|
|upkeep
|turn|16
|
|move|p2a: gen 8 rotom|Will-O-Wisp|p1a: Toxapex
|-status|p1a: Toxapex|brn
|move|p1a: Toxapex|Toxic|p2a: gen 8 rotom
|-status|p2a: gen 8 rotom|tox
|
|-damage|p2a: gen 8 rotom|86/100 tox|[from] psn
|-damage|p1a: Toxapex|86/100 brn|[from] brn
|upkeep
|turn|17
|
|move|p1a: Toxapex|Baneful Bunker|p1a: Toxapex
|-singleturn|p1a: Toxapex|move: Protect
|move|p2a: gen 8 rotom|Volt Switch|p1a: Toxapex
|-activate|p1a: Toxapex|move: Protect
|
|-damage|p2a: gen 8 rotom|74/100 tox|[from] psn
|-damage|p1a: Toxapex|80/100 brn|[from] brn
|upkeep
|turn|18
|
|move|p2a: gen 8 rotom|Volt Switch|p1a: Toxapex
|-supereffective|p1a: Toxapex
|-damage|p1a: Toxapex|40/100 brn
|
|switch|p2a: gen 8 ferrothorn|Ferrothorn, F|100/100|[from]move: Volt Switch
|move|p1a: Toxapex|Recover|p1a: Toxapex
|-heal|p1a: Toxapex|90/100 brn
|
|-damage|p1a: Toxapex|84/100 brn|[from] brn
|upkeep
|turn|19
|
|move|p2a: gen 8 ferrothorn|Protect|p2a: gen 8 ferrothorn
|-singleturn|p2a: gen 8 ferrothorn|Protect
|move|p1a: Toxapex|Scald|p2a: gen 8 ferrothorn
|-activate|p2a: gen 8 ferrothorn|move: Protect
|
|-damage|p1a: Toxapex|78/100 brn|[from] brn
|upkeep
|turn|20
|
|switch|p2a: gen 8 rotom|Rotom-Wash|74/100 tox
|move|p1a: Toxapex|Scald|p2a: gen 8 rotom
|-resisted|p2a: gen 8 rotom
|-damage|p2a: gen 8 rotom|66/100 tox
|
|-damage|p2a: gen 8 rotom|60/100 tox|[from] psn
|-damage|p1a: Toxapex|72/100 brn|[from] brn
|upkeep
|turn|21
|
|move|p2a: gen 8 rotom|Volt Switch|p1a: Toxapex
|-supereffective|p1a: Toxapex
|-damage|p1a: Toxapex|26/100 brn
|
|switch|p2a: gen 8 ferrothorn|Ferrothorn, F|100/100|[from]move: Volt Switch
|move|p1a: Toxapex|Recover|p1a: Toxapex
|-heal|p1a: Toxapex|76/100 brn
|
|-damage|p1a: Toxapex|70/100 brn|[from] brn
|upkeep
|turn|22
|
|switch|p2a: gen 8 rotom|Rotom-Wash|60/100 tox
|move|p1a: Toxapex|Recover|p1a: Toxapex
|-heal|p1a: Toxapex|100/100 brn
|
|-damage|p2a: gen 8 rotom|54/100 tox|[from] psn
|-damage|p1a: Toxapex|94/100 brn|[from] brn
|upkeep
|turn|23
|
|move|p1a: Toxapex|Baneful Bunker|p1a: Toxapex
|-singleturn|p1a: Toxapex|move: Protect
|move|p2a: gen 8 rotom|Volt Switch|p1a: Toxapex
|-activate|p1a: Toxapex|move: Protect
|
|-damage|p2a: gen 8 rotom|42/100 tox|[from] psn
|-damage|p1a: Toxapex|88/100 brn|[from] brn
|upkeep
|turn|24
|
|move|p2a: gen 8 rotom|Volt Switch|p1a: Toxapex
|-supereffective|p1a: Toxapex
|-damage|p1a: Toxapex|46/100 brn
|j| oddhowl
|
|switch|p2a: gen 8 ferrothorn|Ferrothorn, F|100/100|[from]move: Volt Switch
|move|p1a: Toxapex|Scald|p2a: gen 8 ferrothorn
|-resisted|p2a: gen 8 ferrothorn
|-damage|p2a: gen 8 ferrothorn|94/100
|-status|p2a: gen 8 ferrothorn|brn
|
|-heal|p2a: gen 8 ferrothorn|99/100 brn|[from] item: Leftovers
|-damage|p1a: Toxapex|40/100 brn|[from] brn
|-damage|p2a: gen 8 ferrothorn|94/100 brn|[from] brn
|upkeep
|turn|25
|j| DTidus
|
|move|p1a: Toxapex|Recover|p1a: Toxapex
|-heal|p1a: Toxapex|90/100 brn
|move|p2a: gen 8 ferrothorn|Spikes|p1a: Toxapex
|-sidestart|p1: GEN 8 JESUS|Spikes
|
|-heal|p2a: gen 8 ferrothorn|99/100 brn|[from] item: Leftovers
|-damage|p1a: Toxapex|83/100 brn|[from] brn
|-damage|p2a: gen 8 ferrothorn|94/100 brn|[from] brn
|upkeep
|turn|26
|
|switch|p1a: Hydreigon|Hydreigon, M|100/100
|move|p2a: gen 8 ferrothorn|Knock Off|p1a: Hydreigon
|-resisted|p1a: Hydreigon
|-damage|p1a: Hydreigon|95/100
|-enditem|p1a: Hydreigon|Life Orb|[from] move: Knock Off|[of] p2a: gen 8 ferrothorn
|
|-heal|p2a: gen 8 ferrothorn|99/100 brn|[from] item: Leftovers
|-damage|p2a: gen 8 ferrothorn|94/100 brn|[from] brn
|upkeep
|turn|27
|
|switch|p2a: Gen 8 heatran|Centiskorch, F|100/100
|move|p1a: Hydreigon|Draco Meteor|p2a: Gen 8 heatran|[miss]
|-miss|p1a: Hydreigon|p2a: Gen 8 heatran
|
|upkeep
|turn|28
|
|switch|p1a: Toxapex|Toxapex, M|100/100 brn
|-damage|p1a: Toxapex|88/100 brn|[from] Spikes
|switch|p2a: gen 8 ferrothorn|Ferrothorn, F|94/100 brn
|
|-heal|p2a: gen 8 ferrothorn|99/100 brn|[from] item: Leftovers
|-damage|p1a: Toxapex|82/100 brn|[from] brn
|-damage|p2a: gen 8 ferrothorn|94/100 brn|[from] brn
|upkeep
|turn|29
|
|move|p1a: Toxapex|Toxic||[still]
|-fail|p1a: Toxapex
|move|p2a: gen 8 ferrothorn|Leech Seed|p1a: Toxapex|[miss]
|-miss|p2a: gen 8 ferrothorn|p1a: Toxapex
|
|-heal|p2a: gen 8 ferrothorn|99/100 brn|[from] item: Leftovers
|-damage|p1a: Toxapex|75/100 brn|[from] brn
|-damage|p2a: gen 8 ferrothorn|94/100 brn|[from] brn
|upkeep
|turn|30
|
|switch|p1a: Corviknight|Corviknight, M|100/100
|-ability|p1a: Corviknight|Pressure
|move|p2a: gen 8 ferrothorn|Knock Off|p1a: Corviknight
|-damage|p1a: Corviknight|92/100
|-enditem|p1a: Corviknight|Leftovers|[from] move: Knock Off|[of] p2a: gen 8 ferrothorn
|
|-heal|p2a: gen 8 ferrothorn|99/100 brn|[from] item: Leftovers
|-damage|p2a: gen 8 ferrothorn|94/100 brn|[from] brn
|upkeep
|turn|31
|
|move|p1a: Corviknight|Defog|p2a: gen 8 ferrothorn
|-unboost|p2a: gen 8 ferrothorn|evasion|1
|-sideend|p1: GEN 8 JESUS|Spikes|[from] move: Defog|[of] p1a: Corviknight
|move|p2a: gen 8 ferrothorn|Leech Seed|p1a: Corviknight
|-start|p1a: Corviknight|move: Leech Seed
|
|-heal|p2a: gen 8 ferrothorn|99/100 brn|[from] item: Leftovers
|-damage|p1a: Corviknight|80/100|[from] Leech Seed|[of] p2a: gen 8 ferrothorn
|-heal|p2a: gen 8 ferrothorn|100/100 brn|[silent]
|-damage|p2a: gen 8 ferrothorn|94/100 brn|[from] brn
|upkeep
|turn|32
|
|switch|p1a: Toxapex|Toxapex, M|100/100 brn
|move|p2a: gen 8 ferrothorn|Spikes|p1a: Toxapex
|-sidestart|p1: GEN 8 JESUS|Spikes
|
|-heal|p2a: gen 8 ferrothorn|100/100 brn|[from] item: Leftovers
|-damage|p1a: Toxapex|94/100 brn|[from] brn
|-damage|p2a: gen 8 ferrothorn|94/100 brn|[from] brn
|upkeep
|turn|33
|
|switch|p1a: Corviknight|Corviknight, M|80/100
|-ability|p1a: Corviknight|Pressure
|switch|p2a: gen 8 rotom|Rotom-Wash|42/100 tox
|
|-damage|p2a: gen 8 rotom|36/100 tox|[from] psn
|upkeep
|turn|34
|
|move|p2a: gen 8 rotom|Rest|p2a: gen 8 rotom
|-status|p2a: gen 8 rotom|slp|[from] move: Rest
|-heal|p2a: gen 8 rotom|100/100 slp|[silent]
|move|p1a: Corviknight|Roost|p1a: Corviknight
|-heal|p1a: Corviknight|100/100
|-singleturn|p1a: Corviknight|move: Roost
|
|upkeep
|turn|35
|
|cant|p2a: gen 8 rotom|slp
|move|p1a: Corviknight|U-turn|p2a: gen 8 rotom
|-damage|p2a: gen 8 rotom|88/100 slp
|
|switch|p1a: Hydreigon|Hydreigon, M|95/100|[from]move: U-turn
|
|upkeep
|turn|36
|
|switch|p2a: gen 8 excadrill|Excadrill, M|100/100
|-ability|p2a: gen 8 excadrill|Mold Breaker
|move|p1a: Hydreigon|Nasty Plot|p1a: Hydreigon
|-boost|p1a: Hydreigon|spa|2
|
|upkeep
|turn|37
|
|switch|p2a: Gen 8 heatran|Centiskorch, F|100/100
|move|p1a: Hydreigon|Flamethrower|p2a: Gen 8 heatran
|-start|p2a: Gen 8 heatran|ability: Flash Fire
|
|upkeep
|turn|38
|j| B0402058NN
|
|-end|p2a: Gen 8 heatran|ability: Flash Fire|[silent]
|switch|p2a: gen 8 excadrill|Excadrill, M|100/100
|-ability|p2a: gen 8 excadrill|Mold Breaker
|move|p1a: Hydreigon|Draco Meteor|p2a: gen 8 excadrill
|-resisted|p2a: gen 8 excadrill
|-damage|p2a: gen 8 excadrill|46/100
|-unboost|p1a: Hydreigon|spa|2
|
|-heal|p2a: gen 8 excadrill|53/100|[from] item: Leftovers
|upkeep
|turn|39
|
|switch|p2a: Gen 8 heatran|Centiskorch, F|100/100
|move|p1a: Hydreigon|Flamethrower|p2a: Gen 8 heatran
|-start|p2a: Gen 8 heatran|ability: Flash Fire
|
|upkeep
|turn|40
|j| llllllllXlllllll
|
|switch|p1a: Toxapex|Toxapex, M|100/100 brn
|-damage|p1a: Toxapex|88/100 brn|[from] Spikes
|-end|p2a: Gen 8 heatran|ability: Flash Fire|[silent]
|switch|p2a: gen 8 ferrothorn|Ferrothorn, F|94/100 brn
|
|-heal|p2a: gen 8 ferrothorn|100/100 brn|[from] item: Leftovers
|-damage|p1a: Toxapex|82/100 brn|[from] brn
|-damage|p2a: gen 8 ferrothorn|94/100 brn|[from] brn
|upkeep
|turn|41
|
|move|p1a: Toxapex|Scald|p2a: gen 8 ferrothorn
|-resisted|p2a: gen 8 ferrothorn
|-damage|p2a: gen 8 ferrothorn|88/100 brn
|move|p2a: gen 8 ferrothorn|Leech Seed|p1a: Toxapex
|-start|p1a: Toxapex|move: Leech Seed
|
|-heal|p2a: gen 8 ferrothorn|94/100 brn|[from] item: Leftovers
|-damage|p1a: Toxapex|69/100 brn|[from] Leech Seed|[of] p2a: gen 8 ferrothorn
|-heal|p2a: gen 8 ferrothorn|100/100 brn|[silent]
|-damage|p1a: Toxapex|63/100 brn|[from] brn
|-damage|p2a: gen 8 ferrothorn|94/100 brn|[from] brn
|upkeep
|turn|42
|
|switch|p1a: Corviknight|Corviknight, M|100/100
|-ability|p1a: Corviknight|Pressure
|switch|p2a: Hydreigon|Hydreigon, M|100/100
|
|upkeep
|turn|43
|
|move|p2a: Hydreigon|Fire Blast|p1a: Corviknight
|-supereffective|p1a: Corviknight
|-damage|p1a: Corviknight|32/100
|-damage|p2a: Hydreigon|91/100|[from] item: Life Orb
|move|p1a: Corviknight|U-turn|p2a: Hydreigon
|-supereffective|p2a: Hydreigon
|-damage|p2a: Hydreigon|55/100
|
|switch|p1a: Clefable|Clefable, M|86/100|[from]move: U-turn
|
|-heal|p1a: Clefable|92/100|[from] item: Leftovers
|upkeep
|turn|44
|j| Salty x Salty
|j| Scirocco93
|
|switch|p2a: Gen 8 heatran|Centiskorch, F|100/100
|move|p1a: Clefable|Moonblast|p2a: Gen 8 heatran
|-resisted|p2a: Gen 8 heatran
|-damage|p2a: Gen 8 heatran|84/100
|
|-heal|p1a: Clefable|98/100|[from] item: Leftovers
|upkeep
|turn|45
|
|switch|p2a: gen 8 excadrill|Excadrill, M|53/100
|-ability|p2a: gen 8 excadrill|Mold Breaker
|move|p1a: Clefable|Protect||[still]
|-fail|p1a: Clefable
|
|-heal|p2a: gen 8 excadrill|59/100|[from] item: Leftovers
|-heal|p1a: Clefable|100/100|[from] item: Leftovers
|upkeep
|turn|46
|
|switch|p2a: Hydreigon|Hydreigon, M|55/100
|switch|p1a: Hydreigon|Hydreigon, M|95/100
|
|upkeep
|turn|47
|
|switch|p1a: Clefable|Clefable, M|100/100
|switch|p2a: Gen 8 heatran|Centiskorch, F|84/100
|
|upkeep
|turn|48
|
|switch|p2a: Hydreigon|Hydreigon, M|55/100
|switch|p1a: Toxapex|Toxapex, M|96/100 brn
|-damage|p1a: Toxapex|84/100 brn|[from] Spikes
|
|-damage|p1a: Toxapex|77/100 brn|[from] brn
|upkeep
|turn|49
|
|switch|p2a: gen 8 ferrothorn|Ferrothorn, F|94/100 brn
|move|p1a: Toxapex|Toxic||[still]
|-fail|p1a: Toxapex
|
|-heal|p2a: gen 8 ferrothorn|100/100 brn|[from] item: Leftovers
|-damage|p1a: Toxapex|71/100 brn|[from] brn
|-damage|p2a: gen 8 ferrothorn|94/100 brn|[from] brn
|upkeep
|turn|50
|j| dargaplut
|
|move|p1a: Toxapex|Toxic||[still]
|-fail|p1a: Toxapex
|move|p2a: gen 8 ferrothorn|Leech Seed|p1a: Toxapex
|-start|p1a: Toxapex|move: Leech Seed
|
|-heal|p2a: gen 8 ferrothorn|100/100 brn|[from] item: Leftovers
|-damage|p1a: Toxapex|59/100 brn|[from] Leech Seed|[of] p2a: gen 8 ferrothorn
|-damage|p1a: Toxapex|52/100 brn|[from] brn
|-damage|p2a: gen 8 ferrothorn|94/100 brn|[from] brn
|upkeep
|turn|51
|
|switch|p2a: Hydreigon|Hydreigon, M|55/100
|move|p1a: Toxapex|Scald|p2a: Hydreigon
|-resisted|p2a: Hydreigon
|-damage|p2a: Hydreigon|46/100
|
|-damage|p1a: Toxapex|40/100 brn|[from] Leech Seed|[of] p2a: Hydreigon
|-heal|p2a: Hydreigon|57/100|[silent]
|-damage|p1a: Toxapex|34/100 brn|[from] brn
|upkeep
|turn|52
|
|switch|p2a: Gen 8 heatran|Centiskorch, F|84/100
|switch|p1a: Mew|Mew|100/100
|-damage|p1a: Mew|88/100|[from] Spikes
|
|-heal|p1a: Mew|94/100|[from] item: Leftovers
|upkeep
|turn|53
|
|switch|p1a: Toxapex|Toxapex, M|67/100 brn
|-damage|p1a: Toxapex|54/100 brn|[from] Spikes
|move|p2a: Gen 8 heatran|Knock Off|p1a: Toxapex
|-damage|p1a: Toxapex|40/100 brn
|
|-damage|p1a: Toxapex|34/100 brn|[from] brn
|upkeep
|turn|54
|
|move|p2a: Gen 8 heatran|Power Whip|p1a: Toxapex
|-crit|p1a: Toxapex
|-damage|p1a: Toxapex|0 fnt
|faint|p1a: Toxapex
|
|upkeep
|c|☆GEN 8 JESUS|are u
|c|☆GEN 8 JESUS|fucking kidding me
|j| slobadd
|j|+playerW17
|
|switch|p1a: Hydreigon|Hydreigon, M|95/100
|turn|55
|c|☆GEN 8 JESUS|the ONE TURN
|
|move|p1a: Hydreigon|Nasty Plot|p1a: Hydreigon
|-boost|p1a: Hydreigon|spa|2
|move|p2a: Gen 8 heatran|Leech Life|p1a: Hydreigon
|-supereffective|p1a: Hydreigon
|-damage|p1a: Hydreigon|0 fnt
|-heal|p2a: Gen 8 heatran|100/100|[from] drain|[of] p1a: Hydreigon
|faint|p1a: Hydreigon
|
|upkeep
|inactive|Battle timer is ON: inactive players will automatically lose when time's up. (requested by 4funaccount)
|c|☆GEN 8 JESUS|stupid ass game
|-message|GEN 8 JESUS forfeited.
|
|win|4funaccount
|l|☆GEN 8 JESUS
|l| slobadd
|l| DTidus
|l| llllllllXlllllll
|l|+playerW17
|l| bigyayay
||Ladder (probably) updated, but score could not be retrieved (Response not received).
|l| Salty x Salty
|l| Scirocco93
|l| oddhowl
|l| dargaplut
|l|☆4funaccount
|l| xaox-xy-
