|j|☆Lunar Neo
|j|☆Maureas
|t:|1595290616
|player|p1|Lunar Neo|grimsley|1661
|player|p2|Maureas|137|1657
|teamsize|p1|6
|teamsize|p2|6
|gametype|singles
|gen|8
|tier|[Gen 8] OU
|rated|
|clearpoke
|poke|p1|Hydreigon, M|
|poke|p1|Slowbro, M|
|poke|p1|Marowak-Alola, M|
|poke|p1|Heracross, F|
|poke|p1|Magearna|
|poke|p1|Urshifu-*, F|
|poke|p2|Goodra, M|
|poke|p2|Indeedee, M|
|poke|p2|Hawlucha, M|
|poke|p2|Zeraora|
|poke|p2|Volcarona, F|
|poke|p2|Urshifu-*, M|
|rule|Sleep Clause Mod: Limit one foe put to sleep
|rule|Species Clause: Limit one of each Pokémon
|rule|OHKO Clause: OHKO moves are banned
|rule|Evasion Moves Clause: Evasion moves are banned
|rule|Endless Battle Clause: Forcing endless battles is banned
|rule|HP Percentage Mod: HP is shown in percentages
|rule|Dynamax Clause: You cannot dynamax
|teampreview
|inactive|Battle timer is ON: inactive players will automatically lose when time's up. (requested by Lunar Neo)
|
|t:|1595290633
|start
|switch|p1a: Magearna|Magearna|100/100
|switch|p2a: Zeraora|Zeraora|100/100
|turn|1
|
|t:|1595290638
|move|p2a: Zeraora|Plasma Fists|p1a: Magearna
|-damage|p1a: Magearna|48/100
|-fieldactivate|move: Ion Deluge
|-damage|p2a: Zeraora|91/100|[from] item: Life Orb
|move|p1a: Magearna|Fleur Cannon|p2a: Zeraora
|-crit|p2a: Zeraora
|-damage|p2a: Zeraora|0 fnt
|-unboost|p1a: Magearna|spa|2
|faint|p2a: Zeraora
|-ability|p1a: Magearna|Soul-Heart|boost
|-boost|p1a: Magearna|spa|1
|
|-heal|p1a: Magearna|54/100|[from] item: Leftovers
|upkeep
|
|t:|1595290653
|switch|p2a: Volcarona|Volcarona, F|100/100
|turn|2
|
|t:|1595290659
|move|p2a: Volcarona|Fiery Dance|p1a: Magearna
|-supereffective|p1a: Magearna
|-damage|p1a: Magearna|10/100
|move|p1a: Magearna|Volt Switch|p2a: Volcarona
|-damage|p2a: Volcarona|88/100
|
|t:|1595290663
|switch|p1a: Marowak|Marowak-Alola, M|100/100|[from]move: Volt Switch
|
|upkeep
|turn|3
|
|t:|1595290669
|switch|p2a: Urshifu|Urshifu-Rapid-Strike, M|100/100
|move|p1a: Marowak|Poltergeist|p2a: Urshifu
|-activate|p2a: Urshifu|move: Poltergeist|Choice Scarf
|-crit|p2a: Urshifu
|-damage|p2a: Urshifu|0 fnt
|faint|p2a: Urshifu
|
|upkeep
|
|t:|1595290679
|switch|p2a: Indeedee|Indeedee, M|100/100
|-fieldstart|move: Psychic Terrain|[from] ability: Psychic Surge|[of] p2a: Indeedee
|turn|4
|
|t:|1595290685
|switch|p1a: Hydreigon|Hydreigon, M|100/100
|move|p2a: Indeedee|Dazzling Gleam|p1a: Hydreigon
|-supereffective|p1a: Hydreigon
|-crit|p1a: Hydreigon
|-damage|p1a: Hydreigon|0 fnt
|faint|p1a: Hydreigon
|
|upkeep
|
|t:|1595290697
|switch|p1a: Marowak|Marowak-Alola, M|100/100
|turn|5
|
|t:|1595290706
|switch|p2a: Goodra|Goodra, M|100/100
|move|p1a: Marowak|Flare Blitz|p2a: Goodra
|-resisted|p2a: Goodra
|-damage|p2a: Goodra|48/100
|-ability|p2a: Goodra|Gooey
|-unboost|p1a: Marowak|spe|1
|
|upkeep
|turn|6
|
|t:|1595290718
|move|p2a: Goodra|Thunderbolt|p1a: Marowak
|-damage|p1a: Marowak|57/100
|-status|p1a: Marowak|par
|move|p1a: Marowak|Poltergeist|p2a: Goodra
|-activate|p2a: Goodra|move: Poltergeist|Assault Vest
|-crit|p2a: Goodra
|-damage|p2a: Goodra|0 fnt
|faint|p2a: Goodra
|
|upkeep
|
|t:|1595290736
|switch|p2a: Hawlucha|Hawlucha, M|100/100
|-enditem|p2a: Hawlucha|Psychic Seed
|-boost|p2a: Hawlucha|spd|1|[from] item: Psychic Seed
|turn|7
|
|t:|1595290743
|switch|p1a: Slowbro|Slowbro, M|100/100
|move|p2a: Hawlucha|Acrobatics|p1a: Slowbro
|-damage|p1a: Slowbro|71/100
|-damage|p2a: Hawlucha|84/100|[from] item: Rocky Helmet|[of] p1a: Slowbro
|
|upkeep
|turn|8
|
|t:|1595290750
|move|p2a: Hawlucha|Swords Dance|p2a: Hawlucha
|-boost|p2a: Hawlucha|atk|2
|move|p1a: Slowbro|Scald|p2a: Hawlucha
|-damage|p2a: Hawlucha|56/100
|
|-fieldend|move: Psychic Terrain
|upkeep
|turn|9
|
|t:|1595290757
|move|p2a: Hawlucha|Acrobatics|p1a: Slowbro
|-damage|p1a: Slowbro|9/100
|-damage|p2a: Hawlucha|40/100|[from] item: Rocky Helmet|[of] p1a: Slowbro
|move|p1a: Slowbro|Slack Off|p1a: Slowbro
|-heal|p1a: Slowbro|59/100
|
|upkeep
|turn|10
|
|t:|1595290764
|switch|p1a: Magearna|Magearna|10/100
|move|p2a: Hawlucha|Acrobatics|p1a: Magearna
|-resisted|p1a: Magearna
|-damage|p1a: Magearna|0 fnt
|faint|p1a: Magearna
|
|upkeep
|
|t:|1595290767
|switch|p1a: Slowbro|Slowbro, M|92/100
|turn|11
|
|t:|1595290772
|move|p2a: Hawlucha|Swords Dance|p2a: Hawlucha
|-boost|p2a: Hawlucha|atk|2
|move|p1a: Slowbro|Scald|p2a: Hawlucha
|-damage|p2a: Hawlucha|10/100
|
|upkeep
|turn|12
|
|t:|1595290779
|move|p2a: Hawlucha|Acrobatics|p1a: Slowbro
|-damage|p1a: Slowbro|9/100
|-damage|p2a: Hawlucha|0 fnt|[from] item: Rocky Helmet|[of] p1a: Slowbro
|faint|p2a: Hawlucha
|move|p1a: Slowbro|Slack Off|p1a: Slowbro
|-heal|p1a: Slowbro|59/100
|
|upkeep
|
|t:|1595290787
|switch|p2a: Volcarona|Volcarona, F|88/100
|turn|13
|
|t:|1595290790
|move|p2a: Volcarona|Quiver Dance|p2a: Volcarona
|-boost|p2a: Volcarona|spa|1
|-boost|p2a: Volcarona|spd|1
|-boost|p2a: Volcarona|spe|1
|move|p1a: Slowbro|Scald|p2a: Volcarona
|-supereffective|p2a: Volcarona
|-damage|p2a: Volcarona|56/100
|
|upkeep
|turn|14
|
|t:|1595290798
|move|p2a: Volcarona|Quiver Dance|p2a: Volcarona
|-boost|p2a: Volcarona|spa|1
|-boost|p2a: Volcarona|spd|1
|-boost|p2a: Volcarona|spe|1
|move|p1a: Slowbro|Toxic|p2a: Volcarona
|-status|p2a: Volcarona|tox
|
|-damage|p2a: Volcarona|49/100 tox|[from] psn
|upkeep
|turn|15
|
|t:|1595290808
|switch|p1a: Marowak|Marowak-Alola, M|57/100 par
|move|p2a: Volcarona|Psychic|p1a: Marowak
|-damage|p1a: Marowak|0 fnt
|faint|p1a: Marowak
|
|-damage|p2a: Volcarona|37/100 tox|[from] psn
|upkeep
|
|t:|1595290814
|switch|p1a: Urshifu|Urshifu-Rapid-Strike, F|100/100
|turn|16
|
|t:|1595290818
|switch|p2a: Indeedee|Indeedee, M|100/100
|-fieldstart|move: Psychic Terrain|[from] ability: Psychic Surge|[of] p2a: Indeedee
|move|p1a: Urshifu|Aqua Jet|p2a: Indeedee
|-activate|p2a: Indeedee|move: Psychic Terrain
|
|upkeep
|turn|17
|
|t:|1595290825
|switch|p1a: Slowbro|Slowbro, M|92/100
|move|p2a: Indeedee|Expanding Force|p1a: Slowbro
|-resisted|p1a: Slowbro
|-damage|p1a: Slowbro|41/100
|
|upkeep
|turn|18
|
|t:|1595290838
|move|p2a: Indeedee|Expanding Force|p1a: Slowbro
|-resisted|p1a: Slowbro
|-damage|p1a: Slowbro|0 fnt
|faint|p1a: Slowbro
|
|upkeep
|
|t:|1595290840
|switch|p1a: Urshifu|Urshifu-Rapid-Strike, F|100/100
|turn|19
|
|t:|1595290845
|switch|p2a: Volcarona|Volcarona, F|37/100 tox
|move|p1a: Urshifu|U-turn|p2a: Volcarona
|-resisted|p2a: Volcarona
|-damage|p2a: Volcarona|21/100 tox
|-status|p1a: Urshifu|brn|[from] ability: Flame Body|[of] p2a: Volcarona
|
|t:|1595290850
|switch|p1a: Heracross|Heracross, F|100/100|[from]move: U-turn
|
|-damage|p2a: Volcarona|15/100 tox|[from] psn
|-status|p1a: Heracross|brn|[from] item: Flame Orb
|upkeep
|turn|20
|
|t:|1595290860
|move|p2a: Volcarona|Psychic|p1a: Heracross
|-supereffective|p1a: Heracross
|-damage|p1a: Heracross|20/100 brn
|move|p1a: Heracross|Knock Off|p2a: Volcarona
|-damage|p2a: Volcarona|0 fnt
|-enditem|p2a: Volcarona|Heavy-Duty Boots|[from] move: Knock Off|[of] p1a: Heracross
|faint|p2a: Volcarona
|
|-damage|p1a: Heracross|14/100 brn|[from] brn
|-fieldend|move: Psychic Terrain
|upkeep
|
|t:|1595290870
|switch|p2a: Indeedee|Indeedee, M|100/100
|-fieldstart|move: Psychic Terrain|[from] ability: Psychic Surge|[of] p2a: Indeedee
|turn|21
|
|t:|1595290874
|move|p2a: Indeedee|Expanding Force|p1a: Heracross
|-supereffective|p1a: Heracross
|-damage|p1a: Heracross|0 fnt
|faint|p1a: Heracross
|
|upkeep
|inactive|Lunar Neo has 120 seconds left.
|
|t:|1595290907
|switch|p1a: Urshifu|Urshifu-Rapid-Strike, F|100/100 brn
|turn|22
|c|☆Maureas|UFF
|
|t:|1595290910
|move|p1a: Urshifu|Surging Strikes|p2a: Indeedee
|-crit|p2a: Indeedee
|-damage|p2a: Indeedee|80/100
|-crit|p2a: Indeedee
|-damage|p2a: Indeedee|60/100
|-crit|p2a: Indeedee
|-damage|p2a: Indeedee|38/100
|-hitcount|p2a: Indeedee|3
|move|p2a: Indeedee|Expanding Force|p1a: Urshifu
|-supereffective|p1a: Urshifu
|-damage|p1a: Urshifu|0 fnt
|faint|p1a: Urshifu
|
|win|Maureas
|l|☆Lunar Neo
||Ladder (probably) updated, but score could not be retrieved (Request timeout).
