|html|<div class="broadcast-blue"><strong>[Gen 8] OU is currently suspecting Kyurem! For information on how to participate check out the <a href="https://www.smogon.com/forums/threads/np-ss-ou-suspect-process-round-11-break-the-ice.3694129/">suspect thread</a>.</strong></div>
|j|☆Outh rpg2
|j|☆NeoNaruto®++
|t:|1639271240
|gametype|singles
|player|p1|Outh rpg2|steven|1585
|player|p2|NeoNaruto®++|medium|1808
|teamsize|p1|6
|teamsize|p2|6
|gen|8
|tier|[Gen 8] OU
|rated|
|rule|Sleep Clause Mod: Limit one foe put to sleep
|rule|Species Clause: Limit one of each Pokémon
|rule|OHKO Clause: OHKO moves are banned
|rule|Evasion Moves Clause: Evasion moves are banned
|rule|Endless Battle Clause: Forcing endless battles is banned
|rule|HP Percentage Mod: HP is shown in percentages
|rule|Dynamax Clause: You cannot dynamax
|clearpoke
|poke|p1|Landorus-Therian, M|
|poke|p1|Tapu Koko|
|poke|p1|Azumarill, F|
|poke|p1|Hawlucha, F|
|poke|p1|Garchomp, F|
|poke|p1|Volcarona, M|
|poke|p2|Landorus-Therian, M|
|poke|p2|Slowbro, F|
|poke|p2|Tapu Koko|
|poke|p2|Dragonite, M|
|poke|p2|Darmanitan, M|
|poke|p2|Tyranitar, M|
|teampreview
|inactive|Battle timer is ON: inactive players will automatically lose when time's up. (requested by NeoNaruto®++)
|
|t:|1639271267
|start
|switch|p1a: Truckivole|Landorus-Therian, M|100/100
|switch|p2a: Bernie Landers|Landorus-Therian, M|100/100
|-ability|p1a: Truckivole|Intimidate|boost
|-unboost|p2a: Bernie Landers|atk|1
|-ability|p2a: Bernie Landers|Intimidate|boost
|-unboost|p1a: Truckivole|atk|1
|turn|1
|
|t:|1639271274
|move|p1a: Truckivole|Stealth Rock|p2a: Bernie Landers
|-sidestart|p2: NeoNaruto®++|move: Stealth Rock
|move|p2a: Bernie Landers|Stealth Rock|p1a: Truckivole
|-sidestart|p1: Outh rpg2|move: Stealth Rock
|
|upkeep
|turn|2
|j| CODW
|
|t:|1639271285
|move|p1a: Truckivole|Swords Dance|p1a: Truckivole
|-boost|p1a: Truckivole|atk|2
|move|p2a: Bernie Landers|Knock Off|p1a: Truckivole
|-damage|p1a: Truckivole|77/100
|-enditem|p1a: Truckivole|Focus Sash|[from] move: Knock Off|[of] p2a: Bernie Landers
|
|upkeep
|turn|3
|l| CODW
|inactive|NeoNaruto®++ has 120 seconds left.
|
|t:|1639271323
|switch|p2a: spvceghvstpvrrp|Slowbro, F, shiny|100/100
|-damage|p2a: spvceghvstpvrrp|88/100|[from] Stealth Rock
|move|p1a: Truckivole|Explosion|p2a: spvceghvstpvrrp
|-damage|p2a: spvceghvstpvrrp|4/100
|faint|p1a: Truckivole
|
|upkeep
|
|t:|1639271331
|switch|p1a: Bitenbois|Azumarill, F|100/100
|-damage|p1a: Bitenbois|88/100|[from] Stealth Rock
|turn|4
|
|t:|1639271333
|move|p1a: Bitenbois|Belly Drum|p1a: Bitenbois
|-damage|p1a: Bitenbois|38/100
|-setboost|p1a: Bitenbois|atk|6|[from] move: Belly Drum
|-enditem|p1a: Bitenbois|Sitrus Berry|[eat]
|-heal|p1a: Bitenbois|63/100|[from] item: Sitrus Berry
|move|p2a: spvceghvstpvrrp|Teleport|p2a: spvceghvstpvrrp
|
|t:|1639271336
|switch|p2a: Bernie Landers|Landorus-Therian, M|100/100|[from]move: Teleport
|-damage|p2a: Bernie Landers|88/100|[from] Stealth Rock
|-ability|p2a: Bernie Landers|Intimidate|boost
|-unboost|p1a: Bitenbois|atk|1
|
|upkeep
|turn|5
|
|t:|1639271352
|move|p1a: Bitenbois|Aqua Jet|p2a: Bernie Landers
|-supereffective|p2a: Bernie Landers
|-damage|p2a: Bernie Landers|0 fnt
|-damage|p1a: Bitenbois|46/100|[from] item: Rocky Helmet|[of] p2a: Bernie Landers
|faint|p2a: Bernie Landers
|
|upkeep
|
|t:|1639271356
|switch|p2a: spvceghvstpvrrp|Slowbro, F, shiny|37/100
|-damage|p2a: spvceghvstpvrrp|24/100|[from] Stealth Rock
|turn|6
|
|t:|1639271379
|move|p1a: Bitenbois|Knock Off|p2a: spvceghvstpvrrp
|-supereffective|p2a: spvceghvstpvrrp
|-damage|p2a: spvceghvstpvrrp|0 fnt
|-damage|p1a: Bitenbois|30/100|[from] item: Rocky Helmet|[of] p2a: spvceghvstpvrrp
|-enditem|p2a: spvceghvstpvrrp|Rocky Helmet|[from] move: Knock Off|[of] p1a: Bitenbois
|faint|p2a: spvceghvstpvrrp
|
|upkeep
|
|t:|1639271383
|switch|p2a: Fat Charizard|Dragonite, M, shiny|100/100
|turn|7
|
|t:|1639271407
|move|p2a: Fat Charizard|Extreme Speed|p1a: Bitenbois
|-damage|p1a: Bitenbois|0 fnt
|faint|p1a: Bitenbois
|
|upkeep
|
|t:|1639271411
|switch|p1a: Tokocroco|Tapu Koko|100/100
|-damage|p1a: Tokocroco|88/100|[from] Stealth Rock
|-fieldstart|move: Electric Terrain|[from] ability: Electric Surge|[of] p1a: Tokocroco
|turn|8
|
|t:|1639271422
|move|p1a: Tokocroco|Taunt|p2a: Fat Charizard
|-start|p2a: Fat Charizard|move: Taunt
|cant|p2a: Fat Charizard|move: Taunt|Dragon Dance
|
|upkeep
|turn|9
|
|t:|1639271433
|switch|p2a: PURRP FOR SALE|Darmanitan, M|100/100
|-damage|p2a: PURRP FOR SALE|76/100|[from] Stealth Rock
|move|p1a: Tokocroco|Reflect|p1a: Tokocroco
|-sidestart|p1: Outh rpg2|Reflect
|
|upkeep
|turn|10
|
|t:|1639271438
|move|p1a: Tokocroco|Light Screen|p1a: Tokocroco
|-sidestart|p1: Outh rpg2|move: Light Screen
|move|p2a: PURRP FOR SALE|Flare Blitz|p1a: Tokocroco
|-damage|p1a: Tokocroco|10/100
|-damage|p2a: PURRP FOR SALE|51/100|[from] Recoil
|
|upkeep
|turn|11
|
|t:|1639271449
|move|p1a: Tokocroco|Taunt|p2a: PURRP FOR SALE
|-start|p2a: PURRP FOR SALE|move: Taunt
|move|p2a: PURRP FOR SALE|Flare Blitz|p1a: Tokocroco
|-damage|p1a: Tokocroco|0 fnt
|faint|p1a: Tokocroco
|-damage|p2a: PURRP FOR SALE|48/100|[from] Recoil
|
|upkeep
|j| Jimmy Powka
|
|t:|1639271458
|switch|p1a: Wasobagarre|Hawlucha, F|100/100
|-damage|p1a: Wasobagarre|88/100|[from] Stealth Rock
|-enditem|p1a: Wasobagarre|Electric Seed
|-boost|p1a: Wasobagarre|def|1|[from] item: Electric Seed
|turn|12
|j| Venture Laddering
|
|t:|1639271460
|move|p1a: Wasobagarre|Swords Dance|p1a: Wasobagarre
|-boost|p1a: Wasobagarre|atk|2
|move|p2a: PURRP FOR SALE|Flare Blitz|p1a: Wasobagarre
|-damage|p1a: Wasobagarre|21/100
|-damage|p2a: PURRP FOR SALE|27/100|[from] Recoil
|
|-fieldend|move: Electric Terrain
|upkeep
|turn|13
|
|t:|1639271463
|move|p1a: Wasobagarre|Acrobatics|p2a: PURRP FOR SALE
|-damage|p2a: PURRP FOR SALE|0 fnt
|faint|p2a: PURRP FOR SALE
|
|upkeep
|
|t:|1639271467
|switch|p2a: Fat Charizard|Dragonite, M, shiny|100/100
|turn|14
|
|t:|1639271469
|move|p1a: Wasobagarre|Acrobatics|p2a: Fat Charizard
|-crit|p2a: Fat Charizard
|-damage|p2a: Fat Charizard|19/100
|move|p2a: Fat Charizard|Dual Wingbeat|p1a: Wasobagarre
|-supereffective|p1a: Wasobagarre
|-damage|p1a: Wasobagarre|1/100
|-supereffective|p1a: Wasobagarre
|-damage|p1a: Wasobagarre|0 fnt
|faint|p1a: Wasobagarre
|-hitcount|p1: Wasobagarre|2
|
|upkeep
|
|t:|1639271476
|switch|p1a: DRAGOOON|Garchomp, F|100/100
|-damage|p1a: DRAGOOON|94/100|[from] Stealth Rock
|turn|15
|
|t:|1639271483
|switch|p2a: Tapu Koko|Tapu Koko|100/100
|-damage|p2a: Tapu Koko|88/100|[from] Stealth Rock
|-fieldstart|move: Electric Terrain|[from] ability: Electric Surge|[of] p2a: Tapu Koko
|move|p1a: DRAGOOON|Scale Shot|p2a: Tapu Koko
|-immune|p2a: Tapu Koko
|
|upkeep
|turn|16
|
|t:|1639271486
|switch|p1a: Zezuizunpapillon|Volcarona, M|100/100
|move|p2a: Tapu Koko|Dazzling Gleam|p1a: Zezuizunpapillon
|-resisted|p1a: Zezuizunpapillon
|-damage|p1a: Zezuizunpapillon|86/100
|
|-sideend|p1: Outh rpg2|Reflect
|upkeep
|turn|17
|
|t:|1639271491
|switch|p2a: VODECi|Tyranitar, M|100/100
|-damage|p2a: VODECi|88/100|[from] Stealth Rock
|-weather|Sandstorm|[from] ability: Sand Stream|[of] p2a: VODECi
|move|p1a: Zezuizunpapillon|Quiver Dance|p1a: Zezuizunpapillon
|-boost|p1a: Zezuizunpapillon|spa|1
|-boost|p1a: Zezuizunpapillon|spd|1
|-boost|p1a: Zezuizunpapillon|spe|1
|
|-weather|Sandstorm|[upkeep]
|-damage|p1a: Zezuizunpapillon|80/100|[from] Sandstorm
|-sideend|p1: Outh rpg2|move: Light Screen
|upkeep
|turn|18
|j| Poppa Doc
|
|t:|1639271500
|switch|p1a: DRAGOOON|Garchomp, F|94/100
|-damage|p1a: DRAGOOON|88/100|[from] Stealth Rock
|move|p2a: VODECi|Stone Edge|p1a: DRAGOOON
|-resisted|p1a: DRAGOOON
|-damage|p1a: DRAGOOON|67/100
|
|-weather|Sandstorm|[upkeep]
|upkeep
|turn|19
|j| DJHYO
|
|t:|1639271506
|switch|p2a: Fat Charizard|Dragonite, M, shiny|19/100
|move|p1a: DRAGOOON|Earthquake|p2a: Fat Charizard
|-immune|p2a: Fat Charizard
|
|-weather|Sandstorm|[upkeep]
|-damage|p2a: Fat Charizard|13/100|[from] Sandstorm
|-fieldend|move: Electric Terrain
|upkeep
|turn|20
|
|t:|1639271510
|switch|p2a: Tapu Koko|Tapu Koko|88/100
|-damage|p2a: Tapu Koko|76/100|[from] Stealth Rock
|-fieldstart|move: Electric Terrain|[from] ability: Electric Surge|[of] p2a: Tapu Koko
|move|p1a: DRAGOOON|Scale Shot|p2a: Tapu Koko
|-immune|p2a: Tapu Koko
|
|-weather|Sandstorm|[upkeep]
|-damage|p2a: Tapu Koko|70/100|[from] Sandstorm
|upkeep
|turn|21
|
|t:|1639271519
|move|p2a: Tapu Koko|Dazzling Gleam|p1a: DRAGOOON
|-supereffective|p1a: DRAGOOON
|-damage|p1a: DRAGOOON|0 fnt
|faint|p1a: DRAGOOON
|
|-weather|none
|upkeep
|
|t:|1639271521
|switch|p1a: Zezuizunpapillon|Volcarona, M|80/100
|turn|22
|
|t:|1639271523
|switch|p2a: VODECi|Tyranitar, M|88/100
|-damage|p2a: VODECi|76/100|[from] Stealth Rock
|-weather|Sandstorm|[from] ability: Sand Stream|[of] p2a: VODECi
|move|p1a: Zezuizunpapillon|Quiver Dance|p1a: Zezuizunpapillon
|-boost|p1a: Zezuizunpapillon|spa|1
|-boost|p1a: Zezuizunpapillon|spd|1
|-boost|p1a: Zezuizunpapillon|spe|1
|
|-weather|Sandstorm|[upkeep]
|-damage|p1a: Zezuizunpapillon|73/100|[from] Sandstorm
|upkeep
|turn|23
|
|t:|1639271525
|move|p1a: Zezuizunpapillon|Bug Buzz|p2a: VODECi
|-supereffective|p2a: VODECi
|-damage|p2a: VODECi|28/100
|-unboost|p2a: VODECi|spd|1
|move|p2a: VODECi|Stone Edge|p1a: Zezuizunpapillon
|-supereffective|p1a: Zezuizunpapillon
|-crit|p1a: Zezuizunpapillon
|-damage|p1a: Zezuizunpapillon|0 fnt
|faint|p1a: Zezuizunpapillon
|
|win|NeoNaruto®++
|raw|Outh rpg2's rating: 1570 &rarr; <strong>1562</strong><br />(-8 for losing)
|raw|NeoNaruto®++'s rating: 1808 &rarr; <strong>1816</strong><br />(+8 for winning)
|l|☆Outh rpg2
|l|☆NeoNaruto®++
|l| DJHYO
||Ladder isn't responding, score probably updated but might not have (Request timeout).
|l| Poppa Doc
