|j|☆willcoxw
|j|☆Charmalane
|player|p1|willcoxw|karen|1743
|player|p2|Charmalane|brawly|1720
|teamsize|p1|6
|teamsize|p2|6
|gametype|singles
|gen|8
|tier|[Gen 8] OU
|rated|
|clearpoke
|poke|p1|Accelgor, M|
|poke|p1|Azumarill, M|
|poke|p1|Togekiss, M|
|poke|p1|Urshifu-*, M|
|poke|p1|Rillaboom, M|
|poke|p1|Volcarona, M|
|poke|p2|Mew|
|poke|p2|Grimmsnarl, M|
|poke|p2|Magearna-Original|
|poke|p2|Cloyster, F|
|poke|p2|Volcarona, F|
|poke|p2|Azumarill, M|
|rule|Sleep Clause Mod: Limit one foe put to sleep
|rule|Species Clause: Limit one of each Pokémon
|rule|OHKO Clause: OHKO moves are banned
|rule|Evasion Moves Clause: Evasion moves are banned
|rule|Endless Battle Clause: Forcing endless battles is banned
|rule|HP Percentage Mod: HP is shown in percentages
|rule|Dynamax Clause: You cannot dynamax
|teampreview
|
|start
|switch|p1a: Accelgor|Accelgor, M|100/100
|switch|p2a: Green Goblin|Grimmsnarl, M|100/100
|turn|1
|
|move|p2a: Green Goblin|Taunt|p1a: Accelgor
|-start|p1a: Accelgor|move: Taunt
|cant|p1a: Accelgor|move: Taunt|Toxic Spikes
|
|upkeep
|turn|2
|
|switch|p1a: déception|Togekiss, M|100/100
|move|p2a: Green Goblin|Reflect|p2a: Green Goblin
|-sidestart|p2: Charmalane|Reflect
|
|upkeep
|turn|3
|
|move|p2a: Green Goblin|Light Screen|p2a: Green Goblin
|-sidestart|p2: Charmalane|move: Light Screen
|move|p1a: déception|Trick|p2a: Green Goblin
|-activate|p1a: déception|move: Trick|[of] p2a: Green Goblin
|-item|p2a: Green Goblin|Choice Scarf|[from] move: Trick
|-item|p1a: déception|Light Clay|[from] move: Trick
|
|upkeep
|turn|4
|
|switch|p1a: Accelgor|Accelgor, M|100/100
|move|p2a: Green Goblin|Play Rough|p1a: Accelgor
|-damage|p1a: Accelgor|10/100
|
|upkeep
|turn|5
|j| theflash7
|
|switch|p2a: Yang|Azumarill, M|100/100
|move|p1a: Accelgor|Spikes|p2a: Yang
|-sidestart|p2: Charmalane|Spikes
|
|upkeep
|turn|6
|
|move|p2a: Yang|Aqua Jet|p1a: Accelgor
|-damage|p1a: Accelgor|0 fnt
|faint|p1a: Accelgor
|
|upkeep
|j| HoodieLucas
|
|switch|p1a: déception|Togekiss, M|100/100
|turn|7
|l| HoodieLucas
|l| theflash7
|
|move|p1a: déception|Air Slash|p2a: Yang
|-damage|p2a: Yang|77/100
|cant|p2a: Yang|flinch
|
|upkeep
|turn|8
|
|switch|p2a: Happy|Mew, shiny|100/100
|-damage|p2a: Happy|88/100|[from] Spikes
|move|p1a: déception|Trick|p2a: Happy
|-activate|p1a: déception|move: Trick|[of] p2a: Happy
|-item|p2a: Happy|Light Clay|[from] move: Trick
|-item|p1a: déception|Red Card|[from] move: Trick
|
|upkeep
|turn|9
|
|move|p2a: Happy|Stealth Rock|p1a: déception
|-sidestart|p1: willcoxw|move: Stealth Rock
|move|p1a: déception|Nasty Plot|p1a: déception
|-boost|p1a: déception|spa|2
|
|-sideend|p2: Charmalane|Reflect
|upkeep
|turn|10
|
|move|p2a: Happy|Taunt|p1a: déception
|-start|p1a: déception|move: Taunt
|move|p1a: déception|Air Slash|p2a: Happy
|-damage|p2a: Happy|58/100
|
|-sideend|p2: Charmalane|move: Light Screen
|upkeep
|turn|11
|
|move|p2a: Happy|Spikes|p1a: déception
|-sidestart|p1: willcoxw|Spikes
|move|p1a: déception|Air Slash|p2a: Happy
|-damage|p2a: Happy|0 fnt
|faint|p2a: Happy
|
|upkeep
|
|switch|p2a: Green Goblin|Grimmsnarl, M|100/100
|-damage|p2a: Green Goblin|88/100|[from] Spikes
|turn|12
|
|move|p2a: Green Goblin|Light Screen|p2a: Green Goblin
|-sidestart|p2: Charmalane|move: Light Screen
|move|p1a: déception|Flamethrower|p2a: Green Goblin
|-damage|p2a: Green Goblin|52/100
|
|-end|p1a: déception|move: Taunt
|upkeep
|turn|13
|
|switch|p2a: Yang|Azumarill, M|77/100
|-damage|p2a: Yang|65/100|[from] Spikes
|move|p1a: déception|Nasty Plot|p1a: déception
|-boost|p1a: déception|spa|2
|
|upkeep
|turn|14
|
|move|p2a: Yang|Aqua Jet|p1a: déception
|-damage|p1a: déception|73/100
|-enditem|p1a: déception|Red Card|[of] p2a: Yang
|drag|p2a: Green Goblin|Grimmsnarl, M|52/100
|-damage|p2a: Green Goblin|39/100|[from] Spikes
|move|p1a: déception|Air Slash|p2a: Green Goblin
|-damage|p2a: Green Goblin|0 fnt
|faint|p2a: Green Goblin
|
|upkeep
|
|switch|p2a: Eclipsa|Volcarona, F|100/100
|turn|15
|
|move|p2a: Eclipsa|Quiver Dance|p2a: Eclipsa
|-boost|p2a: Eclipsa|spa|1
|-boost|p2a: Eclipsa|spd|1
|-boost|p2a: Eclipsa|spe|1
|move|p1a: déception|Air Slash|p2a: Eclipsa
|-supereffective|p2a: Eclipsa
|-damage|p2a: Eclipsa|19/100
|
|upkeep
|turn|16
|
|move|p2a: Eclipsa|Fiery Dance|p1a: déception
|-damage|p1a: déception|10/100
|-boost|p2a: Eclipsa|spa|1
|move|p1a: déception|Air Slash|p2a: Eclipsa
|-supereffective|p2a: Eclipsa
|-damage|p2a: Eclipsa|0 fnt
|faint|p2a: Eclipsa
|
|-sideend|p2: Charmalane|move: Light Screen
|upkeep
|
|switch|p2a: Yang|Azumarill, M|65/100
|-damage|p2a: Yang|52/100|[from] Spikes
|turn|17
|
|move|p2a: Yang|Aqua Jet|p1a: déception
|-damage|p1a: déception|0 fnt
|faint|p1a: déception
|
|upkeep
|
|switch|p1a: OH non Rboom|Rillaboom, M|100/100
|-damage|p1a: OH non Rboom|88/100|[from] Stealth Rock
|-damage|p1a: OH non Rboom|76/100|[from] Spikes
|-fieldstart|move: Grassy Terrain|[from] ability: Grassy Surge|[of] p1a: OH non Rboom
|turn|18
|
|move|p1a: OH non Rboom|Swords Dance|p1a: OH non Rboom
|-boost|p1a: OH non Rboom|atk|2
|move|p2a: Yang|Knock Off|p1a: OH non Rboom
|-damage|p1a: OH non Rboom|32/100
|-enditem|p1a: OH non Rboom|Life Orb|[from] move: Knock Off|[of] p2a: Yang
|
|-heal|p1a: OH non Rboom|38/100|[from] Grassy Terrain
|-heal|p2a: Yang|58/100|[from] Grassy Terrain
|upkeep
|turn|19
|
|move|p1a: OH non Rboom|Grassy Glide|p2a: Yang
|-supereffective|p2a: Yang
|-damage|p2a: Yang|0 fnt
|faint|p2a: Yang
|
|-heal|p1a: OH non Rboom|44/100|[from] Grassy Terrain
|upkeep
|
|switch|p2a: Jenny|Magearna-Original|100/100
|-damage|p2a: Jenny|88/100|[from] Spikes
|turn|20
|c|☆willcoxw|ggg
|
|move|p1a: OH non Rboom|Stomping Tantrum|p2a: Jenny
|-supereffective|p2a: Jenny
|-damage|p2a: Jenny|24/100
|move|p2a: Jenny|Draining Kiss|p1a: OH non Rboom
|-crit|p1a: OH non Rboom
|-damage|p1a: OH non Rboom|2/100
|-heal|p2a: Jenny|54/100|[from] drain|[of] p1a: OH non Rboom
|
|-heal|p1a: OH non Rboom|8/100|[from] Grassy Terrain
|-heal|p2a: Jenny|60/100|[from] item: Leftovers
|-heal|p2a: Jenny|66/100|[from] Grassy Terrain
|upkeep
|turn|21
|
|move|p1a: OH non Rboom|Drain Punch|p2a: Jenny
|-damage|p2a: Jenny|34/100
|-heal|p1a: OH non Rboom|25/100|[from] drain|[of] p2a: Jenny
|move|p2a: Jenny|Draining Kiss|p1a: OH non Rboom
|-damage|p1a: OH non Rboom|0 fnt
|-heal|p2a: Jenny|51/100|[from] drain|[of] p1a: OH non Rboom
|faint|p1a: OH non Rboom
|-ability|p2a: Jenny|Soul-Heart|boost
|-boost|p2a: Jenny|spa|1
|
|-heal|p2a: Jenny|57/100|[from] item: Leftovers
|-heal|p2a: Jenny|63/100|[from] Grassy Terrain
|upkeep
|
|switch|p1a: OH non VOLCA|Volcarona, M|100/100
|turn|22
|
|move|p1a: OH non VOLCA|Fiery Dance|p2a: Jenny
|-supereffective|p2a: Jenny
|-damage|p2a: Jenny|0 fnt
|-boost|p1a: OH non VOLCA|spa|1
|faint|p2a: Jenny
|
|-fieldend|move: Grassy Terrain
|upkeep
|
|switch|p2a: Pearl|Cloyster, F|100/100
|-damage|p2a: Pearl|88/100|[from] Spikes
|turn|23
|
|move|p1a: OH non VOLCA|Bug Buzz|p2a: Pearl
|-damage|p2a: Pearl|0 fnt
|faint|p2a: Pearl
|
|win|willcoxw
|c|☆Charmalane|gg
