|j|☆TinyArmel
|j|☆Meroz
|t:|1662484693
|gametype|singles
|player|p1|TinyArmel|shadowtriad|1569
|player|p2|Meroz|101|1836
|teamsize|p1|6
|teamsize|p2|6
|gen|8
|tier|[Gen 8] OU
|rated|
|rule|Sleep Clause Mod: Limit one foe put to sleep
|rule|Species Clause: Limit one of each Pokémon
|rule|OHKO Clause: OHKO moves are banned
|rule|Evasion Items Clause: Evasion items are banned
|rule|Evasion Moves Clause: Evasion moves are banned
|rule|Endless Battle Clause: Forcing endless battles is banned
|rule|HP Percentage Mod: HP is shown in percentages
|rule|Dynamax Clause: You cannot dynamax
|clearpoke
|poke|p1|Rillaboom, M|
|poke|p1|Hawlucha, M|
|poke|p1|Tapu Fini|
|poke|p1|Landorus-Therian, M|
|poke|p1|Heatran, M|
|poke|p1|Clefable, F|
|poke|p2|Zeraora|
|poke|p2|Heatran, M|
|poke|p2|Landorus-Therian, M|
|poke|p2|Tapu Fini|
|poke|p2|Tornadus-Therian, M|
|poke|p2|Melmetal|
|teampreview
|inactive|Battle timer is ON: inactive players will automatically lose when time's up. (requested by Meroz)
|j| Wazooooo
|inactive|TinyArmel has 120 seconds left.
|
|t:|1662484757
|start
|switch|p1a: Landorus|Landorus-Therian, M|100/100
|switch|p2a: Tornadus|Tornadus-Therian, M|100/100
|-ability|p1a: Landorus|Intimidate|boost
|-unboost|p2a: Tornadus|atk|1
|turn|1
|
|t:|1662484761
|move|p2a: Tornadus|Knock Off|p1a: Landorus
|-damage|p1a: Landorus|88/100
|-enditem|p1a: Landorus|Leftovers|[from] move: Knock Off|[of] p2a: Tornadus
|move|p1a: Landorus|Knock Off|p2a: Tornadus
|-damage|p2a: Tornadus|67/100
|-enditem|p2a: Tornadus|Assault Vest|[from] move: Knock Off|[of] p1a: Landorus
|
|upkeep
|turn|2
|
|t:|1662484770
|move|p2a: Tornadus|Hurricane|p1a: Landorus
|-crit|p1a: Landorus
|-damage|p1a: Landorus|41/100
|move|p1a: Landorus|Stealth Rock|p2a: Tornadus
|-sidestart|p2: Meroz|move: Stealth Rock
|
|upkeep
|turn|3
|
|t:|1662484775
|move|p2a: Tornadus|U-turn|p1a: Landorus
|-resisted|p1a: Landorus
|-damage|p1a: Landorus|36/100
|
|t:|1662484781
|switch|p2a: Landorus|Landorus-Therian, M|100/100|[from]move: U-turn
|-damage|p2a: Landorus|88/100|[from] Stealth Rock
|-ability|p2a: Landorus|Intimidate|boost
|-unboost|p1a: Landorus|atk|1
|move|p1a: Landorus|Knock Off|p2a: Landorus
|-damage|p2a: Landorus|68/100
|-enditem|p2a: Landorus|Leftovers|[from] move: Knock Off|[of] p1a: Landorus
|
|upkeep
|turn|4
|
|t:|1662484791
|move|p1a: Landorus|U-turn|p2a: Landorus
|-resisted|p2a: Landorus
|-damage|p2a: Landorus|61/100
|
|t:|1662484793
|switch|p1a: Tapu Fini|Tapu Fini|100/100|[from]move: U-turn
|-fieldstart|move: Misty Terrain|[from] ability: Misty Surge|[of] p1a: Tapu Fini
|move|p2a: Landorus|Toxic|p1a: Tapu Fini
|-activate|p1a: Tapu Fini|move: Misty Terrain
|
|upkeep
|turn|5
|
|t:|1662484807
|switch|p2a: Tornadus|Tornadus-Therian, M|100/100
|-damage|p2a: Tornadus|76/100|[from] Stealth Rock
|move|p1a: Tapu Fini|Calm Mind|p1a: Tapu Fini
|-boost|p1a: Tapu Fini|spa|1
|-boost|p1a: Tapu Fini|spd|1
|
|upkeep
|turn|6
|
|t:|1662484815
|move|p2a: Tornadus|Knock Off|p1a: Tapu Fini
|-resisted|p1a: Tapu Fini
|-damage|p1a: Tapu Fini|91/100
|-enditem|p1a: Tapu Fini|Leftovers|[from] move: Knock Off|[of] p2a: Tornadus
|move|p1a: Tapu Fini|Calm Mind|p1a: Tapu Fini
|-boost|p1a: Tapu Fini|spa|1
|-boost|p1a: Tapu Fini|spd|1
|
|upkeep
|turn|7
|
|t:|1662484829
|move|p2a: Tornadus|U-turn|p1a: Tapu Fini
|-resisted|p1a: Tapu Fini
|-damage|p1a: Tapu Fini|85/100
|
|t:|1662484832
|switch|p2a: Melmetal|Melmetal|100/100|[from]move: U-turn
|-damage|p2a: Melmetal|94/100|[from] Stealth Rock
|move|p1a: Tapu Fini|Calm Mind|p1a: Tapu Fini
|-boost|p1a: Tapu Fini|spa|1
|-boost|p1a: Tapu Fini|spd|1
|
|-heal|p2a: Melmetal|100/100|[from] item: Leftovers
|upkeep
|turn|8
|
|t:|1662484853
|move|p2a: Melmetal|Protect|p2a: Melmetal
|-singleturn|p2a: Melmetal|Protect
|move|p1a: Tapu Fini|Scald|p2a: Melmetal
|-activate|p2a: Melmetal|move: Protect
|
|-fieldend|Misty Terrain
|upkeep
|turn|9
|
|t:|1662484861
|move|p1a: Tapu Fini|Scald|p2a: Melmetal
|-damage|p2a: Melmetal|28/100
|move|p2a: Melmetal|Toxic|p1a: Tapu Fini
|-status|p1a: Tapu Fini|tox
|
|-heal|p2a: Melmetal|34/100|[from] item: Leftovers
|-damage|p1a: Tapu Fini|79/100 tox|[from] psn
|upkeep
|turn|10
|
|t:|1662484873
|switch|p2a: Zeraora|Zeraora|100/100
|move|p1a: Tapu Fini|Scald|p2a: Zeraora
|-damage|p2a: Zeraora|0 fnt
|faint|p2a: Zeraora
|
|-damage|p1a: Tapu Fini|67/100 tox|[from] psn
|upkeep
|
|t:|1662484895
|switch|p2a: Tapu Fini|Tapu Fini|100/100
|-damage|p2a: Tapu Fini|88/100|[from] Stealth Rock
|-fieldstart|move: Misty Terrain|[from] ability: Misty Surge|[of] p2a: Tapu Fini
|turn|11
|
|t:|1662484903
|move|p2a: Tapu Fini|Calm Mind|p2a: Tapu Fini
|-boost|p2a: Tapu Fini|spa|1
|-boost|p2a: Tapu Fini|spd|1
|move|p1a: Tapu Fini|Draining Kiss|p2a: Tapu Fini
|-damage|p2a: Tapu Fini|60/100
|-heal|p1a: Tapu Fini|88/100 tox|[from] drain|[of] p2a: Tapu Fini
|
|-heal|p2a: Tapu Fini|66/100|[from] item: Leftovers
|-damage|p1a: Tapu Fini|70/100 tox|[from] psn
|upkeep
|turn|12
|
|t:|1662484908
|switch|p1a: Clefable|Clefable, F|100/100
|move|p2a: Tapu Fini|Moonblast|p1a: Clefable
|-damage|p1a: Clefable|54/100
|
|-heal|p2a: Tapu Fini|72/100|[from] item: Leftovers
|upkeep
|turn|13
|
|t:|1662484911
|move|p2a: Tapu Fini|Taunt|p1a: Clefable
|-start|p1a: Clefable|move: Taunt
|cant|p1a: Clefable|move: Taunt|Trick
|
|-heal|p2a: Tapu Fini|78/100|[from] item: Leftovers
|upkeep
|turn|14
|
|t:|1662484916
|switch|p1a: Rillaboom|Rillaboom, M|100/100
|-fieldstart|move: Grassy Terrain|[from] ability: Grassy Surge|[of] p1a: Rillaboom
|move|p2a: Tapu Fini|Scald|p1a: Rillaboom
|-resisted|p1a: Rillaboom
|-damage|p1a: Rillaboom|79/100
|-status|p1a: Rillaboom|brn
|
|-heal|p2a: Tapu Fini|85/100|[from] Grassy Terrain
|-heal|p2a: Tapu Fini|91/100|[from] item: Leftovers
|-heal|p1a: Rillaboom|85/100 brn|[from] Grassy Terrain
|-damage|p1a: Rillaboom|79/100 brn|[from] brn
|upkeep
|turn|15
|
|t:|1662484923
|move|p1a: Rillaboom|Grassy Glide|p2a: Tapu Fini
|-supereffective|p2a: Tapu Fini
|-damage|p2a: Tapu Fini|37/100
|move|p2a: Tapu Fini|Moonblast|p1a: Rillaboom
|-damage|p1a: Rillaboom|27/100 brn
|
|-heal|p2a: Tapu Fini|44/100|[from] Grassy Terrain
|-heal|p2a: Tapu Fini|50/100|[from] item: Leftovers
|-heal|p1a: Rillaboom|33/100 brn|[from] Grassy Terrain
|-damage|p1a: Rillaboom|27/100 brn|[from] brn
|upkeep
|turn|16
|
|t:|1662484929
|switch|p2a: Melmetal|Melmetal|34/100
|-damage|p2a: Melmetal|28/100|[from] Stealth Rock
|move|p1a: Rillaboom|Grassy Glide|p2a: Melmetal
|-resisted|p2a: Melmetal
|-damage|p2a: Melmetal|17/100
|
|-heal|p1a: Rillaboom|33/100 brn|[from] Grassy Terrain
|-heal|p2a: Melmetal|23/100|[from] Grassy Terrain
|-heal|p2a: Melmetal|29/100|[from] item: Leftovers
|-damage|p1a: Rillaboom|27/100 brn|[from] brn
|upkeep
|turn|17
|
|t:|1662484946
|move|p1a: Rillaboom|Grassy Glide|p2a: Melmetal
|-resisted|p2a: Melmetal
|-damage|p2a: Melmetal|18/100
|move|p2a: Melmetal|Double Iron Bash|p1a: Rillaboom
|-damage|p1a: Rillaboom|0 fnt
|faint|p1a: Rillaboom
|-hitcount|p1: Rillaboom|1
|
|-heal|p2a: Melmetal|24/100|[from] Grassy Terrain
|-heal|p2a: Melmetal|30/100|[from] item: Leftovers
|upkeep
|
|t:|1662484950
|switch|p1a: Hawlucha|Hawlucha, M|100/100
|-enditem|p1a: Hawlucha|Grassy Seed
|-boost|p1a: Hawlucha|def|1|[from] item: Grassy Seed
|turn|18
|
|t:|1662484963
|move|p1a: Hawlucha|Close Combat|p2a: Melmetal
|-supereffective|p2a: Melmetal
|-damage|p2a: Melmetal|0 fnt
|-unboost|p1a: Hawlucha|def|1
|-unboost|p1a: Hawlucha|spd|1
|faint|p2a: Melmetal
|
|-fieldend|move: Grassy Terrain
|upkeep
|
|t:|1662484969
|switch|p2a: Tornadus|Tornadus-Therian, M|100/100
|-damage|p2a: Tornadus|76/100|[from] Stealth Rock
|turn|19
|
|t:|1662484981
|move|p1a: Hawlucha|Stone Edge|p2a: Tornadus
|-supereffective|p2a: Tornadus
|-crit|p2a: Tornadus
|-damage|p2a: Tornadus|0 fnt
|faint|p2a: Tornadus
|
|upkeep
|
|t:|1662484986
|switch|p2a: Tapu Fini|Tapu Fini|50/100
|-damage|p2a: Tapu Fini|37/100|[from] Stealth Rock
|-fieldstart|move: Misty Terrain|[from] ability: Misty Surge|[of] p2a: Tapu Fini
|turn|20
|
|t:|1662484989
|move|p1a: Hawlucha|Acrobatics|p2a: Tapu Fini
|-damage|p2a: Tapu Fini|1/100
|move|p2a: Tapu Fini|Moonblast|p1a: Hawlucha
|-supereffective|p1a: Hawlucha
|-damage|p1a: Hawlucha|0 fnt
|faint|p1a: Hawlucha
|
|-heal|p2a: Tapu Fini|7/100|[from] item: Leftovers
|upkeep
|
|t:|1662485007
|switch|p1a: Tapu Fini|Tapu Fini|70/100 tox
|turn|21
|
|t:|1662485011
|move|p2a: Tapu Fini|Moonblast|p1a: Tapu Fini
|-damage|p1a: Tapu Fini|46/100 tox
|move|p1a: Tapu Fini|Scald|p2a: Tapu Fini
|-resisted|p2a: Tapu Fini
|-damage|p2a: Tapu Fini|0 fnt
|faint|p2a: Tapu Fini
|
|-damage|p1a: Tapu Fini|40/100 tox|[from] psn
|upkeep
|
|t:|1662485027
|switch|p2a: Landorus|Landorus-Therian, M|61/100
|-damage|p2a: Landorus|49/100|[from] Stealth Rock
|-ability|p2a: Landorus|Intimidate|boost
|-unboost|p1a: Tapu Fini|atk|1
|turn|22
|
|t:|1662485030
|move|p2a: Landorus|Defog|p1a: Tapu Fini
|-unboost|p1a: Tapu Fini|evasion|1
|-sideend|p2: Meroz|Stealth Rock|[from] move: Defog|[of] p2a: Landorus
|-fieldend|Misty Terrain
|move|p1a: Tapu Fini|Scald|p2a: Landorus
|-supereffective|p2a: Landorus
|-damage|p2a: Landorus|0 fnt
|faint|p2a: Landorus
|
|-damage|p1a: Tapu Fini|28/100 tox|[from] psn
|upkeep
|
|t:|1662485033
|switch|p2a: Heatran|Heatran, M|100/100
|-item|p2a: Heatran|Air Balloon
|turn|23
|
|t:|1662485035
|move|p2a: Heatran|Eruption|p1a: Tapu Fini
|-resisted|p1a: Tapu Fini
|-damage|p1a: Tapu Fini|0 fnt
|faint|p1a: Tapu Fini
|
|upkeep
|
|t:|1662485043
|switch|p1a: Clefable|Clefable, F|54/100
|turn|24
|
|t:|1662485046
|move|p2a: Heatran|Eruption|p1a: Clefable
|-damage|p1a: Clefable|0 fnt
|faint|p1a: Clefable
|
|upkeep
|
|t:|1662485052
|switch|p1a: Landorus|Landorus-Therian, M|36/100
|-ability|p1a: Landorus|Intimidate|boost
|-unboost|p2a: Heatran|atk|1
|turn|25
|
|t:|1662485054
|switch|p1a: Heatran|Heatran, M|100/100
|-item|p1a: Heatran|Air Balloon
|move|p2a: Heatran|Eruption|p1a: Heatran
|-start|p1a: Heatran|ability: Flash Fire
|
|upkeep
|turn|26
|
|t:|1662485059
|move|p1a: Heatran|Flash Cannon|p2a: Heatran
|-resisted|p2a: Heatran
|-damage|p2a: Heatran|91/100
|-enditem|p2a: Heatran|Air Balloon
|move|p2a: Heatran|Stealth Rock|p1a: Heatran
|-sidestart|p1: TinyArmel|move: Stealth Rock
|
|upkeep
|turn|27
|-message|Meroz forfeited.
|
|win|TinyArmel
|raw|TinyArmel's rating: 1569 &rarr; <strong>1602</strong><br />(+33 for winning)
|raw|Meroz's rating: 1836 &rarr; <strong>1803</strong><br />(-33 for losing)
|l|☆Meroz
|l| Wazooooo
||Ladder isn't responding, score probably updated but might not have (Request timeout).
