|raw|<div class="broadcast-blue"><strong>This battle is required to be public due to a player having a name starting with 'lt91bb'.</div>
|j|☆LT91BB xray
|j|☆JooshP
|t:|1658954103
|gametype|singles
|player|p1|LT91BB xray|#npl2022ballermannbierbaren|1903
|player|p2|JooshP|red|1798
|teamsize|p1|6
|teamsize|p2|6
|gen|8
|tier|[Gen 8] OU
|rated|
|rule|Sleep Clause Mod: Limit one foe put to sleep
|rule|Species Clause: Limit one of each Pokémon
|rule|OHKO Clause: OHKO moves are banned
|rule|Evasion Moves Clause: Evasion moves are banned
|rule|Endless Battle Clause: Forcing endless battles is banned
|rule|HP Percentage Mod: HP is shown in percentages
|rule|Dynamax Clause: You cannot dynamax
|clearpoke
|poke|p1|Weavile, F|
|poke|p1|Blacephalon|
|poke|p1|Slowking, F|
|poke|p1|Melmetal|
|poke|p1|Landorus-Therian, M|
|poke|p1|Slowbro, F|
|poke|p2|Crawdaunt, M|
|poke|p2|Ferrothorn, M|
|poke|p2|Tapu Fini|
|poke|p2|Landorus-Therian, M|
|poke|p2|Zapdos-Galar|
|poke|p2|Dragapult, F|
|teampreview
|j| sdiubfgadfig
|j| LegendaryC26
|j| LT91BB GuardArc
|inactive|Battle timer is ON: inactive players will automatically lose when time's up. (requested by JooshP)
|j| LT91BB Raizen
|
|t:|1658954132
|start
|switch|p1a: Weavile|Weavile, F|100/100
|switch|p2a: Ferrothorn|Ferrothorn, M|100/100
|turn|1
|j| irgendwasmitmeeem
|j| Taco Pogrom
|j| Doppel Blau
|
|t:|1658954158
|switch|p1a: Slowbro|Slowbro, F|100/100
|move|p2a: Ferrothorn|Leech Seed|p1a: Slowbro
|-start|p1a: Slowbro|move: Leech Seed
|
|-damage|p1a: Slowbro|88/100|[from] Leech Seed|[of] p2a: Ferrothorn
|upkeep
|turn|2
|j| Barracades
|j| LT91BB Bless
|j| LT91BB Nick
|j|+heroictobias
|j| ibleachyourskin
|j| kureha clyret
|j| LT91BB magmafires
|j| marsandback
|
|t:|1658954164
|move|p2a: Ferrothorn|Knock Off|p1a: Slowbro
|-supereffective|p1a: Slowbro
|-damage|p1a: Slowbro|63/100
|-enditem|p1a: Slowbro|Eject Button|[from] move: Knock Off|[of] p2a: Ferrothorn
|move|p1a: Slowbro|Teleport|p1a: Slowbro
|j| LT91BB justamente
|j| LT91BB Tace
|j| baganha
|
|t:|1658954166
|switch|p1a: Blacephalon|Blacephalon|100/100|[from]move: Teleport
|
|upkeep
|turn|3
|j| 7aminTenerife
|j| BasedWhat?! ♪
|
|t:|1658954172
|switch|p2a: Tapu Fini|Tapu Fini|100/100
|-fieldstart|move: Misty Terrain|[from] ability: Misty Surge|[of] p2a: Tapu Fini
|move|p1a: Blacephalon|Flamethrower|p2a: Tapu Fini
|-resisted|p2a: Tapu Fini
|-damage|p2a: Tapu Fini|72/100
|
|-heal|p2a: Tapu Fini|78/100|[from] item: Leftovers
|upkeep
|turn|4
|j| SHSP
|j| samurott champloo
|j| BIHI
|
|t:|1658954179
|switch|p1a: Slowking|Slowking, F|100/100
|switch|p2a: Crawdaunt|Crawdaunt, M|100/100
|
|upkeep
|turn|5
|
|t:|1658954187
|switch|p1a: Landorus|Landorus-Therian, M|100/100
|-ability|p1a: Landorus|Intimidate|boost
|-unboost|p2a: Crawdaunt|atk|1
|move|p2a: Crawdaunt|Knock Off|p1a: Landorus
|-damage|p1a: Landorus|45/100
|-enditem|p1a: Landorus|Leftovers|[from] move: Knock Off|[of] p2a: Crawdaunt
|-damage|p2a: Crawdaunt|91/100|[from] item: Life Orb
|
|upkeep
|turn|6
|j| LT91BB RK
|
|t:|1658954195
|switch|p1a: Slowbro|Slowbro, F|96/100
|switch|p2a: Landorus|Landorus-Therian, M|100/100
|-ability|p2a: Landorus|Intimidate|boost
|-unboost|p1a: Slowbro|atk|1
|
|upkeep
|turn|7
|j| LT91BB xdRudi
|
|t:|1658954201
|move|p2a: Landorus|Stealth Rock|p1a: Slowbro
|-sidestart|p1: LT91BB xray|move: Stealth Rock
|move|p1a: Slowbro|Teleport|p1a: Slowbro
|j| LT91BB yovanmoment
|j| kayflockupnext
|j| wish killer
|
|t:|1658954211
|switch|p1a: Weavile|Weavile, F|100/100|[from]move: Teleport
|-damage|p1a: Weavile|76/100|[from] Stealth Rock
|
|-fieldend|Misty Terrain
|upkeep
|turn|8
|j| LT91BB stareal
|j| MS3D
|
|t:|1658954217
|move|p1a: Weavile|Knock Off|p2a: Landorus
|-damage|p2a: Landorus|42/100
|-enditem|p2a: Landorus|Leftovers|[from] move: Knock Off|[of] p1a: Weavile
|move|p2a: Landorus|U-turn|p1a: Weavile
|-supereffective|p1a: Weavile
|-damage|p1a: Weavile|0 fnt
|faint|p1a: Weavile
|j| LT91BB Manololt
|
|t:|1658954227
|switch|p2a: Dragapult|Dragapult, F|100/100|[from]move: U-turn
|
|upkeep
|j| f**ast**~~ma~~gs
|c| Taco Pogrom|damn
|
|t:|1658954233
|switch|p1a: Melmetal|Melmetal|100/100
|-damage|p1a: Melmetal|94/100|[from] Stealth Rock
|turn|9
|j|+starmaster
|j| Somalia
|
|t:|1658954236
|move|p2a: Dragapult|U-turn|p1a: Melmetal
|-resisted|p1a: Melmetal
|-damage|p1a: Melmetal|90/100
|c| Taco Pogrom|Joosh is 8 for 8
|
|t:|1658954238
|switch|p2a: Landorus|Landorus-Therian, M|42/100|[from]move: U-turn
|-ability|p2a: Landorus|Intimidate|boost
|-unboost|p1a: Melmetal|atk|1
|move|p1a: Melmetal|Superpower|p2a: Landorus
|-resisted|p2a: Landorus
|-damage|p2a: Landorus|24/100
|-unboost|p1a: Melmetal|atk|1
|-unboost|p1a: Melmetal|def|1
|
|upkeep
|turn|10
|j| Winston Earl
|
|t:|1658954248
|switch|p1a: Slowking|Slowking, F|100/100
|-damage|p1a: Slowking|88/100|[from] Stealth Rock
|move|p2a: Landorus|U-turn|p1a: Slowking
|-supereffective|p1a: Slowking
|-damage|p1a: Slowking|42/100
|-enditem|p1a: Slowking|Eject Button
|
|t:|1658954251
|switch|p1a: Blacephalon|Blacephalon|100/100
|-damage|p1a: Blacephalon|76/100|[from] Stealth Rock
|
|upkeep
|turn|11
|
|t:|1658954256
|switch|p2a: Tapu Fini|Tapu Fini|78/100
|-fieldstart|move: Misty Terrain|[from] ability: Misty Surge|[of] p2a: Tapu Fini
|move|p1a: Blacephalon|Shadow Ball|p2a: Tapu Fini
|-damage|p2a: Tapu Fini|26/100
|-unboost|p2a: Tapu Fini|spd|1
|
|-heal|p2a: Tapu Fini|32/100|[from] item: Leftovers
|upkeep
|turn|12
|j| LT91BB B
|
|t:|1658954262
|move|p1a: Blacephalon|Shadow Ball|p2a: Tapu Fini
|-damage|p2a: Tapu Fini|0 fnt
|faint|p2a: Tapu Fini
|-ability|p1a: Blacephalon|Beast Boost|boost
|-boost|p1a: Blacephalon|spa|1
|
|upkeep
|
|t:|1658954263
|switch|p2a: Crawdaunt|Crawdaunt, M|91/100
|turn|13
|j|+kino
|
|t:|1658954266
|switch|p1a: Slowbro|Slowbro, F|100/100
|-damage|p1a: Slowbro|88/100|[from] Stealth Rock
|move|p2a: Crawdaunt|Aqua Jet|p1a: Slowbro
|-resisted|p1a: Slowbro
|-damage|p1a: Slowbro|77/100
|-damage|p2a: Crawdaunt|81/100|[from] item: Life Orb
|
|upkeep
|turn|14
|j| edrala
|j|+Meister Siegfried@!
|
|t:|1658954274
|move|p2a: Crawdaunt|Knock Off|p1a: Slowbro
|-supereffective|p1a: Slowbro
|-damage|p1a: Slowbro|6/100
|-damage|p2a: Crawdaunt|71/100|[from] item: Life Orb
|move|p1a: Slowbro|Teleport|p1a: Slowbro
|
|t:|1658954277
|switch|p1a: Melmetal|Melmetal|90/100|[from]move: Teleport
|-damage|p1a: Melmetal|84/100|[from] Stealth Rock
|
|upkeep
|turn|15
|c| kayflockupnext|damn double slowbro and slowking
|l| Doppel Blau
|j| ClumsyClefable
|j| Doppel Blau
|
|t:|1658954288
|switch|p2a: Landorus|Landorus-Therian, M|24/100
|-ability|p2a: Landorus|Intimidate|boost
|-unboost|p1a: Melmetal|atk|1
|move|p1a: Melmetal|Ice Punch|p2a: Landorus
|-supereffective|p2a: Landorus
|-damage|p2a: Landorus|0 fnt
|faint|p2a: Landorus
|
|-fieldend|Misty Terrain
|upkeep
|j| whyad
|
|t:|1658954295
|switch|p2a: Ferrothorn|Ferrothorn, M|100/100
|turn|16
|l| LT91BB justamente
|c| kayflockupnext|what is he cooking
|j| sacred whisper
|j| whoghohou
|
|t:|1658954309
|switch|p1a: Slowking|Slowking, F|75/100
|-damage|p1a: Slowking|63/100|[from] Stealth Rock
|move|p2a: Ferrothorn|Knock Off|p1a: Slowking
|-supereffective|p1a: Slowking
|-damage|p1a: Slowking|33/100
|
|upkeep
|turn|17
|j| LT91BB justamente
|l| whoghohou
|
|t:|1658954314
|move|p2a: Ferrothorn|Spikes|p1a: Slowking
|-sidestart|p1: LT91BB xray|Spikes
|move|p1a: Slowking|Teleport|p1a: Slowking
|c|☆JooshP|Why is there 40+ people in here lmao
|
|t:|1658954328
|switch|p1a: Landorus|Landorus-Therian, M|45/100|[from]move: Teleport
|-damage|p1a: Landorus|32/100|[from] Stealth Rock
|-ability|p1a: Landorus|Intimidate|boost
|-unboost|p2a: Ferrothorn|atk|1
|
|upkeep
|turn|18
|j| LT91BB JD
|c| kayflockupnext|we are ur fans jooshp
|
|t:|1658954332
|move|p1a: Landorus|Defog|p2a: Ferrothorn
|-unboost|p2a: Ferrothorn|evasion|1
|-sideend|p1: LT91BB xray|Spikes|[from] move: Defog|[of] p1a: Landorus
|-sideend|p1: LT91BB xray|Stealth Rock|[from] move: Defog|[of] p1a: Landorus
|move|p2a: Ferrothorn|Leech Seed|p1a: Landorus|[miss]
|-miss|p2a: Ferrothorn|p1a: Landorus
|
|upkeep
|turn|19
|c| 7aminTenerife|olt
|
|t:|1658954337
|switch|p1a: Blacephalon|Blacephalon|76/100
|move|p2a: Ferrothorn|Spikes|p1a: Blacephalon
|-sidestart|p1: LT91BB xray|Spikes
|
|upkeep
|turn|20
|c|☆JooshP|Ohh
|c| Taco Pogrom|lol
|
|t:|1658954346
|switch|p2a: Dragapult|Dragapult, F|100/100
|move|p1a: Blacephalon|Shadow Ball|p2a: Dragapult
|-supereffective|p2a: Dragapult
|-damage|p2a: Dragapult|0 fnt
|faint|p2a: Dragapult
|-ability|p1a: Blacephalon|Beast Boost|boost
|-boost|p1a: Blacephalon|spa|1
|
|upkeep
|
|t:|1658954350
|switch|p2a: Crawdaunt|Crawdaunt, M|71/100
|turn|21
|c| kayflockupnext|knock here imo
|
|t:|1658954362
|switch|p1a: Slowbro|Slowbro, F|39/100
|-damage|p1a: Slowbro|26/100|[from] Spikes
|move|p2a: Crawdaunt|Aqua Jet|p1a: Slowbro
|-resisted|p1a: Slowbro
|-damage|p1a: Slowbro|16/100
|-damage|p2a: Crawdaunt|62/100|[from] item: Life Orb
|
|upkeep
|turn|22
|c| Taco Pogrom|this got turned around real fast
|c| Taco Pogrom|sad times
|
|t:|1658954381
|move|p2a: Crawdaunt|Knock Off|p1a: Slowbro
|-supereffective|p1a: Slowbro
|-damage|p1a: Slowbro|0 fnt
|faint|p1a: Slowbro
|-damage|p2a: Crawdaunt|52/100|[from] item: Life Orb
|
|upkeep
|
|t:|1658954382
|switch|p1a: Melmetal|Melmetal|84/100
|-damage|p1a: Melmetal|71/100|[from] Spikes
|turn|23
|c| kayflockupnext|actually tho
|
|t:|1658954393
|switch|p2a: Ferrothorn|Ferrothorn, M|100/100
|move|p1a: Melmetal|Ice Punch|p2a: Ferrothorn
|-damage|p2a: Ferrothorn|68/100
|-damage|p1a: Melmetal|59/100|[from] ability: Iron Barbs|[of] p2a: Ferrothorn
|
|-heal|p2a: Ferrothorn|74/100|[from] item: Leftovers
|upkeep
|turn|24
|
|t:|1658954399
|switch|p1a: Slowking|Slowking, F|66/100
|-damage|p1a: Slowking|54/100|[from] Spikes
|move|p2a: Ferrothorn|Leech Seed|p1a: Slowking
|-start|p1a: Slowking|move: Leech Seed
|
|-heal|p2a: Ferrothorn|81/100|[from] item: Leftovers
|-damage|p1a: Slowking|41/100|[from] Leech Seed|[of] p2a: Ferrothorn
|-heal|p2a: Ferrothorn|95/100|[silent]
|upkeep
|turn|25
|j| CALL THE CREW
|c| 7aminTenerife|its over
|c| kayflockupnext|go crawdaunt on teleport
|
|t:|1658954411
|switch|p2a: Crawdaunt|Crawdaunt, M|52/100
|move|p1a: Slowking|Teleport|p1a: Slowking
|c| kayflockupnext|goat
|c| kayflockupnext|ok
|c|+kino|wtf
|c|+kino|ghosting
|c| kayflockupnext|he still is in this
|c| 7aminTenerife|thats ghosting
|
|t:|1658954423
|switch|p1a: Landorus|Landorus-Therian, M|32/100|[from]move: Teleport
|-ability|p1a: Landorus|Intimidate|boost
|-unboost|p2a: Crawdaunt|atk|1
|
|upkeep
|turn|26
|c| 7aminTenerife|btw
|
|t:|1658954427
|switch|p1a: Slowking|Slowking, F|74/100
|-damage|p1a: Slowking|62/100|[from] Spikes
|move|p2a: Crawdaunt|Aqua Jet|p1a: Slowking
|-resisted|p1a: Slowking
|-damage|p1a: Slowking|48/100
|-damage|p2a: Crawdaunt|42/100|[from] item: Life Orb
|
|upkeep
|turn|27
|c| kayflockupnext|yah but hes still ass
|
|t:|1658954435
|switch|p1a: Landorus|Landorus-Therian, M|32/100
|-ability|p1a: Landorus|Intimidate|boost
|-unboost|p2a: Crawdaunt|atk|1
|move|p2a: Crawdaunt|Knock Off|p1a: Landorus
|-damage|p1a: Landorus|0 fnt
|faint|p1a: Landorus
|-damage|p2a: Crawdaunt|32/100|[from] item: Life Orb
|
|upkeep
|c| LegendaryC26|Narcs
|c| BasedWhat?! ♪|it's not olt if u dont have a random dude ghosting top game
|c| kayflockupnext|dont worry
|j| drphdbj
|
|t:|1658954450
|switch|p1a: Slowking|Slowking, F|82/100
|-damage|p1a: Slowking|69/100|[from] Spikes
|turn|28
|
|t:|1658954458
|switch|p2a: Ferrothorn|Ferrothorn, M|95/100
|move|p1a: Slowking|Scald|p2a: Ferrothorn
|-resisted|p2a: Ferrothorn
|-crit|p2a: Ferrothorn
|-damage|p2a: Ferrothorn|76/100
|
|-heal|p2a: Ferrothorn|82/100|[from] item: Leftovers
|upkeep
|turn|29
|
|t:|1658954462
|move|p2a: Ferrothorn|Knock Off|p1a: Slowking
|-supereffective|p1a: Slowking
|-damage|p1a: Slowking|39/100
|move|p1a: Slowking|Teleport|p1a: Slowking
|j| LT91BB atlx
|
|t:|1658954464
|switch|p1a: Blacephalon|Blacephalon|76/100|[from]move: Teleport
|-damage|p1a: Blacephalon|64/100|[from] Spikes
|
|-heal|p2a: Ferrothorn|88/100|[from] item: Leftovers
|upkeep
|turn|30
|l| CALL THE CREW
|j| Pokemh ❤️
|
|t:|1658954469
|move|p1a: Blacephalon|Flamethrower|p2a: Ferrothorn
|-supereffective|p2a: Ferrothorn
|-damage|p2a: Ferrothorn|0 fnt
|faint|p2a: Ferrothorn
|-ability|p1a: Blacephalon|Beast Boost|boost
|-boost|p1a: Blacephalon|spa|1
|
|upkeep
|
|t:|1658954471
|switch|p2a: Crawdaunt|Crawdaunt, M|32/100
|turn|31
|c| kayflockupnext|yah chill guys he is gonan win anyways
|c| 7aminTenerife|maths
|
|t:|1658954497
|switch|p1a: Slowking|Slowking, F|72/100
|-damage|p1a: Slowking|60/100|[from] Spikes
|move|p2a: Crawdaunt|Aqua Jet|p1a: Slowking
|-resisted|p1a: Slowking
|-damage|p1a: Slowking|41/100
|-damage|p2a: Crawdaunt|23/100|[from] item: Life Orb
|
|upkeep
|turn|32
|c| Taco Pogrom|oof
|j| LT91BB Atm
|
|t:|1658954508
|switch|p1a: Melmetal|Melmetal|59/100
|-damage|p1a: Melmetal|47/100|[from] Spikes
|move|p2a: Crawdaunt|Knock Off|p1a: Melmetal
|-damage|p1a: Melmetal|0 fnt
|-enditem|p1a: Melmetal|Choice Band|[from] move: Knock Off|[of] p2a: Crawdaunt
|faint|p1a: Melmetal
|-damage|p2a: Crawdaunt|13/100|[from] item: Life Orb
|
|upkeep
|
|t:|1658954515
|switch|p1a: Blacephalon|Blacephalon|64/100
|-damage|p1a: Blacephalon|52/100|[from] Spikes
|turn|33
|
|t:|1658954517
|switch|p1a: Slowking|Slowking, F|74/100
|-damage|p1a: Slowking|62/100|[from] Spikes
|move|p2a: Crawdaunt|Aqua Jet|p1a: Slowking
|-resisted|p1a: Slowking
|-damage|p1a: Slowking|41/100
|-damage|p2a: Crawdaunt|3/100|[from] item: Life Orb
|
|upkeep
|turn|34
|c| Taco Pogrom|oh shit
|c| Taco Pogrom|here we go
|c| Taco Pogrom|rip
|c| Pokemh ❤️|,
|j| LT91BB Dasmer
|j| NotTheAstronaut
|j| BillKillYT
|inactive|JooshP has 120 seconds left.
|c| 7aminTenerife|whats this game
|c| 7aminTenerife|LMFAO
|j| De la Bourdonnais
|c| 7aminTenerife|how did xray won
|c| kayflockupnext|cant slowking 1v1 zapdos galar
|
|t:|1658954566
|switch|p2a: Zapdos|Zapdos-Galar|100/100
|move|p1a: Slowking|Thunder Wave|p2a: Zapdos|[miss]
|-miss|p1a: Slowking|p2a: Zapdos
|
|upkeep
|turn|35
|c| kayflockupnext|OMG
|j| weshbien
|c| kayflockupnext|GOAT
|c|☆LT91BB xray|nooo
|c| 7aminTenerife|OFC
|l| LT91BB justamente
|c| Taco Pogrom|haha
|c| 7aminTenerife|!!!
|c|☆LT91BB xray|bruhh
|c| kayflockupnext|GOAT
|c| kayflockupnext|JOOSHP
|c| 7aminTenerife|Jooshp goat
|c| Taco Pogrom|Justice miss
|inactive|JooshP has 90 seconds left.
|c| kayflockupnext|did twave miss matter
|c| Barracades|i think he still lost, brave bird sweeps doesnt it?
|c| Taco Pogrom|blace is faster than zap
|c|+kino|u know how paralysis work right ?
|c| Taco Pogrom|and its specced right
|
|t:|1658954620
|move|p2a: Zapdos|Agility|p2a: Zapdos
|-boost|p2a: Zapdos|spe|2
|move|p1a: Slowking|Thunder Wave|p2a: Zapdos
|-status|p2a: Zapdos|par
|
|upkeep
|turn|36
|c| Barracades|o he won
|c| kayflockupnext|oml
|c| Taco Pogrom|wait
|c| Taco Pogrom|wtf
|c| LT91BB magmafires|?????
|c| drphdbj|?
|c| kayflockupnext|what is happening
|c| Barracades|aite he gave it to him
|c| f**ast**~~ma~~gs|He didn’t need to make the switch sz
|c| Barracades|LOL
|c| BasedWhat?! ♪|????????????
|
|t:|1658954633
|cant|p2a: Zapdos|par
|move|p1a: Slowking|Slack Off|p1a: Slowking
|-heal|p1a: Slowking|91/100
|
|upkeep
|turn|37
|c| LT91BB GuardArc|guys, yes barracades knows how para works lmao
|c| Barracades|LOL
|c|☆JooshP|I’m not brave bird lol
|l| LegendaryC26
|
|t:|1658954643
|move|p2a: Zapdos|Agility|p2a: Zapdos
|-boost|p2a: Zapdos|spe|2
|move|p1a: Slowking|Scald|p2a: Zapdos
|-damage|p2a: Zapdos|74/100 par
|
|upkeep
|turn|38
|
|t:|1658954648
|move|p2a: Zapdos|Bulk Up|p2a: Zapdos
|-boost|p2a: Zapdos|atk|1
|-boost|p2a: Zapdos|def|1
|move|p1a: Slowking|Scald|p2a: Zapdos
|-damage|p2a: Zapdos|48/100 par
|
|upkeep
|turn|39
|c| Taco Pogrom|rest in pepperonis
|
|t:|1658954651
|move|p2a: Zapdos|Thunderous Kick|p1a: Slowking
|-resisted|p1a: Slowking
|-damage|p1a: Slowking|58/100
|-unboost|p1a: Slowking|def|1
|move|p1a: Slowking|Scald|p2a: Zapdos
|-damage|p2a: Zapdos|19/100 par
|
|upkeep
|turn|40
|c| kayflockupnext|omg
|c| kayflockupnext|wtf is this set
|c| kureha clyret|surely you have a better move to click than agility
|l| De la Bourdonnais
|
|t:|1658954662
|move|p2a: Zapdos|Drill Peck|p1a: Slowking
|-damage|p1a: Slowking|0 fnt
|faint|p1a: Slowking
|
|upkeep
|
|t:|1658954664
|switch|p1a: Blacephalon|Blacephalon|52/100
|-damage|p1a: Blacephalon|39/100|[from] Spikes
|turn|41
|c| kayflockupnext|o shit
|c| f**ast**~~ma~~gs|All that for what lmao
|c| Taco Pogrom|nvm aqua wins
|c| Taco Pogrom|right
|c|☆LT91BB xray|I shoulda ported
|c|☆LT91BB xray|after twave
|c|☆JooshP|Lmao
|c|☆LT91BB xray|instead of scald
|c| Taco Pogrom|yeah
|c|☆LT91BB xray|im dumb
|c|☆JooshP|wild
|l|+Meister Siegfried
|c| kayflockupnext|wait he can stil lget parad
|
|t:|1658954693
|cant|p2a: Zapdos|par
|move|p1a: Blacephalon|Flamethrower|p2a: Zapdos
|-damage|p2a: Zapdos|0 fnt
|faint|p2a: Zapdos
|-ability|p1a: Blacephalon|Beast Boost|boost
|-boost|p1a: Blacephalon|spa|1
|
|upkeep
|c| LT91BB GuardArc|aqua wins even if zapdos para
|c|☆JooshP|Drill peck didn’t kill
|c| kayflockupnext|OMG
|c| f**ast**~~ma~~gs|Doesn’t matter lol
|
|t:|1658954699
|switch|p2a: Crawdaunt|Crawdaunt, M|3/100
|turn|42
|
|t:|1658954701
|move|p2a: Crawdaunt|Aqua Jet|p1a: Blacephalon
|-supereffective|p1a: Blacephalon
|-damage|p1a: Blacephalon|0 fnt
|faint|p1a: Blacephalon
|-damage|p2a: Crawdaunt|0 fnt|[from] item: Life Orb
|faint|p2a: Crawdaunt
|
|win|JooshP
|raw|LT91BB xray's rating: 1903 &rarr; <strong>1877</strong><br />(-26 for losing)
|raw|JooshP's rating: 1798 &rarr; <strong>1824</strong><br />(+26 for winning)
|c| kayflockupnext|insane game
|c| Taco Pogrom|death and win
|c| Taco Pogrom|lol
|l| kureha clyret
|c|☆LT91BB xray|im dumb
|l| Pokemh ❤️
|l|☆LT91BB xray
|l| LT91BB Nick
|l| drphdbj
|c|☆JooshP|Same
|c| LT91BB GuardArc|brazy
|l| kayflockupnext
|l| f**ast**~~ma~~gs
|l| baganha
|l| NotTheAstronaut
|l| Barracades
|c| Taco Pogrom|this game much better
|l| LT91BB B
|l| irgendwasmitmeeem
|l| Doppel Blau
|c| Taco Pogrom|than stall fest
|l| LT91BB atlx
|l| LT91BB yovanmoment
|l|+starmaster
|l| samurott champloo
|l| Taco Pogrom
|l|+kino
|l| sacred whisper
|l| LT91BB GuardArc
|l| ibleachyourskin
|l| Somalia
|j| CALL THE CREW
|l| SHSP
|l| BasedWhat?! ♪
||Ladder isn't responding, score probably updated but might not have (Request timeout).
