|raw|<div class="broadcast-blue"><strong>This battle is required to be public due to a player having a name starting with 'lt84jm'.</div>
|j|☆GuyguyLaMenace
|j|☆LT84JM Yako2000s
|t:|1627305348
|gametype|singles
|player|p1|GuyguyLaMenace|volkner|1749
|player|p2|LT84JM Yako2000s|silver|1739
|teamsize|p1|6
|teamsize|p2|6
|gen|8
|tier|[Gen 8] OU
|rated|
|rule|Sleep Clause Mod: Limit one foe put to sleep
|rule|Species Clause: Limit one of each Pokémon
|rule|OHKO Clause: OHKO moves are banned
|rule|Evasion Moves Clause: Evasion moves are banned
|rule|Endless Battle Clause: Forcing endless battles is banned
|rule|HP Percentage Mod: HP is shown in percentages
|rule|Dynamax Clause: You cannot dynamax
|clearpoke
|poke|p1|Slurpuff, F|
|poke|p1|Mamoswine, F|
|poke|p1|Dragonite, M|
|poke|p1|Zeraora|
|poke|p1|Volcanion|
|poke|p1|Bisharp, F|
|poke|p2|Kyurem|
|poke|p2|Dragapult, M|
|poke|p2|Bisharp, F|
|poke|p2|Garchomp, M|
|poke|p2|Landorus-Therian, M|
|poke|p2|Urshifu-*, F|
|teampreview
|c|☆LT84JM Yako2000s|gl
|c|☆GuyguyLaMenace|Hf
|j| lt84jmps
|
|t:|1627305372
|start
|switch|p1a: Slurpuff|Slurpuff, F|100/100
|switch|p2a: Dragapult|Dragapult, M|100/100
|turn|1
|l| lt84jmps
|c|☆GuyguyLaMenace|Cool team, can I have it after?
|
|t:|1627305394
|move|p2a: Dragapult|Shadow Ball|p1a: Slurpuff
|-damage|p1a: Slurpuff|23/100
|move|p1a: Slurpuff|Sticky Web|p2a: Dragapult
|-sidestart|p2: LT84JM Yako2000s|move: Sticky Web
|
|upkeep
|turn|2
|c|☆LT84JM Yako2000s|yeah
|c|☆LT84JM Yako2000s|for me is ok
|c|☆LT84JM Yako2000s|:)
|c|☆GuyguyLaMenace|T'y!
|
|t:|1627305410
|switch|p1a: Bisharp|Bisharp, F|100/100
|move|p2a: Dragapult|Shadow Ball|p1a: Bisharp
|-resisted|p1a: Bisharp
|-damage|p1a: Bisharp|56/100
|
|upkeep
|turn|3
|
|t:|1627305421
|switch|p2a: Garchomp|Garchomp, M|100/100
|-activate|p2a: Garchomp|move: Sticky Web
|-unboost|p2a: Garchomp|spe|1
|move|p1a: Bisharp|Knock Off|p2a: Garchomp
|-crit|p2a: Garchomp
|-damage|p2a: Garchomp|22/100
|-damage|p1a: Bisharp|44/100|[from] ability: Rough Skin|[of] p2a: Garchomp
|-damage|p1a: Bisharp|27/100|[from] item: Rocky Helmet|[of] p2a: Garchomp
|-enditem|p2a: Garchomp|Rocky Helmet|[from] move: Knock Off|[of] p1a: Bisharp
|-damage|p1a: Bisharp|17/100|[from] item: Life Orb
|
|upkeep
|turn|4
|j| Licor43
|
|t:|1627305439
|move|p1a: Bisharp|Knock Off|p2a: Garchomp
|-damage|p2a: Garchomp|0 fnt
|-damage|p1a: Bisharp|5/100|[from] ability: Rough Skin|[of] p2a: Garchomp
|faint|p2a: Garchomp
|-damage|p1a: Bisharp|0 fnt|[from] item: Life Orb
|faint|p1a: Bisharp
|
|upkeep
|j| Oncpas
|j| pedekartk5com
|j| LT84JM Nez
|
|t:|1627305470
|switch|p2a: Dragapult|Dragapult, M|100/100
|switch|p1a: Gator|Mamoswine, F|100/100
|-activate|p2a: Dragapult|move: Sticky Web
|-unboost|p2a: Dragapult|spe|1
|turn|5
|j| itsukashin
|j| tschabroni
|
|t:|1627305484
|move|p2a: Dragapult|Draco Meteor|p1a: Gator
|-damage|p1a: Gator|0 fnt
|-unboost|p2a: Dragapult|spa|2
|faint|p1a: Gator
|
|upkeep
|
|t:|1627305497
|switch|p1a: Volcanion|Volcanion|100/100
|turn|6
|l| Oncpas
|j| hauhuuhuynh17
|j| Clozap9
|
|t:|1627305551
|move|p2a: Dragapult|Draco Meteor|p1a: Volcanion
|-damage|p1a: Volcanion|57/100
|-unboost|p2a: Dragapult|spa|2
|move|p1a: Volcanion|Steam Eruption|p2a: Dragapult
|-resisted|p2a: Dragapult
|-damage|p2a: Dragapult|39/100
|-status|p2a: Dragapult|brn
|
|-damage|p2a: Dragapult|33/100 brn|[from] brn
|upkeep
|turn|7
|l| pedekartk5com
|
|t:|1627305567
|switch|p1a: Slurpuff|Slurpuff, F|23/100
|move|p2a: Dragapult|Draco Meteor|p1a: Slurpuff
|-immune|p1a: Slurpuff
|
|-damage|p2a: Dragapult|27/100 brn|[from] brn
|upkeep
|turn|8
|
|t:|1627305574
|switch|p2a: Landorus|Landorus-Therian, M|100/100
|-ability|p2a: Landorus|Intimidate|boost
|-unboost|p1a: Slurpuff|atk|1
|move|p1a: Slurpuff|Endeavor|p2a: Landorus
|-damage|p2a: Landorus|19/100
|
|upkeep
|turn|9
|
|t:|1627305583
|move|p1a: Slurpuff|Misty Explosion|p2a: Landorus
|-damage|p2a: Landorus|0 fnt
|faint|p1a: Slurpuff
|faint|p2a: Landorus
|
|upkeep
|j| Bijets
|
|t:|1627305608
|switch|p1a: Volcanion|Volcanion|57/100
|switch|p2a: Bisharp|Bisharp, F|100/100
|-activate|p2a: Bisharp|move: Sticky Web
|-unboost|p2a: Bisharp|spe|1
|-ability|p2a: Bisharp|Defiant
|-boost|p2a: Bisharp|atk|2
|turn|10
|
|t:|1627305620
|move|p2a: Bisharp|Sucker Punch|p1a: Volcanion
|-damage|p1a: Volcanion|0 fnt
|faint|p1a: Volcanion
|
|upkeep
|
|t:|1627305623
|switch|p1a: Zeraora|Zeraora|100/100
|turn|11
|
|t:|1627305630
|move|p1a: Zeraora|Bulk Up|p1a: Zeraora
|-boost|p1a: Zeraora|atk|1
|-boost|p1a: Zeraora|def|1
|move|p2a: Bisharp|Knock Off|p1a: Zeraora
|-damage|p1a: Zeraora|0 fnt
|-enditem|p1a: Zeraora|Heavy-Duty Boots|[from] move: Knock Off|[of] p2a: Bisharp
|faint|p1a: Zeraora
|
|upkeep
|c|☆GuyguyLaMenace|Gg
|-message|GuyguyLaMenace forfeited.
|
|win|LT84JM Yako2000s
|raw|GuyguyLaMenace's rating: 1749 &rarr; <strong>1728</strong><br />(-21 for losing)
|raw|LT84JM Yako2000s's rating: 1739 &rarr; <strong>1760</strong><br />(+21 for winning)
|l| Licor43
|l| itsukashin
|l| tschabroni
|l| Bijets
|l| LT84JM Nez
|l| Clozap9
