|j|☆cump2
|j|☆UnarmoredReiner
|t:|1661321990
|gametype|singles
|player|p1|cump2|doctor|1679
|player|p2|UnarmoredReiner|scientist-gen4|1652
|teamsize|p1|6
|teamsize|p2|6
|gen|8
|tier|[Gen 8] OU
|rated|
|rule|Sleep Clause Mod: Limit one foe put to sleep
|rule|Species Clause: Limit one of each Pokémon
|rule|OHKO Clause: OHKO moves are banned
|rule|Evasion Items Clause: Evasion items are banned
|rule|Evasion Moves Clause: Evasion moves are banned
|rule|Endless Battle Clause: Forcing endless battles is banned
|rule|HP Percentage Mod: HP is shown in percentages
|rule|Dynamax Clause: You cannot dynamax
|clearpoke
|poke|p1|Clefable, F|
|poke|p1|Ferrothorn, M|
|poke|p1|Buzzwole|
|poke|p1|Dragonite, F|
|poke|p1|Weavile, M|
|poke|p1|Tapu Koko|
|poke|p2|Toxtricity, M|
|poke|p2|Landorus-Therian, M|
|poke|p2|Scizor, M|
|poke|p2|Dragapult, M|
|poke|p2|Slowbro, M|
|poke|p2|Tyranitar, M|
|teampreview
|inactive|Battle timer is ON: inactive players will automatically lose when time's up. (requested by UnarmoredReiner)
|c|☆cump2|hf
|inactive|UnarmoredReiner has 120 seconds left.
|inactive|UnarmoredReiner has 90 seconds left.
|
|t:|1661322054
|start
|switch|p1a: Ferrothorn|Ferrothorn, M, shiny|100/100
|switch|p2a: Tyranitar|Tyranitar, M|100/100
|-weather|Sandstorm|[from] ability: Sand Stream|[of] p2a: Tyranitar
|turn|1
|c|☆UnarmoredReiner|Glg
|c|☆UnarmoredReiner|Glhf*
|
|t:|1661322070
|switch|p2a: Landorus|Landorus-Therian, M|100/100
|-ability|p2a: Landorus|Intimidate|boost
|-unboost|p1a: Ferrothorn|atk|1
|switch|p1a: Dragonite|Dragonite, F, shiny|100/100
|
|-weather|Sandstorm|[upkeep]
|-damage|p1a: Dragonite|94/100|[from] Sandstorm
|upkeep
|turn|2
|
|t:|1661322080
|switch|p2a: Slowbro|Slowbro, M|100/100
|move|p1a: Dragonite|Ice Punch|p2a: Slowbro
|-resisted|p2a: Slowbro
|-damage|p2a: Slowbro|93/100
|-damage|p1a: Dragonite|78/100|[from] item: Rocky Helmet|[of] p2a: Slowbro
|
|-weather|Sandstorm|[upkeep]
|-damage|p1a: Dragonite|72/100|[from] Sandstorm
|-damage|p2a: Slowbro|87/100|[from] Sandstorm
|upkeep
|turn|3
|
|t:|1661322084
|switch|p1a: Clefable|Clefable, F|100/100
|move|p2a: Slowbro|Future Sight|p1a: Clefable
|-start|p2a: Slowbro|move: Future Sight
|
|-weather|Sandstorm|[upkeep]
|-damage|p2a: Slowbro|81/100|[from] Sandstorm
|upkeep
|turn|4
|
|t:|1661322086
|move|p1a: Clefable|Stealth Rock|p2a: Slowbro
|-sidestart|p2: UnarmoredReiner|move: Stealth Rock
|move|p2a: Slowbro|Teleport|p2a: Slowbro
|
|t:|1661322089
|switch|p2a: Toxtricity|Toxtricity, M, shiny|100/100|[from]move: Teleport
|-damage|p2a: Toxtricity|88/100|[from] Stealth Rock
|
|-weather|Sandstorm|[upkeep]
|-damage|p2a: Toxtricity|82/100|[from] Sandstorm
|upkeep
|turn|5
|
|t:|1661322094
|switch|p1a: Ferrothorn|Ferrothorn, M, shiny|100/100
|move|p2a: Toxtricity|Shift Gear|p2a: Toxtricity
|-boost|p2a: Toxtricity|spe|2
|-boost|p2a: Toxtricity|atk|1
|
|-weather|none
|-end|p1a: Ferrothorn|move: Future Sight
|-resisted|p1a: Ferrothorn
|-damage|p1a: Ferrothorn|88/100
|-heal|p1a: Ferrothorn|95/100|[from] item: Leftovers
|upkeep
|turn|6
|
|t:|1661322101
|move|p2a: Toxtricity|Fire Punch|p1a: Ferrothorn
|-supereffective|p1a: Ferrothorn
|-damage|p1a: Ferrothorn|0 fnt
|-damage|p2a: Toxtricity|70/100|[from] ability: Iron Barbs|[of] p1a: Ferrothorn
|faint|p1a: Ferrothorn
|-damage|p2a: Toxtricity|60/100|[from] item: Life Orb
|
|upkeep
|
|t:|1661322126
|switch|p1a: Clefable|Clefable, F|100/100
|turn|7
|
|t:|1661322129
|move|p2a: Toxtricity|Gunk Shot|p1a: Clefable
|-supereffective|p1a: Clefable
|-damage|p1a: Clefable|0 fnt
|faint|p1a: Clefable
|-damage|p2a: Toxtricity|50/100|[from] item: Life Orb
|
|upkeep
|
|t:|1661322143
|switch|p1a: Weavile|Weavile, M|100/100
|-ability|p1a: Weavile|Pressure
|turn|8
|
|t:|1661322152
|move|p2a: Toxtricity|Fire Punch|p1a: Weavile
|-supereffective|p1a: Weavile
|-damage|p1a: Weavile|0 fnt
|faint|p1a: Weavile
|-damage|p2a: Toxtricity|40/100|[from] item: Life Orb
|
|upkeep
|
|t:|1661322156
|switch|p1a: Buzzwole|Buzzwole|100/100
|turn|9
|
|t:|1661322172
|move|p2a: Toxtricity|Gunk Shot|p1a: Buzzwole|[miss]
|-miss|p2a: Toxtricity|p1a: Buzzwole
|move|p1a: Buzzwole|Ice Punch|p2a: Toxtricity
|-damage|p2a: Toxtricity|3/100
|
|upkeep
|turn|10
|j| Pisslax
|
|t:|1661322178
|move|p2a: Toxtricity|Gunk Shot|p1a: Buzzwole|[miss]
|-miss|p2a: Toxtricity|p1a: Buzzwole
|move|p1a: Buzzwole|Ice Punch|p2a: Toxtricity
|-damage|p2a: Toxtricity|0 fnt
|faint|p2a: Toxtricity
|-ability|p1a: Buzzwole|Beast Boost|boost
|-boost|p1a: Buzzwole|def|1
|
|upkeep
|
|t:|1661322180
|switch|p2a: Dragapult|Dragapult, M|100/100
|-damage|p2a: Dragapult|88/100|[from] Stealth Rock
|turn|11
|l| Pisslax
|
|t:|1661322184
|move|p2a: Dragapult|Shadow Ball|p1a: Buzzwole
|-damage|p1a: Buzzwole|26/100
|move|p1a: Buzzwole|Ice Punch|p2a: Dragapult
|-supereffective|p2a: Dragapult
|-damage|p2a: Dragapult|26/100
|
|upkeep
|turn|12
|
|t:|1661322201
|switch|p1a: Dragonite|Dragonite, F, shiny|72/100
|move|p2a: Dragapult|Shadow Ball|p1a: Dragonite
|-damage|p1a: Dragonite|24/100
|
|upkeep
|turn|13
|
|t:|1661322204
|move|p2a: Dragapult|Shadow Ball|p1a: Dragonite
|-damage|p1a: Dragonite|0 fnt
|faint|p1a: Dragonite
|
|upkeep
|
|t:|1661322206
|switch|p1a: Tapu Koko|Tapu Koko, shiny|100/100
|-fieldstart|move: Electric Terrain|[from] ability: Electric Surge|[of] p1a: Tapu Koko
|turn|14
|
|t:|1661322209
|switch|p2a: Landorus|Landorus-Therian, M|100/100
|-damage|p2a: Landorus|88/100|[from] Stealth Rock
|-ability|p2a: Landorus|Intimidate|boost
|-unboost|p1a: Tapu Koko|atk|1
|switch|p1a: Buzzwole|Buzzwole|26/100
|
|-heal|p2a: Landorus|94/100|[from] item: Leftovers
|upkeep
|turn|15
|
|t:|1661322212
|move|p2a: Landorus|Toxic|p1a: Buzzwole
|-status|p1a: Buzzwole|tox
|move|p1a: Buzzwole|Roost|p1a: Buzzwole
|-heal|p1a: Buzzwole|76/100 tox
|-singleturn|p1a: Buzzwole|move: Roost
|
|-heal|p2a: Landorus|99/100|[from] item: Leftovers
|-damage|p1a: Buzzwole|70/100 tox|[from] psn
|upkeep
|turn|16
|
|t:|1661322215
|move|p2a: Landorus|Defog|p1a: Buzzwole
|-unboost|p1a: Buzzwole|evasion|1
|-sideend|p2: UnarmoredReiner|Stealth Rock|[from] move: Defog|[of] p2a: Landorus
|-fieldend|move: Electric Terrain
|move|p1a: Buzzwole|Ice Punch|p2a: Landorus
|-supereffective|p2a: Landorus
|-damage|p2a: Landorus|7/100
|
|-heal|p2a: Landorus|13/100|[from] item: Leftovers
|-damage|p1a: Buzzwole|58/100 tox|[from] psn
|upkeep
|turn|17
|
|t:|1661322220
|move|p2a: Landorus|Earthquake|p1a: Buzzwole
|-resisted|p1a: Buzzwole
|-damage|p1a: Buzzwole|46/100 tox
|move|p1a: Buzzwole|Ice Punch|p2a: Landorus
|-supereffective|p2a: Landorus
|-damage|p2a: Landorus|0 fnt
|faint|p2a: Landorus
|-ability|p1a: Buzzwole|Beast Boost|boost
|-boost|p1a: Buzzwole|def|1
|
|-damage|p1a: Buzzwole|28/100 tox|[from] psn
|upkeep
|
|t:|1661322223
|switch|p2a: Dragapult|Dragapult, M|26/100
|turn|18
|
|t:|1661322225
|move|p2a: Dragapult|Shadow Ball|p1a: Buzzwole
|-damage|p1a: Buzzwole|0 fnt
|faint|p1a: Buzzwole
|
|upkeep
|
|t:|1661322227
|switch|p1a: Tapu Koko|Tapu Koko, shiny|100/100
|-fieldstart|move: Electric Terrain|[from] ability: Electric Surge|[of] p1a: Tapu Koko
|turn|19
|
|t:|1661322228
|move|p2a: Dragapult|Shadow Ball|p1a: Tapu Koko
|-damage|p1a: Tapu Koko|16/100
|move|p1a: Tapu Koko|Calm Mind|p1a: Tapu Koko
|-boost|p1a: Tapu Koko|spa|1
|-boost|p1a: Tapu Koko|spd|1
|
|upkeep
|turn|20
|
|t:|1661322231
|move|p2a: Dragapult|Shadow Ball|p1a: Tapu Koko
|-damage|p1a: Tapu Koko|0 fnt
|faint|p1a: Tapu Koko
|
|win|UnarmoredReiner
|raw|cump2's rating: 1679 &rarr; <strong>1657</strong><br />(-22 for losing)
|raw|UnarmoredReiner's rating: 1652 &rarr; <strong>1674</strong><br />(+22 for winning)
|l|☆cump2
