|j|☆Draco09876
|j|☆Platum
|t:|1623639898
|gametype|singles
|player|p1|Draco09876|1|1634
|player|p2|Platum|twins-gen4|1644
|teamsize|p1|6
|teamsize|p2|6
|gen|8
|tier|[Gen 8] OU
|rated|
|rule|Sleep Clause Mod: Limit one foe put to sleep
|rule|Species Clause: Limit one of each Pokémon
|rule|OHKO Clause: OHKO moves are banned
|rule|Evasion Moves Clause: Evasion moves are banned
|rule|Endless Battle Clause: Forcing endless battles is banned
|rule|HP Percentage Mod: HP is shown in percentages
|rule|Dynamax Clause: You cannot dynamax
|clearpoke
|poke|p1|Urshifu-*, M|
|poke|p1|Dragapult, M|
|poke|p1|Swampert, M|
|poke|p1|Slowking-Galar, M|
|poke|p1|Ferrothorn, M|
|poke|p1|Mandibuzz, F|
|poke|p2|Moltres-Galar|
|poke|p2|Tapu Fini|
|poke|p2|Nidoking, M|
|poke|p2|Dragapult, M|
|poke|p2|Jirachi|
|poke|p2|Rotom-Wash|
|teampreview
|c|☆Platum|gl hf
|inactive|Battle timer is ON: inactive players will automatically lose when time's up. (requested by Draco09876)
|c|☆Draco09876|glhf
|
|t:|1623639911
|start
|switch|p1a: Dragapult|Dragapult, M|100/100
|switch|p2a: Moltres|Moltres-Galar|100/100
|turn|1
|
|t:|1623639916
|move|p1a: Dragapult|U-turn|p2a: Moltres
|-damage|p2a: Moltres|83/100
|
|t:|1623639919
|switch|p1a: Slowking|Slowking-Galar, M|100/100|[from]move: U-turn
|move|p2a: Moltres|Nasty Plot|p2a: Moltres
|-boost|p2a: Moltres|spa|2
|
|upkeep
|turn|2
|
|t:|1623639925
|switch|p1a: Mandibuzz|Mandibuzz, F|100/100
|move|p2a: Moltres|Fiery Wrath|p1a: Mandibuzz
|-resisted|p1a: Mandibuzz
|-damage|p1a: Mandibuzz|70/100
|
|upkeep
|turn|3
|
|t:|1623639929
|move|p2a: Moltres|Hurricane|p1a: Mandibuzz|[miss]
|-miss|p2a: Moltres|p1a: Mandibuzz
|move|p1a: Mandibuzz|Whirlwind|p2a: Moltres
|drag|p2a: Dragapult|Dragapult, M|100/100
|
|upkeep
|turn|4
|
|t:|1623639936
|move|p2a: Dragapult|U-turn|p1a: Mandibuzz
|-damage|p1a: Mandibuzz|60/100
|
|t:|1623639939
|switch|p2a: Moltres|Moltres-Galar|83/100|[from]move: U-turn
|move|p1a: Mandibuzz|Knock Off|p2a: Moltres
|-resisted|p2a: Moltres
|-damage|p2a: Moltres|72/100
|-enditem|p2a: Moltres|Heavy-Duty Boots|[from] move: Knock Off|[of] p1a: Mandibuzz
|
|upkeep
|turn|5
|
|t:|1623639947
|move|p2a: Moltres|Hurricane|p1a: Mandibuzz
|-damage|p1a: Mandibuzz|24/100
|move|p1a: Mandibuzz|Whirlwind|p2a: Moltres
|drag|p2a: Nidoking|Nidoking, M|100/100
|
|upkeep
|turn|6
|j| watsine
|
|t:|1623639956
|switch|p1a: Swampert|Swampert, M|100/100
|move|p2a: Nidoking|Sludge Wave|p1a: Swampert
|-resisted|p1a: Swampert
|-damage|p1a: Swampert|79/100
|
|-heal|p1a: Swampert|85/100|[from] item: Leftovers
|upkeep
|turn|7
|
|t:|1623639960
|move|p2a: Nidoking|Earth Power|p1a: Swampert
|-damage|p1a: Swampert|45/100
|move|p1a: Swampert|Flip Turn|p2a: Nidoking
|-supereffective|p2a: Nidoking
|-damage|p2a: Nidoking|41/100
|
|t:|1623639963
|switch|p1a: Urshifu|Urshifu-Rapid-Strike, M|100/100|[from]move: Flip Turn
|
|upkeep
|turn|8
|
|t:|1623639969
|switch|p2a: Tapu Fini|Tapu Fini, shiny|100/100
|-fieldstart|move: Misty Terrain|[from] ability: Misty Surge|[of] p2a: Tapu Fini
|move|p1a: Urshifu|Surging Strikes|p2a: Tapu Fini
|-resisted|p2a: Tapu Fini
|-crit|p2a: Tapu Fini
|-damage|p2a: Tapu Fini|90/100
|-resisted|p2a: Tapu Fini
|-crit|p2a: Tapu Fini
|-damage|p2a: Tapu Fini|80/100
|-resisted|p2a: Tapu Fini
|-crit|p2a: Tapu Fini
|-damage|p2a: Tapu Fini|71/100
|-hitcount|p2a: Tapu Fini|3
|
|-heal|p2a: Tapu Fini|77/100|[from] item: Leftovers
|upkeep
|turn|9
|
|t:|1623639977
|switch|p1a: Slowking|Slowking-Galar, M|100/100
|switch|p2a: Nidoking|Nidoking, M|41/100
|
|upkeep
|turn|10
|
|t:|1623639981
|move|p2a: Nidoking|Earth Power|p1a: Slowking
|-supereffective|p1a: Slowking
|-damage|p1a: Slowking|35/100
|move|p1a: Slowking|Surf|p2a: Nidoking
|-supereffective|p2a: Nidoking
|-damage|p2a: Nidoking|0 fnt
|faint|p2a: Nidoking
|
|upkeep
|j| plushiez
|
|t:|1623639987
|switch|p2a: Moltres|Moltres-Galar|72/100
|turn|11
|j| drygoods
|
|t:|1623639995
|switch|p1a: Swampert|Swampert, M|45/100
|move|p2a: Moltres|Nasty Plot|p2a: Moltres
|-boost|p2a: Moltres|spa|2
|
|-heal|p1a: Swampert|51/100|[from] item: Leftovers
|upkeep
|turn|12
|
|t:|1623639998
|move|p2a: Moltres|Fiery Wrath|p1a: Swampert
|-damage|p1a: Swampert|8/100
|move|p1a: Swampert|Toxic|p2a: Moltres
|-status|p2a: Moltres|tox
|
|-heal|p1a: Swampert|14/100|[from] item: Leftovers
|-damage|p2a: Moltres|65/100 tox|[from] psn
|-fieldend|Misty Terrain
|upkeep
|turn|13
|
|t:|1623640005
|move|p2a: Moltres|Fiery Wrath|p1a: Swampert
|-damage|p1a: Swampert|0 fnt
|faint|p1a: Swampert
|
|-damage|p2a: Moltres|53/100 tox|[from] psn
|upkeep
|
|t:|1623640008
|switch|p1a: Dragapult|Dragapult, M|100/100
|turn|14
|
|t:|1623640012
|move|p1a: Dragapult|Draco Meteor|p2a: Moltres
|-damage|p2a: Moltres|5/100 tox
|-unboost|p1a: Dragapult|spa|2
|-ability|p2a: Moltres|Berserk|boost
|-boost|p2a: Moltres|spa|1
|move|p2a: Moltres|Rest|p2a: Moltres
|-status|p2a: Moltres|slp|[from] move: Rest
|-heal|p2a: Moltres|100/100 slp|[silent]
|
|upkeep
|turn|15
|
|t:|1623640016
|switch|p1a: Urshifu|Urshifu-Rapid-Strike, M|100/100
|cant|p2a: Moltres|slp
|
|upkeep
|turn|16
|l| drygoods
|
|t:|1623640023
|switch|p2a: Tapu Fini|Tapu Fini, shiny|77/100
|-fieldstart|move: Misty Terrain|[from] ability: Misty Surge|[of] p2a: Tapu Fini
|move|p1a: Urshifu|Surging Strikes|p2a: Tapu Fini
|-resisted|p2a: Tapu Fini
|-crit|p2a: Tapu Fini
|-damage|p2a: Tapu Fini|66/100
|-resisted|p2a: Tapu Fini
|-crit|p2a: Tapu Fini
|-damage|p2a: Tapu Fini|57/100
|-resisted|p2a: Tapu Fini
|-crit|p2a: Tapu Fini
|-damage|p2a: Tapu Fini|47/100
|-hitcount|p2a: Tapu Fini|3
|
|-heal|p2a: Tapu Fini|53/100|[from] item: Leftovers
|upkeep
|turn|17
|
|t:|1623640032
|switch|p1a: Ferrothorn|Ferrothorn, M|100/100
|switch|p2a: Dragapult|Dragapult, M|100/100
|
|upkeep
|turn|18
|
|t:|1623640037
|switch|p1a: Slowking|Slowking-Galar, M|69/100
|move|p2a: Dragapult|Flamethrower|p1a: Slowking
|-damage|p1a: Slowking|46/100
|
|upkeep
|turn|19
|
|t:|1623640041
|move|p2a: Dragapult|Flamethrower|p1a: Slowking
|-damage|p1a: Slowking|26/100
|move|p1a: Slowking|Future Sight|p2a: Dragapult
|-start|p1a: Slowking|move: Future Sight
|
|upkeep
|turn|20
|
|t:|1623640047
|switch|p2a: Tapu Fini|Tapu Fini, shiny|53/100
|switch|p1a: Urshifu|Urshifu-Rapid-Strike, M|100/100
|
|-heal|p2a: Tapu Fini|59/100|[from] item: Leftovers
|-fieldend|Misty Terrain
|upkeep
|turn|21
|
|t:|1623640056
|switch|p2a: Jirachi|Jirachi, shiny|100/100
|move|p1a: Urshifu|Surging Strikes|p2a: Jirachi
|-crit|p2a: Jirachi
|-damage|p2a: Jirachi|77/100
|-crit|p2a: Jirachi
|-damage|p2a: Jirachi|50/100
|-crit|p2a: Jirachi
|-damage|p2a: Jirachi|26/100
|-hitcount|p2a: Jirachi|3
|
|-end|p2a: Jirachi|move: Future Sight
|-resisted|p2a: Jirachi
|-damage|p2a: Jirachi|16/100
|-heal|p2a: Jirachi|23/100|[from] item: Leftovers
|upkeep
|turn|22
|
|t:|1623640065
|switch|p2a: Dragapult|Dragapult, M|100/100
|move|p1a: Urshifu|Surging Strikes|p2a: Dragapult
|-resisted|p2a: Dragapult
|-crit|p2a: Dragapult
|-damage|p2a: Dragapult|82/100
|-resisted|p2a: Dragapult
|-crit|p2a: Dragapult
|-damage|p2a: Dragapult|62/100
|-resisted|p2a: Dragapult
|-crit|p2a: Dragapult
|-damage|p2a: Dragapult|41/100
|-hitcount|p2a: Dragapult|3
|
|upkeep
|turn|23
|
|t:|1623640075
|switch|p1a: Ferrothorn|Ferrothorn, M|100/100
|move|p2a: Dragapult|Draco Meteor|p1a: Ferrothorn
|-resisted|p1a: Ferrothorn
|-damage|p1a: Ferrothorn|66/100
|-unboost|p2a: Dragapult|spa|2
|
|upkeep
|turn|24
|
|t:|1623640080
|switch|p2a: Jirachi|Jirachi, shiny|23/100
|move|p1a: Ferrothorn|Stealth Rock|p2a: Jirachi
|-sidestart|p2: Platum|move: Stealth Rock
|
|-heal|p2a: Jirachi|29/100|[from] item: Leftovers
|upkeep
|turn|25
|
|t:|1623640087
|move|p2a: Jirachi|Wish|p2a: Jirachi
|move|p1a: Ferrothorn|Knock Off|p2a: Jirachi
|-supereffective|p2a: Jirachi
|-damage|p2a: Jirachi|0 fnt
|-enditem|p2a: Jirachi|Leftovers|[from] move: Knock Off|[of] p1a: Ferrothorn
|faint|p2a: Jirachi
|
|upkeep
|
|t:|1623640094
|switch|p2a: Dragapult|Dragapult, M|41/100
|-damage|p2a: Dragapult|29/100|[from] Stealth Rock
|turn|26
|
|t:|1623640106
|switch|p1a: Mandibuzz|Mandibuzz, F|24/100
|move|p2a: Dragapult|Shadow Ball|p1a: Mandibuzz
|-resisted|p1a: Mandibuzz
|-damage|p1a: Mandibuzz|1/100
|-unboost|p1a: Mandibuzz|spd|1
|
|-heal|p2a: Dragapult|92/100|[from] move: Wish|[wisher] Jirachi
|upkeep
|turn|27
|
|t:|1623640113
|move|p2a: Dragapult|Shadow Ball|p1a: Mandibuzz
|-resisted|p1a: Mandibuzz
|-damage|p1a: Mandibuzz|0 fnt
|faint|p1a: Mandibuzz
|
|upkeep
|
|t:|1623640115
|switch|p1a: Ferrothorn|Ferrothorn, M|66/100
|turn|28
|
|t:|1623640120
|move|p2a: Dragapult|Shadow Ball|p1a: Ferrothorn
|-damage|p1a: Ferrothorn|24/100
|move|p1a: Ferrothorn|Knock Off|p2a: Dragapult
|-supereffective|p2a: Dragapult
|-crit|p2a: Dragapult
|-damage|p2a: Dragapult|0 fnt
|-enditem|p2a: Dragapult|Choice Specs|[from] move: Knock Off|[of] p1a: Ferrothorn
|faint|p2a: Dragapult
|
|upkeep
|c|☆Platum|:(
|
|t:|1623640130
|switch|p2a: Moltres|Moltres-Galar|100/100 slp
|-damage|p2a: Moltres|76/100 slp|[from] Stealth Rock
|turn|29
|c|☆Draco09876|sadness
|
|t:|1623640135
|cant|p2a: Moltres|slp
|move|p1a: Ferrothorn|Leech Seed|p2a: Moltres
|-start|p2a: Moltres|move: Leech Seed
|
|-damage|p2a: Moltres|63/100 slp|[from] Leech Seed|[of] p1a: Ferrothorn
|-heal|p1a: Ferrothorn|37/100|[silent]
|upkeep
|turn|30
|
|t:|1623640145
|-curestatus|p2a: Moltres|slp|[msg]
|move|p2a: Moltres|Hurricane|p1a: Ferrothorn|[miss]
|-miss|p2a: Moltres|p1a: Ferrothorn
|move|p1a: Ferrothorn|Body Press|p2a: Moltres
|-damage|p2a: Moltres|29/100
|-ability|p2a: Moltres|Berserk|boost
|-boost|p2a: Moltres|spa|1
|
|-damage|p2a: Moltres|17/100|[from] Leech Seed|[of] p1a: Ferrothorn
|-heal|p1a: Ferrothorn|50/100|[silent]
|upkeep
|turn|31
|
|t:|1623640156
|move|p2a: Moltres|Hurricane|p1a: Ferrothorn
|-damage|p1a: Ferrothorn|0 fnt
|faint|p1a: Ferrothorn
|
|upkeep
|
|t:|1623640160
|switch|p1a: Dragapult|Dragapult, M|100/100
|turn|32
|
|t:|1623640163
|move|p1a: Dragapult|Shadow Ball|p2a: Moltres
|-resisted|p2a: Moltres
|-damage|p2a: Moltres|0 fnt
|faint|p2a: Moltres
|
|upkeep
|
|t:|1623640167
|switch|p2a: Tapu Fini|Tapu Fini, shiny|59/100
|-damage|p2a: Tapu Fini|47/100|[from] Stealth Rock
|-fieldstart|move: Misty Terrain|[from] ability: Misty Surge|[of] p2a: Tapu Fini
|turn|33
|
|t:|1623640175
|switch|p1a: Slowking|Slowking-Galar, M|59/100
|move|p2a: Tapu Fini|Draining Kiss|p1a: Slowking
|-resisted|p1a: Slowking
|-damage|p1a: Slowking|54/100
|-heal|p2a: Tapu Fini|51/100|[from] drain|[of] p1a: Slowking
|
|-heal|p2a: Tapu Fini|57/100|[from] item: Leftovers
|upkeep
|turn|34
|
|t:|1623640180
|switch|p2a: Rotom|Rotom-Wash|100/100
|-damage|p2a: Rotom|88/100|[from] Stealth Rock
|move|p1a: Slowking|Future Sight|p2a: Rotom
|-start|p1a: Slowking|move: Future Sight
|
|-heal|p2a: Rotom|94/100|[from] item: Leftovers
|upkeep
|turn|35
|
|t:|1623640185
|move|p2a: Rotom|Defog|p1a: Slowking
|-unboost|p1a: Slowking|evasion|1
|-sideend|p2: Platum|Stealth Rock|[from] move: Defog|[of] p2a: Rotom
|-fieldend|Misty Terrain
|move|p1a: Slowking|Sludge Bomb|p2a: Rotom
|-damage|p2a: Rotom|56/100
|
|-heal|p2a: Rotom|62/100|[from] item: Leftovers
|upkeep
|turn|36
|
|t:|1623640193
|move|p2a: Rotom|Hydro Pump|p1a: Slowking
|-damage|p1a: Slowking|33/100
|move|p1a: Slowking|Sludge Bomb|p2a: Rotom
|-damage|p2a: Rotom|22/100
|
|-end|p2a: Rotom|move: Future Sight
|-damage|p2a: Rotom|0 fnt
|faint|p2a: Rotom
|upkeep
|
|t:|1623640199
|switch|p2a: Tapu Fini|Tapu Fini, shiny|57/100
|-fieldstart|move: Misty Terrain|[from] ability: Misty Surge|[of] p2a: Tapu Fini
|turn|37
|c|☆Draco09876|gg
|
|t:|1623640203
|move|p2a: Tapu Fini|Calm Mind|p2a: Tapu Fini
|-boost|p2a: Tapu Fini|spa|1
|-boost|p2a: Tapu Fini|spd|1
|move|p1a: Slowking|Sludge Bomb|p2a: Tapu Fini
|-supereffective|p2a: Tapu Fini
|-damage|p2a: Tapu Fini|4/100
|
|-heal|p2a: Tapu Fini|10/100|[from] item: Leftovers
|upkeep
|turn|38
|
|t:|1623640210
|move|p2a: Tapu Fini|Scald|p1a: Slowking
|-damage|p1a: Slowking|12/100
|move|p1a: Slowking|Sludge Bomb|p2a: Tapu Fini
|-supereffective|p2a: Tapu Fini
|-damage|p2a: Tapu Fini|0 fnt
|faint|p2a: Tapu Fini
|
|win|Draco09876
|raw|Draco09876's rating: 1634 &rarr; <strong>1655</strong><br />(+21 for winning)
|raw|Platum's rating: 1644 &rarr; <strong>1623</strong><br />(-21 for losing)
|c|☆Platum|gg
|l|☆Draco09876
|c|☆Platum|i'm sad about the misses
|l|☆Platum
