|j|☆Answer1123
|j|☆COMUNICADO OFICIAL
|player|p1|Answer1123|265|1649
|player|p2|COMUNICADO OFICIAL|170|1666
|teamsize|p1|6
|teamsize|p2|6
|gametype|singles
|gen|8
|tier|[Gen 8] OU
|rated|
|clearpoke
|poke|p1|Hawlucha, F|
|poke|p1|Rillaboom, M|
|poke|p1|Bisharp, M|
|poke|p1|Cinderace, F|
|poke|p1|Gengar, F|
|poke|p1|Azumarill, F|
|poke|p2|Pelipper, F|
|poke|p2|Ferrothorn, M|
|poke|p2|Magearna|
|poke|p2|Azumarill, M|
|poke|p2|Corviknight, F|
|poke|p2|Kingdra, F|
|rule|Sleep Clause Mod: Limit one foe put to sleep
|rule|Species Clause: Limit one of each Pokémon
|rule|OHKO Clause: OHKO moves are banned
|rule|Evasion Moves Clause: Evasion moves are banned
|rule|Endless Battle Clause: Forcing endless battles is banned
|rule|HP Percentage Mod: HP is shown in percentages
|rule|Dynamax Clause: You cannot dynamax
|teampreview
|inactive|Battle timer is ON: inactive players will automatically lose when time's up. (requested by Answer1123)
|inactive|COMUNICADO OFICIAL has 120 seconds left.
|
|start
|switch|p1a: Gengar|Gengar, F|100/100
|switch|p2a: Pelipper|Pelipper, F|100/100
|-weather|RainDance|[from] ability: Drizzle|[of] p2a: Pelipper
|turn|1
|
|switch|p2a: Ferrothorn|Ferrothorn, M|100/100
|move|p1a: Gengar|Shadow Ball|p2a: Ferrothorn
|-damage|p2a: Ferrothorn|72/100
|
|-weather|RainDance|[upkeep]
|-heal|p2a: Ferrothorn|79/100|[from] item: Leftovers
|upkeep
|turn|2
|
|switch|p1a: Bisharp|Bisharp, M, shiny|100/100
|move|p2a: Ferrothorn|Knock Off|p1a: Bisharp
|-resisted|p1a: Bisharp
|-damage|p1a: Bisharp|88/100
|-enditem|p1a: Bisharp|Black Glasses|[from] move: Knock Off|[of] p2a: Ferrothorn
|
|-weather|RainDance|[upkeep]
|-heal|p2a: Ferrothorn|85/100|[from] item: Leftovers
|upkeep
|turn|3
|
|switch|p2a: Azumarill|Azumarill, M|100/100
|move|p1a: Bisharp|Swords Dance|p1a: Bisharp
|-boost|p1a: Bisharp|atk|2
|
|-weather|RainDance|[upkeep]
|upkeep
|turn|4
|
|move|p2a: Azumarill|Aqua Jet|p1a: Bisharp
|-damage|p1a: Bisharp|35/100
|move|p1a: Bisharp|Iron Head|p2a: Azumarill
|-damage|p2a: Azumarill|11/100
|-enditem|p2a: Azumarill|Sitrus Berry|[eat]
|-heal|p2a: Azumarill|36/100|[from] item: Sitrus Berry
|
|-weather|RainDance|[upkeep]
|upkeep
|turn|5
|
|move|p1a: Bisharp|Sucker Punch|p2a: Azumarill
|-resisted|p2a: Azumarill
|-damage|p2a: Azumarill|0 fnt
|faint|p2a: Azumarill
|
|-weather|RainDance|[upkeep]
|upkeep
|inactive|COMUNICADO OFICIAL has 120 seconds left.
|
|switch|p2a: Pelipper|Pelipper, F|100/100
|turn|6
|
|move|p1a: Bisharp|Sucker Punch|p2a: Pelipper
|-damage|p2a: Pelipper|45/100
|move|p2a: Pelipper|Scald|p1a: Bisharp
|-damage|p1a: Bisharp|0 fnt
|faint|p1a: Bisharp
|
|-weather|RainDance|[upkeep]
|upkeep
|inactive|Answer1123 has 120 seconds left.
|inactive|Answer1123 has 90 seconds left.
|inactive|Answer1123 has 60 seconds left.
|
|switch|p1a: Gengar|Gengar, F|100/100
|turn|7
|
|switch|p2a: Ferrothorn|Ferrothorn, M|85/100
|move|p1a: Gengar|Trick|p2a: Ferrothorn
|-activate|p1a: Gengar|move: Trick|[of] p2a: Ferrothorn
|-item|p2a: Ferrothorn|Choice Scarf|[from] move: Trick
|-item|p1a: Gengar|Leftovers|[from] move: Trick
|
|-weather|RainDance|[upkeep]
|upkeep
|turn|8
|inactive|Answer1123 has 60 seconds left.
|j| Dollynho Coach
|inactive|COMUNICADO OFICIAL has 120 seconds left.
|
|switch|p1a: Hawlucha|Hawlucha, F|100/100
|move|p2a: Ferrothorn|Thunder Wave|p1a: Hawlucha
|-status|p1a: Hawlucha|par
|
|-weather|none
|upkeep
|turn|9
|inactive|Answer1123 has 60 seconds left.
|inactive|COMUNICADO OFICIAL has 120 seconds left.
|
|switch|p2a: Corviknight|Corviknight, F|100/100
|-ability|p2a: Corviknight|Pressure
|move|p1a: Hawlucha|Close Combat|p2a: Corviknight
|-damage|p2a: Corviknight|69/100
|-unboost|p1a: Hawlucha|def|1
|-unboost|p1a: Hawlucha|spd|1
|
|-heal|p2a: Corviknight|75/100|[from] item: Leftovers
|upkeep
|turn|10
|inactive|COMUNICADO OFICIAL has 120 seconds left.
|
|switch|p1a: Gengar|Gengar, F|100/100
|move|p2a: Corviknight|Substitute|p2a: Corviknight
|-start|p2a: Corviknight|Substitute
|-damage|p2a: Corviknight|50/100
|
|-heal|p2a: Corviknight|57/100|[from] item: Leftovers
|upkeep
|turn|11
|inactive|Answer1123 has 60 seconds left.
|
|move|p1a: Gengar|Taunt|p2a: Corviknight
|-start|p2a: Corviknight|move: Taunt
|cant|p2a: Corviknight|move: Taunt|Roost
|
|-heal|p2a: Corviknight|63/100|[from] item: Leftovers
|upkeep
|turn|12
|
|move|p1a: Gengar|Shadow Ball|p2a: Corviknight
|-end|p2a: Corviknight|Substitute
|move|p2a: Corviknight|Brave Bird|p1a: Gengar
|-damage|p1a: Gengar|28/100
|-damage|p2a: Corviknight|47/100|[from] Recoil
|
|-heal|p1a: Gengar|34/100|[from] item: Leftovers
|-heal|p2a: Corviknight|53/100|[from] item: Leftovers
|upkeep
|turn|13
|
|move|p1a: Gengar|Destiny Bond|p1a: Gengar
|-singlemove|p1a: Gengar|Destiny Bond
|move|p2a: Corviknight|Brave Bird|p1a: Gengar
|-damage|p1a: Gengar|0 fnt
|-damage|p2a: Corviknight|46/100|[from] Recoil
|faint|p1a: Gengar
|-activate|p1a: Gengar|move: Destiny Bond
|faint|p2a: Corviknight
|
|upkeep
|
|switch|p1a: Rillaboom|Rillaboom, M, shiny|100/100
|switch|p2a: Pelipper|Pelipper, F|45/100
|-fieldstart|move: Grassy Terrain|[from] ability: Grassy Surge|[of] p1a: Rillaboom
|-weather|RainDance|[from] ability: Drizzle|[of] p2a: Pelipper
|turn|14
|
|move|p1a: Rillaboom|U-turn|p2a: Pelipper
|-resisted|p2a: Pelipper
|-damage|p2a: Pelipper|35/100
|
|switch|p1a: Hawlucha|Hawlucha, F|100/100 par|[from]move: U-turn
|-enditem|p1a: Hawlucha|Grassy Seed
|-boost|p1a: Hawlucha|def|1|[from] item: Grassy Seed
|move|p2a: Pelipper|Scald|p1a: Hawlucha
|-damage|p1a: Hawlucha|33/100 par
|
|-weather|RainDance|[upkeep]
|upkeep
|turn|15
|
|move|p1a: Hawlucha|Acrobatics|p2a: Pelipper
|-damage|p2a: Pelipper|0 fnt
|faint|p2a: Pelipper
|
|-weather|RainDance|[upkeep]
|upkeep
|
|switch|p2a: Kingdra|Kingdra, F, shiny|100/100
|turn|16
|
|move|p2a: Kingdra|Surf|p1a: Hawlucha
|-damage|p1a: Hawlucha|0 fnt
|faint|p1a: Hawlucha
|
|-weather|RainDance|[upkeep]
|upkeep
|
|switch|p1a: Azumarill|Azumarill, F|100/100
|turn|17
|
|move|p2a: Kingdra|Surf|p1a: Azumarill
|-resisted|p1a: Azumarill
|-damage|p1a: Azumarill|49/100
|move|p1a: Azumarill|Play Rough|p2a: Kingdra
|-supereffective|p2a: Kingdra
|-damage|p2a: Kingdra|0 fnt
|faint|p2a: Kingdra
|
|-weather|RainDance|[upkeep]
|-heal|p1a: Azumarill|55/100|[from] Grassy Terrain
|upkeep
|
|switch|p2a: Magearna|Magearna|100/100
|turn|18
|
|switch|p1a: Rillaboom|Rillaboom, M, shiny|100/100
|move|p2a: Magearna|Fleur Cannon|p1a: Rillaboom|[miss]
|-miss|p2a: Magearna|p1a: Rillaboom
|
|-weather|RainDance|[upkeep]
|-fieldend|move: Grassy Terrain
|upkeep
|turn|19
|inactive|Answer1123 has 120 seconds left.
|
|move|p1a: Rillaboom|High Horsepower|p2a: Magearna
|-supereffective|p2a: Magearna
|-damage|p2a: Magearna|39/100
|move|p2a: Magearna|Fleur Cannon|p1a: Rillaboom
|-damage|p1a: Rillaboom|0 fnt
|-unboost|p2a: Magearna|spa|2
|faint|p1a: Rillaboom
|-ability|p2a: Magearna|Soul-Heart|boost
|-boost|p2a: Magearna|spa|1
|
|-weather|RainDance|[upkeep]
|upkeep
|inactive|Answer1123 has 120 seconds left.
|
|switch|p1a: Azumarill|Azumarill, F|55/100
|turn|20
|
|move|p2a: Magearna|Fleur Cannon|p1a: Azumarill
|-damage|p1a: Azumarill|0 fnt
|-unboost|p2a: Magearna|spa|2
|faint|p1a: Azumarill
|-ability|p2a: Magearna|Soul-Heart|boost
|-boost|p2a: Magearna|spa|1
|
|-weather|RainDance|[upkeep]
|upkeep
|
|switch|p1a: Cinderace|Cinderace, F|100/100
|turn|21
|
|switch|p2a: Ferrothorn|Ferrothorn, M|85/100
|move|p1a: Cinderace|Pyro Ball|p2a: Ferrothorn
|-supereffective|p2a: Ferrothorn
|-damage|p2a: Ferrothorn|0 fnt
|faint|p2a: Ferrothorn
|
|-weather|none
|upkeep
|
|switch|p2a: Magearna|Magearna|39/100
|turn|22
|
|move|p1a: Cinderace|Pyro Ball|p2a: Magearna
|-supereffective|p2a: Magearna
|-damage|p2a: Magearna|0 fnt
|faint|p2a: Magearna
|
|win|Answer1123
|raw|Answer1123's rating: 1649 &rarr; <strong>1670</strong><br />(+21 for winning)
|raw|COMUNICADO OFICIAL's rating: 1666 &rarr; <strong>1645</strong><br />(-21 for losing)
