|j|☆Highv0ltag3
|j|☆why addicted
|t:|1667497796
|gametype|singles
|player|p1|Highv0ltag3|volo|1864
|player|p2|why addicted|169|1964
|teamsize|p1|6
|teamsize|p2|6
|gen|8
|tier|[Gen 8] OU
|rated|
|rule|Sleep Clause Mod: Limit one foe put to sleep
|rule|Species Clause: Limit one of each Pokémon
|rule|OHKO Clause: OHKO moves are banned
|rule|Evasion Items Clause: Evasion items are banned
|rule|Evasion Moves Clause: Evasion moves are banned
|rule|Endless Battle Clause: Forcing endless battles is banned
|rule|HP Percentage Mod: HP is shown in percentages
|rule|Dynamax Clause: You cannot dynamax
|clearpoke
|poke|p1|Aegislash, F|
|poke|p1|Hydreigon, M|
|poke|p1|Toxapex, F|
|poke|p1|Landorus-Therian, M|
|poke|p1|Kartana|
|poke|p1|Weavile, M|
|poke|p2|Landorus-Therian, M|
|poke|p2|Heatran, F|
|poke|p2|Ferrothorn, M|
|poke|p2|Dragapult, F|
|poke|p2|Tapu Lele|
|poke|p2|Urshifu-*, F|
|teampreview
|c|☆why addicted|Hf
|
|t:|1667497830
|start
|switch|p1a: Kartana|Kartana|100/100
|switch|p2a: Landorus|Landorus-Therian, M|100/100
|-ability|p2a: Landorus|Intimidate|boost
|-unboost|p1a: Kartana|atk|1
|turn|1
|c|☆Highv0ltag3|gl
|
|t:|1667497835
|move|p1a: Kartana|Leaf Blade|p2a: Landorus
|-damage|p2a: Landorus|38/100
|move|p2a: Landorus|Knock Off|p1a: Kartana
|-damage|p1a: Kartana|66/100
|-enditem|p1a: Kartana|Choice Band|[from] move: Knock Off|[of] p2a: Landorus
|
|-heal|p2a: Landorus|44/100|[from] item: Leftovers
|upkeep
|turn|2
|
|t:|1667497841
|switch|p2a: Ferrothorn|Ferrothorn, M|100/100
|move|p1a: Kartana|Knock Off|p2a: Ferrothorn
|-damage|p2a: Ferrothorn|83/100
|-damage|p1a: Kartana|54/100|[from] ability: Iron Barbs|[of] p2a: Ferrothorn
|-damage|p1a: Kartana|37/100|[from] item: Rocky Helmet|[of] p2a: Ferrothorn
|-enditem|p2a: Ferrothorn|Rocky Helmet|[from] move: Knock Off|[of] p1a: Kartana
|
|upkeep
|turn|3
|
|t:|1667497854
|switch|p1a: Toxapex|Toxapex, F|100/100
|move|p2a: Ferrothorn|Stealth Rock|p1a: Toxapex
|-sidestart|p1: Highv0ltag3|move: Stealth Rock
|
|upkeep
|turn|4
|
|t:|1667497858
|switch|p2a: Tapu Lele|Tapu Lele|100/100
|-fieldstart|move: Psychic Terrain|[from] ability: Psychic Surge|[of] p2a: Tapu Lele
|move|p1a: Toxapex|Scald|p2a: Tapu Lele
|-damage|p2a: Tapu Lele|83/100
|-status|p2a: Tapu Lele|brn
|
|-damage|p2a: Tapu Lele|77/100 brn|[from] brn
|upkeep
|turn|5
|
|t:|1667497866
|switch|p1a: Aegislash|Aegislash, F|100/100
|-damage|p1a: Aegislash|94/100|[from] Stealth Rock
|move|p2a: Tapu Lele|Future Sight|p1a: Aegislash
|-start|p2a: Tapu Lele|move: Future Sight
|
|-damage|p2a: Tapu Lele|71/100 brn|[from] brn
|upkeep
|turn|6
|
|t:|1667497872
|switch|p2a: Heatran|Heatran, F|100/100
|-formechange|p1a: Aegislash|Aegislash-Blade||[from] ability: Stance Change
|move|p1a: Aegislash|Shadow Ball|p2a: Heatran
|-damage|p2a: Heatran|59/100
|
|-heal|p2a: Heatran|65/100|[from] item: Leftovers
|upkeep
|turn|7
|
|t:|1667497880
|switch|p1a: Hydreigon|Hydreigon, M|100/100
|-damage|p1a: Hydreigon|88/100|[from] Stealth Rock
|move|p2a: Heatran|Toxic|p1a: Hydreigon
|-status|p1a: Hydreigon|tox
|
|-end|p1a: Hydreigon|move: Future Sight
|-immune|p1a: Hydreigon
|-heal|p1a: Hydreigon|94/100 tox|[from] item: Leftovers
|-heal|p2a: Heatran|71/100|[from] item: Leftovers
|-damage|p1a: Hydreigon|88/100 tox|[from] psn
|upkeep
|turn|8
|
|t:|1667497887
|switch|p2a: Dragapult|Dragapult, F|100/100
|move|p1a: Hydreigon|Defog|p2a: Dragapult
|-unboost|p2a: Dragapult|evasion|1
|-sideend|p1: Highv0ltag3|Stealth Rock|[from] move: Defog|[of] p1a: Hydreigon
|-fieldend|move: Psychic Terrain
|
|-heal|p1a: Hydreigon|94/100 tox|[from] item: Leftovers
|-damage|p1a: Hydreigon|82/100 tox|[from] psn
|upkeep
|turn|9
|
|t:|1667497895
|switch|p1a: Toxapex|Toxapex, F|100/100
|move|p2a: Dragapult|Draco Meteor|p1a: Toxapex
|-damage|p1a: Toxapex|30/100
|-unboost|p2a: Dragapult|spa|2
|
|upkeep
|turn|10
|
|t:|1667497900
|switch|p1a: Aegislash|Aegislash, F|94/100
|move|p2a: Dragapult|Draco Meteor|p1a: Aegislash
|-resisted|p1a: Aegislash
|-damage|p1a: Aegislash|76/100
|-unboost|p2a: Dragapult|spa|2
|
|upkeep
|turn|11
|
|t:|1667497922
|switch|p2a: Heatran|Heatran, F|71/100
|-formechange|p1a: Aegislash|Aegislash-Blade||[from] ability: Stance Change
|move|p1a: Aegislash|Shadow Ball|p2a: Heatran
|-damage|p2a: Heatran|28/100
|
|-heal|p2a: Heatran|35/100|[from] item: Leftovers
|upkeep
|turn|12
|
|t:|1667497928
|switch|p1a: Hydreigon|Hydreigon, M|82/100 tox
|move|p2a: Heatran|Protect||[still]
|-fail|p2a: Heatran
|
|-heal|p1a: Hydreigon|88/100 tox|[from] item: Leftovers
|-heal|p2a: Heatran|41/100|[from] item: Leftovers
|-damage|p1a: Hydreigon|82/100 tox|[from] psn
|upkeep
|turn|13
|
|t:|1667497934
|switch|p1a: Landorus|Landorus-Therian, M|100/100
|-ability|p1a: Landorus|Intimidate|boost
|-unboost|p2a: Heatran|atk|1
|move|p2a: Heatran|Protect||[still]
|-fail|p2a: Heatran
|
|-heal|p2a: Heatran|47/100|[from] item: Leftovers
|upkeep
|turn|14
|
|t:|1667497941
|switch|p2a: Ferrothorn|Ferrothorn, M|83/100
|move|p1a: Landorus|Stealth Rock|p2a: Ferrothorn
|-sidestart|p2: why addicted|move: Stealth Rock
|
|upkeep
|turn|15
|
|t:|1667497945
|move|p1a: Landorus|Earthquake|p2a: Ferrothorn
|-damage|p2a: Ferrothorn|58/100
|move|p2a: Ferrothorn|Leech Seed|p1a: Landorus
|-start|p1a: Landorus|move: Leech Seed
|
|-damage|p1a: Landorus|88/100|[from] Leech Seed|[of] p2a: Ferrothorn
|-heal|p2a: Ferrothorn|72/100|[silent]
|upkeep
|turn|16
|
|t:|1667497949
|move|p1a: Landorus|U-turn|p2a: Ferrothorn
|-damage|p2a: Ferrothorn|60/100
|-damage|p1a: Landorus|76/100|[from] ability: Iron Barbs|[of] p2a: Ferrothorn
|
|t:|1667497952
|switch|p1a: Aegislash|Aegislash, F|76/100|[from]move: U-turn
|move|p2a: Ferrothorn|Stealth Rock|p1a: Aegislash
|-sidestart|p1: Highv0ltag3|move: Stealth Rock
|
|upkeep
|turn|17
|
|t:|1667497956
|-formechange|p1a: Aegislash|Aegislash-Blade||[from] ability: Stance Change
|move|p1a: Aegislash|Shadow Ball|p2a: Ferrothorn
|-damage|p2a: Ferrothorn|0 fnt
|faint|p2a: Ferrothorn
|
|upkeep
|c|☆why addicted|Holy
|
|t:|1667497967
|switch|p2a: Dragapult|Dragapult, F|100/100
|-damage|p2a: Dragapult|88/100|[from] Stealth Rock
|turn|18
|c|☆Highv0ltag3|ye
|
|t:|1667497974
|switch|p1a: Toxapex|Toxapex, F|63/100
|-damage|p1a: Toxapex|51/100|[from] Stealth Rock
|move|p2a: Dragapult|Shadow Ball|p1a: Toxapex
|-damage|p1a: Toxapex|3/100
|-unboost|p1a: Toxapex|spd|1
|
|upkeep
|turn|19
|
|t:|1667497978
|move|p2a: Dragapult|Shadow Ball|p1a: Toxapex
|-crit|p1a: Toxapex
|-damage|p1a: Toxapex|0 fnt
|faint|p1a: Toxapex
|
|upkeep
|
|t:|1667497979
|switch|p1a: Weavile|Weavile, M|100/100
|-ability|p1a: Weavile|Pressure
|turn|20
|
|t:|1667497986
|switch|p2a: Urshifu|Urshifu-Rapid-Strike, F|100/100
|-damage|p2a: Urshifu|94/100|[from] Stealth Rock
|switch|p1a: Kartana|Kartana|37/100
|-damage|p1a: Kartana|31/100|[from] Stealth Rock
|
|upkeep
|turn|21
|
|t:|1667497992
|switch|p2a: Heatran|Heatran, F|47/100
|-damage|p2a: Heatran|35/100|[from] Stealth Rock
|move|p1a: Kartana|Leaf Blade|p2a: Heatran
|-resisted|p2a: Heatran
|-damage|p2a: Heatran|21/100
|
|-heal|p2a: Heatran|28/100|[from] item: Leftovers
|upkeep
|turn|22
|
|t:|1667498020
|move|p2a: Heatran|Protect|p2a: Heatran
|-singleturn|p2a: Heatran|Protect
|move|p1a: Kartana|Knock Off|p2a: Heatran
|-activate|p2a: Heatran|move: Protect
|
|-heal|p2a: Heatran|34/100|[from] item: Leftovers
|upkeep
|turn|23
|
|t:|1667498027
|move|p1a: Kartana|Sacred Sword|p2a: Heatran
|-supereffective|p2a: Heatran
|-damage|p2a: Heatran|0 fnt
|faint|p2a: Heatran
|-ability|p1a: Kartana|Beast Boost|boost
|-boost|p1a: Kartana|atk|1
|
|upkeep
|
|t:|1667498032
|switch|p2a: Dragapult|Dragapult, F|88/100
|-damage|p2a: Dragapult|76/100|[from] Stealth Rock
|turn|24
|
|t:|1667498040
|switch|p1a: Landorus|Landorus-Therian, M|76/100
|-damage|p1a: Landorus|64/100|[from] Stealth Rock
|-ability|p1a: Landorus|Intimidate|boost
|-unboost|p2a: Dragapult|atk|1
|move|p2a: Dragapult|Shadow Ball|p1a: Landorus
|-damage|p1a: Landorus|20/100
|
|-heal|p1a: Landorus|26/100|[from] item: Leftovers
|upkeep
|turn|25
|
|t:|1667498044
|move|p2a: Dragapult|Shadow Ball|p1a: Landorus
|-damage|p1a: Landorus|0 fnt
|faint|p1a: Landorus
|
|upkeep
|
|t:|1667498050
|switch|p1a: Weavile|Weavile, M|100/100
|-ability|p1a: Weavile|Pressure
|turn|26
|
|t:|1667498057
|switch|p2a: Urshifu|Urshifu-Rapid-Strike, F|94/100
|-damage|p2a: Urshifu|88/100|[from] Stealth Rock
|move|p1a: Weavile|Knock Off|p2a: Urshifu
|-resisted|p2a: Urshifu
|-damage|p2a: Urshifu|65/100
|-enditem|p2a: Urshifu|Protective Pads|[from] move: Knock Off|[of] p1a: Weavile
|
|upkeep
|turn|27
|j| oRinNeGa7V1
|
|t:|1667498077
|move|p1a: Weavile|Triple Axel|p2a: Urshifu
|-resisted|p2a: Urshifu
|-damage|p2a: Urshifu|60/100
|-hitcount|p2a: Urshifu|1
|move|p2a: Urshifu|Surging Strikes|p1a: Weavile
|-crit|p1a: Weavile
|-damage|p1a: Weavile|65/100
|-crit|p1a: Weavile
|-damage|p1a: Weavile|31/100
|-crit|p1a: Weavile
|-damage|p1a: Weavile|0 fnt
|faint|p1a: Weavile
|-hitcount|p1: Weavile|3
|
|upkeep
|
|t:|1667498084
|switch|p1a: Kartana|Kartana|31/100
|-damage|p1a: Kartana|25/100|[from] Stealth Rock
|turn|28
|c|☆why addicted|Sorry
|c|☆Highv0ltag3|its ok
|
|t:|1667498096
|switch|p2a: Tapu Lele|Tapu Lele|71/100 brn
|-damage|p2a: Tapu Lele|59/100 brn|[from] Stealth Rock
|-fieldstart|move: Psychic Terrain|[from] ability: Psychic Surge|[of] p2a: Tapu Lele
|move|p1a: Kartana|Leaf Blade|p2a: Tapu Lele
|-damage|p2a: Tapu Lele|0 fnt
|faint|p2a: Tapu Lele
|-ability|p1a: Kartana|Beast Boost|boost
|-boost|p1a: Kartana|atk|1
|
|upkeep
|
|t:|1667498100
|switch|p2a: Dragapult|Dragapult, F|76/100
|-damage|p2a: Dragapult|64/100|[from] Stealth Rock
|turn|29
|
|t:|1667498118
|switch|p1a: Hydreigon|Hydreigon, M|82/100 tox
|-damage|p1a: Hydreigon|70/100 tox|[from] Stealth Rock
|move|p2a: Dragapult|Shadow Ball|p1a: Hydreigon
|-resisted|p1a: Hydreigon
|-damage|p1a: Hydreigon|44/100 tox
|
|-heal|p1a: Hydreigon|50/100 tox|[from] item: Leftovers
|-damage|p1a: Hydreigon|44/100 tox|[from] psn
|upkeep
|turn|30
|
|t:|1667498126
|switch|p2a: Landorus|Landorus-Therian, M|44/100
|-damage|p2a: Landorus|32/100|[from] Stealth Rock
|-ability|p2a: Landorus|Intimidate|boost
|-unboost|p1a: Hydreigon|atk|1
|switch|p1a: Kartana|Kartana|25/100
|-damage|p1a: Kartana|19/100|[from] Stealth Rock
|
|-heal|p2a: Landorus|38/100|[from] item: Leftovers
|upkeep
|turn|31
|
|t:|1667498130
|switch|p2a: Dragapult|Dragapult, F|64/100
|-damage|p2a: Dragapult|51/100|[from] Stealth Rock
|move|p1a: Kartana|Leaf Blade|p2a: Dragapult
|-resisted|p2a: Dragapult
|-damage|p2a: Dragapult|12/100
|
|upkeep
|turn|32
|
|t:|1667498152
|switch|p2a: Landorus|Landorus-Therian, M|38/100
|-damage|p2a: Landorus|26/100|[from] Stealth Rock
|-ability|p2a: Landorus|Intimidate|boost
|-unboost|p1a: Kartana|atk|1
|switch|p1a: Hydreigon|Hydreigon, M|44/100 tox
|-damage|p1a: Hydreigon|32/100 tox|[from] Stealth Rock
|
|-heal|p1a: Hydreigon|38/100 tox|[from] item: Leftovers
|-heal|p2a: Landorus|32/100|[from] item: Leftovers
|-damage|p1a: Hydreigon|32/100 tox|[from] psn
|-fieldend|move: Psychic Terrain
|upkeep
|turn|33
|
|t:|1667498157
|move|p1a: Hydreigon|Dark Pulse|p2a: Landorus
|-damage|p2a: Landorus|0 fnt
|faint|p2a: Landorus
|
|-heal|p1a: Hydreigon|38/100 tox|[from] item: Leftovers
|-damage|p1a: Hydreigon|25/100 tox|[from] psn
|upkeep
|c|☆Highv0ltag3|gg
|c|☆why addicted|It died
|c|☆why addicted|gg
|c|☆Highv0ltag3|sneak won
|j| Lil Choice Band
|c|☆Highv0ltag3|ye
|c|☆why addicted|Gg
|-message|why addicted forfeited.
|
|win|Highv0ltag3
|raw|Highv0ltag3's rating: 1864 &rarr; <strong>1890</strong><br />(+26 for winning)
|raw|why addicted's rating: 1964 &rarr; <strong>1938</strong><br />(-26 for losing)
|l| oRinNeGa7V1
|l|☆Highv0ltag3
|l|☆why addicted
||Ladder isn't responding, score probably updated but might not have (Request timeout).
