|j|☆LT92PF nagoL
|j|☆d18l
|t:|1659837842
|gametype|singles
|player|p1|LT92PF nagoL|lisia|1550
|player|p2|d18l|backpacker|1596
|teamsize|p1|6
|teamsize|p2|6
|gen|8
|tier|[Gen 8] OU
|rated|
|rule|Sleep Clause Mod: Limit one foe put to sleep
|rule|Species Clause: Limit one of each Pokémon
|rule|OHKO Clause: OHKO moves are banned
|rule|Evasion Items Clause: Evasion items are banned
|rule|Evasion Moves Clause: Evasion moves are banned
|rule|Endless Battle Clause: Forcing endless battles is banned
|rule|HP Percentage Mod: HP is shown in percentages
|rule|Dynamax Clause: You cannot dynamax
|clearpoke
|poke|p1|Crawdaunt, M|
|poke|p1|Mew|
|poke|p1|Blacephalon|
|poke|p1|Rillaboom, M|
|poke|p1|Cloyster, M|
|poke|p1|Bisharp, F|
|poke|p2|Tapu Koko|
|poke|p2|Victini|
|poke|p2|Landorus-Therian, M|
|poke|p2|Tornadus-Therian, M|
|poke|p2|Rotom-Wash|
|poke|p2|Ferrothorn, F|
|teampreview
|inactive|Battle timer is ON: inactive players will automatically lose when time's up. (requested by LT92PF nagoL)
|j| georgiethefirst
|j| Hestia13
|inactive|d18l has 120 seconds left.
|
|t:|1659837904
|start
|switch|p1a: Mew|Mew|100/100
|switch|p2a: Tapu Koko|Tapu Koko|100/100
|-fieldstart|move: Electric Terrain|[from] ability: Electric Surge|[of] p2a: Tapu Koko
|turn|1
|l| Hestia13
|
|t:|1659837915
|move|p2a: Tapu Koko|Thunderbolt|p1a: Mew
|-damage|p1a: Mew|46/100
|move|p1a: Mew|Stealth Rock|p2a: Tapu Koko
|-sidestart|p2: d18l|move: Stealth Rock
|
|upkeep
|turn|2
|inactive|LT92PF nagoL has 120 seconds left.
|
|t:|1659837953
|switch|p1a: Rillaboom|Rillaboom, M|100/100
|-fieldstart|move: Grassy Terrain|[from] ability: Grassy Surge|[of] p1a: Rillaboom
|move|p2a: Tapu Koko|Thunderbolt|p1a: Rillaboom
|-resisted|p1a: Rillaboom
|-damage|p1a: Rillaboom|60/100
|
|-heal|p1a: Rillaboom|66/100|[from] Grassy Terrain
|upkeep
|turn|3
|inactive|LT92PF nagoL has 120 seconds left.
|inactive|d18l has 120 seconds left.
|
|t:|1659838008
|switch|p2a: Landorus|Landorus-Therian, M|100/100
|-damage|p2a: Landorus|88/100|[from] Stealth Rock
|-ability|p2a: Landorus|Intimidate|boost
|-unboost|p1a: Rillaboom|atk|1
|move|p1a: Rillaboom|Knock Off|p2a: Landorus
|-damage|p2a: Landorus|59/100
|-enditem|p2a: Landorus|Leftovers|[from] move: Knock Off|[of] p1a: Rillaboom
|-damage|p1a: Rillaboom|57/100|[from] item: Life Orb
|
|-heal|p1a: Rillaboom|63/100|[from] Grassy Terrain
|upkeep
|turn|4
|inactive|d18l has 90 seconds left.
|inactive|LT92PF nagoL has 90 seconds left.
|
|t:|1659838060
|move|p1a: Rillaboom|Grassy Glide|p2a: Landorus
|-damage|p2a: Landorus|18/100
|-damage|p1a: Rillaboom|53/100|[from] item: Life Orb
|move|p2a: Landorus|Defog|p1a: Rillaboom
|-unboost|p1a: Rillaboom|evasion|1
|-sideend|p2: d18l|Stealth Rock|[from] move: Defog|[of] p2a: Landorus
|-fieldend|move: Grassy Terrain
|
|upkeep
|turn|5
|inactive|d18l has 90 seconds left.
|inactive|LT92PF nagoL has 60 seconds left.
|inactive|d18l has 60 seconds left.
|
|t:|1659838107
|move|p1a: Rillaboom|Knock Off|p2a: Landorus
|-damage|p2a: Landorus|0 fnt
|faint|p2a: Landorus
|-damage|p1a: Rillaboom|43/100|[from] item: Life Orb
|
|upkeep
|
|t:|1659838116
|switch|p2a: Victini|Victini|100/100
|turn|6
|
|t:|1659838128
|move|p2a: Victini|U-turn|p1a: Rillaboom
|-supereffective|p1a: Rillaboom
|-crit|p1a: Rillaboom
|-damage|p1a: Rillaboom|0 fnt
|faint|p1a: Rillaboom
|
|t:|1659838132
|switch|p2a: Tapu Koko|Tapu Koko|100/100|[from]move: U-turn
|-fieldstart|move: Electric Terrain|[from] ability: Electric Surge|[of] p2a: Tapu Koko
|
|upkeep
|inactive|LT92PF nagoL has 60 seconds left.
|inactive|LT92PF nagoL has 30 seconds left.
|
|t:|1659838181
|switch|p1a: Crawdaunt|Crawdaunt, M|100/100
|turn|7
|inactive|d18l has 60 seconds left.
|
|t:|1659838227
|move|p1a: Crawdaunt|Aqua Jet|p2a: Tapu Koko
|-crit|p2a: Tapu Koko
|-damage|p2a: Tapu Koko|18/100
|-damage|p1a: Crawdaunt|91/100|[from] item: Life Orb
|move|p2a: Tapu Koko|Volt Switch|p1a: Crawdaunt
|-supereffective|p1a: Crawdaunt
|-damage|p1a: Crawdaunt|0 fnt
|faint|p1a: Crawdaunt
|
|t:|1659838238
|switch|p2a: Victini|Victini|100/100|[from]move: Volt Switch
|
|upkeep
|inactive|LT92PF nagoL has 30 seconds left.
|inactive|LT92PF nagoL has 20 seconds left.
|inactiveoff|Battle timer is now OFF.
|inactive|Battle timer is ON: inactive players will automatically lose when time's up. (requested by d18l)
|inactive|LT92PF nagoL has 25 seconds left this turn.
|
|t:|1659838275
|switch|p1a: Blacephalon|Blacephalon|100/100
|turn|8
|inactive|LT92PF nagoL has 30 seconds left.
|
|t:|1659838285
|switch|p2a: Tornadus|Tornadus-Therian, M|100/100
|move|p1a: Blacephalon|Shadow Ball|p2a: Tornadus
|-damage|p2a: Tornadus|69/100
|
|upkeep
|turn|9
|inactive|LT92PF nagoL has 30 seconds left.
|inactive|d18l has 60 seconds left.
|
|t:|1659838304
|switch|p1a: Bisharp|Bisharp, F|100/100
|move|p2a: Tornadus|Knock Off|p1a: Bisharp
|-resisted|p1a: Bisharp
|-damage|p1a: Bisharp|87/100
|-enditem|p1a: Bisharp|Life Orb|[from] move: Knock Off|[of] p2a: Tornadus
|
|upkeep
|turn|10
|inactive|LT92PF nagoL has 30 seconds left.
|
|t:|1659838318
|switch|p2a: Ferrothorn|Ferrothorn, F|100/100
|move|p1a: Bisharp|Knock Off|p2a: Ferrothorn
|-damage|p2a: Ferrothorn|73/100
|-damage|p1a: Bisharp|75/100|[from] ability: Iron Barbs|[of] p2a: Ferrothorn
|-damage|p1a: Bisharp|58/100|[from] item: Rocky Helmet|[of] p2a: Ferrothorn
|-enditem|p2a: Ferrothorn|Rocky Helmet|[from] move: Knock Off|[of] p1a: Bisharp
|
|-fieldend|move: Electric Terrain
|upkeep
|turn|11
|
|t:|1659838327
|switch|p1a: Mew|Mew|46/100
|move|p2a: Ferrothorn|Stealth Rock|p1a: Mew
|-sidestart|p1: LT92PF nagoL|move: Stealth Rock
|
|upkeep
|turn|12
|inactive|d18l has 60 seconds left.
|
|t:|1659838334
|switch|p2a: Tapu Koko|Tapu Koko|18/100
|-fieldstart|move: Electric Terrain|[from] ability: Electric Surge|[of] p2a: Tapu Koko
|move|p1a: Mew|Stealth Rock|p2a: Tapu Koko
|-sidestart|p2: d18l|move: Stealth Rock
|
|upkeep
|turn|13
|
|t:|1659838349
|move|p2a: Tapu Koko|Thunderbolt|p1a: Mew
|-damage|p1a: Mew|0 fnt
|faint|p1a: Mew
|
|upkeep
|
|t:|1659838364
|switch|p1a: Blacephalon|Blacephalon|100/100
|-damage|p1a: Blacephalon|76/100|[from] Stealth Rock
|turn|14
|inactive|d18l has 60 seconds left.
|
|t:|1659838397
|move|p1a: Blacephalon|Shadow Ball|p2a: Tapu Koko
|-damage|p2a: Tapu Koko|0 fnt
|faint|p2a: Tapu Koko
|-ability|p1a: Blacephalon|Beast Boost|boost
|-boost|p1a: Blacephalon|spa|1
|
|upkeep
|
|t:|1659838399
|switch|p2a: Tornadus|Tornadus-Therian, M|100/100
|-damage|p2a: Tornadus|76/100|[from] Stealth Rock
|turn|15
|inactive|LT92PF nagoL has 30 seconds left.
|inactive|LT92PF nagoL has 20 seconds left.
|
|t:|1659838438
|move|p1a: Blacephalon|Shadow Ball|p2a: Tornadus
|-damage|p2a: Tornadus|31/100
|move|p2a: Tornadus|Knock Off|p1a: Blacephalon
|-supereffective|p1a: Blacephalon
|-damage|p1a: Blacephalon|0 fnt
|-enditem|p1a: Blacephalon|Choice Scarf|[from] move: Knock Off|[of] p2a: Tornadus
|faint|p1a: Blacephalon
|
|upkeep
|inactive|LT92PF nagoL has 25 seconds left this turn.
|inactive|LT92PF nagoL has 20 seconds left.
|
|t:|1659838444
|switch|p1a: Cloyster|Cloyster, M|100/100
|-damage|p1a: Cloyster|76/100|[from] Stealth Rock
|turn|16
|inactive|LT92PF nagoL has 30 seconds left this turn.
|inactive|LT92PF nagoL has 20 seconds left.
|inactive|d18l has 60 seconds left.
|
|t:|1659838481
|move|p1a: Cloyster|Ice Shard|p2a: Tornadus
|-supereffective|p2a: Tornadus
|-damage|p2a: Tornadus|0 fnt
|faint|p2a: Tornadus
|
|-fieldend|move: Electric Terrain
|upkeep
|inactive|LT92PF nagoL has 25 seconds left this turn.
|
|t:|1659838491
|switch|p2a: Rotom|Rotom-Wash|100/100
|-damage|p2a: Rotom|88/100|[from] Stealth Rock
|turn|17
|inactive|LT92PF nagoL has 30 seconds left.
|
|t:|1659838501
|move|p1a: Cloyster|Explosion|p2a: Rotom
|-enditem|p1a: Cloyster|Normal Gem|[from] gem
|-damage|p2a: Rotom|2/100
|faint|p1a: Cloyster
|move|p2a: Rotom|Volt Switch|p1: Cloyster|[notarget]
|-fail|p2a: Rotom
|
|upkeep
|inactive|LT92PF nagoL has 30 seconds left.
|
|t:|1659838508
|switch|p1a: Bisharp|Bisharp, F|58/100
|-damage|p1a: Bisharp|53/100|[from] Stealth Rock
|turn|18
|
|t:|1659838515
|move|p1a: Bisharp|Knock Off|p2a: Rotom
|-damage|p2a: Rotom|0 fnt
|-damage|p1a: Bisharp|36/100|[from] item: Rocky Helmet|[of] p2a: Rotom
|-enditem|p2a: Rotom|Rocky Helmet|[from] move: Knock Off|[of] p1a: Bisharp
|faint|p2a: Rotom
|
|upkeep
|
|t:|1659838518
|switch|p2a: Ferrothorn|Ferrothorn, F|73/100
|-damage|p2a: Ferrothorn|67/100|[from] Stealth Rock
|turn|19
|
|t:|1659838534
|move|p1a: Bisharp|Swords Dance|p1a: Bisharp
|-boost|p1a: Bisharp|atk|2
|move|p2a: Ferrothorn|Body Press|p1a: Bisharp
|-supereffective|p1a: Bisharp
|-damage|p1a: Bisharp|0 fnt
|faint|p1a: Bisharp
|
|win|d18l
|raw|LT92PF nagoL's rating: 1550 &rarr; <strong>1533</strong><br />(-17 for losing)
|raw|d18l's rating: 1596 &rarr; <strong>1613</strong><br />(+17 for winning)
|l|☆LT92PF nagoL
||Ladder isn't responding, score probably updated but might not have (Request timeout).
