|j|☆Shootingwolf
|j|☆MU$TCHEGOAT
|t:|1631926766
|gametype|singles
|player|p1|Shootingwolf|lass|1562
|player|p2|MU$TCHEGOAT|hilbert|1617
|teamsize|p1|6
|teamsize|p2|6
|gen|8
|tier|[Gen 8] OU
|rated|
|rule|Sleep Clause Mod: Limit one foe put to sleep
|rule|Species Clause: Limit one of each Pokémon
|rule|OHKO Clause: OHKO moves are banned
|rule|Evasion Moves Clause: Evasion moves are banned
|rule|Endless Battle Clause: Forcing endless battles is banned
|rule|HP Percentage Mod: HP is shown in percentages
|rule|Dynamax Clause: You cannot dynamax
|clearpoke
|poke|p1|Heatran, F|
|poke|p1|Bisharp, M|
|poke|p1|Garchomp, F|
|poke|p1|Slowbro, M|
|poke|p1|Urshifu-*, M|
|poke|p1|Corviknight, F|
|poke|p2|Urshifu-*, M|
|poke|p2|Pelipper, F|
|poke|p2|Tornadus-Therian, M|
|poke|p2|Ferrothorn, M|
|poke|p2|Tapu Fini|
|poke|p2|Cloyster, M|
|teampreview
|inactive|Battle timer is ON: inactive players will automatically lose when time's up. (requested by Shootingwolf)
|j| pidewepobappy
|
|t:|1631926815
|start
|switch|p1a: Bisharp|Bisharp, M|100/100
|switch|p2a: Pelipper|Pelipper, F|100/100
|-weather|RainDance|[from] ability: Drizzle|[of] p2a: Pelipper
|turn|1
|
|t:|1631926831
|move|p1a: Bisharp|Knock Off|p2a: Pelipper
|-damage|p2a: Pelipper|53/100
|-enditem|p2a: Pelipper|Damp Rock|[from] move: Knock Off|[of] p1a: Bisharp
|move|p2a: Pelipper|U-turn|p1a: Bisharp
|-damage|p1a: Bisharp|90/100
|
|t:|1631926833
|switch|p2a: Tapu Fini|Tapu Fini|100/100|[from]move: U-turn
|-fieldstart|move: Misty Terrain|[from] ability: Misty Surge|[of] p2a: Tapu Fini
|
|-weather|RainDance|[upkeep]
|upkeep
|turn|2
|inactive|Shootingwolf has 120 seconds left.
|j| Iziyo
|inactive|Shootingwolf has 90 seconds left.
|
|t:|1631926904
|move|p1a: Bisharp|Iron Head|p2a: Tapu Fini
|-damage|p2a: Tapu Fini|61/100
|move|p2a: Tapu Fini|Whirlpool|p1a: Bisharp|[miss]
|-miss|p2a: Tapu Fini|p1a: Bisharp
|
|-weather|RainDance|[upkeep]
|-heal|p2a: Tapu Fini|67/100|[from] item: Leftovers
|upkeep
|turn|3
|
|t:|1631926913
|move|p1a: Bisharp|Knock Off|p2a: Tapu Fini
|-resisted|p2a: Tapu Fini
|-damage|p2a: Tapu Fini|41/100
|-enditem|p2a: Tapu Fini|Leftovers|[from] move: Knock Off|[of] p1a: Bisharp
|move|p2a: Tapu Fini|Nature's Madness|p1a: Bisharp
|-damage|p1a: Bisharp|46/100
|
|-weather|RainDance|[upkeep]
|upkeep
|turn|4
|inactive|Shootingwolf has 90 seconds left.
|
|t:|1631926920
|move|p1a: Bisharp|Swords Dance|p1a: Bisharp
|-boost|p1a: Bisharp|atk|2
|move|p2a: Tapu Fini|Brine|p1a: Bisharp
|-damage|p1a: Bisharp|0 fnt
|faint|p1a: Bisharp
|
|-weather|RainDance|[upkeep]
|upkeep
|inactive|Shootingwolf has 90 seconds left.
|
|t:|1631926931
|switch|p1a: Garchomp|Garchomp, F|100/100
|turn|5
|inactive|Shootingwolf has 90 seconds left.
|
|t:|1631926943
|move|p1a: Garchomp|Earthquake|p2a: Tapu Fini
|-crit|p2a: Tapu Fini
|-damage|p2a: Tapu Fini|0 fnt
|faint|p2a: Tapu Fini
|-damage|p1a: Garchomp|91/100|[from] item: Life Orb
|
|-weather|RainDance|[upkeep]
|-fieldend|Misty Terrain
|upkeep
|
|t:|1631926950
|switch|p2a: Ferrothorn|Ferrothorn, M|100/100
|turn|6
|inactive|Shootingwolf has 90 seconds left.
|
|t:|1631926965
|switch|p1a: Heatran|Heatran, F|100/100
|move|p2a: Ferrothorn|Knock Off|p1a: Heatran
|-damage|p1a: Heatran|83/100
|-enditem|p1a: Heatran|Leftovers|[from] move: Knock Off|[of] p2a: Ferrothorn
|
|-weather|RainDance|[upkeep]
|upkeep
|turn|7
|inactive|Shootingwolf has 90 seconds left.
|
|t:|1631926974
|switch|p2a: Urshifu|Urshifu-Rapid-Strike, M|100/100
|move|p1a: Heatran|Stealth Rock|p2a: Urshifu
|-sidestart|p2: MU$TCHEGOAT|move: Stealth Rock
|
|-weather|RainDance|[upkeep]
|upkeep
|turn|8
|
|t:|1631926977
|switch|p1a: Slowbro|Slowbro, M|100/100
|move|p2a: Urshifu|Surging Strikes|p1a: Slowbro
|-resisted|p1a: Slowbro
|-crit|p1a: Slowbro
|-damage|p1a: Slowbro|86/100
|-damage|p2a: Urshifu|84/100|[from] item: Rocky Helmet|[of] p1a: Slowbro
|-resisted|p1a: Slowbro
|-crit|p1a: Slowbro
|-damage|p1a: Slowbro|71/100
|-damage|p2a: Urshifu|68/100|[from] item: Rocky Helmet|[of] p1a: Slowbro
|-resisted|p1a: Slowbro
|-crit|p1a: Slowbro
|-damage|p1a: Slowbro|58/100
|-damage|p2a: Urshifu|51/100|[from] item: Rocky Helmet|[of] p1a: Slowbro
|-hitcount|p1a: Slowbro|3
|
|-weather|none
|upkeep
|turn|9
|
|t:|1631926986
|switch|p2a: Pelipper|Pelipper, F|53/100
|-damage|p2a: Pelipper|28/100|[from] Stealth Rock
|-weather|RainDance|[from] ability: Drizzle|[of] p2a: Pelipper
|move|p1a: Slowbro|Teleport|p1a: Slowbro
|
|t:|1631926999
|switch|p1a: Garchomp|Garchomp, F|91/100|[from]move: Teleport
|
|-weather|RainDance|[upkeep]
|upkeep
|turn|10
|
|t:|1631927009
|move|p1a: Garchomp|Scale Shot|p2a: Pelipper
|-damage|p2a: Pelipper|15/100
|-damage|p2a: Pelipper|1/100
|-hitcount|p2a: Pelipper|2
|-unboost|p1a: Garchomp|def|1
|-boost|p1a: Garchomp|spe|1
|-damage|p1a: Garchomp|81/100|[from] item: Life Orb
|move|p2a: Pelipper|Scald|p1a: Garchomp
|-damage|p1a: Garchomp|35/100
|
|-weather|RainDance|[upkeep]
|upkeep
|turn|11
|
|t:|1631927018
|switch|p2a: Ferrothorn|Ferrothorn, M|100/100
|-damage|p2a: Ferrothorn|94/100|[from] Stealth Rock
|move|p1a: Garchomp|Scale Shot|p2a: Ferrothorn|[miss]
|-miss|p1a: Garchomp|p2a: Ferrothorn
|
|-weather|RainDance|[upkeep]
|-heal|p2a: Ferrothorn|100/100|[from] item: Leftovers
|upkeep
|turn|12
|
|t:|1631927027
|switch|p1a: Heatran|Heatran, F|83/100
|move|p2a: Ferrothorn|Leech Seed|p1a: Heatran
|-start|p1a: Heatran|move: Leech Seed
|
|-weather|RainDance|[upkeep]
|-damage|p1a: Heatran|71/100|[from] Leech Seed|[of] p2a: Ferrothorn
|upkeep
|turn|13
|inactive|Shootingwolf has 120 seconds left.
|
|t:|1631927037
|switch|p1a: Slowbro|Slowbro, M|91/100
|switch|p2a: Tornadus|Tornadus-Therian, M|100/100
|
|-weather|none
|upkeep
|turn|14
|inactive|Shootingwolf has 120 seconds left.
|
|t:|1631927050
|move|p2a: Tornadus|Defog|p1a: Slowbro
|-unboost|p1a: Slowbro|evasion|1
|-sideend|p2: MU$TCHEGOAT|Stealth Rock|[from] move: Defog|[of] p2a: Tornadus
|move|p1a: Slowbro|Ice Beam|p2a: Tornadus
|-supereffective|p2a: Tornadus
|-crit|p2a: Tornadus
|-damage|p2a: Tornadus|29/100
|
|upkeep
|turn|15
|inactive|MU$TCHEGOAT has 120 seconds left.
|
|t:|1631927099
|switch|p2a: Pelipper|Pelipper, F|1/100
|-weather|RainDance|[from] ability: Drizzle|[of] p2a: Pelipper
|move|p1a: Slowbro|Teleport|p1a: Slowbro
|inactive|Shootingwolf has 120 seconds left.
|
|t:|1631927110
|switch|p1a: Corviknight|Corviknight, F|100/100|[from]move: Teleport
|-ability|p1a: Corviknight|Pressure
|
|-weather|RainDance|[upkeep]
|upkeep
|turn|16
|
|t:|1631927120
|move|p2a: Pelipper|Roost|p2a: Pelipper
|-heal|p2a: Pelipper|51/100
|-singleturn|p2a: Pelipper|move: Roost
|move|p1a: Corviknight|U-turn|p2a: Pelipper
|-damage|p2a: Pelipper|40/100
|
|t:|1631927128
|switch|p1a: Heatran|Heatran, F|71/100|[from]move: U-turn
|
|-weather|RainDance|[upkeep]
|upkeep
|turn|17
|
|t:|1631927131
|move|p1a: Heatran|Toxic|p2a: Pelipper
|-status|p2a: Pelipper|tox
|move|p2a: Pelipper|Scald|p1a: Heatran
|-supereffective|p1a: Heatran
|-damage|p1a: Heatran|19/100
|
|-weather|RainDance|[upkeep]
|-damage|p2a: Pelipper|34/100 tox|[from] psn
|upkeep
|turn|18
|
|t:|1631927137
|move|p1a: Heatran|Stealth Rock|p2a: Pelipper
|-sidestart|p2: MU$TCHEGOAT|move: Stealth Rock
|move|p2a: Pelipper|Scald|p1a: Heatran
|-supereffective|p1a: Heatran
|-damage|p1a: Heatran|0 fnt
|faint|p1a: Heatran
|
|-weather|RainDance|[upkeep]
|-damage|p2a: Pelipper|21/100 tox|[from] psn
|upkeep
|
|t:|1631927150
|switch|p1a: Garchomp|Garchomp, F|35/100
|turn|19
|
|t:|1631927153
|switch|p2a: Ferrothorn|Ferrothorn, M|100/100
|-damage|p2a: Ferrothorn|94/100|[from] Stealth Rock
|move|p1a: Garchomp|Scale Shot|p2a: Ferrothorn
|-resisted|p2a: Ferrothorn
|-damage|p2a: Ferrothorn|89/100
|-resisted|p2a: Ferrothorn
|-damage|p2a: Ferrothorn|83/100
|-hitcount|p2a: Ferrothorn|2
|-unboost|p1a: Garchomp|def|1
|-boost|p1a: Garchomp|spe|1
|-damage|p1a: Garchomp|25/100|[from] item: Life Orb
|
|-weather|none
|-heal|p2a: Ferrothorn|89/100|[from] item: Leftovers
|upkeep
|turn|20
|
|t:|1631927161
|switch|p1a: Corviknight|Corviknight, F|100/100
|-ability|p1a: Corviknight|Pressure
|move|p2a: Ferrothorn|Knock Off|p1a: Corviknight
|-crit|p1a: Corviknight
|-damage|p1a: Corviknight|77/100
|-enditem|p1a: Corviknight|Leftovers|[from] move: Knock Off|[of] p2a: Ferrothorn
|
|-heal|p2a: Ferrothorn|95/100|[from] item: Leftovers
|upkeep
|turn|21
|
|t:|1631927166
|switch|p1a: Urshifu|Urshifu-Rapid-Strike, M|100/100
|move|p2a: Ferrothorn|Leech Seed|p1a: Urshifu|[miss]
|-miss|p2a: Ferrothorn|p1a: Urshifu
|
|-heal|p2a: Ferrothorn|100/100|[from] item: Leftovers
|upkeep
|turn|22
|
|t:|1631927176
|move|p1a: Urshifu|Close Combat|p2a: Ferrothorn
|-supereffective|p2a: Ferrothorn
|-damage|p2a: Ferrothorn|0 fnt
|-unboost|p1a: Urshifu|def|1
|-unboost|p1a: Urshifu|spd|1
|-damage|p1a: Urshifu|88/100|[from] ability: Iron Barbs|[of] p2a: Ferrothorn
|faint|p2a: Ferrothorn
|
|upkeep
|
|t:|1631927179
|switch|p2a: Tornadus|Tornadus-Therian, M|62/100
|turn|23
|
|t:|1631927185
|switch|p1a: Slowbro|Slowbro, M|100/100
|move|p2a: Tornadus|Defog|p1a: Slowbro
|-unboost|p1a: Slowbro|evasion|1
|-sideend|p2: MU$TCHEGOAT|Stealth Rock|[from] move: Defog|[of] p2a: Tornadus
|
|upkeep
|turn|24
|
|t:|1631927190
|move|p2a: Tornadus|Knock Off|p1a: Slowbro
|-supereffective|p1a: Slowbro
|-damage|p1a: Slowbro|75/100
|-damage|p2a: Tornadus|45/100|[from] item: Rocky Helmet|[of] p1a: Slowbro
|-enditem|p1a: Slowbro|Rocky Helmet|[from] move: Knock Off|[of] p2a: Tornadus
|move|p1a: Slowbro|Future Sight|p2a: Tornadus
|-start|p1a: Slowbro|move: Future Sight
|
|upkeep
|turn|25
|
|t:|1631927195
|move|p2a: Tornadus|Hurricane|p1a: Slowbro
|-damage|p1a: Slowbro|33/100
|move|p1a: Slowbro|Ice Beam|p2a: Tornadus
|-supereffective|p2a: Tornadus
|-damage|p2a: Tornadus|0 fnt
|faint|p2a: Tornadus
|
|upkeep
|
|t:|1631927199
|switch|p2a: Pelipper|Pelipper, F|21/100 tox
|-weather|RainDance|[from] ability: Drizzle|[of] p2a: Pelipper
|turn|26
|
|t:|1631927208
|switch|p1a: Corviknight|Corviknight, F|77/100
|-ability|p1a: Corviknight|Pressure
|move|p2a: Pelipper|Hurricane|p1a: Corviknight
|-resisted|p1a: Corviknight
|-crit|p1a: Corviknight
|-damage|p1a: Corviknight|58/100
|
|-weather|RainDance|[upkeep]
|-end|p2a: Pelipper|move: Future Sight
|-damage|p2a: Pelipper|0 fnt
|faint|p2a: Pelipper
|upkeep
|j| Damm u captcha
|
|t:|1631927231
|switch|p2a: Cloyster|Cloyster, M|100/100
|turn|27
|
|t:|1631927236
|move|p2a: Cloyster|Shell Smash|p2a: Cloyster
|-unboost|p2a: Cloyster|def|1
|-unboost|p2a: Cloyster|spd|1
|-boost|p2a: Cloyster|atk|2
|-boost|p2a: Cloyster|spa|2
|-boost|p2a: Cloyster|spe|2
|move|p1a: Corviknight|Brave Bird|p2a: Cloyster
|-damage|p2a: Cloyster|53/100
|-damage|p1a: Corviknight|48/100|[from] Recoil
|
|-weather|RainDance|[upkeep]
|upkeep
|turn|28
|l| Iziyo
|
|t:|1631927245
|move|p2a: Cloyster|Icicle Spear|p1a: Corviknight
|-damage|p1a: Corviknight|31/100
|-damage|p1a: Corviknight|13/100
|-damage|p1a: Corviknight|0 fnt
|faint|p1a: Corviknight
|-hitcount|p1: Corviknight|3
|
|-weather|RainDance|[upkeep]
|upkeep
|
|t:|1631927250
|switch|p1a: Slowbro|Slowbro, M|66/100
|turn|29
|
|t:|1631927259
|move|p2a: Cloyster|Hydro Pump|p1a: Slowbro
|-resisted|p1a: Slowbro
|-damage|p1a: Slowbro|13/100
|move|p1a: Slowbro|Slack Off|p1a: Slowbro
|-heal|p1a: Slowbro|63/100
|
|-weather|RainDance|[upkeep]
|upkeep
|turn|30
|
|t:|1631927266
|move|p2a: Cloyster|Shell Smash|p2a: Cloyster
|-unboost|p2a: Cloyster|def|1
|-unboost|p2a: Cloyster|spd|1
|-boost|p2a: Cloyster|atk|2
|-boost|p2a: Cloyster|spa|2
|-boost|p2a: Cloyster|spe|2
|move|p1a: Slowbro|Slack Off|p1a: Slowbro
|-heal|p1a: Slowbro|100/100
|
|-weather|none
|upkeep
|turn|31
|
|t:|1631927275
|move|p2a: Cloyster|Hydro Pump|p1a: Slowbro
|-resisted|p1a: Slowbro
|-damage|p1a: Slowbro|47/100
|move|p1a: Slowbro|Future Sight|p2a: Cloyster
|-start|p1a: Slowbro|move: Future Sight
|
|upkeep
|turn|32
|
|t:|1631927285
|switch|p1a: Garchomp|Garchomp, F|25/100
|move|p2a: Cloyster|Hydro Pump|p1a: Garchomp
|-damage|p1a: Garchomp|0 fnt
|faint|p1a: Garchomp
|
|upkeep
|
|t:|1631927290
|switch|p1a: Slowbro|Slowbro, M|80/100
|turn|33
|
|t:|1631927294
|move|p2a: Cloyster|Hydro Pump|p1a: Slowbro
|-resisted|p1a: Slowbro
|-damage|p1a: Slowbro|27/100
|move|p1a: Slowbro|Slack Off|p1a: Slowbro
|-heal|p1a: Slowbro|77/100
|
|-end|p2a: Cloyster|move: Future Sight
|-damage|p2a: Cloyster|0 fnt
|faint|p2a: Cloyster
|upkeep
|
|t:|1631927297
|switch|p2a: Urshifu|Urshifu-Rapid-Strike, M|51/100
|turn|34
|
|t:|1631927305
|move|p2a: Urshifu|Thunder Punch|p1a: Slowbro
|-supereffective|p1a: Slowbro
|-damage|p1a: Slowbro|23/100
|move|p1a: Slowbro|Future Sight|p2a: Urshifu
|-start|p1a: Slowbro|move: Future Sight
|
|upkeep
|turn|35
|
|t:|1631927328
|switch|p1a: Urshifu|Urshifu-Rapid-Strike, M|88/100
|move|p2a: Urshifu|Thunder Punch|p1a: Urshifu
|-supereffective|p1a: Urshifu
|-damage|p1a: Urshifu|7/100
|
|upkeep
|turn|36
|
|t:|1631927340
|move|p1a: Urshifu|Close Combat|p2a: Urshifu
|-damage|p2a: Urshifu|0 fnt
|-unboost|p1a: Urshifu|def|1
|-unboost|p1a: Urshifu|spd|1
|faint|p2a: Urshifu
|
|win|Shootingwolf
|raw|Shootingwolf's rating: 1562 &rarr; <strong>1585</strong><br />(+23 for winning)
|raw|MU$TCHEGOAT's rating: 1617 &rarr; <strong>1594</strong><br />(-23 for losing)
|l|☆MU$TCHEGOAT
