|j|☆LKJHGFDSAPOI
|j|☆Fusien
|t:|1656678773
|gametype|singles
|player|p1|LKJHGFDSAPOI|policeman-gen4|1688
|player|p2|Fusien|yellow|1756
|teamsize|p1|6
|teamsize|p2|6
|gen|8
|tier|[Gen 8] OU
|rated|
|rule|Sleep Clause Mod: Limit one foe put to sleep
|rule|Species Clause: Limit one of each Pokémon
|rule|OHKO Clause: OHKO moves are banned
|rule|Evasion Moves Clause: Evasion moves are banned
|rule|Endless Battle Clause: Forcing endless battles is banned
|rule|HP Percentage Mod: HP is shown in percentages
|rule|Dynamax Clause: You cannot dynamax
|clearpoke
|poke|p1|Reuniclus, F|
|poke|p1|Tornadus-Therian, M|
|poke|p1|Heatran, M|
|poke|p1|Mamoswine, M|
|poke|p1|Tapu Koko|
|poke|p1|Tapu Fini|
|poke|p2|Cloyster, F|
|poke|p2|Weavile, F|
|poke|p2|Corviknight, F|
|poke|p2|Landorus-Therian, M|
|poke|p2|Slowking-Galar, M|
|poke|p2|Rotom-Wash|
|teampreview
|inactive|Battle timer is ON: inactive players will automatically lose when time's up. (requested by Fusien)
|c|☆Fusien|Hf
|c|☆LKJHGFDSAPOI|u2
|
|t:|1656678788
|start
|switch|p1a: Tapu Fini|Tapu Fini|100/100
|switch|p2a: Decode|Weavile, F|100/100
|-ability|p2a: Decode|Pressure
|-fieldstart|move: Misty Terrain|[from] ability: Misty Surge|[of] p1a: Tapu Fini
|turn|1
|inactive|Fusien has 120 seconds left.
|
|t:|1656678827
|switch|p2a: Still Into You|Rotom-Wash|100/100
|move|p1a: Tapu Fini|Scald|p2a: Still Into You
|-resisted|p2a: Still Into You
|-damage|p2a: Still Into You|82/100
|
|upkeep
|turn|2
|
|t:|1656678832
|switch|p1a: Reuniclus|Reuniclus, F|100/100
|move|p2a: Still Into You|Volt Switch|p1a: Reuniclus
|-crit|p1a: Reuniclus
|-damage|p1a: Reuniclus|78/100
|inactive|Fusien has 120 seconds left.
|
|t:|1656678858
|switch|p2a: Decode|Weavile, F|100/100|[from]move: Volt Switch
|-ability|p2a: Decode|Pressure
|
|upkeep
|turn|3
|
|t:|1656678863
|switch|p1a: Tapu Koko|Tapu Koko|100/100
|-fieldstart|move: Electric Terrain|[from] ability: Electric Surge|[of] p1a: Tapu Koko
|move|p2a: Decode|Knock Off|p1a: Tapu Koko
|-resisted|p1a: Tapu Koko
|-damage|p1a: Tapu Koko|47/100
|-enditem|p1a: Tapu Koko|Heavy-Duty Boots|[from] move: Knock Off|[of] p2a: Decode
|
|upkeep
|turn|4
|inactive|Fusien has 120 seconds left.
|
|t:|1656678894
|switch|p2a: Misery Business|Landorus-Therian, M|100/100
|-ability|p2a: Misery Business|Intimidate|boost
|-unboost|p1a: Tapu Koko|atk|1
|move|p1a: Tapu Koko|U-turn|p2a: Misery Business
|-resisted|p2a: Misery Business
|-damage|p2a: Misery Business|95/100
|
|t:|1656678897
|switch|p1a: Mamoswine|Mamoswine, M|100/100|[from]move: U-turn
|
|-heal|p2a: Misery Business|100/100|[from] item: Leftovers
|upkeep
|turn|5
|
|t:|1656678914
|switch|p2a: Pressure|Corviknight, F|100/100
|-ability|p2a: Pressure|Pressure
|move|p1a: Mamoswine|Knock Off|p2a: Pressure
|-damage|p2a: Pressure|80/100
|-damage|p1a: Mamoswine|84/100|[from] item: Rocky Helmet|[of] p2a: Pressure
|-enditem|p2a: Pressure|Rocky Helmet|[from] move: Knock Off|[of] p1a: Mamoswine
|
|upkeep
|turn|6
|
|t:|1656678920
|move|p1a: Mamoswine|Icicle Spear|p2a: Pressure
|-damage|p2a: Pressure|69/100
|-damage|p2a: Pressure|59/100
|-damage|p2a: Pressure|49/100
|-hitcount|p2a: Pressure|3
|move|p2a: Pressure|Body Press|p1a: Mamoswine
|-supereffective|p1a: Mamoswine
|-damage|p1a: Mamoswine|27/100
|
|upkeep
|turn|7
|
|t:|1656678941
|move|p1a: Mamoswine|Icicle Spear|p2a: Pressure
|-damage|p2a: Pressure|39/100
|-damage|p2a: Pressure|29/100
|-damage|p2a: Pressure|19/100
|-damage|p2a: Pressure|9/100
|-damage|p2a: Pressure|0 fnt
|faint|p2a: Pressure
|-hitcount|p2: Pressure|5
|
|-fieldend|move: Electric Terrain
|upkeep
|inactive|Fusien has 90 seconds left.
|
|t:|1656678958
|switch|p2a: Decode|Weavile, F|100/100
|-ability|p2a: Decode|Pressure
|turn|8
|
|t:|1656678967
|switch|p1a: Tapu Fini|Tapu Fini|100/100
|-fieldstart|move: Misty Terrain|[from] ability: Misty Surge|[of] p1a: Tapu Fini
|move|p2a: Decode|Knock Off|p1a: Tapu Fini
|-resisted|p1a: Tapu Fini
|-damage|p1a: Tapu Fini|70/100
|-enditem|p1a: Tapu Fini|Leftovers|[from] move: Knock Off|[of] p2a: Decode
|
|upkeep
|turn|9
|
|t:|1656678979
|switch|p2a: CrushCrushCrush|Cloyster, F|100/100
|move|p1a: Tapu Fini|Draining Kiss|p2a: CrushCrushCrush
|-damage|p2a: CrushCrushCrush|58/100
|-heal|p1a: Tapu Fini|92/100|[from] drain|[of] p2a: CrushCrushCrush
|
|upkeep
|turn|10
|
|t:|1656678991
|move|p1a: Tapu Fini|Draining Kiss|p2a: CrushCrushCrush
|-damage|p2a: CrushCrushCrush|14/100
|-heal|p1a: Tapu Fini|100/100|[from] drain|[of] p2a: CrushCrushCrush
|move|p2a: CrushCrushCrush|Explosion|p1a: Tapu Fini
|-damage|p1a: Tapu Fini|35/100
|faint|p2a: CrushCrushCrush
|
|upkeep
|
|t:|1656679001
|switch|p2a: Misery Business|Landorus-Therian, M|100/100
|-ability|p2a: Misery Business|Intimidate|boost
|-unboost|p1a: Tapu Fini|atk|1
|turn|11
|
|t:|1656679011
|move|p1a: Tapu Fini|Scald|p2a: Misery Business
|-supereffective|p2a: Misery Business
|-damage|p2a: Misery Business|60/100
|-status|p2a: Misery Business|brn
|move|p2a: Misery Business|Stealth Rock|p1a: Tapu Fini
|-sidestart|p1: LKJHGFDSAPOI|move: Stealth Rock
|
|-heal|p2a: Misery Business|66/100 brn|[from] item: Leftovers
|-damage|p2a: Misery Business|60/100 brn|[from] brn
|upkeep
|turn|12
|
|t:|1656679018
|move|p1a: Tapu Fini|Draining Kiss|p2a: Misery Business
|-damage|p2a: Misery Business|46/100 brn
|-heal|p1a: Tapu Fini|46/100|[from] drain|[of] p2a: Misery Business
|move|p2a: Misery Business|U-turn|p1a: Tapu Fini
|-resisted|p1a: Tapu Fini
|-damage|p1a: Tapu Fini|41/100
|inactive|Fusien has 120 seconds left.
|
|t:|1656679030
|switch|p2a: Still Into You|Rotom-Wash|82/100|[from]move: U-turn
|
|-fieldend|Misty Terrain
|upkeep
|turn|13
|
|t:|1656679040
|switch|p1a: Reuniclus|Reuniclus, F|100/100
|-damage|p1a: Reuniclus|88/100|[from] Stealth Rock
|move|p2a: Still Into You|Volt Switch|p1a: Reuniclus
|-damage|p1a: Reuniclus|74/100
|
|t:|1656679041
|switch|p2a: Decode|Weavile, F|100/100|[from]move: Volt Switch
|-ability|p2a: Decode|Pressure
|
|upkeep
|turn|14
|
|t:|1656679068
|switch|p1a: Tapu Koko|Tapu Koko|47/100
|-damage|p1a: Tapu Koko|34/100|[from] Stealth Rock
|-fieldstart|move: Electric Terrain|[from] ability: Electric Surge|[of] p1a: Tapu Koko
|move|p2a: Decode|Knock Off|p1a: Tapu Koko
|-resisted|p1a: Tapu Koko
|-damage|p1a: Tapu Koko|0 fnt
|faint|p1a: Tapu Koko
|
|upkeep
|inactive|LKJHGFDSAPOI has 120 seconds left.
|
|t:|1656679089
|switch|p1a: Tapu Fini|Tapu Fini|41/100
|-damage|p1a: Tapu Fini|29/100|[from] Stealth Rock
|-fieldstart|move: Misty Terrain|[from] ability: Misty Surge|[of] p1a: Tapu Fini
|turn|15
|
|t:|1656679102
|switch|p2a: Ignorance|Slowking-Galar, M|100/100
|switch|p1a: Tornadus|Tornadus-Therian, M|100/100
|
|upkeep
|turn|16
|
|t:|1656679104
|move|p1a: Tornadus|Defog|p2a: Ignorance
|-unboost|p2a: Ignorance|evasion|1
|-sideend|p1: LKJHGFDSAPOI|Stealth Rock|[from] move: Defog|[of] p1a: Tornadus
|-fieldend|Misty Terrain
|move|p2a: Ignorance|Ice Beam|p1a: Tornadus
|-supereffective|p1a: Tornadus
|-damage|p1a: Tornadus|35/100
|
|upkeep
|turn|17
|
|t:|1656679110
|move|p1a: Tornadus|U-turn|p2a: Ignorance
|-damage|p2a: Ignorance|85/100
|
|t:|1656679112
|switch|p1a: Reuniclus|Reuniclus, F|100/100|[from]move: U-turn
|move|p2a: Ignorance|Future Sight|p1a: Reuniclus
|-start|p2a: Ignorance|move: Future Sight
|
|upkeep
|turn|18
|
|t:|1656679125
|switch|p2a: Misery Business|Landorus-Therian, M|46/100 brn
|-ability|p2a: Misery Business|Intimidate|boost
|-unboost|p1a: Reuniclus|atk|1
|move|p1a: Reuniclus|Psyshock|p2a: Misery Business
|-damage|p2a: Misery Business|15/100 brn
|
|-heal|p2a: Misery Business|21/100 brn|[from] item: Leftovers
|-damage|p2a: Misery Business|15/100 brn|[from] brn
|upkeep
|turn|19
|
|t:|1656679145
|move|p2a: Misery Business|Stealth Rock|p1a: Reuniclus
|-sidestart|p1: LKJHGFDSAPOI|move: Stealth Rock
|move|p1a: Reuniclus|Psyshock|p2a: Misery Business
|-damage|p2a: Misery Business|0 fnt
|faint|p2a: Misery Business
|
|-end|p1a: Reuniclus|move: Future Sight
|-resisted|p1a: Reuniclus
|-damage|p1a: Reuniclus|87/100
|upkeep
|
|t:|1656679154
|switch|p2a: Decode|Weavile, F|100/100
|-ability|p2a: Decode|Pressure
|turn|20
|
|t:|1656679173
|switch|p1a: Mamoswine|Mamoswine, M|27/100
|-damage|p1a: Mamoswine|15/100|[from] Stealth Rock
|move|p2a: Decode|Knock Off|p1a: Mamoswine
|-damage|p1a: Mamoswine|0 fnt
|-enditem|p1a: Mamoswine|Never-Melt Ice|[from] move: Knock Off|[of] p2a: Decode
|faint|p1a: Mamoswine
|
|upkeep
|
|t:|1656679177
|switch|p1a: Heatran|Heatran, M|100/100
|-damage|p1a: Heatran|88/100|[from] Stealth Rock
|turn|21
|
|t:|1656679186
|switch|p2a: Still Into You|Rotom-Wash|82/100
|move|p1a: Heatran|Flamethrower|p2a: Still Into You
|-resisted|p2a: Still Into You
|-damage|p2a: Still Into You|31/100
|
|upkeep
|turn|22
|inactive|LKJHGFDSAPOI has 120 seconds left.
|
|t:|1656679223
|move|p2a: Still Into You|Volt Switch|p1a: Heatran
|-damage|p1a: Heatran|57/100
|
|t:|1656679227
|switch|p2a: Ignorance|Slowking-Galar, M|100/100|[from]move: Volt Switch
|move|p1a: Heatran|Flamethrower|p2a: Ignorance
|-damage|p2a: Ignorance|58/100
|
|upkeep
|turn|23
|inactive|LKJHGFDSAPOI has 120 seconds left.
|
|t:|1656679239
|switch|p1a: Tornadus|Tornadus-Therian, M|68/100
|move|p2a: Ignorance|Future Sight|p1a: Tornadus
|-start|p2a: Ignorance|move: Future Sight
|
|upkeep
|turn|24
|
|t:|1656679242
|move|p1a: Tornadus|Defog|p2a: Ignorance
|-unboost|p2a: Ignorance|evasion|1
|-sideend|p1: LKJHGFDSAPOI|Stealth Rock|[from] move: Defog|[of] p1a: Tornadus
|move|p2a: Ignorance|Ice Beam|p1a: Tornadus
|-supereffective|p1a: Tornadus
|-damage|p1a: Tornadus|9/100
|
|upkeep
|turn|25
|
|t:|1656679247
|switch|p2a: Still Into You|Rotom-Wash|31/100
|move|p1a: Tornadus|Knock Off|p2a: Still Into You
|-damage|p2a: Still Into You|4/100
|-enditem|p2a: Still Into You|Choice Scarf|[from] move: Knock Off|[of] p1a: Tornadus
|
|-end|p1a: Tornadus|move: Future Sight
|-damage|p1a: Tornadus|0 fnt
|faint|p1a: Tornadus
|upkeep
|
|t:|1656679259
|switch|p1a: Reuniclus|Reuniclus, F|100/100
|turn|26
|
|t:|1656679264
|move|p2a: Still Into You|Pain Split|p1a: Reuniclus
|-sethp|p1a: Reuniclus|51/100|[from] move: Pain Split|[silent]
|-sethp|p2a: Still Into You|90/100|[from] move: Pain Split
|move|p1a: Reuniclus|Focus Blast|p2a: Still Into You|[miss]
|-miss|p1a: Reuniclus|p2a: Still Into You
|
|upkeep
|turn|27
|
|t:|1656679268
|move|p2a: Still Into You|Trick|p1a: Reuniclus
|-activate|p2a: Still Into You|move: Trick|[of] p1a: Reuniclus
|-enditem|p1a: Reuniclus|Assault Vest|[silent]|[from] move: Trick
|-item|p2a: Still Into You|Assault Vest|[from] move: Trick
|move|p1a: Reuniclus|Future Sight|p2a: Still Into You
|-start|p1a: Reuniclus|move: Future Sight
|
|upkeep
|turn|28
|
|t:|1656679276
|move|p2a: Still Into You|Hydro Pump|p1a: Reuniclus
|-crit|p1a: Reuniclus
|-damage|p1a: Reuniclus|0 fnt
|faint|p1a: Reuniclus
|
|upkeep
|
|t:|1656679278
|switch|p1a: Tapu Fini|Tapu Fini|29/100
|-fieldstart|move: Misty Terrain|[from] ability: Misty Surge|[of] p1a: Tapu Fini
|turn|29
|
|t:|1656679281
|move|p2a: Still Into You|Volt Switch|p1a: Tapu Fini
|-supereffective|p1a: Tapu Fini
|-crit|p1a: Tapu Fini
|-damage|p1a: Tapu Fini|0 fnt
|faint|p1a: Tapu Fini
|
|t:|1656679283
|switch|p2a: Decode|Weavile, F|100/100|[from]move: Volt Switch
|-ability|p2a: Decode|Pressure
|
|-end|p2a: Decode|move: Future Sight
|-immune|p2a: Decode
|upkeep
|
|t:|1656679285
|switch|p1a: Heatran|Heatran, M|57/100
|turn|30
|
|t:|1656679287
|move|p2a: Decode|Knock Off|p1a: Heatran
|-damage|p1a: Heatran|0 fnt
|-enditem|p1a: Heatran|Choice Specs|[from] move: Knock Off|[of] p2a: Decode
|faint|p1a: Heatran
|
|win|Fusien
|raw|LKJHGFDSAPOI's rating: 1688 &rarr; <strong>1674</strong><br />(-14 for losing)
|raw|Fusien's rating: 1788 &rarr; <strong>1802</strong><br />(+14 for winning)
|c|☆LKJHGFDSAPOI|gg
|l|☆LKJHGFDSAPOI
|c|☆Fusien|Gg
||Ladder isn't responding, score probably updated but might not have (Request timeout).
