|j|☆ArcanineSquad
|j|☆soratsuu
|t:|1605537363
|player|p1|ArcanineSquad|cynthia-gen4|1734
|player|p2|soratsuu|1|1690
|teamsize|p1|6
|teamsize|p2|6
|gametype|singles
|gen|8
|tier|[Gen 8] OU
|rated|
|clearpoke
|poke|p1|Latios, M|
|poke|p1|Tyranitar, F|
|poke|p1|Excadrill, M|
|poke|p1|Pelipper, F|
|poke|p1|Ferrothorn, M|
|poke|p1|Urshifu-*, F|
|poke|p2|Hippowdon, M|
|poke|p2|Tyranitar, F|
|poke|p2|Excadrill, F|
|poke|p2|Dracozolt|
|poke|p2|Buzzwole|
|poke|p2|Zapdos|
|rule|Sleep Clause Mod: Limit one foe put to sleep
|rule|Species Clause: Limit one of each Pokémon
|rule|OHKO Clause: OHKO moves are banned
|rule|Evasion Moves Clause: Evasion moves are banned
|rule|Endless Battle Clause: Forcing endless battles is banned
|rule|HP Percentage Mod: HP is shown in percentages
|rule|Dynamax Clause: You cannot dynamax
|teampreview
|inactive|Battle timer is ON: inactive players will automatically lose when time's up. (requested by ArcanineSquad)
|
|t:|1605537387
|start
|switch|p1a: Huracan|Pelipper, F, shiny|100/100
|switch|p2a: Bishop|Zapdos|100/100
|-weather|RainDance|[from] ability: Drizzle|[of] p1a: Huracan
|turn|1
|
|t:|1605537397
|switch|p1a: Dr. Gyno|Ferrothorn, M, shiny|100/100
|move|p2a: Bishop|Hurricane|p1a: Dr. Gyno
|-damage|p1a: Dr. Gyno|47/100
|-start|p1a: Dr. Gyno|confusion
|
|-weather|RainDance|[upkeep]
|upkeep
|turn|2
|
|t:|1605537410
|switch|p1a: Fightclub|Tyranitar, F, shiny|100/100
|-weather|Sandstorm|[from] ability: Sand Stream|[of] p1a: Fightclub
|move|p2a: Bishop|Hurricane|p1a: Fightclub|[miss]
|-miss|p2a: Bishop|p1a: Fightclub
|
|-weather|Sandstorm|[upkeep]
|-damage|p2a: Bishop|94/100|[from] Sandstorm
|upkeep
|turn|3
|
|t:|1605537420
|move|p2a: Bishop|Volt Switch|p1a: Fightclub
|-crit|p1a: Fightclub
|-damage|p1a: Fightclub|75/100
|
|t:|1605537427
|switch|p2a: Queen|Excadrill, F|100/100|[from]move: Volt Switch
|move|p1a: Fightclub|Stealth Rock|p2a: Queen
|-sidestart|p2: soratsuu|move: Stealth Rock
|
|-weather|Sandstorm|[upkeep]
|upkeep
|turn|4
|
|t:|1605537438
|switch|p2a: Bishop|Zapdos|94/100
|switch|p1a: Dr. Gyno|Ferrothorn, M, shiny|47/100
|
|-weather|Sandstorm|[upkeep]
|-damage|p2a: Bishop|88/100|[from] Sandstorm
|upkeep
|turn|5
|
|t:|1605537444
|move|p2a: Bishop|Heat Wave|p1a: Dr. Gyno
|-supereffective|p1a: Dr. Gyno
|-damage|p1a: Dr. Gyno|0 fnt
|faint|p1a: Dr. Gyno
|
|-weather|Sandstorm|[upkeep]
|-damage|p2a: Bishop|82/100|[from] Sandstorm
|upkeep
|
|t:|1605537451
|switch|p1a: Jetstream|Latios, M, shiny|100/100
|turn|6
|
|t:|1605537455
|switch|p2a: Pawn|Tyranitar, F|100/100
|-damage|p2a: Pawn|88/100|[from] Stealth Rock
|move|p1a: Jetstream|Aura Sphere|p2a: Pawn
|-supereffective|p2a: Pawn
|-damage|p2a: Pawn|25/100
|
|-weather|none
|upkeep
|turn|7
|
|t:|1605537471
|switch|p2a: Bishop|Zapdos|82/100
|move|p1a: Jetstream|Aura Sphere|p2a: Bishop
|-resisted|p2a: Bishop
|-damage|p2a: Bishop|64/100
|
|upkeep
|turn|8
|
|t:|1605537483
|switch|p1a: Fightclub|Tyranitar, F, shiny|75/100
|-weather|Sandstorm|[from] ability: Sand Stream|[of] p1a: Fightclub
|move|p2a: Bishop|Roost|p2a: Bishop
|-heal|p2a: Bishop|100/100
|-singleturn|p2a: Bishop|move: Roost
|
|-weather|Sandstorm|[upkeep]
|-damage|p2a: Bishop|94/100|[from] Sandstorm
|upkeep
|turn|9
|
|t:|1605537497
|switch|p1a: Relt=Quake|Excadrill, M, shiny|100/100
|move|p2a: Bishop|Heat Wave|p1a: Relt=Quake
|-supereffective|p1a: Relt=Quake
|-damage|p1a: Relt=Quake|14/100
|-status|p1a: Relt=Quake|brn
|
|-weather|Sandstorm|[upkeep]
|-damage|p2a: Bishop|88/100|[from] Sandstorm
|-damage|p1a: Relt=Quake|7/100 brn|[from] brn
|upkeep
|turn|10
|
|t:|1605537508
|switch|p2a: Rook|Buzzwole|100/100
|-damage|p2a: Rook|88/100|[from] Stealth Rock
|move|p1a: Relt=Quake|Iron Head|p2a: Rook
|-damage|p2a: Rook|71/100
|-damage|p1a: Relt=Quake|0 fnt|[from] item: Rocky Helmet|[of] p2a: Rook
|faint|p1a: Relt=Quake
|
|-weather|Sandstorm|[upkeep]
|-damage|p2a: Rook|65/100|[from] Sandstorm
|upkeep
|
|t:|1605537514
|switch|p1a: Huracan|Pelipper, F, shiny|100/100
|-weather|RainDance|[from] ability: Drizzle|[of] p1a: Huracan
|turn|11
|
|t:|1605537518
|switch|p2a: Pawn|Tyranitar, F|25/100
|-damage|p2a: Pawn|12/100|[from] Stealth Rock
|-weather|Sandstorm|[from] ability: Sand Stream|[of] p2a: Pawn
|move|p1a: Huracan|Scald|p2a: Pawn
|-supereffective|p2a: Pawn
|-damage|p2a: Pawn|0 fnt
|faint|p2a: Pawn
|
|-weather|Sandstorm|[upkeep]
|-damage|p1a: Huracan|94/100|[from] Sandstorm
|upkeep
|
|t:|1605537527
|switch|p2a: Knight|Dracozolt|100/100
|-damage|p2a: Knight|88/100|[from] Stealth Rock
|turn|12
|
|t:|1605537540
|switch|p1a: Fightclub|Tyranitar, F, shiny|75/100
|move|p2a: Knight|Bolt Beak|p1a: Fightclub
|-damage|p1a: Fightclub|12/100
|-damage|p2a: Knight|78/100|[from] item: Life Orb
|
|-weather|Sandstorm|[upkeep]
|upkeep
|turn|13
|
|t:|1605537556
|move|p2a: Knight|Bolt Beak|p1a: Fightclub
|-damage|p1a: Fightclub|0 fnt
|-damage|p2a: Knight|68/100|[from] item: Life Orb
|faint|p1a: Fightclub
|
|-weather|Sandstorm|[upkeep]
|upkeep
|
|t:|1605537560
|switch|p1a: Jetstream|Latios, M, shiny|100/100
|turn|14
|
|t:|1605537569
|switch|p1a: Huracan|Pelipper, F, shiny|94/100
|-weather|RainDance|[from] ability: Drizzle|[of] p1a: Huracan
|move|p2a: Knight|Draco Meteor|p1a: Huracan
|-damage|p1a: Huracan|0 fnt
|-unboost|p2a: Knight|spa|2
|-damage|p2a: Knight|58/100|[from] item: Life Orb
|faint|p1a: Huracan
|
|-weather|RainDance|[upkeep]
|upkeep
|
|t:|1605537578
|switch|p1a: Jetstream|Latios, M, shiny|100/100
|turn|15
|c|☆ArcanineSquad|Gg
|
|t:|1605537584
|switch|p2a: King|Hippowdon, M|100/100
|-damage|p2a: King|94/100|[from] Stealth Rock
|-weather|Sandstorm|[from] ability: Sand Stream|[of] p2a: King
|move|p1a: Jetstream|Psychic|p2a: King
|-damage|p2a: King|14/100
|-unboost|p2a: King|spd|1
|
|-weather|Sandstorm|[upkeep]
|-damage|p1a: Jetstream|95/100|[from] Sandstorm
|upkeep
|turn|16
|
|t:|1605537601
|switch|p1a: Squatted 3 Platted|Urshifu-Rapid-Strike, F|100/100
|move|p2a: King|Slack Off|p2a: King
|-heal|p2a: King|64/100
|
|-weather|Sandstorm|[upkeep]
|-damage|p1a: Squatted 3 Platted|94/100|[from] Sandstorm
|upkeep
|turn|17
|
|t:|1605537611
|switch|p2a: Rook|Buzzwole|65/100
|-damage|p2a: Rook|52/100|[from] Stealth Rock
|move|p1a: Squatted 3 Platted|U-turn|p2a: Rook
|-resisted|p2a: Rook
|-damage|p2a: Rook|44/100
|-damage|p1a: Squatted 3 Platted|78/100|[from] item: Rocky Helmet|[of] p2a: Rook
|
|t:|1605537623
|switch|p1a: Jetstream|Latios, M, shiny|95/100|[from]move: U-turn
|
|-weather|Sandstorm|[upkeep]
|-damage|p1a: Jetstream|89/100|[from] Sandstorm
|-damage|p2a: Rook|38/100|[from] Sandstorm
|upkeep
|turn|18
|
|t:|1605537635
|switch|p1a: Squatted 3 Platted|Urshifu-Rapid-Strike, F|78/100
|switch|p2a: Bishop|Zapdos|88/100
|
|-weather|Sandstorm|[upkeep]
|-damage|p1a: Squatted 3 Platted|72/100|[from] Sandstorm
|-damage|p2a: Bishop|82/100|[from] Sandstorm
|upkeep
|turn|19
|
|t:|1605537647
|move|p1a: Squatted 3 Platted|Surging Strikes|p2a: Bishop
|-crit|p2a: Bishop
|-damage|p2a: Bishop|51/100
|-crit|p2a: Bishop
|-damage|p2a: Bishop|22/100
|-crit|p2a: Bishop
|-damage|p2a: Bishop|0 fnt
|-hitcount|p2a: Bishop|3
|faint|p2a: Bishop
|
|-weather|Sandstorm|[upkeep]
|-damage|p1a: Squatted 3 Platted|66/100|[from] Sandstorm
|upkeep
|
|t:|1605537654
|switch|p2a: Knight|Dracozolt|58/100
|-damage|p2a: Knight|46/100|[from] Stealth Rock
|turn|20
|
|t:|1605537666
|move|p2a: Knight|Bolt Beak|p1a: Squatted 3 Platted
|-supereffective|p1a: Squatted 3 Platted
|-damage|p1a: Squatted 3 Platted|0 fnt
|-damage|p2a: Knight|36/100|[from] item: Life Orb
|faint|p1a: Squatted 3 Platted
|
|-weather|Sandstorm|[upkeep]
|upkeep
|
|t:|1605537670
|switch|p1a: Jetstream|Latios, M, shiny|89/100
|turn|21
|
|t:|1605537673
|move|p2a: Knight|Draco Meteor|p1a: Jetstream
|-supereffective|p1a: Jetstream
|-damage|p1a: Jetstream|0 fnt
|-unboost|p2a: Knight|spa|2
|-damage|p2a: Knight|26/100|[from] item: Life Orb
|faint|p1a: Jetstream
|
|win|soratsuu
|l|☆ArcanineSquad
||Ladder (probably) updated, but score could not be retrieved (Request timeout).
