|j|☆Forwards
|j|☆Starfire Scarlet
|t:|1663401107
|gametype|singles
|player|p1|Forwards|rollerskater|1726
|player|p2|Starfire Scarlet|winona-gen6|1736
|teamsize|p1|6
|teamsize|p2|6
|gen|8
|tier|[Gen 8] OU
|rated|
|rule|Sleep Clause Mod: Limit one foe put to sleep
|rule|Species Clause: Limit one of each Pokémon
|rule|OHKO Clause: OHKO moves are banned
|rule|Evasion Items Clause: Evasion items are banned
|rule|Evasion Moves Clause: Evasion moves are banned
|rule|Endless Battle Clause: Forcing endless battles is banned
|rule|HP Percentage Mod: HP is shown in percentages
|rule|Dynamax Clause: You cannot dynamax
|clearpoke
|poke|p1|Tapu Koko|
|poke|p1|Moltres-Galar|
|poke|p1|Registeel|
|poke|p1|Hawlucha, M|
|poke|p1|Mew|
|poke|p1|Landorus-Therian, M|
|poke|p2|Hydreigon, F|
|poke|p2|Rillaboom, F|
|poke|p2|Landorus-Therian, M|
|poke|p2|Kartana|
|poke|p2|Heatran, F|
|poke|p2|Tapu Lele|
|teampreview
|j| CCoffeeGuy
|inactive|Battle timer is ON: inactive players will automatically lose when time's up. (requested by Forwards)
|j| reewfgdfgdfggfdf
|inactive|Starfire Scarlet has 120 seconds left.
|j| 0WithdrawalSyndrom
|
|t:|1663401163
|start
|switch|p1a: Landorus|Landorus-Therian, M|100/100
|switch|p2a: Landorus|Landorus-Therian, M|100/100
|-ability|p1a: Landorus|Intimidate|boost
|-unboost|p2a: Landorus|atk|1
|-ability|p2a: Landorus|Intimidate|boost
|-unboost|p1a: Landorus|atk|1
|turn|1
|
|t:|1663401190
|move|p1a: Landorus|Stealth Rock|p2a: Landorus
|-sidestart|p2: Starfire Scarlet|move: Stealth Rock
|move|p2a: Landorus|Toxic|p1a: Landorus
|-status|p1a: Landorus|tox
|
|-damage|p1a: Landorus|95/100 tox|[from] psn
|upkeep
|turn|2
|inactive|Forwards has 120 seconds left.
|
|t:|1663401228
|move|p1a: Landorus|Swords Dance|p1a: Landorus
|-boost|p1a: Landorus|atk|2
|move|p2a: Landorus|Defog|p1a: Landorus
|-unboost|p1a: Landorus|evasion|1
|-sideend|p2: Starfire Scarlet|Stealth Rock|[from] move: Defog|[of] p2a: Landorus
|
|-damage|p1a: Landorus|83/100 tox|[from] psn
|upkeep
|turn|3
|
|t:|1663401246
|move|p1a: Landorus|Stealth Rock|p2a: Landorus
|-sidestart|p2: Starfire Scarlet|move: Stealth Rock
|move|p2a: Landorus|Defog|p1a: Landorus
|-unboost|p1a: Landorus|evasion|1
|-sideend|p2: Starfire Scarlet|Stealth Rock|[from] move: Defog|[of] p2a: Landorus
|
|-damage|p1a: Landorus|65/100 tox|[from] psn
|upkeep
|turn|4
|
|t:|1663401258
|switch|p2a: Kartana|Kartana|100/100
|move|p1a: Landorus|Explosion|p2a: Kartana
|-resisted|p2a: Kartana
|-damage|p2a: Kartana|31/100
|faint|p1a: Landorus
|
|upkeep
|
|t:|1663401260
|switch|p1a: Tapu Koko|Tapu Koko|100/100
|-fieldstart|move: Electric Terrain|[from] ability: Electric Surge|[of] p1a: Tapu Koko
|turn|5
|j| Shunshun
|
|t:|1663401265
|switch|p2a: Landorus|Landorus-Therian, M|100/100
|-ability|p2a: Landorus|Intimidate|boost
|-unboost|p1a: Tapu Koko|atk|1
|move|p1a: Tapu Koko|Reflect|p1a: Tapu Koko
|-sidestart|p1: Forwards|Reflect
|
|upkeep
|turn|6
|inactive|Forwards has 120 seconds left.
|j| wdz999
|
|t:|1663401301
|move|p1a: Tapu Koko|Taunt|p2a: Landorus
|-start|p2a: Landorus|move: Taunt
|move|p2a: Landorus|Earthquake|p1a: Tapu Koko
|-supereffective|p1a: Tapu Koko
|-damage|p1a: Tapu Koko|45/100
|
|upkeep
|turn|7
|
|t:|1663401306
|move|p1a: Tapu Koko|Light Screen|p1a: Tapu Koko
|-sidestart|p1: Forwards|move: Light Screen
|move|p2a: Landorus|U-turn|p1a: Tapu Koko
|-resisted|p1a: Tapu Koko
|-damage|p1a: Tapu Koko|39/100
|
|t:|1663401310
|switch|p2a: Rillaboom|Rillaboom, F|100/100|[from]move: U-turn
|-fieldstart|move: Grassy Terrain|[from] ability: Grassy Surge|[of] p2a: Rillaboom
|
|-heal|p1a: Tapu Koko|45/100|[from] Grassy Terrain
|upkeep
|turn|8
|inactive|Forwards has 120 seconds left.
|
|t:|1663401323
|move|p1a: Tapu Koko|U-turn|p2a: Rillaboom
|-supereffective|p2a: Rillaboom
|-damage|p2a: Rillaboom|76/100
|
|t:|1663401325
|switch|p1a: Registeel|Registeel|100/100|[from]move: U-turn
|move|p2a: Rillaboom|Knock Off|p1a: Registeel
|-damage|p1a: Registeel|92/100
|-enditem|p1a: Registeel|Chesto Berry|[from] move: Knock Off|[of] p2a: Rillaboom
|
|-heal|p2a: Rillaboom|82/100|[from] Grassy Terrain
|-heal|p2a: Rillaboom|88/100|[from] item: Leftovers
|-heal|p1a: Registeel|98/100|[from] Grassy Terrain
|upkeep
|turn|9
|
|t:|1663401335
|switch|p2a: Heatran|Heatran, F|100/100
|move|p1a: Registeel|Iron Defense|p1a: Registeel
|-boost|p1a: Registeel|def|2
|
|-heal|p1a: Registeel|100/100|[from] Grassy Terrain
|upkeep
|turn|10
|
|t:|1663401341
|move|p2a: Heatran|Magma Storm|p1a: Registeel
|-supereffective|p1a: Registeel
|-damage|p1a: Registeel|74/100
|-activate|p1a: Registeel|move: Magma Storm|[of] p2a: Heatran
|move|p1a: Registeel|Body Press|p2a: Heatran
|-supereffective|p2a: Heatran
|-damage|p2a: Heatran|9/100
|
|-heal|p2a: Heatran|15/100|[from] Grassy Terrain
|-heal|p2a: Heatran|21/100|[from] item: Leftovers
|-heal|p1a: Registeel|80/100|[from] Grassy Terrain
|-damage|p1a: Registeel|68/100|[from] move: Magma Storm|[partiallytrapped]
|upkeep
|turn|11
|
|t:|1663401346
|move|p2a: Heatran|Taunt|p1a: Registeel
|-start|p1a: Registeel|move: Taunt
|move|p1a: Registeel|Body Press|p2a: Heatran
|-supereffective|p2a: Heatran
|-damage|p2a: Heatran|0 fnt
|faint|p2a: Heatran
|
|-heal|p1a: Registeel|74/100|[from] Grassy Terrain
|-end|p1a: Registeel|Magma Storm|[partiallytrapped]|[silent]
|-fieldend|move: Grassy Terrain
|upkeep
|
|t:|1663401353
|switch|p2a: Landorus|Landorus-Therian, M|100/100
|-ability|p2a: Landorus|Intimidate|boost
|-fail|p1a: Registeel|unboost|[from] ability: Clear Body|[of] p1a: Registeel
|turn|12
|l|☆Forwards
|inactive|Forwards disconnected and has a minute to reconnect!
|player|p1|
|j|☆Forwards
|inactive|Forwards reconnected and has 130 seconds left.
|player|p1|Forwards|rollerskater
|l| wdz999
|inactive|Forwards has 120 seconds left.
|
|t:|1663401388
|move|p2a: Landorus|Earthquake|p1a: Registeel
|-supereffective|p1a: Registeel
|-damage|p1a: Registeel|62/100
|move|p1a: Registeel|Body Press|p2a: Landorus
|-resisted|p2a: Landorus
|-damage|p2a: Landorus|70/100
|
|-heal|p2a: Landorus|76/100|[from] item: Leftovers
|-sideend|p1: Forwards|Reflect
|upkeep
|turn|13
|
|t:|1663401398
|move|p2a: Landorus|Earthquake|p1a: Registeel
|-supereffective|p1a: Registeel
|-damage|p1a: Registeel|38/100
|move|p1a: Registeel|Body Press|p2a: Landorus
|-resisted|p2a: Landorus
|-damage|p2a: Landorus|44/100
|
|-heal|p2a: Landorus|50/100|[from] item: Leftovers
|-end|p1a: Registeel|move: Taunt
|upkeep
|turn|14
|
|t:|1663401411
|move|p2a: Landorus|U-turn|p1a: Registeel
|-resisted|p1a: Registeel
|-damage|p1a: Registeel|35/100
|
|t:|1663401412
|switch|p2a: Kartana|Kartana|31/100|[from]move: U-turn
|move|p1a: Registeel|Rest|p1a: Registeel
|-status|p1a: Registeel|slp|[from] move: Rest
|-heal|p1a: Registeel|100/100 slp|[silent]
|
|-sideend|p1: Forwards|move: Light Screen
|upkeep
|turn|15
|
|t:|1663401414
|move|p2a: Kartana|Sacred Sword|p1a: Registeel
|-supereffective|p1a: Registeel
|-damage|p1a: Registeel|39/100 slp
|cant|p1a: Registeel|slp
|
|upkeep
|turn|16
|
|t:|1663401421
|switch|p2a: Tapu Lele|Tapu Lele|100/100
|-fieldstart|move: Psychic Terrain|[from] ability: Psychic Surge|[of] p2a: Tapu Lele
|cant|p1a: Registeel|slp
|
|upkeep
|turn|17
|
|t:|1663401424
|move|p2a: Tapu Lele|Focus Blast|p1a: Registeel
|-supereffective|p1a: Registeel
|-damage|p1a: Registeel|0 fnt
|faint|p1a: Registeel
|
|upkeep
|
|t:|1663401443
|switch|p1a: Tapu Koko|Tapu Koko|45/100
|-fieldstart|move: Electric Terrain|[from] ability: Electric Surge|[of] p1a: Tapu Koko
|turn|18
|
|t:|1663401446
|switch|p2a: Rillaboom|Rillaboom, F|88/100
|-fieldstart|move: Grassy Terrain|[from] ability: Grassy Surge|[of] p2a: Rillaboom
|move|p1a: Tapu Koko|Reflect|p1a: Tapu Koko
|-sidestart|p1: Forwards|Reflect
|
|-heal|p1a: Tapu Koko|51/100|[from] Grassy Terrain
|-heal|p2a: Rillaboom|94/100|[from] Grassy Terrain
|-heal|p2a: Rillaboom|100/100|[from] item: Leftovers
|upkeep
|turn|19
|
|t:|1663401450
|move|p2a: Rillaboom|Grassy Glide|p1a: Tapu Koko
|-damage|p1a: Tapu Koko|19/100
|move|p1a: Tapu Koko|U-turn|p2a: Rillaboom
|-supereffective|p2a: Rillaboom
|-damage|p2a: Rillaboom|67/100
|
|t:|1663401454
|switch|p1a: Moltres|Moltres-Galar|100/100|[from]move: U-turn
|
|-heal|p2a: Rillaboom|73/100|[from] Grassy Terrain
|-heal|p2a: Rillaboom|79/100|[from] item: Leftovers
|upkeep
|turn|20
|j| KeiserKing
|
|t:|1663401458
|switch|p2a: Hydreigon|Hydreigon, F|100/100
|move|p1a: Moltres|Agility|p1a: Moltres
|-boost|p1a: Moltres|spe|2
|
|upkeep
|turn|21
|
|t:|1663401461
|move|p1a: Moltres|Nasty Plot|p1a: Moltres
|-boost|p1a: Moltres|spa|2
|move|p2a: Hydreigon|Nasty Plot|p2a: Hydreigon
|-boost|p2a: Hydreigon|spa|2
|
|upkeep
|turn|22
|
|t:|1663401464
|move|p1a: Moltres|Air Slash|p2a: Hydreigon
|-damage|p2a: Hydreigon|29/100
|move|p2a: Hydreigon|Draco Meteor|p1a: Moltres
|-damage|p1a: Moltres|0 fnt
|-unboost|p2a: Hydreigon|spa|2
|faint|p1a: Moltres
|-damage|p2a: Hydreigon|19/100|[from] item: Life Orb
|
|-fieldend|move: Grassy Terrain
|upkeep
|
|t:|1663401469
|switch|p1a: Tapu Koko|Tapu Koko|19/100
|-fieldstart|move: Electric Terrain|[from] ability: Electric Surge|[of] p1a: Tapu Koko
|turn|23
|
|t:|1663401474
|switch|p2a: Tapu Lele|Tapu Lele|100/100
|-fieldstart|move: Psychic Terrain|[from] ability: Psychic Surge|[of] p2a: Tapu Lele
|move|p1a: Tapu Koko|U-turn|p2a: Tapu Lele
|-damage|p2a: Tapu Lele|74/100
|
|t:|1663401482
|switch|p1a: Mew|Mew|100/100|[from]move: U-turn
|
|upkeep
|turn|24
|
|t:|1663401487
|switch|p2a: Landorus|Landorus-Therian, M|50/100
|-ability|p2a: Landorus|Intimidate|boost
|-unboost|p1a: Mew|atk|1
|switch|p1a: Tapu Koko|Tapu Koko|19/100
|-fieldstart|move: Electric Terrain|[from] ability: Electric Surge|[of] p1a: Tapu Koko
|
|-heal|p2a: Landorus|56/100|[from] item: Leftovers
|upkeep
|turn|25
|
|t:|1663401492
|switch|p2a: Rillaboom|Rillaboom, F|79/100
|-fieldstart|move: Grassy Terrain|[from] ability: Grassy Surge|[of] p2a: Rillaboom
|move|p1a: Tapu Koko|Light Screen|p1a: Tapu Koko
|-sidestart|p1: Forwards|move: Light Screen
|
|-heal|p1a: Tapu Koko|26/100|[from] Grassy Terrain
|-heal|p2a: Rillaboom|85/100|[from] Grassy Terrain
|-heal|p2a: Rillaboom|91/100|[from] item: Leftovers
|-sideend|p1: Forwards|Reflect
|upkeep
|turn|26
|
|t:|1663401497
|switch|p1a: Mew|Mew|100/100
|move|p2a: Rillaboom|Swords Dance|p2a: Rillaboom
|-boost|p2a: Rillaboom|atk|2
|
|-heal|p2a: Rillaboom|97/100|[from] Grassy Terrain
|-heal|p2a: Rillaboom|100/100|[from] item: Leftovers
|upkeep
|turn|27
|
|t:|1663401499
|switch|p1a: Tapu Koko|Tapu Koko|26/100
|-fieldstart|move: Electric Terrain|[from] ability: Electric Surge|[of] p1a: Tapu Koko
|move|p2a: Rillaboom|Swords Dance|p2a: Rillaboom
|-boost|p2a: Rillaboom|atk|2
|
|upkeep
|turn|28
|
|t:|1663401502
|switch|p2a: Tapu Lele|Tapu Lele|74/100
|-fieldstart|move: Psychic Terrain|[from] ability: Psychic Surge|[of] p2a: Tapu Lele
|move|p1a: Tapu Koko|Reflect|p1a: Tapu Koko
|-sidestart|p1: Forwards|Reflect
|
|upkeep
|turn|29
|
|t:|1663401507
|switch|p2a: Hydreigon|Hydreigon, F|19/100
|switch|p1a: Mew|Mew|100/100
|
|upkeep
|turn|30
|
|t:|1663401519
|switch|p1a: Tapu Koko|Tapu Koko|26/100
|-fieldstart|move: Electric Terrain|[from] ability: Electric Surge|[of] p1a: Tapu Koko
|move|p2a: Hydreigon|Nasty Plot|p2a: Hydreigon
|-boost|p2a: Hydreigon|spa|2
|
|upkeep
|turn|31
|
|t:|1663401522
|switch|p2a: Rillaboom|Rillaboom, F|100/100
|-fieldstart|move: Grassy Terrain|[from] ability: Grassy Surge|[of] p2a: Rillaboom
|move|p1a: Tapu Koko|U-turn|p2a: Rillaboom
|-supereffective|p2a: Rillaboom
|-damage|p2a: Rillaboom|68/100
|
|t:|1663401524
|switch|p1a: Mew|Mew|100/100|[from]move: U-turn
|
|-heal|p2a: Rillaboom|74/100|[from] Grassy Terrain
|-heal|p2a: Rillaboom|80/100|[from] item: Leftovers
|upkeep
|turn|32
|
|t:|1663401527
|switch|p1a: Tapu Koko|Tapu Koko|26/100
|-fieldstart|move: Electric Terrain|[from] ability: Electric Surge|[of] p1a: Tapu Koko
|switch|p2a: Hydreigon|Hydreigon, F|19/100
|
|-sideend|p1: Forwards|move: Light Screen
|upkeep
|turn|33
|
|t:|1663401530
|switch|p2a: Rillaboom|Rillaboom, F|80/100
|-fieldstart|move: Grassy Terrain|[from] ability: Grassy Surge|[of] p2a: Rillaboom
|move|p1a: Tapu Koko|U-turn|p2a: Rillaboom
|-supereffective|p2a: Rillaboom
|-damage|p2a: Rillaboom|43/100
|
|t:|1663401531
|switch|p1a: Mew|Mew|100/100|[from]move: U-turn
|
|-heal|p2a: Rillaboom|49/100|[from] Grassy Terrain
|-heal|p2a: Rillaboom|55/100|[from] item: Leftovers
|upkeep
|turn|34
|
|t:|1663401536
|switch|p1a: Tapu Koko|Tapu Koko|26/100
|-fieldstart|move: Electric Terrain|[from] ability: Electric Surge|[of] p1a: Tapu Koko
|move|p2a: Rillaboom|Drain Punch|p1a: Tapu Koko
|-resisted|p1a: Tapu Koko
|-damage|p1a: Tapu Koko|18/100
|-heal|p2a: Rillaboom|58/100|[from] drain|[of] p1a: Tapu Koko
|
|-heal|p2a: Rillaboom|64/100|[from] item: Leftovers
|upkeep
|turn|35
|
|t:|1663401548
|switch|p2a: Tapu Lele|Tapu Lele|74/100
|-fieldstart|move: Psychic Terrain|[from] ability: Psychic Surge|[of] p2a: Tapu Lele
|move|p1a: Tapu Koko|U-turn|p2a: Tapu Lele
|-damage|p2a: Tapu Lele|47/100
|
|t:|1663401550
|switch|p1a: Mew|Mew|100/100|[from]move: U-turn
|
|-sideend|p1: Forwards|Reflect
|upkeep
|turn|36
|
|t:|1663401553
|move|p2a: Tapu Lele|Future Sight|p1a: Mew
|-start|p2a: Tapu Lele|move: Future Sight
|move|p1a: Mew|Cosmic Power|p1a: Mew
|-boost|p1a: Mew|def|1
|-boost|p1a: Mew|spd|1
|
|upkeep
|turn|37
|
|t:|1663401558
|switch|p2a: Hydreigon|Hydreigon, F|19/100
|switch|p1a: Tapu Koko|Tapu Koko|18/100
|-fieldstart|move: Electric Terrain|[from] ability: Electric Surge|[of] p1a: Tapu Koko
|
|upkeep
|turn|38
|
|t:|1663401567
|switch|p2a: Landorus|Landorus-Therian, M|56/100
|-ability|p2a: Landorus|Intimidate|boost
|-unboost|p1a: Tapu Koko|atk|1
|move|p1a: Tapu Koko|U-turn|p2a: Landorus
|-resisted|p2a: Landorus
|-damage|p2a: Landorus|49/100
|
|t:|1663401577
|switch|p1a: Mew|Mew|100/100|[from]move: U-turn
|
|-end|p1a: Mew|move: Future Sight
|-resisted|p1a: Mew
|-damage|p1a: Mew|73/100
|-heal|p2a: Landorus|55/100|[from] item: Leftovers
|upkeep
|turn|39
|
|t:|1663401582
|move|p1a: Mew|Taunt|p2a: Landorus
|-start|p2a: Landorus|move: Taunt
|cant|p2a: Landorus|move: Taunt|Toxic
|
|-heal|p2a: Landorus|61/100|[from] item: Leftovers
|upkeep
|turn|40
|
|t:|1663401585
|switch|p1a: Tapu Koko|Tapu Koko|18/100
|move|p2a: Landorus|U-turn|p1a: Tapu Koko
|-resisted|p1a: Tapu Koko
|-damage|p1a: Tapu Koko|5/100
|
|t:|1663401589
|switch|p2a: Tapu Lele|Tapu Lele|47/100|[from]move: U-turn
|-fieldstart|move: Psychic Terrain|[from] ability: Psychic Surge|[of] p2a: Tapu Lele
|
|upkeep
|turn|41
|
|t:|1663401593
|move|p2a: Tapu Lele|Moonblast|p1a: Tapu Koko
|-damage|p1a: Tapu Koko|0 fnt
|faint|p1a: Tapu Koko
|
|upkeep
|
|t:|1663401594
|switch|p1a: Mew|Mew|73/100
|turn|42
|-message|Forwards forfeited.
|
|win|Starfire Scarlet
|raw|Forwards's rating: 1744 &rarr; <strong>1724</strong><br />(-20 for losing)
|raw|Starfire Scarlet's rating: 1736 &rarr; <strong>1756</strong><br />(+20 for winning)
|l|☆Forwards
|l|☆Starfire Scarlet
|l| KeiserKing
|l| CCoffeeGuy
|j| CCoffeeGuy
|l| CCoffeeGuy
|j| CCoffeeGuy
