|j|☆Chonk Tomfoolery
|j|☆Steelix Fusion
|t:|1653367607
|gametype|singles
|player|p1|Chonk Tomfoolery|102|1616
|player|p2|Steelix Fusion|marshal|1622
|teamsize|p1|6
|teamsize|p2|6
|gen|8
|tier|[Gen 8] OU
|rated|
|rule|Sleep Clause Mod: Limit one foe put to sleep
|rule|Species Clause: Limit one of each Pokémon
|rule|OHKO Clause: OHKO moves are banned
|rule|Evasion Moves Clause: Evasion moves are banned
|rule|Endless Battle Clause: Forcing endless battles is banned
|rule|HP Percentage Mod: HP is shown in percentages
|rule|Dynamax Clause: You cannot dynamax
|clearpoke
|poke|p1|Kommo-o, F|
|poke|p1|Urshifu-*, M|
|poke|p1|Metagross|
|poke|p1|Zapdos|
|poke|p1|Landorus-Therian, M|
|poke|p1|Clefable, M|
|poke|p2|Ninetales-Alola, F|
|poke|p2|Klefki, F|
|poke|p2|Scolipede, M|
|poke|p2|Weavile, M|
|poke|p2|Steelix, M|
|poke|p2|Gyarados, M|
|teampreview
|inactive|Battle timer is ON: inactive players will automatically lose when time's up. (requested by Steelix Fusion)
|
|t:|1653367621
|start
|switch|p1a: Deep Blue|Metagross, shiny|100/100
|switch|p2a: Klefki|Klefki, F|100/100
|turn|1
|
|t:|1653367625
|move|p2a: Klefki|Reflect|p2a: Klefki
|-sidestart|p2: Steelix Fusion|Reflect
|move|p1a: Deep Blue|Cosmic Power|p1a: Deep Blue
|-boost|p1a: Deep Blue|def|1
|-boost|p1a: Deep Blue|spd|1
|
|upkeep
|turn|2
|
|t:|1653367630
|move|p2a: Klefki|Thunder Wave|p1a: Deep Blue
|-status|p1a: Deep Blue|par
|move|p1a: Deep Blue|Meteor Mash|p2a: Klefki
|-damage|p2a: Klefki|78/100
|-boost|p1a: Deep Blue|atk|1
|
|upkeep
|turn|3
|
|t:|1653367637
|move|p2a: Klefki|Light Screen|p2a: Klefki
|-sidestart|p2: Steelix Fusion|move: Light Screen
|move|p1a: Deep Blue|Cosmic Power|p1a: Deep Blue
|-boost|p1a: Deep Blue|def|1
|-boost|p1a: Deep Blue|spd|1
|
|upkeep
|turn|4
|
|t:|1653367648
|switch|p2a: Ninetales|Ninetales-Alola, F|100/100
|-weather|Hail|[from] ability: Snow Warning|[of] p2a: Ninetales
|move|p1a: Deep Blue|Cosmic Power|p1a: Deep Blue
|-boost|p1a: Deep Blue|def|1
|-boost|p1a: Deep Blue|spd|1
|
|-weather|Hail|[upkeep]
|-damage|p1a: Deep Blue|94/100 par|[from] Hail
|-heal|p1a: Deep Blue|100/100 par|[from] item: Leftovers
|upkeep
|turn|5
|
|t:|1653367658
|move|p2a: Ninetales|Encore|p1a: Deep Blue
|-start|p1a: Deep Blue|Encore
|cant|p1a: Deep Blue|par
|
|-weather|Hail|[upkeep]
|-damage|p1a: Deep Blue|94/100 par|[from] Hail
|-heal|p1a: Deep Blue|100/100 par|[from] item: Leftovers
|upkeep
|turn|6
|
|t:|1653367665
|move|p2a: Ninetales|Aurora Veil|p2a: Ninetales
|-sidestart|p2: Steelix Fusion|move: Aurora Veil
|move|p1a: Deep Blue|Cosmic Power|p1a: Deep Blue
|-boost|p1a: Deep Blue|def|1
|-boost|p1a: Deep Blue|spd|1
|
|-weather|Hail|[upkeep]
|-damage|p1a: Deep Blue|94/100 par|[from] Hail
|-heal|p1a: Deep Blue|100/100 par|[from] item: Leftovers
|upkeep
|turn|7
|
|t:|1653367672
|move|p2a: Ninetales|Freeze-Dry|p1a: Deep Blue
|-resisted|p1a: Deep Blue
|-damage|p1a: Deep Blue|98/100 par
|cant|p1a: Deep Blue|par
|
|-weather|Hail|[upkeep]
|-damage|p1a: Deep Blue|92/100 par|[from] Hail
|-heal|p1a: Deep Blue|98/100 par|[from] item: Leftovers
|-end|p1a: Deep Blue|Encore
|upkeep
|turn|8
|c|☆Chonk Tomfoolery|these don't stack
|c|☆Chonk Tomfoolery|btw
|
|t:|1653367682
|move|p2a: Ninetales|Encore|p1a: Deep Blue
|-start|p1a: Deep Blue|Encore
|move|p1a: Deep Blue|Cosmic Power|p1a: Deep Blue
|-boost|p1a: Deep Blue|def|1
|-boost|p1a: Deep Blue|spd|1
|
|-weather|none
|-heal|p1a: Deep Blue|100/100 par|[from] item: Leftovers
|-sideend|p2: Steelix Fusion|Reflect
|upkeep
|turn|9
|
|t:|1653367690
|switch|p2a: Weavile|Weavile, M|100/100
|-ability|p2a: Weavile|Pressure
|move|p1a: Deep Blue|Cosmic Power|p1a: Deep Blue
|-boost|p1a: Deep Blue|def|1
|-boost|p1a: Deep Blue|spd|1
|
|upkeep
|turn|10
|
|t:|1653367697
|move|p2a: Weavile|Swords Dance|p2a: Weavile
|-boost|p2a: Weavile|atk|2
|move|p1a: Deep Blue|Cosmic Power|p1a: Deep Blue
|-boost|p1a: Deep Blue|def|0
|-boost|p1a: Deep Blue|spd|0
|
|-end|p1a: Deep Blue|Encore
|-sideend|p2: Steelix Fusion|move: Light Screen
|upkeep
|turn|11
|
|t:|1653367704
|move|p2a: Weavile|Knock Off|p1a: Deep Blue
|-supereffective|p1a: Deep Blue
|-damage|p1a: Deep Blue|46/100 par
|-enditem|p1a: Deep Blue|Leftovers|[from] move: Knock Off|[of] p2a: Weavile
|-damage|p2a: Weavile|91/100|[from] item: Life Orb
|move|p1a: Deep Blue|Meteor Mash|p2a: Weavile
|-supereffective|p2a: Weavile
|-damage|p2a: Weavile|0 fnt
|faint|p2a: Weavile
|
|upkeep
|
|t:|1653367720
|switch|p2a: Steelix|Steelix, M, shiny|100/100
|turn|12
|
|t:|1653367730
|switch|p1a: Charlie|Urshifu-Rapid-Strike, M|100/100
|move|p2a: Steelix|Substitute|p2a: Steelix
|-start|p2a: Steelix|Substitute
|-damage|p2a: Steelix|76/100
|
|-heal|p2a: Steelix|82/100|[from] item: Leftovers
|upkeep
|turn|13
|
|t:|1653367744
|switch|p2a: Klefki|Klefki, F|78/100
|move|p1a: Charlie|Taunt|p2a: Klefki
|-start|p2a: Klefki|move: Taunt
|
|-sideend|p2: Steelix Fusion|move: Aurora Veil
|upkeep
|turn|14
|
|t:|1653367750
|switch|p2a: Ninetales|Ninetales-Alola, F|100/100
|-weather|Hail|[from] ability: Snow Warning|[of] p2a: Ninetales
|move|p1a: Charlie|Whirlpool|p2a: Ninetales
|-damage|p2a: Ninetales|91/100
|-activate|p2a: Ninetales|move: Whirlpool|[of] p1a: Charlie
|
|-weather|Hail|[upkeep]
|-damage|p1a: Charlie|94/100|[from] Hail
|-heal|p1a: Charlie|100/100|[from] item: Leftovers
|-damage|p2a: Ninetales|79/100|[from] move: Whirlpool|[partiallytrapped]
|upkeep
|turn|15
|c|☆Steelix Fusion|whirpool?
|
|t:|1653367760
|move|p2a: Ninetales|Freeze-Dry|p1a: Charlie
|-supereffective|p1a: Charlie
|-damage|p1a: Charlie|37/100
|move|p1a: Charlie|Close Combat|p2a: Ninetales
|-damage|p2a: Ninetales|3/100
|-unboost|p1a: Charlie|def|1
|-unboost|p1a: Charlie|spd|1
|
|-weather|Hail|[upkeep]
|-damage|p1a: Charlie|31/100|[from] Hail
|-heal|p1a: Charlie|37/100|[from] item: Leftovers
|-damage|p2a: Ninetales|0 fnt|[from] move: Whirlpool|[partiallytrapped]
|faint|p2a: Ninetales
|upkeep
|
|t:|1653367772
|switch|p2a: Gyarados|Gyarados, M, shiny|100/100
|turn|16
|c|☆Chonk Tomfoolery|traps pex
|
|t:|1653367777
|move|p1a: Charlie|Thunder Punch|p2a: Gyarados
|-supereffective|p2a: Gyarados
|-damage|p2a: Gyarados|0 fnt
|faint|p2a: Gyarados
|
|-weather|Hail|[upkeep]
|-damage|p1a: Charlie|31/100|[from] Hail
|-heal|p1a: Charlie|37/100|[from] item: Leftovers
|upkeep
|
|t:|1653367785
|switch|p2a: Scolipede|Scolipede, M|100/100
|turn|17
|
|t:|1653367791
|switch|p1a: Chidori|Zapdos|100/100
|move|p2a: Scolipede|Swords Dance|p2a: Scolipede
|-boost|p2a: Scolipede|atk|2
|
|-weather|Hail|[upkeep]
|-damage|p2a: Scolipede|94/100|[from] Hail
|-damage|p1a: Chidori|94/100|[from] Hail
|-ability|p2a: Scolipede|Speed Boost|boost
|-boost|p2a: Scolipede|spe|1
|upkeep
|turn|18
|
|t:|1653367808
|move|p2a: Scolipede|Poison Jab|p1a: Chidori
|-damage|p1a: Chidori|0 fnt
|faint|p1a: Chidori
|-damage|p2a: Scolipede|84/100|[from] item: Life Orb
|
|-weather|none
|-ability|p2a: Scolipede|Speed Boost|boost
|-boost|p2a: Scolipede|spe|1
|upkeep
|
|t:|1653367813
|switch|p1a: Simba|Landorus-Therian, M|100/100
|-ability|p1a: Simba|Intimidate|boost
|-unboost|p2a: Scolipede|atk|1
|turn|19
|
|t:|1653367817
|switch|p1a: Deep Blue|Metagross, shiny|46/100 par
|move|p2a: Scolipede|Aqua Tail|p1a: Deep Blue
|-damage|p1a: Deep Blue|5/100 par
|-damage|p2a: Scolipede|74/100|[from] item: Life Orb
|
|-ability|p2a: Scolipede|Speed Boost|boost
|-boost|p2a: Scolipede|spe|1
|upkeep
|turn|20
|
|t:|1653367825
|move|p2a: Scolipede|Earthquake|p1a: Deep Blue
|-supereffective|p1a: Deep Blue
|-damage|p1a: Deep Blue|0 fnt
|faint|p1a: Deep Blue
|-damage|p2a: Scolipede|64/100|[from] item: Life Orb
|
|-ability|p2a: Scolipede|Speed Boost|boost
|-boost|p2a: Scolipede|spe|1
|upkeep
|
|t:|1653367827
|switch|p1a: Simba|Landorus-Therian, M|100/100
|-ability|p1a: Simba|Intimidate|boost
|-unboost|p2a: Scolipede|atk|1
|turn|21
|
|t:|1653367835
|move|p2a: Scolipede|Aqua Tail|p1a: Simba
|-supereffective|p1a: Simba
|-damage|p1a: Simba|8/100
|-damage|p2a: Scolipede|55/100|[from] item: Life Orb
|move|p1a: Simba|Earthquake|p2a: Scolipede
|-damage|p2a: Scolipede|0 fnt
|faint|p2a: Scolipede
|
|upkeep
|
|t:|1653367842
|switch|p2a: Klefki|Klefki, F|78/100
|turn|22
|
|t:|1653367846
|move|p2a: Klefki|Reflect|p2a: Klefki
|-sidestart|p2: Steelix Fusion|Reflect
|move|p1a: Simba|Earthquake|p2a: Klefki
|-supereffective|p2a: Klefki
|-damage|p2a: Klefki|25/100
|
|upkeep
|turn|23
|
|t:|1653367850
|move|p2a: Klefki|Light Screen|p2a: Klefki
|-sidestart|p2: Steelix Fusion|move: Light Screen
|move|p1a: Simba|Earthquake|p2a: Klefki
|-supereffective|p2a: Klefki
|-damage|p2a: Klefki|0 fnt
|faint|p2a: Klefki
|
|upkeep
|
|t:|1653367855
|switch|p2a: Steelix|Steelix, M, shiny|82/100
|turn|24
|
|t:|1653367859
|switch|p1a: Charlie|Urshifu-Rapid-Strike, M|37/100
|move|p2a: Steelix|Iron Defense|p2a: Steelix
|-boost|p2a: Steelix|def|2
|
|-heal|p1a: Charlie|43/100|[from] item: Leftovers
|-heal|p2a: Steelix|88/100|[from] item: Leftovers
|upkeep
|turn|25
|
|t:|1653367868
|move|p1a: Charlie|Taunt|p2a: Steelix
|-start|p2a: Steelix|move: Taunt
|cant|p2a: Steelix|move: Taunt|Iron Defense
|
|-heal|p1a: Charlie|50/100|[from] item: Leftovers
|-heal|p2a: Steelix|94/100|[from] item: Leftovers
|upkeep
|turn|26
|c|☆Steelix Fusion|dont matter now
|
|t:|1653367882
|switch|p1a: Simba|Landorus-Therian, M|8/100
|-ability|p1a: Simba|Intimidate|boost
|-unboost|p2a: Steelix|atk|1
|move|p2a: Steelix|Body Press|p1a: Simba
|-resisted|p1a: Simba
|-damage|p1a: Simba|0 fnt
|faint|p1a: Simba
|
|-heal|p2a: Steelix|100/100|[from] item: Leftovers
|upkeep
|
|t:|1653367884
|switch|p1a: Bubblegum|Clefable, M|100/100
|turn|27
|
|t:|1653367892
|move|p1a: Bubblegum|Trick|p2a: Steelix
|-activate|p1a: Bubblegum|move: Trick|[of] p2a: Steelix
|-item|p2a: Steelix|Sticky Barb|[from] move: Trick
|-item|p1a: Bubblegum|Leftovers|[from] move: Trick
|move|p2a: Steelix|Heavy Slam|p1a: Bubblegum
|-supereffective|p1a: Bubblegum
|-damage|p1a: Bubblegum|62/100
|
|-heal|p1a: Bubblegum|68/100|[from] item: Leftovers
|-end|p2a: Steelix|move: Taunt
|-damage|p2a: Steelix|88/100|[from] item: Sticky Barb
|upkeep
|turn|28
|
|t:|1653367902
|move|p1a: Bubblegum|Wish|p1a: Bubblegum
|move|p2a: Steelix|Iron Defense|p2a: Steelix
|-boost|p2a: Steelix|def|2
|
|-heal|p1a: Bubblegum|74/100|[from] item: Leftovers
|-damage|p2a: Steelix|76/100|[from] item: Sticky Barb
|upkeep
|turn|29
|
|t:|1653367908
|move|p2a: Steelix|Iron Defense|p2a: Steelix
|-boost|p2a: Steelix|def|2
|move|p1a: Bubblegum|Teleport|p1a: Bubblegum
|
|t:|1653367912
|switch|p1a: Charlie|Urshifu-Rapid-Strike, M|50/100|[from]move: Teleport
|
|-heal|p1a: Charlie|100/100|[from] move: Wish|[wisher] Bubblegum
|-sideend|p2: Steelix Fusion|Reflect
|-damage|p2a: Steelix|63/100|[from] item: Sticky Barb
|upkeep
|turn|30
|
|t:|1653367927
|move|p1a: Charlie|Close Combat|p2a: Steelix
|-supereffective|p2a: Steelix
|-damage|p2a: Steelix|46/100
|-unboost|p1a: Charlie|def|1
|-unboost|p1a: Charlie|spd|1
|move|p2a: Steelix|Body Press|p1a: Charlie
|-damage|p1a: Charlie|0 fnt
|faint|p1a: Charlie
|
|-sideend|p2: Steelix Fusion|move: Light Screen
|-damage|p2a: Steelix|33/100|[from] item: Sticky Barb
|upkeep
|
|t:|1653367936
|switch|p1a: Khal Drago|Kommo-o, F|100/100
|turn|31
|
|t:|1653367950
|move|p1a: Khal Drago|Clanging Scales|p2a: Steelix
|-resisted|p2a: Steelix
|-damage|p2a: Steelix|11/100
|-unboost|p1a: Khal Drago|def|1
|-enditem|p1a: Khal Drago|Throat Spray
|-boost|p1a: Khal Drago|spa|1|[from] item: Throat Spray
|move|p2a: Steelix|Body Press|p1a: Khal Drago
|-damage|p1a: Khal Drago|0 fnt
|faint|p1a: Khal Drago
|
|-damage|p2a: Steelix|0 fnt|[from] item: Sticky Barb
|faint|p2a: Steelix
|
|win|Chonk Tomfoolery
|upkeep
|raw|Chonk Tomfoolery's rating: 1616 &rarr; <strong>1636</strong><br />(+20 for winning)
|raw|Steelix Fusion's rating: 1622 &rarr; <strong>1602</strong><br />(-20 for losing)
|c|☆Chonk Tomfoolery|gg
