|j|☆Mimikyu Stardust
|j|☆roboPOKE
|t:|1624538699
|gametype|singles
|player|p1|Mimikyu Stardust|lillie-z|1666
|player|p2|roboPOKE|265|1764
|teamsize|p1|6
|teamsize|p2|6
|gen|8
|tier|[Gen 8] OU
|rated|
|rule|Sleep Clause Mod: Limit one foe put to sleep
|rule|Species Clause: Limit one of each Pokémon
|rule|OHKO Clause: OHKO moves are banned
|rule|Evasion Moves Clause: Evasion moves are banned
|rule|Endless Battle Clause: Forcing endless battles is banned
|rule|HP Percentage Mod: HP is shown in percentages
|rule|Dynamax Clause: You cannot dynamax
|clearpoke
|poke|p1|Raboot, M|
|poke|p1|Polteageist-Antique|
|poke|p1|Garchomp, F|
|poke|p1|Mandibuzz, F|
|poke|p1|Tapu Lele|
|poke|p1|Magnezone|
|poke|p2|Corviknight, M|
|poke|p2|Sandaconda, F|
|poke|p2|Slowking, M|
|poke|p2|Tapu Koko|
|poke|p2|Hawlucha, F|
|poke|p2|Buzzwole|
|teampreview
|
|t:|1624538708
|start
|switch|p1a: PollenPuffGirl|Tapu Lele|100/100
|switch|p2a: Sandaconda|Sandaconda, F|100/100
|-fieldstart|move: Psychic Terrain|[from] ability: Psychic Surge|[of] p1a: PollenPuffGirl
|turn|1
|inactive|Battle timer is ON: inactive players will automatically lose when time's up. (requested by roboPOKE)
|c|☆roboPOKE|is that a jojo reference?
|j| Noob2021
|inactive|Mimikyu Stardust has 120 seconds left.
|j| Idiotchamp
|c|☆Mimikyu Stardust|no?
|
|t:|1624538756
|move|p1a: PollenPuffGirl|Psychic|p2a: Sandaconda
|-enditem|p2a: Sandaconda|Focus Sash
|-damage|p2a: Sandaconda|1/100
|-weather|Sandstorm|[from] ability: Sand Spit|[of] p2a: Sandaconda
|move|p2a: Sandaconda|Glare|p1a: PollenPuffGirl
|-status|p1a: PollenPuffGirl|par
|
|-weather|Sandstorm|[upkeep]
|-damage|p1a: PollenPuffGirl|94/100 par|[from] Sandstorm
|upkeep
|turn|2
|c|☆Mimikyu Stardust|why do people keep saying that lol
|inactive|roboPOKE has 120 seconds left.
|c|☆roboPOKE|Stardust Crusaders
|j| Count Riario
|
|t:|1624538811
|move|p2a: Sandaconda|Stealth Rock|p1a: PollenPuffGirl
|-sidestart|p1: Mimikyu Stardust|move: Stealth Rock
|move|p1a: PollenPuffGirl|Psychic|p2a: Sandaconda
|-damage|p2a: Sandaconda|0 fnt
|faint|p2a: Sandaconda
|
|-weather|Sandstorm|[upkeep]
|-damage|p1a: PollenPuffGirl|88/100 par|[from] Sandstorm
|upkeep
|
|t:|1624538824
|switch|p2a: Slowking|Slowking, M|100/100
|turn|3
|
|t:|1624538834
|switch|p1a: Mori Calliope|Mandibuzz, F|100/100
|move|p2a: Slowking|Teleport|p2a: Slowking
|
|t:|1624538839
|switch|p2a: Tapu Koko|Tapu Koko|100/100|[from]move: Teleport
|-fieldstart|move: Electric Terrain|[from] ability: Electric Surge|[of] p2a: Tapu Koko
|
|-weather|Sandstorm|[upkeep]
|-damage|p2a: Tapu Koko|94/100|[from] Sandstorm
|upkeep
|turn|4
|
|t:|1624538843
|move|p2a: Tapu Koko|Thunderbolt|p1a: Mori Calliope
|-supereffective|p1a: Mori Calliope
|-damage|p1a: Mori Calliope|24/100
|move|p1a: Mori Calliope|Defog|p2a: Tapu Koko
|-unboost|p2a: Tapu Koko|evasion|1
|-sideend|p1: Mimikyu Stardust|Stealth Rock|[from] move: Defog|[of] p1a: Mori Calliope
|-fieldend|move: Electric Terrain
|
|-weather|Sandstorm|[upkeep]
|-damage|p2a: Tapu Koko|88/100|[from] Sandstorm
|upkeep
|turn|5
|
|t:|1624538847
|switch|p1a: Blue Eyes White|Magnezone, shiny|100/100
|move|p2a: Tapu Koko|Dazzling Gleam|p1a: Blue Eyes White
|-resisted|p1a: Blue Eyes White
|-damage|p1a: Blue Eyes White|81/100
|
|-weather|none
|upkeep
|turn|6
|
|t:|1624538853
|move|p2a: Tapu Koko|Thunderbolt|p1a: Blue Eyes White
|-resisted|p1a: Blue Eyes White
|-damage|p1a: Blue Eyes White|61/100
|move|p1a: Blue Eyes White|Flash Cannon|p2a: Tapu Koko
|-damage|p2a: Tapu Koko|22/100
|
|upkeep
|turn|7
|
|t:|1624538861
|move|p2a: Tapu Koko|Roost|p2a: Tapu Koko
|-heal|p2a: Tapu Koko|72/100
|-singleturn|p2a: Tapu Koko|move: Roost
|move|p1a: Blue Eyes White|Flash Cannon|p2a: Tapu Koko
|-damage|p2a: Tapu Koko|3/100
|
|upkeep
|turn|8
|
|t:|1624538865
|switch|p2a: Slowking|Slowking, M|100/100
|move|p1a: Blue Eyes White|Flash Cannon|p2a: Slowking
|-resisted|p2a: Slowking
|-damage|p2a: Slowking|87/100
|
|upkeep
|turn|9
|
|t:|1624538868
|move|p1a: Blue Eyes White|Substitute|p1a: Blue Eyes White
|-start|p1a: Blue Eyes White|Substitute
|-damage|p1a: Blue Eyes White|36/100
|move|p2a: Slowking|Teleport|p2a: Slowking
|
|t:|1624538875
|switch|p2a: Tapu Koko|Tapu Koko|3/100|[from]move: Teleport
|-fieldstart|move: Electric Terrain|[from] ability: Electric Surge|[of] p2a: Tapu Koko
|
|upkeep
|turn|10
|
|t:|1624538883
|move|p2a: Tapu Koko|Thunderbolt|p1a: Blue Eyes White
|-resisted|p1a: Blue Eyes White
|-end|p1a: Blue Eyes White|Substitute
|move|p1a: Blue Eyes White|Flash Cannon|p2a: Tapu Koko
|-damage|p2a: Tapu Koko|0 fnt
|faint|p2a: Tapu Koko
|
|upkeep
|
|t:|1624538897
|switch|p2a: Hawlucha|Hawlucha, F|100/100
|-enditem|p2a: Hawlucha|Electric Seed
|-boost|p2a: Hawlucha|def|1|[from] item: Electric Seed
|turn|11
|
|t:|1624538901
|move|p2a: Hawlucha|Close Combat|p1a: Blue Eyes White
|-supereffective|p1a: Blue Eyes White
|-damage|p1a: Blue Eyes White|0 fnt
|-unboost|p2a: Hawlucha|def|1
|-unboost|p2a: Hawlucha|spd|1
|faint|p1a: Blue Eyes White
|
|upkeep
|
|t:|1624538905
|switch|p1a: Genie|Polteageist-Antique|100/100
|turn|12
|j| Nathanic
|
|t:|1624538908
|move|p2a: Hawlucha|Stone Edge|p1a: Genie
|-damage|p1a: Genie|41/100
|-ability|p1a: Genie|Weak Armor|boost
|-unboost|p1a: Genie|def|1
|-boost|p1a: Genie|spe|2
|move|p1a: Genie|Shell Smash|p1a: Genie
|-unboost|p1a: Genie|def|1
|-unboost|p1a: Genie|spd|1
|-boost|p1a: Genie|atk|2
|-boost|p1a: Genie|spa|2
|-boost|p1a: Genie|spe|2
|
|upkeep
|turn|13
|c|☆roboPOKE|oh tat also counts?
|c|☆roboPOKE|thought only contact moves
|c|☆Mimikyu Stardust|!dt weak armor
|raw|<ul class="utilichart"><li class="result"><span class="col namecol"><a href="https://dex.pokemonshowdown.com/abilities/weakarmor">Weak Armor</a></span> <span class="col abilitydesccol">If a physical attack hits this Pokemon, Defense is lowered by 1, Speed is raised by 2.</span> </li><li style="clear:both"></li></ul>
|raw|<font size="1"><font color="#686868">Gen:</font> 5</font>

|c|☆Mimikyu Stardust|physical
|
|t:|1624538935
|move|p1a: Genie|Shadow Ball|p2a: Hawlucha
|-damage|p2a: Hawlucha|0 fnt
|faint|p2a: Hawlucha
|
|-fieldend|move: Electric Terrain
|upkeep
|
|t:|1624538938
|switch|p2a: Slowking|Slowking, M|100/100
|turn|14
|
|t:|1624538941
|move|p1a: Genie|Shadow Ball|p2a: Slowking
|-supereffective|p2a: Slowking
|-damage|p2a: Slowking|0 fnt
|faint|p2a: Slowking
|
|upkeep
|c|☆roboPOKE|gg
|-message|roboPOKE forfeited.
|
|win|Mimikyu Stardust
|raw|Mimikyu Stardust's rating: 1666 &rarr; <strong>1691</strong><br />(+25 for winning)
|raw|roboPOKE's rating: 1764 &rarr; <strong>1739</strong><br />(-25 for losing)
|l|☆roboPOKE
|l| Nathanic
|l| Noob2021
