|raw|<div class="broadcast-blue"><strong>This battle is required to be public due to a player having a name prefixed by 'LT72MS'.</div>
|j|☆relic stone
|j|☆lt72m samqian
|t:|1597980289
|player|p1|relic stone|lusamine-nihilego|1932
|player|p2|lt72m samqian|170|1959
|teamsize|p1|6
|teamsize|p2|6
|gametype|singles
|gen|8
|tier|[Gen 8] OU
|rated|
|clearpoke
|poke|p1|Torkoal, M|
|poke|p1|Venusaur, M|
|poke|p1|Excadrill, M|
|poke|p1|Shiftry, M|
|poke|p1|Togekiss, M|
|poke|p1|Kyurem|
|poke|p2|Clefable, F|
|poke|p2|Rotom-Heat|
|poke|p2|Primarina, M|
|poke|p2|Bisharp, F|
|poke|p2|Skarmory, M|
|poke|p2|Zeraora|
|rule|Sleep Clause Mod: Limit one foe put to sleep
|rule|Species Clause: Limit one of each Pokémon
|rule|OHKO Clause: OHKO moves are banned
|rule|Evasion Moves Clause: Evasion moves are banned
|rule|Endless Battle Clause: Forcing endless battles is banned
|rule|HP Percentage Mod: HP is shown in percentages
|rule|Dynamax Clause: You cannot dynamax
|teampreview
|j| YUZMV
|j| LT72MS Lyster
|j| sugarhigh
|c|☆relic stone|hf
|j| Lednah
|
|t:|1597980304
|start
|switch|p1a: Mt. Ember|Torkoal, M|100/100
|switch|p2a: Primarina|Primarina, M|100/100
|-weather|SunnyDay|[from] ability: Drought|[of] p1a: Mt. Ember
|turn|1
|
|t:|1597980308
|move|p2a: Primarina|Substitute|p2a: Primarina
|-start|p2a: Primarina|Substitute
|-damage|p2a: Primarina|76/100
|move|p1a: Mt. Ember|Stealth Rock|p2a: Primarina
|-sidestart|p2: lt72m samqian|move: Stealth Rock
|
|-weather|SunnyDay|[upkeep]
|-heal|p2a: Primarina|82/100|[from] item: Leftovers
|upkeep
|turn|2
|
|t:|1597980311
|switch|p1a: Rex|Venusaur, M|100/100
|move|p2a: Primarina|Scald|p1a: Rex
|-resisted|p1a: Rex
|-damage|p1a: Rex|92/100
|
|-weather|SunnyDay|[upkeep]
|-heal|p2a: Primarina|88/100|[from] item: Leftovers
|upkeep
|turn|3
|j| LT72MS Lets
|
|t:|1597980313
|move|p1a: Rex|Giga Drain|p2a: Primarina
|-supereffective|p2a: Primarina
|-end|p2a: Primarina|Substitute
|-heal|p1a: Rex|100/100|[from] drain|[of] p2a: Primarina
|-damage|p1a: Rex|91/100|[from] item: Life Orb
|move|p2a: Primarina|Scald|p1a: Rex
|-resisted|p1a: Rex
|-damage|p1a: Rex|82/100
|
|-weather|SunnyDay|[upkeep]
|-heal|p2a: Primarina|94/100|[from] item: Leftovers
|upkeep
|turn|4
|
|t:|1597980319
|switch|p1a: Kyotaro|Kyurem, shiny|100/100
|-ability|p1a: Kyotaro|Pressure
|switch|p2a: Rotom|Rotom-Heat|100/100
|
|-weather|SunnyDay|[upkeep]
|upkeep
|turn|5
|j| Bunny Girl Mai
|
|t:|1597980323
|switch|p2a: Clefable|Clefable, F|100/100
|move|p1a: Kyotaro|Ice Beam|p2a: Clefable
|-crit|p2a: Clefable
|-damage|p2a: Clefable|0 fnt
|faint|p2a: Clefable
|
|-weather|SunnyDay|[upkeep]
|upkeep
|c|☆lt72m samqian|lol
|j| Sugar K Leonard
|
|t:|1597980335
|switch|p2a: Bisharp|Bisharp, F|100/100
|-damage|p2a: Bisharp|94/100|[from] Stealth Rock
|turn|6
|
|t:|1597980339
|move|p1a: Kyotaro|Ice Beam|p2a: Bisharp
|-resisted|p2a: Bisharp
|-damage|p2a: Bisharp|33/100
|move|p2a: Bisharp|Swords Dance|p2a: Bisharp
|-boost|p2a: Bisharp|atk|2
|
|-weather|SunnyDay|[upkeep]
|upkeep
|turn|7
|
|t:|1597980344
|switch|p1a: Cloud n1n3|Togekiss, M|100/100
|move|p2a: Bisharp|Sucker Punch||[still]
|-fail|p2a: Bisharp
|
|-weather|SunnyDay|[upkeep]
|upkeep
|turn|8
|
|t:|1597980347
|switch|p2a: Rotom|Rotom-Heat|100/100
|move|p1a: Cloud n1n3|Flamethrower|p2a: Rotom
|-resisted|p2a: Rotom
|-damage|p2a: Rotom|83/100
|
|-weather|none
|upkeep
|turn|9
|
|t:|1597980350
|switch|p1a: Impaler|Excadrill, M, shiny|100/100
|-ability|p1a: Impaler|Mold Breaker
|move|p2a: Rotom|Overheat|p1a: Impaler
|-supereffective|p1a: Impaler
|-damage|p1a: Impaler|0 fnt
|-unboost|p2a: Rotom|spa|2
|faint|p1a: Impaler
|
|upkeep
|
|t:|1597980352
|switch|p1a: Kyotaro|Kyurem, shiny|100/100
|-ability|p1a: Kyotaro|Pressure
|turn|10
|
|t:|1597980356
|switch|p2a: Primarina|Primarina, M|94/100
|-damage|p2a: Primarina|81/100|[from] Stealth Rock
|move|p1a: Kyotaro|Freeze-Dry|p2a: Primarina
|-supereffective|p2a: Primarina
|-damage|p2a: Primarina|0 fnt
|faint|p2a: Primarina
|
|upkeep
|j| LT72MS ade50
|
|t:|1597980361
|switch|p2a: Rotom|Rotom-Heat|83/100
|turn|11
|
|t:|1597980364
|move|p1a: Kyotaro|Freeze-Dry|p2a: Rotom
|-resisted|p2a: Rotom
|-damage|p2a: Rotom|60/100
|-status|p2a: Rotom|frz
|cant|p2a: Rotom|frz
|
|upkeep
|turn|12
|j| LT72MS FLEXMAN
|c|☆lt72m samqian|are u fucking kidding me
|
|t:|1597980370
|switch|p1a: Mt. Ember|Torkoal, M|100/100
|-weather|SunnyDay|[from] ability: Drought|[of] p1a: Mt. Ember
|cant|p2a: Rotom|frz
|
|-weather|SunnyDay|[upkeep]
|upkeep
|turn|13
|c|☆relic stone|ye thats fuckin stupid
|
|t:|1597980380
|switch|p1a: Kyotaro|Kyurem, shiny|100/100
|-ability|p1a: Kyotaro|Pressure
|cant|p2a: Rotom|frz
|
|-weather|SunnyDay|[upkeep]
|upkeep
|turn|14
|
|t:|1597980382
|move|p1a: Kyotaro|Draco Meteor|p2a: Rotom
|-damage|p2a: Rotom|0 fnt
|-unboost|p1a: Kyotaro|spa|2
|faint|p2a: Rotom
|
|-weather|SunnyDay|[upkeep]
|upkeep
|c|☆lt72m samqian|fuck off
|c|☆lt72m samqian|every fucking game against u
|c|☆relic stone|lool
|-message|lt72m samqian forfeited.
|
|win|relic stone
|l|☆lt72m samqian
|l| LT72MS FLEXMAN
