|html|<div class="broadcast-blue"><strong>[Gen 8] OU is currently suspecting Melmetal! For information on how to participate check out the <a href="https://www.smogon.com/forums/threads/np-ss-ou-suspect-process-round-12-monster-mash.3709234/">suspect thread</a>.</strong></div>
|j|☆Kaleor
|j|☆Down$pook
|t:|1666625403
|gametype|singles
|player|p1|Kaleor|swimmer-gen4dp|1734
|player|p2|Down$pook|teamrocket|1795
|teamsize|p1|6
|teamsize|p2|6
|gen|8
|tier|[Gen 8] OU
|rated|
|rule|Sleep Clause Mod: Limit one foe put to sleep
|rule|Species Clause: Limit one of each Pokémon
|rule|OHKO Clause: OHKO moves are banned
|rule|Evasion Items Clause: Evasion items are banned
|rule|Evasion Moves Clause: Evasion moves are banned
|rule|Endless Battle Clause: Forcing endless battles is banned
|rule|HP Percentage Mod: HP is shown in percentages
|rule|Dynamax Clause: You cannot dynamax
|clearpoke
|poke|p1|Excadrill, M|
|poke|p1|Blaziken, M|
|poke|p1|Polteageist|
|poke|p1|Moltres-Galar|
|poke|p1|Garchomp, M|
|poke|p1|Kartana|
|poke|p2|Regieleki|
|poke|p2|Tapu Koko|
|poke|p2|Landorus-Therian, M|
|poke|p2|Tyranitar, M|
|poke|p2|Amoonguss, M|
|poke|p2|Corviknight, M|
|teampreview
|inactive|Battle timer is ON: inactive players will automatically lose when time's up. (requested by Kaleor)
|
|t:|1666625419
|start
|switch|p1a: Excadrill|Excadrill, M|100/100
|switch|p2a: LandOUrus-T|Landorus-Therian, M|100/100
|-ability|p1a: Excadrill|Mold Breaker
|-ability|p2a: LandOUrus-T|Intimidate|boost
|-unboost|p1a: Excadrill|atk|1
|turn|1
|j| Swag like Ohio
|
|t:|1666625424
|move|p1a: Excadrill|Rapid Spin|p2a: LandOUrus-T
|-damage|p2a: LandOUrus-T|89/100
|-boost|p1a: Excadrill|spe|1
|move|p2a: LandOUrus-T|Earthquake|p1a: Excadrill
|-supereffective|p1a: Excadrill
|-enditem|p1a: Excadrill|Focus Sash
|-damage|p1a: Excadrill|1/100
|
|-heal|p2a: LandOUrus-T|95/100|[from] item: Leftovers
|upkeep
|turn|2
|
|t:|1666625430
|move|p1a: Excadrill|Stealth Rock|p2a: LandOUrus-T
|-sidestart|p2: Down$pook|move: Stealth Rock
|move|p2a: LandOUrus-T|Stealth Rock|p1a: Excadrill
|-sidestart|p1: Kaleor|move: Stealth Rock
|
|-heal|p2a: LandOUrus-T|100/100|[from] item: Leftovers
|upkeep
|turn|3
|
|t:|1666625434
|switch|p2a: AMOGUS|Amoonguss, M|100/100
|-damage|p2a: AMOGUS|88/100|[from] Stealth Rock
|move|p1a: Excadrill|Rapid Spin|p2a: AMOGUS
|-damage|p2a: AMOGUS|78/100
|-boost|p1a: Excadrill|spe|1
|-damage|p1a: Excadrill|0 fnt|[from] item: Rocky Helmet|[of] p2a: AMOGUS
|faint|p1a: Excadrill
|
|upkeep
|
|t:|1666625436
|switch|p1a: Blaziken|Blaziken, M|100/100
|-damage|p1a: Blaziken|88/100|[from] Stealth Rock
|turn|4
|
|t:|1666625442
|move|p1a: Blaziken|Flare Blitz|p2a: AMOGUS
|-supereffective|p2a: AMOGUS
|-damage|p2a: AMOGUS|0 fnt
|-damage|p1a: Blaziken|72/100|[from] item: Rocky Helmet|[of] p2a: AMOGUS
|faint|p2a: AMOGUS
|-damage|p1a: Blaziken|35/100|[from] Recoil
|-damage|p1a: Blaziken|25/100|[from] item: Life Orb
|
|-ability|p1a: Blaziken|Speed Boost|boost
|-boost|p1a: Blaziken|spe|1
|upkeep
|
|t:|1666625446
|switch|p2a: Tapu OHKO|Tapu Koko|100/100
|-damage|p2a: Tapu OHKO|88/100|[from] Stealth Rock
|-fieldstart|move: Electric Terrain|[from] ability: Electric Surge|[of] p2a: Tapu OHKO
|turn|5
|j| Congwuyu
|
|t:|1666625457
|move|p1a: Blaziken|Protect|p1a: Blaziken
|-singleturn|p1a: Blaziken|Protect
|move|p2a: Tapu OHKO|Volt Switch|p1a: Blaziken
|-activate|p1a: Blaziken|move: Protect
|
|-ability|p1a: Blaziken|Speed Boost|boost
|-boost|p1a: Blaziken|spe|1
|upkeep
|turn|6
|
|t:|1666625460
|move|p2a: Tapu OHKO|Volt Switch|p1a: Blaziken
|-damage|p1a: Blaziken|0 fnt
|faint|p1a: Blaziken
|
|t:|1666625468
|switch|p2a: House of Pain|Regieleki|100/100|[from]move: Volt Switch
|-damage|p2a: House of Pain|88/100|[from] Stealth Rock
|
|upkeep
|
|t:|1666625474
|switch|p1a: Garchomp|Garchomp, M|100/100
|-damage|p1a: Garchomp|94/100|[from] Stealth Rock
|turn|7
|
|t:|1666625476
|move|p2a: House of Pain|Explosion|p1a: Garchomp
|-damage|p1a: Garchomp|0 fnt
|faint|p2a: House of Pain
|faint|p1a: Garchomp
|
|upkeep
|
|t:|1666625486
|switch|p2a: Tapu OHKO|Tapu Koko|88/100
|switch|p1a: Polteageist|Polteageist|100/100
|-damage|p2a: Tapu OHKO|76/100|[from] Stealth Rock
|-damage|p1a: Polteageist|88/100|[from] Stealth Rock
|turn|8
|
|t:|1666625490
|move|p2a: Tapu OHKO|Volt Switch|p1a: Polteageist
|-damage|p1a: Polteageist|41/100
|
|t:|1666625491
|switch|p2a: LandOUrus-T|Landorus-Therian, M|100/100|[from]move: Volt Switch
|-damage|p2a: LandOUrus-T|88/100|[from] Stealth Rock
|-ability|p2a: LandOUrus-T|Intimidate|boost
|-unboost|p1a: Polteageist|atk|1
|move|p1a: Polteageist|Shell Smash|p1a: Polteageist
|-unboost|p1a: Polteageist|def|1
|-unboost|p1a: Polteageist|spd|1
|-boost|p1a: Polteageist|atk|2
|-boost|p1a: Polteageist|spa|2
|-boost|p1a: Polteageist|spe|2
|
|-heal|p2a: LandOUrus-T|94/100|[from] item: Leftovers
|upkeep
|turn|9
|
|t:|1666625499
|move|p1a: Polteageist|Stored Power|p2a: LandOUrus-T
|-damage|p2a: LandOUrus-T|18/100
|move|p2a: LandOUrus-T|Earthquake|p1a: Polteageist
|-damage|p1a: Polteageist|0 fnt
|faint|p1a: Polteageist
|
|-heal|p2a: LandOUrus-T|24/100|[from] item: Leftovers
|-fieldend|move: Electric Terrain
|upkeep
|
|t:|1666625503
|switch|p1a: Kartana|Kartana|100/100
|-damage|p1a: Kartana|94/100|[from] Stealth Rock
|turn|10
|
|t:|1666625510
|switch|p2a: Excalibird|Corviknight, M|100/100
|-damage|p2a: Excalibird|88/100|[from] Stealth Rock
|-ability|p2a: Excalibird|Pressure
|move|p1a: Kartana|Swords Dance|p1a: Kartana
|-boost|p1a: Kartana|atk|2
|
|-heal|p2a: Excalibird|94/100|[from] item: Leftovers
|upkeep
|turn|11
|
|t:|1666625513
|move|p1a: Kartana|Knock Off|p2a: Excalibird
|-damage|p2a: Excalibird|39/100
|-enditem|p2a: Excalibird|Leftovers|[from] move: Knock Off|[of] p1a: Kartana
|-damage|p1a: Kartana|84/100|[from] item: Life Orb
|move|p2a: Excalibird|Body Press|p1a: Kartana
|-supereffective|p1a: Kartana
|-damage|p1a: Kartana|44/100
|
|upkeep
|turn|12
|
|t:|1666625516
|move|p1a: Kartana|Sacred Sword|p2a: Excalibird
|-damage|p2a: Excalibird|0 fnt
|faint|p2a: Excalibird
|-ability|p1a: Kartana|Beast Boost|boost
|-boost|p1a: Kartana|spe|1
|-damage|p1a: Kartana|34/100|[from] item: Life Orb
|
|upkeep
|
|t:|1666625518
|switch|p2a: Tapu OHKO|Tapu Koko|76/100
|-damage|p2a: Tapu OHKO|63/100|[from] Stealth Rock
|-fieldstart|move: Electric Terrain|[from] ability: Electric Surge|[of] p2a: Tapu OHKO
|turn|13
|
|t:|1666625521
|move|p2a: Tapu OHKO|Thunderbolt|p1a: Kartana
|-resisted|p1a: Kartana
|-damage|p1a: Kartana|0 fnt
|faint|p1a: Kartana
|
|upkeep
|
|t:|1666625522
|switch|p1a: Moltres|Moltres-Galar|100/100
|-damage|p1a: Moltres|76/100|[from] Stealth Rock
|turn|14
|
|t:|1666625525
|move|p2a: Tapu OHKO|Thunderbolt|p1a: Moltres
|-supereffective|p1a: Moltres
|-damage|p1a: Moltres|0 fnt
|faint|p1a: Moltres
|
|win|Down$pook
|raw|Kaleor's rating: 1734 &rarr; <strong>1717</strong><br />(-17 for losing)
|raw|Down$pook's rating: 1795 &rarr; <strong>1812</strong><br />(+17 for winning)
|c|☆Down$pook|Gg
|l|☆Down$pook
||Ladder isn't responding, score probably updated but might not have (Request timeout).
|l| Congwuyu
|j|☆Down$pook
|player|p2|Down$pook|teamrocket
|l|☆Down$pook
|player|p2|
|l|☆Kaleor
