|j|☆TheLindomar
|j|☆Booty$92
|player|p1|TheLindomar|163|1784
|player|p2|Booty$92|169|1691
|teamsize|p1|6
|teamsize|p2|6
|gametype|singles
|gen|8
|tier|[Gen 8] OU
|rated|
|clearpoke
|poke|p1|Crawdaunt, M|
|poke|p1|Kommo-o, M|
|poke|p1|Corviknight, M|
|poke|p1|Rotom-Mow|
|poke|p1|Claydol|
|poke|p1|Togekiss, M|
|poke|p2|Excadrill, F|
|poke|p2|Hippowdon, F|
|poke|p2|Ferrothorn, M|
|poke|p2|Rotom-Heat|
|poke|p2|Clefable, F|
|poke|p2|Hydreigon, M|
|rule|Sleep Clause Mod: Limit one foe put to sleep
|rule|Species Clause: Limit one of each Pokémon
|rule|OHKO Clause: OHKO moves are banned
|rule|Evasion Moves Clause: Evasion moves are banned
|rule|Endless Battle Clause: Forcing endless battles is banned
|rule|HP Percentage Mod: HP is shown in percentages
|rule|Dynamax Clause: You cannot dynamax
|teampreview
|
|start
|switch|p1a: GALARIAN PARAS|Crawdaunt, M|100/100
|switch|p2a: Hydreigon|Hydreigon, M|100/100
|turn|1
|
|move|p2a: Hydreigon|U-turn|p1a: GALARIAN PARAS
|-supereffective|p1a: GALARIAN PARAS
|-damage|p1a: GALARIAN PARAS|53/100
|
|switch|p2a: Ferrothorn|Ferrothorn, M|100/100|[from]move: U-turn
|move|p1a: GALARIAN PARAS|Knock Off|p2a: Ferrothorn
|-damage|p2a: Ferrothorn|36/100
|-damage|p1a: GALARIAN PARAS|40/100|[from] ability: Iron Barbs|[of] p2a: Ferrothorn
|-enditem|p2a: Ferrothorn|Leftovers|[from] move: Knock Off|[of] p1a: GALARIAN PARAS
|
|upkeep
|turn|2
|
|switch|p2a: Hydreigon|Hydreigon, M|100/100
|move|p1a: GALARIAN PARAS|Knock Off|p2a: Hydreigon
|-resisted|p2a: Hydreigon
|-crit|p2a: Hydreigon
|-damage|p2a: Hydreigon|12/100
|-enditem|p2a: Hydreigon|Choice Specs|[from] move: Knock Off|[of] p1a: GALARIAN PARAS
|
|upkeep
|turn|3
|
|switch|p1a: LASERBEAK|Corviknight, M|100/100
|-ability|p1a: LASERBEAK|Pressure
|move|p2a: Hydreigon|U-turn|p1a: LASERBEAK
|-resisted|p1a: LASERBEAK
|-damage|p1a: LASERBEAK|97/100
|
|switch|p2a: Rotom|Rotom-Heat|100/100|[from]move: U-turn
|
|-heal|p1a: LASERBEAK|100/100|[from] item: Leftovers
|upkeep
|turn|4
|
|switch|p1a: SHIN UCHIHA|Claydol|100/100
|move|p2a: Rotom|Will-O-Wisp|p1a: SHIN UCHIHA
|-status|p1a: SHIN UCHIHA|brn
|
|-damage|p1a: SHIN UCHIHA|94/100 brn|[from] brn
|upkeep
|turn|5
|
|move|p2a: Rotom|Nasty Plot|p2a: Rotom
|-boost|p2a: Rotom|spa|2
|move|p1a: SHIN UCHIHA|Future Sight|p2a: Rotom
|-start|p1a: SHIN UCHIHA|move: Future Sight
|
|-damage|p1a: SHIN UCHIHA|88/100 brn|[from] brn
|upkeep
|turn|6
|
|switch|p1a: ANKYLOZORD|Kommo-o, M, shiny|100/100
|move|p2a: Rotom|Overheat|p1a: ANKYLOZORD
|-resisted|p1a: ANKYLOZORD
|-damage|p1a: ANKYLOZORD|54/100
|-unboost|p2a: Rotom|spa|2
|
|-heal|p1a: ANKYLOZORD|61/100|[from] item: Leftovers
|upkeep
|turn|7
|
|move|p2a: Rotom|Volt Switch|p1a: ANKYLOZORD
|-resisted|p1a: ANKYLOZORD
|-crit|p1a: ANKYLOZORD
|-damage|p1a: ANKYLOZORD|44/100
|
|switch|p2a: Clefable|Clefable, F|100/100|[from]move: Volt Switch
|move|p1a: ANKYLOZORD|Body Press|p2a: Clefable
|-resisted|p2a: Clefable
|-damage|p2a: Clefable|77/100
|
|-end|p2a: Clefable|move: Future Sight
|-damage|p2a: Clefable|49/100
|-heal|p1a: ANKYLOZORD|51/100|[from] item: Leftovers
|-heal|p2a: Clefable|55/100|[from] item: Leftovers
|upkeep
|turn|8
|
|move|p1a: ANKYLOZORD|Stealth Rock|p2a: Clefable
|-sidestart|p2: Booty$92|move: Stealth Rock
|move|p2a: Clefable|Thunder Wave|p1a: ANKYLOZORD
|-status|p1a: ANKYLOZORD|par
|
|-heal|p2a: Clefable|61/100|[from] item: Leftovers
|-heal|p1a: ANKYLOZORD|57/100 par|[from] item: Leftovers
|upkeep
|turn|9
|
|switch|p1a: GALARIAN PARAS|Crawdaunt, M|40/100
|move|p2a: Clefable|Wish|p2a: Clefable
|
|-heal|p2a: Clefable|67/100|[from] item: Leftovers
|upkeep
|turn|10
|c|☆Booty$92|Ass
|
|move|p2a: Clefable|Protect|p2a: Clefable
|-singleturn|p2a: Clefable|Protect
|move|p1a: GALARIAN PARAS|Liquidation|p2a: Clefable
|-activate|p2a: Clefable|move: Protect
|
|-heal|p2a: Clefable|100/100|[from] move: Wish|[wisher] Clefable
|upkeep
|turn|11
|
|switch|p2a: Hydreigon|Hydreigon, M|12/100
|-damage|p2a: Hydreigon|0 fnt|[from] Stealth Rock
|faint|p2a: Hydreigon
|move|p1a: GALARIAN PARAS|Liquidation|p2: Hydreigon|[notarget]
|-fail|p1a: GALARIAN PARAS
|
|upkeep
|inactive|Battle timer is ON: inactive players will automatically lose when time's up. (requested by TheLindomar)
|
|switch|p2a: Excadrill|Excadrill, F|100/100
|-damage|p2a: Excadrill|97/100|[from] Stealth Rock
|turn|12
|
|switch|p1a: LASERBEAK|Corviknight, M|100/100
|-ability|p1a: LASERBEAK|Pressure
|move|p2a: Excadrill|Earthquake|p1a: LASERBEAK
|-immune|p1a: LASERBEAK
|
|-heal|p2a: Excadrill|100/100|[from] item: Leftovers
|upkeep
|turn|13
|
|switch|p1a: SHIN UCHIHA|Claydol|88/100 brn
|move|p2a: Excadrill|Rapid Spin|p1a: SHIN UCHIHA
|-damage|p1a: SHIN UCHIHA|70/100 brn
|-sideend|p2: Booty$92|Stealth Rock|[from] move: Rapid Spin|[of] p2a: Excadrill
|-boost|p2a: Excadrill|spe|1
|
|-damage|p1a: SHIN UCHIHA|64/100 brn|[from] brn
|upkeep
|turn|14
|
|switch|p2a: Hippowdon|Hippowdon, F|100/100
|-weather|Sandstorm|[from] ability: Sand Stream|[of] p2a: Hippowdon
|move|p1a: SHIN UCHIHA|Psychic|p2a: Hippowdon
|-damage|p2a: Hippowdon|76/100
|-unboost|p2a: Hippowdon|spd|1
|
|-weather|Sandstorm|[upkeep]
|-heal|p2a: Hippowdon|82/100|[from] item: Leftovers
|-damage|p1a: SHIN UCHIHA|57/100 brn|[from] brn
|upkeep
|turn|15
|
|move|p1a: SHIN UCHIHA|Ice Beam|p2a: Hippowdon
|-supereffective|p2a: Hippowdon
|-damage|p2a: Hippowdon|32/100
|move|p2a: Hippowdon|Stealth Rock|p1a: SHIN UCHIHA
|-sidestart|p1: TheLindomar|move: Stealth Rock
|
|-weather|Sandstorm|[upkeep]
|-heal|p2a: Hippowdon|38/100|[from] item: Leftovers
|-damage|p1a: SHIN UCHIHA|51/100 brn|[from] brn
|upkeep
|turn|16
|
|switch|p2a: Rotom|Rotom-Heat|100/100
|move|p1a: SHIN UCHIHA|Future Sight|p2a: Rotom
|-start|p1a: SHIN UCHIHA|move: Future Sight
|
|-weather|Sandstorm|[upkeep]
|-damage|p2a: Rotom|94/100|[from] Sandstorm
|-damage|p1a: SHIN UCHIHA|45/100 brn|[from] brn
|upkeep
|turn|17
|
|move|p2a: Rotom|Nasty Plot|p2a: Rotom
|-boost|p2a: Rotom|spa|2
|move|p1a: SHIN UCHIHA|Psychic|p2a: Rotom
|-crit|p2a: Rotom
|-damage|p2a: Rotom|42/100
|
|-weather|Sandstorm|[upkeep]
|-damage|p2a: Rotom|35/100|[from] Sandstorm
|-damage|p1a: SHIN UCHIHA|39/100 brn|[from] brn
|upkeep
|turn|18
|
|move|p2a: Rotom|Overheat|p1a: SHIN UCHIHA
|-damage|p1a: SHIN UCHIHA|0 fnt
|-unboost|p2a: Rotom|spa|2
|faint|p1a: SHIN UCHIHA
|
|-weather|none
|-end|p2a: Rotom|move: Future Sight
|-crit|p2a: Rotom
|-damage|p2a: Rotom|0 fnt
|upkeep
|faint|p2a: Rotom
|
|switch|p2a: Excadrill|Excadrill, F|100/100
|switch|p1a: LASERBEAK|Corviknight, M|100/100
|-damage|p1a: LASERBEAK|88/100|[from] Stealth Rock
|-ability|p1a: LASERBEAK|Pressure
|turn|19
|
|move|p2a: Excadrill|Swords Dance|p2a: Excadrill
|-boost|p2a: Excadrill|atk|2
|move|p1a: LASERBEAK|Defog|p2a: Excadrill
|-unboost|p2a: Excadrill|evasion|1
|-sideend|p1: TheLindomar|Stealth Rock|[from] move: Defog|[of] p1a: LASERBEAK
|
|-heal|p1a: LASERBEAK|94/100|[from] item: Leftovers
|upkeep
|turn|20
|
|move|p2a: Excadrill|Rock Slide|p1a: LASERBEAK
|-damage|p1a: LASERBEAK|52/100
|cant|p1a: LASERBEAK|flinch
|
|-heal|p1a: LASERBEAK|58/100|[from] item: Leftovers
|upkeep
|turn|21
|
|switch|p1a: ANKYLOZORD|Kommo-o, M, shiny|57/100 par
|move|p2a: Excadrill|Rock Slide|p1a: ANKYLOZORD
|-resisted|p1a: ANKYLOZORD
|-damage|p1a: ANKYLOZORD|41/100 par
|
|-heal|p1a: ANKYLOZORD|48/100 par|[from] item: Leftovers
|upkeep
|turn|22
|
|switch|p1a: HM 01|Rotom-Mow|100/100
|move|p2a: Excadrill|Earthquake|p1a: HM 01
|-immune|p1a: HM 01|[from] ability: Levitate
|
|upkeep
|turn|23
|
|switch|p2a: Ferrothorn|Ferrothorn, M|36/100
|move|p1a: HM 01|Trick|p2a: Ferrothorn
|-activate|p1a: HM 01|move: Trick|[of] p2a: Ferrothorn
|-item|p2a: Ferrothorn|Choice Scarf|[from] move: Trick
|-enditem|p1a: HM 01|Choice Scarf|[silent]|[from] move: Trick
|
|upkeep
|turn|24
|
|move|p1a: HM 01|Will-O-Wisp|p2a: Ferrothorn
|-status|p2a: Ferrothorn|brn
|move|p2a: Ferrothorn|Spikes|p1a: HM 01
|-sidestart|p1: TheLindomar|Spikes
|
|-damage|p2a: Ferrothorn|29/100 brn|[from] brn
|upkeep
|turn|25
|
|move|p1a: HM 01|Volt Switch|p2a: Ferrothorn
|-resisted|p2a: Ferrothorn
|-damage|p2a: Ferrothorn|17/100 brn
|
|switch|p1a: LASERBEAK|Corviknight, M|58/100|[from]move: Volt Switch
|-ability|p1a: LASERBEAK|Pressure
|move|p2a: Ferrothorn|Spikes|p1a: LASERBEAK
|-sidestart|p1: TheLindomar|Spikes
|
|-heal|p1a: LASERBEAK|64/100|[from] item: Leftovers
|-damage|p2a: Ferrothorn|10/100 brn|[from] brn
|upkeep
|turn|26
|
|switch|p2a: Clefable|Clefable, F|100/100
|move|p1a: LASERBEAK|Defog|p2a: Clefable
|-unboost|p2a: Clefable|evasion|1
|-sideend|p1: TheLindomar|Spikes|[from] move: Defog|[of] p1a: LASERBEAK
|
|-heal|p1a: LASERBEAK|70/100|[from] item: Leftovers
|upkeep
|turn|27
|inactive|TheLindomar has 120 seconds left.
|
|move|p2a: Clefable|Wish|p2a: Clefable
|move|p1a: LASERBEAK|Iron Head|p2a: Clefable
|-supereffective|p2a: Clefable
|-damage|p2a: Clefable|47/100
|
|-heal|p2a: Clefable|53/100|[from] item: Leftovers
|-heal|p1a: LASERBEAK|76/100|[from] item: Leftovers
|upkeep
|turn|28
|
|switch|p2a: Ferrothorn|Ferrothorn, M|10/100 brn
|move|p1a: LASERBEAK|Iron Head|p2a: Ferrothorn
|-resisted|p2a: Ferrothorn
|-damage|p2a: Ferrothorn|4/100 brn
|-damage|p1a: LASERBEAK|64/100|[from] ability: Iron Barbs|[of] p2a: Ferrothorn
|
|-heal|p2a: Ferrothorn|56/100 brn|[from] move: Wish|[wisher] Clefable
|-heal|p1a: LASERBEAK|70/100|[from] item: Leftovers
|-damage|p2a: Ferrothorn|50/100 brn|[from] brn
|upkeep
|turn|29
|
|move|p1a: LASERBEAK|Brave Bird|p2a: Ferrothorn
|-crit|p2a: Ferrothorn
|-damage|p2a: Ferrothorn|17/100 brn
|-damage|p1a: LASERBEAK|58/100|[from] ability: Iron Barbs|[of] p2a: Ferrothorn
|-damage|p1a: LASERBEAK|48/100|[from] Recoil
|move|p2a: Ferrothorn|Knock Off|p1a: LASERBEAK
|-damage|p1a: LASERBEAK|40/100
|-enditem|p1a: LASERBEAK|Leftovers|[from] move: Knock Off|[of] p2a: Ferrothorn
|
|-damage|p2a: Ferrothorn|10/100 brn|[from] brn
|upkeep
|turn|30
|
|switch|p2a: Hippowdon|Hippowdon, F|38/100
|-weather|Sandstorm|[from] ability: Sand Stream|[of] p2a: Hippowdon
|move|p1a: LASERBEAK|Roost|p1a: LASERBEAK
|-heal|p1a: LASERBEAK|90/100
|-singleturn|p1a: LASERBEAK|move: Roost
|
|-weather|Sandstorm|[upkeep]
|-heal|p2a: Hippowdon|44/100|[from] item: Leftovers
|upkeep
|turn|31
|j| BABYSTEAK
|
|switch|p1a: GALARIAN PARAS|Crawdaunt, M|40/100
|move|p2a: Hippowdon|Stealth Rock|p1a: GALARIAN PARAS
|-sidestart|p1: TheLindomar|move: Stealth Rock
|
|-weather|Sandstorm|[upkeep]
|-damage|p1a: GALARIAN PARAS|34/100|[from] Sandstorm
|-heal|p2a: Hippowdon|50/100|[from] item: Leftovers
|upkeep
|turn|32
|
|switch|p2a: Ferrothorn|Ferrothorn, M|10/100 brn
|move|p1a: GALARIAN PARAS|Liquidation|p2a: Ferrothorn
|-resisted|p2a: Ferrothorn
|-damage|p2a: Ferrothorn|0 fnt
|-damage|p1a: GALARIAN PARAS|22/100|[from] ability: Iron Barbs|[of] p2a: Ferrothorn
|faint|p2a: Ferrothorn
|
|-weather|Sandstorm|[upkeep]
|-damage|p1a: GALARIAN PARAS|16/100|[from] Sandstorm
|upkeep
|
|switch|p2a: Excadrill|Excadrill, F|100/100
|turn|33
|j| DucklettSquad
|
|switch|p1a: LASERBEAK|Corviknight, M|90/100
|-damage|p1a: LASERBEAK|78/100|[from] Stealth Rock
|-ability|p1a: LASERBEAK|Pressure
|move|p2a: Excadrill|Swords Dance|p2a: Excadrill
|-boost|p2a: Excadrill|atk|2
|
|-weather|Sandstorm|[upkeep]
|upkeep
|turn|34
|
|move|p2a: Excadrill|Rock Slide|p1a: LASERBEAK
|-damage|p1a: LASERBEAK|31/100
|cant|p1a: LASERBEAK|flinch
|
|-weather|none
|upkeep
|turn|35
|
|move|p2a: Excadrill|Rock Slide|p1a: LASERBEAK
|-damage|p1a: LASERBEAK|0 fnt
|faint|p1a: LASERBEAK
|
|upkeep
|inactive|TheLindomar has 120 seconds left.
|
|switch|p1a: GALARIAN PARAS|Crawdaunt, M|16/100
|-damage|p1a: GALARIAN PARAS|3/100|[from] Stealth Rock
|turn|36
|
|switch|p2a: Hippowdon|Hippowdon, F|50/100
|-weather|Sandstorm|[from] ability: Sand Stream|[of] p2a: Hippowdon
|move|p1a: GALARIAN PARAS|Aqua Jet|p2a: Hippowdon
|-supereffective|p2a: Hippowdon
|-damage|p2a: Hippowdon|0 fnt
|faint|p2a: Hippowdon
|
|-weather|Sandstorm|[upkeep]
|-damage|p1a: GALARIAN PARAS|0 fnt|[from] Sandstorm
|faint|p1a: GALARIAN PARAS
|upkeep
|
|switch|p1a: HM 01|Rotom-Mow|100/100
|switch|p2a: Clefable|Clefable, F|53/100
|-damage|p1a: HM 01|88/100|[from] Stealth Rock
|turn|37
|
|move|p1a: HM 01|Leaf Storm|p2a: Clefable
|-damage|p2a: Clefable|13/100
|-unboost|p1a: HM 01|spa|2
|move|p2a: Clefable|Moonblast|p1a: HM 01
|-damage|p1a: HM 01|48/100
|
|-weather|Sandstorm|[upkeep]
|-damage|p1a: HM 01|42/100|[from] Sandstorm
|-heal|p2a: Clefable|19/100|[from] item: Leftovers
|upkeep
|turn|38
|inactive|TheLindomar has 120 seconds left.
|
|move|p2a: Clefable|Protect|p2a: Clefable
|-singleturn|p2a: Clefable|Protect
|move|p1a: HM 01|Leaf Storm|p2a: Clefable
|-activate|p2a: Clefable|move: Protect
|
|-weather|Sandstorm|[upkeep]
|-damage|p1a: HM 01|36/100|[from] Sandstorm
|-heal|p2a: Clefable|25/100|[from] item: Leftovers
|upkeep
|turn|39
|
|move|p1a: HM 01|Volt Switch|p2a: Clefable
|-damage|p2a: Clefable|14/100
|
|switch|p1a: WHIS|Togekiss, M|100/100|[from]move: Volt Switch
|move|p2a: Clefable|Wish|p2a: Clefable
|
|-weather|Sandstorm|[upkeep]
|-damage|p1a: WHIS|94/100|[from] Sandstorm
|-heal|p2a: Clefable|20/100|[from] item: Leftovers
|upkeep
|turn|40
|
|move|p1a: WHIS|Nasty Plot|p1a: WHIS
|-boost|p1a: WHIS|spa|2
|move|p2a: Clefable|Thunder Wave|p1a: WHIS|[miss]
|-miss|p2a: Clefable|p1a: WHIS
|
|-weather|none
|-heal|p2a: Clefable|70/100|[from] move: Wish|[wisher] Clefable
|-heal|p2a: Clefable|76/100|[from] item: Leftovers
|upkeep
|turn|41
|
|move|p1a: WHIS|Air Slash|p2a: Clefable
|-damage|p2a: Clefable|30/100
|cant|p2a: Clefable|flinch
|
|-heal|p2a: Clefable|36/100|[from] item: Leftovers
|upkeep
|turn|42
|
|move|p1a: WHIS|Air Slash|p2a: Clefable
|-damage|p2a: Clefable|0 fnt
|faint|p2a: Clefable
|
|upkeep
|
|switch|p2a: Excadrill|Excadrill, F|100/100
|turn|43
|
|move|p2a: Excadrill|Swords Dance|p2a: Excadrill
|-boost|p2a: Excadrill|atk|2
|move|p1a: WHIS|Flamethrower|p2a: Excadrill
|-supereffective|p2a: Excadrill
|-damage|p2a: Excadrill|0 fnt
|faint|p2a: Excadrill
|
|win|TheLindomar
|l|☆Booty$92
