|j|☆im tofa
|j|☆kazt 5
|inactive|Battle timer is ON: inactive players will automatically lose when time's up.
|t:|1633590328
|gametype|singles
|player|p1|im tofa|ethan-gen2c|
|player|p2|kazt 5|acetrainersnowf|
|teamsize|p1|6
|teamsize|p2|6
|gen|8
|tier|[Gen 8] OU
|rated|Tournament battle
|rule|Sleep Clause Mod: Limit one foe put to sleep
|rule|Species Clause: Limit one of each Pokémon
|rule|OHKO Clause: OHKO moves are banned
|rule|Evasion Moves Clause: Evasion moves are banned
|rule|Endless Battle Clause: Forcing endless battles is banned
|rule|HP Percentage Mod: HP is shown in percentages
|rule|Dynamax Clause: You cannot dynamax
|clearpoke
|poke|p1|Pincurchin, F|
|poke|p1|Garchomp, M|
|poke|p1|Regieleki|
|poke|p1|Blissey, F|
|poke|p1|Tyranitar, M|
|poke|p1|Buzzwole|
|poke|p2|Melmetal|
|poke|p2|Weavile, M|
|poke|p2|Tapu Koko|
|poke|p2|Hippowdon, F|
|poke|p2|Corviknight, M|
|poke|p2|Toxapex, F|
|teampreview
|inactive|im tofa also wants the timer to be on.
|c|☆kazt 5|hf
|c|☆im tofa|u2
|inactive|im tofa has 120 seconds left.
|
|t:|1633590373
|start
|switch|p1a: Blissey|Blissey, F|100/100
|switch|p2a: Melmetal|Melmetal|100/100
|turn|1
|j| Super0920E
|
|t:|1633590399
|switch|p1a: Buzzwole|Buzzwole|100/100
|move|p2a: Melmetal|Double Iron Bash|p1a: Buzzwole
|-damage|p1a: Buzzwole|79/100
|-damage|p1a: Buzzwole|57/100
|-hitcount|p1a: Buzzwole|2
|
|upkeep
|turn|2
|
|t:|1633590426
|move|p1a: Buzzwole|Roost|p1a: Buzzwole
|-heal|p1a: Buzzwole|100/100
|-singleturn|p1a: Buzzwole|move: Roost
|move|p2a: Melmetal|Thunder Wave|p1a: Buzzwole
|-status|p1a: Buzzwole|par
|
|upkeep
|turn|3
|inactive|im tofa has 120 seconds left.
|
|t:|1633590451
|switch|p2a: Toxapex|Toxapex, F|100/100
|switch|p1a: Pincurchin|Pincurchin, F|100/100
|-fieldstart|move: Electric Terrain|[from] ability: Electric Surge|[of] p1a: Pincurchin
|
|upkeep
|turn|4
|inactive|im tofa has 120 seconds left.
|
|t:|1633590471
|switch|p2a: Hippowdon|Hippowdon, F|100/100
|-weather|Sandstorm|[from] ability: Sand Stream|[of] p2a: Hippowdon
|move|p1a: Pincurchin|Spikes|p2a: Hippowdon
|-sidestart|p2: kazt 5|Spikes
|
|-weather|Sandstorm|[upkeep]
|-damage|p1a: Pincurchin|94/100|[from] Sandstorm
|upkeep
|turn|5
|inactive|im tofa has 120 seconds left.
|
|t:|1633590480
|switch|p1a: Blissey|Blissey, F|100/100
|move|p2a: Hippowdon|Stealth Rock|p1a: Blissey
|-sidestart|p1: im tofa|move: Stealth Rock
|
|-weather|Sandstorm|[upkeep]
|-damage|p1a: Blissey|94/100|[from] Sandstorm
|upkeep
|turn|6
|
|t:|1633590487
|switch|p2a: Melmetal|Melmetal|100/100
|-damage|p2a: Melmetal|88/100|[from] Spikes
|move|p1a: Blissey|Seismic Toss|p2a: Melmetal
|-damage|p2a: Melmetal|64/100
|
|-weather|Sandstorm|[upkeep]
|-damage|p1a: Blissey|88/100|[from] Sandstorm
|upkeep
|turn|7
|
|t:|1633590494
|move|p2a: Melmetal|Double Iron Bash|p1a: Blissey
|-damage|p1a: Blissey|49/100
|-damage|p1a: Blissey|11/100
|-hitcount|p1a: Blissey|2
|cant|p1a: Blissey|flinch
|
|-weather|Sandstorm|[upkeep]
|-damage|p1a: Blissey|5/100|[from] Sandstorm
|-fieldend|move: Electric Terrain
|upkeep
|turn|8
|inactive|im tofa has 120 seconds left.
|
|t:|1633590525
|switch|p1a: Garchomp|Garchomp, M|100/100
|-damage|p1a: Garchomp|94/100|[from] Stealth Rock
|move|p2a: Melmetal|Double Iron Bash|p1a: Garchomp
|-damage|p1a: Garchomp|56/100
|-activate|p1a: Garchomp|ability: Rough Skin
|-activate|p2a: Melmetal|item: Protective Pads
|-damage|p1a: Garchomp|17/100
|-activate|p1a: Garchomp|ability: Rough Skin
|-activate|p2a: Melmetal|item: Protective Pads
|-hitcount|p1a: Garchomp|2
|
|-weather|none
|upkeep
|turn|9
|
|t:|1633590536
|switch|p2a: Corviknight|Corviknight, M|100/100
|-ability|p2a: Corviknight|Pressure
|move|p1a: Garchomp|Earthquake|p2a: Corviknight
|-immune|p2a: Corviknight
|
|upkeep
|turn|10
|
|t:|1633590542
|move|p1a: Garchomp|Rest|p1a: Garchomp
|-status|p1a: Garchomp|slp|[from] move: Rest
|-heal|p1a: Garchomp|100/100 slp|[silent]
|move|p2a: Corviknight|U-turn|p1a: Garchomp
|-damage|p1a: Garchomp|89/100 slp
|-damage|p2a: Corviknight|88/100|[from] ability: Rough Skin|[of] p1a: Garchomp
|-damage|p2a: Corviknight|71/100|[from] item: Rocky Helmet|[of] p1a: Garchomp
|
|t:|1633590556
|switch|p2a: Melmetal|Melmetal|64/100|[from]move: U-turn
|-damage|p2a: Melmetal|51/100|[from] Spikes
|
|upkeep
|turn|11
|
|t:|1633590562
|switch|p1a: Buzzwole|Buzzwole|100/100 par
|-damage|p1a: Buzzwole|88/100 par|[from] Stealth Rock
|move|p2a: Melmetal|Double Iron Bash|p1a: Buzzwole
|-damage|p1a: Buzzwole|67/100 par
|-damage|p1a: Buzzwole|44/100 par
|-hitcount|p1a: Buzzwole|2
|
|upkeep
|turn|12
|
|t:|1633590567
|move|p2a: Melmetal|Double Iron Bash|p1a: Buzzwole
|-crit|p1a: Buzzwole
|-damage|p1a: Buzzwole|7/100 par
|-damage|p1a: Buzzwole|0 fnt
|faint|p1a: Buzzwole
|-hitcount|p1: Buzzwole|2
|
|upkeep
|
|t:|1633590571
|switch|p1a: Regieleki|Regieleki|100/100
|-damage|p1a: Regieleki|88/100|[from] Stealth Rock
|turn|13
|
|t:|1633590590
|switch|p1a: Pincurchin|Pincurchin, F|94/100
|-damage|p1a: Pincurchin|82/100|[from] Stealth Rock
|-fieldstart|move: Electric Terrain|[from] ability: Electric Surge|[of] p1a: Pincurchin
|switch|p2a: Hippowdon|Hippowdon, F|100/100
|-weather|Sandstorm|[from] ability: Sand Stream|[of] p2a: Hippowdon
|
|-weather|Sandstorm|[upkeep]
|-damage|p1a: Pincurchin|76/100|[from] Sandstorm
|upkeep
|turn|14
|
|t:|1633590597
|move|p2a: Hippowdon|Earthquake|p1a: Pincurchin
|-supereffective|p1a: Pincurchin
|-damage|p1a: Pincurchin|11/100
|move|p1a: Pincurchin|Spikes|p2a: Hippowdon
|-sidestart|p2: kazt 5|Spikes
|
|-weather|Sandstorm|[upkeep]
|-damage|p1a: Pincurchin|5/100|[from] Sandstorm
|upkeep
|turn|15
|
|t:|1633590602
|move|p2a: Hippowdon|Earthquake|p1a: Pincurchin
|-supereffective|p1a: Pincurchin
|-damage|p1a: Pincurchin|0 fnt
|faint|p1a: Pincurchin
|
|-weather|Sandstorm|[upkeep]
|upkeep
|
|t:|1633590605
|switch|p1a: Blissey|Blissey, F|5/100
|turn|16
|
|t:|1633590608
|switch|p2a: Corviknight|Corviknight, M|71/100
|-ability|p2a: Corviknight|Pressure
|move|p1a: Blissey|Soft-Boiled|p1a: Blissey
|-heal|p1a: Blissey|55/100
|
|-weather|Sandstorm|[upkeep]
|-damage|p1a: Blissey|49/100|[from] Sandstorm
|upkeep
|turn|17
|
|t:|1633590623
|move|p2a: Corviknight|Defog|p1a: Blissey
|-unboost|p1a: Blissey|evasion|1
|-sideend|p1: im tofa|Stealth Rock|[from] move: Defog|[of] p2a: Corviknight
|-sideend|p2: kazt 5|Spikes|[from] move: Defog|[of] p2a: Corviknight
|-fieldend|move: Electric Terrain
|move|p1a: Blissey|Soft-Boiled|p1a: Blissey
|-heal|p1a: Blissey|99/100
|
|-weather|none
|upkeep
|turn|18
|
|t:|1633590633
|switch|p2a: Toxapex|Toxapex, F|100/100
|move|p1a: Blissey|Seismic Toss|p2a: Toxapex
|-damage|p2a: Toxapex|68/100
|
|-heal|p2a: Toxapex|74/100|[from] item: Black Sludge
|upkeep
|turn|19
|
|t:|1633590644
|switch|p1a: Tyranitar|Tyranitar, M|100/100
|-weather|Sandstorm|[from] ability: Sand Stream|[of] p1a: Tyranitar
|move|p2a: Toxapex|Knock Off|p1a: Tyranitar
|-resisted|p1a: Tyranitar
|-damage|p1a: Tyranitar|96/100
|-enditem|p1a: Tyranitar|Leftovers|[from] move: Knock Off|[of] p2a: Toxapex
|
|-weather|Sandstorm|[upkeep]
|-damage|p2a: Toxapex|68/100|[from] Sandstorm
|-heal|p2a: Toxapex|74/100|[from] item: Black Sludge
|upkeep
|turn|20
|
|t:|1633590660
|switch|p1a: Garchomp|Garchomp, M|89/100 slp
|switch|p2a: Hippowdon|Hippowdon, F|100/100
|
|-weather|Sandstorm|[upkeep]
|upkeep
|turn|21
|
|t:|1633590666
|switch|p1a: Tyranitar|Tyranitar, M|96/100
|move|p2a: Hippowdon|Earthquake|p1a: Tyranitar
|-supereffective|p1a: Tyranitar
|-damage|p1a: Tyranitar|50/100
|
|-weather|Sandstorm|[upkeep]
|upkeep
|turn|22
|
|t:|1633590670
|move|p2a: Hippowdon|Earthquake|p1a: Tyranitar
|-supereffective|p1a: Tyranitar
|-damage|p1a: Tyranitar|8/100
|move|p1a: Tyranitar|Counter|p2a: Hippowdon
|-damage|p2a: Hippowdon|20/100
|
|-weather|Sandstorm|[upkeep]
|upkeep
|turn|23
|
|t:|1633590678
|move|p1a: Tyranitar|Ice Beam|p2a: Hippowdon
|-supereffective|p2a: Hippowdon
|-damage|p2a: Hippowdon|0 fnt
|faint|p2a: Hippowdon
|
|-weather|none
|upkeep
|
|t:|1633590683
|switch|p2a: Weavile|Weavile, M|100/100
|-ability|p2a: Weavile|Pressure
|turn|24
|
|t:|1633590691
|move|p2a: Weavile|Ice Shard|p1a: Tyranitar
|-damage|p1a: Tyranitar|0 fnt
|faint|p1a: Tyranitar
|
|upkeep
|c|☆kazt 5|cool tech
|inactive|im tofa has 120 seconds left.
|
|t:|1633590721
|switch|p1a: Regieleki|Regieleki|88/100
|turn|25
|c|☆im tofa|thx
|
|t:|1633590730
|switch|p2a: Corviknight|Corviknight, M|71/100
|-ability|p2a: Corviknight|Pressure
|move|p1a: Regieleki|Thunderbolt|p2a: Corviknight
|-supereffective|p2a: Corviknight
|-damage|p2a: Corviknight|0 fnt
|faint|p2a: Corviknight
|
|upkeep
|
|t:|1633590738
|switch|p2a: Weavile|Weavile, M|100/100
|-ability|p2a: Weavile|Pressure
|turn|26
|
|t:|1633590746
|move|p1a: Regieleki|Thunderbolt|p2a: Weavile
|-damage|p2a: Weavile|0 fnt
|faint|p2a: Weavile
|
|upkeep
|
|t:|1633590751
|switch|p2a: Toxapex|Toxapex, F|100/100
|turn|27
|c|☆kazt 5|gg
|
|t:|1633590765
|move|p1a: Regieleki|Thunderbolt|p2a: Toxapex
|-supereffective|p2a: Toxapex
|-damage|p2a: Toxapex|0 fnt
|faint|p2a: Toxapex
|
|upkeep
|
|t:|1633590767
|switch|p2a: Melmetal|Melmetal|51/100
|turn|28
|
|t:|1633590770
|move|p1a: Regieleki|Thunderbolt|p2a: Melmetal
|-damage|p2a: Melmetal|0 fnt
|faint|p2a: Melmetal
|
|upkeep
|
|t:|1633590772
|switch|p2a: Tapu Koko|Tapu Koko|100/100
|-fieldstart|move: Electric Terrain|[from] ability: Electric Surge|[of] p2a: Tapu Koko
|turn|29
|c|☆im tofa|gg
|
|t:|1633590777
|move|p1a: Regieleki|Thunderbolt|p2a: Tapu Koko
|-resisted|p2a: Tapu Koko
|-crit|p2a: Tapu Koko
|-damage|p2a: Tapu Koko|0 fnt
|faint|p2a: Tapu Koko
|
|win|im tofa
|n|☆im tofa|imtofa
|n|☆kazt 5|kazt5
|n| Super0920E|super0920e
|l|☆kazt 5
