|raw|<div class="broadcast-blue"><strong>This battle is required to be public due to a player having a name starting with 'lt93oq'.</div>
|j|‽LT93OQ ES
|j|☆okaybears
|t:|1660883429
|gametype|singles
|player|p1|LT93OQ ES|cynthia-masters|1878
|player|p2|okaybears|bugcatcher-gen4dp|1808
|teamsize|p1|6
|teamsize|p2|6
|gen|8
|tier|[Gen 8] OU
|rated|
|rule|Sleep Clause Mod: Limit one foe put to sleep
|rule|Species Clause: Limit one of each Pokémon
|rule|OHKO Clause: OHKO moves are banned
|rule|Evasion Items Clause: Evasion items are banned
|rule|Evasion Moves Clause: Evasion moves are banned
|rule|Endless Battle Clause: Forcing endless battles is banned
|rule|HP Percentage Mod: HP is shown in percentages
|rule|Dynamax Clause: You cannot dynamax
|clearpoke
|poke|p1|Clefable, F|
|poke|p1|Dragonite, F|
|poke|p1|Landorus-Therian, M|
|poke|p1|Melmetal|
|poke|p1|Toxapex, M|
|poke|p1|Weavile, M|
|poke|p2|Hippowdon, M|
|poke|p2|Dracozolt|
|poke|p2|Kartana|
|poke|p2|Tapu Fini|
|poke|p2|Slowking-Galar, F|
|poke|p2|Tornadus-Therian, M|
|teampreview
|
|t:|1660883442
|start
|switch|p1a: Clefable|Clefable, F|100/100
|switch|p2a: Tapu Fini|Tapu Fini|100/100
|-fieldstart|move: Misty Terrain|[from] ability: Misty Surge|[of] p2a: Tapu Fini
|turn|1
|
|t:|1660883449
|switch|p1a: Toxapex|Toxapex, M|100/100
|move|p2a: Tapu Fini|Trick|p1a: Toxapex
|-activate|p2a: Tapu Fini|move: Trick|[of] p1a: Toxapex
|-item|p1a: Toxapex|Choice Scarf|[from] move: Trick
|-item|p2a: Tapu Fini|Black Sludge|[from] move: Trick
|
|-damage|p2a: Tapu Fini|88/100|[from] item: Black Sludge
|upkeep
|turn|2
|j| kaluo123
|
|t:|1660883461
|switch|p2a: Slowking|Slowking-Galar, F|100/100
|move|p1a: Toxapex|Toxic Spikes|p2a: Slowking
|-sidestart|p2: okaybears|move: Toxic Spikes
|
|upkeep
|turn|3
|
|t:|1660883466
|switch|p1a: Clefable|Clefable, F|100/100
|move|p2a: Slowking|Future Sight|p1a: Clefable
|-start|p2a: Slowking|move: Future Sight
|
|upkeep
|turn|4
|
|t:|1660883473
|switch|p1a: Melmetal|Melmetal|100/100
|move|p2a: Slowking|Sludge Bomb|p1a: Melmetal
|-immune|p1a: Melmetal
|
|upkeep
|turn|5
|
|t:|1660883484
|switch|p2a: Kartana|Kartana|100/100
|move|p1a: Melmetal|Double Iron Bash|p2a: Kartana
|-resisted|p2a: Kartana
|-damage|p2a: Kartana|83/100
|-resisted|p2a: Kartana
|-damage|p2a: Kartana|67/100
|-hitcount|p2a: Kartana|2
|
|-end|p1a: Melmetal|move: Future Sight
|-resisted|p1a: Melmetal
|-damage|p1a: Melmetal|80/100
|-heal|p1a: Melmetal|86/100|[from] item: Leftovers
|-fieldend|Misty Terrain
|upkeep
|turn|6
|j| LT93OQ T
|
|t:|1660883498
|switch|p2a: Slowking|Slowking-Galar, F|100/100
|-sideend|p2: okaybears|move: Toxic Spikes|[of] p2a: Slowking
|switch|p1a: Toxapex|Toxapex, M|100/100
|
|upkeep
|turn|7
|
|t:|1660883506
|move|p1a: Toxapex|Scald|p2a: Slowking
|-crit|p2a: Slowking
|-damage|p2a: Slowking|88/100
|move|p2a: Slowking|Future Sight|p1a: Toxapex
|-start|p2a: Slowking|move: Future Sight
|
|upkeep
|turn|8
|j| gerald.jones061
|
|t:|1660883510
|move|p1a: Toxapex|Scald|p2a: Slowking
|-damage|p2a: Slowking|81/100
|move|p2a: Slowking|Scald|p1a: Toxapex
|-resisted|p1a: Toxapex
|-damage|p1a: Toxapex|91/100
|-status|p1a: Toxapex|brn
|
|-damage|p1a: Toxapex|85/100 brn|[from] brn
|upkeep
|turn|9
|j| egal★vanc
|
|t:|1660883532
|move|p1a: Toxapex|Scald|p2a: Slowking
|-damage|p2a: Slowking|73/100
|move|p2a: Slowking|Scald|p1a: Toxapex
|-resisted|p1a: Toxapex
|-damage|p1a: Toxapex|76/100 brn
|
|-end|p1a: Toxapex|move: Future Sight
|-supereffective|p1a: Toxapex
|-damage|p1a: Toxapex|0 fnt
|faint|p1a: Toxapex
|upkeep
|j| LT93OQ Nick
|
|t:|1660883540
|switch|p1a: Melmetal|Melmetal|86/100
|turn|10
|
|t:|1660883548
|switch|p2a: Kartana|Kartana|67/100
|move|p1a: Melmetal|Iron Defense|p1a: Melmetal
|-boost|p1a: Melmetal|def|2
|
|-heal|p1a: Melmetal|92/100|[from] item: Leftovers
|upkeep
|turn|11
|
|t:|1660883558
|switch|p2a: Tapu Fini|Tapu Fini|88/100
|-fieldstart|move: Misty Terrain|[from] ability: Misty Surge|[of] p2a: Tapu Fini
|move|p1a: Melmetal|Body Press|p2a: Tapu Fini
|-resisted|p2a: Tapu Fini
|-damage|p2a: Tapu Fini|63/100
|
|-damage|p2a: Tapu Fini|51/100|[from] item: Black Sludge
|-heal|p1a: Melmetal|98/100|[from] item: Leftovers
|upkeep
|turn|12
|j| LT93OQ Pachy
|
|t:|1660883563
|switch|p1a: Clefable|Clefable, F|100/100
|move|p2a: Tapu Fini|Trick|p1a: Clefable
|-activate|p2a: Tapu Fini|move: Trick|[of] p1a: Clefable
|-item|p1a: Clefable|Black Sludge|[from] move: Trick
|-item|p2a: Tapu Fini|Leftovers|[from] move: Trick
|
|-heal|p2a: Tapu Fini|57/100|[from] item: Leftovers
|upkeep
|turn|13
|
|t:|1660883574
|switch|p2a: Hippowdon|Hippowdon, M|100/100
|-weather|Sandstorm|[from] ability: Sand Stream|[of] p2a: Hippowdon
|move|p1a: Clefable|Knock Off|p2a: Hippowdon
|-damage|p2a: Hippowdon|90/100
|-enditem|p2a: Hippowdon|Smooth Rock|[from] move: Knock Off|[of] p1a: Clefable
|
|-weather|Sandstorm|[upkeep]
|upkeep
|turn|14
|
|t:|1660883580
|move|p1a: Clefable|Stealth Rock|p2a: Hippowdon
|-sidestart|p2: okaybears|move: Stealth Rock
|move|p2a: Hippowdon|Stealth Rock|p1a: Clefable
|-sidestart|p1: LT93OQ ES|move: Stealth Rock
|
|-weather|Sandstorm|[upkeep]
|upkeep
|turn|15
|
|t:|1660883585
|move|p1a: Clefable|Knock Off|p2a: Hippowdon
|-damage|p2a: Hippowdon|83/100
|move|p2a: Hippowdon|Earthquake|p1a: Clefable
|-crit|p1a: Clefable
|-damage|p1a: Clefable|53/100
|
|-weather|Sandstorm|[upkeep]
|-fieldend|Misty Terrain
|upkeep
|turn|16
|
|t:|1660883590
|move|p1a: Clefable|Soft-Boiled|p1a: Clefable
|-heal|p1a: Clefable|100/100
|move|p2a: Hippowdon|Earthquake|p1a: Clefable
|-damage|p1a: Clefable|70/100
|
|-weather|Sandstorm|[upkeep]
|upkeep
|turn|17
|
|t:|1660883596
|move|p1a: Clefable|Moonblast|p2a: Hippowdon
|-damage|p2a: Hippowdon|62/100
|move|p2a: Hippowdon|Earthquake|p1a: Clefable
|-damage|p1a: Clefable|40/100
|
|-weather|Sandstorm|[upkeep]
|upkeep
|turn|18
|
|t:|1660883602
|move|p1a: Clefable|Soft-Boiled|p1a: Clefable
|-heal|p1a: Clefable|90/100
|move|p2a: Hippowdon|Earthquake|p1a: Clefable
|-damage|p1a: Clefable|58/100
|
|-weather|Sandstorm|[upkeep]
|upkeep
|turn|19
|
|t:|1660883611
|move|p1a: Clefable|Moonblast|p2a: Hippowdon
|-damage|p2a: Hippowdon|40/100
|move|p2a: Hippowdon|Slack Off|p2a: Hippowdon
|-heal|p2a: Hippowdon|90/100
|
|-weather|Sandstorm|[upkeep]
|upkeep
|turn|20
|j| nodragondanceinrb
|l| kaluo123
|j| Bijets
|
|t:|1660883619
|switch|p2a: Slowking|Slowking-Galar, F|100/100
|-damage|p2a: Slowking|88/100|[from] Stealth Rock
|move|p1a: Clefable|Soft-Boiled|p1a: Clefable
|-heal|p1a: Clefable|100/100
|
|-weather|none
|upkeep
|turn|21
|
|t:|1660883630
|switch|p1a: Melmetal|Melmetal|98/100
|-damage|p1a: Melmetal|92/100|[from] Stealth Rock
|move|p2a: Slowking|Flamethrower|p1a: Melmetal
|-supereffective|p1a: Melmetal
|-damage|p1a: Melmetal|47/100
|
|-heal|p1a: Melmetal|53/100|[from] item: Leftovers
|upkeep
|turn|22
|
|t:|1660883635
|switch|p2a: Kartana|Kartana|67/100
|-damage|p2a: Kartana|61/100|[from] Stealth Rock
|move|p1a: Melmetal|Double Iron Bash|p2a: Kartana
|-resisted|p2a: Kartana
|-damage|p2a: Kartana|44/100
|-resisted|p2a: Kartana
|-damage|p2a: Kartana|26/100
|-hitcount|p2a: Kartana|2
|
|-heal|p1a: Melmetal|59/100|[from] item: Leftovers
|upkeep
|turn|23
|l| nodragondanceinrb
|
|t:|1660883651
|switch|p1a: Clefable|Clefable, F|100/100
|move|p2a: Kartana|Knock Off|p1a: Clefable
|-resisted|p1a: Clefable
|-damage|p1a: Clefable|84/100
|-enditem|p1a: Clefable|Black Sludge|[from] move: Knock Off|[of] p2a: Kartana
|
|upkeep
|turn|24
|
|t:|1660883659
|switch|p2a: Slowking|Slowking-Galar, F|100/100
|-damage|p2a: Slowking|88/100|[from] Stealth Rock
|move|p1a: Clefable|Knock Off|p2a: Slowking
|-supereffective|p2a: Slowking
|-damage|p2a: Slowking|59/100
|-enditem|p2a: Slowking|Assault Vest|[from] move: Knock Off|[of] p1a: Clefable
|
|upkeep
|turn|25
|l| egal★vanc
|
|t:|1660883665
|switch|p1a: Melmetal|Melmetal|59/100
|-damage|p1a: Melmetal|53/100|[from] Stealth Rock
|move|p2a: Slowking|Future Sight|p1a: Melmetal
|-start|p2a: Slowking|move: Future Sight
|
|-heal|p1a: Melmetal|59/100|[from] item: Leftovers
|upkeep
|turn|26
|
|t:|1660883677
|switch|p2a: Dracozolt|Dracozolt|100/100
|-damage|p2a: Dracozolt|88/100|[from] Stealth Rock
|move|p1a: Melmetal|Double Iron Bash|p2a: Dracozolt
|-resisted|p2a: Dracozolt
|-damage|p2a: Dracozolt|69/100
|-resisted|p2a: Dracozolt
|-damage|p2a: Dracozolt|48/100
|-hitcount|p2a: Dracozolt|2
|
|-heal|p1a: Melmetal|65/100|[from] item: Leftovers
|upkeep
|turn|27
|
|t:|1660883689
|switch|p1a: Clefable|Clefable, F|84/100
|move|p2a: Dracozolt|Fire Blast|p1a: Clefable
|-damage|p1a: Clefable|54/100
|-damage|p2a: Dracozolt|38/100|[from] item: Life Orb
|
|-end|p1a: Clefable|move: Future Sight
|-damage|p1a: Clefable|7/100
|upkeep
|turn|28
|
|t:|1660883702
|switch|p1a: Landorus|Landorus-Therian, M|100/100
|-damage|p1a: Landorus|88/100|[from] Stealth Rock
|-ability|p1a: Landorus|Intimidate|boost
|-unboost|p2a: Dracozolt|atk|1
|move|p2a: Dracozolt|Bolt Beak|p1a: Landorus
|-immune|p1a: Landorus
|
|-heal|p1a: Landorus|94/100|[from] item: Leftovers
|upkeep
|turn|29
|
|t:|1660883713
|move|p1a: Landorus|Knock Off|p2a: Dracozolt
|-damage|p2a: Dracozolt|3/100
|-enditem|p2a: Dracozolt|Life Orb|[from] move: Knock Off|[of] p1a: Landorus
|move|p2a: Dracozolt|Draco Meteor|p1a: Landorus
|-damage|p1a: Landorus|52/100
|-unboost|p2a: Dracozolt|spa|2
|
|-heal|p1a: Landorus|58/100|[from] item: Leftovers
|upkeep
|turn|30
|j| LT93OQ Raptor
|
|t:|1660883727
|move|p1a: Landorus|U-turn|p2a: Dracozolt
|-damage|p2a: Dracozolt|0 fnt
|faint|p2a: Dracozolt
|j| BasedWhat?
|
|t:|1660883742
|switch|p1a: Dragonite|Dragonite, F|100/100|[from]move: U-turn
|
|upkeep
|j| minitops
|
|t:|1660883753
|switch|p2a: Hippowdon|Hippowdon, M|90/100
|-damage|p2a: Hippowdon|84/100|[from] Stealth Rock
|-weather|Sandstorm|[from] ability: Sand Stream|[of] p2a: Hippowdon
|turn|31
|
|t:|1660883759
|switch|p1a: Clefable|Clefable, F|7/100
|switch|p2a: Tapu Fini|Tapu Fini|57/100
|-damage|p2a: Tapu Fini|45/100|[from] Stealth Rock
|-fieldstart|move: Misty Terrain|[from] ability: Misty Surge|[of] p2a: Tapu Fini
|
|-weather|Sandstorm|[upkeep]
|-damage|p2a: Tapu Fini|39/100|[from] Sandstorm
|-heal|p2a: Tapu Fini|45/100|[from] item: Leftovers
|upkeep
|turn|32
|
|t:|1660883768
|switch|p1a: Landorus|Landorus-Therian, M|58/100
|-damage|p1a: Landorus|46/100|[from] Stealth Rock
|-ability|p1a: Landorus|Intimidate|boost
|-unboost|p2a: Tapu Fini|atk|1
|move|p2a: Tapu Fini|Scald|p1a: Landorus
|-supereffective|p1a: Landorus
|-damage|p1a: Landorus|1/100
|
|-weather|Sandstorm|[upkeep]
|-damage|p2a: Tapu Fini|39/100|[from] Sandstorm
|-heal|p2a: Tapu Fini|45/100|[from] item: Leftovers
|-heal|p1a: Landorus|7/100|[from] item: Leftovers
|upkeep
|turn|33
|
|t:|1660883781
|move|p2a: Tapu Fini|Scald|p1a: Landorus
|-supereffective|p1a: Landorus
|-damage|p1a: Landorus|0 fnt
|faint|p1a: Landorus
|
|-weather|Sandstorm|[upkeep]
|-damage|p2a: Tapu Fini|39/100|[from] Sandstorm
|-heal|p2a: Tapu Fini|45/100|[from] item: Leftovers
|upkeep
|l| BasedWhat?
|
|t:|1660883785
|switch|p1a: Melmetal|Melmetal|65/100
|-damage|p1a: Melmetal|59/100|[from] Stealth Rock
|turn|34
|j| LT93OQ acr1
|l| LT93OQ acr1
|
|t:|1660883819
|switch|p2a: Slowking|Slowking-Galar, F|92/100
|-damage|p2a: Slowking|80/100|[from] Stealth Rock
|move|p1a: Melmetal|Double Iron Bash|p2a: Slowking
|-damage|p2a: Slowking|46/100
|-damage|p2a: Slowking|8/100
|-hitcount|p2a: Slowking|2
|
|-weather|Sandstorm|[upkeep]
|-damage|p2a: Slowking|2/100|[from] Sandstorm
|-heal|p1a: Melmetal|65/100|[from] item: Leftovers
|upkeep
|turn|35
|
|t:|1660883827
|move|p1a: Melmetal|Body Press|p2a: Slowking
|-resisted|p2a: Slowking
|-damage|p2a: Slowking|0 fnt
|faint|p2a: Slowking
|
|-weather|none
|-heal|p1a: Melmetal|71/100|[from] item: Leftovers
|-fieldend|Misty Terrain
|upkeep
|
|t:|1660883829
|switch|p2a: Tornadus|Tornadus-Therian, M|100/100
|turn|36
|j| LT93OQLACABALLOTA
|j| suits me very fine
|
|t:|1660883862
|switch|p1a: Weavile|Weavile, M|100/100
|-ability|p1a: Weavile|Pressure
|move|p2a: Tornadus|Focus Blast|p1a: Weavile|[miss]
|-miss|p2a: Tornadus|p1a: Weavile
|
|upkeep
|turn|37
|c|☆okaybears|lmao are you serious
|
|t:|1660883874
|move|p1a: Weavile|Icicle Crash|p2a: Tornadus
|-supereffective|p2a: Tornadus
|-damage|p2a: Tornadus|0 fnt
|faint|p2a: Tornadus
|
|upkeep
|c|☆okaybears|what the fuck was that
|
|t:|1660883883
|switch|p2a: Tapu Fini|Tapu Fini|45/100
|-damage|p2a: Tapu Fini|33/100|[from] Stealth Rock
|-fieldstart|move: Misty Terrain|[from] ability: Misty Surge|[of] p2a: Tapu Fini
|turn|38
|l| LT93OQ Nick
|
|t:|1660883894
|move|p1a: Weavile|Knock Off|p2a: Tapu Fini
|-resisted|p2a: Tapu Fini
|-crit|p2a: Tapu Fini
|-damage|p2a: Tapu Fini|0 fnt
|-enditem|p2a: Tapu Fini|Leftovers|[from] move: Knock Off|[of] p1a: Weavile
|faint|p2a: Tapu Fini
|
|upkeep
|l| gerald.jones061
|inactive|Battle timer is ON: inactive players will automatically lose when time's up. (requested by LT93OQ ES)
|c|☆okaybears|the dumbest play ever get rewarded lmao typical mons
|c|☆okaybears|let me fuckin switch in my win con and dodge
|l|☆okaybears
|inactive|okaybears disconnected and has a minute to reconnect!
|player|p2|
|j| Yung Mus
|inactive|okaybears has 30 seconds to reconnect!
|inactive|okaybears has 20 seconds to reconnect!
|inactive|okaybears has 15 seconds to reconnect!
|inactive|okaybears has 10 seconds to reconnect!
|inactive|okaybears has 5 seconds to reconnect!
|-message|okaybears lost due to inactivity.
|
|win|LT93OQ ES
|raw|LT93OQ ES's rating: 1878 &rarr; <strong>1894</strong><br />(+16 for winning)
|raw|okaybears's rating: 1808 &rarr; <strong>1792</strong><br />(-16 for losing)
|l| LT93OQ T
|l| LT93OQ Raptor
|l|‽LT93OQ ES
