|html|<div class="broadcast-blue"><strong>[Gen 8] OU is currently suspecting Zamazenta-Crowned! For information on how to participate check out the <a href="https://www.smogon.com/forums/threads/np-ss-ou-suspect-process-round-10-royals.3681787/">suspect thread</a>.</strong></div>
|j|☆Gen8noobphysicist
|j|☆vagmak
|t:|1619117358
|gametype|singles
|player|p1|Gen8noobphysicist|hoopster|1407
|player|p2|vagmak|brawly|1503
|teamsize|p1|6
|teamsize|p2|6
|gen|8
|tier|[Gen 8] OU
|rated|
|clearpoke
|poke|p1|Tyranitar, F|
|poke|p1|Rillaboom, M|
|poke|p1|Grimmsnarl, M|
|poke|p1|Excadrill, M|
|poke|p1|Zapdos-Galar|
|poke|p1|Kartana|
|poke|p2|Azumarill, F|
|poke|p2|Garchomp, F|
|poke|p2|Melmetal|
|poke|p2|Latios, M|
|poke|p2|Blaziken, M|
|poke|p2|Bisharp, F|
|rule|Sleep Clause Mod: Limit one foe put to sleep
|rule|Species Clause: Limit one of each Pokémon
|rule|OHKO Clause: OHKO moves are banned
|rule|Evasion Moves Clause: Evasion moves are banned
|rule|Endless Battle Clause: Forcing endless battles is banned
|rule|HP Percentage Mod: HP is shown in percentages
|rule|Dynamax Clause: You cannot dynamax
|teampreview
|inactive|Battle timer is ON: inactive players will automatically lose when time's up. (requested by vagmak)
|j| Tarek Habibi
|inactive|Gen8noobphysicist has 120 seconds left.
|inactive|Gen8noobphysicist has 90 seconds left.
|
|t:|1619117438
|start
|switch|p1a: Excadrill|Excadrill, M|100/100
|switch|p2a: Bisharp|Bisharp, F|100/100
|turn|1
|
|t:|1619117446
|move|p1a: Excadrill|Stealth Rock|p2a: Bisharp
|-sidestart|p2: vagmak|move: Stealth Rock
|move|p2a: Bisharp|Knock Off|p1a: Excadrill
|-damage|p1a: Excadrill|2/100
|-enditem|p1a: Excadrill|Focus Sash|[from] move: Knock Off|[of] p2a: Bisharp
|-damage|p2a: Bisharp|91/100|[from] item: Life Orb
|
|upkeep
|turn|2
|
|t:|1619117459
|switch|p1a: Zapdos|Zapdos-Galar|100/100
|move|p2a: Bisharp|Sucker Punch||[still]
|-fail|p2a: Bisharp
|
|upkeep
|turn|3
|
|t:|1619117469
|switch|p2a: Melmetal|Melmetal|100/100
|-damage|p2a: Melmetal|94/100|[from] Stealth Rock
|move|p1a: Zapdos|U-turn|p2a: Melmetal
|-resisted|p2a: Melmetal
|-damage|p2a: Melmetal|83/100
|
|t:|1619117477
|switch|p1a: Excadrill|Excadrill, M|2/100|[from]move: U-turn
|
|upkeep
|turn|4
|inactive|Gen8noobphysicist has 120 seconds left.
|inactive|vagmak has 120 seconds left.
|
|t:|1619117518
|switch|p2a: Latios|Latios, M|100/100
|-damage|p2a: Latios|88/100|[from] Stealth Rock
|move|p1a: Excadrill|High Horsepower|p2a: Latios
|-immune|p2a: Latios|[from] ability: Levitate
|
|upkeep
|turn|5
|inactive|vagmak has 120 seconds left.
|
|t:|1619117531
|switch|p1a: Grimmsnarl|Grimmsnarl, M|100/100
|move|p2a: Latios|Psychic|p1a: Grimmsnarl
|-immune|p1a: Grimmsnarl
|
|upkeep
|turn|6
|inactive|vagmak has 120 seconds left.
|inactive|Gen8noobphysicist has 120 seconds left.
|
|t:|1619117560
|switch|p2a: Melmetal|Melmetal|83/100
|-damage|p2a: Melmetal|77/100|[from] Stealth Rock
|move|p1a: Grimmsnarl|Reflect|p1a: Grimmsnarl
|-sidestart|p1: Gen8noobphysicist|Reflect
|
|upkeep
|turn|7
|inactive|Gen8noobphysicist has 120 seconds left.
|
|t:|1619117594
|switch|p1a: Kartana|Kartana|100/100
|move|p2a: Melmetal|Double Iron Bash|p1a: Kartana
|-resisted|p1a: Kartana
|-damage|p1a: Kartana|89/100
|-resisted|p1a: Kartana
|-damage|p1a: Kartana|78/100
|-hitcount|p1a: Kartana|2
|
|upkeep
|turn|8
|inactive|Gen8noobphysicist has 90 seconds left.
|inactive|vagmak has 90 seconds left.
|
|t:|1619117624
|switch|p2a: Latios|Latios, M|88/100
|-damage|p2a: Latios|76/100|[from] Stealth Rock
|move|p1a: Kartana|Knock Off|p2a: Latios
|-supereffective|p2a: Latios
|-damage|p2a: Latios|0 fnt
|-enditem|p2a: Latios|Choice Specs|[from] move: Knock Off|[of] p1a: Kartana
|faint|p2a: Latios
|-ability|p1a: Kartana|Beast Boost|boost
|-boost|p1a: Kartana|atk|1
|
|upkeep
|inactive|vagmak has 90 seconds left.
|
|t:|1619117639
|switch|p2a: Blaziken|Blaziken, M, shiny|100/100
|-damage|p2a: Blaziken|88/100|[from] Stealth Rock
|turn|9
|inactive|vagmak has 90 seconds left.
|inactive|Gen8noobphysicist has 90 seconds left.
|inactive|Gen8noobphysicist has 60 seconds left.
|
|t:|1619117704
|move|p2a: Blaziken|Protect|p2a: Blaziken
|-singleturn|p2a: Blaziken|Protect
|move|p1a: Kartana|Knock Off|p2a: Blaziken
|-activate|p2a: Blaziken|move: Protect
|
|-ability|p2a: Blaziken|Speed Boost|boost
|-boost|p2a: Blaziken|spe|1
|upkeep
|turn|10
|inactive|vagmak has 90 seconds left.
|inactive|Gen8noobphysicist has 30 seconds left.
|
|t:|1619117727
|switch|p1a: Zapdos|Zapdos-Galar|100/100
|move|p2a: Blaziken|Flare Blitz|p1a: Zapdos
|-damage|p1a: Zapdos|49/100
|-damage|p2a: Blaziken|70/100|[from] Recoil
|-damage|p2a: Blaziken|60/100|[from] item: Life Orb
|
|-ability|p2a: Blaziken|Speed Boost|boost
|-boost|p2a: Blaziken|spe|1
|upkeep
|turn|11
|inactive|Gen8noobphysicist has 30 seconds left.
|inactive|vagmak has 90 seconds left.
|inactive|Gen8noobphysicist has 20 seconds left.
|inactive|Gen8noobphysicist has 15 seconds left.
|inactive|Gen8noobphysicist has 10 seconds left.
|
|t:|1619117758
|switch|p1a: Godzilla|Tyranitar, F|100/100
|-weather|Sandstorm|[from] ability: Sand Stream|[of] p1a: Godzilla
|move|p2a: Blaziken|Protect||[still]
|-fail|p2a: Blaziken
|
|-weather|Sandstorm|[upkeep]
|-damage|p2a: Blaziken|54/100|[from] Sandstorm
|-ability|p2a: Blaziken|Speed Boost|boost
|-boost|p2a: Blaziken|spe|1
|upkeep
|turn|12
|inactive|Gen8noobphysicist has 20 seconds left this turn.
|inactive|Gen8noobphysicist has 15 seconds left.
|inactive|vagmak has 90 seconds left.
|inactive|Gen8noobphysicist has 10 seconds left.
|inactive|Gen8noobphysicist has 5 seconds left.
|
|t:|1619117787
|switch|p1a: Zapdos|Zapdos-Galar|49/100
|move|p2a: Blaziken|Protect||[still]
|-fail|p2a: Blaziken
|
|-weather|Sandstorm|[upkeep]
|-damage|p2a: Blaziken|49/100|[from] Sandstorm
|-damage|p1a: Zapdos|43/100|[from] Sandstorm
|-ability|p2a: Blaziken|Speed Boost|boost
|-boost|p2a: Blaziken|spe|1
|upkeep
|turn|13
|inactive|Gen8noobphysicist has 15 seconds left this turn.
|inactive|Gen8noobphysicist has 10 seconds left.
|
|t:|1619117799
|switch|p1a: Godzilla|Tyranitar, F|100/100
|move|p2a: Blaziken|Protect||[still]
|-fail|p2a: Blaziken
|
|-weather|Sandstorm|[upkeep]
|-damage|p2a: Blaziken|43/100|[from] Sandstorm
|-sideend|p1: Gen8noobphysicist|Reflect
|-ability|p2a: Blaziken|Speed Boost|boost
|-boost|p2a: Blaziken|spe|1
|upkeep
|turn|14
|inactive|Gen8noobphysicist has 20 seconds left this turn.
|inactive|Gen8noobphysicist has 15 seconds left.
|inactive|Gen8noobphysicist has 10 seconds left.
|inactive|Gen8noobphysicist has 5 seconds left.
|inactive|vagmak has 60 seconds left.
|
|t:|1619117833
|move|p2a: Blaziken|Earthquake|p1a: Godzilla
|-supereffective|p1a: Godzilla
|-damage|p1a: Godzilla|15/100
|-enditem|p1a: Godzilla|Weakness Policy
|-boost|p1a: Godzilla|atk|2|[from] item: Weakness Policy
|-boost|p1a: Godzilla|spa|2|[from] item: Weakness Policy
|-damage|p2a: Blaziken|33/100|[from] item: Life Orb
|move|p1a: Godzilla|High Horsepower|p2a: Blaziken
|-supereffective|p2a: Blaziken
|-damage|p2a: Blaziken|0 fnt
|faint|p2a: Blaziken
|
|-weather|Sandstorm|[upkeep]
|upkeep
|inactive|Gen8noobphysicist has 10 seconds left this turn.
|
|t:|1619117847
|switch|p2a: Garchomp|Garchomp, F|100/100
|-damage|p2a: Garchomp|94/100|[from] Stealth Rock
|turn|15
|inactive|Gen8noobphysicist has 20 seconds left this turn.
|inactive|Gen8noobphysicist has 15 seconds left.
|
|t:|1619117856
|switch|p1a: Kong|Rillaboom, M|100/100
|-fieldstart|move: Grassy Terrain|[from] ability: Grassy Surge|[of] p1a: Kong
|move|p2a: Garchomp|Earthquake|p1a: Kong
|-resisted|p1a: Kong
|-damage|p1a: Kong|81/100
|-damage|p2a: Garchomp|85/100|[from] item: Life Orb
|
|-weather|none
|-heal|p2a: Garchomp|91/100|[from] Grassy Terrain
|-heal|p1a: Kong|87/100|[from] Grassy Terrain
|upkeep
|turn|16
|inactive|Gen8noobphysicist has 25 seconds left this turn.
|inactive|Gen8noobphysicist has 20 seconds left.
|inactive|vagmak has 60 seconds left.
|inactive|vagmak has 30 seconds left.
|inactive|vagmak has 20 seconds left.
|
|t:|1619117903
|switch|p1a: Grimmsnarl|Grimmsnarl, M|100/100
|move|p2a: Garchomp|Fire Fang|p1a: Grimmsnarl
|-damage|p1a: Grimmsnarl|63/100
|-damage|p2a: Garchomp|81/100|[from] item: Life Orb
|
|-heal|p2a: Garchomp|87/100|[from] Grassy Terrain
|-heal|p1a: Grimmsnarl|69/100|[from] Grassy Terrain
|upkeep
|turn|17
|inactive|Gen8noobphysicist has 30 seconds left this turn.
|inactive|vagmak has 30 seconds left this turn.
|inactive|vagmak has 20 seconds left.
|
|t:|1619117914
|move|p1a: Grimmsnarl|Reflect|p1a: Grimmsnarl
|-sidestart|p1: Gen8noobphysicist|Reflect
|move|p2a: Garchomp|Swords Dance|p2a: Garchomp
|-boost|p2a: Garchomp|atk|2
|
|-heal|p2a: Garchomp|93/100|[from] Grassy Terrain
|-heal|p1a: Grimmsnarl|75/100|[from] Grassy Terrain
|upkeep
|turn|18
|inactive|vagmak has 30 seconds left this turn.
|
|t:|1619117922
|move|p2a: Garchomp|Earthquake|p1a: Grimmsnarl
|-damage|p1a: Grimmsnarl|34/100
|-damage|p2a: Garchomp|83/100|[from] item: Life Orb
|move|p1a: Grimmsnarl|Spirit Break|p2a: Garchomp
|-supereffective|p2a: Garchomp
|-damage|p2a: Garchomp|23/100
|-unboost|p2a: Garchomp|spa|1
|-damage|p1a: Grimmsnarl|22/100|[from] ability: Rough Skin|[of] p2a: Garchomp
|
|-heal|p2a: Garchomp|29/100|[from] Grassy Terrain
|-heal|p1a: Grimmsnarl|28/100|[from] Grassy Terrain
|upkeep
|turn|19
|inactive|vagmak has 30 seconds left.
|inactive|Gen8noobphysicist has 30 seconds left.
|inactive|Gen8noobphysicist has 20 seconds left.
|inactive|Gen8noobphysicist has 15 seconds left.
|inactive|Gen8noobphysicist has 10 seconds left.
|inactive|vagmak has 20 seconds left.
|
|t:|1619117964
|switch|p1a: Excadrill|Excadrill, M|2/100
|move|p2a: Garchomp|Earthquake|p1a: Excadrill
|-supereffective|p1a: Excadrill
|-damage|p1a: Excadrill|0 fnt
|-damage|p2a: Garchomp|19/100|[from] item: Life Orb
|faint|p1a: Excadrill
|
|-heal|p2a: Garchomp|25/100|[from] Grassy Terrain
|-fieldend|move: Grassy Terrain
|upkeep
|inactive|Gen8noobphysicist has 15 seconds left this turn.
|inactive|vagmak has 25 seconds left this turn.
|
|t:|1619117967
|switch|p1a: Kong|Rillaboom, M|87/100
|-fieldstart|move: Grassy Terrain|[from] ability: Grassy Surge|[of] p1a: Kong
|turn|20
|inactive|Gen8noobphysicist has 25 seconds left this turn.
|inactive|Gen8noobphysicist has 20 seconds left.
|inactive|vagmak has 30 seconds left.
|inactive|Gen8noobphysicist has 15 seconds left.
|inactive|vagmak has 20 seconds left.
|inactive|vagmak has 15 seconds left.
|inactive|vagmak has 10 seconds left.
|
|t:|1619117994
|switch|p2a: Melmetal|Melmetal|77/100
|-damage|p2a: Melmetal|71/100|[from] Stealth Rock
|move|p1a: Kong|Grassy Glide|p2a: Melmetal
|-resisted|p2a: Melmetal
|-damage|p2a: Melmetal|56/100
|
|-heal|p1a: Kong|93/100|[from] Grassy Terrain
|-heal|p2a: Melmetal|62/100|[from] Grassy Terrain
|upkeep
|turn|21
|inactive|Gen8noobphysicist has 25 seconds left this turn.
|inactive|vagmak has 20 seconds left this turn.
|inactive|Gen8noobphysicist has 20 seconds left.
|inactive|vagmak has 15 seconds left.
|inactive|Gen8noobphysicist has 15 seconds left.
|inactive|vagmak has 10 seconds left.
|inactive|Gen8noobphysicist has 10 seconds left.
|
|t:|1619118012
|move|p1a: Kong|Superpower|p2a: Melmetal
|-supereffective|p2a: Melmetal
|-damage|p2a: Melmetal|11/100
|-unboost|p1a: Kong|atk|1
|-unboost|p1a: Kong|def|1
|move|p2a: Melmetal|Double Iron Bash|p1a: Kong
|-crit|p1a: Kong
|-damage|p1a: Kong|0 fnt
|-hitcount|p1a: Kong|1
|faint|p1a: Kong
|
|-heal|p2a: Melmetal|17/100|[from] Grassy Terrain
|upkeep
|inactive|Gen8noobphysicist has 15 seconds left this turn.
|inactive|vagmak has 15 seconds left this turn.
|inactive|Gen8noobphysicist has 10 seconds left.
|
|t:|1619118018
|switch|p1a: Kartana|Kartana|78/100
|turn|22
|inactive|Gen8noobphysicist has 20 seconds left this turn.
|inactive|vagmak has 25 seconds left this turn.
|inactive|vagmak has 20 seconds left.
|inactive|vagmak has 15 seconds left.
|
|t:|1619118028
|move|p1a: Kartana|Leaf Blade|p2a: Melmetal
|-resisted|p2a: Melmetal
|-damage|p2a: Melmetal|0 fnt
|faint|p2a: Melmetal
|-ability|p1a: Kartana|Beast Boost|boost
|-boost|p1a: Kartana|atk|1
|
|-heal|p1a: Kartana|84/100|[from] Grassy Terrain
|upkeep
|inactive|Gen8noobphysicist has 25 seconds left this turn.
|inactive|vagmak has 20 seconds left this turn.
|inactive|vagmak has 15 seconds left.
|inactive|vagmak has 10 seconds left.
|
|t:|1619118038
|switch|p2a: Bisharp|Bisharp, F|91/100
|-damage|p2a: Bisharp|85/100|[from] Stealth Rock
|turn|23
|inactive|vagmak has 20 seconds left this turn.
|inactive|Gen8noobphysicist has 30 seconds left.
|inactive|Gen8noobphysicist has 20 seconds left.
|inactive|Gen8noobphysicist has 15 seconds left.
|
|t:|1619118059
|move|p1a: Kartana|Leaf Blade|p2a: Bisharp
|-resisted|p2a: Bisharp
|-damage|p2a: Bisharp|26/100
|move|p2a: Bisharp|Swords Dance|p2a: Bisharp
|-boost|p2a: Bisharp|atk|2
|
|-heal|p1a: Kartana|90/100|[from] Grassy Terrain
|-heal|p2a: Bisharp|32/100|[from] Grassy Terrain
|upkeep
|turn|24
|inactive|Gen8noobphysicist has 25 seconds left this turn.
|inactive|vagmak has 30 seconds left this turn.
|inactive|vagmak has 20 seconds left.
|inactive|vagmak has 15 seconds left.
|inactive|vagmak has 10 seconds left.
|inactive|vagmak has 5 seconds left.
|
|t:|1619118089
|move|p2a: Bisharp|Sucker Punch|p1a: Kartana
|-damage|p1a: Kartana|41/100
|-damage|p2a: Bisharp|22/100|[from] item: Life Orb
|move|p1a: Kartana|Leaf Blade|p2a: Bisharp
|-resisted|p2a: Bisharp
|-damage|p2a: Bisharp|0 fnt
|faint|p2a: Bisharp
|-ability|p1a: Kartana|Beast Boost|boost
|-boost|p1a: Kartana|atk|1
|
|-heal|p1a: Kartana|47/100|[from] Grassy Terrain
|-fieldend|move: Grassy Terrain
|-sideend|p1: Gen8noobphysicist|Reflect
|upkeep
|inactive|Gen8noobphysicist has 30 seconds left this turn.
|inactive|vagmak has 10 seconds left this turn.
|inactive|vagmak has 5 seconds left.
|-message|vagmak lost due to inactivity.
|
|win|Gen8noobphysicist
|raw|Gen8noobphysicist's rating: 1407 &rarr; <strong>1432</strong><br />(+25 for winning)
|raw|vagmak's rating: 1503 &rarr; <strong>1478</strong><br />(-25 for losing)
|l|☆vagmak
||Ladder isn't responding, score probably updated but might not have (Request timeout).
