|j|☆JaVpad1spi
|j|☆Lordorgodemir
|t:|1631726279
|gametype|singles
|player|p1|JaVpad1spi|1|1261
|player|p2|Lordorgodemir|169|1221
|teamsize|p1|6
|teamsize|p2|6
|gen|8
|tier|[Gen 8] OU
|rated|
|rule|Sleep Clause Mod: Limit one foe put to sleep
|rule|Species Clause: Limit one of each Pokémon
|rule|OHKO Clause: OHKO moves are banned
|rule|Evasion Moves Clause: Evasion moves are banned
|rule|Endless Battle Clause: Forcing endless battles is banned
|rule|HP Percentage Mod: HP is shown in percentages
|rule|Dynamax Clause: You cannot dynamax
|clearpoke
|poke|p1|Garchomp, F|
|poke|p1|Zeraora|
|poke|p1|Blissey, F|
|poke|p1|Slowbro, F|
|poke|p1|Zapdos|
|poke|p1|Gengar, M|
|poke|p2|Hatterene, F|
|poke|p2|Volcarona, F|
|poke|p2|Magnezone|
|poke|p2|Mamoswine, F|
|poke|p2|Urshifu-*, F|
|poke|p2|Dragapult, F|
|teampreview
|
|t:|1631726296
|start
|switch|p1a: D|Gengar, M|100/100
|switch|p2a: Mamoswine|Mamoswine, F|100/100
|turn|1
|
|t:|1631726306
|move|p1a: D|Shadow Ball|p2a: Mamoswine
|-damage|p2a: Mamoswine|10/100
|move|p2a: Mamoswine|Knock Off|p1a: D
|-supereffective|p1a: D
|-damage|p1a: D|0 fnt
|-enditem|p1a: D|Choice Specs|[from] move: Knock Off|[of] p2a: Mamoswine
|faint|p1a: D
|-damage|p2a: Mamoswine|0 fnt|[from] item: Life Orb
|faint|p2a: Mamoswine
|
|upkeep
|
|t:|1631726323
|switch|p1a: N|Zeraora|100/100
|switch|p2a: Urshifu|Urshifu-Rapid-Strike, F|100/100
|turn|2
|
|t:|1631726331
|move|p1a: N|Plasma Fists|p2a: Urshifu
|-supereffective|p2a: Urshifu
|-damage|p2a: Urshifu|11/100
|move|p2a: Urshifu|Surging Strikes|p1a: N
|-crit|p1a: N
|-damage|p1a: N|68/100
|-crit|p1a: N
|-damage|p1a: N|35/100
|-crit|p1a: N
|-damage|p1a: N|4/100
|-hitcount|p1a: N|3
|
|upkeep
|turn|3
|
|t:|1631726342
|move|p2a: Urshifu|Aqua Jet|p1a: N
|-damage|p1a: N|0 fnt
|faint|p1a: N
|
|upkeep
|
|t:|1631726346
|switch|p1a: T|Slowbro, F|100/100
|turn|4
|
|t:|1631726355
|switch|p1a: U|Garchomp, F|100/100
|move|p2a: Urshifu|U-turn|p1a: U
|-damage|p1a: U|74/100
|-damage|p2a: Urshifu|0 fnt|[from] ability: Rough Skin|[of] p1a: U
|faint|p2a: Urshifu
|
|-heal|p1a: U|80/100|[from] item: Leftovers
|upkeep
|
|t:|1631726365
|switch|p2a: Dragapult|Dragapult, F|100/100
|turn|5
|
|t:|1631726370
|switch|p1a: I|Blissey, F|100/100
|move|p2a: Dragapult|Will-O-Wisp|p1a: I
|-status|p1a: I|brn
|
|-damage|p1a: I|94/100 brn|[from] brn
|upkeep
|turn|6
|
|t:|1631726379
|move|p2a: Dragapult|U-turn|p1a: I
|-damage|p1a: I|80/100 brn
|
|t:|1631726382
|switch|p2a: Magnezone|Magnezone|100/100|[from]move: U-turn
|move|p1a: I|Teleport|p1a: I
|
|t:|1631726387
|switch|p1a: U|Garchomp, F|80/100|[from]move: Teleport
|
|-heal|p1a: U|86/100|[from] item: Leftovers
|upkeep
|turn|7
|
|t:|1631726399
|move|p1a: U|Earthquake|p2a: Magnezone
|-supereffective|p2a: Magnezone
|-damage|p2a: Magnezone|0 fnt
|faint|p2a: Magnezone
|
|-heal|p1a: U|92/100|[from] item: Leftovers
|upkeep
|
|t:|1631726407
|switch|p2a: Hatterene|Hatterene, F, shiny|100/100
|turn|8
|
|t:|1631726413
|switch|p1a: I|Blissey, F|80/100
|move|p2a: Hatterene|Calm Mind|p2a: Hatterene
|-boost|p2a: Hatterene|spa|1
|-boost|p2a: Hatterene|spd|1
|
|-heal|p1a: I|86/100|[from] item: Leftovers
|upkeep
|turn|9
|
|t:|1631726421
|move|p1a: I|Seismic Toss|p2a: Hatterene
|-damage|p2a: Hatterene|69/100
|move|p2a: Hatterene|Calm Mind|p2a: Hatterene
|-boost|p2a: Hatterene|spa|1
|-boost|p2a: Hatterene|spd|1
|
|-heal|p1a: I|93/100|[from] item: Leftovers
|-heal|p2a: Hatterene|75/100|[from] item: Leftovers
|upkeep
|turn|10
|
|t:|1631726436
|switch|p1a: T|Slowbro, F|100/100
|move|p2a: Hatterene|Draining Kiss|p1a: T
|-damage|p1a: T|56/100
|-heal|p2a: Hatterene|100/100|[from] drain|[of] p1a: T
|
|upkeep
|turn|11
|
|t:|1631726446
|move|p2a: Hatterene|Calm Mind|p2a: Hatterene
|-boost|p2a: Hatterene|spa|1
|-boost|p2a: Hatterene|spd|1
|move|p1a: T|Scald|p2a: Hatterene
|-damage|p2a: Hatterene|87/100
|
|-heal|p2a: Hatterene|93/100|[from] item: Leftovers
|upkeep
|turn|12
|
|t:|1631726465
|switch|p1a: E|Zapdos|100/100
|move|p2a: Hatterene|Draining Kiss|p1a: E
|-damage|p1a: E|49/100
|-heal|p2a: Hatterene|100/100|[from] drain|[of] p1a: E
|
|upkeep
|turn|13
|
|t:|1631726474
|move|p1a: E|Volt Switch|p2a: Hatterene
|-damage|p2a: Hatterene|89/100
|
|t:|1631726476
|switch|p1a: T|Slowbro, F|89/100|[from]move: Volt Switch
|move|p2a: Hatterene|Mystical Fire|p1a: T
|-resisted|p1a: T
|-damage|p1a: T|60/100
|-unboost|p1a: T|spa|1
|
|-heal|p2a: Hatterene|95/100|[from] item: Leftovers
|upkeep
|turn|14
|
|t:|1631726487
|move|p2a: Hatterene|Calm Mind|p2a: Hatterene
|-boost|p2a: Hatterene|spa|1
|-boost|p2a: Hatterene|spd|1
|move|p1a: T|Scald|p2a: Hatterene
|-damage|p2a: Hatterene|88/100
|-status|p2a: Hatterene|brn
|
|-heal|p2a: Hatterene|94/100 brn|[from] item: Leftovers
|-damage|p2a: Hatterene|88/100 brn|[from] brn
|upkeep
|turn|15
|
|t:|1631726502
|move|p2a: Hatterene|Draining Kiss|p1a: T
|-damage|p1a: T|0 fnt
|-heal|p2a: Hatterene|100/100 brn|[from] drain|[of] p1a: T
|faint|p1a: T
|
|-damage|p2a: Hatterene|95/100 brn|[from] brn
|upkeep
|
|t:|1631726506
|switch|p1a: U|Garchomp, F|92/100
|turn|16
|
|t:|1631726517
|move|p1a: U|Earthquake|p2a: Hatterene
|-damage|p2a: Hatterene|53/100 brn
|move|p2a: Hatterene|Draining Kiss|p1a: U
|-supereffective|p1a: U
|-damage|p1a: U|0 fnt
|-heal|p2a: Hatterene|100/100 brn|[from] drain|[of] p1a: U
|-damage|p2a: Hatterene|88/100 brn|[from] ability: Rough Skin|[of] p1a: U
|faint|p1a: U
|
|-heal|p2a: Hatterene|94/100 brn|[from] item: Leftovers
|-damage|p2a: Hatterene|88/100 brn|[from] brn
|upkeep
|
|t:|1631726522
|switch|p1a: I|Blissey, F|93/100
|turn|17
|
|t:|1631726532
|move|p1a: I|Seismic Toss|p2a: Hatterene
|-damage|p2a: Hatterene|57/100 brn
|move|p2a: Hatterene|Psyshock|p1a: I
|-damage|p1a: I|4/100
|
|-heal|p1a: I|10/100|[from] item: Leftovers
|-heal|p2a: Hatterene|63/100 brn|[from] item: Leftovers
|-damage|p2a: Hatterene|57/100 brn|[from] brn
|upkeep
|turn|18
|-message|JaVpad1spi forfeited.
|
|win|Lordorgodemir
|raw|JaVpad1spi's rating: 1261 &rarr; <strong>1233</strong><br />(-28 for losing)
|raw|Lordorgodemir's rating: 1221 &rarr; <strong>1249</strong><br />(+28 for winning)
|l|☆JaVpad1spi
||Ladder isn't responding, score probably updated but might not have (Request timeout).
