|j|☆noudle soop
|j|☆ultrabeastsmeargle
|t:|1635392002
|gametype|singles
|player|p1|noudle soop|sailor|1635
|player|p2|ultrabeastsmeargle|1|1602
|teamsize|p1|6
|teamsize|p2|6
|gen|8
|tier|[Gen 8] OU
|rated|
|rule|Sleep Clause Mod: Limit one foe put to sleep
|rule|Species Clause: Limit one of each Pokémon
|rule|OHKO Clause: OHKO moves are banned
|rule|Evasion Moves Clause: Evasion moves are banned
|rule|Endless Battle Clause: Forcing endless battles is banned
|rule|HP Percentage Mod: HP is shown in percentages
|rule|Dynamax Clause: You cannot dynamax
|clearpoke
|poke|p1|Cloyster, F|
|poke|p1|Kartana|
|poke|p1|Celesteela|
|poke|p1|Dragapult, F|
|poke|p1|Landorus-Therian, M|
|poke|p1|Dragonite, M|
|poke|p2|Landorus-Therian, M|
|poke|p2|Weavile, M|
|poke|p2|Dragonite, M|
|poke|p2|Ferrothorn, M|
|poke|p2|Tapu Fini|
|poke|p2|Heatran, M|
|teampreview
|inactive|Battle timer is ON: inactive players will automatically lose when time's up. (requested by noudle soop)
|inactive|ultrabeastsmeargle has 120 seconds left.
|
|t:|1635392051
|start
|switch|p1a: Celesteela|Celesteela|100/100
|switch|p2a: Weavile|Weavile, M|100/100
|-ability|p2a: Weavile|Pressure
|turn|1
|
|t:|1635392060
|move|p2a: Weavile|Knock Off|p1a: Celesteela
|-damage|p1a: Celesteela|64/100
|-enditem|p1a: Celesteela|Leftovers|[from] move: Knock Off|[of] p2a: Weavile
|move|p1a: Celesteela|Leech Seed|p2a: Weavile
|-start|p2a: Weavile|move: Leech Seed
|
|-damage|p2a: Weavile|88/100|[from] Leech Seed|[of] p1a: Celesteela
|-heal|p1a: Celesteela|73/100|[silent]
|upkeep
|turn|2
|
|t:|1635392070
|switch|p2a: Heatran|Heatran, M|100/100
|move|p1a: Celesteela|Substitute|p1a: Celesteela
|-start|p1a: Celesteela|Substitute
|-damage|p1a: Celesteela|48/100
|
|upkeep
|turn|3
|
|t:|1635392082
|switch|p2a: Tapu Fini|Tapu Fini|100/100
|-fieldstart|move: Misty Terrain|[from] ability: Misty Surge|[of] p2a: Tapu Fini
|move|p1a: Celesteela|Earthquake|p2a: Tapu Fini
|-damage|p2a: Tapu Fini|82/100
|
|-heal|p2a: Tapu Fini|89/100|[from] item: Leftovers
|upkeep
|turn|4
|
|t:|1635392090
|move|p2a: Tapu Fini|Taunt|p1a: Celesteela
|-start|p1a: Celesteela|move: Taunt
|cant|p1a: Celesteela|move: Taunt|Leech Seed
|
|-heal|p2a: Tapu Fini|95/100|[from] item: Leftovers
|upkeep
|turn|5
|
|t:|1635392097
|switch|p2a: Ferrothorn|Ferrothorn, M|100/100
|move|p1a: Celesteela|Earthquake|p2a: Ferrothorn
|-damage|p2a: Ferrothorn|87/100
|
|-heal|p2a: Ferrothorn|94/100|[from] item: Leftovers
|upkeep
|turn|6
|
|t:|1635392104
|move|p1a: Celesteela|Fire Blast|p2a: Ferrothorn
|-supereffective|p2a: Ferrothorn
|-damage|p2a: Ferrothorn|0 fnt
|faint|p2a: Ferrothorn
|-ability|p1a: Celesteela|Beast Boost|boost
|-boost|p1a: Celesteela|def|1
|
|-end|p1a: Celesteela|move: Taunt
|upkeep
|
|t:|1635392115
|switch|p2a: Tapu Fini|Tapu Fini|95/100
|turn|7
|
|t:|1635392118
|move|p2a: Tapu Fini|Taunt|p1a: Celesteela
|-start|p1a: Celesteela|move: Taunt
|move|p1a: Celesteela|Earthquake|p2a: Tapu Fini
|-damage|p2a: Tapu Fini|77/100
|
|-heal|p2a: Tapu Fini|83/100|[from] item: Leftovers
|-fieldend|Misty Terrain
|upkeep
|turn|8
|
|t:|1635392126
|move|p2a: Tapu Fini|Scald|p1a: Celesteela
|-activate|p1a: Celesteela|move: Substitute|[damage]
|move|p1a: Celesteela|Earthquake|p2a: Tapu Fini
|-damage|p2a: Tapu Fini|63/100
|
|-heal|p2a: Tapu Fini|69/100|[from] item: Leftovers
|upkeep
|turn|9
|
|t:|1635392134
|move|p2a: Tapu Fini|Scald|p1a: Celesteela
|-end|p1a: Celesteela|Substitute
|move|p1a: Celesteela|Earthquake|p2a: Tapu Fini
|-damage|p2a: Tapu Fini|51/100
|
|-heal|p2a: Tapu Fini|57/100|[from] item: Leftovers
|-end|p1a: Celesteela|move: Taunt
|upkeep
|turn|10
|
|t:|1635392143
|switch|p1a: Dragapult|Dragapult, F|100/100
|move|p2a: Tapu Fini|Taunt|p1a: Dragapult
|-start|p1a: Dragapult|move: Taunt
|
|-heal|p2a: Tapu Fini|63/100|[from] item: Leftovers
|upkeep
|turn|11
|
|t:|1635392150
|switch|p2a: Weavile|Weavile, M|88/100
|-ability|p2a: Weavile|Pressure
|move|p1a: Dragapult|Thunderbolt|p2a: Weavile
|-damage|p2a: Weavile|52/100
|
|upkeep
|turn|12
|
|t:|1635392164
|switch|p2a: Heatran|Heatran, M|100/100
|move|p1a: Dragapult|Fire Blast|p2a: Heatran
|-start|p2a: Heatran|ability: Flash Fire
|
|-end|p1a: Dragapult|move: Taunt
|upkeep
|turn|13
|
|t:|1635392171
|move|p1a: Dragapult|Hydro Pump|p2a: Heatran
|-supereffective|p2a: Heatran
|-damage|p2a: Heatran|20/100
|move|p2a: Heatran|Eruption|p1a: Dragapult
|-resisted|p1a: Dragapult
|-damage|p1a: Dragapult|73/100
|
|upkeep
|turn|14
|-message|ultrabeastsmeargle forfeited.
|
|win|noudle soop
|raw|noudle soop's rating: 1635 &rarr; <strong>1653</strong><br />(+18 for winning)
|raw|ultrabeastsmeargle's rating: 1602 &rarr; <strong>1584</strong><br />(-18 for losing)
|l|☆ultrabeastsmeargle
