|j|☆ultrainstinct777
|j|☆yung_iznamakin
|t:|1647877982
|gametype|singles
|player|p1|ultrainstinct777|clay|1431
|player|p2|yung_iznamakin|ninjaboy|1392
|teamsize|p1|6
|teamsize|p2|6
|gen|8
|tier|[Gen 8] OU
|rated|
|rule|Sleep Clause Mod: Limit one foe put to sleep
|rule|Species Clause: Limit one of each Pokémon
|rule|OHKO Clause: OHKO moves are banned
|rule|Evasion Moves Clause: Evasion moves are banned
|rule|Endless Battle Clause: Forcing endless battles is banned
|rule|HP Percentage Mod: HP is shown in percentages
|rule|Dynamax Clause: You cannot dynamax
|clearpoke
|poke|p1|Pelipper, F|
|poke|p1|Barraskewda, M|
|poke|p1|Zapdos|
|poke|p1|Swampert, M|
|poke|p1|Tangrowth, F|
|poke|p1|Ferrothorn, F|
|poke|p2|Weavile, M|
|poke|p2|Slowking-Galar, M|
|poke|p2|Garchomp, M|
|poke|p2|Scizor, M|
|poke|p2|Tapu Lele|
|poke|p2|Corviknight, F|
|teampreview
|
|t:|1647878000
|start
|switch|p1a: Swampert|Swampert, M|100/100
|switch|p2a: Garchomp|Garchomp, M|100/100
|turn|1
|
|t:|1647878005
|move|p2a: Garchomp|Toxic|p1a: Swampert
|-status|p1a: Swampert|tox
|move|p1a: Swampert|Toxic|p2a: Garchomp
|-status|p2a: Garchomp|tox
|
|-damage|p2a: Garchomp|94/100 tox|[from] psn
|-damage|p1a: Swampert|94/100 tox|[from] psn
|upkeep
|turn|2
|inactive|Battle timer is ON: inactive players will automatically lose when time's up. (requested by yung_iznamakin)
|
|t:|1647878012
|switch|p1a: Ferrothorn|Ferrothorn, F|100/100
|move|p2a: Garchomp|Stealth Rock|p1a: Ferrothorn
|-sidestart|p1: ultrainstinct777|move: Stealth Rock
|
|-heal|p2a: Garchomp|100/100 tox|[from] item: Leftovers
|-damage|p2a: Garchomp|88/100 tox|[from] psn
|upkeep
|turn|3
|
|t:|1647878023
|switch|p2a: Scizor|Scizor, M|100/100
|move|p1a: Ferrothorn|Spikes|p2a: Scizor
|-sidestart|p2: yung_iznamakin|Spikes
|
|upkeep
|turn|4
|
|t:|1647878042
|move|p2a: Scizor|Sand Tomb|p1a: Ferrothorn
|-damage|p1a: Ferrothorn|87/100
|-activate|p1a: Ferrothorn|move: Sand Tomb|[of] p2a: Scizor
|-damage|p2a: Scizor|91/100|[from] item: Life Orb
|move|p1a: Ferrothorn|Leech Seed|p2a: Scizor
|-start|p2a: Scizor|move: Leech Seed
|
|-heal|p1a: Ferrothorn|93/100|[from] item: Leftovers
|-damage|p2a: Scizor|78/100|[from] Leech Seed|[of] p1a: Ferrothorn
|-heal|p1a: Ferrothorn|100/100|[silent]
|-damage|p1a: Ferrothorn|88/100|[from] move: Sand Tomb|[partiallytrapped]
|upkeep
|turn|5
|
|t:|1647878051
|move|p2a: Scizor|Swords Dance|p2a: Scizor
|-boost|p2a: Scizor|atk|2
|move|p1a: Ferrothorn|Spikes|p2a: Scizor
|-sidestart|p2: yung_iznamakin|Spikes
|
|-heal|p1a: Ferrothorn|94/100|[from] item: Leftovers
|-damage|p2a: Scizor|66/100|[from] Leech Seed|[of] p1a: Ferrothorn
|-heal|p1a: Ferrothorn|100/100|[silent]
|-damage|p1a: Ferrothorn|88/100|[from] move: Sand Tomb|[partiallytrapped]
|upkeep
|turn|6
|
|t:|1647878060
|move|p2a: Scizor|Swords Dance|p2a: Scizor
|-boost|p2a: Scizor|atk|2
|move|p1a: Ferrothorn|Body Press|p2a: Scizor
|-damage|p2a: Scizor|35/100
|
|-heal|p1a: Ferrothorn|94/100|[from] item: Leftovers
|-damage|p2a: Scizor|23/100|[from] Leech Seed|[of] p1a: Ferrothorn
|-heal|p1a: Ferrothorn|100/100|[silent]
|-damage|p1a: Ferrothorn|88/100|[from] move: Sand Tomb|[partiallytrapped]
|upkeep
|turn|7
|
|t:|1647878070
|move|p2a: Scizor|Knock Off|p1a: Ferrothorn
|-damage|p1a: Ferrothorn|7/100
|-damage|p2a: Scizor|11/100|[from] ability: Iron Barbs|[of] p1a: Ferrothorn
|-enditem|p1a: Ferrothorn|Leftovers|[from] move: Knock Off|[of] p2a: Scizor
|-damage|p2a: Scizor|1/100|[from] item: Life Orb
|move|p1a: Ferrothorn|Leech Seed||[still]
|-fail|p1a: Ferrothorn
|
|-damage|p2a: Scizor|0 fnt|[from] Leech Seed|[of] p1a: Ferrothorn
|-heal|p1a: Ferrothorn|7/100|[silent]
|faint|p2a: Scizor
|-end|p1a: Ferrothorn|Sand Tomb|[partiallytrapped]|[silent]
|upkeep
|c|☆ultrainstinct777|whoops meant to click spike
|
|t:|1647878086
|switch|p2a: Weavile|Weavile, M|100/100
|-ability|p2a: Weavile|Pressure
|turn|8
|
|t:|1647878090
|move|p2a: Weavile|Ice Shard|p1a: Ferrothorn
|-damage|p1a: Ferrothorn|0 fnt
|faint|p1a: Ferrothorn
|
|upkeep
|
|t:|1647878100
|switch|p1a: Pelipper|Pelipper, F|100/100
|-damage|p1a: Pelipper|76/100|[from] Stealth Rock
|-weather|RainDance|[from] ability: Drizzle|[of] p1a: Pelipper
|turn|9
|
|t:|1647878107
|move|p2a: Weavile|Knock Off|p1a: Pelipper
|-damage|p1a: Pelipper|36/100
|-enditem|p1a: Pelipper|Damp Rock|[from] move: Knock Off|[of] p2a: Weavile
|move|p1a: Pelipper|U-turn|p2a: Weavile
|-supereffective|p2a: Weavile
|-damage|p2a: Weavile|71/100
|
|t:|1647878111
|switch|p1a: Barraskewda|Barraskewda, M|100/100|[from]move: U-turn
|-damage|p1a: Barraskewda|88/100|[from] Stealth Rock
|
|-weather|RainDance|[upkeep]
|upkeep
|turn|10
|
|t:|1647878117
|switch|p2a: Garchomp|Garchomp, M|88/100 tox
|-damage|p2a: Garchomp|71/100 tox|[from] Spikes
|move|p1a: Barraskewda|Liquidation|p2a: Garchomp
|-damage|p2a: Garchomp|0 fnt
|-damage|p1a: Barraskewda|76/100|[from] ability: Rough Skin|[of] p2a: Garchomp
|faint|p2a: Garchomp
|
|-weather|RainDance|[upkeep]
|upkeep
|
|t:|1647878126
|switch|p2a: Corviknight|Corviknight, F|100/100
|-ability|p2a: Corviknight|Pressure
|turn|11
|
|t:|1647878130
|move|p1a: Barraskewda|Liquidation|p2a: Corviknight
|-damage|p2a: Corviknight|31/100
|-damage|p1a: Barraskewda|60/100|[from] item: Rocky Helmet|[of] p2a: Corviknight
|move|p2a: Corviknight|Defog|p1a: Barraskewda
|-unboost|p1a: Barraskewda|evasion|1
|-sideend|p1: ultrainstinct777|Stealth Rock|[from] move: Defog|[of] p2a: Corviknight
|-sideend|p2: yung_iznamakin|Spikes|[from] move: Defog|[of] p2a: Corviknight
|
|-weather|RainDance|[upkeep]
|upkeep
|turn|12
|
|t:|1647878138
|move|p1a: Barraskewda|Liquidation|p2a: Corviknight
|-damage|p2a: Corviknight|0 fnt
|-damage|p1a: Barraskewda|43/100|[from] item: Rocky Helmet|[of] p2a: Corviknight
|faint|p2a: Corviknight
|
|-weather|RainDance|[upkeep]
|upkeep
|
|t:|1647878144
|switch|p2a: Tapu Lele|Tapu Lele, shiny|100/100
|-fieldstart|move: Psychic Terrain|[from] ability: Psychic Surge|[of] p2a: Tapu Lele
|turn|13
|
|t:|1647878148
|move|p1a: Barraskewda|Liquidation|p2a: Tapu Lele
|-damage|p2a: Tapu Lele|0 fnt
|faint|p2a: Tapu Lele
|
|-weather|RainDance|[upkeep]
|upkeep
|-message|yung_iznamakin forfeited.
|
|win|ultrainstinct777
|raw|ultrainstinct777's rating: 1431 &rarr; <strong>1449</strong><br />(+18 for winning)
|raw|yung_iznamakin's rating: 1392 &rarr; <strong>1374</strong><br />(-18 for losing)
|l|☆yung_iznamakin
||Ladder isn't responding, score probably updated but might not have (Request timeout).
