|j|☆washed yui
|j|☆Bloody Busybody
|t:|1661939828
|gametype|singles
|player|p1|washed yui|102|1597
|player|p2|Bloody Busybody|bugcatcher|1650
|teamsize|p1|6
|teamsize|p2|6
|gen|8
|tier|[Gen 8] OU
|rated|
|rule|Sleep Clause Mod: Limit one foe put to sleep
|rule|Species Clause: Limit one of each Pokémon
|rule|OHKO Clause: OHKO moves are banned
|rule|Evasion Items Clause: Evasion items are banned
|rule|Evasion Moves Clause: Evasion moves are banned
|rule|Endless Battle Clause: Forcing endless battles is banned
|rule|HP Percentage Mod: HP is shown in percentages
|rule|Dynamax Clause: You cannot dynamax
|clearpoke
|poke|p1|Porygon2|
|poke|p1|Ferrothorn, F|
|poke|p1|Dragapult, M|
|poke|p1|Urshifu-*, M|
|poke|p1|Bisharp, M|
|poke|p1|Landorus-Therian, M|
|poke|p2|Volcanion|
|poke|p2|Corviknight, M|
|poke|p2|Mamoswine, M|
|poke|p2|Blissey, F|
|poke|p2|Rillaboom, F|
|poke|p2|Hydreigon, F|
|teampreview
|inactive|Battle timer is ON: inactive players will automatically lose when time's up. (requested by Bloody Busybody)
|inactive|washed yui has 120 seconds left.
|inactive|washed yui has 90 seconds left.
|
|t:|1661939900
|start
|switch|p1a: big bro reliable|Urshifu-Rapid-Strike, M|100/100
|switch|p2a: Volcanion|Volcanion|100/100
|turn|1
|
|t:|1661939907
|move|p1a: big bro reliable|U-turn|p2a: Volcanion
|-resisted|p2a: Volcanion
|-damage|p2a: Volcanion|91/100
|
|t:|1661939910
|switch|p1a: nice regen|Porygon2|100/100|[from]move: U-turn
|-ability|p1a: nice regen|Water Absorb|[from] ability: Trace|[of] p2a: Volcanion
|move|p2a: Volcanion|Fire Blast|p1a: nice regen
|-damage|p1a: nice regen|47/100
|
|upkeep
|turn|2
|
|t:|1661939921
|switch|p1a: GhostResistWhere?|Dragapult, M|100/100
|move|p2a: Volcanion|Fire Blast|p1a: GhostResistWhere?
|-resisted|p1a: GhostResistWhere?
|-damage|p1a: GhostResistWhere?|35/100
|
|upkeep
|turn|3
|
|t:|1661939927
|switch|p2a: Corviknight|Corviknight, M|100/100
|-ability|p2a: Corviknight|Pressure
|move|p1a: GhostResistWhere?|Draco Meteor|p2a: Corviknight
|-resisted|p2a: Corviknight
|-damage|p2a: Corviknight|52/100
|-unboost|p1a: GhostResistWhere?|spa|2
|
|upkeep
|turn|4
|
|t:|1661939936
|switch|p1a: sturdyboi|Ferrothorn, F|100/100
|move|p2a: Corviknight|Roost|p2a: Corviknight
|-heal|p2a: Corviknight|100/100
|-singleturn|p2a: Corviknight|move: Roost
|
|upkeep
|turn|5
|
|t:|1661939941
|switch|p2a: Rillaboom|Rillaboom, F|100/100
|-fieldstart|move: Grassy Terrain|[from] ability: Grassy Surge|[of] p2a: Rillaboom
|move|p1a: sturdyboi|Stealth Rock|p2a: Rillaboom
|-sidestart|p2: Bloody Busybody|move: Stealth Rock
|
|upkeep
|turn|6
|
|t:|1661939944
|move|p2a: Rillaboom|Knock Off|p1a: sturdyboi
|-damage|p1a: sturdyboi|66/100
|-damage|p2a: Rillaboom|88/100|[from] ability: Iron Barbs|[of] p1a: sturdyboi
|-enditem|p1a: sturdyboi|Chople Berry|[from] move: Knock Off|[of] p2a: Rillaboom
|move|p1a: sturdyboi|Thunder Wave|p2a: Rillaboom
|-status|p2a: Rillaboom|par
|
|-heal|p2a: Rillaboom|94/100 par|[from] Grassy Terrain
|-heal|p1a: sturdyboi|72/100|[from] Grassy Terrain
|upkeep
|turn|7
|
|t:|1661939971
|switch|p2a: Blissey|Blissey, F|100/100
|move|p1a: sturdyboi|Leech Seed|p2a: Blissey
|-start|p2a: Blissey|move: Leech Seed
|
|-heal|p1a: sturdyboi|78/100|[from] Grassy Terrain
|-damage|p2a: Blissey|88/100|[from] Leech Seed|[of] p1a: sturdyboi
|-heal|p1a: sturdyboi|100/100|[silent]
|upkeep
|turn|8
|
|t:|1661939977
|switch|p1a: GhostResistWhere?|Dragapult, M|35/100
|move|p2a: Blissey|Teleport|p2a: Blissey
|
|t:|1661939985
|switch|p2a: Rillaboom|Rillaboom, F|94/100 par|[from]move: Teleport
|-damage|p2a: Rillaboom|82/100 par|[from] Stealth Rock
|
|-heal|p1a: GhostResistWhere?|41/100|[from] Grassy Terrain
|-heal|p2a: Rillaboom|88/100 par|[from] Grassy Terrain
|upkeep
|turn|9
|
|t:|1661940004
|switch|p1a: sturdyboi|Ferrothorn, F|100/100
|move|p2a: Rillaboom|Grassy Glide|p1a: sturdyboi
|-resisted|p1a: sturdyboi
|-damage|p1a: sturdyboi|87/100
|-damage|p2a: Rillaboom|76/100 par|[from] ability: Iron Barbs|[of] p1a: sturdyboi
|
|-heal|p2a: Rillaboom|82/100 par|[from] Grassy Terrain
|-heal|p1a: sturdyboi|94/100|[from] Grassy Terrain
|-fieldend|move: Grassy Terrain
|upkeep
|turn|10
|
|t:|1661940013
|switch|p2a: Blissey|Blissey, F|88/100
|move|p1a: sturdyboi|Leech Seed|p2a: Blissey
|-start|p2a: Blissey|move: Leech Seed
|
|-damage|p2a: Blissey|76/100|[from] Leech Seed|[of] p1a: sturdyboi
|-heal|p1a: sturdyboi|100/100|[silent]
|upkeep
|turn|11
|
|t:|1661940016
|move|p1a: sturdyboi|Iron Head|p2a: Blissey
|-damage|p2a: Blissey|54/100
|cant|p2a: Blissey|flinch
|
|-damage|p2a: Blissey|41/100|[from] Leech Seed|[of] p1a: sturdyboi
|upkeep
|turn|12
|
|t:|1661940020
|switch|p1a: GhostResistWhere?|Dragapult, M|41/100
|move|p2a: Blissey|Soft-Boiled|p2a: Blissey
|-heal|p2a: Blissey|91/100
|
|-damage|p2a: Blissey|79/100|[from] Leech Seed|[of] p1a: GhostResistWhere?
|-heal|p1a: GhostResistWhere?|69/100|[silent]
|upkeep
|turn|13
|
|t:|1661940027
|move|p1a: GhostResistWhere?|U-turn|p2a: Blissey
|-damage|p2a: Blissey|65/100
|
|t:|1661940031
|switch|p1a: nice regen|Porygon2|47/100|[from]move: U-turn
|-ability|p1a: nice regen|Natural Cure|[from] ability: Trace|[of] p2a: Blissey
|move|p2a: Blissey|Teleport|p2a: Blissey
|
|t:|1661940042
|switch|p2a: Volcanion|Volcanion|91/100|[from]move: Teleport
|-damage|p2a: Volcanion|66/100|[from] Stealth Rock
|
|upkeep
|turn|14
|
|t:|1661940066
|move|p2a: Volcanion|Fire Blast|p1a: nice regen|[miss]
|-miss|p2a: Volcanion|p1a: nice regen
|move|p1a: nice regen|Recover|p1a: nice regen
|-heal|p1a: nice regen|97/100
|
|upkeep
|turn|15
|c|☆Bloody Busybody|wp
|
|t:|1661940076
|switch|p2a: Blissey|Blissey, F|65/100
|move|p1a: nice regen|Recover|p1a: nice regen
|-heal|p1a: nice regen|100/100
|
|upkeep
|turn|16
|c|☆washed yui|had to sac
|j| HPbeam
|
|t:|1661940085
|move|p1a: nice regen|Teleport|p1a: nice regen
|
|t:|1661940088
|switch|p1a: GhostResistWhere?|Dragapult, M|69/100|[from]move: Teleport
|move|p2a: Blissey|Teleport|p2a: Blissey
|
|t:|1661940100
|switch|p2a: Corviknight|Corviknight, M|100/100|[from]move: Teleport
|-damage|p2a: Corviknight|88/100|[from] Stealth Rock
|-ability|p2a: Corviknight|Pressure
|
|upkeep
|turn|17
|
|t:|1661940109
|switch|p2a: Blissey|Blissey, F|65/100
|move|p1a: GhostResistWhere?|Flamethrower|p2a: Blissey
|-damage|p2a: Blissey|49/100
|
|upkeep
|turn|18
|
|t:|1661940115
|switch|p1a: unIronic|Bisharp, M|100/100
|move|p2a: Blissey|Soft-Boiled|p2a: Blissey
|-heal|p2a: Blissey|99/100
|
|upkeep
|turn|19
|c|☆washed yui|i'm sorry
|
|t:|1661940122
|switch|p2a: Corviknight|Corviknight, M|88/100
|-damage|p2a: Corviknight|76/100|[from] Stealth Rock
|-ability|p2a: Corviknight|Pressure
|move|p1a: unIronic|Beat Up|p2a: Corviknight
|-damage|p2a: Corviknight|68/100
|-damage|p2a: Corviknight|61/100
|-damage|p2a: Corviknight|54/100
|-damage|p2a: Corviknight|45/100
|-damage|p2a: Corviknight|36/100
|-damage|p2a: Corviknight|27/100
|-hitcount|p2a: Corviknight|6
|
|upkeep
|turn|20
|
|t:|1661940135
|move|p1a: unIronic|Beat Up|p2a: Corviknight
|-damage|p2a: Corviknight|18/100
|-damage|p2a: Corviknight|12/100
|-damage|p2a: Corviknight|5/100
|-damage|p2a: Corviknight|0 fnt
|faint|p2a: Corviknight
|-hitcount|p2: Corviknight|4
|
|upkeep
|
|t:|1661940138
|switch|p2a: Rillaboom|Rillaboom, F|82/100 par
|-damage|p2a: Rillaboom|70/100 par|[from] Stealth Rock
|-fieldstart|move: Grassy Terrain|[from] ability: Grassy Surge|[of] p2a: Rillaboom
|turn|21
|
|t:|1661940145
|move|p1a: unIronic|Beat Up|p2a: Rillaboom
|-damage|p2a: Rillaboom|55/100 par
|-damage|p2a: Rillaboom|41/100 par
|-damage|p2a: Rillaboom|30/100 par
|-damage|p2a: Rillaboom|14/100 par
|-damage|p2a: Rillaboom|0 fnt
|faint|p2a: Rillaboom
|-hitcount|p2: Rillaboom|5
|
|upkeep
|-message|Bloody Busybody forfeited.
|
|win|washed yui
|raw|washed yui's rating: 1597 &rarr; <strong>1620</strong><br />(+23 for winning)
|raw|Bloody Busybody's rating: 1650 &rarr; <strong>1627</strong><br />(-23 for losing)
|l|☆Bloody Busybody
|c|☆washed yui|but you're getting beaten up
