|raw|<div class="broadcast-blue"><strong>This battle is required to be public due to a player having a name starting with 'lt84jm'.</div>
|j|☆LT84JM Lorenz
|j|☆JoJo321
|t:|1627317526
|gametype|singles
|player|p1|LT84JM Lorenz|#lordenz|1771
|player|p2|JoJo321|rood|1808
|teamsize|p1|6
|teamsize|p2|6
|gen|8
|tier|[Gen 8] OU
|rated|
|rule|Sleep Clause Mod: Limit one foe put to sleep
|rule|Species Clause: Limit one of each Pokémon
|rule|OHKO Clause: OHKO moves are banned
|rule|Evasion Moves Clause: Evasion moves are banned
|rule|Endless Battle Clause: Forcing endless battles is banned
|rule|HP Percentage Mod: HP is shown in percentages
|rule|Dynamax Clause: You cannot dynamax
|clearpoke
|poke|p1|Kyurem|
|poke|p1|Tornadus-Therian, M|
|poke|p1|Toxapex, M|
|poke|p1|Corviknight, F|
|poke|p1|Gastrodon-East, F|
|poke|p1|Clefable, M|
|poke|p2|Cloyster, M|
|poke|p2|Mew|
|poke|p2|Gengar, M|
|poke|p2|Bisharp, M|
|poke|p2|Rillaboom, M|
|poke|p2|Hawlucha, M|
|teampreview
|j| LT84JM GeoJulian4
|j| lt84jm raizen
|j|%Ox the Fox
|j| NoCoolNoGame
|
|t:|1627317563
|start
|switch|p1a: Kyurem|Kyurem|100/100
|switch|p2a: Mew|Mew|100/100
|-ability|p1a: Kyurem|Pressure
|turn|1
|
|t:|1627317568
|move|p2a: Mew|Stealth Rock|p1a: Kyurem
|-sidestart|p1: LT84JM Lorenz|move: Stealth Rock
|move|p1a: Kyurem|Icicle Spear|p2a: Mew
|-damage|p2a: Mew|91/100
|-damage|p2a: Mew|81/100
|-damage|p2a: Mew|72/100
|-hitcount|p2a: Mew|3
|-enditem|p2a: Mew|Red Card|[of] p1a: Kyurem
|drag|p1a: Tornadus|Tornadus-Therian, M|100/100
|
|upkeep
|turn|2
|
|t:|1627317575
|move|p1a: Tornadus|Knock Off|p2a: Mew
|-supereffective|p2a: Mew
|-damage|p2a: Mew|48/100
|move|p2a: Mew|Taunt|p1a: Tornadus
|-start|p1a: Tornadus|move: Taunt
|
|upkeep
|turn|3
|j| Rptmusa
|
|t:|1627317580
|switch|p1a: Corviknight|Corviknight, F|100/100
|-damage|p1a: Corviknight|88/100|[from] Stealth Rock
|-ability|p1a: Corviknight|Pressure
|move|p2a: Mew|Spikes|p1a: Corviknight
|-sidestart|p1: LT84JM Lorenz|Spikes
|
|-heal|p1a: Corviknight|94/100|[from] item: Leftovers
|upkeep
|turn|4
|
|t:|1627317584
|move|p2a: Mew|Taunt|p1a: Corviknight
|-start|p1a: Corviknight|move: Taunt
|move|p1a: Corviknight|U-turn|p2a: Mew
|-supereffective|p2a: Mew
|-damage|p2a: Mew|24/100
|
|t:|1627317588
|switch|p1a: Tornadus|Tornadus-Therian, M|100/100|[from]move: U-turn
|
|upkeep
|turn|5
|
|t:|1627317595
|switch|p2a: Bisharp|Bisharp, M|100/100
|move|p1a: Tornadus|Defog|p2a: Bisharp
|-unboost|p2a: Bisharp|evasion|1
|-ability|p2a: Bisharp|Defiant
|-boost|p2a: Bisharp|atk|2
|-sideend|p1: LT84JM Lorenz|Spikes|[from] move: Defog|[of] p1a: Tornadus
|-sideend|p1: LT84JM Lorenz|Stealth Rock|[from] move: Defog|[of] p1a: Tornadus
|
|upkeep
|turn|6
|j| LT84JM Kibo
|
|t:|1627317612
|move|p1a: Tornadus|Heat Wave|p2a: Bisharp
|-supereffective|p2a: Bisharp
|-damage|p2a: Bisharp|27/100
|move|p2a: Bisharp|Knock Off|p1a: Tornadus
|-damage|p1a: Tornadus|0 fnt
|-enditem|p1a: Tornadus|Heavy-Duty Boots|[from] move: Knock Off|[of] p2a: Bisharp
|faint|p1a: Tornadus
|
|upkeep
|
|t:|1627317620
|switch|p1a: Corviknight|Corviknight, F|94/100
|-ability|p1a: Corviknight|Pressure
|turn|7
|
|t:|1627317625
|move|p1a: Corviknight|Body Press|p2a: Bisharp
|-supereffective|p2a: Bisharp
|-damage|p2a: Bisharp|0 fnt
|faint|p2a: Bisharp
|
|-heal|p1a: Corviknight|100/100|[from] item: Leftovers
|upkeep
|
|t:|1627317634
|switch|p2a: Mew|Mew|24/100
|turn|8
|
|t:|1627317639
|move|p2a: Mew|Stealth Rock|p1a: Corviknight
|-sidestart|p1: LT84JM Lorenz|move: Stealth Rock
|move|p1a: Corviknight|U-turn|p2a: Mew
|-supereffective|p2a: Mew
|-damage|p2a: Mew|0 fnt
|faint|p2a: Mew
|j| LT83AQ EclipseY
|
|t:|1627317643
|switch|p1a: Toxapex|Toxapex, M|100/100|[from]move: U-turn
|-damage|p1a: Toxapex|88/100|[from] Stealth Rock
|
|upkeep
|l| LT83AQ EclipseY
|
|t:|1627317647
|switch|p2a: Rillaboom|Rillaboom, M|100/100
|-fieldstart|move: Grassy Terrain|[from] ability: Grassy Surge|[of] p2a: Rillaboom
|turn|9
|
|t:|1627317653
|move|p2a: Rillaboom|Swords Dance|p2a: Rillaboom
|-boost|p2a: Rillaboom|atk|2
|move|p1a: Toxapex|Toxic|p2a: Rillaboom
|-status|p2a: Rillaboom|tox
|
|-heal|p1a: Toxapex|94/100|[from] Grassy Terrain
|-damage|p2a: Rillaboom|94/100 tox|[from] psn
|upkeep
|turn|10
|
|t:|1627317657
|switch|p1a: Corviknight|Corviknight, F|100/100
|-damage|p1a: Corviknight|88/100|[from] Stealth Rock
|-ability|p1a: Corviknight|Pressure
|move|p2a: Rillaboom|Knock Off|p1a: Corviknight
|-damage|p1a: Corviknight|2/100
|-enditem|p1a: Corviknight|Leftovers|[from] move: Knock Off|[of] p2a: Rillaboom
|-damage|p2a: Rillaboom|84/100 tox|[from] item: Life Orb
|
|-heal|p2a: Rillaboom|91/100 tox|[from] Grassy Terrain
|-damage|p2a: Rillaboom|78/100 tox|[from] psn
|upkeep
|turn|11
|
|t:|1627317661
|move|p2a: Rillaboom|Drain Punch|p1a: Corviknight
|-damage|p1a: Corviknight|0 fnt
|-heal|p2a: Rillaboom|79/100 tox|[from] drain|[of] p1a: Corviknight
|faint|p1a: Corviknight
|-damage|p2a: Rillaboom|69/100 tox|[from] item: Life Orb
|
|-heal|p2a: Rillaboom|75/100 tox|[from] Grassy Terrain
|-damage|p2a: Rillaboom|57/100 tox|[from] psn
|upkeep
|
|t:|1627317664
|switch|p1a: Clefable|Clefable, M|100/100
|-damage|p1a: Clefable|88/100|[from] Stealth Rock
|turn|12
|
|t:|1627317672
|move|p1a: Clefable|Protect|p1a: Clefable
|-singleturn|p1a: Clefable|Protect
|move|p2a: Rillaboom|Grassy Glide|p1a: Clefable
|-activate|p1a: Clefable|move: Protect
|
|-heal|p2a: Rillaboom|63/100 tox|[from] Grassy Terrain
|-heal|p1a: Clefable|94/100|[from] Grassy Terrain
|-heal|p1a: Clefable|99/100|[from] item: Leftovers
|-damage|p2a: Rillaboom|38/100 tox|[from] psn
|upkeep
|turn|13
|
|t:|1627317678
|switch|p2a: Gengar|Gengar, M|100/100
|move|p1a: Clefable|Wish|p1a: Clefable
|
|-heal|p1a: Clefable|100/100|[from] Grassy Terrain
|-fieldend|move: Grassy Terrain
|upkeep
|turn|14
|
|t:|1627317683
|switch|p1a: Gastrodon|Gastrodon-East, F|100/100
|-damage|p1a: Gastrodon|94/100|[from] Stealth Rock
|move|p2a: Gengar|Taunt|p1a: Gastrodon
|-start|p1a: Gastrodon|move: Taunt
|
|-heal|p1a: Gastrodon|100/100|[from] move: Wish|[wisher] Clefable
|upkeep
|turn|15
|
|t:|1627317693
|switch|p2a: Rillaboom|Rillaboom, M|38/100 tox
|-fieldstart|move: Grassy Terrain|[from] ability: Grassy Surge|[of] p2a: Rillaboom
|switch|p1a: Toxapex|Toxapex, M|100/100
|-damage|p1a: Toxapex|88/100|[from] Stealth Rock
|
|-heal|p2a: Rillaboom|44/100 tox|[from] Grassy Terrain
|-heal|p1a: Toxapex|94/100|[from] Grassy Terrain
|-damage|p2a: Rillaboom|38/100 tox|[from] psn
|upkeep
|turn|16
|
|t:|1627317701
|move|p2a: Rillaboom|Knock Off|p1a: Toxapex
|-damage|p1a: Toxapex|61/100
|-enditem|p1a: Toxapex|Shed Shell|[from] move: Knock Off|[of] p2a: Rillaboom
|-damage|p2a: Rillaboom|28/100 tox|[from] item: Life Orb
|move|p1a: Toxapex|Haze|p1a: Toxapex
|-clearallboost
|
|-heal|p2a: Rillaboom|35/100 tox|[from] Grassy Terrain
|-heal|p1a: Toxapex|67/100|[from] Grassy Terrain
|-damage|p2a: Rillaboom|22/100 tox|[from] psn
|upkeep
|turn|17
|
|t:|1627317710
|switch|p2a: Cloyster|Cloyster, M|100/100
|move|p1a: Toxapex|Recover|p1a: Toxapex
|-heal|p1a: Toxapex|100/100
|
|upkeep
|turn|18
|
|t:|1627317713
|switch|p2a: Gengar|Gengar, M|100/100
|move|p1a: Toxapex|Knock Off|p2a: Gengar
|-supereffective|p2a: Gengar
|-damage|p2a: Gengar|36/100
|-enditem|p2a: Gengar|Focus Sash|[from] move: Knock Off|[of] p1a: Toxapex
|
|-heal|p2a: Gengar|42/100|[from] Grassy Terrain
|upkeep
|turn|19
|
|t:|1627317719
|switch|p1a: Gastrodon|Gastrodon-East, F|100/100
|-damage|p1a: Gastrodon|94/100|[from] Stealth Rock
|move|p2a: Gengar|Shadow Ball|p1a: Gastrodon
|-damage|p1a: Gastrodon|58/100
|-unboost|p1a: Gastrodon|spd|1
|
|-heal|p2a: Gengar|48/100|[from] Grassy Terrain
|-heal|p1a: Gastrodon|65/100|[from] Grassy Terrain
|-heal|p1a: Gastrodon|71/100|[from] item: Leftovers
|-fieldend|move: Grassy Terrain
|upkeep
|turn|20
|
|t:|1627317727
|move|p2a: Gengar|Shadow Ball|p1a: Gastrodon
|-damage|p1a: Gastrodon|17/100
|move|p1a: Gastrodon|Earthquake|p2a: Gengar
|-supereffective|p2a: Gengar
|-damage|p2a: Gengar|0 fnt
|-start|p1a: Gastrodon|Disable|Earthquake|[from] ability: Cursed Body|[of] p2a: Gengar
|faint|p2a: Gengar
|
|-heal|p1a: Gastrodon|23/100|[from] item: Leftovers
|upkeep
|
|t:|1627317732
|switch|p2a: Cloyster|Cloyster, M|100/100
|turn|21
|
|t:|1627317736
|move|p2a: Cloyster|Icicle Spear|p1a: Gastrodon
|-damage|p1a: Gastrodon|14/100
|-damage|p1a: Gastrodon|5/100
|-damage|p1a: Gastrodon|0 fnt
|faint|p1a: Gastrodon
|-hitcount|p1: Gastrodon|3
|
|upkeep
|
|t:|1627317739
|switch|p1a: Toxapex|Toxapex, M|100/100
|-damage|p1a: Toxapex|88/100|[from] Stealth Rock
|turn|22
|
|t:|1627317757
|move|p2a: Cloyster|Rock Blast|p1a: Toxapex
|-damage|p1a: Toxapex|83/100
|-crit|p1a: Toxapex
|-damage|p1a: Toxapex|74/100
|-damage|p1a: Toxapex|68/100
|-damage|p1a: Toxapex|64/100
|-damage|p1a: Toxapex|59/100
|-hitcount|p1a: Toxapex|5
|cant|p1a: Toxapex|flinch
|
|upkeep
|turn|23
|
|t:|1627317763
|move|p2a: Cloyster|Rock Blast|p1a: Toxapex
|-damage|p1a: Toxapex|53/100
|-damage|p1a: Toxapex|48/100
|-damage|p1a: Toxapex|42/100
|-damage|p1a: Toxapex|37/100
|-damage|p1a: Toxapex|32/100
|-hitcount|p1a: Toxapex|5
|move|p1a: Toxapex|Knock Off|p2a: Cloyster
|-damage|p2a: Cloyster|87/100
|-enditem|p2a: Cloyster|King's Rock|[from] move: Knock Off|[of] p1a: Toxapex
|
|upkeep
|turn|24
|
|t:|1627317769
|move|p2a: Cloyster|Shell Smash|p2a: Cloyster
|-unboost|p2a: Cloyster|def|1
|-unboost|p2a: Cloyster|spd|1
|-boost|p2a: Cloyster|atk|2
|-boost|p2a: Cloyster|spa|2
|-boost|p2a: Cloyster|spe|2
|move|p1a: Toxapex|Recover|p1a: Toxapex
|-heal|p1a: Toxapex|82/100
|
|upkeep
|turn|25
|
|t:|1627317772
|move|p2a: Cloyster|Rock Blast|p1a: Toxapex
|-damage|p1a: Toxapex|71/100
|-damage|p1a: Toxapex|61/100
|-damage|p1a: Toxapex|51/100
|-damage|p1a: Toxapex|41/100
|-damage|p1a: Toxapex|31/100
|-hitcount|p1a: Toxapex|5
|move|p1a: Toxapex|Haze|p1a: Toxapex
|-clearallboost
|
|upkeep
|turn|26
|
|t:|1627317778
|move|p2a: Cloyster|Shell Smash|p2a: Cloyster
|-unboost|p2a: Cloyster|def|1
|-unboost|p2a: Cloyster|spd|1
|-boost|p2a: Cloyster|atk|2
|-boost|p2a: Cloyster|spa|2
|-boost|p2a: Cloyster|spe|2
|move|p1a: Toxapex|Recover|p1a: Toxapex
|-heal|p1a: Toxapex|81/100
|
|upkeep
|turn|27
|
|t:|1627317782
|move|p2a: Cloyster|Rock Blast|p1a: Toxapex
|-damage|p1a: Toxapex|71/100
|-damage|p1a: Toxapex|62/100
|-damage|p1a: Toxapex|52/100
|-damage|p1a: Toxapex|42/100
|-damage|p1a: Toxapex|32/100
|-hitcount|p1a: Toxapex|5
|move|p1a: Toxapex|Haze|p1a: Toxapex
|-clearallboost
|
|upkeep
|turn|28
|
|t:|1627317787
|move|p2a: Cloyster|Shell Smash|p2a: Cloyster
|-unboost|p2a: Cloyster|def|1
|-unboost|p2a: Cloyster|spd|1
|-boost|p2a: Cloyster|atk|2
|-boost|p2a: Cloyster|spa|2
|-boost|p2a: Cloyster|spe|2
|move|p1a: Toxapex|Recover|p1a: Toxapex
|-heal|p1a: Toxapex|82/100
|
|upkeep
|turn|29
|
|t:|1627317790
|move|p2a: Cloyster|Rock Blast|p1a: Toxapex
|-crit|p1a: Toxapex
|-damage|p1a: Toxapex|66/100
|-damage|p1a: Toxapex|55/100
|-damage|p1a: Toxapex|45/100
|-damage|p1a: Toxapex|34/100
|-damage|p1a: Toxapex|25/100
|-hitcount|p1a: Toxapex|5
|move|p1a: Toxapex|Haze|p1a: Toxapex
|-clearallboost
|
|upkeep
|turn|30
|
|t:|1627317797
|switch|p1a: Clefable|Clefable, M|100/100
|-damage|p1a: Clefable|88/100|[from] Stealth Rock
|move|p2a: Cloyster|Shell Smash|p2a: Cloyster
|-unboost|p2a: Cloyster|def|1
|-unboost|p2a: Cloyster|spd|1
|-boost|p2a: Cloyster|atk|2
|-boost|p2a: Cloyster|spa|2
|-boost|p2a: Cloyster|spe|2
|
|-heal|p1a: Clefable|94/100|[from] item: Leftovers
|upkeep
|turn|31
|j| kamelfotze
|
|t:|1627317802
|move|p2a: Cloyster|Icicle Spear|p1a: Clefable
|-damage|p1a: Clefable|84/100
|-damage|p1a: Clefable|75/100
|-damage|p1a: Clefable|65/100
|-damage|p1a: Clefable|56/100
|-damage|p1a: Clefable|45/100
|-hitcount|p1a: Clefable|5
|move|p1a: Clefable|Wish|p1a: Clefable
|
|-heal|p1a: Clefable|52/100|[from] item: Leftovers
|upkeep
|turn|32
|
|t:|1627317805
|move|p1a: Clefable|Protect|p1a: Clefable
|-singleturn|p1a: Clefable|Protect
|move|p2a: Cloyster|Rock Blast|p1a: Clefable
|-activate|p1a: Clefable|move: Protect
|
|-heal|p1a: Clefable|100/100|[from] move: Wish|[wisher] Clefable
|upkeep
|turn|33
|
|t:|1627317808
|move|p2a: Cloyster|Icicle Spear|p1a: Clefable
|-damage|p1a: Clefable|91/100
|-damage|p1a: Clefable|82/100
|-damage|p1a: Clefable|72/100
|-damage|p1a: Clefable|63/100
|-damage|p1a: Clefable|53/100
|-hitcount|p1a: Clefable|5
|move|p1a: Clefable|Wish|p1a: Clefable
|
|-heal|p1a: Clefable|59/100|[from] item: Leftovers
|upkeep
|turn|34
|
|t:|1627317811
|move|p1a: Clefable|Protect|p1a: Clefable
|-singleturn|p1a: Clefable|Protect
|move|p2a: Cloyster|Icicle Spear|p1a: Clefable
|-activate|p1a: Clefable|move: Protect
|
|-heal|p1a: Clefable|100/100|[from] move: Wish|[wisher] Clefable
|upkeep
|turn|35
|j| SilentTurb0
|
|t:|1627317814
|move|p2a: Cloyster|Icicle Spear|p1a: Clefable
|-damage|p1a: Clefable|91/100
|-damage|p1a: Clefable|81/100
|-damage|p1a: Clefable|72/100
|-damage|p1a: Clefable|61/100
|-damage|p1a: Clefable|51/100
|-hitcount|p1a: Clefable|5
|move|p1a: Clefable|Wish|p1a: Clefable
|
|-heal|p1a: Clefable|57/100|[from] item: Leftovers
|upkeep
|turn|36
|-message|JoJo321 forfeited.
|
|win|LT84JM Lorenz
|raw|LT84JM Lorenz's rating: 1771 &rarr; <strong>1793</strong><br />(+22 for winning)
|raw|JoJo321's rating: 1808 &rarr; <strong>1786</strong><br />(-22 for losing)
|l|☆JoJo321
|l| kamelfotze
