|j|☆KAWAIIEYE
|j|☆SuperTheoryBros
|t:|1606777300
|player|p1|KAWAIIEYE|benga|1715
|player|p2|SuperTheoryBros|2|1794
|teamsize|p1|6
|teamsize|p2|6
|gametype|singles
|gen|8
|tier|[Gen 8] OU
|rated|
|clearpoke
|poke|p1|Blissey, F|
|poke|p1|Buzzwole|
|poke|p1|Kartana|
|poke|p1|Landorus-Therian, M|
|poke|p1|Tapu Lele|
|poke|p1|Dragapult, M|
|poke|p2|Tyranitar, F|
|poke|p2|Excadrill, M|
|poke|p2|Tornadus-Therian, M|
|poke|p2|Buzzwole|
|poke|p2|Slowbro, F|
|poke|p2|Dracozolt|
|rule|Sleep Clause Mod: Limit one foe put to sleep
|rule|Species Clause: Limit one of each Pokémon
|rule|OHKO Clause: OHKO moves are banned
|rule|Evasion Moves Clause: Evasion moves are banned
|rule|Endless Battle Clause: Forcing endless battles is banned
|rule|HP Percentage Mod: HP is shown in percentages
|rule|Dynamax Clause: You cannot dynamax
|teampreview
|inactive|Battle timer is ON: inactive players will automatically lose when time's up. (requested by SuperTheoryBros)
|
|t:|1606777311
|start
|switch|p1a: DEDUE|Landorus-Therian, M|100/100
|switch|p2a: Buzzwole|Buzzwole|100/100
|-ability|p1a: DEDUE|Intimidate|boost
|-unboost|p2a: Buzzwole|atk|1
|turn|1
|
|t:|1606777321
|move|p1a: DEDUE|Knock Off|p2a: Buzzwole
|-resisted|p2a: Buzzwole
|-damage|p2a: Buzzwole|93/100
|-damage|p1a: DEDUE|84/100|[from] item: Rocky Helmet|[of] p2a: Buzzwole
|-enditem|p2a: Buzzwole|Rocky Helmet|[from] move: Knock Off|[of] p1a: DEDUE
|move|p2a: Buzzwole|Ice Punch|p1a: DEDUE
|-supereffective|p1a: DEDUE
|-damage|p1a: DEDUE|24/100
|
|-heal|p1a: DEDUE|30/100|[from] item: Leftovers
|upkeep
|turn|2
|
|t:|1606777334
|move|p1a: DEDUE|U-turn|p2a: Buzzwole
|-resisted|p2a: Buzzwole
|-damage|p2a: Buzzwole|87/100
|
|t:|1606777336
|switch|p1a: LYSITHEA|Tapu Lele, shiny|100/100|[from]move: U-turn
|-fieldstart|move: Psychic Terrain|[from] ability: Psychic Surge|[of] p1a: LYSITHEA
|move|p2a: Buzzwole|Ice Punch|p1a: LYSITHEA
|-damage|p1a: LYSITHEA|79/100
|
|upkeep
|turn|3
|j| Vessev
|j| hailarctozolt
|j| AnimaticLunatic
|
|t:|1606777352
|switch|p2a: Slowbro|Slowbro, F|100/100
|move|p1a: LYSITHEA|Moonblast|p2a: Slowbro
|-damage|p2a: Slowbro|63/100
|
|upkeep
|turn|4
|l| AnimaticLunatic
|inactive|SuperTheoryBros has 120 seconds left.
|
|t:|1606777383
|move|p1a: LYSITHEA|Moonblast|p2a: Slowbro
|-damage|p2a: Slowbro|26/100
|move|p2a: Slowbro|Future Sight|p1a: LYSITHEA
|-start|p2a: Slowbro|move: Future Sight
|
|upkeep
|turn|5
|inactive|SuperTheoryBros has 120 seconds left.
|
|t:|1606777404
|switch|p2a: Tornadus|Tornadus-Therian, M|100/100
|move|p1a: LYSITHEA|Moonblast|p2a: Tornadus
|-damage|p2a: Tornadus|23/100
|
|upkeep
|turn|6
|
|t:|1606777415
|switch|p1a: MERCEDES|Blissey, F|100/100
|move|p2a: Tornadus|Knock Off|p1a: MERCEDES
|-damage|p1a: MERCEDES|85/100
|-enditem|p1a: MERCEDES|Heavy-Duty Boots|[from] move: Knock Off|[of] p2a: Tornadus
|
|-end|p1a: MERCEDES|move: Future Sight
|-damage|p1a: MERCEDES|66/100
|-fieldend|move: Psychic Terrain
|upkeep
|turn|7
|l| hailarctozolt
|
|t:|1606777425
|move|p2a: Tornadus|U-turn|p1a: MERCEDES
|-damage|p1a: MERCEDES|53/100
|
|t:|1606777434
|switch|p2a: Slowbro|Slowbro, F|59/100|[from]move: U-turn
|move|p1a: MERCEDES|Stealth Rock|p2a: Slowbro
|-sidestart|p2: SuperTheoryBros|move: Stealth Rock
|
|upkeep
|turn|8
|
|t:|1606777444
|switch|p2a: Excadrill|Excadrill, M|100/100
|-damage|p2a: Excadrill|97/100|[from] Stealth Rock
|move|p1a: MERCEDES|Teleport|p1a: MERCEDES
|
|t:|1606777447
|switch|p1a: CATHERINE|Kartana, shiny|100/100|[from]move: Teleport
|
|upkeep
|turn|9
|inactive|SuperTheoryBros has 120 seconds left.
|
|t:|1606777460
|switch|p2a: Buzzwole|Buzzwole|87/100
|-damage|p2a: Buzzwole|75/100|[from] Stealth Rock
|move|p1a: CATHERINE|Smart Strike|p2a: Buzzwole
|-damage|p2a: Buzzwole|39/100
|
|upkeep
|turn|10
|
|t:|1606777468
|move|p1a: CATHERINE|Smart Strike|p2a: Buzzwole
|-damage|p2a: Buzzwole|4/100
|move|p2a: Buzzwole|Roost|p2a: Buzzwole
|-heal|p2a: Buzzwole|54/100
|-singleturn|p2a: Buzzwole|move: Roost
|
|upkeep
|turn|11
|j| hailarctozolt
|
|t:|1606777474
|switch|p1a: LYSITHEA|Tapu Lele, shiny|79/100
|-fieldstart|move: Psychic Terrain|[from] ability: Psychic Surge|[of] p1a: LYSITHEA
|move|p2a: Buzzwole|Roost|p2a: Buzzwole
|-heal|p2a: Buzzwole|100/100
|-singleturn|p2a: Buzzwole|move: Roost
|
|upkeep
|turn|12
|inactive|SuperTheoryBros has 120 seconds left.
|
|t:|1606777511
|switch|p2a: Excadrill|Excadrill, M|97/100
|-damage|p2a: Excadrill|94/100|[from] Stealth Rock
|move|p1a: LYSITHEA|Moonblast|p2a: Excadrill
|-resisted|p2a: Excadrill
|-crit|p2a: Excadrill
|-damage|p2a: Excadrill|16/100
|
|upkeep
|turn|13
|
|t:|1606777518
|move|p1a: LYSITHEA|Moonblast|p2a: Excadrill
|-resisted|p2a: Excadrill
|-damage|p2a: Excadrill|0 fnt
|faint|p2a: Excadrill
|
|upkeep
|-message|SuperTheoryBros forfeited.
|
|win|KAWAIIEYE
|l|☆SuperTheoryBros
|l|☆KAWAIIEYE
|l| hailarctozolt
||Ladder (probably) updated, but score could not be retrieved (Request timeout).
