|j|☆Red rushun
|j|☆alolanpersianrules
|t:|1649881132
|gametype|singles
|player|p1|Red rushun|265|1311
|player|p2|alolanpersianrules|lucas|1322
|teamsize|p1|6
|teamsize|p2|6
|gen|8
|tier|[Gen 8] OU
|rated|
|rule|Sleep Clause Mod: Limit one foe put to sleep
|rule|Species Clause: Limit one of each Pokémon
|rule|OHKO Clause: OHKO moves are banned
|rule|Evasion Moves Clause: Evasion moves are banned
|rule|Endless Battle Clause: Forcing endless battles is banned
|rule|HP Percentage Mod: HP is shown in percentages
|rule|Dynamax Clause: You cannot dynamax
|clearpoke
|poke|p1|Ninetales-Alola, M|
|poke|p1|Landorus-Therian, M|
|poke|p1|Urshifu-*, M|
|poke|p1|Heatran, M|
|poke|p1|Zapdos-Galar|
|poke|p1|Dragapult, M|
|poke|p2|Kartana|
|poke|p2|Heatran, M|
|poke|p2|Gengar, M|
|poke|p2|Torkoal, M|
|poke|p2|Landorus-Therian, M|
|poke|p2|Seismitoad, F|
|teampreview
|
|t:|1649881153
|start
|switch|p1a: Urshifu|Urshifu-Rapid-Strike, M|100/100
|switch|p2a: Heatran|Heatran, M|100/100
|turn|1
|
|t:|1649881164
|switch|p2a: Seismitoad|Seismitoad, F|100/100
|move|p1a: Urshifu|Close Combat|p2a: Seismitoad
|-damage|p2a: Seismitoad|47/100
|-unboost|p1a: Urshifu|def|1
|-unboost|p1a: Urshifu|spd|1
|
|-heal|p2a: Seismitoad|53/100|[from] item: Leftovers
|upkeep
|turn|2
|
|t:|1649881179
|switch|p1a: Dragapult|Dragapult, M|100/100
|move|p2a: Seismitoad|Power Whip|p1a: Dragapult
|-resisted|p1a: Dragapult
|-damage|p1a: Dragapult|85/100
|
|-heal|p2a: Seismitoad|59/100|[from] item: Leftovers
|upkeep
|turn|3
|
|t:|1649881201
|switch|p2a: Heatran|Heatran, M|100/100
|move|p1a: Dragapult|Shadow Ball|p2a: Heatran
|-damage|p2a: Heatran|61/100
|-damage|p1a: Dragapult|76/100|[from] item: Life Orb
|
|-heal|p2a: Heatran|67/100|[from] item: Leftovers
|upkeep
|turn|4
|
|t:|1649881210
|move|p1a: Dragapult|Hydro Pump|p2a: Heatran
|-supereffective|p2a: Heatran
|-damage|p2a: Heatran|1/100
|-damage|p1a: Dragapult|66/100|[from] item: Life Orb
|move|p2a: Heatran|Flash Cannon|p1a: Dragapult
|-damage|p1a: Dragapult|0 fnt
|faint|p1a: Dragapult
|
|-heal|p2a: Heatran|7/100|[from] item: Leftovers
|upkeep
|
|t:|1649881233
|switch|p1a: Zapdos|Zapdos-Galar, shiny|100/100
|turn|5
|
|t:|1649881240
|move|p1a: Zapdos|Brave Bird|p2a: Heatran
|-resisted|p2a: Heatran
|-damage|p2a: Heatran|0 fnt
|faint|p2a: Heatran
|-damage|p1a: Zapdos|98/100|[from] Recoil
|
|upkeep
|
|t:|1649881242
|switch|p2a: Torkoal|Torkoal, M|100/100
|-weather|SunnyDay|[from] ability: Drought|[of] p2a: Torkoal
|turn|6
|
|t:|1649881253
|move|p1a: Zapdos|Brave Bird|p2a: Torkoal
|-damage|p2a: Torkoal|48/100
|-damage|p1a: Zapdos|79/100|[from] Recoil
|move|p2a: Torkoal|Lava Plume|p1a: Zapdos
|-damage|p1a: Zapdos|40/100
|
|-weather|SunnyDay|[upkeep]
|upkeep
|turn|7
|
|t:|1649881288
|move|p1a: Zapdos|Brave Bird|p2a: Torkoal
|-damage|p2a: Torkoal|0 fnt
|faint|p2a: Torkoal
|-damage|p1a: Zapdos|23/100|[from] Recoil
|
|-weather|SunnyDay|[upkeep]
|upkeep
|
|t:|1649881290
|switch|p2a: Kartana|Kartana|100/100
|turn|8
|
|t:|1649881308
|switch|p1a: Landorus|Landorus-Therian, M|100/100
|-ability|p1a: Landorus|Intimidate|boost
|-unboost|p2a: Kartana|atk|1
|move|p2a: Kartana|Smart Strike|p1a: Landorus
|-damage|p1a: Landorus|77/100
|
|-weather|SunnyDay|[upkeep]
|-heal|p1a: Landorus|83/100|[from] item: Leftovers
|upkeep
|turn|9
|
|t:|1649881321
|switch|p2a: Landorus|Landorus-Therian, M|100/100
|-ability|p2a: Landorus|Intimidate|boost
|-unboost|p1a: Landorus|atk|1
|move|p1a: Landorus|Earthquake|p2a: Landorus
|-immune|p2a: Landorus
|
|-weather|SunnyDay|[upkeep]
|-heal|p1a: Landorus|89/100|[from] item: Leftovers
|upkeep
|turn|10
|
|t:|1649881331
|move|p2a: Landorus|Knock Off|p1a: Landorus
|-damage|p1a: Landorus|65/100
|-enditem|p1a: Landorus|Leftovers|[from] move: Knock Off|[of] p2a: Landorus
|move|p1a: Landorus|Stealth Rock|p2a: Landorus
|-sidestart|p2: alolanpersianrules|move: Stealth Rock
|
|-weather|none
|upkeep
|turn|11
|
|t:|1649881338
|move|p2a: Landorus|Rock Tomb|p1a: Landorus
|-damage|p1a: Landorus|50/100
|-unboost|p1a: Landorus|spe|1
|move|p1a: Landorus|U-turn|p2a: Landorus
|-resisted|p2a: Landorus
|-damage|p2a: Landorus|94/100
|
|t:|1649881352
|switch|p1a: Ninetales|Ninetales-Alola, M|100/100|[from]move: U-turn
|-weather|Hail|[from] ability: Snow Warning|[of] p1a: Ninetales
|
|-weather|Hail|[upkeep]
|-damage|p2a: Landorus|88/100|[from] Hail
|-heal|p2a: Landorus|94/100|[from] item: Leftovers
|upkeep
|turn|12
|
|t:|1649881361
|move|p1a: Ninetales|Aurora Veil|p1a: Ninetales
|-sidestart|p1: Red rushun|move: Aurora Veil
|move|p2a: Landorus|Rock Tomb|p1a: Ninetales
|-supereffective|p1a: Ninetales
|-crit|p1a: Ninetales
|-damage|p1a: Ninetales|25/100
|-unboost|p1a: Ninetales|spe|1
|
|-weather|Hail|[upkeep]
|-damage|p2a: Landorus|88/100|[from] Hail
|-heal|p2a: Landorus|94/100|[from] item: Leftovers
|upkeep
|turn|13
|
|t:|1649881377
|switch|p1a: Urshifu|Urshifu-Rapid-Strike, M|100/100
|move|p2a: Landorus|Earthquake|p1a: Urshifu
|-damage|p1a: Urshifu|76/100
|
|-weather|Hail|[upkeep]
|-damage|p1a: Urshifu|70/100|[from] Hail
|-damage|p2a: Landorus|88/100|[from] Hail
|-heal|p2a: Landorus|94/100|[from] item: Leftovers
|upkeep
|turn|14
|
|t:|1649881389
|move|p1a: Urshifu|U-turn|p2a: Landorus
|-resisted|p2a: Landorus
|-damage|p2a: Landorus|83/100
|
|t:|1649881398
|switch|p1a: Landorus|Landorus-Therian, M|50/100|[from]move: U-turn
|-ability|p1a: Landorus|Intimidate|boost
|-unboost|p2a: Landorus|atk|1
|move|p2a: Landorus|Earthquake|p1a: Landorus
|-immune|p1a: Landorus
|
|-weather|Hail|[upkeep]
|-damage|p2a: Landorus|77/100|[from] Hail
|-damage|p1a: Landorus|44/100|[from] Hail
|-heal|p2a: Landorus|83/100|[from] item: Leftovers
|upkeep
|turn|15
|
|t:|1649881417
|move|p2a: Landorus|Rock Tomb|p1a: Landorus
|-damage|p1a: Landorus|40/100
|-unboost|p1a: Landorus|spe|1
|move|p1a: Landorus|U-turn|p2a: Landorus
|-resisted|p2a: Landorus
|-damage|p2a: Landorus|74/100
|
|t:|1649881425
|switch|p1a: Ninetales|Ninetales-Alola, M|25/100|[from]move: U-turn
|
|-weather|none
|-heal|p2a: Landorus|80/100|[from] item: Leftovers
|upkeep
|turn|16
|
|t:|1649881434
|move|p1a: Ninetales|Blizzard|p2a: Landorus
|-supereffective|p2a: Landorus
|-damage|p2a: Landorus|0 fnt
|faint|p2a: Landorus
|
|upkeep
|
|t:|1649881438
|switch|p2a: Gengar|Gengar, M|100/100
|-damage|p2a: Gengar|88/100|[from] Stealth Rock
|turn|17
|
|t:|1649881446
|switch|p1a: Heatran|Heatran, M, shiny|100/100
|move|p2a: Gengar|Nasty Plot|p2a: Gengar
|-boost|p2a: Gengar|spa|2
|
|upkeep
|turn|18
|
|t:|1649881455
|move|p2a: Gengar|Focus Blast|p1a: Heatran
|-supereffective|p1a: Heatran
|-damage|p1a: Heatran|31/100
|-damage|p2a: Gengar|78/100|[from] item: Life Orb
|move|p1a: Heatran|Earth Power|p2a: Gengar
|-supereffective|p2a: Gengar
|-damage|p2a: Gengar|0 fnt
|faint|p2a: Gengar
|
|-heal|p1a: Heatran|37/100|[from] item: Leftovers
|upkeep
|
|t:|1649881468
|switch|p2a: Seismitoad|Seismitoad, F|59/100
|-damage|p2a: Seismitoad|53/100|[from] Stealth Rock
|turn|19
|
|t:|1649881474
|move|p1a: Heatran|Toxic|p2a: Seismitoad
|-status|p2a: Seismitoad|tox
|move|p2a: Seismitoad|Liquidation|p1a: Heatran
|-supereffective|p1a: Heatran
|-damage|p1a: Heatran|15/100
|
|-heal|p1a: Heatran|21/100|[from] item: Leftovers
|-heal|p2a: Seismitoad|59/100 tox|[from] item: Leftovers
|-damage|p2a: Seismitoad|53/100 tox|[from] psn
|-sideend|p1: Red rushun|move: Aurora Veil
|upkeep
|turn|20
|
|t:|1649881495
|move|p1a: Heatran|Taunt|p2a: Seismitoad
|-start|p2a: Seismitoad|move: Taunt
|move|p2a: Seismitoad|Knock Off|p1a: Heatran
|-crit|p1a: Heatran
|-damage|p1a: Heatran|0 fnt
|-enditem|p1a: Heatran|Leftovers|[from] move: Knock Off|[of] p2a: Seismitoad
|faint|p1a: Heatran
|
|-heal|p2a: Seismitoad|59/100 tox|[from] item: Leftovers
|-damage|p2a: Seismitoad|47/100 tox|[from] psn
|upkeep
|
|t:|1649881505
|switch|p1a: Ninetales|Ninetales-Alola, M|25/100
|-weather|Hail|[from] ability: Snow Warning|[of] p1a: Ninetales
|turn|21
|
|t:|1649881509
|move|p1a: Ninetales|Aurora Veil|p1a: Ninetales
|-sidestart|p1: Red rushun|move: Aurora Veil
|move|p2a: Seismitoad|Earthquake|p1a: Ninetales
|-damage|p1a: Ninetales|9/100
|
|-weather|Hail|[upkeep]
|-damage|p2a: Seismitoad|41/100 tox|[from] Hail
|-heal|p2a: Seismitoad|47/100 tox|[from] item: Leftovers
|-damage|p2a: Seismitoad|29/100 tox|[from] psn
|upkeep
|turn|22
|
|t:|1649881522
|move|p1a: Ninetales|Blizzard|p2a: Seismitoad
|-damage|p2a: Seismitoad|0 fnt
|faint|p2a: Seismitoad
|
|-weather|Hail|[upkeep]
|upkeep
|
|t:|1649881523
|switch|p2a: Kartana|Kartana|100/100
|-damage|p2a: Kartana|94/100|[from] Stealth Rock
|turn|23
|
|t:|1649881529
|move|p2a: Kartana|Leaf Blade|p1a: Ninetales
|-damage|p1a: Ninetales|0 fnt
|faint|p1a: Ninetales
|-ability|p2a: Kartana|Beast Boost|boost
|-boost|p2a: Kartana|atk|1
|
|-weather|Hail|[upkeep]
|-damage|p2a: Kartana|88/100|[from] Hail
|upkeep
|
|t:|1649881544
|switch|p1a: Urshifu|Urshifu-Rapid-Strike, M|70/100
|turn|24
|
|t:|1649881547
|move|p2a: Kartana|Leaf Blade|p1a: Urshifu
|-supereffective|p1a: Urshifu
|-damage|p1a: Urshifu|0 fnt
|faint|p1a: Urshifu
|-ability|p2a: Kartana|Beast Boost|boost
|-boost|p2a: Kartana|atk|1
|
|-weather|Hail|[upkeep]
|-damage|p2a: Kartana|82/100|[from] Hail
|upkeep
|
|t:|1649881558
|switch|p1a: Landorus|Landorus-Therian, M|40/100
|-ability|p1a: Landorus|Intimidate|boost
|-unboost|p2a: Kartana|atk|1
|turn|25
|
|t:|1649881564
|move|p2a: Kartana|Leaf Blade|p1a: Landorus
|-damage|p1a: Landorus|6/100
|move|p1a: Landorus|Earthquake|p2a: Kartana
|-damage|p2a: Kartana|30/100
|
|-weather|none
|upkeep
|turn|26
|inactive|Battle timer is ON: inactive players will automatically lose when time's up. (requested by alolanpersianrules)
|
|t:|1649881582
|move|p2a: Kartana|Leaf Blade|p1a: Landorus
|-damage|p1a: Landorus|0 fnt
|faint|p1a: Landorus
|-ability|p2a: Kartana|Beast Boost|boost
|-boost|p2a: Kartana|atk|1
|
|upkeep
|
|t:|1649881588
|switch|p1a: Zapdos|Zapdos-Galar, shiny|23/100
|turn|27
|
|t:|1649881592
|move|p2a: Kartana|Leaf Blade|p1a: Zapdos
|-resisted|p1a: Zapdos
|-damage|p1a: Zapdos|0 fnt
|faint|p1a: Zapdos
|
|win|alolanpersianrules
|raw|Red rushun's rating: 1311 &rarr; <strong>1292</strong><br />(-19 for losing)
|raw|alolanpersianrules's rating: 1322 &rarr; <strong>1341</strong><br />(+19 for winning)
