|j|☆TheImpactAssault
|j|☆Kikoobuster
|t:|1661374936
|gametype|singles
|player|p1|TheImpactAssault|hilda|1407
|player|p2|Kikoobuster|170|1380
|teamsize|p1|6
|teamsize|p2|6
|gen|8
|tier|[Gen 8] OU
|rated|
|rule|Sleep Clause Mod: Limit one foe put to sleep
|rule|Species Clause: Limit one of each Pokémon
|rule|OHKO Clause: OHKO moves are banned
|rule|Evasion Items Clause: Evasion items are banned
|rule|Evasion Moves Clause: Evasion moves are banned
|rule|Endless Battle Clause: Forcing endless battles is banned
|rule|HP Percentage Mod: HP is shown in percentages
|rule|Dynamax Clause: You cannot dynamax
|clearpoke
|poke|p1|Corviknight, M|
|poke|p1|Dragapult, M|
|poke|p1|Blissey, F|
|poke|p1|Incineroar, F|
|poke|p1|Zapdos|
|poke|p1|Toxapex, F|
|poke|p2|Swampert, F|
|poke|p2|Hawlucha, M|
|poke|p2|Raichu-Alola, M|
|poke|p2|Tapu Koko|
|poke|p2|Kartana|
|poke|p2|Zoroark, F|
|teampreview
|inactive|Battle timer is ON: inactive players will automatically lose when time's up. (requested by TheImpactAssault)
|
|t:|1661374961
|start
|switch|p1a: Incineroar|Incineroar, F|100/100
|switch|p2a: Swampert|Swampert, F|100/100
|-ability|p1a: Incineroar|Intimidate|boost
|-unboost|p2a: Swampert|atk|1
|turn|1
|
|t:|1661374966
|move|p1a: Incineroar|Fake Out|p2a: Swampert
|-damage|p2a: Swampert|90/100
|cant|p2a: Swampert|flinch
|
|-heal|p2a: Swampert|97/100|[from] item: Leftovers
|upkeep
|turn|2
|
|t:|1661374971
|move|p2a: Swampert|Stealth Rock|p1a: Incineroar
|-sidestart|p1: TheImpactAssault|move: Stealth Rock
|move|p1a: Incineroar|Knock Off|p2a: Swampert
|-damage|p2a: Swampert|63/100
|-enditem|p2a: Swampert|Leftovers|[from] move: Knock Off|[of] p1a: Incineroar
|
|upkeep
|turn|3
|
|t:|1661374973
|move|p2a: Swampert|Toxic|p1a: Incineroar
|-status|p1a: Incineroar|tox
|move|p1a: Incineroar|Parting Shot|p2a: Swampert
|-unboost|p2a: Swampert|atk|1
|-unboost|p2a: Swampert|spa|1
|
|t:|1661374980
|switch|p1a: Dragapult|Dragapult, M|100/100|[from]move: Parting Shot
|-damage|p1a: Dragapult|88/100|[from] Stealth Rock
|
|-heal|p1a: Dragapult|94/100|[from] item: Leftovers
|upkeep
|turn|4
|
|t:|1661374985
|move|p1a: Dragapult|Substitute|p1a: Dragapult
|-start|p1a: Dragapult|Substitute
|-damage|p1a: Dragapult|69/100
|move|p2a: Swampert|Toxic||[still]
|-fail|p2a: Swampert
|
|-heal|p1a: Dragapult|75/100|[from] item: Leftovers
|upkeep
|turn|5
|
|t:|1661374991
|move|p1a: Dragapult|Dragon Darts|p2a: Swampert
|-damage|p2a: Swampert|37/100
|-anim|p1a: Dragapult|Dragon Darts|p2a: Swampert
|-damage|p2a: Swampert|13/100
|move|p2a: Swampert|Flip Turn|p1a: Dragapult
|-resisted|p1a: Dragapult
|-activate|p1a: Dragapult|move: Substitute|[damage]
|
|t:|1661375001
|switch|p2a: Hawlucha|Hawlucha, M|100/100|[from]move: Flip Turn
|
|-heal|p1a: Dragapult|81/100|[from] item: Leftovers
|upkeep
|turn|6
|
|t:|1661375005
|move|p2a: Hawlucha|Throat Chop|p1a: Dragapult
|-supereffective|p1a: Dragapult
|-end|p1a: Dragapult|Substitute
|move|p1a: Dragapult|Dragon Dance|p1a: Dragapult
|-boost|p1a: Dragapult|atk|1
|-boost|p1a: Dragapult|spe|1
|
|-heal|p1a: Dragapult|87/100|[from] item: Leftovers
|upkeep
|turn|7
|
|t:|1661375012
|move|p1a: Dragapult|Dragon Darts|p2a: Hawlucha
|-damage|p2a: Hawlucha|24/100
|replace|p2a: Zoroark|Zoroark, F
|-end|p2a: Zoroark|Illusion
|-anim|p1a: Dragapult|Dragon Darts|p2a: Zoroark
|-damage|p2a: Zoroark|0 fnt
|faint|p2a: Zoroark
|
|-heal|p1a: Dragapult|93/100|[from] item: Leftovers
|upkeep
|
|t:|1661375017
|switch|p2a: Tapu Koko|Tapu Koko|100/100
|-fieldstart|move: Electric Terrain|[from] ability: Electric Surge|[of] p2a: Tapu Koko
|turn|8
|
|t:|1661375023
|move|p1a: Dragapult|Phantom Force||[still]
|-prepare|p1a: Dragapult|Phantom Force
|move|p2a: Tapu Koko|Reflect|p2a: Tapu Koko
|-sidestart|p2: Kikoobuster|Reflect
|
|-heal|p1a: Dragapult|99/100|[from] item: Leftovers
|upkeep
|turn|9
|
|t:|1661375026
|switch|p2a: Swampert|Swampert, F|13/100
|move|p1a: Dragapult|Phantom Force|p2a: Swampert|[from]lockedmove
|-damage|p2a: Swampert|0 fnt
|faint|p2a: Swampert
|
|-heal|p1a: Dragapult|100/100|[from] item: Leftovers
|upkeep
|
|t:|1661375029
|switch|p2a: Raichu|Raichu-Alola, M|100/100
|-item|p2a: Raichu|Air Balloon
|turn|10
|
|t:|1661375034
|move|p2a: Raichu|Nasty Plot|p2a: Raichu
|-boost|p2a: Raichu|spa|2
|move|p1a: Dragapult|Phantom Force||[still]
|-prepare|p1a: Dragapult|Phantom Force
|
|upkeep
|turn|11
|
|t:|1661375043
|move|p2a: Raichu|Nasty Plot|p2a: Raichu
|-boost|p2a: Raichu|spa|2
|move|p1a: Dragapult|Phantom Force|p2a: Raichu|[from]lockedmove
|-supereffective|p2a: Raichu
|-damage|p2a: Raichu|0 fnt
|-enditem|p2a: Raichu|Air Balloon
|faint|p2a: Raichu
|
|upkeep
|
|t:|1661375051
|switch|p2a: Hawlucha|Hawlucha, M|100/100
|-enditem|p2a: Hawlucha|Electric Seed
|-boost|p2a: Hawlucha|def|1|[from] item: Electric Seed
|turn|12
|
|t:|1661375055
|move|p2a: Hawlucha|Swords Dance|p2a: Hawlucha
|-boost|p2a: Hawlucha|atk|2
|move|p1a: Dragapult|Dragon Darts|p2a: Hawlucha
|-damage|p2a: Hawlucha|64/100
|-anim|p1a: Dragapult|Dragon Darts|p2a: Hawlucha
|-damage|p2a: Hawlucha|23/100
|
|-sideend|p2: Kikoobuster|Reflect
|upkeep
|turn|13
|
|t:|1661375060
|move|p2a: Hawlucha|Acrobatics|p1a: Dragapult
|-damage|p1a: Dragapult|0 fnt
|faint|p1a: Dragapult
|
|upkeep
|
|t:|1661375066
|switch|p1a: Toxapex|Toxapex, F|100/100
|-damage|p1a: Toxapex|88/100|[from] Stealth Rock
|turn|14
|
|t:|1661375070
|move|p2a: Hawlucha|Acrobatics|p1a: Toxapex
|-crit|p1a: Toxapex
|-damage|p1a: Toxapex|5/100
|move|p1a: Toxapex|Haze|p1a: Toxapex
|-clearallboost
|
|-heal|p1a: Toxapex|11/100|[from] item: Black Sludge
|upkeep
|turn|15
|
|t:|1661375076
|switch|p1a: Incineroar|Incineroar, F|100/100 tox
|-ability|p1a: Incineroar|Intimidate|boost
|-unboost|p2a: Hawlucha|atk|1
|move|p2a: Hawlucha|Acrobatics|p1a: Incineroar
|-damage|p1a: Incineroar|74/100 tox
|
|-damage|p1a: Incineroar|68/100 tox|[from] psn
|-fieldend|move: Electric Terrain
|upkeep
|turn|16
|
|t:|1661375079
|move|p1a: Incineroar|Fake Out|p2a: Hawlucha
|-damage|p2a: Hawlucha|7/100
|cant|p2a: Hawlucha|flinch
|
|-damage|p1a: Incineroar|56/100 tox|[from] psn
|upkeep
|turn|17
|
|t:|1661375083
|move|p2a: Hawlucha|Close Combat|p1a: Incineroar
|-supereffective|p1a: Incineroar
|-damage|p1a: Incineroar|0 fnt
|-unboost|p2a: Hawlucha|def|1
|-unboost|p2a: Hawlucha|spd|1
|faint|p1a: Incineroar
|
|upkeep
|
|t:|1661375087
|switch|p1a: Zapdos|Zapdos|100/100
|-ability|p1a: Zapdos|Pressure
|turn|18
|
|t:|1661375092
|move|p2a: Hawlucha|Close Combat|p1a: Zapdos
|-resisted|p1a: Zapdos
|-damage|p1a: Zapdos|89/100
|-unboost|p2a: Hawlucha|def|1
|-unboost|p2a: Hawlucha|spd|1
|move|p1a: Zapdos|Discharge|p2a: Hawlucha
|-supereffective|p2a: Hawlucha
|-damage|p2a: Hawlucha|0 fnt
|faint|p2a: Hawlucha
|
|upkeep
|
|t:|1661375097
|switch|p2a: Tapu Koko|Tapu Koko|100/100
|-fieldstart|move: Electric Terrain|[from] ability: Electric Surge|[of] p2a: Tapu Koko
|turn|19
|
|t:|1661375101
|move|p2a: Tapu Koko|Thunderbolt|p1a: Zapdos
|-damage|p1a: Zapdos|49/100
|move|p1a: Zapdos|Heat Wave|p2a: Tapu Koko
|-damage|p2a: Tapu Koko|67/100
|
|upkeep
|turn|20
|
|t:|1661375105
|switch|p1a: Blissey|Blissey, F|100/100
|-damage|p1a: Blissey|88/100|[from] Stealth Rock
|move|p2a: Tapu Koko|Thunderbolt|p1a: Blissey
|-damage|p1a: Blissey|76/100
|
|-heal|p1a: Blissey|82/100|[from] item: Leftovers
|upkeep
|turn|21
|
|t:|1661375112
|move|p2a: Tapu Koko|U-turn|p1a: Blissey
|-damage|p1a: Blissey|50/100
|
|t:|1661375114
|switch|p2a: Kartana|Kartana|100/100|[from]move: U-turn
|move|p1a: Blissey|Wish|p1a: Blissey
|
|-heal|p1a: Blissey|56/100|[from] item: Leftovers
|upkeep
|turn|22
|
|t:|1661375121
|switch|p1a: Corviknight|Corviknight, M|100/100
|-damage|p1a: Corviknight|88/100|[from] Stealth Rock
|-ability|p1a: Corviknight|Pressure
|move|p2a: Kartana|Sacred Sword|p1a: Corviknight
|-damage|p1a: Corviknight|61/100
|
|-heal|p1a: Corviknight|100/100|[from] move: Wish|[wisher] Blissey
|upkeep
|turn|23
|
|t:|1661375128
|move|p2a: Kartana|Sacred Sword|p1a: Corviknight
|-damage|p1a: Corviknight|73/100
|move|p1a: Corviknight|Substitute|p1a: Corviknight
|-start|p1a: Corviknight|Substitute
|-damage|p1a: Corviknight|48/100
|
|-heal|p1a: Corviknight|54/100|[from] item: Leftovers
|upkeep
|turn|24
|
|t:|1661375132
|move|p2a: Kartana|Sacred Sword|p1a: Corviknight
|-activate|p1a: Corviknight|move: Substitute|[damage]
|move|p1a: Corviknight|Roost|p1a: Corviknight
|-heal|p1a: Corviknight|100/100
|-singleturn|p1a: Corviknight|move: Roost
|
|upkeep
|turn|25
|
|t:|1661375137
|move|p2a: Kartana|Sacred Sword|p1a: Corviknight
|-end|p1a: Corviknight|Substitute
|move|p1a: Corviknight|Substitute|p1a: Corviknight
|-start|p1a: Corviknight|Substitute
|-damage|p1a: Corviknight|75/100
|
|-heal|p1a: Corviknight|82/100|[from] item: Leftovers
|upkeep
|turn|26
|
|t:|1661375139
|switch|p2a: Tapu Koko|Tapu Koko|67/100
|move|p1a: Corviknight|Body Press|p2a: Tapu Koko
|-resisted|p2a: Tapu Koko
|-damage|p2a: Tapu Koko|53/100
|
|-heal|p1a: Corviknight|88/100|[from] item: Leftovers
|-fieldend|move: Electric Terrain
|upkeep
|turn|27
|
|t:|1661375143
|move|p2a: Tapu Koko|Reflect|p2a: Tapu Koko
|-sidestart|p2: Kikoobuster|Reflect
|move|p1a: Corviknight|Substitute|p1a: Corviknight
|-fail|p1a: Corviknight|move: Substitute
|
|-heal|p1a: Corviknight|94/100|[from] item: Leftovers
|upkeep
|turn|28
|
|t:|1661375145
|move|p2a: Tapu Koko|Thunderbolt|p1a: Corviknight
|-supereffective|p1a: Corviknight
|-end|p1a: Corviknight|Substitute
|move|p1a: Corviknight|Iron Defense|p1a: Corviknight
|-boost|p1a: Corviknight|def|2
|
|-heal|p1a: Corviknight|100/100|[from] item: Leftovers
|upkeep
|turn|29
|
|t:|1661375148
|switch|p1a: Blissey|Blissey, F|56/100
|-damage|p1a: Blissey|44/100|[from] Stealth Rock
|move|p2a: Tapu Koko|Thunderbolt|p1a: Blissey
|-damage|p1a: Blissey|36/100
|
|-heal|p1a: Blissey|42/100|[from] item: Leftovers
|upkeep
|turn|30
|
|t:|1661375152
|move|p2a: Tapu Koko|U-turn|p1a: Blissey
|-damage|p1a: Blissey|7/100
|
|t:|1661375154
|switch|p2a: Kartana|Kartana|100/100|[from]move: U-turn
|move|p1a: Blissey|Wish|p1a: Blissey
|
|-heal|p1a: Blissey|13/100|[from] item: Leftovers
|upkeep
|turn|31
|
|t:|1661375158
|move|p1a: Blissey|Protect|p1a: Blissey
|-singleturn|p1a: Blissey|Protect
|move|p2a: Kartana|Sacred Sword|p1a: Blissey
|-activate|p1a: Blissey|move: Protect
|
|-heal|p1a: Blissey|63/100|[from] move: Wish|[wisher] Blissey
|-heal|p1a: Blissey|69/100|[from] item: Leftovers
|-sideend|p2: Kikoobuster|Reflect
|upkeep
|turn|32
|
|t:|1661375165
|switch|p2a: Tapu Koko|Tapu Koko|53/100
|-fieldstart|move: Electric Terrain|[from] ability: Electric Surge|[of] p2a: Tapu Koko
|switch|p1a: Toxapex|Toxapex, F|44/100
|-damage|p1a: Toxapex|32/100|[from] Stealth Rock
|
|-heal|p1a: Toxapex|38/100|[from] item: Black Sludge
|upkeep
|turn|33
|
|t:|1661375169
|move|p1a: Toxapex|Baneful Bunker|p1a: Toxapex
|-singleturn|p1a: Toxapex|move: Protect
|move|p2a: Tapu Koko|U-turn|p1a: Toxapex
|-activate|p1a: Toxapex|move: Protect
|-status|p2a: Tapu Koko|psn
|
|-heal|p1a: Toxapex|44/100|[from] item: Black Sludge
|-damage|p2a: Tapu Koko|41/100 psn|[from] psn
|upkeep
|turn|34
|
|t:|1661375174
|switch|p1a: Zapdos|Zapdos|49/100
|-ability|p1a: Zapdos|Pressure
|move|p2a: Tapu Koko|Thunderbolt|p1a: Zapdos
|-damage|p1a: Zapdos|15/100
|
|-damage|p2a: Tapu Koko|28/100 psn|[from] psn
|upkeep
|turn|35
|
|t:|1661375178
|move|p2a: Tapu Koko|Thunderbolt|p1a: Zapdos
|-damage|p1a: Zapdos|0 fnt
|faint|p1a: Zapdos
|
|-damage|p2a: Tapu Koko|16/100 psn|[from] psn
|upkeep
|
|t:|1661375181
|switch|p1a: Toxapex|Toxapex, F|77/100
|-damage|p1a: Toxapex|65/100|[from] Stealth Rock
|turn|36
|
|t:|1661375185
|switch|p2a: Kartana|Kartana|100/100
|move|p1a: Toxapex|Baneful Bunker||[still]
|-fail|p1a: Toxapex
|
|-heal|p1a: Toxapex|71/100|[from] item: Black Sludge
|upkeep
|turn|37
|
|t:|1661375187
|move|p1a: Toxapex|Baneful Bunker|p1a: Toxapex
|-singleturn|p1a: Toxapex|move: Protect
|move|p2a: Kartana|Leaf Blade|p1a: Toxapex
|-activate|p1a: Toxapex|move: Protect
|
|-heal|p1a: Toxapex|77/100|[from] item: Black Sludge
|upkeep
|turn|38
|
|t:|1661375192
|move|p2a: Kartana|Leaf Blade|p1a: Toxapex
|-damage|p1a: Toxapex|43/100
|move|p1a: Toxapex|Scald|p2a: Kartana
|-resisted|p2a: Kartana
|-damage|p2a: Kartana|76/100
|
|-heal|p1a: Toxapex|49/100|[from] item: Black Sludge
|upkeep
|turn|39
|
|t:|1661375195
|move|p1a: Toxapex|Baneful Bunker|p1a: Toxapex
|-singleturn|p1a: Toxapex|move: Protect
|move|p2a: Kartana|Leaf Blade|p1a: Toxapex
|-activate|p1a: Toxapex|move: Protect
|
|-heal|p1a: Toxapex|55/100|[from] item: Black Sludge
|-fieldend|move: Electric Terrain
|upkeep
|turn|40
|
|t:|1661375198
|move|p2a: Kartana|Leaf Blade|p1a: Toxapex
|-damage|p1a: Toxapex|17/100
|move|p1a: Toxapex|Recover|p1a: Toxapex
|-heal|p1a: Toxapex|67/100
|
|-heal|p1a: Toxapex|74/100|[from] item: Black Sludge
|upkeep
|turn|41
|
|t:|1661375203
|switch|p1a: Corviknight|Corviknight, M|100/100
|-damage|p1a: Corviknight|88/100|[from] Stealth Rock
|-ability|p1a: Corviknight|Pressure
|move|p2a: Kartana|Leaf Blade|p1a: Corviknight
|-resisted|p1a: Corviknight
|-crit|p1a: Corviknight
|-damage|p1a: Corviknight|74/100
|
|-heal|p1a: Corviknight|80/100|[from] item: Leftovers
|upkeep
|turn|42
|
|t:|1661375206
|switch|p2a: Tapu Koko|Tapu Koko|16/100 psn
|-fieldstart|move: Electric Terrain|[from] ability: Electric Surge|[of] p2a: Tapu Koko
|move|p1a: Corviknight|Substitute|p1a: Corviknight
|-start|p1a: Corviknight|Substitute
|-damage|p1a: Corviknight|56/100
|
|-heal|p1a: Corviknight|62/100|[from] item: Leftovers
|-damage|p2a: Tapu Koko|4/100 psn|[from] psn
|upkeep
|turn|43
|
|t:|1661375211
|move|p2a: Tapu Koko|Thunderbolt|p1a: Corviknight
|-supereffective|p1a: Corviknight
|-end|p1a: Corviknight|Substitute
|move|p1a: Corviknight|Substitute|p1a: Corviknight
|-start|p1a: Corviknight|Substitute
|-damage|p1a: Corviknight|37/100
|
|-heal|p1a: Corviknight|43/100|[from] item: Leftovers
|-damage|p2a: Tapu Koko|0 fnt|[from] psn
|faint|p2a: Tapu Koko
|upkeep
|
|t:|1661375214
|switch|p2a: Kartana|Kartana|76/100
|turn|44
|c|☆TheImpactAssault|Gg
|
|t:|1661375221
|move|p2a: Kartana|Sacred Sword|p1a: Corviknight
|-end|p1a: Corviknight|Substitute
|move|p1a: Corviknight|Substitute|p1a: Corviknight
|-start|p1a: Corviknight|Substitute
|-damage|p1a: Corviknight|18/100
|
|-heal|p1a: Corviknight|24/100|[from] item: Leftovers
|upkeep
|turn|45
|c|☆Kikoobuster|gg
|
|t:|1661375224
|move|p2a: Kartana|Sacred Sword|p1a: Corviknight
|-end|p1a: Corviknight|Substitute
|move|p1a: Corviknight|Roost|p1a: Corviknight
|-heal|p1a: Corviknight|74/100
|-singleturn|p1a: Corviknight|move: Roost
|
|-heal|p1a: Corviknight|80/100|[from] item: Leftovers
|upkeep
|turn|46
|
|t:|1661375228
|move|p2a: Kartana|Sacred Sword|p1a: Corviknight
|-damage|p1a: Corviknight|52/100
|move|p1a: Corviknight|Roost|p1a: Corviknight
|-heal|p1a: Corviknight|100/100
|-singleturn|p1a: Corviknight|move: Roost
|
|upkeep
|turn|47
|
|t:|1661375232
|move|p2a: Kartana|Sacred Sword|p1a: Corviknight
|-damage|p1a: Corviknight|76/100
|move|p1a: Corviknight|Substitute|p1a: Corviknight
|-start|p1a: Corviknight|Substitute
|-damage|p1a: Corviknight|51/100
|
|-heal|p1a: Corviknight|57/100|[from] item: Leftovers
|upkeep
|turn|48
|
|t:|1661375235
|move|p2a: Kartana|Sacred Sword|p1a: Corviknight
|-activate|p1a: Corviknight|move: Substitute|[damage]
|move|p1a: Corviknight|Substitute|p1a: Corviknight
|-fail|p1a: Corviknight|move: Substitute
|
|-heal|p1a: Corviknight|64/100|[from] item: Leftovers
|upkeep
|turn|49
|-message|Kikoobuster forfeited.
|
|win|TheImpactAssault
|raw|TheImpactAssault's rating: 1407 &rarr; <strong>1425</strong><br />(+18 for winning)
|raw|Kikoobuster's rating: 1380 &rarr; <strong>1362</strong><br />(-18 for losing)
|l|☆Kikoobuster
||Ladder isn't responding, score probably updated but might not have (Request timeout).
