|j|‽minimax_ai
|j|☆Hgfhhfghfff
|t:|1667290100
|gametype|singles
|player|p1|minimax_ai|266|1553
|player|p2|Hgfhhfghfff|2|1709
|teamsize|p1|6
|teamsize|p2|6
|gen|8
|tier|[Gen 8] OU
|rated|
|rule|Sleep Clause Mod: Limit one foe put to sleep
|rule|Species Clause: Limit one of each Pokémon
|rule|OHKO Clause: OHKO moves are banned
|rule|Evasion Items Clause: Evasion items are banned
|rule|Evasion Moves Clause: Evasion moves are banned
|rule|Endless Battle Clause: Forcing endless battles is banned
|rule|HP Percentage Mod: HP is shown in percentages
|rule|Dynamax Clause: You cannot dynamax
|clearpoke
|poke|p1|Rotom-Wash|
|poke|p1|Weavile, F|
|poke|p1|Landorus-Therian, M|
|poke|p1|Heatran, M|
|poke|p1|Tangrowth, F|
|poke|p1|Melmetal|
|poke|p2|Jirachi|
|poke|p2|Zapdos|
|poke|p2|Diancie|
|poke|p2|Rillaboom, F|
|poke|p2|Keldeo|
|poke|p2|Nidoking, M|
|teampreview
|
|t:|1667290103
|start
|switch|p1a: Melmetal|Melmetal|100/100
|switch|p2a: Keldeo|Keldeo|100/100
|turn|1
|inactive|Battle timer is ON: inactive players will automatically lose when time's up. (requested by minimax_ai)
|j| FlyingSudowoodo
|
|t:|1667290118
|move|p2a: Keldeo|Substitute|p2a: Keldeo
|-start|p2a: Keldeo|Substitute
|-damage|p2a: Keldeo|76/100
|move|p1a: Melmetal|Thunder Punch|p2a: Keldeo
|-supereffective|p2a: Keldeo
|-end|p2a: Keldeo|Substitute
|
|-heal|p2a: Keldeo|82/100|[from] item: Leftovers
|upkeep
|turn|2
|
|t:|1667290128
|switch|p2a: Zapdos|Zapdos|100/100
|move|p1a: Melmetal|Thunder Punch|p2a: Zapdos
|-damage|p2a: Zapdos|70/100
|
|upkeep
|turn|3
|
|t:|1667290134
|move|p2a: Zapdos|Discharge|p1a: Melmetal
|-crit|p1a: Melmetal
|-damage|p1a: Melmetal|73/100
|-status|p1a: Melmetal|par
|move|p1a: Melmetal|Ice Punch|p2a: Zapdos
|-supereffective|p2a: Zapdos
|-damage|p2a: Zapdos|2/100
|
|upkeep
|turn|4
|
|t:|1667290144
|move|p2a: Zapdos|Discharge|p1a: Melmetal
|-damage|p1a: Melmetal|55/100 par
|move|p1a: Melmetal|Ice Punch|p2a: Zapdos
|-supereffective|p2a: Zapdos
|-damage|p2a: Zapdos|0 fnt
|faint|p2a: Zapdos
|
|upkeep
|
|t:|1667290151
|switch|p2a: Nidoking|Nidoking, M|100/100
|turn|5
|
|t:|1667290156
|switch|p1a: Heatran|Heatran, M|100/100
|-item|p1a: Heatran|Air Balloon
|move|p2a: Nidoking|Earth Power|p1a: Heatran
|-immune|p1a: Heatran
|
|upkeep
|turn|6
|
|t:|1667290163
|switch|p2a: Diancie|Diancie|100/100
|move|p1a: Heatran|Magma Storm|p2a: Diancie|[miss]
|-miss|p1a: Heatran|p2a: Diancie
|
|upkeep
|turn|7
|
|t:|1667290169
|switch|p1a: Rotom|Rotom-Wash|100/100
|move|p2a: Diancie|Diamond Storm|p1a: Rotom
|-damage|p1a: Rotom|63/100
|
|-heal|p1a: Rotom|69/100|[from] item: Leftovers
|upkeep
|turn|8
|
|t:|1667290176
|move|p1a: Rotom|Hydro Pump|p2a: Diancie
|-supereffective|p2a: Diancie
|-damage|p2a: Diancie|54/100
|move|p2a: Diancie|Draining Kiss|p1a: Rotom
|-damage|p1a: Rotom|43/100
|-heal|p2a: Diancie|74/100|[from] drain|[of] p1a: Rotom
|
|-heal|p1a: Rotom|50/100|[from] item: Leftovers
|upkeep
|turn|9
|
|t:|1667290184
|switch|p2a: Rillaboom|Rillaboom, F|100/100
|-fieldstart|move: Grassy Terrain|[from] ability: Grassy Surge|[of] p2a: Rillaboom
|move|p1a: Rotom|Hydro Pump|p2a: Rillaboom
|-resisted|p2a: Rillaboom
|-damage|p2a: Rillaboom|73/100
|
|-heal|p1a: Rotom|56/100|[from] item: Leftovers
|-heal|p2a: Rillaboom|79/100|[from] Grassy Terrain
|upkeep
|turn|10
|
|t:|1667290192
|switch|p1a: Tangrowth|Tangrowth, F|100/100
|move|p2a: Rillaboom|Knock Off|p1a: Tangrowth
|-damage|p1a: Tangrowth|82/100
|-damage|p2a: Rillaboom|62/100|[from] item: Rocky Helmet|[of] p1a: Tangrowth
|-enditem|p1a: Tangrowth|Rocky Helmet|[from] move: Knock Off|[of] p2a: Rillaboom
|
|-heal|p2a: Rillaboom|69/100|[from] Grassy Terrain
|-heal|p1a: Tangrowth|88/100|[from] Grassy Terrain
|upkeep
|turn|11
|
|t:|1667290199
|move|p2a: Rillaboom|U-turn|p1a: Tangrowth
|-supereffective|p1a: Tangrowth
|-damage|p1a: Tangrowth|63/100
|
|t:|1667290205
|switch|p2a: Nidoking|Nidoking, M|100/100|[from]move: U-turn
|move|p1a: Tangrowth|Giga Drain|p2a: Nidoking
|-damage|p2a: Nidoking|41/100
|-heal|p1a: Tangrowth|85/100|[from] drain|[of] p2a: Nidoking
|
|-heal|p2a: Nidoking|47/100|[from] Grassy Terrain
|-heal|p1a: Tangrowth|91/100|[from] Grassy Terrain
|upkeep
|turn|12
|
|t:|1667290212
|switch|p1a: Heatran|Heatran, M|100/100
|-item|p1a: Heatran|Air Balloon
|move|p2a: Nidoking|Ice Beam|p1a: Heatran
|-resisted|p1a: Heatran
|-damage|p1a: Heatran|91/100
|-enditem|p1a: Heatran|Air Balloon
|
|-heal|p2a: Nidoking|53/100|[from] Grassy Terrain
|-heal|p1a: Heatran|97/100|[from] Grassy Terrain
|upkeep
|turn|13
|
|t:|1667290218
|switch|p1a: Melmetal|Melmetal|55/100 par
|move|p2a: Nidoking|Poison Jab|p1a: Melmetal
|-immune|p1a: Melmetal
|
|-heal|p2a: Nidoking|59/100|[from] Grassy Terrain
|-heal|p1a: Melmetal|61/100 par|[from] Grassy Terrain
|-fieldend|move: Grassy Terrain
|upkeep
|turn|14
|
|t:|1667290222
|switch|p1a: Weavile|Weavile, F|100/100
|-ability|p1a: Weavile|Pressure
|move|p2a: Nidoking|Flamethrower|p1a: Weavile
|-supereffective|p1a: Weavile
|-damage|p1a: Weavile|0 fnt
|faint|p1a: Weavile
|
|upkeep
|
|t:|1667290222
|switch|p1a: Rotom|Rotom-Wash|56/100
|turn|15
|
|t:|1667290234
|switch|p2a: Rillaboom|Rillaboom, F|69/100
|-fieldstart|move: Grassy Terrain|[from] ability: Grassy Surge|[of] p2a: Rillaboom
|move|p1a: Rotom|Hydro Pump|p2a: Rillaboom
|-resisted|p2a: Rillaboom
|-damage|p2a: Rillaboom|40/100
|
|-heal|p1a: Rotom|62/100|[from] item: Leftovers
|-heal|p2a: Rillaboom|46/100|[from] Grassy Terrain
|upkeep
|turn|16
|
|t:|1667290243
|switch|p1a: Melmetal|Melmetal|61/100 par
|move|p2a: Rillaboom|U-turn|p1a: Melmetal
|-resisted|p1a: Melmetal
|-damage|p1a: Melmetal|53/100 par
|
|t:|1667290247
|switch|p2a: Nidoking|Nidoking, M|59/100|[from]move: U-turn
|
|-heal|p2a: Nidoking|65/100|[from] Grassy Terrain
|-heal|p1a: Melmetal|59/100 par|[from] Grassy Terrain
|upkeep
|turn|17
|
|t:|1667290249
|move|p2a: Nidoking|Earth Power|p1a: Melmetal
|-supereffective|p1a: Melmetal
|-damage|p1a: Melmetal|0 fnt
|faint|p1a: Melmetal
|
|-heal|p2a: Nidoking|71/100|[from] Grassy Terrain
|upkeep
|
|t:|1667290249
|switch|p1a: Rotom|Rotom-Wash|62/100
|turn|18
|
|t:|1667290260
|switch|p2a: Diancie|Diancie|74/100
|move|p1a: Rotom|Hydro Pump|p2a: Diancie
|-supereffective|p2a: Diancie
|-damage|p2a: Diancie|30/100
|
|-heal|p1a: Rotom|68/100|[from] item: Leftovers
|-heal|p2a: Diancie|36/100|[from] Grassy Terrain
|upkeep
|turn|19
|
|t:|1667290267
|move|p1a: Rotom|Hydro Pump|p2a: Diancie
|-supereffective|p2a: Diancie
|-damage|p2a: Diancie|0 fnt
|faint|p2a: Diancie
|
|-heal|p1a: Rotom|75/100|[from] item: Leftovers
|-fieldend|move: Grassy Terrain
|upkeep
|
|t:|1667290274
|switch|p2a: Jirachi|Jirachi|100/100
|turn|20
|
|t:|1667290277
|move|p1a: Rotom|Thunderbolt|p2a: Jirachi
|-damage|p2a: Jirachi|79/100
|move|p2a: Jirachi|Stealth Rock|p1a: Rotom
|-sidestart|p1: minimax_ai|move: Stealth Rock
|
|-heal|p1a: Rotom|81/100|[from] item: Leftovers
|-heal|p2a: Jirachi|85/100|[from] item: Leftovers
|upkeep
|turn|21
|
|t:|1667290280
|move|p1a: Rotom|Thunderbolt|p2a: Jirachi
|-damage|p2a: Jirachi|63/100
|move|p2a: Jirachi|U-turn|p1a: Rotom
|-damage|p1a: Rotom|64/100
|
|t:|1667290283
|switch|p2a: Rillaboom|Rillaboom, F|46/100|[from]move: U-turn
|-fieldstart|move: Grassy Terrain|[from] ability: Grassy Surge|[of] p2a: Rillaboom
|
|-heal|p1a: Rotom|71/100|[from] item: Leftovers
|-heal|p2a: Rillaboom|52/100|[from] Grassy Terrain
|upkeep
|turn|22
|
|t:|1667290287
|switch|p1a: Tangrowth|Tangrowth, F|100/100
|-damage|p1a: Tangrowth|88/100|[from] Stealth Rock
|move|p2a: Rillaboom|Wood Hammer|p1a: Tangrowth
|-resisted|p1a: Tangrowth
|-damage|p1a: Tangrowth|61/100
|-damage|p2a: Rillaboom|42/100|[from] Recoil
|
|-heal|p2a: Rillaboom|48/100|[from] Grassy Terrain
|-heal|p1a: Tangrowth|67/100|[from] Grassy Terrain
|upkeep
|turn|23
|
|t:|1667290291
|move|p2a: Rillaboom|U-turn|p1a: Tangrowth
|-supereffective|p1a: Tangrowth
|-damage|p1a: Tangrowth|41/100
|
|t:|1667290295
|switch|p2a: Jirachi|Jirachi|63/100|[from]move: U-turn
|move|p1a: Tangrowth|Knock Off|p2a: Jirachi
|-supereffective|p2a: Jirachi
|-damage|p2a: Jirachi|27/100
|-enditem|p2a: Jirachi|Leftovers|[from] move: Knock Off|[of] p1a: Tangrowth
|
|-heal|p2a: Jirachi|33/100|[from] Grassy Terrain
|-heal|p1a: Tangrowth|47/100|[from] Grassy Terrain
|upkeep
|turn|24
|
|t:|1667290308
|switch|p1a: Landorus|Landorus-Therian, M|100/100
|-damage|p1a: Landorus|88/100|[from] Stealth Rock
|-ability|p1a: Landorus|Intimidate|boost
|-unboost|p2a: Jirachi|atk|1
|move|p2a: Jirachi|Iron Head|p1a: Landorus
|-damage|p1a: Landorus|71/100
|
|-heal|p2a: Jirachi|39/100|[from] Grassy Terrain
|-heal|p1a: Landorus|77/100|[from] item: Leftovers
|upkeep
|turn|25
|
|t:|1667290316
|switch|p2a: Keldeo|Keldeo|82/100
|move|p1a: Landorus|Defog|p2a: Keldeo
|-unboost|p2a: Keldeo|evasion|1
|-sideend|p1: minimax_ai|Stealth Rock|[from] move: Defog|[of] p1a: Landorus
|-fieldend|move: Grassy Terrain
|
|-heal|p2a: Keldeo|88/100|[from] item: Leftovers
|-heal|p1a: Landorus|83/100|[from] item: Leftovers
|upkeep
|turn|26
|
|t:|1667290323
|switch|p1a: Tangrowth|Tangrowth, F|80/100
|move|p2a: Keldeo|Scald|p1a: Tangrowth
|-resisted|p1a: Tangrowth
|-damage|p1a: Tangrowth|50/100
|
|-heal|p2a: Keldeo|94/100|[from] item: Leftovers
|upkeep
|turn|27
|
|t:|1667290332
|switch|p2a: Jirachi|Jirachi|39/100
|move|p1a: Tangrowth|Giga Drain|p2a: Jirachi
|-resisted|p2a: Jirachi
|-damage|p2a: Jirachi|30/100
|-heal|p1a: Tangrowth|55/100|[from] drain|[of] p2a: Jirachi
|
|upkeep
|turn|28
|
|t:|1667290342
|switch|p1a: Rotom|Rotom-Wash|71/100
|move|p2a: Jirachi|Stealth Rock|p1a: Rotom
|-sidestart|p1: minimax_ai|move: Stealth Rock
|
|-heal|p1a: Rotom|77/100|[from] item: Leftovers
|upkeep
|turn|29
|
|t:|1667290346
|move|p1a: Rotom|Thunderbolt|p2a: Jirachi
|-damage|p2a: Jirachi|8/100
|move|p2a: Jirachi|Healing Wish|p2a: Jirachi
|faint|p2a: Jirachi
|
|-heal|p1a: Rotom|83/100|[from] item: Leftovers
|upkeep
|
|t:|1667290353
|switch|p2a: Rillaboom|Rillaboom, F|48/100
|-heal|p2a: Rillaboom|100/100|[from] move: Healing Wish
|-fieldstart|move: Grassy Terrain|[from] ability: Grassy Surge|[of] p2a: Rillaboom
|turn|30
|
|t:|1667290357
|switch|p1a: Tangrowth|Tangrowth, F|88/100
|-damage|p1a: Tangrowth|75/100|[from] Stealth Rock
|move|p2a: Rillaboom|U-turn|p1a: Tangrowth
|-supereffective|p1a: Tangrowth
|-damage|p1a: Tangrowth|50/100
|
|t:|1667290360
|switch|p2a: Nidoking|Nidoking, M|71/100|[from]move: U-turn
|
|-heal|p2a: Nidoking|77/100|[from] Grassy Terrain
|-heal|p1a: Tangrowth|56/100|[from] Grassy Terrain
|upkeep
|turn|31
|
|t:|1667290366
|switch|p1a: Landorus|Landorus-Therian, M|83/100
|-damage|p1a: Landorus|70/100|[from] Stealth Rock
|-ability|p1a: Landorus|Intimidate|boost
|-unboost|p2a: Nidoking|atk|1
|move|p2a: Nidoking|Poison Jab|p1a: Landorus
|-resisted|p1a: Landorus
|-damage|p1a: Landorus|54/100
|
|-heal|p2a: Nidoking|83/100|[from] Grassy Terrain
|-heal|p1a: Landorus|60/100|[from] item: Leftovers
|upkeep
|turn|32
|
|t:|1667290372
|switch|p1a: Rotom|Rotom-Wash|83/100
|-damage|p1a: Rotom|71/100|[from] Stealth Rock
|move|p2a: Nidoking|Ice Beam|p1a: Rotom
|-resisted|p1a: Rotom
|-damage|p1a: Rotom|50/100
|
|-heal|p2a: Nidoking|89/100|[from] Grassy Terrain
|-heal|p1a: Rotom|56/100|[from] item: Leftovers
|upkeep
|turn|33
|
|t:|1667290384
|switch|p2a: Rillaboom|Rillaboom, F|100/100
|move|p1a: Rotom|Pain Split|p2a: Rillaboom
|-sethp|p2a: Rillaboom|75/100|[from] move: Pain Split|[silent]
|-sethp|p1a: Rotom|84/100|[from] move: Pain Split
|
|-heal|p1a: Rotom|91/100|[from] item: Leftovers
|-heal|p2a: Rillaboom|81/100|[from] Grassy Terrain
|upkeep
|turn|34
|
|t:|1667290391
|switch|p1a: Tangrowth|Tangrowth, F|90/100
|-damage|p1a: Tangrowth|77/100|[from] Stealth Rock
|move|p2a: Rillaboom|U-turn|p1a: Tangrowth
|-supereffective|p1a: Tangrowth
|-crit|p1a: Tangrowth
|-damage|p1a: Tangrowth|34/100
|
|t:|1667290394
|switch|p2a: Nidoking|Nidoking, M|89/100|[from]move: U-turn
|
|-heal|p2a: Nidoking|95/100|[from] Grassy Terrain
|-heal|p1a: Tangrowth|40/100|[from] Grassy Terrain
|-fieldend|move: Grassy Terrain
|upkeep
|turn|35
|
|t:|1667290402
|switch|p1a: Landorus|Landorus-Therian, M|60/100
|-damage|p1a: Landorus|47/100|[from] Stealth Rock
|-ability|p1a: Landorus|Intimidate|boost
|-unboost|p2a: Nidoking|atk|1
|move|p2a: Nidoking|Ice Beam|p1a: Landorus
|-supereffective|p1a: Landorus
|-damage|p1a: Landorus|0 fnt
|faint|p1a: Landorus
|
|upkeep
|
|t:|1667290402
|switch|p1a: Rotom|Rotom-Wash|91/100
|-damage|p1a: Rotom|78/100|[from] Stealth Rock
|turn|36
|
|t:|1667290406
|switch|p2a: Rillaboom|Rillaboom, F|81/100
|-fieldstart|move: Grassy Terrain|[from] ability: Grassy Surge|[of] p2a: Rillaboom
|move|p1a: Rotom|Thunderbolt|p2a: Rillaboom
|-resisted|p2a: Rillaboom
|-damage|p2a: Rillaboom|58/100
|-status|p2a: Rillaboom|par
|
|-heal|p1a: Rotom|84/100|[from] item: Leftovers
|-heal|p2a: Rillaboom|64/100 par|[from] Grassy Terrain
|upkeep
|turn|37
|
|t:|1667290414
|switch|p1a: Tangrowth|Tangrowth, F|74/100
|-damage|p1a: Tangrowth|61/100|[from] Stealth Rock
|move|p2a: Rillaboom|U-turn|p1a: Tangrowth
|-supereffective|p1a: Tangrowth
|-damage|p1a: Tangrowth|32/100
|
|t:|1667290421
|switch|p2a: Nidoking|Nidoking, M|95/100|[from]move: U-turn
|
|-heal|p2a: Nidoking|100/100|[from] Grassy Terrain
|-heal|p1a: Tangrowth|39/100|[from] Grassy Terrain
|upkeep
|turn|38
|
|t:|1667290423
|switch|p1a: Rotom|Rotom-Wash|84/100
|-damage|p1a: Rotom|72/100|[from] Stealth Rock
|move|p2a: Nidoking|Poison Jab|p1a: Rotom
|-damage|p1a: Rotom|18/100
|
|-heal|p1a: Rotom|24/100|[from] item: Leftovers
|upkeep
|turn|39
|
|t:|1667290433
|switch|p2a: Rillaboom|Rillaboom, F|64/100 par
|move|p1a: Rotom|Pain Split|p2a: Rillaboom
|-sethp|p2a: Rillaboom|43/100 par|[from] move: Pain Split|[silent]
|-sethp|p1a: Rotom|48/100|[from] move: Pain Split
|
|-heal|p1a: Rotom|54/100|[from] item: Leftovers
|-heal|p2a: Rillaboom|49/100 par|[from] Grassy Terrain
|upkeep
|turn|40
|
|t:|1667290439
|switch|p1a: Tangrowth|Tangrowth, F|72/100
|-damage|p1a: Tangrowth|59/100|[from] Stealth Rock
|cant|p2a: Rillaboom|par
|
|-heal|p2a: Rillaboom|55/100 par|[from] Grassy Terrain
|-heal|p1a: Tangrowth|66/100|[from] Grassy Terrain
|-fieldend|move: Grassy Terrain
|upkeep
|turn|41
|
|t:|1667290445
|move|p2a: Rillaboom|U-turn|p1a: Tangrowth
|-supereffective|p1a: Tangrowth
|-damage|p1a: Tangrowth|40/100
|
|t:|1667290449
|switch|p2a: Nidoking|Nidoking, M|100/100|[from]move: U-turn
|move|p1a: Tangrowth|Knock Off|p2a: Nidoking
|-damage|p2a: Nidoking|69/100
|-enditem|p2a: Nidoking|Life Orb|[from] move: Knock Off|[of] p1a: Tangrowth
|
|upkeep
|turn|42
|
|t:|1667290456
|switch|p1a: Rotom|Rotom-Wash|54/100
|-damage|p1a: Rotom|42/100|[from] Stealth Rock
|move|p2a: Nidoking|Poison Jab|p1a: Rotom
|-damage|p1a: Rotom|6/100
|
|-heal|p1a: Rotom|12/100|[from] item: Leftovers
|upkeep
|turn|43
|
|t:|1667290465
|switch|p2a: Rillaboom|Rillaboom, F|55/100 par
|-fieldstart|move: Grassy Terrain|[from] ability: Grassy Surge|[of] p2a: Rillaboom
|move|p1a: Rotom|Pain Split|p2a: Rillaboom
|-sethp|p2a: Rillaboom|33/100 par|[from] move: Pain Split|[silent]
|-sethp|p1a: Rotom|37/100|[from] move: Pain Split
|
|-heal|p1a: Rotom|43/100|[from] item: Leftovers
|-heal|p2a: Rillaboom|39/100 par|[from] Grassy Terrain
|upkeep
|turn|44
|
|t:|1667290472
|move|p1a: Rotom|Hydro Pump|p2a: Rillaboom
|-resisted|p2a: Rillaboom
|-damage|p2a: Rillaboom|8/100 par
|move|p2a: Rillaboom|U-turn|p1a: Rotom
|-crit|p1a: Rotom
|-damage|p1a: Rotom|0 fnt
|faint|p1a: Rotom
|
|t:|1667290478
|switch|p2a: Nidoking|Nidoking, M|69/100|[from]move: U-turn
|
|-heal|p2a: Nidoking|75/100|[from] Grassy Terrain
|upkeep
|
|t:|1667290479
|switch|p1a: Tangrowth|Tangrowth, F|73/100
|-damage|p1a: Tangrowth|61/100|[from] Stealth Rock
|turn|45
|
|t:|1667290481
|move|p2a: Nidoking|Ice Beam|p1a: Tangrowth
|-supereffective|p1a: Tangrowth
|-damage|p1a: Tangrowth|0 fnt
|faint|p1a: Tangrowth
|
|-heal|p2a: Nidoking|81/100|[from] Grassy Terrain
|upkeep
|
|t:|1667290481
|switch|p1a: Heatran|Heatran, M|97/100
|-damage|p1a: Heatran|85/100|[from] Stealth Rock
|turn|46
|
|t:|1667290485
|move|p2a: Nidoking|Earth Power|p1a: Heatran
|-supereffective|p1a: Heatran
|-damage|p1a: Heatran|0 fnt
|faint|p1a: Heatran
|
|win|Hgfhhfghfff
|raw|minimax_ai's rating: 1553 &rarr; <strong>1541</strong><br />(-12 for losing)
|raw|Hgfhhfghfff's rating: 1709 &rarr; <strong>1721</strong><br />(+12 for winning)
