|raw|<div class="broadcast-blue"><strong>This battle is required to be public due to a player having a name starting with 'lt81yl'.</div>
|j|☆LT81YL John
|j|☆Plasmeek
|t:|1625504919
|gametype|singles
|player|p1|LT81YL John|sisandbro|2015
|player|p2|Plasmeek|youngster-gen4dp|1931
|teamsize|p1|6
|teamsize|p2|6
|gen|8
|tier|[Gen 8] OU
|rated|
|rule|Sleep Clause Mod: Limit one foe put to sleep
|rule|Species Clause: Limit one of each Pokémon
|rule|OHKO Clause: OHKO moves are banned
|rule|Evasion Moves Clause: Evasion moves are banned
|rule|Endless Battle Clause: Forcing endless battles is banned
|rule|HP Percentage Mod: HP is shown in percentages
|rule|Dynamax Clause: You cannot dynamax
|clearpoke
|poke|p1|Landorus-Therian, M|
|poke|p1|Ferrothorn, F|
|poke|p1|Clefable, F|
|poke|p1|Tornadus-Therian, M|
|poke|p1|Slowbro, M|
|poke|p1|Heatran, F|
|poke|p2|Slowking-Galar, F|
|poke|p2|Buzzwole|
|poke|p2|Ferrothorn, M|
|poke|p2|Hippowdon, F|
|poke|p2|Zeraora|
|poke|p2|Tornadus-Therian, M|
|teampreview
|j| Dr. Woatli
|j| Toxabelle
|j| dice
|j|+Pohjis
|j|%Perish Song
|j| nlttm12
|j| Tcycycct
|j| LT81YL Fox
|inactive|Battle timer is ON: inactive players will automatically lose when time's up. (requested by LT81YL John)
|j| HIGHEST IN T ROOM
|j| Amazertz
|j| Allen-xia
|l| Amazertz
|j| QuebecLibre
|j| OU make me yawn
|l| OU make me yawn
|j| lt81ylps
|
|t:|1625504976
|start
|switch|p1a: Tornadus|Tornadus-Therian, M|100/100
|switch|p2a: Hippowdon|Hippowdon, F|100/100
|-weather|Sandstorm|[from] ability: Sand Stream|[of] p2a: Hippowdon
|turn|1
|j|+mammalu
|j| union boss
|j| eebsofresh
|
|t:|1625504985
|move|p1a: Tornadus|U-turn|p2a: Hippowdon
|-damage|p2a: Hippowdon|91/100
|
|t:|1625504987
|switch|p1a: Clefable|Clefable, F|100/100|[from]move: U-turn
|move|p2a: Hippowdon|Stealth Rock|p1a: Clefable
|-sidestart|p1: LT81YL John|move: Stealth Rock
|
|-weather|Sandstorm|[upkeep]
|-heal|p2a: Hippowdon|97/100|[from] item: Leftovers
|upkeep
|turn|2
|l|+mammalu
|j| StandingMicrophone
|j| Separation
|
|t:|1625504998
|switch|p1a: Landorus|Landorus-Therian, M|100/100
|-damage|p1a: Landorus|88/100|[from] Stealth Rock
|-ability|p1a: Landorus|Intimidate|boost
|-unboost|p2a: Hippowdon|atk|1
|switch|p2a: Ferrothorn|Ferrothorn, M|100/100
|
|-weather|Sandstorm|[upkeep]
|-heal|p1a: Landorus|94/100|[from] item: Leftovers
|upkeep
|turn|3
|j|+Pissog
|j| lt81yl spooky
|j| Don Colombus
|
|t:|1625505020
|switch|p1a: Slowbro|Slowbro, M|100/100
|-damage|p1a: Slowbro|88/100|[from] Stealth Rock
|switch|p2a: Hippowdon|Hippowdon, F|97/100
|
|-weather|Sandstorm|[upkeep]
|-damage|p1a: Slowbro|82/100|[from] Sandstorm
|-heal|p2a: Hippowdon|100/100|[from] item: Leftovers
|upkeep
|turn|4
|j| Bleach
|
|t:|1625505038
|switch|p2a: Slowking|Slowking-Galar, F|100/100
|move|p1a: Slowbro|Teleport|p1a: Slowbro
|j| ayevon
|
|t:|1625505053
|switch|p1a: Landorus|Landorus-Therian, M|94/100|[from]move: Teleport
|-damage|p1a: Landorus|82/100|[from] Stealth Rock
|-ability|p1a: Landorus|Intimidate|boost
|-unboost|p2a: Slowking|atk|1
|
|-weather|Sandstorm|[upkeep]
|-damage|p2a: Slowking|94/100|[from] Sandstorm
|-heal|p1a: Landorus|88/100|[from] item: Leftovers
|upkeep
|turn|5
|l| lt81ylps
|j| pradhaaan yt
|j| IPF
|j| Sasuuna
|
|t:|1625505063
|switch|p2a: Tornadus|Tornadus-Therian, M, shiny|100/100
|move|p1a: Landorus|U-turn|p2a: Tornadus
|-resisted|p2a: Tornadus
|-damage|p2a: Tornadus|88/100
|j| LT81YL Harshal
|j| bison33
|j| Crowv2
|j| Xizaaa
|inactive|LT81YL John has 120 seconds left.
|
|t:|1625505093
|switch|p1a: Slowbro|Slowbro, M|100/100|[from]move: U-turn
|-damage|p1a: Slowbro|88/100|[from] Stealth Rock
|
|-weather|none
|upkeep
|turn|6
|j| Trognon
|
|t:|1625505103
|move|p2a: Tornadus|Nasty Plot|p2a: Tornadus
|-boost|p2a: Tornadus|spa|2
|move|p1a: Slowbro|Teleport|p1a: Slowbro
|
|t:|1625505108
|switch|p1a: Heatran|Heatran, F|100/100|[from]move: Teleport
|-damage|p1a: Heatran|88/100|[from] Stealth Rock
|
|-heal|p1a: Heatran|94/100|[from] item: Leftovers
|upkeep
|turn|7
|
|t:|1625505113
|switch|p2a: Hippowdon|Hippowdon, F|100/100
|-weather|Sandstorm|[from] ability: Sand Stream|[of] p2a: Hippowdon
|move|p1a: Heatran|Magma Storm|p2a: Hippowdon
|-damage|p2a: Hippowdon|72/100
|-activate|p2a: Hippowdon|move: Magma Storm|[of] p1a: Heatran
|
|-weather|Sandstorm|[upkeep]
|-heal|p1a: Heatran|100/100|[from] item: Leftovers
|-heal|p2a: Hippowdon|78/100|[from] item: Leftovers
|-damage|p2a: Hippowdon|66/100|[from] move: Magma Storm|[partiallytrapped]
|upkeep
|turn|8
|
|t:|1625505121
|switch|p1a: Tornadus|Tornadus-Therian, M|100/100
|move|p2a: Hippowdon|Earthquake|p1a: Tornadus
|-immune|p1a: Tornadus
|
|-weather|Sandstorm|[upkeep]
|-damage|p1a: Tornadus|94/100|[from] Sandstorm
|-heal|p2a: Hippowdon|72/100|[from] item: Leftovers
|-end|p2a: Hippowdon|Magma Storm|[partiallytrapped]|[silent]
|upkeep
|turn|9
|
|t:|1625505126
|move|p1a: Tornadus|Knock Off|p2a: Hippowdon
|-damage|p2a: Hippowdon|57/100
|-enditem|p2a: Hippowdon|Leftovers|[from] move: Knock Off|[of] p1a: Tornadus
|move|p2a: Hippowdon|Slack Off|p2a: Hippowdon
|-heal|p2a: Hippowdon|100/100
|
|-weather|Sandstorm|[upkeep]
|-damage|p1a: Tornadus|88/100|[from] Sandstorm
|upkeep
|turn|10
|
|t:|1625505136
|move|p1a: Tornadus|U-turn|p2a: Hippowdon
|-damage|p2a: Hippowdon|91/100
|
|t:|1625505138
|switch|p1a: Clefable|Clefable, F|100/100|[from]move: U-turn
|move|p2a: Hippowdon|Earthquake|p1a: Clefable
|-damage|p1a: Clefable|68/100
|
|-weather|Sandstorm|[upkeep]
|upkeep
|turn|11
|
|t:|1625505144
|switch|p1a: Tornadus|Tornadus-Therian, M|100/100
|switch|p2a: Slowking|Slowking-Galar, F|100/100
|
|-weather|none
|upkeep
|turn|12
|
|t:|1625505150
|switch|p2a: Hippowdon|Hippowdon, F|91/100
|-weather|Sandstorm|[from] ability: Sand Stream|[of] p2a: Hippowdon
|move|p1a: Tornadus|Knock Off|p2a: Hippowdon
|-damage|p2a: Hippowdon|81/100
|
|-weather|Sandstorm|[upkeep]
|-damage|p1a: Tornadus|94/100|[from] Sandstorm
|upkeep
|turn|13
|j| tinyglasses
|
|t:|1625505158
|move|p1a: Tornadus|Defog|p2a: Hippowdon
|-unboost|p2a: Hippowdon|evasion|1
|-sideend|p1: LT81YL John|Stealth Rock|[from] move: Defog|[of] p1a: Tornadus
|move|p2a: Hippowdon|Earthquake|p1a: Tornadus
|-immune|p1a: Tornadus
|
|-weather|Sandstorm|[upkeep]
|-damage|p1a: Tornadus|88/100|[from] Sandstorm
|upkeep
|turn|14
|
|t:|1625505163
|move|p1a: Tornadus|U-turn|p2a: Hippowdon
|-damage|p2a: Hippowdon|71/100
|
|t:|1625505167
|switch|p1a: Landorus|Landorus-Therian, M|88/100|[from]move: U-turn
|-ability|p1a: Landorus|Intimidate|boost
|-unboost|p2a: Hippowdon|atk|1
|move|p2a: Hippowdon|Stealth Rock|p1a: Landorus
|-sidestart|p1: LT81YL John|move: Stealth Rock
|
|-weather|Sandstorm|[upkeep]
|-heal|p1a: Landorus|94/100|[from] item: Leftovers
|upkeep
|turn|15
|l| tinyglasses
|
|t:|1625505174
|move|p1a: Landorus|Stealth Rock|p2a: Hippowdon
|-sidestart|p2: Plasmeek|move: Stealth Rock
|move|p2a: Hippowdon|Toxic|p1a: Landorus
|-status|p1a: Landorus|tox
|
|-weather|Sandstorm|[upkeep]
|-heal|p1a: Landorus|99/100 tox|[from] item: Leftovers
|-damage|p1a: Landorus|94/100 tox|[from] psn
|upkeep
|turn|16
|
|t:|1625505181
|move|p1a: Landorus|U-turn|p2a: Hippowdon
|-damage|p2a: Hippowdon|56/100
|
|t:|1625505188
|switch|p1a: Ferrothorn|Ferrothorn, F|100/100|[from]move: U-turn
|-damage|p1a: Ferrothorn|95/100|[from] Stealth Rock
|move|p2a: Hippowdon|Slack Off|p2a: Hippowdon
|-heal|p2a: Hippowdon|100/100
|
|-weather|none
|-heal|p1a: Ferrothorn|100/100|[from] item: Leftovers
|upkeep
|turn|17
|
|t:|1625505196
|switch|p2a: Tornadus|Tornadus-Therian, M, shiny|100/100
|move|p1a: Ferrothorn|Knock Off|p2a: Tornadus
|-crit|p2a: Tornadus
|-damage|p2a: Tornadus|67/100
|-enditem|p2a: Tornadus|Heavy-Duty Boots|[from] move: Knock Off|[of] p1a: Ferrothorn
|
|upkeep
|turn|18
|j| Royal Arm
|
|t:|1625505216
|switch|p1a: Slowbro|Slowbro, M|100/100
|-damage|p1a: Slowbro|88/100|[from] Stealth Rock
|move|p2a: Tornadus|Hurricane|p1a: Slowbro
|-damage|p1a: Slowbro|44/100
|
|upkeep
|turn|19
|l| Crowv2
|
|t:|1625505225
|switch|p2a: Slowking|Slowking-Galar, F|100/100
|-damage|p2a: Slowking|88/100|[from] Stealth Rock
|switch|p1a: Heatran|Heatran, F|100/100
|-damage|p1a: Heatran|88/100|[from] Stealth Rock
|
|-heal|p1a: Heatran|94/100|[from] item: Leftovers
|upkeep
|turn|20
|
|t:|1625505238
|move|p1a: Heatran|Magma Storm|p2a: Slowking|[miss]
|-miss|p1a: Heatran|p2a: Slowking
|move|p2a: Slowking|Future Sight|p1a: Heatran
|-start|p2a: Slowking|move: Future Sight
|
|-heal|p1a: Heatran|100/100|[from] item: Leftovers
|upkeep
|turn|21
|
|t:|1625505244
|switch|p1a: Tornadus|Tornadus-Therian, M|100/100
|move|p2a: Slowking|Earthquake|p1a: Tornadus
|-immune|p1a: Tornadus
|
|upkeep
|turn|22
|l| Sasuuna
|j| Capchat
|
|t:|1625505264
|move|p1a: Tornadus|Knock Off|p2a: Slowking
|-supereffective|p2a: Slowking
|-damage|p2a: Slowking|45/100
|-enditem|p2a: Slowking|Assault Vest|[from] move: Knock Off|[of] p1a: Tornadus
|move|p2a: Slowking|Ice Beam|p1a: Tornadus
|-supereffective|p1a: Tornadus
|-damage|p1a: Tornadus|52/100
|
|-end|p1a: Tornadus|move: Future Sight
|-damage|p1a: Tornadus|2/100
|upkeep
|turn|23
|l| lt81yl spooky
|inactive|LT81YL John has 120 seconds left.
|
|t:|1625505298
|switch|p1a: Ferrothorn|Ferrothorn, F|100/100
|-damage|p1a: Ferrothorn|95/100|[from] Stealth Rock
|move|p2a: Slowking|Future Sight|p1a: Ferrothorn
|-start|p2a: Slowking|move: Future Sight
|
|-heal|p1a: Ferrothorn|100/100|[from] item: Leftovers
|upkeep
|turn|24
|inactive|LT81YL John has 120 seconds left.
|
|t:|1625505309
|switch|p2a: Buzzwole|Buzzwole|100/100
|-damage|p2a: Buzzwole|88/100|[from] Stealth Rock
|switch|p1a: Slowbro|Slowbro, M|78/100
|-damage|p1a: Slowbro|65/100|[from] Stealth Rock
|
|upkeep
|turn|25
|j| PKcuckS
|inactive|LT81YL John has 120 seconds left.
|
|t:|1625505334
|switch|p1a: Ferrothorn|Ferrothorn, F|100/100
|-damage|p1a: Ferrothorn|95/100|[from] Stealth Rock
|move|p2a: Buzzwole|Close Combat|p1a: Ferrothorn
|-supereffective|p1a: Ferrothorn
|-damage|p1a: Ferrothorn|0 fnt
|-unboost|p2a: Buzzwole|def|1
|-unboost|p2a: Buzzwole|spd|1
|-damage|p2a: Buzzwole|76/100|[from] ability: Iron Barbs|[of] p1a: Ferrothorn
|faint|p1a: Ferrothorn
|-ability|p2a: Buzzwole|Beast Boost|boost
|-boost|p2a: Buzzwole|atk|1
|
|-hint|Future Sight did not hit because the target is fainted.
|upkeep
|l|capchat
|
|t:|1625505353
|switch|p1a: Slowbro|Slowbro, M|98/100
|-damage|p1a: Slowbro|86/100|[from] Stealth Rock
|turn|26
|
|t:|1625505359
|switch|p2a: Slowking|Slowking-Galar, F|78/100
|-damage|p2a: Slowking|66/100|[from] Stealth Rock
|move|p1a: Slowbro|Scald|p2a: Slowking
|-damage|p2a: Slowking|46/100
|-status|p2a: Slowking|brn
|
|-damage|p2a: Slowking|40/100 brn|[from] brn
|upkeep
|turn|27
|
|t:|1625505365
|move|p2a: Slowking|Sludge Bomb|p1a: Slowbro
|-damage|p1a: Slowbro|49/100
|move|p1a: Slowbro|Future Sight|p2a: Slowking
|-start|p1a: Slowbro|move: Future Sight
|
|-damage|p2a: Slowking|34/100 brn|[from] brn
|upkeep
|turn|28
|inactive|LT81YL John has 120 seconds left.
|
|t:|1625505375
|switch|p2a: Hippowdon|Hippowdon, F|100/100
|-damage|p2a: Hippowdon|94/100|[from] Stealth Rock
|-weather|Sandstorm|[from] ability: Sand Stream|[of] p2a: Hippowdon
|switch|p1a: Heatran|Heatran, F|100/100
|-damage|p1a: Heatran|88/100|[from] Stealth Rock
|
|-weather|Sandstorm|[upkeep]
|-heal|p1a: Heatran|94/100|[from] item: Leftovers
|upkeep
|turn|29
|
|t:|1625505384
|switch|p1a: Tornadus|Tornadus-Therian, M|35/100
|move|p2a: Hippowdon|Earthquake|p1a: Tornadus
|-immune|p1a: Tornadus
|
|-weather|Sandstorm|[upkeep]
|-damage|p1a: Tornadus|29/100|[from] Sandstorm
|-end|p2a: Hippowdon|move: Future Sight
|-damage|p2a: Hippowdon|66/100
|upkeep
|turn|30
|
|t:|1625505389
|move|p1a: Tornadus|U-turn|p2a: Hippowdon
|-damage|p2a: Hippowdon|56/100
|
|t:|1625505393
|switch|p1a: Slowbro|Slowbro, M|83/100|[from]move: U-turn
|-damage|p1a: Slowbro|70/100|[from] Stealth Rock
|move|p2a: Hippowdon|Slack Off|p2a: Hippowdon
|-heal|p2a: Hippowdon|100/100
|
|-weather|Sandstorm|[upkeep]
|-damage|p1a: Slowbro|64/100|[from] Sandstorm
|upkeep
|turn|31
|
|t:|1625505401
|move|p2a: Hippowdon|Toxic|p1a: Slowbro
|-status|p1a: Slowbro|tox
|move|p1a: Slowbro|Teleport|p1a: Slowbro
|
|t:|1625505403
|switch|p1a: Tornadus|Tornadus-Therian, M|62/100|[from]move: Teleport
|
|-weather|Sandstorm|[upkeep]
|-damage|p1a: Tornadus|56/100|[from] Sandstorm
|upkeep
|turn|32
|
|t:|1625505412
|switch|p2a: Tornadus|Tornadus-Therian, M, shiny|99/100
|-damage|p2a: Tornadus|75/100|[from] Stealth Rock
|move|p1a: Tornadus|U-turn|p2a: Tornadus
|-resisted|p2a: Tornadus
|-damage|p2a: Tornadus|67/100
|
|t:|1625505415
|switch|p1a: Heatran|Heatran, F|94/100|[from]move: U-turn
|-damage|p1a: Heatran|82/100|[from] Stealth Rock
|
|-weather|none
|-heal|p1a: Heatran|88/100|[from] item: Leftovers
|upkeep
|turn|33
|
|t:|1625505422
|switch|p2a: Hippowdon|Hippowdon, F|100/100
|-damage|p2a: Hippowdon|94/100|[from] Stealth Rock
|-weather|Sandstorm|[from] ability: Sand Stream|[of] p2a: Hippowdon
|move|p1a: Heatran|Toxic|p2a: Hippowdon
|-status|p2a: Hippowdon|tox
|
|-weather|Sandstorm|[upkeep]
|-heal|p1a: Heatran|94/100|[from] item: Leftovers
|-damage|p2a: Hippowdon|88/100 tox|[from] psn
|upkeep
|turn|34
|j| Crowv2
|l| Crowv2
|
|t:|1625505444
|switch|p1a: Tornadus|Tornadus-Therian, M|89/100
|switch|p2a: Zeraora|Zeraora|100/100
|
|-weather|Sandstorm|[upkeep]
|-damage|p2a: Zeraora|95/100|[from] Sandstorm
|-damage|p1a: Tornadus|83/100|[from] Sandstorm
|upkeep
|turn|35
|j| LA BICHOTA
|
|t:|1625505454
|move|p2a: Zeraora|Plasma Fists|p1a: Tornadus
|-supereffective|p1a: Tornadus
|-damage|p1a: Tornadus|0 fnt
|faint|p1a: Tornadus
|
|-weather|Sandstorm|[upkeep]
|-damage|p2a: Zeraora|89/100|[from] Sandstorm
|upkeep
|
|t:|1625505455
|switch|p1a: Landorus|Landorus-Therian, M|94/100 tox
|-damage|p1a: Landorus|82/100 tox|[from] Stealth Rock
|-ability|p1a: Landorus|Intimidate|boost
|-unboost|p2a: Zeraora|atk|1
|turn|36
|
|t:|1625505468
|switch|p2a: Ferrothorn|Ferrothorn, M|100/100
|-damage|p2a: Ferrothorn|94/100|[from] Stealth Rock
|move|p1a: Landorus|U-turn|p2a: Ferrothorn
|-damage|p2a: Ferrothorn|76/100
|-damage|p1a: Landorus|69/100 tox|[from] ability: Iron Barbs|[of] p2a: Ferrothorn
|
|t:|1625505471
|switch|p1a: Heatran|Heatran, F|94/100|[from]move: U-turn
|-damage|p1a: Heatran|82/100|[from] Stealth Rock
|
|-weather|Sandstorm|[upkeep]
|-heal|p1a: Heatran|88/100|[from] item: Leftovers
|-heal|p2a: Ferrothorn|83/100|[from] item: Leftovers
|upkeep
|turn|37
|
|t:|1625505479
|switch|p2a: Hippowdon|Hippowdon, F|88/100 tox
|-damage|p2a: Hippowdon|82/100 tox|[from] Stealth Rock
|move|p1a: Heatran|Magma Storm|p2a: Hippowdon
|-damage|p2a: Hippowdon|48/100 tox
|-activate|p2a: Hippowdon|move: Magma Storm|[of] p1a: Heatran
|
|-weather|none
|-heal|p1a: Heatran|94/100|[from] item: Leftovers
|-damage|p2a: Hippowdon|42/100 tox|[from] psn
|-damage|p2a: Hippowdon|30/100 tox|[from] move: Magma Storm|[partiallytrapped]
|upkeep
|turn|38
|
|t:|1625505493
|switch|p1a: Slowbro|Slowbro, M|97/100 tox
|-damage|p1a: Slowbro|85/100 tox|[from] Stealth Rock
|move|p2a: Hippowdon|Earthquake|p1a: Slowbro
|-damage|p1a: Slowbro|64/100 tox
|
|-damage|p2a: Hippowdon|17/100 tox|[from] psn
|-damage|p1a: Slowbro|58/100 tox|[from] psn
|-end|p2a: Hippowdon|Magma Storm|[partiallytrapped]|[silent]
|upkeep
|turn|39
|l| StandingMicrophone
|
|t:|1625505506
|move|p2a: Hippowdon|Slack Off|p2a: Hippowdon
|-heal|p2a: Hippowdon|67/100 tox
|move|p1a: Slowbro|Future Sight|p2a: Hippowdon
|-start|p1a: Slowbro|move: Future Sight
|
|-damage|p2a: Hippowdon|49/100 tox|[from] psn
|-damage|p1a: Slowbro|46/100 tox|[from] psn
|upkeep
|turn|40
|l| Don Colombus
|
|t:|1625505515
|switch|p2a: Slowking|Slowking-Galar, F|67/100 brn
|-damage|p2a: Slowking|55/100 brn|[from] Stealth Rock
|move|p1a: Slowbro|Teleport|p1a: Slowbro
|
|t:|1625505520
|switch|p1a: Heatran|Heatran, F|94/100|[from]move: Teleport
|-damage|p1a: Heatran|82/100|[from] Stealth Rock
|
|-heal|p1a: Heatran|88/100|[from] item: Leftovers
|-damage|p2a: Slowking|48/100 brn|[from] brn
|upkeep
|turn|41
|l| LA BICHOTA
|j| Bob le voyou
|
|t:|1625505530
|move|p1a: Heatran|Magma Storm|p2a: Slowking
|-damage|p2a: Slowking|21/100 brn
|-activate|p2a: Slowking|move: Magma Storm|[of] p1a: Heatran
|move|p2a: Slowking|Earthquake|p1a: Heatran
|-supereffective|p1a: Heatran
|-damage|p1a: Heatran|60/100
|
|-end|p2a: Slowking|move: Future Sight
|-damage|p2a: Slowking|0 fnt
|faint|p2a: Slowking
|-heal|p1a: Heatran|66/100|[from] item: Leftovers
|upkeep
|j| Chhjdf
|
|t:|1625505538
|switch|p2a: Zeraora|Zeraora|89/100
|turn|42
|
|t:|1625505556
|switch|p1a: Landorus|Landorus-Therian, M|69/100 tox
|-damage|p1a: Landorus|57/100 tox|[from] Stealth Rock
|-ability|p1a: Landorus|Intimidate|boost
|-unboost|p2a: Zeraora|atk|1
|move|p2a: Zeraora|Knock Off|p1a: Landorus
|-damage|p1a: Landorus|43/100 tox
|-enditem|p1a: Landorus|Leftovers|[from] move: Knock Off|[of] p2a: Zeraora
|
|-damage|p1a: Landorus|37/100 tox|[from] psn
|upkeep
|turn|43
|j| cute pink team
|j| Crowv2
|
|t:|1625505562
|switch|p2a: Ferrothorn|Ferrothorn, M|83/100
|-damage|p2a: Ferrothorn|76/100|[from] Stealth Rock
|switch|p1a: Heatran|Heatran, F|66/100
|-damage|p1a: Heatran|54/100|[from] Stealth Rock
|
|-heal|p1a: Heatran|60/100|[from] item: Leftovers
|-heal|p2a: Ferrothorn|83/100|[from] item: Leftovers
|upkeep
|turn|44
|
|t:|1625505573
|switch|p2a: Hippowdon|Hippowdon, F|49/100 tox
|-damage|p2a: Hippowdon|42/100 tox|[from] Stealth Rock
|-weather|Sandstorm|[from] ability: Sand Stream|[of] p2a: Hippowdon
|move|p1a: Heatran|Magma Storm|p2a: Hippowdon
|-damage|p2a: Hippowdon|12/100 tox
|-activate|p2a: Hippowdon|move: Magma Storm|[of] p1a: Heatran
|
|-weather|Sandstorm|[upkeep]
|-heal|p1a: Heatran|66/100|[from] item: Leftovers
|-damage|p2a: Hippowdon|5/100 tox|[from] psn
|-damage|p2a: Hippowdon|0 fnt|[from] move: Magma Storm|[partiallytrapped]
|faint|p2a: Hippowdon
|upkeep
|
|t:|1625505582
|switch|p2a: Zeraora|Zeraora|89/100
|turn|45
|
|t:|1625505589
|switch|p1a: Landorus|Landorus-Therian, M|37/100 tox
|-damage|p1a: Landorus|25/100 tox|[from] Stealth Rock
|-ability|p1a: Landorus|Intimidate|boost
|-unboost|p2a: Zeraora|atk|1
|move|p2a: Zeraora|Close Combat|p1a: Landorus
|-resisted|p1a: Landorus
|-damage|p1a: Landorus|15/100 tox
|-unboost|p2a: Zeraora|def|1
|-unboost|p2a: Zeraora|spd|1
|
|-weather|Sandstorm|[upkeep]
|-damage|p2a: Zeraora|83/100|[from] Sandstorm
|-damage|p1a: Landorus|9/100 tox|[from] psn
|upkeep
|turn|46
|
|t:|1625505595
|switch|p1a: Clefable|Clefable, F|68/100
|move|p2a: Zeraora|Knock Off|p1a: Clefable
|-resisted|p1a: Clefable
|-damage|p1a: Clefable|59/100
|-enditem|p1a: Clefable|Life Orb|[from] move: Knock Off|[of] p2a: Zeraora
|
|-weather|Sandstorm|[upkeep]
|-damage|p2a: Zeraora|77/100|[from] Sandstorm
|upkeep
|turn|47
|
|t:|1625505600
|switch|p2a: Ferrothorn|Ferrothorn, M|83/100
|-damage|p2a: Ferrothorn|76/100|[from] Stealth Rock
|move|p1a: Clefable|Soft-Boiled|p1a: Clefable
|-heal|p1a: Clefable|100/100
|
|-weather|Sandstorm|[upkeep]
|-heal|p2a: Ferrothorn|83/100|[from] item: Leftovers
|upkeep
|turn|48
|
|t:|1625505607
|switch|p1a: Heatran|Heatran, F|66/100
|-damage|p1a: Heatran|54/100|[from] Stealth Rock
|move|p2a: Ferrothorn|Knock Off|p1a: Heatran
|-damage|p1a: Heatran|34/100
|-enditem|p1a: Heatran|Leftovers|[from] move: Knock Off|[of] p2a: Ferrothorn
|
|-weather|none
|-heal|p2a: Ferrothorn|89/100|[from] item: Leftovers
|upkeep
|turn|49
|j| Cachou10
|
|t:|1625505618
|switch|p2a: Tornadus|Tornadus-Therian, M, shiny|99/100
|-damage|p2a: Tornadus|75/100|[from] Stealth Rock
|move|p1a: Heatran|Magma Storm|p2a: Tornadus
|-damage|p2a: Tornadus|33/100
|-activate|p2a: Tornadus|move: Magma Storm|[of] p1a: Heatran
|
|-damage|p2a: Tornadus|20/100|[from] move: Magma Storm|[partiallytrapped]
|upkeep
|turn|50
|
|t:|1625505624
|move|p2a: Tornadus|Hurricane|p1a: Heatran
|-resisted|p1a: Heatran
|-damage|p1a: Heatran|21/100
|-start|p1a: Heatran|confusion
|-activate|p1a: Heatran|confusion
|-damage|p1a: Heatran|16/100|[from] confusion
|
|-damage|p2a: Tornadus|8/100|[from] move: Magma Storm|[partiallytrapped]
|upkeep
|turn|51
|j| manedgg
|
|t:|1625505631
|move|p2a: Tornadus|Hurricane|p1a: Heatran|[miss]
|-miss|p2a: Tornadus|p1a: Heatran
|-activate|p1a: Heatran|confusion
|-damage|p1a: Heatran|10/100|[from] confusion
|
|-damage|p2a: Tornadus|0 fnt|[from] move: Magma Storm|[partiallytrapped]
|faint|p2a: Tornadus
|upkeep
|
|t:|1625505635
|switch|p2a: Zeraora|Zeraora|77/100
|turn|52
|l| Royal Arm
|
|t:|1625505644
|move|p2a: Zeraora|Plasma Fists|p1a: Heatran
|-damage|p1a: Heatran|0 fnt
|faint|p1a: Heatran
|
|upkeep
|
|t:|1625505646
|switch|p1a: Clefable|Clefable, F|100/100
|turn|53
|
|t:|1625505651
|switch|p2a: Ferrothorn|Ferrothorn, M|89/100
|-damage|p2a: Ferrothorn|83/100|[from] Stealth Rock
|move|p1a: Clefable|Calm Mind|p1a: Clefable
|-boost|p1a: Clefable|spa|1
|-boost|p1a: Clefable|spd|1
|
|-heal|p2a: Ferrothorn|89/100|[from] item: Leftovers
|upkeep
|turn|54
|
|t:|1625505655
|move|p1a: Clefable|Calm Mind|p1a: Clefable
|-boost|p1a: Clefable|spa|1
|-boost|p1a: Clefable|spd|1
|move|p2a: Ferrothorn|Thunder Wave|p1a: Clefable
|-status|p1a: Clefable|par
|
|-heal|p2a: Ferrothorn|95/100|[from] item: Leftovers
|upkeep
|turn|55
|j| kleop
|
|t:|1625505665
|cant|p1a: Clefable|par
|move|p2a: Ferrothorn|Spikes|p1a: Clefable
|-sidestart|p1: LT81YL John|Spikes
|
|-heal|p2a: Ferrothorn|100/100|[from] item: Leftovers
|upkeep
|turn|56
|j| LT81YL far
|
|t:|1625505675
|move|p1a: Clefable|Calm Mind|p1a: Clefable
|-boost|p1a: Clefable|spa|1
|-boost|p1a: Clefable|spd|1
|move|p2a: Ferrothorn|Spikes|p1a: Clefable
|-sidestart|p1: LT81YL John|Spikes
|
|upkeep
|turn|57
|c| Crowv2|CLEF GOT THIS
|
|t:|1625505681
|move|p1a: Clefable|Calm Mind|p1a: Clefable
|-boost|p1a: Clefable|spa|1
|-boost|p1a: Clefable|spd|1
|move|p2a: Ferrothorn|Knock Off|p1a: Clefable
|-resisted|p1a: Clefable
|-damage|p1a: Clefable|94/100 par
|
|upkeep
|turn|58
|
|t:|1625505686
|move|p1a: Clefable|Moonblast|p2a: Ferrothorn
|-resisted|p2a: Ferrothorn
|-damage|p2a: Ferrothorn|69/100
|-unboost|p2a: Ferrothorn|spa|1
|move|p2a: Ferrothorn|Knock Off|p1a: Clefable
|-resisted|p1a: Clefable
|-damage|p1a: Clefable|88/100 par
|
|-heal|p2a: Ferrothorn|75/100|[from] item: Leftovers
|upkeep
|turn|59
|
|t:|1625505692
|move|p1a: Clefable|Moonblast|p2a: Ferrothorn
|-resisted|p2a: Ferrothorn
|-damage|p2a: Ferrothorn|46/100
|move|p2a: Ferrothorn|Knock Off|p1a: Clefable
|-resisted|p1a: Clefable
|-damage|p1a: Clefable|82/100 par
|
|-heal|p2a: Ferrothorn|52/100|[from] item: Leftovers
|upkeep
|turn|60
|
|t:|1625505696
|move|p1a: Clefable|Moonblast|p2a: Ferrothorn
|-resisted|p2a: Ferrothorn
|-damage|p2a: Ferrothorn|20/100
|move|p2a: Ferrothorn|Spikes|p1a: Clefable
|-sidestart|p1: LT81YL John|Spikes
|
|-heal|p2a: Ferrothorn|26/100|[from] item: Leftovers
|upkeep
|turn|61
|
|t:|1625505701
|move|p1a: Clefable|Soft-Boiled|p1a: Clefable
|-heal|p1a: Clefable|100/100 par
|move|p2a: Ferrothorn|Knock Off|p1a: Clefable
|-resisted|p1a: Clefable
|-damage|p1a: Clefable|94/100 par
|
|-heal|p2a: Ferrothorn|33/100|[from] item: Leftovers
|upkeep
|turn|62
|
|t:|1625505705
|move|p1a: Clefable|Calm Mind|p1a: Clefable
|-boost|p1a: Clefable|spa|1
|-boost|p1a: Clefable|spd|1
|move|p2a: Ferrothorn|Knock Off|p1a: Clefable
|-resisted|p1a: Clefable
|-damage|p1a: Clefable|88/100 par
|
|-heal|p2a: Ferrothorn|39/100|[from] item: Leftovers
|upkeep
|turn|63
|
|t:|1625505707
|move|p1a: Clefable|Soft-Boiled|p1a: Clefable
|-heal|p1a: Clefable|100/100 par
|move|p2a: Ferrothorn|Knock Off|p1a: Clefable
|-resisted|p1a: Clefable
|-damage|p1a: Clefable|94/100 par
|
|-heal|p2a: Ferrothorn|45/100|[from] item: Leftovers
|upkeep
|turn|64
|
|t:|1625505710
|move|p1a: Clefable|Moonblast|p2a: Ferrothorn
|-resisted|p2a: Ferrothorn
|-damage|p2a: Ferrothorn|11/100
|-unboost|p2a: Ferrothorn|spa|1
|move|p2a: Ferrothorn|Knock Off|p1a: Clefable
|-resisted|p1a: Clefable
|-damage|p1a: Clefable|88/100 par
|
|-heal|p2a: Ferrothorn|17/100|[from] item: Leftovers
|upkeep
|turn|65
|
|t:|1625505712
|move|p1a: Clefable|Soft-Boiled|p1a: Clefable
|-heal|p1a: Clefable|100/100 par
|move|p2a: Ferrothorn|Knock Off|p1a: Clefable
|-resisted|p1a: Clefable
|-damage|p1a: Clefable|94/100 par
|
|-heal|p2a: Ferrothorn|23/100|[from] item: Leftovers
|upkeep
|turn|66
|
|t:|1625505715
|move|p1a: Clefable|Moonblast|p2a: Ferrothorn
|-resisted|p2a: Ferrothorn
|-damage|p2a: Ferrothorn|0 fnt
|faint|p2a: Ferrothorn
|
|upkeep
|
|t:|1625505718
|switch|p2a: Buzzwole|Buzzwole|76/100
|-damage|p2a: Buzzwole|63/100|[from] Stealth Rock
|turn|67
|l| Allen-xia
|
|t:|1625505746
|switch|p1a: Landorus|Landorus-Therian, M|9/100 tox
|-damage|p1a: Landorus|0 fnt|[from] Stealth Rock
|faint|p1a: Landorus
|move|p2a: Buzzwole|Poison Jab|p1: Landorus|[notarget]
|-fail|p2a: Buzzwole
|
|upkeep
|
|t:|1625505751
|switch|p1a: Slowbro|Slowbro, M|79/100 tox
|-damage|p1a: Slowbro|54/100 tox|[from] Spikes
|-damage|p1a: Slowbro|42/100 tox|[from] Stealth Rock
|turn|68
|j| Allen-xia
|l| cute pink team
|
|t:|1625505760
|move|p2a: Buzzwole|Poison Jab|p1a: Slowbro
|-damage|p1a: Slowbro|22/100 tox
|-damage|p2a: Buzzwole|47/100|[from] item: Rocky Helmet|[of] p1a: Slowbro
|move|p1a: Slowbro|Scald|p2a: Buzzwole
|-damage|p2a: Buzzwole|11/100
|
|-damage|p1a: Slowbro|16/100 tox|[from] psn
|upkeep
|turn|69
|j| azeaza
|j| 0WithdrawalSyndrom
|
|t:|1625505785
|move|p2a: Buzzwole|Roost|p2a: Buzzwole
|-heal|p2a: Buzzwole|61/100
|-singleturn|p2a: Buzzwole|move: Roost
|move|p1a: Slowbro|Scald|p2a: Buzzwole
|-damage|p2a: Buzzwole|22/100
|
|-damage|p1a: Slowbro|4/100 tox|[from] psn
|upkeep
|turn|70
|l| LT81YL far
|
|t:|1625505797
|move|p2a: Buzzwole|Poison Jab|p1a: Slowbro
|-damage|p1a: Slowbro|0 fnt
|-damage|p2a: Buzzwole|5/100|[from] item: Rocky Helmet|[of] p1a: Slowbro
|faint|p1a: Slowbro
|-ability|p2a: Buzzwole|Beast Boost|boost
|-boost|p2a: Buzzwole|atk|1
|
|upkeep
|
|t:|1625505806
|switch|p1a: Clefable|Clefable, F|94/100 par
|turn|71
|
|t:|1625505809
|move|p2a: Buzzwole|Poison Jab|p1a: Clefable
|-supereffective|p1a: Clefable
|-damage|p1a: Clefable|18/100 par
|move|p1a: Clefable|Moonblast|p2a: Buzzwole
|-supereffective|p2a: Buzzwole
|-damage|p2a: Buzzwole|0 fnt
|faint|p2a: Buzzwole
|
|upkeep
|
|t:|1625505812
|switch|p2a: Zeraora|Zeraora|77/100
|turn|72
|l| Bob le voyou
|c| Crowv2|or not
|c|☆Plasmeek|gg
|l| Cachou10
|j| lt81yl spooky
|-message|LT81YL John forfeited.
|
|win|Plasmeek
|raw|LT81YL John's rating: 2015 &rarr; <strong>1990</strong><br />(-25 for losing)
|raw|Plasmeek's rating: 1931 &rarr; <strong>1956</strong><br />(+25 for winning)
|l| Crowv2
|l| QuebecLibre
|l|☆LT81YL John
|l| Toxabelle
|l| lt81yl spooky
|l| Xizaaa
|l| kleop
|l| Allen-xia
|l| azeaza
|l| IPF
||Ladder isn't responding, score probably updated but might not have (Request timeout).
|l| LT81YL Harshal
|l| dice
|l| 0WithdrawalSyndrom
|l| Chhjdf
|j| LT81YL Ale
|l| LT81YL Ale
|j| LT81YL Harshal
|l| LT81YL Harshal
|l| LT81YL Fox
|l| Tcycycct
