|j|☆DanyulCT
|j|☆wsdfg
|t:|1603564641
|player|p1|DanyulCT|hilbert-dueldisk|1874
|player|p2|wsdfg|burglar|1846
|teamsize|p1|6
|teamsize|p2|6
|gametype|singles
|gen|8
|tier|[Gen 8] OU
|rated|
|clearpoke
|poke|p1|Blaziken, M|
|poke|p1|Regieleki|
|poke|p1|Genesect|
|poke|p1|Landorus-Therian, M|
|poke|p1|Blissey, F|
|poke|p1|Spectrier|
|poke|p2|Genesect|
|poke|p2|Clefable, M|
|poke|p2|Kyurem-Black|
|poke|p2|Pheromosa|
|poke|p2|Landorus, M|
|poke|p2|Ditto|
|rule|Sleep Clause Mod: Limit one foe put to sleep
|rule|Species Clause: Limit one of each Pokémon
|rule|OHKO Clause: OHKO moves are banned
|rule|Evasion Moves Clause: Evasion moves are banned
|rule|Endless Battle Clause: Forcing endless battles is banned
|rule|HP Percentage Mod: HP is shown in percentages
|rule|Dynamax Clause: You cannot dynamax
|teampreview
|j| GymLeader Avery
|j| hfgh44l
|j| climax HUNTER
|j| Culamen
|inactive|Battle timer is ON: inactive players will automatically lose when time's up. (requested by DanyulCT)
|l| Culamen
|
|t:|1603564656
|start
|switch|p1a: Spectrier|Spectrier|100/100
|switch|p2a: Pheromosa|Pheromosa|100/100
|turn|1
|l| GymLeader Avery
|j| Flip Turn Swampert
|j| chilledcow
|j| starmind
|
|t:|1603564678
|move|p2a: Pheromosa|Quiver Dance|p2a: Pheromosa
|-boost|p2a: Pheromosa|spa|1
|-boost|p2a: Pheromosa|spd|1
|-boost|p2a: Pheromosa|spe|1
|move|p1a: Spectrier|Shadow Ball|p2a: Pheromosa
|-damage|p2a: Pheromosa|4/100
|-unboost|p2a: Pheromosa|spd|1
|
|upkeep
|turn|2
|j| I'M AT MY LIMIT!
|
|t:|1603564685
|move|p2a: Pheromosa|Ice Beam|p1a: Spectrier
|-damage|p1a: Spectrier|37/100
|move|p1a: Spectrier|Shadow Ball|p2a: Pheromosa
|-damage|p2a: Pheromosa|0 fnt
|faint|p2a: Pheromosa
|-ability|p1a: Spectrier|Grim Neigh|boost
|-boost|p1a: Spectrier|spa|1
|
|upkeep
|
|t:|1603564692
|switch|p2a: Ditto|Ditto|100/100
|-transform|p2a: Ditto|p1a: Spectrier|[from] ability: Imposter
|turn|3
|
|t:|1603564694
|switch|p2a: Kyurem|Kyurem-Black|100/100
|-ability|p2a: Kyurem|Teravolt
|switch|p1a: Blissey|Blissey, F|100/100
|
|upkeep
|turn|4
|
|t:|1603564699
|move|p2a: Kyurem|Dragon Dance|p2a: Kyurem
|-boost|p2a: Kyurem|atk|1
|-boost|p2a: Kyurem|spe|1
|move|p1a: Blissey|Toxic|p2a: Kyurem
|-status|p2a: Kyurem|tox
|
|-damage|p2a: Kyurem|94/100 tox|[from] psn
|upkeep
|turn|5
|l| I'M AT MY LIMIT!
|j| kid.doms
|j| Cervixknight
|j| I'M AT MY LIMIT!
|j| kevinsamurott
|
|t:|1603564706
|switch|p1a: Landorus|Landorus-Therian, M|100/100
|-ability|p1a: Landorus|Intimidate|boost
|-unboost|p2a: Kyurem|atk|1
|move|p2a: Kyurem|Icicle Spear|p1a: Landorus
|-supereffective|p1a: Landorus
|-damage|p1a: Landorus|46/100
|-supereffective|p1a: Landorus
|-damage|p1a: Landorus|0 fnt
|-hitcount|p1a: Landorus|2
|faint|p1a: Landorus
|
|-damage|p2a: Kyurem|82/100 tox|[from] psn
|upkeep
|j| jasjdsedjdjd
|l| I'M AT MY LIMIT!
|
|t:|1603564709
|switch|p1a: Genesect|Genesect, shiny|100/100
|-ability|p1a: Genesect|Download|boost
|-boost|p1a: Genesect|spa|1
|turn|6
|
|t:|1603564714
|switch|p2a: Ditto|Ditto|100/100
|-transform|p2a: Ditto|p1a: Genesect|[from] ability: Imposter
|-ability|p2a: Ditto|Download|boost
|-boost|p2a: Ditto|spa|1
|move|p1a: Genesect|U-turn|p2a: Ditto
|-resisted|p2a: Ditto
|-damage|p2a: Ditto|66/100
|j| nicebibarel
|
|t:|1603564732
|switch|p1a: Blaziken|Blaziken, M|100/100|[from]move: U-turn
|
|upkeep
|turn|7
|
|t:|1603564736
|move|p2a: Ditto|U-turn|p1a: Blaziken
|-resisted|p1a: Blaziken
|-damage|p1a: Blaziken|85/100
|j| HARDB0DIED EGG
|
|t:|1603564739
|switch|p2a: Clefable|Clefable, M|100/100|[from]move: U-turn
|move|p1a: Blaziken|Swords Dance|p1a: Blaziken
|-boost|p1a: Blaziken|atk|2
|
|-ability|p1a: Blaziken|Speed Boost|boost
|-boost|p1a: Blaziken|spe|1
|upkeep
|turn|8
|
|t:|1603564744
|move|p1a: Blaziken|Flare Blitz|p2a: Clefable
|-damage|p2a: Clefable|29/100
|-damage|p1a: Blaziken|55/100|[from] Recoil
|move|p2a: Clefable|Moonblast|p1a: Blaziken
|-damage|p1a: Blaziken|10/100
|
|-heal|p2a: Clefable|36/100|[from] item: Leftovers
|-ability|p1a: Blaziken|Speed Boost|boost
|-boost|p1a: Blaziken|spe|1
|upkeep
|turn|9
|j| eggbome
|
|t:|1603564755
|move|p1a: Blaziken|Earthquake|p2a: Clefable
|-damage|p2a: Clefable|0 fnt
|faint|p2a: Clefable
|
|-ability|p1a: Blaziken|Speed Boost|boost
|-boost|p1a: Blaziken|spe|1
|upkeep
|
|t:|1603564760
|switch|p2a: Genesect|Genesect, shiny|100/100
|-ability|p2a: Genesect|Download|boost
|-boost|p2a: Genesect|spa|1
|turn|10
|
|t:|1603564764
|switch|p1a: Spectrier|Spectrier|37/100
|move|p2a: Genesect|Extreme Speed|p1a: Spectrier
|-immune|p1a: Spectrier
|
|upkeep
|turn|11
|
|t:|1603564770
|move|p1a: Spectrier|Shadow Ball|p2a: Genesect
|-damage|p2a: Genesect|30/100
|move|p2a: Genesect|Ice Beam|p1a: Spectrier
|-damage|p1a: Spectrier|0 fnt
|faint|p1a: Spectrier
|
|upkeep
|j| Hoo-bah-stank
|
|t:|1603564776
|switch|p1a: Genesect|Genesect, shiny|100/100
|-ability|p1a: Genesect|Download|boost
|-boost|p1a: Genesect|atk|1
|turn|12
|
|t:|1603564787
|move|p1a: Genesect|Extreme Speed|p2a: Genesect
|-resisted|p2a: Genesect
|-damage|p2a: Genesect|0 fnt
|faint|p2a: Genesect
|
|upkeep
|
|t:|1603564792
|switch|p2a: Ditto|Ditto|66/100
|-transform|p2a: Ditto|p1a: Genesect|[from] ability: Imposter
|-ability|p2a: Ditto|Download|boost
|-boost|p2a: Ditto|spa|1
|turn|13
|j| electrode36
|
|t:|1603564797
|move|p1a: Genesect|Extreme Speed|p2a: Ditto
|-resisted|p2a: Ditto
|-damage|p2a: Ditto|29/100
|move|p2a: Ditto|U-turn|p1a: Genesect
|-resisted|p1a: Genesect
|-damage|p1a: Genesect|67/100
|
|t:|1603564802
|switch|p2a: Landorus|Landorus, M|100/100|[from]move: U-turn
|
|upkeep
|turn|14
|
|t:|1603564807
|move|p1a: Genesect|Extreme Speed|p2a: Landorus
|-damage|p2a: Landorus|21/100
|move|p2a: Landorus|Earth Power|p1a: Genesect
|-damage|p1a: Genesect|0 fnt
|faint|p1a: Genesect
|
|upkeep
|
|t:|1603564814
|switch|p1a: Blissey|Blissey, F|100/100
|turn|15
|
|t:|1603564819
|switch|p2a: Ditto|Ditto|29/100
|-transform|p2a: Ditto|p1a: Blissey|[from] ability: Imposter
|move|p1a: Blissey|Teleport|p1a: Blissey
|
|t:|1603564822
|switch|p1a: Blaziken|Blaziken, M|10/100|[from]move: Teleport
|
|upkeep
|turn|16
|n| Fanetooo|kiddoms
|
|t:|1603564837
|move|p1a: Blaziken|Close Combat|p2a: Ditto
|-supereffective|p2a: Ditto
|-damage|p2a: Ditto|0 fnt
|-unboost|p1a: Blaziken|def|1
|-unboost|p1a: Blaziken|spd|1
|faint|p2a: Ditto
|
|-ability|p1a: Blaziken|Speed Boost|boost
|-boost|p1a: Blaziken|spe|1
|upkeep
|j| Count Riario
|-message|wsdfg forfeited.
|
|win|DanyulCT
|l|☆wsdfg
|l| climax HUNTER
|l| Fanetooo
|l|☆DanyulCT
|l| hfgh44l
|l| electrode36
|l| starmind
