|j|☆JooshP
|j|☆booby#jelly
|t:|1656147593
|gametype|singles
|player|p1|JooshP|red|1779
|player|p2|booby#jelly|mira|1787
|teamsize|p1|6
|teamsize|p2|6
|gen|8
|tier|[Gen 8] OU
|rated|
|rule|Sleep Clause Mod: Limit one foe put to sleep
|rule|Species Clause: Limit one of each Pokémon
|rule|OHKO Clause: OHKO moves are banned
|rule|Evasion Moves Clause: Evasion moves are banned
|rule|Endless Battle Clause: Forcing endless battles is banned
|rule|HP Percentage Mod: HP is shown in percentages
|rule|Dynamax Clause: You cannot dynamax
|clearpoke
|poke|p1|Volcarona, F|
|poke|p1|Garchomp, F|
|poke|p1|Ferrothorn, F|
|poke|p1|Clefable, M|
|poke|p1|Heatran, F|
|poke|p1|Urshifu-*, F|
|poke|p2|Hawlucha, M|
|poke|p2|Kommo-o, F|
|poke|p2|Tapu Lele|
|poke|p2|Kartana|
|poke|p2|Bisharp, M|
|poke|p2|Volcarona, F|
|teampreview
|inactive|Battle timer is ON: inactive players will automatically lose when time's up. (requested by booby#jelly)
|j| clflucker
|
|t:|1656147610
|start
|switch|p1a: Garchomp|Garchomp, F|100/100
|switch|p2a: UwU|Tapu Lele|100/100
|-fieldstart|move: Psychic Terrain|[from] ability: Psychic Surge|[of] p2a: UwU
|turn|1
|
|t:|1656147632
|switch|p1a: Ferrothorn|Ferrothorn, F|100/100
|move|p2a: UwU|Psychic|p1a: Ferrothorn
|-resisted|p1a: Ferrothorn
|-damage|p1a: Ferrothorn|58/100
|
|-heal|p1a: Ferrothorn|64/100|[from] item: Leftovers
|upkeep
|turn|2
|
|t:|1656147639
|move|p2a: UwU|Psychic|p1a: Ferrothorn
|-resisted|p1a: Ferrothorn
|-damage|p1a: Ferrothorn|18/100
|move|p1a: Ferrothorn|Spikes|p2a: UwU
|-sidestart|p2: booby#jelly|Spikes
|
|-heal|p1a: Ferrothorn|24/100|[from] item: Leftovers
|upkeep
|turn|3
|
|t:|1656147655
|move|p2a: UwU|Psychic|p1a: Ferrothorn
|-resisted|p1a: Ferrothorn
|-damage|p1a: Ferrothorn|0 fnt
|faint|p1a: Ferrothorn
|
|upkeep
|
|t:|1656147660
|switch|p1a: Urshifu|Urshifu-Rapid-Strike, F|100/100
|turn|4
|
|t:|1656147663
|switch|p2a: 300|Bisharp, M, shiny|100/100
|-damage|p2a: 300|88/100|[from] Spikes
|move|p1a: Urshifu|U-turn|p2a: 300
|-damage|p2a: 300|55/100
|
|t:|1656147668
|switch|p1a: Garchomp|Garchomp, F|100/100|[from]move: U-turn
|
|upkeep
|turn|5
|
|t:|1656147672
|move|p1a: Garchomp|Earthquake|p2a: 300
|-supereffective|p2a: 300
|-damage|p2a: 300|0 fnt
|faint|p2a: 300
|
|-fieldend|move: Psychic Terrain
|upkeep
|
|t:|1656147679
|switch|p2a: UwU|Tapu Lele|100/100
|-damage|p2a: UwU|88/100|[from] Spikes
|-fieldstart|move: Psychic Terrain|[from] ability: Psychic Surge|[of] p2a: UwU
|turn|6
|
|t:|1656147686
|move|p1a: Garchomp|Earthquake|p2a: UwU
|-damage|p2a: UwU|3/100
|move|p2a: UwU|Psychic|p1a: Garchomp
|-damage|p1a: Garchomp|0 fnt
|faint|p1a: Garchomp
|
|upkeep
|
|t:|1656147692
|switch|p1a: Volcarona|Volcarona, F|100/100
|turn|7
|
|t:|1656147695
|move|p1a: Volcarona|Flamethrower|p2a: UwU
|-damage|p2a: UwU|0 fnt
|faint|p2a: UwU
|
|upkeep
|
|t:|1656147700
|switch|p2a: Metroïd|Hawlucha, M|100/100
|-enditem|p2a: Metroïd|Psychic Seed
|-boost|p2a: Metroïd|spd|1|[from] item: Psychic Seed
|turn|8
|j| glycogenn
|
|t:|1656147712
|move|p2a: Metroïd|Swords Dance|p2a: Metroïd
|-boost|p2a: Metroïd|atk|2
|move|p1a: Volcarona|Psychic|p2a: Metroïd
|-supereffective|p2a: Metroïd
|-damage|p2a: Metroïd|20/100
|-unboost|p2a: Metroïd|spd|1
|
|upkeep
|turn|9
|
|t:|1656147719
|switch|p1a: Heatran|Heatran, F|100/100
|move|p2a: Metroïd|Acrobatics|p1a: Heatran
|-resisted|p1a: Heatran
|-damage|p1a: Heatran|62/100
|
|-heal|p1a: Heatran|68/100|[from] item: Leftovers
|upkeep
|turn|10
|
|t:|1656147728
|move|p2a: Metroïd|Close Combat|p1a: Heatran
|-supereffective|p1a: Heatran
|-damage|p1a: Heatran|0 fnt
|-unboost|p2a: Metroïd|def|1
|-unboost|p2a: Metroïd|spd|1
|faint|p1a: Heatran
|
|-fieldend|move: Psychic Terrain
|upkeep
|
|t:|1656147732
|switch|p1a: Clefable|Clefable, M|100/100
|turn|11
|
|t:|1656147736
|move|p2a: Metroïd|Acrobatics|p1a: Clefable
|-damage|p1a: Clefable|16/100
|move|p1a: Clefable|Moonblast|p2a: Metroïd
|-supereffective|p2a: Metroïd
|-damage|p2a: Metroïd|0 fnt
|faint|p2a: Metroïd
|
|-heal|p1a: Clefable|23/100|[from] item: Leftovers
|upkeep
|
|t:|1656147755
|switch|p2a: PITOU|Kartana|100/100
|-damage|p2a: PITOU|88/100|[from] Spikes
|turn|12
|
|t:|1656147762
|move|p2a: PITOU|Swords Dance|p2a: PITOU
|-boost|p2a: PITOU|atk|2
|move|p1a: Clefable|Knock Off|p2a: PITOU
|-damage|p2a: PITOU|74/100
|-enditem|p2a: PITOU|Life Orb|[from] move: Knock Off|[of] p1a: Clefable
|
|-heal|p1a: Clefable|29/100|[from] item: Leftovers
|upkeep
|turn|13
|
|t:|1656147770
|move|p2a: PITOU|Smart Strike|p1a: Clefable
|-supereffective|p1a: Clefable
|-damage|p1a: Clefable|0 fnt
|faint|p1a: Clefable
|-ability|p2a: PITOU|Beast Boost|boost
|-boost|p2a: PITOU|atk|1
|
|upkeep
|
|t:|1656147772
|switch|p1a: Urshifu|Urshifu-Rapid-Strike, F|100/100
|turn|14
|
|t:|1656147778
|move|p1a: Urshifu|Close Combat|p2a: PITOU
|-supereffective|p2a: PITOU
|-damage|p2a: PITOU|0 fnt
|-unboost|p1a: Urshifu|def|1
|-unboost|p1a: Urshifu|spd|1
|faint|p2a: PITOU
|
|upkeep
|
|t:|1656147785
|switch|p2a: VTT de COURSE|Volcarona, F, shiny|100/100
|turn|15
|
|t:|1656147787
|switch|p1a: Volcarona|Volcarona, F|100/100
|move|p2a: VTT de COURSE|Quiver Dance|p2a: VTT de COURSE
|-boost|p2a: VTT de COURSE|spa|1
|-boost|p2a: VTT de COURSE|spd|1
|-boost|p2a: VTT de COURSE|spe|1
|
|upkeep
|turn|16
|
|t:|1656147793
|move|p2a: VTT de COURSE|Flamethrower|p1a: Volcarona
|-damage|p1a: Volcarona|27/100
|move|p1a: Volcarona|Quiver Dance|p1a: Volcarona
|-boost|p1a: Volcarona|spa|1
|-boost|p1a: Volcarona|spd|1
|-boost|p1a: Volcarona|spe|1
|
|upkeep
|turn|17
|
|t:|1656147799
|move|p2a: VTT de COURSE|Flamethrower|p1a: Volcarona
|-damage|p1a: Volcarona|0 fnt
|faint|p1a: Volcarona
|
|upkeep
|
|t:|1656147803
|switch|p1a: Urshifu|Urshifu-Rapid-Strike, F|100/100
|turn|18
|j| EMMEMMEMM
|
|t:|1656147806
|move|p2a: VTT de COURSE|Giga Drain|p1a: Urshifu
|-supereffective|p1a: Urshifu
|-damage|p1a: Urshifu|0 fnt
|faint|p1a: Urshifu
|
|win|booby#jelly
|raw|JooshP's rating: 1779 &rarr; <strong>1759</strong><br />(-20 for losing)
|raw|booby#jelly's rating: 1787 &rarr; <strong>1807</strong><br />(+20 for winning)
|l|☆JooshP
|c|☆booby#jelly|gg
|l|☆booby#jelly
