|j|☆AmusablePoet
|j|☆Forwards
|inactive|Battle timer is ON: inactive players will automatically lose when time's up.
|t:|1665000879
|gametype|singles
|player|p1|AmusablePoet|waiter-gen4dp|
|player|p2|Forwards|policeman-gen4|
|teamsize|p1|6
|teamsize|p2|6
|gen|8
|tier|[Gen 8] OU
|rated|Tournament battle
|rule|Sleep Clause Mod: Limit one foe put to sleep
|rule|Species Clause: Limit one of each Pokémon
|rule|OHKO Clause: OHKO moves are banned
|rule|Evasion Items Clause: Evasion items are banned
|rule|Evasion Moves Clause: Evasion moves are banned
|rule|Endless Battle Clause: Forcing endless battles is banned
|rule|HP Percentage Mod: HP is shown in percentages
|rule|Dynamax Clause: You cannot dynamax
|clearpoke
|poke|p1|Slowking-Galar, F|
|poke|p1|Tornadus-Therian, M|
|poke|p1|Heatran, F|
|poke|p1|Gastrodon, M|
|poke|p1|Dragonite, M|
|poke|p1|Rillaboom, F|
|poke|p2|Raikou|
|poke|p2|Zapdos|
|poke|p2|Urshifu-*, F|
|poke|p2|Dragonite, F|
|poke|p2|Melmetal|
|poke|p2|Swampert, F|
|teampreview
|inactive|AmusablePoet also wants the timer to be on.
|j| Lacksatives
|j|#ironwater
|j| Kinda ass tbh
|j| rozepanter007
|j| stone zorm
|l| Kinda ass tbh
|j| Lucians Call
|j|%Sww-Suwa
|j| novlovesyou
|l| novlovesyou
|j| samohi0
|
|t:|1665000902
|start
|switch|p1a: Slowking|Slowking-Galar, F|100/100
|switch|p2a: Swampert|Swampert, F|100/100
|turn|1
|j| Synergy=NaN
|c| Lacksatives|No way bro pulls a win out his ass with the gen 2 core
|j| Misterioussaint
|
|t:|1665000928
|switch|p1a: Tornadus|Tornadus-Therian, M|100/100
|move|p2a: Swampert|Stealth Rock|p1a: Tornadus
|-sidestart|p1: AmusablePoet|move: Stealth Rock
|
|upkeep
|turn|2
|
|t:|1665000930
|move|p1a: Tornadus|Defog|p2a: Swampert
|-unboost|p2a: Swampert|evasion|1
|-sideend|p1: AmusablePoet|Stealth Rock|[from] move: Defog|[of] p1a: Tornadus
|move|p2a: Swampert|Toxic|p1a: Tornadus
|-status|p1a: Tornadus|tox
|
|-damage|p1a: Tornadus|94/100 tox|[from] psn
|upkeep
|turn|3
|
|t:|1665000932
|move|p1a: Tornadus|Knock Off|p2a: Swampert
|-damage|p2a: Swampert|84/100
|-enditem|p2a: Swampert|Leftovers|[from] move: Knock Off|[of] p1a: Tornadus
|move|p2a: Swampert|Stealth Rock|p1a: Tornadus
|-sidestart|p1: AmusablePoet|move: Stealth Rock
|
|-damage|p1a: Tornadus|82/100 tox|[from] psn
|upkeep
|turn|4
|c| stone zorm|Zapkou is sick
|
|t:|1665000936
|move|p1a: Tornadus|Hurricane|p2a: Swampert
|-damage|p2a: Swampert|53/100
|-start|p2a: Swampert|confusion
|-activate|p2a: Swampert|confusion
|move|p2a: Swampert|Flip Turn|p1a: Tornadus
|-damage|p1a: Tornadus|60/100 tox
|j| gotsnsd
|
|t:|1665000950
|switch|p2a: Melmetal|Melmetal|100/100|[from]move: Flip Turn
|
|-damage|p1a: Tornadus|42/100 tox|[from] psn
|upkeep
|turn|5
|
|t:|1665000967
|move|p1a: Tornadus|U-turn|p2a: Melmetal
|-resisted|p2a: Melmetal
|-damage|p2a: Melmetal|96/100
|c| Lacksatives|Well if this melm is band something just dies now right
|
|t:|1665000968
|switch|p1a: Heatran|Heatran, F|100/100|[from]move: U-turn
|-damage|p1a: Heatran|88/100|[from] Stealth Rock
|-item|p1a: Heatran|Air Balloon
|move|p2a: Melmetal|Double Iron Bash|p1a: Heatran
|-resisted|p1a: Heatran
|-damage|p1a: Heatran|81/100
|-status|p2a: Melmetal|brn|[from] ability: Flame Body|[of] p1a: Heatran
|-enditem|p1a: Heatran|Air Balloon
|-resisted|p1a: Heatran
|-damage|p1a: Heatran|77/100
|-hitcount|p1a: Heatran|2
|
|-heal|p2a: Melmetal|100/100 brn|[from] item: Leftovers
|-damage|p2a: Melmetal|94/100 brn|[from] brn
|upkeep
|turn|6
|
|t:|1665000977
|switch|p2a: Swampert|Swampert, F|53/100
|move|p1a: Heatran|Magma Storm|p2a: Swampert
|-resisted|p2a: Swampert
|-damage|p2a: Swampert|37/100
|-activate|p2a: Swampert|move: Magma Storm|[of] p1a: Heatran
|
|-damage|p2a: Swampert|24/100|[from] move: Magma Storm|[partiallytrapped]
|upkeep
|turn|7
|c| Lacksatives|Are you fu
|
|t:|1665000992
|switch|p1a: Tornadus|Tornadus-Therian, M|75/100 tox
|move|p2a: Swampert|Earthquake|p1a: Tornadus
|-immune|p1a: Tornadus
|
|-damage|p1a: Tornadus|69/100 tox|[from] psn
|-end|p2a: Swampert|Magma Storm|[partiallytrapped]|[silent]
|upkeep
|turn|8
|
|t:|1665000996
|switch|p2a: Zapdos|Zapdos|100/100
|move|p1a: Tornadus|Defog|p2a: Zapdos
|-unboost|p2a: Zapdos|evasion|1
|-sideend|p1: AmusablePoet|Stealth Rock|[from] move: Defog|[of] p1a: Tornadus
|
|-damage|p1a: Tornadus|57/100 tox|[from] psn
|upkeep
|turn|9
|
|t:|1665001001
|move|p1a: Tornadus|U-turn|p2a: Zapdos
|-resisted|p2a: Zapdos
|-damage|p2a: Zapdos|91/100
|
|t:|1665001003
|switch|p1a: Gastrodon|Gastrodon, M|100/100|[from]move: U-turn
|move|p2a: Zapdos|Hurricane|p1a: Gastrodon
|-damage|p1a: Gastrodon|63/100
|
|upkeep
|turn|10
|
|t:|1665001006
|switch|p2a: Swampert|Swampert, F|24/100
|move|p1a: Gastrodon|Recover|p1a: Gastrodon
|-heal|p1a: Gastrodon|100/100
|
|upkeep
|turn|11
|
|t:|1665001010
|move|p2a: Swampert|Stealth Rock|p1a: Gastrodon
|-sidestart|p1: AmusablePoet|move: Stealth Rock
|move|p1a: Gastrodon|Scald|p2a: Swampert
|-damage|p2a: Swampert|6/100
|
|upkeep
|turn|12
|
|t:|1665001013
|switch|p1a: Tornadus|Tornadus-Therian, M|90/100 tox
|move|p2a: Swampert|Toxic|p1a: Tornadus
|-fail|p1a: Tornadus|tox
|
|-damage|p1a: Tornadus|84/100 tox|[from] psn
|upkeep
|turn|13
|
|t:|1665001017
|switch|p2a: Zapdos|Zapdos|91/100
|move|p1a: Tornadus|Knock Off|p2a: Zapdos
|-damage|p2a: Zapdos|69/100
|-enditem|p2a: Zapdos|Heavy-Duty Boots|[from] move: Knock Off|[of] p1a: Tornadus
|
|-damage|p1a: Tornadus|72/100 tox|[from] psn
|upkeep
|turn|14
|
|t:|1665001021
|move|p1a: Tornadus|U-turn|p2a: Zapdos
|-resisted|p2a: Zapdos
|-damage|p2a: Zapdos|60/100
|
|t:|1665001023
|switch|p1a: Gastrodon|Gastrodon, M|100/100|[from]move: U-turn
|move|p2a: Zapdos|Roost|p2a: Zapdos
|-heal|p2a: Zapdos|100/100
|-singleturn|p2a: Zapdos|move: Roost
|
|upkeep
|turn|15
|l| rozepanter007
|
|t:|1665001027
|move|p2a: Zapdos|Hurricane|p1a: Gastrodon
|-damage|p1a: Gastrodon|57/100
|move|p1a: Gastrodon|Toxic|p2a: Zapdos
|-status|p2a: Zapdos|tox
|
|-damage|p2a: Zapdos|94/100 tox|[from] psn
|upkeep
|turn|16
|l| Lacksatives
|
|t:|1665001030
|switch|p2a: Swampert|Swampert, F|6/100
|move|p1a: Gastrodon|Recover|p1a: Gastrodon
|-heal|p1a: Gastrodon|100/100
|
|upkeep
|turn|17
|
|t:|1665001033
|switch|p1a: Tornadus|Tornadus-Therian, M|100/100 tox
|move|p2a: Swampert|Toxic|p1a: Tornadus
|-fail|p1a: Tornadus|tox
|
|-damage|p1a: Tornadus|94/100 tox|[from] psn
|upkeep
|turn|18
|
|t:|1665001035
|move|p1a: Tornadus|Defog|p2a: Swampert
|-unboost|p2a: Swampert|evasion|1
|-sideend|p1: AmusablePoet|Stealth Rock|[from] move: Defog|[of] p1a: Tornadus
|move|p2a: Swampert|Flip Turn|p1a: Tornadus
|-crit|p1a: Tornadus
|-damage|p1a: Tornadus|41/100 tox
|
|t:|1665001041
|switch|p2a: Melmetal|Melmetal|94/100 brn|[from]move: Flip Turn
|
|-heal|p2a: Melmetal|100/100 brn|[from] item: Leftovers
|-damage|p1a: Tornadus|29/100 tox|[from] psn
|-damage|p2a: Melmetal|94/100 brn|[from] brn
|upkeep
|turn|19
|j| GengarAdept
|j| rozepanter007
|
|t:|1665001043
|move|p1a: Tornadus|U-turn|p2a: Melmetal
|-resisted|p2a: Melmetal
|-damage|p2a: Melmetal|90/100 brn
|
|t:|1665001044
|switch|p1a: Gastrodon|Gastrodon, M|100/100|[from]move: U-turn
|move|p2a: Melmetal|Toxic|p1a: Gastrodon
|-status|p1a: Gastrodon|tox
|
|-heal|p2a: Melmetal|96/100 brn|[from] item: Leftovers
|-damage|p1a: Gastrodon|94/100 tox|[from] psn
|-damage|p2a: Melmetal|90/100 brn|[from] brn
|upkeep
|turn|20
|
|t:|1665001050
|switch|p2a: Swampert|Swampert, F|6/100
|move|p1a: Gastrodon|Scald|p2a: Swampert
|-damage|p2a: Swampert|0 fnt
|faint|p2a: Swampert
|
|-damage|p1a: Gastrodon|82/100 tox|[from] psn
|upkeep
|
|t:|1665001060
|switch|p2a: Urshifu|Urshifu-Rapid-Strike, F|100/100
|turn|21
|j| BTLT333 YsK
|
|t:|1665001068
|switch|p1a: Slowking|Slowking-Galar, F|100/100
|move|p2a: Urshifu|Close Combat|p1a: Slowking
|-resisted|p1a: Slowking
|-damage|p1a: Slowking|90/100
|-unboost|p2a: Urshifu|def|1
|-unboost|p2a: Urshifu|spd|1
|
|-heal|p1a: Slowking|96/100|[from] item: Black Sludge
|upkeep
|turn|22
|j| Stads
|
|t:|1665001076
|move|p2a: Urshifu|U-turn|p1a: Slowking
|-damage|p1a: Slowking|77/100
|
|t:|1665001078
|switch|p2a: Melmetal|Melmetal|90/100 brn|[from]move: U-turn
|move|p1a: Slowking|Trick|p2a: Melmetal
|-activate|p1a: Slowking|move: Trick|[of] p2a: Melmetal
|-item|p2a: Melmetal|Black Sludge|[from] move: Trick
|-item|p1a: Slowking|Leftovers|[from] move: Trick
|
|-damage|p2a: Melmetal|78/100 brn|[from] item: Black Sludge
|-heal|p1a: Slowking|83/100|[from] item: Leftovers
|-damage|p2a: Melmetal|72/100 brn|[from] brn
|upkeep
|turn|23
|
|t:|1665001084
|move|p2a: Melmetal|Double Iron Bash|p1a: Slowking
|-damage|p1a: Slowking|68/100
|-damage|p1a: Slowking|52/100
|-hitcount|p1a: Slowking|2
|cant|p1a: Slowking|flinch
|
|-damage|p2a: Melmetal|59/100 brn|[from] item: Black Sludge
|-heal|p1a: Slowking|58/100|[from] item: Leftovers
|-damage|p2a: Melmetal|53/100 brn|[from] brn
|upkeep
|turn|24
|j| eeeeeeeeeeee19
|
|t:|1665001099
|switch|p1a: Tornadus|Tornadus-Therian, M|62/100 tox
|move|p2a: Melmetal|Double Iron Bash|p1a: Tornadus
|-damage|p1a: Tornadus|38/100 tox
|-damage|p1a: Tornadus|14/100 tox
|-hitcount|p1a: Tornadus|2
|
|-damage|p2a: Melmetal|41/100 brn|[from] item: Black Sludge
|-damage|p1a: Tornadus|8/100 tox|[from] psn
|-damage|p2a: Melmetal|35/100 brn|[from] brn
|upkeep
|turn|25
|
|t:|1665001103
|move|p1a: Tornadus|U-turn|p2a: Melmetal
|-resisted|p2a: Melmetal
|-damage|p2a: Melmetal|30/100 brn
|
|t:|1665001104
|switch|p1a: Gastrodon|Gastrodon, M|82/100 tox|[from]move: U-turn
|move|p2a: Melmetal|Earthquake|p1a: Gastrodon
|-damage|p1a: Gastrodon|61/100 tox
|
|-damage|p2a: Melmetal|18/100 brn|[from] item: Black Sludge
|-damage|p1a: Gastrodon|55/100 tox|[from] psn
|-damage|p2a: Melmetal|11/100 brn|[from] brn
|upkeep
|turn|26
|
|t:|1665001107
|switch|p2a: Urshifu|Urshifu-Rapid-Strike, F|100/100
|move|p1a: Gastrodon|Recover|p1a: Gastrodon
|-heal|p1a: Gastrodon|100/100 tox
|
|-damage|p1a: Gastrodon|88/100 tox|[from] psn
|upkeep
|turn|27
|j| novlovesyou
|j| CuemShotOfKyiv
|inactive|AmusablePoet has 120 seconds left.
|
|t:|1665001138
|switch|p1a: Dragonite|Dragonite, M|100/100
|move|p2a: Urshifu|U-turn|p1a: Dragonite
|-resisted|p1a: Dragonite
|-damage|p1a: Dragonite|95/100
|
|t:|1665001144
|switch|p2a: Dragonite|Dragonite, F|100/100|[from]move: U-turn
|
|upkeep
|turn|28
|
|t:|1665001153
|switch|p1a: Gastrodon|Gastrodon, M|88/100 tox
|move|p2a: Dragonite|Dragon Dance|p2a: Dragonite
|-boost|p2a: Dragonite|atk|1
|-boost|p2a: Dragonite|spe|1
|
|-damage|p1a: Gastrodon|82/100 tox|[from] psn
|upkeep
|turn|29
|
|t:|1665001157
|switch|p2a: Melmetal|Melmetal|11/100 brn
|move|p1a: Gastrodon|Toxic||[still]
|-fail|p1a: Gastrodon
|
|-damage|p2a: Melmetal|0 fnt|[from] item: Black Sludge
|faint|p2a: Melmetal
|-damage|p1a: Gastrodon|70/100 tox|[from] psn
|upkeep
|
|t:|1665001161
|switch|p2a: Urshifu|Urshifu-Rapid-Strike, F|100/100
|turn|30
|
|t:|1665001167
|switch|p1a: Dragonite|Dragonite, M|95/100
|move|p2a: Urshifu|Taunt|p1a: Dragonite
|-start|p1a: Dragonite|move: Taunt
|
|upkeep
|turn|31
|
|t:|1665001179
|move|p2a: Urshifu|U-turn|p1a: Dragonite
|-resisted|p1a: Dragonite
|-damage|p1a: Dragonite|83/100
|
|t:|1665001180
|switch|p2a: Zapdos|Zapdos|94/100 tox|[from]move: U-turn
|move|p1a: Dragonite|Dual Wingbeat|p2a: Zapdos
|-resisted|p2a: Zapdos
|-damage|p2a: Zapdos|84/100 tox
|-status|p1a: Dragonite|par|[from] ability: Static|[of] p2a: Zapdos
|-resisted|p2a: Zapdos
|-damage|p2a: Zapdos|73/100 tox
|-hitcount|p2a: Zapdos|2
|
|-damage|p2a: Zapdos|67/100 tox|[from] psn
|upkeep
|turn|32
|
|t:|1665001186
|switch|p1a: Heatran|Heatran, F|77/100
|move|p2a: Zapdos|Hurricane|p1a: Heatran|[miss]
|-miss|p2a: Zapdos|p1a: Heatran
|
|-damage|p2a: Zapdos|54/100 tox|[from] psn
|upkeep
|turn|33
|
|t:|1665001190
|move|p2a: Zapdos|Roost|p2a: Zapdos
|-heal|p2a: Zapdos|100/100 tox
|-singleturn|p2a: Zapdos|move: Roost
|move|p1a: Heatran|Stealth Rock|p2a: Zapdos
|-sidestart|p2: Forwards|move: Stealth Rock
|
|-damage|p2a: Zapdos|82/100 tox|[from] psn
|upkeep
|turn|34
|
|t:|1665001194
|move|p2a: Zapdos|Hurricane|p1a: Heatran
|-resisted|p1a: Heatran
|-damage|p1a: Heatran|51/100
|move|p1a: Heatran|Toxic|p2a: Zapdos
|-fail|p2a: Zapdos|tox
|
|-damage|p2a: Zapdos|57/100 tox|[from] psn
|upkeep
|turn|35
|
|t:|1665001197
|move|p2a: Zapdos|Hurricane|p1a: Heatran
|-resisted|p1a: Heatran
|-damage|p1a: Heatran|25/100
|-start|p1a: Heatran|confusion
|-activate|p1a: Heatran|confusion
|-damage|p1a: Heatran|20/100|[from] confusion
|
|-damage|p2a: Zapdos|26/100 tox|[from] psn
|upkeep
|turn|36
|
|t:|1665001205
|move|p2a: Zapdos|Hurricane|p1a: Heatran|[miss]
|-miss|p2a: Zapdos|p1a: Heatran
|-activate|p1a: Heatran|confusion
|move|p1a: Heatran|Stealth Rock||[still]
|-fail|p1a: Heatran
|
|-damage|p2a: Zapdos|0 fnt|[from] psn
|faint|p2a: Zapdos
|upkeep
|
|t:|1665001210
|switch|p2a: Urshifu|Urshifu-Rapid-Strike, F|100/100
|-damage|p2a: Urshifu|94/100|[from] Stealth Rock
|turn|37
|
|t:|1665001216
|switch|p1a: Dragonite|Dragonite, M|83/100 par
|move|p2a: Urshifu|Surging Strikes|p1a: Dragonite
|-resisted|p1a: Dragonite
|-crit|p1a: Dragonite
|-damage|p1a: Dragonite|74/100 par
|-resisted|p1a: Dragonite
|-crit|p1a: Dragonite
|-damage|p1a: Dragonite|64/100 par
|-resisted|p1a: Dragonite
|-crit|p1a: Dragonite
|-damage|p1a: Dragonite|56/100 par
|-hitcount|p1a: Dragonite|3
|
|upkeep
|turn|38
|
|t:|1665001225
|move|p2a: Urshifu|U-turn|p1a: Dragonite
|-resisted|p1a: Dragonite
|-damage|p1a: Dragonite|44/100 par
|
|t:|1665001226
|switch|p2a: Dragonite|Dragonite, F|100/100|[from]move: U-turn
|move|p1a: Dragonite|Dual Wingbeat|p2a: Dragonite
|-damage|p2a: Dragonite|93/100
|-damage|p2a: Dragonite|77/100
|-hitcount|p2a: Dragonite|2
|
|upkeep
|turn|39
|
|t:|1665001236
|switch|p1a: Gastrodon|Gastrodon, M|70/100 tox
|move|p2a: Dragonite|Ice Punch|p1a: Gastrodon
|-damage|p1a: Gastrodon|42/100 tox
|
|-damage|p1a: Gastrodon|36/100 tox|[from] psn
|upkeep
|turn|40
|
|t:|1665001238
|move|p2a: Dragonite|Earthquake|p1a: Gastrodon
|-damage|p1a: Gastrodon|1/100 tox
|move|p1a: Gastrodon|Recover|p1a: Gastrodon
|-heal|p1a: Gastrodon|51/100 tox
|
|-damage|p1a: Gastrodon|38/100 tox|[from] psn
|upkeep
|turn|41
|
|t:|1665001242
|move|p2a: Dragonite|Earthquake|p1a: Gastrodon
|-damage|p1a: Gastrodon|0 fnt
|faint|p1a: Gastrodon
|
|upkeep
|
|t:|1665001254
|switch|p1a: Slowking|Slowking-Galar, F|58/100
|turn|42
|
|t:|1665001274
|move|p2a: Dragonite|Roost|p2a: Dragonite
|-heal|p2a: Dragonite|100/100
|-singleturn|p2a: Dragonite|move: Roost
|move|p1a: Slowking|Ice Beam|p2a: Dragonite
|-supereffective|p2a: Dragonite
|-damage|p2a: Dragonite|81/100
|
|-heal|p1a: Slowking|64/100|[from] item: Leftovers
|upkeep
|turn|43
|
|t:|1665001287
|switch|p2a: Urshifu|Urshifu-Rapid-Strike, F|94/100
|-damage|p2a: Urshifu|88/100|[from] Stealth Rock
|move|p1a: Slowking|Ice Beam|p2a: Urshifu
|-resisted|p2a: Urshifu
|-damage|p2a: Urshifu|71/100
|-status|p2a: Urshifu|frz
|
|-heal|p1a: Slowking|70/100|[from] item: Leftovers
|upkeep
|turn|44
|
|t:|1665001294
|cant|p2a: Urshifu|frz
|move|p1a: Slowking|Sludge Bomb|p2a: Urshifu
|-damage|p2a: Urshifu|20/100 frz
|
|-heal|p1a: Slowking|77/100|[from] item: Leftovers
|upkeep
|turn|45
|
|t:|1665001295
|cant|p2a: Urshifu|frz
|move|p1a: Slowking|Sludge Bomb|p2a: Urshifu
|-damage|p2a: Urshifu|0 fnt
|faint|p2a: Urshifu
|
|-heal|p1a: Slowking|83/100|[from] item: Leftovers
|upkeep
|
|t:|1665001298
|switch|p2a: Raikou|Raikou|100/100
|-damage|p2a: Raikou|88/100|[from] Stealth Rock
|turn|46
|
|t:|1665001305
|move|p2a: Raikou|Thunderbolt|p1a: Slowking
|-damage|p1a: Slowking|30/100
|move|p1a: Slowking|Sludge Bomb|p2a: Raikou
|-damage|p2a: Raikou|53/100
|
|-heal|p1a: Slowking|36/100|[from] item: Leftovers
|upkeep
|turn|47
|
|t:|1665001321
|switch|p1a: Tornadus|Tornadus-Therian, M|41/100 tox
|move|p2a: Raikou|Thunderbolt|p1a: Tornadus
|-supereffective|p1a: Tornadus
|-damage|p1a: Tornadus|0 fnt
|faint|p1a: Tornadus
|
|upkeep
|
|t:|1665001322
|switch|p1a: Rillaboom|Rillaboom, F|100/100
|-fieldstart|move: Grassy Terrain|[from] ability: Grassy Surge|[of] p1a: Rillaboom
|turn|48
|
|t:|1665001338
|switch|p2a: Dragonite|Dragonite, F|81/100
|move|p1a: Rillaboom|Swords Dance|p1a: Rillaboom
|-boost|p1a: Rillaboom|atk|2
|
|upkeep
|turn|49
|
|t:|1665001352
|move|p2a: Dragonite|Roost|p2a: Dragonite
|-heal|p2a: Dragonite|100/100
|-singleturn|p2a: Dragonite|move: Roost
|move|p1a: Rillaboom|Swords Dance|p1a: Rillaboom
|-boost|p1a: Rillaboom|atk|2
|
|upkeep
|turn|50
|
|t:|1665001357
|move|p2a: Dragonite|Dragon Dance|p2a: Dragonite
|-boost|p2a: Dragonite|atk|1
|-boost|p2a: Dragonite|spe|1
|move|p1a: Rillaboom|Knock Off|p2a: Dragonite
|-damage|p2a: Dragonite|54/100
|-enditem|p2a: Dragonite|Heavy-Duty Boots|[from] move: Knock Off|[of] p1a: Rillaboom
|
|upkeep
|turn|51
|
|t:|1665001361
|move|p2a: Dragonite|Roost|p2a: Dragonite
|-heal|p2a: Dragonite|100/100
|-singleturn|p2a: Dragonite|move: Roost
|move|p1a: Rillaboom|Knock Off|p2a: Dragonite
|-damage|p2a: Dragonite|69/100
|
|-heal|p2a: Dragonite|75/100|[from] Grassy Terrain
|upkeep
|turn|52
|l| Lucians Call
|
|t:|1665001367
|move|p2a: Dragonite|Roost|p2a: Dragonite
|-heal|p2a: Dragonite|100/100
|-singleturn|p2a: Dragonite|move: Roost
|move|p1a: Rillaboom|Knock Off|p2a: Dragonite
|-damage|p2a: Dragonite|70/100
|
|-heal|p2a: Dragonite|76/100|[from] Grassy Terrain
|-fieldend|move: Grassy Terrain
|upkeep
|turn|53
|
|t:|1665001379
|move|p2a: Dragonite|Ice Punch|p1a: Rillaboom
|-supereffective|p1a: Rillaboom
|-damage|p1a: Rillaboom|24/100
|move|p1a: Rillaboom|Knock Off|p2a: Dragonite
|-damage|p2a: Dragonite|13/100
|
|-heal|p1a: Rillaboom|30/100|[from] item: Leftovers
|upkeep
|turn|54
|
|t:|1665001392
|switch|p1a: Heatran|Heatran, F|20/100
|move|p2a: Dragonite|Ice Punch|p1a: Heatran
|-resisted|p1a: Heatran
|-damage|p1a: Heatran|13/100
|
|upkeep
|turn|55
|
|t:|1665001395
|switch|p1a: Rillaboom|Rillaboom, F|30/100
|-fieldstart|move: Grassy Terrain|[from] ability: Grassy Surge|[of] p1a: Rillaboom
|move|p2a: Dragonite|Earthquake|p1a: Rillaboom
|-resisted|p1a: Rillaboom
|-damage|p1a: Rillaboom|18/100
|
|-heal|p1a: Rillaboom|24/100|[from] Grassy Terrain
|-heal|p1a: Rillaboom|30/100|[from] item: Leftovers
|upkeep
|turn|56
|l| Synergy=NaN
|
|t:|1665001410
|move|p1a: Rillaboom|Grassy Glide|p2a: Dragonite
|-resisted|p2a: Dragonite
|-damage|p2a: Dragonite|2/100
|move|p2a: Dragonite|Roost|p2a: Dragonite
|-heal|p2a: Dragonite|52/100
|-singleturn|p2a: Dragonite|move: Roost
|
|-heal|p2a: Dragonite|58/100|[from] Grassy Terrain
|-heal|p1a: Rillaboom|36/100|[from] Grassy Terrain
|-heal|p1a: Rillaboom|42/100|[from] item: Leftovers
|upkeep
|turn|57
|
|t:|1665001414
|switch|p1a: Slowking|Slowking-Galar, F|36/100
|move|p2a: Dragonite|Roost|p2a: Dragonite
|-heal|p2a: Dragonite|100/100
|-singleturn|p2a: Dragonite|move: Roost
|
|-heal|p1a: Slowking|42/100|[from] Grassy Terrain
|-heal|p1a: Slowking|48/100|[from] item: Leftovers
|upkeep
|turn|58
|
|t:|1665001423
|move|p2a: Dragonite|Dragon Dance|p2a: Dragonite
|-boost|p2a: Dragonite|atk|1
|-boost|p2a: Dragonite|spe|1
|move|p1a: Slowking|Sludge Bomb|p2a: Dragonite
|-damage|p2a: Dragonite|84/100
|
|-heal|p1a: Slowking|54/100|[from] Grassy Terrain
|-heal|p1a: Slowking|61/100|[from] item: Leftovers
|upkeep
|turn|59
|
|t:|1665001429
|move|p2a: Dragonite|Roost|p2a: Dragonite
|-heal|p2a: Dragonite|100/100
|-singleturn|p2a: Dragonite|move: Roost
|move|p1a: Slowking|Sludge Bomb|p2a: Dragonite
|-damage|p2a: Dragonite|86/100
|
|-heal|p2a: Dragonite|92/100|[from] Grassy Terrain
|-heal|p1a: Slowking|67/100|[from] Grassy Terrain
|-heal|p1a: Slowking|73/100|[from] item: Leftovers
|-fieldend|move: Grassy Terrain
|upkeep
|turn|60
|
|t:|1665001436
|switch|p1a: Rillaboom|Rillaboom, F|42/100
|-fieldstart|move: Grassy Terrain|[from] ability: Grassy Surge|[of] p1a: Rillaboom
|move|p2a: Dragonite|Earthquake|p1a: Rillaboom
|-resisted|p1a: Rillaboom
|-damage|p1a: Rillaboom|26/100
|
|-heal|p1a: Rillaboom|32/100|[from] Grassy Terrain
|-heal|p1a: Rillaboom|38/100|[from] item: Leftovers
|upkeep
|turn|61
|
|t:|1665001445
|switch|p1a: Slowking|Slowking-Galar, F|73/100
|move|p2a: Dragonite|Dragon Dance|p2a: Dragonite
|-boost|p2a: Dragonite|atk|1
|-boost|p2a: Dragonite|spe|1
|
|-heal|p1a: Slowking|79/100|[from] Grassy Terrain
|-heal|p1a: Slowking|85/100|[from] item: Leftovers
|upkeep
|turn|62
|
|t:|1665001453
|move|p2a: Dragonite|Earthquake|p1a: Slowking
|-supereffective|p1a: Slowking
|-damage|p1a: Slowking|24/100
|move|p1a: Slowking|Ice Beam|p2a: Dragonite
|-supereffective|p2a: Dragonite
|-damage|p2a: Dragonite|15/100
|
|-heal|p1a: Slowking|30/100|[from] Grassy Terrain
|-heal|p1a: Slowking|36/100|[from] item: Leftovers
|upkeep
|turn|63
|inactive|AmusablePoet has 120 seconds left.
|
|t:|1665001491
|switch|p1a: Dragonite|Dragonite, M|44/100 par
|move|p2a: Dragonite|Ice Punch|p1a: Dragonite
|-supereffective|p1a: Dragonite
|-damage|p1a: Dragonite|0 fnt
|faint|p1a: Dragonite
|
|upkeep
|
|t:|1665001495
|switch|p1a: Rillaboom|Rillaboom, F|38/100
|turn|64
|
|t:|1665001499
|move|p2a: Dragonite|Roost|p2a: Dragonite
|-heal|p2a: Dragonite|65/100
|-singleturn|p2a: Dragonite|move: Roost
|move|p1a: Rillaboom|Superpower|p2a: Dragonite
|-damage|p2a: Dragonite|25/100
|-unboost|p1a: Rillaboom|atk|1
|-unboost|p1a: Rillaboom|def|1
|
|-heal|p2a: Dragonite|31/100|[from] Grassy Terrain
|-heal|p1a: Rillaboom|44/100|[from] Grassy Terrain
|-heal|p1a: Rillaboom|50/100|[from] item: Leftovers
|-fieldend|move: Grassy Terrain
|upkeep
|turn|65
|
|t:|1665001505
|switch|p1a: Heatran|Heatran, F|13/100
|move|p2a: Dragonite|Roost|p2a: Dragonite
|-heal|p2a: Dragonite|82/100
|-singleturn|p2a: Dragonite|move: Roost
|
|upkeep
|turn|66
|
|t:|1665001507
|switch|p1a: Rillaboom|Rillaboom, F|50/100
|-fieldstart|move: Grassy Terrain|[from] ability: Grassy Surge|[of] p1a: Rillaboom
|move|p2a: Dragonite|Earthquake|p1a: Rillaboom
|-resisted|p1a: Rillaboom
|-damage|p1a: Rillaboom|29/100
|
|-heal|p1a: Rillaboom|35/100|[from] Grassy Terrain
|-heal|p1a: Rillaboom|41/100|[from] item: Leftovers
|upkeep
|turn|67
|
|t:|1665001512
|switch|p1a: Heatran|Heatran, F|13/100
|move|p2a: Dragonite|Roost|p2a: Dragonite
|-heal|p2a: Dragonite|100/100
|-singleturn|p2a: Dragonite|move: Roost
|
|-heal|p1a: Heatran|19/100|[from] Grassy Terrain
|upkeep
|turn|68
|
|t:|1665001515
|switch|p1a: Rillaboom|Rillaboom, F|41/100
|move|p2a: Dragonite|Earthquake|p1a: Rillaboom
|-resisted|p1a: Rillaboom
|-damage|p1a: Rillaboom|20/100
|
|-heal|p1a: Rillaboom|26/100|[from] Grassy Terrain
|-heal|p1a: Rillaboom|32/100|[from] item: Leftovers
|upkeep
|turn|69
|
|t:|1665001520
|move|p2a: Dragonite|Earthquake|p1a: Rillaboom
|-resisted|p1a: Rillaboom
|-damage|p1a: Rillaboom|13/100
|move|p1a: Rillaboom|Knock Off|p2a: Dragonite
|-damage|p2a: Dragonite|91/100
|
|-heal|p1a: Rillaboom|19/100|[from] Grassy Terrain
|-heal|p1a: Rillaboom|25/100|[from] item: Leftovers
|upkeep
|turn|70
|
|t:|1665001525
|switch|p1a: Heatran|Heatran, F|19/100
|move|p2a: Dragonite|Earthquake|p1a: Heatran
|-supereffective|p1a: Heatran
|-damage|p1a: Heatran|0 fnt
|faint|p1a: Heatran
|
|-fieldend|move: Grassy Terrain
|upkeep
|
|t:|1665001529
|switch|p1a: Rillaboom|Rillaboom, F|25/100
|-fieldstart|move: Grassy Terrain|[from] ability: Grassy Surge|[of] p1a: Rillaboom
|turn|71
|l| eeeeeeeeeeee19
|c|☆AmusablePoet|sad that my slowking wasnt regen
|c|☆AmusablePoet|gg
|l| Misterioussaint
|
|t:|1665001539
|move|p1a: Rillaboom|Grassy Glide|p2a: Dragonite
|-resisted|p2a: Dragonite
|-damage|p2a: Dragonite|79/100
|move|p2a: Dragonite|Ice Punch|p1a: Rillaboom
|-supereffective|p1a: Rillaboom
|-damage|p1a: Rillaboom|0 fnt
|faint|p1a: Rillaboom
|
|upkeep
|
|t:|1665001540
|switch|p1a: Slowking|Slowking-Galar, F|36/100
|turn|72
|l| stone zorm
|j| Misterioussaint
|c|☆Forwards|gg
|
|t:|1665001552
|move|p2a: Dragonite|Earthquake|p1a: Slowking
|-supereffective|p1a: Slowking
|-damage|p1a: Slowking|0 fnt
|faint|p1a: Slowking
|
|win|Forwards
|n|☆AmusablePoet|amusablepoet
|n|☆Forwards|forwards
|n|@ironwater|ironwater
|n| Sww-Suwa|swwsuwa
|n| samohi0|samohi0
|n| gotsnsd|gotsnsd
|n| GengarAdept|gengaradept
|n| rozepanter007|rozepanter007
|n| BTLT333 YsK|btlt333ysk
|n| Stads|stads
|n| novlovesyou|novlovesyou
|n| CuemShotOfKyiv|cuemshotofkyiv
|n| Misterioussaint|misterioussaint
|l| Sww-Suwa
|l|☆AmusablePoet
|l|☆Forwards
|l| rozepanter007
|l|@ironwater
|l| Stads
|l| novlovesyou
|j| ChiefGreenLeaf3
|l| samohi0
|l| Misterioussaint
|l| BTLT333 YsK
