|j|☆skibsthekid
|j|☆misplayin
|t:|1664061778
|gametype|singles
|player|p1|skibsthekid|lady-gen4|
|player|p2|misplayin|bugsy|
|teamsize|p1|6
|teamsize|p2|6
|gen|8
|tier|[Gen 8] OU
|rule|Sleep Clause Mod: Limit one foe put to sleep
|rule|Species Clause: Limit one of each Pokémon
|rule|OHKO Clause: OHKO moves are banned
|rule|Evasion Items Clause: Evasion items are banned
|rule|Evasion Moves Clause: Evasion moves are banned
|rule|Endless Battle Clause: Forcing endless battles is banned
|rule|HP Percentage Mod: HP is shown in percentages
|rule|Dynamax Clause: You cannot dynamax
|clearpoke
|poke|p1|Zapdos|
|poke|p1|Weavile, M|
|poke|p1|Kartana|
|poke|p1|Landorus-Therian, M|
|poke|p1|Volcanion|
|poke|p1|Diggersby, M|
|poke|p2|Volcanion|
|poke|p2|Garchomp, M|
|poke|p2|Buzzwole|
|poke|p2|Corviknight, F|
|poke|p2|Zapdos-Galar|
|poke|p2|Tapu Koko|
|teampreview
|inactive|Battle timer is ON: inactive players will automatically lose when time's up. (requested by skibsthekid)
|inactive|misplayin also wants the timer to be on.
|c|☆misplayin|gl gl
|c|☆skibsthekid|you too
|j| Rubiaa
|j| UnstoppableUg
|inactive|skibsthekid has 270 seconds left.
|inactive|misplayin has 270 seconds left.
|c| UnstoppableUg|Got the music playing while I'm preparing my dogs food LOL
|inactive|skibsthekid has 240 seconds left.
|c| Rubiaa|UnstoppableUg what music u playing?
|c|☆misplayin|wait ima starting playing some kanye
|c|☆misplayin|no way ima lose
|
|t:|1664061848
|start
|switch|p1a: Zapdos|Zapdos|100/100
|switch|p2a: Zapdos|Zapdos-Galar|100/100
|turn|1
|c| UnstoppableUg|The legendary Tour theme Rubi
|c| Rubiaa|oh, aight
|
|t:|1664061862
|switch|p2a: Garchomp|Garchomp, M|100/100
|move|p1a: Zapdos|Hurricane|p2a: Garchomp
|-damage|p2a: Garchomp|61/100
|-start|p2a: Garchomp|confusion
|
|-heal|p2a: Garchomp|67/100|[from] item: Leftovers
|upkeep
|turn|2
|c| Rubiaa|UnstoppableUg tell mauwi he or she's a W
|c| UnstoppableUg|From Raisi K
|c| UnstoppableUg|Will do and it's a he
|c| Rubiaa|oh aight
|inactive|skibsthekid has 270 seconds left.
|inactive|skibsthekid has 240 seconds left.
|c| UnstoppableUg|Swear, Jay, Techno and Laid all love Volcanion
|c| UnstoppableUg|So
|c| Rubiaa|bro technos team is a sample, just diggersby over melmetal LOL
|c| UnstoppableUg|Lmao
|c| UnstoppableUg|Fire team
|c|☆skibsthekid|bro are you serious
|c| Rubiaa|im being so fr
|inactive|skibsthekid has 210 seconds left.
|c|☆misplayin|lamoooo
|c|☆misplayin|lmaoo*
|c|☆skibsthekid|i asked a friend to send me teams and she sent me samples
|c| Rubiaa|lamoooo
|c|☆skibsthekid|not like this
|c| UnstoppableUg|LOOOOOOL
|c|☆misplayin|hold up bout to search this up
|c| UnstoppableUg|it's a fire team tho
|c| UnstoppableUg|LMAO
|c| Rubiaa|it is
|inactive|skibsthekid has 180 seconds left.
|c| UnstoppableUg|Oh no he's gonna get scouted 😭😭
|c|☆misplayin|lmaoooo
|c|☆misplayin|dwdw i wont
|
|t:|1664062008
|switch|p1a: Weavile|Weavile, M|100/100
|-ability|p1a: Weavile|Pressure
|-activate|p2a: Garchomp|confusion
|move|p2a: Garchomp|Protect||[still]
|-fail|p2a: Garchomp
|
|-heal|p2a: Garchomp|73/100|[from] item: Leftovers
|upkeep
|turn|3
|
|t:|1664062012
|switch|p2a: Buzzwole|Buzzwole|100/100
|move|p1a: Weavile|Beat Up|p2a: Buzzwole
|-resisted|p2a: Buzzwole
|-damage|p2a: Buzzwole|97/100
|-resisted|p2a: Buzzwole
|-damage|p2a: Buzzwole|94/100
|-resisted|p2a: Buzzwole
|-damage|p2a: Buzzwole|90/100
|-resisted|p2a: Buzzwole
|-damage|p2a: Buzzwole|86/100
|-resisted|p2a: Buzzwole
|-damage|p2a: Buzzwole|83/100
|-resisted|p2a: Buzzwole
|-damage|p2a: Buzzwole|81/100
|-hitcount|p2a: Buzzwole|6
|
|upkeep
|turn|4
|
|t:|1664062016
|switch|p1a: Volcanion|Volcanion|100/100
|move|p2a: Buzzwole|Toxic|p1a: Volcanion
|-status|p1a: Volcanion|tox
|
|-damage|p1a: Volcanion|95/100 tox|[from] psn
|upkeep
|turn|5
|inactive|skibsthekid has 180 seconds left.
|
|t:|1664062025
|switch|p1a: Zapdos|Zapdos|100/100
|switch|p2a: Garchomp|Garchomp, M|73/100
|
|-heal|p2a: Garchomp|80/100|[from] item: Leftovers
|upkeep
|turn|6
|
|t:|1664062030
|switch|p1a: Landorus|Landorus-Therian, M|100/100
|-ability|p1a: Landorus|Intimidate|boost
|-unboost|p2a: Garchomp|atk|1
|move|p2a: Garchomp|Toxic|p1a: Landorus
|-status|p1a: Landorus|tox
|
|-heal|p2a: Garchomp|86/100|[from] item: Leftovers
|-damage|p1a: Landorus|94/100 tox|[from] psn
|upkeep
|turn|7
|
|t:|1664062035
|switch|p2a: Corviknight|Corviknight, F, shiny|100/100
|move|p1a: Landorus|Stealth Rock|p2a: Corviknight
|-sidestart|p2: misplayin|move: Stealth Rock
|
|-heal|p1a: Landorus|100/100 tox|[from] item: Leftovers
|-damage|p1a: Landorus|88/100 tox|[from] psn
|upkeep
|turn|8
|
|t:|1664062037
|move|p1a: Landorus|U-turn|p2a: Corviknight
|-resisted|p2a: Corviknight
|-damage|p2a: Corviknight|97/100
|
|t:|1664062040
|switch|p1a: Volcanion|Volcanion|95/100 tox|[from]move: U-turn
|move|p2a: Corviknight|Defog|p1a: Volcanion
|-unboost|p1a: Volcanion|evasion|1
|-sideend|p2: misplayin|Stealth Rock|[from] move: Defog|[of] p2a: Corviknight
|
|-heal|p2a: Corviknight|100/100|[from] item: Leftovers
|-damage|p1a: Volcanion|89/100 tox|[from] psn
|upkeep
|turn|9
|inactive|skibsthekid has 210 seconds left.
|
|t:|1664062051
|switch|p2a: Garchomp|Garchomp, M|86/100
|move|p1a: Volcanion|Earth Power|p2a: Garchomp
|-damage|p2a: Garchomp|46/100
|
|-heal|p2a: Garchomp|52/100|[from] item: Leftovers
|-damage|p1a: Volcanion|77/100 tox|[from] psn
|upkeep
|turn|10
|
|t:|1664062056
|switch|p1a: Diggersby|Diggersby, M|100/100
|move|p2a: Garchomp|Earthquake|p1a: Diggersby
|-damage|p1a: Diggersby|48/100
|
|-heal|p2a: Garchomp|59/100|[from] item: Leftovers
|upkeep
|turn|11
|
|t:|1664062062
|switch|p1a: Landorus|Landorus-Therian, M|88/100 tox
|-ability|p1a: Landorus|Intimidate|boost
|-unboost|p2a: Garchomp|atk|1
|move|p2a: Garchomp|Protect||[still]
|-fail|p2a: Garchomp
|
|-heal|p2a: Garchomp|65/100|[from] item: Leftovers
|-heal|p1a: Landorus|94/100 tox|[from] item: Leftovers
|-damage|p1a: Landorus|88/100 tox|[from] psn
|upkeep
|turn|12
|
|t:|1664062068
|switch|p1a: Diggersby|Diggersby, M|48/100
|move|p2a: Garchomp|Stealth Rock|p1a: Diggersby
|-sidestart|p1: skibsthekid|move: Stealth Rock
|
|-heal|p2a: Garchomp|71/100|[from] item: Leftovers
|upkeep
|turn|13
|c| Rubiaa|bro laid just hit a high note in VC
|c| Rubiaa|LOL
|
|t:|1664062072
|move|p2a: Garchomp|Protect|p2a: Garchomp
|-singleturn|p2a: Garchomp|Protect
|move|p1a: Diggersby|Ice Punch|p2a: Garchomp
|-activate|p2a: Garchomp|move: Protect
|
|-heal|p2a: Garchomp|77/100|[from] item: Leftovers
|upkeep
|turn|14
|
|t:|1664062076
|switch|p2a: Buzzwole|Buzzwole|81/100
|move|p1a: Diggersby|Smack Down|p2a: Buzzwole
|-damage|p2a: Buzzwole|70/100
|
|upkeep
|turn|15
|c| UnstoppableUg|LOL
|inactive|skibsthekid has 240 seconds left.
|
|t:|1664062097
|switch|p1a: Landorus|Landorus-Therian, M|88/100 tox
|-damage|p1a: Landorus|76/100 tox|[from] Stealth Rock
|-ability|p1a: Landorus|Intimidate|boost
|-unboost|p2a: Buzzwole|atk|1
|move|p2a: Buzzwole|Ice Punch|p1a: Landorus
|-supereffective|p1a: Landorus
|-damage|p1a: Landorus|15/100 tox
|
|-heal|p1a: Landorus|21/100 tox|[from] item: Leftovers
|-damage|p1a: Landorus|15/100 tox|[from] psn
|upkeep
|turn|16
|
|t:|1664062103
|move|p2a: Buzzwole|Ice Punch|p1a: Landorus
|-supereffective|p1a: Landorus
|-damage|p1a: Landorus|0 fnt
|faint|p1a: Landorus
|-ability|p2a: Buzzwole|Beast Boost|boost
|-boost|p2a: Buzzwole|def|1
|
|upkeep
|
|t:|1664062107
|switch|p1a: Volcanion|Volcanion|77/100 tox
|-damage|p1a: Volcanion|52/100 tox|[from] Stealth Rock
|turn|17
|
|t:|1664062118
|switch|p2a: Volcanion|Volcanion|100/100
|move|p1a: Volcanion|Steam Eruption|p2a: Volcanion
|-immune|p2a: Volcanion|[from] ability: Water Absorb
|
|-damage|p1a: Volcanion|46/100 tox|[from] psn
|upkeep
|turn|18
|c|☆skibsthekid|going out extremely sad :(
|c| Rubiaa|LOL
|c| Rubiaa|its aight
|c| Rubiaa|go get back in nat-dex
|inactive|misplayin has 270 seconds left.
|c| UnstoppableUg|Keep playing bro
|c| UnstoppableUg|Focus
|c| UnstoppableUg|Calc when needed
|c| UnstoppableUg|Do what u gotta do
|c| UnstoppableUg|Play YO game chief
|inactive|misplayin has 240 seconds left.
|c| UnstoppableUg|🙏🙏
|
|t:|1664062189
|move|p2a: Volcanion|Steam Eruption|p1a: Volcanion
|-heal|p1a: Volcanion|71/100 tox|[from] ability: Water Absorb|[of] p2a: Volcanion
|move|p1a: Volcanion|Steam Eruption|p2a: Volcanion
|-immune|p2a: Volcanion|[from] ability: Water Absorb
|
|-damage|p1a: Volcanion|59/100 tox|[from] psn
|upkeep
|turn|19
|inactive|misplayin has 240 seconds left.
|c|☆misplayin|lmaoo
|c| Rubiaa|bro the praying emoji in this game has me dying
|
|t:|1664062202
|move|p1a: Volcanion|Steam Eruption|p2a: Volcanion
|-immune|p2a: Volcanion|[from] ability: Water Absorb
|move|p2a: Volcanion|Steam Eruption|p1a: Volcanion
|-heal|p1a: Volcanion|84/100 tox|[from] ability: Water Absorb|[of] p2a: Volcanion
|
|-damage|p1a: Volcanion|66/100 tox|[from] psn
|upkeep
|turn|20
|c| UnstoppableUg|Good turn
|inactive|misplayin has 240 seconds left.
|c| UnstoppableUg|LOL
|
|t:|1664062235
|switch|p2a: Garchomp|Garchomp, M|77/100
|move|p1a: Volcanion|Steam Eruption|p2a: Garchomp
|-damage|p2a: Garchomp|14/100
|
|-heal|p2a: Garchomp|20/100|[from] item: Leftovers
|-damage|p1a: Volcanion|42/100 tox|[from] psn
|upkeep
|turn|21
|
|t:|1664062251
|switch|p1a: Weavile|Weavile, M|100/100
|-damage|p1a: Weavile|76/100|[from] Stealth Rock
|-ability|p1a: Weavile|Pressure
|move|p2a: Garchomp|Earthquake|p1a: Weavile
|-damage|p1a: Weavile|0 fnt
|faint|p1a: Weavile
|
|-heal|p2a: Garchomp|27/100|[from] item: Leftovers
|upkeep
|
|t:|1664062262
|switch|p1a: Kartana|Kartana|100/100
|-damage|p1a: Kartana|94/100|[from] Stealth Rock
|turn|22
|c| UnstoppableUg|Oof theres Jay name
|
|t:|1664062267
|switch|p2a: Corviknight|Corviknight, F, shiny|100/100
|move|p1a: Kartana|Knock Off|p2a: Corviknight
|-damage|p2a: Corviknight|65/100
|-enditem|p2a: Corviknight|Leftovers|[from] move: Knock Off|[of] p1a: Kartana
|
|upkeep
|turn|23
|c| Rubiaa|knoock oof
|
|t:|1664062281
|move|p1a: Kartana|Knock Off|p2a: Corviknight
|-crit|p2a: Corviknight
|-damage|p2a: Corviknight|32/100
|move|p2a: Corviknight|U-turn|p1a: Kartana
|-damage|p1a: Kartana|78/100
|
|t:|1664062295
|switch|p2a: Tapu Koko|Tapu Koko, shiny|100/100|[from]move: U-turn
|-fieldstart|move: Electric Terrain|[from] ability: Electric Surge|[of] p2a: Tapu Koko
|
|upkeep
|turn|24
|inactive|skibsthekid has 240 seconds left.
|c|☆skibsthekid|can somebody send me the sample team
|inactive|skibsthekid has 210 seconds left.
|
|t:|1664062355
|move|p1a: Kartana|Knock Off|p2a: Tapu Koko
|-resisted|p2a: Tapu Koko
|-damage|p2a: Tapu Koko|71/100
|-enditem|p2a: Tapu Koko|Heavy-Duty Boots|[from] move: Knock Off|[of] p1a: Kartana
|move|p2a: Tapu Koko|Thunderbolt|p1a: Kartana
|-resisted|p1a: Kartana
|-damage|p1a: Kartana|5/100
|-status|p1a: Kartana|par
|
|upkeep
|turn|25
|inactive|skibsthekid has 210 seconds left.
|c|☆skibsthekid|i want to fact check lmao
|
|t:|1664062371
|move|p2a: Tapu Koko|Dazzling Gleam|p1a: Kartana
|-resisted|p1a: Kartana
|-damage|p1a: Kartana|0 fnt
|faint|p1a: Kartana
|
|upkeep
|
|t:|1664062383
|switch|p1a: Diggersby|Diggersby, M|48/100
|-damage|p1a: Diggersby|42/100|[from] Stealth Rock
|turn|26
|
|t:|1664062389
|switch|p2a: Buzzwole|Buzzwole|70/100
|move|p1a: Diggersby|Earthquake|p2a: Buzzwole
|-resisted|p2a: Buzzwole
|-damage|p2a: Buzzwole|54/100
|
|upkeep
|turn|27
|
|t:|1664062391
|switch|p1a: Zapdos|Zapdos|100/100
|move|p2a: Buzzwole|Ice Punch|p1a: Zapdos
|-supereffective|p1a: Zapdos
|-damage|p1a: Zapdos|41/100
|-status|p2a: Buzzwole|par|[from] ability: Static|[of] p1a: Zapdos
|
|-fieldend|move: Electric Terrain
|upkeep
|turn|28
|
|t:|1664062402
|switch|p2a: Garchomp|Garchomp, M|27/100
|move|p1a: Zapdos|Hurricane|p2a: Garchomp
|-damage|p2a: Garchomp|0 fnt
|faint|p2a: Garchomp
|
|upkeep
|
|t:|1664062407
|switch|p2a: Tapu Koko|Tapu Koko, shiny|71/100
|-fieldstart|move: Electric Terrain|[from] ability: Electric Surge|[of] p2a: Tapu Koko
|turn|29
|
|t:|1664062412
|switch|p1a: Volcanion|Volcanion|42/100 tox
|-damage|p1a: Volcanion|17/100 tox|[from] Stealth Rock
|move|p2a: Tapu Koko|Thunderbolt|p1a: Volcanion
|-supereffective|p1a: Volcanion
|-damage|p1a: Volcanion|0 fnt
|faint|p1a: Volcanion
|
|upkeep
|
|t:|1664062414
|switch|p1a: Diggersby|Diggersby, M|42/100
|-damage|p1a: Diggersby|36/100|[from] Stealth Rock
|turn|30
|
|t:|1664062416
|move|p2a: Tapu Koko|Dazzling Gleam|p1a: Diggersby
|-damage|p1a: Diggersby|12/100
|move|p1a: Diggersby|Earthquake|p2a: Tapu Koko
|-supereffective|p2a: Tapu Koko
|-damage|p2a: Tapu Koko|0 fnt
|faint|p2a: Tapu Koko
|
|upkeep
|
|t:|1664062423
|switch|p2a: Zapdos|Zapdos-Galar|100/100
|turn|31
|c| UnstoppableUg|AVVV
|c|☆misplayin|oh
|c|☆misplayin|things got spicy
|c| UnstoppableUg|YOOOOOOO
|c| Rubiaa|it is
|
|t:|1664062438
|move|p2a: Zapdos|Brave Bird|p1a: Diggersby
|-damage|p1a: Diggersby|0 fnt
|faint|p1a: Diggersby
|-damage|p2a: Zapdos|96/100|[from] Recoil
|
|upkeep
|c| Rubiaa|zapdos might fuck yo ass up
|c| UnstoppableUg|THATS BRAAAAAZZZYYYYY
|
|t:|1664062440
|switch|p1a: Zapdos|Zapdos|41/100
|turn|32
|
|t:|1664062442
|move|p2a: Zapdos|Brave Bird|p1a: Zapdos
|-resisted|p1a: Zapdos
|-damage|p1a: Zapdos|0 fnt
|faint|p1a: Zapdos
|-damage|p2a: Zapdos|83/100|[from] Recoil
|
|win|misplayin
|c| Rubiaa|nvm
|c|☆skibsthekid|aw fuck gg
|c| Rubiaa|gapdos is broken
|c| Rubiaa|LOL
|c|☆misplayin|gg
|c|☆skibsthekid|it was a good try
|c| UnstoppableUg|Nope
|c| UnstoppableUg|Lmao
|c| Rubiaa|even then
|c| UnstoppableUg|Welp here comes Nat Dex
|c| UnstoppableUg|Lmao
|j| laidbackk
|c| Rubiaa|LMFAOO
|c|☆skibsthekid|are you banded on gapdos?
|c| Rubiaa|yea probs
|c| Rubiaa|banded jolly
|c| Rubiaa|i cant see it killing otherwise
|c|☆misplayin|yh
|c|☆misplayin|banded only real set
|c|☆skibsthekid|ah yeah i was super dead then
|c|☆skibsthekid|winning speed tie was my chance
|c|☆misplayin|scary of ass game
|c|☆skibsthekid|ye we're playing nat dex g3 haha
|c|☆skibsthekid|dude whenever we play we get great sets
|c|☆skibsthekid|i love playing v you
|c|☆misplayin|u2 homie
|c|☆skibsthekid|did you find
|c|☆skibsthekid|the sample team btw
|c|☆skibsthekid|like actually
|c|☆skibsthekid|theres no way she just sent me a sample team right
|c|☆skibsthekid|surely
|c| Rubiaa|if yall ni66as dont get to g3
|c| Rubiaa|LOL
|c|☆misplayin|Nah lmao
|c|☆skibsthekid|ok ok hahahaha
|l| UnstoppableUg
|l|☆skibsthekid
|l| Rubiaa
