|html|<div class="broadcast-blue"><strong>[Gen 8] OU is currently suspecting Urshifu-S! For information on how to participate check out the <a href="https://www.smogon.com/forums/threads/np-ss-ou-suspect-process-round-8-aint-no-rest-for-the-wicked.3675310/">suspect thread</a>.</strong></div>
|j|☆Contorted Lies
|j|☆Rencube
|t:|1609999605
|player|p1|Contorted Lies|2|1789
|player|p2|Rencube|bugcatcher|1717
|teamsize|p1|6
|teamsize|p2|6
|gametype|singles
|gen|8
|tier|[Gen 8] OU
|rated|
|clearpoke
|poke|p1|Spectrier|
|poke|p1|Moltres|
|poke|p1|Slowking-Galar, M|
|poke|p1|Melmetal|
|poke|p1|Krookodile, F|
|poke|p1|Toxapex, M|
|poke|p2|Ferrothorn, M|
|poke|p2|Clefable, F|
|poke|p2|Landorus-Therian, M|
|poke|p2|Hydreigon, M|
|poke|p2|Toxapex, M|
|poke|p2|Reuniclus, F|
|rule|Sleep Clause Mod: Limit one foe put to sleep
|rule|Species Clause: Limit one of each Pokémon
|rule|OHKO Clause: OHKO moves are banned
|rule|Evasion Moves Clause: Evasion moves are banned
|rule|Endless Battle Clause: Forcing endless battles is banned
|rule|HP Percentage Mod: HP is shown in percentages
|rule|Dynamax Clause: You cannot dynamax
|teampreview
|j| outw 2012
|c|☆Contorted Lies|Gl hf
|c|☆Rencube|uh oh
|c|☆Rencube|lets see if i can make it diff
|c|☆Rencube|gl hf
|
|t:|1609999625
|start
|switch|p1a: Spectrier|Spectrier|100/100
|switch|p2a: THE RECIPE|Landorus-Therian, M|100/100
|-ability|p2a: THE RECIPE|Intimidate|boost
|-unboost|p1a: Spectrier|atk|1
|turn|1
|
|t:|1609999634
|move|p1a: Spectrier|Will-O-Wisp|p2a: THE RECIPE
|-status|p2a: THE RECIPE|brn
|move|p2a: THE RECIPE|Knock Off|p1a: Spectrier
|-supereffective|p1a: Spectrier
|-damage|p1a: Spectrier|57/100
|-enditem|p1a: Spectrier|Leftovers|[from] move: Knock Off|[of] p2a: THE RECIPE
|
|-damage|p2a: THE RECIPE|94/100 brn|[from] brn
|upkeep
|turn|2
|
|t:|1609999641
|switch|p2a: SKYWALKER|Toxapex, M|100/100
|move|p1a: Spectrier|Hex|p2a: SKYWALKER
|-damage|p2a: SKYWALKER|69/100
|
|-heal|p2a: SKYWALKER|75/100|[from] item: Black Sludge
|upkeep
|turn|3
|
|t:|1609999648
|switch|p1a: Toxapex|Toxapex, M|100/100
|move|p2a: SKYWALKER|Scald|p1a: Toxapex
|-resisted|p1a: Toxapex
|-damage|p1a: Toxapex|95/100
|
|-heal|p2a: SKYWALKER|81/100|[from] item: Black Sludge
|-heal|p1a: Toxapex|100/100|[from] item: Black Sludge
|upkeep
|turn|4
|
|t:|1609999659
|move|p2a: SKYWALKER|Scald|p1a: Toxapex
|-resisted|p1a: Toxapex
|-damage|p1a: Toxapex|95/100
|move|p1a: Toxapex|Knock Off|p2a: SKYWALKER
|-damage|p2a: SKYWALKER|71/100
|-enditem|p2a: SKYWALKER|Black Sludge|[from] move: Knock Off|[of] p1a: Toxapex
|
|-heal|p1a: Toxapex|100/100|[from] item: Black Sludge
|upkeep
|turn|5
|
|t:|1609999662
|move|p1a: Toxapex|Scald|p2a: SKYWALKER
|-resisted|p2a: SKYWALKER
|-damage|p2a: SKYWALKER|65/100
|move|p2a: SKYWALKER|Recover|p2a: SKYWALKER
|-heal|p2a: SKYWALKER|100/100
|
|upkeep
|turn|6
|
|t:|1609999665
|move|p2a: SKYWALKER|Scald|p1a: Toxapex
|-resisted|p1a: Toxapex
|-damage|p1a: Toxapex|95/100
|-status|p1a: Toxapex|brn
|move|p1a: Toxapex|Scald|p2a: SKYWALKER
|-resisted|p2a: SKYWALKER
|-damage|p2a: SKYWALKER|95/100
|-status|p2a: SKYWALKER|brn
|
|-heal|p1a: Toxapex|100/100 brn|[from] item: Black Sludge
|-damage|p2a: SKYWALKER|89/100 brn|[from] brn
|-damage|p1a: Toxapex|94/100 brn|[from] brn
|upkeep
|turn|7
|
|t:|1609999676
|move|p2a: SKYWALKER|Scald|p1a: Toxapex
|-resisted|p1a: Toxapex
|-damage|p1a: Toxapex|89/100 brn
|move|p1a: Toxapex|Toxic Spikes|p2a: SKYWALKER
|-sidestart|p2: Rencube|move: Toxic Spikes
|
|-heal|p1a: Toxapex|95/100 brn|[from] item: Black Sludge
|-damage|p2a: SKYWALKER|83/100 brn|[from] brn
|-damage|p1a: Toxapex|89/100 brn|[from] brn
|upkeep
|turn|8
|
|t:|1609999683
|move|p1a: Toxapex|Knock Off|p2a: SKYWALKER
|-damage|p2a: SKYWALKER|80/100 brn
|move|p2a: SKYWALKER|Scald|p1a: Toxapex
|-resisted|p1a: Toxapex
|-damage|p1a: Toxapex|84/100 brn
|
|-heal|p1a: Toxapex|90/100 brn|[from] item: Black Sludge
|-damage|p2a: SKYWALKER|74/100 brn|[from] brn
|-damage|p1a: Toxapex|84/100 brn|[from] brn
|upkeep
|turn|9
|
|t:|1609999689
|switch|p2a: DARKSIDE|Hydreigon, M|100/100
|switch|p1a: Slowking|Slowking-Galar, M|100/100
|
|upkeep
|turn|10
|j| miso muffins
|
|t:|1609999700
|move|p2a: DARKSIDE|Dark Pulse|p1a: Slowking
|-supereffective|p1a: Slowking
|-damage|p1a: Slowking|64/100
|move|p1a: Slowking|Sludge Bomb|p2a: DARKSIDE
|-damage|p2a: DARKSIDE|52/100
|
|-heal|p2a: DARKSIDE|58/100|[from] item: Leftovers
|upkeep
|turn|11
|j| d18l
|
|t:|1609999706
|switch|p1a: Krookodile|Krookodile, F|100/100
|-ability|p1a: Krookodile|Intimidate|boost
|-unboost|p2a: DARKSIDE|atk|1
|move|p2a: DARKSIDE|Dark Pulse|p1a: Krookodile
|-resisted|p1a: Krookodile
|-damage|p1a: Krookodile|78/100
|
|-heal|p2a: DARKSIDE|64/100|[from] item: Leftovers
|upkeep
|turn|12
|j| Flamaxim
|
|t:|1609999722
|switch|p2a: THE RECIPE|Landorus-Therian, M|94/100 brn
|-ability|p2a: THE RECIPE|Intimidate|boost
|-unboost|p1a: Krookodile|atk|1
|move|p1a: Krookodile|Stealth Rock|p2a: THE RECIPE
|-sidestart|p2: Rencube|move: Stealth Rock
|
|-heal|p2a: THE RECIPE|100/100 brn|[from] item: Leftovers
|-damage|p2a: THE RECIPE|94/100 brn|[from] brn
|upkeep
|turn|13
|j| angrrry
|
|t:|1609999733
|switch|p1a: Spectrier|Spectrier|57/100
|move|p2a: THE RECIPE|Stealth Rock|p1a: Spectrier
|-sidestart|p1: Contorted Lies|move: Stealth Rock
|
|-heal|p2a: THE RECIPE|100/100 brn|[from] item: Leftovers
|-damage|p2a: THE RECIPE|94/100 brn|[from] brn
|upkeep
|turn|14
|
|t:|1609999738
|switch|p2a: DARKSIDE|Hydreigon, M|64/100
|-damage|p2a: DARKSIDE|52/100|[from] Stealth Rock
|move|p1a: Spectrier|Hex|p2a: DARKSIDE
|-resisted|p2a: DARKSIDE
|-damage|p2a: DARKSIDE|32/100
|
|-heal|p2a: DARKSIDE|38/100|[from] item: Leftovers
|upkeep
|turn|15
|
|t:|1609999747
|switch|p1a: Melmetal|Melmetal|100/100
|-damage|p1a: Melmetal|94/100|[from] Stealth Rock
|move|p2a: DARKSIDE|Dark Pulse|p1a: Melmetal
|-damage|p1a: Melmetal|58/100
|
|-heal|p2a: DARKSIDE|44/100|[from] item: Leftovers
|-heal|p1a: Melmetal|64/100|[from] item: Leftovers
|upkeep
|turn|16
|
|t:|1609999757
|switch|p2a: BOY WONDER|Ferrothorn, M, shiny|100/100
|-damage|p2a: BOY WONDER|95/100|[from] Stealth Rock
|move|p1a: Melmetal|Double Iron Bash|p2a: BOY WONDER
|-resisted|p2a: BOY WONDER
|-damage|p2a: BOY WONDER|79/100
|-damage|p1a: Melmetal|52/100|[from] ability: Iron Barbs|[of] p2a: BOY WONDER
|-resisted|p2a: BOY WONDER
|-damage|p2a: BOY WONDER|64/100
|-damage|p1a: Melmetal|40/100|[from] ability: Iron Barbs|[of] p2a: BOY WONDER
|-hitcount|p2a: BOY WONDER|2
|
|-heal|p1a: Melmetal|46/100|[from] item: Leftovers
|-heal|p2a: BOY WONDER|70/100|[from] item: Leftovers
|upkeep
|turn|17
|
|t:|1609999761
|switch|p1a: Moltres|Moltres|100/100
|move|p2a: BOY WONDER|Leech Seed|p1a: Moltres
|-start|p1a: Moltres|move: Leech Seed
|
|-heal|p2a: BOY WONDER|76/100|[from] item: Leftovers
|-damage|p1a: Moltres|88/100|[from] Leech Seed|[of] p2a: BOY WONDER
|-heal|p2a: BOY WONDER|90/100|[silent]
|upkeep
|turn|18
|
|t:|1609999768
|switch|p1a: Slowking|Slowking-Galar, M|97/100
|-damage|p1a: Slowking|85/100|[from] Stealth Rock
|switch|p2a: DARKSIDE|Hydreigon, M|44/100
|-damage|p2a: DARKSIDE|32/100|[from] Stealth Rock
|
|-heal|p2a: DARKSIDE|38/100|[from] item: Leftovers
|upkeep
|turn|19
|
|t:|1609999774
|switch|p2a: SKYWALKER|Toxapex, M|100/100 brn
|-damage|p2a: SKYWALKER|88/100 brn|[from] Stealth Rock
|-sideend|p2: Rencube|move: Toxic Spikes|[of] p2a: SKYWALKER
|move|p1a: Slowking|Sludge Bomb|p2a: SKYWALKER
|-resisted|p2a: SKYWALKER
|-damage|p2a: SKYWALKER|71/100 brn
|
|-damage|p2a: SKYWALKER|65/100 brn|[from] brn
|upkeep
|turn|20
|j| Anoxx17
|
|t:|1609999779
|move|p2a: SKYWALKER|Scald|p1a: Slowking
|-damage|p1a: Slowking|76/100
|move|p1a: Slowking|Psychic|p2a: SKYWALKER
|-supereffective|p2a: SKYWALKER
|-damage|p2a: SKYWALKER|0 fnt
|faint|p2a: SKYWALKER
|
|upkeep
|
|t:|1609999784
|switch|p2a: LIFELESS|Reuniclus, F|100/100
|-damage|p2a: LIFELESS|88/100|[from] Stealth Rock
|turn|21
|
|t:|1609999798
|move|p2a: LIFELESS|Psyshock|p1a: Slowking
|-damage|p1a: Slowking|36/100
|move|p1a: Slowking|Future Sight|p2a: LIFELESS
|-start|p1a: Slowking|move: Future Sight
|
|upkeep
|turn|22
|
|t:|1609999804
|switch|p1a: Moltres|Moltres|88/100
|move|p2a: LIFELESS|Focus Blast|p1a: Moltres|[miss]
|-miss|p2a: LIFELESS|p1a: Moltres
|
|upkeep
|turn|23
|
|t:|1609999809
|move|p1a: Moltres|Mystical Fire|p2a: LIFELESS
|-damage|p2a: LIFELESS|74/100
|-unboost|p2a: LIFELESS|spa|1
|move|p2a: LIFELESS|Thunder|p1a: Moltres
|-supereffective|p1a: Moltres
|-damage|p1a: Moltres|46/100
|-status|p1a: Moltres|par
|
|-end|p2a: LIFELESS|move: Future Sight
|-resisted|p2a: LIFELESS
|-damage|p2a: LIFELESS|59/100
|upkeep
|turn|24
|j| DittoTang
|
|t:|1609999819
|switch|p2a: DARKSIDE|Hydreigon, M|38/100
|-damage|p2a: DARKSIDE|26/100|[from] Stealth Rock
|move|p1a: Moltres|Roost|p1a: Moltres
|-heal|p1a: Moltres|96/100 par
|-singleturn|p1a: Moltres|move: Roost
|
|-heal|p2a: DARKSIDE|32/100|[from] item: Leftovers
|upkeep
|turn|25
|
|t:|1609999824
|switch|p1a: Krookodile|Krookodile, F|78/100
|-damage|p1a: Krookodile|72/100|[from] Stealth Rock
|-ability|p1a: Krookodile|Intimidate|boost
|-unboost|p2a: DARKSIDE|atk|1
|move|p2a: DARKSIDE|Roost|p2a: DARKSIDE
|-heal|p2a: DARKSIDE|82/100
|-singleturn|p2a: DARKSIDE|move: Roost
|
|-heal|p2a: DARKSIDE|88/100|[from] item: Leftovers
|upkeep
|turn|26
|j| cHiCo
|
|t:|1609999836
|move|p1a: Krookodile|Close Combat|p2a: DARKSIDE
|-supereffective|p2a: DARKSIDE
|-damage|p2a: DARKSIDE|14/100
|-unboost|p1a: Krookodile|def|1
|-unboost|p1a: Krookodile|spd|1
|move|p2a: DARKSIDE|Earth Power|p1a: Krookodile
|-damage|p1a: Krookodile|17/100
|-unboost|p1a: Krookodile|spd|1
|
|-heal|p2a: DARKSIDE|20/100|[from] item: Leftovers
|upkeep
|turn|27
|j| I'M AT MY LIMIT
|
|t:|1609999853
|switch|p2a: LIFELESS|Reuniclus, F|93/100
|-damage|p2a: LIFELESS|80/100|[from] Stealth Rock
|move|p1a: Krookodile|Close Combat|p2a: LIFELESS
|-resisted|p2a: LIFELESS
|-damage|p2a: LIFELESS|60/100
|-unboost|p1a: Krookodile|def|1
|-unboost|p1a: Krookodile|spd|1
|
|upkeep
|turn|28
|
|t:|1609999860
|switch|p1a: Slowking|Slowking-Galar, M|69/100
|-damage|p1a: Slowking|57/100|[from] Stealth Rock
|move|p2a: LIFELESS|Focus Blast|p1a: Slowking
|-resisted|p1a: Slowking
|-crit|p1a: Slowking
|-damage|p1a: Slowking|49/100
|
|upkeep
|turn|29
|
|t:|1609999875
|switch|p1a: Melmetal|Melmetal|46/100
|-damage|p1a: Melmetal|40/100|[from] Stealth Rock
|move|p2a: LIFELESS|Psyshock|p1a: Melmetal
|-resisted|p1a: Melmetal
|-damage|p1a: Melmetal|31/100
|
|-heal|p1a: Melmetal|37/100|[from] item: Leftovers
|upkeep
|turn|30
|j| ChubsTheGod
|
|t:|1609999883
|switch|p2a: BOY WONDER|Ferrothorn, M, shiny|90/100
|-damage|p2a: BOY WONDER|84/100|[from] Stealth Rock
|move|p1a: Melmetal|Protect||[still]
|-fail|p1a: Melmetal
|
|-heal|p1a: Melmetal|43/100|[from] item: Leftovers
|-heal|p2a: BOY WONDER|90/100|[from] item: Leftovers
|upkeep
|turn|31
|
|t:|1609999890
|switch|p1a: Moltres|Moltres|96/100 par
|move|p2a: BOY WONDER|Spikes|p1a: Moltres
|-sidestart|p1: Contorted Lies|Spikes
|
|-heal|p2a: BOY WONDER|96/100|[from] item: Leftovers
|upkeep
|turn|32
|l| cHiCo
|
|t:|1609999903
|switch|p2a: BEST GIRL|Clefable, F|100/100
|-damage|p2a: BEST GIRL|88/100|[from] Stealth Rock
|move|p1a: Moltres|Defog|p2a: BEST GIRL
|-unboost|p2a: BEST GIRL|evasion|1
|-sideend|p2: Rencube|Stealth Rock|[from] move: Defog|[of] p1a: Moltres
|-sideend|p1: Contorted Lies|Spikes|[from] move: Defog|[of] p1a: Moltres
|-sideend|p1: Contorted Lies|Stealth Rock|[from] move: Defog|[of] p1a: Moltres
|
|-heal|p2a: BEST GIRL|94/100|[from] item: Leftovers
|upkeep
|turn|33
|l| miso muffins
|
|t:|1609999909
|switch|p1a: Slowking|Slowking-Galar, M|83/100
|move|p2a: BEST GIRL|Calm Mind|p2a: BEST GIRL
|-boost|p2a: BEST GIRL|spa|1
|-boost|p2a: BEST GIRL|spd|1
|
|-heal|p2a: BEST GIRL|99/100|[from] item: Leftovers
|upkeep
|turn|34
|
|t:|1609999913
|switch|p2a: BOY WONDER|Ferrothorn, M, shiny|96/100
|move|p1a: Slowking|Sludge Bomb|p2a: BOY WONDER
|-immune|p2a: BOY WONDER
|
|-heal|p2a: BOY WONDER|100/100|[from] item: Leftovers
|upkeep
|turn|35
|l| ChubsTheGod
|
|t:|1609999916
|switch|p2a: LIFELESS|Reuniclus, F|93/100
|move|p1a: Slowking|Flamethrower|p2a: LIFELESS
|-damage|p2a: LIFELESS|78/100
|
|upkeep
|turn|36
|
|t:|1609999924
|move|p2a: LIFELESS|Future Sight|p1a: Slowking
|-start|p2a: LIFELESS|move: Future Sight
|move|p1a: Slowking|Future Sight|p2a: LIFELESS
|-start|p1a: Slowking|move: Future Sight
|
|upkeep
|turn|37
|
|t:|1609999930
|move|p2a: LIFELESS|Psyshock|p1a: Slowking
|-damage|p1a: Slowking|48/100
|move|p1a: Slowking|Sludge Bomb|p2a: LIFELESS
|-damage|p2a: LIFELESS|56/100
|
|upkeep
|turn|38
|
|t:|1609999936
|switch|p1a: Moltres|Moltres|96/100 par
|move|p2a: LIFELESS|Focus Blast|p1a: Moltres
|-resisted|p1a: Moltres
|-damage|p1a: Moltres|78/100 par
|
|-end|p1a: Moltres|move: Future Sight
|-damage|p1a: Moltres|25/100 par
|-end|p2a: LIFELESS|move: Future Sight
|-resisted|p2a: LIFELESS
|-damage|p2a: LIFELESS|43/100
|upkeep
|turn|39
|
|t:|1609999942
|switch|p2a: DARKSIDE|Hydreigon, M|20/100
|cant|p1a: Moltres|par
|
|-heal|p2a: DARKSIDE|26/100|[from] item: Leftovers
|upkeep
|turn|40
|
|t:|1609999949
|switch|p1a: Toxapex|Toxapex, M|100/100 brn
|move|p2a: DARKSIDE|Roost|p2a: DARKSIDE
|-heal|p2a: DARKSIDE|76/100
|-singleturn|p2a: DARKSIDE|move: Roost
|
|-heal|p2a: DARKSIDE|82/100|[from] item: Leftovers
|-damage|p1a: Toxapex|94/100 brn|[from] brn
|upkeep
|turn|41
|
|t:|1609999962
|switch|p2a: THE RECIPE|Landorus-Therian, M|94/100 brn
|-ability|p2a: THE RECIPE|Intimidate|boost
|-unboost|p1a: Toxapex|atk|1
|move|p1a: Toxapex|Knock Off|p2a: THE RECIPE
|-damage|p2a: THE RECIPE|90/100 brn
|-enditem|p2a: THE RECIPE|Leftovers|[from] move: Knock Off|[of] p1a: Toxapex
|
|-heal|p1a: Toxapex|100/100 brn|[from] item: Black Sludge
|-damage|p2a: THE RECIPE|84/100 brn|[from] brn
|-damage|p1a: Toxapex|94/100 brn|[from] brn
|upkeep
|turn|42
|
|t:|1609999970
|switch|p1a: Moltres|Moltres|25/100 par
|move|p2a: THE RECIPE|Knock Off|p1a: Moltres
|-damage|p1a: Moltres|14/100 par
|-enditem|p1a: Moltres|Heavy-Duty Boots|[from] move: Knock Off|[of] p2a: THE RECIPE
|
|-damage|p2a: THE RECIPE|78/100 brn|[from] brn
|upkeep
|turn|43
|
|t:|1609999981
|move|p2a: THE RECIPE|Stealth Rock|p1a: Moltres
|-sidestart|p1: Contorted Lies|move: Stealth Rock
|cant|p1a: Moltres|par
|
|-damage|p2a: THE RECIPE|72/100 brn|[from] brn
|upkeep
|turn|44
|
|t:|1609999985
|switch|p2a: DARKSIDE|Hydreigon, M|82/100
|cant|p1a: Moltres|par
|
|-heal|p2a: DARKSIDE|88/100|[from] item: Leftovers
|upkeep
|turn|45
|
|t:|1609999994
|move|p2a: DARKSIDE|Dark Pulse|p1a: Moltres
|-damage|p1a: Moltres|0 fnt
|faint|p1a: Moltres
|
|-heal|p2a: DARKSIDE|94/100|[from] item: Leftovers
|upkeep
|j| Vessev
|l| DittoTang
|c|☆Contorted Lies|Gg
|j| oakbajajba
|c|☆Rencube|ggs
|-message|Contorted Lies forfeited.
|
|win|Rencube
|l|☆Contorted Lies
|raw|Contorted Lies's rating: 1804 &rarr; <strong>1780</strong><br />(-24 for losing)
|raw|Rencube's rating: 1717 &rarr; <strong>1742</strong><br />(+25 for winning)
|l|☆Rencube
|l| outw 2012
|l| I'M AT MY LIMIT
|l| Vessev
|l| Flamaxim
|j| Vessev
