|html|<div class="broadcast-blue"><strong>[Gen 8] OU is currently suspecting Melmetal! For information on how to participate check out the <a href="https://www.smogon.com/forums/threads/np-ss-ou-suspect-process-round-12-monster-mash.3709234/">suspect thread</a>.</strong></div>
|j|☆IIIodyne
|j|☆the tacoman
|inactive|Battle timer is ON: inactive players will automatically lose when time's up.
|t:|1665781917
|gametype|singles
|player|p1|IIIodyne|169|
|player|p2|the tacoman|lance|
|teamsize|p1|6
|teamsize|p2|6
|gen|8
|tier|[Gen 8] OU
|rated|Tournament battle
|rule|Sleep Clause Mod: Limit one foe put to sleep
|rule|Species Clause: Limit one of each Pokémon
|rule|OHKO Clause: OHKO moves are banned
|rule|Evasion Items Clause: Evasion items are banned
|rule|Evasion Moves Clause: Evasion moves are banned
|rule|Endless Battle Clause: Forcing endless battles is banned
|rule|HP Percentage Mod: HP is shown in percentages
|rule|Dynamax Clause: You cannot dynamax
|clearpoke
|poke|p1|Snorlax, F|
|poke|p1|Suicune|
|poke|p1|Melmetal|
|poke|p1|Victini|
|poke|p1|Landorus-Therian, M|
|poke|p1|Zapdos|
|poke|p2|Mew|
|poke|p2|Urshifu-*, M|
|poke|p2|Garchomp, M|
|poke|p2|Aegislash, M|
|poke|p2|Volcarona, M|
|poke|p2|Dragapult, M|
|teampreview
|j| Rokket2510
|j| testingteams888
|j| IllegalGorilla
|l| testingteams888
|j| cypherstest
|inactive|IIIodyne has 120 seconds left.
|inactive|the tacoman has 120 seconds left.
|c|☆IIIodyne|hf
|c|☆the tacoman|glhf
|
|t:|1665781953
|start
|switch|p1a: Landorus|Landorus-Therian, M|100/100
|switch|p2a: Mew|Mew|100/100
|-ability|p1a: Landorus|Intimidate|boost
|-unboost|p2a: Mew|atk|1
|turn|1
|
|t:|1665781960
|move|p1a: Landorus|U-turn|p2a: Mew
|-supereffective|p2a: Mew
|-damage|p2a: Mew|57/100
|
|t:|1665781962
|switch|p1a: Victini|Victini|100/100|[from]move: U-turn
|move|p2a: Mew|Stealth Rock|p1a: Victini
|-sidestart|p1: IIIodyne|move: Stealth Rock
|
|upkeep
|turn|2
|j| BigWes95
|
|t:|1665781967
|move|p1a: Victini|V-create|p2a: Mew
|-damage|p2a: Mew|0 fnt
|-unboost|p1a: Victini|spe|1
|-unboost|p1a: Victini|def|1
|-unboost|p1a: Victini|spd|1
|faint|p2a: Mew
|
|upkeep
|
|t:|1665781972
|switch|p2a: Urshifu|Urshifu-Rapid-Strike, M|100/100
|turn|3
|
|t:|1665781975
|switch|p1a: Suicune|Suicune|100/100
|-damage|p1a: Suicune|88/100|[from] Stealth Rock
|-ability|p1a: Suicune|Pressure
|move|p2a: Urshifu|Surging Strikes|p1a: Suicune
|-resisted|p1a: Suicune
|-crit|p1a: Suicune
|-damage|p1a: Suicune|82/100
|-resisted|p1a: Suicune
|-crit|p1a: Suicune
|-damage|p1a: Suicune|76/100
|-resisted|p1a: Suicune
|-crit|p1a: Suicune
|-damage|p1a: Suicune|71/100
|-hitcount|p1a: Suicune|3
|
|-heal|p1a: Suicune|77/100|[from] item: Leftovers
|upkeep
|turn|4
|
|t:|1665782003
|switch|p1a: Zapdos|Zapdos|100/100
|move|p2a: Urshifu|Thunder Punch|p1a: Zapdos
|-damage|p1a: Zapdos|73/100
|
|upkeep
|turn|5
|
|t:|1665782011
|move|p2a: Urshifu|Surging Strikes|p1a: Zapdos
|-crit|p1a: Zapdos
|-damage|p1a: Zapdos|53/100
|-crit|p1a: Zapdos
|-damage|p1a: Zapdos|32/100
|-crit|p1a: Zapdos
|-damage|p1a: Zapdos|11/100
|-hitcount|p1a: Zapdos|3
|move|p1a: Zapdos|Hurricane|p2a: Urshifu
|-supereffective|p2a: Urshifu
|-damage|p2a: Urshifu|0 fnt
|faint|p2a: Urshifu
|
|upkeep
|j| Oh So Cynical
|
|t:|1665782025
|switch|p2a: Volcarona|Volcarona, M, shiny|100/100
|turn|6
|
|t:|1665782027
|move|p2a: Volcarona|Fiery Dance|p1a: Zapdos
|-damage|p1a: Zapdos|0 fnt
|faint|p1a: Zapdos
|
|upkeep
|
|t:|1665782031
|switch|p1a: Victini|Victini|100/100
|-damage|p1a: Victini|76/100|[from] Stealth Rock
|turn|7
|
|t:|1665782034
|switch|p2a: Garchomp|Garchomp, M|100/100
|move|p1a: Victini|V-create|p2a: Garchomp
|-resisted|p2a: Garchomp
|-damage|p2a: Garchomp|43/100
|-unboost|p1a: Victini|spe|1
|-unboost|p1a: Victini|def|1
|-unboost|p1a: Victini|spd|1
|-damage|p1a: Victini|63/100|[from] ability: Rough Skin|[of] p2a: Garchomp
|
|upkeep
|turn|8
|
|t:|1665782044
|move|p2a: Garchomp|Scale Shot|p1a: Victini
|-damage|p1a: Victini|44/100
|-damage|p1a: Victini|24/100
|-damage|p1a: Victini|5/100
|-hitcount|p1a: Victini|3
|-unboost|p2a: Garchomp|def|1
|-boost|p2a: Garchomp|spe|1
|move|p1a: Victini|V-create|p2a: Garchomp
|-resisted|p2a: Garchomp
|-damage|p2a: Garchomp|0 fnt
|-unboost|p1a: Victini|spe|1
|-unboost|p1a: Victini|def|1
|-unboost|p1a: Victini|spd|1
|-damage|p1a: Victini|0 fnt|[from] ability: Rough Skin|[of] p2a: Garchomp
|faint|p2a: Garchomp
|faint|p1a: Victini
|
|upkeep
|
|t:|1665782056
|switch|p2a: Aegislash|Aegislash, M, shiny|100/100
|switch|p1a: Landorus|Landorus-Therian, M|100/100
|-damage|p1a: Landorus|88/100|[from] Stealth Rock
|-ability|p1a: Landorus|Intimidate|boost
|-unboost|p2a: Aegislash|atk|1
|turn|9
|
|t:|1665782065
|move|p1a: Landorus|U-turn|p2a: Aegislash
|-resisted|p2a: Aegislash
|-damage|p2a: Aegislash|94/100
|
|t:|1665782072
|switch|p1a: Suicune|Suicune|77/100|[from]move: U-turn
|-damage|p1a: Suicune|65/100|[from] Stealth Rock
|-ability|p1a: Suicune|Pressure
|-formechange|p2a: Aegislash|Aegislash-Blade||[from] ability: Stance Change
|move|p2a: Aegislash|Flash Cannon|p1a: Suicune
|-resisted|p1a: Suicune
|-damage|p1a: Suicune|36/100
|
|-heal|p1a: Suicune|42/100|[from] item: Leftovers
|upkeep
|turn|10
|
|t:|1665782079
|switch|p2a: Volcarona|Volcarona, M, shiny|100/100
|move|p1a: Suicune|Scald|p2a: Volcarona
|-supereffective|p2a: Volcarona
|-damage|p2a: Volcarona|46/100
|
|-heal|p1a: Suicune|48/100|[from] item: Leftovers
|upkeep
|turn|11
|
|t:|1665782084
|move|p2a: Volcarona|Quiver Dance|p2a: Volcarona
|-boost|p2a: Volcarona|spa|1
|-boost|p2a: Volcarona|spd|1
|-boost|p2a: Volcarona|spe|1
|move|p1a: Suicune|Scald|p2a: Volcarona
|-supereffective|p2a: Volcarona
|-damage|p2a: Volcarona|9/100
|
|-heal|p1a: Suicune|55/100|[from] item: Leftovers
|upkeep
|turn|12
|
|t:|1665782089
|move|p2a: Volcarona|Bug Buzz|p1a: Suicune
|-damage|p1a: Suicune|2/100
|move|p1a: Suicune|Scald|p2a: Volcarona
|-supereffective|p2a: Volcarona
|-damage|p2a: Volcarona|0 fnt
|faint|p2a: Volcarona
|
|-heal|p1a: Suicune|8/100|[from] item: Leftovers
|upkeep
|
|t:|1665782092
|switch|p2a: Dragapult|Dragapult, M|100/100
|turn|13
|
|t:|1665782101
|move|p2a: Dragapult|Dragon Darts|p1a: Suicune
|-damage|p1a: Suicune|0 fnt
|faint|p1a: Suicune
|-damage|p2a: Dragapult|91/100|[from] item: Life Orb
|
|upkeep
|
|t:|1665782107
|switch|p1a: Landorus|Landorus-Therian, M|88/100
|-damage|p1a: Landorus|76/100|[from] Stealth Rock
|-ability|p1a: Landorus|Intimidate|boost
|-fail|p2a: Dragapult|unboost|[from] ability: Clear Body|[of] p2a: Dragapult
|turn|14
|
|t:|1665782111
|move|p1a: Landorus|Knock Off|p2a: Dragapult
|-supereffective|p2a: Dragapult
|-crit|p2a: Dragapult
|-damage|p2a: Dragapult|0 fnt
|-enditem|p2a: Dragapult|Life Orb|[from] move: Knock Off|[of] p1a: Landorus
|faint|p2a: Dragapult
|
|upkeep
|
|t:|1665782114
|switch|p2a: Aegislash|Aegislash, M, shiny|94/100
|turn|15
|
|t:|1665782118
|switch|p1a: Snorlax|Snorlax, F|100/100
|-damage|p1a: Snorlax|88/100|[from] Stealth Rock
|-formechange|p2a: Aegislash|Aegislash-Blade||[from] ability: Stance Change
|move|p2a: Aegislash|Shadow Ball|p1a: Snorlax
|-immune|p1a: Snorlax
|
|-heal|p1a: Snorlax|94/100|[from] item: Leftovers
|upkeep
|turn|16
|j|@Sww-Suwa
|-message|the tacoman forfeited.
|
|win|IIIodyne
|n|☆IIIodyne|iiiodyne
|n|☆the tacoman|thetacoman
|n| Rokket2510|rokket2510
|n| IllegalGorilla|illegalgorilla
|n| cypherstest|cypherstest
|n| BigWes95|bigwes95
|n| Oh So Cynical|ohsocynical
|n| Sww-Suwa|swwsuwa
|l|☆the tacoman
|c|☆IIIodyne|gg
