|j|☆Laughable
|j|☆friedfreak
|t:|1664759339
|gametype|singles
|player|p1|Laughable|266|1764
|player|p2|friedfreak|265|1785
|teamsize|p1|6
|teamsize|p2|6
|gen|8
|tier|[Gen 8] OU
|rated|
|rule|Sleep Clause Mod: Limit one foe put to sleep
|rule|Species Clause: Limit one of each Pokémon
|rule|OHKO Clause: OHKO moves are banned
|rule|Evasion Items Clause: Evasion items are banned
|rule|Evasion Moves Clause: Evasion moves are banned
|rule|Endless Battle Clause: Forcing endless battles is banned
|rule|HP Percentage Mod: HP is shown in percentages
|rule|Dynamax Clause: You cannot dynamax
|clearpoke
|poke|p1|Weavile, M|
|poke|p1|Celesteela|
|poke|p1|Slowking, F|
|poke|p1|Tapu Fini|
|poke|p1|Garchomp, M|
|poke|p1|Ferrothorn, M|
|poke|p2|Tapu Lele|
|poke|p2|Hippowdon, F|
|poke|p2|Corviknight, M|
|poke|p2|Dragapult, M|
|poke|p2|Rotom-Wash|
|poke|p2|Ferrothorn, M|
|teampreview
|inactive|Battle timer is ON: inactive players will automatically lose when time's up. (requested by friedfreak)
|
|t:|1664759360
|start
|switch|p1a: Slowking|Slowking, F|100/100
|switch|p2a: Ferrothorn|Ferrothorn, M|100/100
|turn|1
|
|t:|1664759371
|move|p2a: Ferrothorn|Spikes|p1a: Slowking
|-sidestart|p1: Laughable|Spikes
|move|p1a: Slowking|Teleport|p1a: Slowking
|
|t:|1664759373
|switch|p1a: Garchomp|Garchomp, M|100/100|[from]move: Teleport
|-damage|p1a: Garchomp|88/100|[from] Spikes
|
|upkeep
|turn|2
|
|t:|1664759382
|switch|p2a: Rotom|Rotom-Wash|100/100
|move|p1a: Garchomp|Fire Blast|p2a: Rotom
|-resisted|p2a: Rotom
|-damage|p2a: Rotom|81/100
|-damage|p1a: Garchomp|78/100|[from] item: Life Orb
|
|-heal|p2a: Rotom|88/100|[from] item: Leftovers
|upkeep
|turn|3
|
|t:|1664759392
|move|p1a: Garchomp|Stealth Rock|p2a: Rotom
|-sidestart|p2: friedfreak|move: Stealth Rock
|move|p2a: Rotom|Will-O-Wisp|p1a: Garchomp
|-status|p1a: Garchomp|brn
|
|-heal|p2a: Rotom|94/100|[from] item: Leftovers
|-damage|p1a: Garchomp|72/100 brn|[from] brn
|upkeep
|turn|4
|
|t:|1664759399
|switch|p1a: Ferrothorn|Ferrothorn, M|100/100
|-damage|p1a: Ferrothorn|88/100|[from] Spikes
|move|p2a: Rotom|Volt Switch|p1a: Ferrothorn
|-resisted|p1a: Ferrothorn
|-damage|p1a: Ferrothorn|81/100
|
|t:|1664759416
|switch|p2a: Dragapult|Dragapult, M|100/100|[from]move: Volt Switch
|-damage|p2a: Dragapult|88/100|[from] Stealth Rock
|
|-heal|p1a: Ferrothorn|87/100|[from] item: Leftovers
|upkeep
|turn|5
|
|t:|1664759422
|switch|p1a: Slowking|Slowking, F|100/100
|move|p2a: Dragapult|Flamethrower|p1a: Slowking
|-resisted|p1a: Slowking
|-damage|p1a: Slowking|88/100
|
|upkeep
|turn|6
|
|t:|1664759428
|switch|p2a: Hippowdon|Hippowdon, F|100/100
|-damage|p2a: Hippowdon|94/100|[from] Stealth Rock
|-weather|Sandstorm|[from] ability: Sand Stream|[of] p2a: Hippowdon
|move|p1a: Slowking|Teleport|p1a: Slowking
|
|t:|1664759430
|switch|p1a: Weavile|Weavile, M|100/100|[from]move: Teleport
|-damage|p1a: Weavile|88/100|[from] Spikes
|-ability|p1a: Weavile|Pressure
|
|-weather|Sandstorm|[upkeep]
|-damage|p1a: Weavile|82/100|[from] Sandstorm
|-heal|p2a: Hippowdon|100/100|[from] item: Leftovers
|upkeep
|turn|7
|
|t:|1664759442
|switch|p2a: Ferrothorn|Ferrothorn, M|100/100
|-damage|p2a: Ferrothorn|94/100|[from] Stealth Rock
|move|p1a: Weavile|Knock Off|p2a: Ferrothorn
|-damage|p2a: Ferrothorn|52/100
|-damage|p1a: Weavile|70/100|[from] ability: Iron Barbs|[of] p2a: Ferrothorn
|-enditem|p2a: Ferrothorn|Leftovers|[from] move: Knock Off|[of] p1a: Weavile
|
|-weather|Sandstorm|[upkeep]
|-damage|p1a: Weavile|63/100|[from] Sandstorm
|upkeep
|turn|8
|
|t:|1664759454
|switch|p1a: Garchomp|Garchomp, M|72/100 brn
|-damage|p1a: Garchomp|60/100 brn|[from] Spikes
|move|p2a: Ferrothorn|Spikes|p1a: Garchomp
|-sidestart|p1: Laughable|Spikes
|
|-weather|Sandstorm|[upkeep]
|-damage|p1a: Garchomp|54/100 brn|[from] brn
|upkeep
|turn|9
|
|t:|1664759461
|switch|p2a: Hippowdon|Hippowdon, F|100/100
|-damage|p2a: Hippowdon|94/100|[from] Stealth Rock
|move|p1a: Garchomp|Draco Meteor|p2a: Hippowdon
|-damage|p2a: Hippowdon|50/100
|-unboost|p1a: Garchomp|spa|2
|-damage|p1a: Garchomp|44/100 brn|[from] item: Life Orb
|
|-weather|Sandstorm|[upkeep]
|-heal|p2a: Hippowdon|56/100|[from] item: Leftovers
|-damage|p1a: Garchomp|38/100 brn|[from] brn
|upkeep
|turn|10
|
|t:|1664759474
|switch|p1a: Tapu Fini|Tapu Fini|100/100
|-damage|p1a: Tapu Fini|84/100|[from] Spikes
|-fieldstart|move: Misty Terrain|[from] ability: Misty Surge|[of] p1a: Tapu Fini
|move|p2a: Hippowdon|Stealth Rock|p1a: Tapu Fini
|-sidestart|p1: Laughable|move: Stealth Rock
|
|-weather|none
|-heal|p2a: Hippowdon|63/100|[from] item: Leftovers
|upkeep
|turn|11
|
|t:|1664759481
|move|p1a: Tapu Fini|Trick|p2a: Hippowdon
|-activate|p1a: Tapu Fini|move: Trick|[of] p2a: Hippowdon
|-item|p2a: Hippowdon|Choice Scarf|[from] move: Trick
|-item|p1a: Tapu Fini|Leftovers|[from] move: Trick
|move|p2a: Hippowdon|Earthquake|p1a: Tapu Fini
|-damage|p1a: Tapu Fini|52/100
|
|-heal|p1a: Tapu Fini|58/100|[from] item: Leftovers
|upkeep
|turn|12
|
|t:|1664759487
|move|p1a: Tapu Fini|Defog|p2a: Hippowdon
|-unboost|p2a: Hippowdon|evasion|1
|-sideend|p2: friedfreak|Stealth Rock|[from] move: Defog|[of] p1a: Tapu Fini
|-sideend|p1: Laughable|Spikes|[from] move: Defog|[of] p1a: Tapu Fini
|-sideend|p1: Laughable|Stealth Rock|[from] move: Defog|[of] p1a: Tapu Fini
|-fieldend|Misty Terrain
|move|p2a: Hippowdon|Earthquake|p1a: Tapu Fini
|-damage|p1a: Tapu Fini|23/100
|
|-heal|p1a: Tapu Fini|29/100|[from] item: Leftovers
|upkeep
|turn|13
|
|t:|1664759495
|switch|p1a: Ferrothorn|Ferrothorn, M|87/100
|switch|p2a: Rotom|Rotom-Wash|94/100
|
|-heal|p2a: Rotom|99/100|[from] item: Leftovers
|-heal|p1a: Ferrothorn|93/100|[from] item: Leftovers
|upkeep
|turn|14
|
|t:|1664759502
|move|p2a: Rotom|Will-O-Wisp|p1a: Ferrothorn
|-status|p1a: Ferrothorn|brn
|move|p1a: Ferrothorn|Knock Off|p2a: Rotom
|-damage|p2a: Rotom|92/100
|-enditem|p2a: Rotom|Leftovers|[from] move: Knock Off|[of] p1a: Ferrothorn
|
|-heal|p1a: Ferrothorn|99/100 brn|[from] item: Leftovers
|-damage|p1a: Ferrothorn|93/100 brn|[from] brn
|upkeep
|turn|15
|
|t:|1664759508
|move|p2a: Rotom|Volt Switch|p1a: Ferrothorn
|-resisted|p1a: Ferrothorn
|-damage|p1a: Ferrothorn|86/100 brn
|
|t:|1664759518
|switch|p2a: Hippowdon|Hippowdon, F|63/100|[from]move: Volt Switch
|-weather|Sandstorm|[from] ability: Sand Stream|[of] p2a: Hippowdon
|move|p1a: Ferrothorn|Spikes|p2a: Hippowdon
|-sidestart|p2: friedfreak|Spikes
|
|-weather|Sandstorm|[upkeep]
|-heal|p1a: Ferrothorn|92/100 brn|[from] item: Leftovers
|-damage|p1a: Ferrothorn|86/100 brn|[from] brn
|upkeep
|turn|16
|
|t:|1664759522
|move|p2a: Hippowdon|Stealth Rock|p1a: Ferrothorn
|-sidestart|p1: Laughable|move: Stealth Rock
|move|p1a: Ferrothorn|Power Whip|p2a: Hippowdon
|-supereffective|p2a: Hippowdon
|-damage|p2a: Hippowdon|35/100
|
|-weather|Sandstorm|[upkeep]
|-heal|p1a: Ferrothorn|92/100 brn|[from] item: Leftovers
|-damage|p1a: Ferrothorn|86/100 brn|[from] brn
|upkeep
|turn|17
|
|t:|1664759535
|switch|p2a: Ferrothorn|Ferrothorn, M|52/100
|-damage|p2a: Ferrothorn|40/100|[from] Spikes
|move|p1a: Ferrothorn|Spikes|p2a: Ferrothorn
|-sidestart|p2: friedfreak|Spikes
|
|-weather|Sandstorm|[upkeep]
|-heal|p1a: Ferrothorn|92/100 brn|[from] item: Leftovers
|-damage|p1a: Ferrothorn|86/100 brn|[from] brn
|upkeep
|turn|18
|
|t:|1664759541
|switch|p1a: Garchomp|Garchomp, M|38/100 brn
|-damage|p1a: Garchomp|32/100 brn|[from] Stealth Rock
|move|p2a: Ferrothorn|Body Press|p1a: Garchomp
|-damage|p1a: Garchomp|2/100 brn
|-damage|p2a: Ferrothorn|27/100|[from] ability: Rough Skin|[of] p1a: Garchomp
|
|-weather|Sandstorm|[upkeep]
|-damage|p1a: Garchomp|0 fnt|[from] brn
|faint|p1a: Garchomp
|upkeep
|
|t:|1664759545
|switch|p1a: Celesteela|Celesteela|100/100
|-damage|p1a: Celesteela|88/100|[from] Stealth Rock
|turn|19
|
|t:|1664759550
|switch|p2a: Rotom|Rotom-Wash|92/100
|move|p1a: Celesteela|Flamethrower|p2a: Rotom
|-resisted|p2a: Rotom
|-damage|p2a: Rotom|81/100
|
|-weather|none
|-heal|p1a: Celesteela|94/100|[from] item: Leftovers
|upkeep
|turn|20
|
|t:|1664759570
|move|p2a: Rotom|Volt Switch|p1a: Celesteela
|-supereffective|p1a: Celesteela
|-damage|p1a: Celesteela|53/100
|
|t:|1664759585
|switch|p2a: Ferrothorn|Ferrothorn, M|27/100|[from]move: Volt Switch
|-damage|p2a: Ferrothorn|11/100|[from] Spikes
|move|p1a: Celesteela|Leech Seed|p2a: Ferrothorn
|-immune|p2a: Ferrothorn
|
|-heal|p1a: Celesteela|59/100|[from] item: Leftovers
|upkeep
|turn|21
|
|t:|1664759591
|switch|p2a: Rotom|Rotom-Wash|81/100
|move|p1a: Celesteela|Flamethrower|p2a: Rotom
|-resisted|p2a: Rotom
|-damage|p2a: Rotom|69/100
|
|-heal|p1a: Celesteela|65/100|[from] item: Leftovers
|upkeep
|turn|22
|
|t:|1664759597
|move|p1a: Celesteela|Protect|p1a: Celesteela
|-singleturn|p1a: Celesteela|Protect
|move|p2a: Rotom|Will-O-Wisp|p1a: Celesteela
|-activate|p1a: Celesteela|move: Protect
|
|-heal|p1a: Celesteela|71/100|[from] item: Leftovers
|upkeep
|turn|23
|j| tanic
|
|t:|1664759607
|switch|p1a: Ferrothorn|Ferrothorn, M|86/100 brn
|-damage|p1a: Ferrothorn|80/100 brn|[from] Stealth Rock
|move|p2a: Rotom|Volt Switch|p1a: Ferrothorn
|-resisted|p1a: Ferrothorn
|-damage|p1a: Ferrothorn|72/100 brn
|
|t:|1664759615
|switch|p2a: Dragapult|Dragapult, M|88/100|[from]move: Volt Switch
|-damage|p2a: Dragapult|72/100|[from] Spikes
|
|-heal|p1a: Ferrothorn|78/100 brn|[from] item: Leftovers
|-damage|p1a: Ferrothorn|72/100 brn|[from] brn
|upkeep
|turn|24
|
|t:|1664759627
|switch|p1a: Slowking|Slowking, F|100/100
|move|p2a: Dragapult|Shadow Ball|p1a: Slowking
|-supereffective|p1a: Slowking
|-damage|p1a: Slowking|43/100
|
|upkeep
|turn|25
|
|t:|1664759631
|switch|p1a: Ferrothorn|Ferrothorn, M|72/100 brn
|-damage|p1a: Ferrothorn|66/100 brn|[from] Stealth Rock
|move|p2a: Dragapult|Shadow Ball|p1a: Ferrothorn
|-damage|p1a: Ferrothorn|31/100 brn
|
|-heal|p1a: Ferrothorn|38/100 brn|[from] item: Leftovers
|-damage|p1a: Ferrothorn|31/100 brn|[from] brn
|upkeep
|turn|26
|
|t:|1664759638
|move|p2a: Dragapult|Shadow Ball|p1a: Ferrothorn
|-damage|p1a: Ferrothorn|0 fnt
|faint|p1a: Ferrothorn
|
|upkeep
|
|t:|1664759643
|switch|p1a: Weavile|Weavile, M|63/100
|-damage|p1a: Weavile|39/100|[from] Stealth Rock
|-ability|p1a: Weavile|Pressure
|turn|27
|
|t:|1664759656
|switch|p2a: Ferrothorn|Ferrothorn, M|11/100
|-damage|p2a: Ferrothorn|0 fnt|[from] Spikes
|faint|p2a: Ferrothorn
|move|p1a: Weavile|Ice Shard|p2: Ferrothorn|[notarget]
|-fail|p1a: Weavile
|
|upkeep
|
|t:|1664759670
|switch|p2a: Corviknight|Corviknight, M|100/100
|-ability|p2a: Corviknight|Pressure
|turn|28
|
|t:|1664759674
|switch|p1a: Celesteela|Celesteela|71/100
|-damage|p1a: Celesteela|59/100|[from] Stealth Rock
|move|p2a: Corviknight|U-turn|p1a: Celesteela
|-resisted|p1a: Celesteela
|-damage|p1a: Celesteela|57/100
|
|t:|1664759679
|switch|p2a: Rotom|Rotom-Wash|69/100|[from]move: U-turn
|
|-heal|p1a: Celesteela|63/100|[from] item: Leftovers
|upkeep
|turn|29
|
|t:|1664759693
|move|p1a: Celesteela|Protect|p1a: Celesteela
|-singleturn|p1a: Celesteela|Protect
|move|p2a: Rotom|Volt Switch|p1a: Celesteela
|-activate|p1a: Celesteela|move: Protect
|
|-heal|p1a: Celesteela|69/100|[from] item: Leftovers
|upkeep
|turn|30
|
|t:|1664759703
|move|p2a: Rotom|Volt Switch|p1a: Celesteela
|-supereffective|p1a: Celesteela
|-damage|p1a: Celesteela|27/100
|
|t:|1664759706
|switch|p2a: Corviknight|Corviknight, M|100/100|[from]move: Volt Switch
|-ability|p2a: Corviknight|Pressure
|move|p1a: Celesteela|Leech Seed|p2a: Corviknight
|-start|p2a: Corviknight|move: Leech Seed
|
|-heal|p1a: Celesteela|33/100|[from] item: Leftovers
|-damage|p2a: Corviknight|88/100|[from] Leech Seed|[of] p1a: Celesteela
|-heal|p1a: Celesteela|46/100|[silent]
|upkeep
|turn|31
|
|t:|1664759710
|switch|p2a: Rotom|Rotom-Wash|69/100
|move|p1a: Celesteela|Protect||[still]
|-fail|p1a: Celesteela
|
|-heal|p1a: Celesteela|52/100|[from] item: Leftovers
|upkeep
|turn|32
|
|t:|1664759731
|switch|p1a: Tapu Fini|Tapu Fini|29/100
|-damage|p1a: Tapu Fini|17/100|[from] Stealth Rock
|-fieldstart|move: Misty Terrain|[from] ability: Misty Surge|[of] p1a: Tapu Fini
|move|p2a: Rotom|Will-O-Wisp|p1a: Tapu Fini
|-activate|p1a: Tapu Fini|move: Misty Terrain
|
|-heal|p1a: Tapu Fini|23/100|[from] item: Leftovers
|upkeep
|turn|33
|
|t:|1664759742
|move|p1a: Tapu Fini|Moonblast|p2a: Rotom
|-damage|p2a: Rotom|37/100
|move|p2a: Rotom|Volt Switch|p1a: Tapu Fini
|-supereffective|p1a: Tapu Fini
|-crit|p1a: Tapu Fini
|-damage|p1a: Tapu Fini|0 fnt
|faint|p1a: Tapu Fini
|
|t:|1664759757
|switch|p2a: Dragapult|Dragapult, M|72/100|[from]move: Volt Switch
|-damage|p2a: Dragapult|55/100|[from] Spikes
|
|upkeep
|
|t:|1664759766
|switch|p1a: Slowking|Slowking, F|76/100
|turn|34
|
|t:|1664759774
|move|p2a: Dragapult|Shadow Ball|p1a: Slowking
|-supereffective|p1a: Slowking
|-damage|p1a: Slowking|11/100
|move|p1a: Slowking|Future Sight|p2a: Dragapult
|-start|p1a: Slowking|move: Future Sight
|
|upkeep
|turn|35
|
|t:|1664759780
|move|p2a: Dragapult|Shadow Ball|p1a: Slowking
|-supereffective|p1a: Slowking
|-damage|p1a: Slowking|0 fnt
|faint|p1a: Slowking
|
|upkeep
|
|t:|1664759784
|switch|p1a: Celesteela|Celesteela|52/100
|-damage|p1a: Celesteela|39/100|[from] Stealth Rock
|turn|36
|
|t:|1664759802
|switch|p2a: Rotom|Rotom-Wash|37/100
|move|p1a: Celesteela|Flamethrower|p2a: Rotom
|-resisted|p2a: Rotom
|-crit|p2a: Rotom
|-damage|p2a: Rotom|18/100
|
|-end|p2a: Rotom|move: Future Sight
|-damage|p2a: Rotom|0 fnt
|faint|p2a: Rotom
|-heal|p1a: Celesteela|45/100|[from] item: Leftovers
|-fieldend|Misty Terrain
|upkeep
|
|t:|1664759808
|switch|p2a: Dragapult|Dragapult, M|55/100
|-damage|p2a: Dragapult|39/100|[from] Spikes
|turn|37
|
|t:|1664759811
|move|p1a: Celesteela|Protect|p1a: Celesteela
|-singleturn|p1a: Celesteela|Protect
|move|p2a: Dragapult|Flamethrower|p1a: Celesteela
|-activate|p1a: Celesteela|move: Protect
|
|-heal|p1a: Celesteela|52/100|[from] item: Leftovers
|upkeep
|turn|38
|
|t:|1664759814
|move|p2a: Dragapult|Flamethrower|p1a: Celesteela
|-supereffective|p1a: Celesteela
|-damage|p1a: Celesteela|0 fnt
|faint|p1a: Celesteela
|
|upkeep
|
|t:|1664759817
|switch|p1a: Weavile|Weavile, M|39/100
|-damage|p1a: Weavile|14/100|[from] Stealth Rock
|-ability|p1a: Weavile|Pressure
|turn|39
|
|t:|1664759826
|move|p2a: Dragapult|Flamethrower|p1a: Weavile
|-supereffective|p1a: Weavile
|-damage|p1a: Weavile|0 fnt
|faint|p1a: Weavile
|
|win|friedfreak
|raw|Laughable's rating: 1764 &rarr; <strong>1745</strong><br />(-19 for losing)
|raw|friedfreak's rating: 1785 &rarr; <strong>1804</strong><br />(+19 for winning)
|l|☆Laughable
||Ladder isn't responding, score probably updated but might not have (Request timeout).
