|html|<div class="broadcast-blue"><strong>[Gen 8] OU is currently suspecting Urshifu-S! For information on how to participate check out the <a href="https://www.smogon.com/forums/threads/np-ss-ou-suspect-process-round-8-aint-no-rest-for-the-wicked.3675310/">suspect thread</a>.</strong></div>
|j|☆outw XD
|j|☆Mickey m
|t:|1609313355
|player|p1|outw XD|kahili|1674
|player|p2|Mickey m|hilbert-dueldisk|1587
|teamsize|p1|6
|teamsize|p2|6
|gametype|singles
|gen|8
|tier|[Gen 8] OU
|rated|
|clearpoke
|poke|p1|Skarmory, F|
|poke|p1|Spectrier|
|poke|p1|Urshifu-*, F|
|poke|p1|Rillaboom, M|
|poke|p1|Magearna|
|poke|p1|Crawdaunt, M|
|poke|p2|Aerodactyl, F|
|poke|p2|Zapdos|
|poke|p2|Dragonite, F|
|poke|p2|Cinderace, M|
|poke|p2|Garchomp, F|
|poke|p2|Dragapult, M|
|rule|Sleep Clause Mod: Limit one foe put to sleep
|rule|Species Clause: Limit one of each Pokémon
|rule|OHKO Clause: OHKO moves are banned
|rule|Evasion Moves Clause: Evasion moves are banned
|rule|Endless Battle Clause: Forcing endless battles is banned
|rule|HP Percentage Mod: HP is shown in percentages
|rule|Dynamax Clause: You cannot dynamax
|teampreview
|inactive|Battle timer is ON: inactive players will automatically lose when time's up. (requested by outw XD)
|
|t:|1609313377
|start
|switch|p1a: Skarmory|Skarmory, F|100/100
|switch|p2a: Aerodactyl|Aerodactyl, F|100/100
|-ability|p2a: Aerodactyl|Unnerve|p1: outw XD
|turn|1
|
|t:|1609313385
|move|p2a: Aerodactyl|Hone Claws|p2a: Aerodactyl
|-boost|p2a: Aerodactyl|atk|1
|-boost|p2a: Aerodactyl|accuracy|1
|move|p1a: Skarmory|Stealth Rock|p2a: Aerodactyl
|-sidestart|p2: Mickey m|move: Stealth Rock
|
|upkeep
|turn|2
|
|t:|1609313395
|move|p2a: Aerodactyl|Stone Edge|p1a: Skarmory
|-damage|p1a: Skarmory|32/100
|move|p1a: Skarmory|Brave Bird|p2a: Aerodactyl
|-resisted|p2a: Aerodactyl
|-damage|p2a: Aerodactyl|61/100
|-damage|p1a: Skarmory|17/100|[from] Recoil
|
|upkeep
|turn|3
|j| Vessev
|
|t:|1609313404
|move|p2a: Aerodactyl|Stone Edge|p1a: Skarmory
|-damage|p1a: Skarmory|0 fnt
|faint|p1a: Skarmory
|
|upkeep
|
|t:|1609313407
|switch|p1a: Crawdaunt|Crawdaunt, M|100/100
|turn|4
|
|t:|1609313416
|move|p1a: Crawdaunt|Aqua Jet|p2a: Aerodactyl
|-supereffective|p2a: Aerodactyl
|-damage|p2a: Aerodactyl|0 fnt
|-damage|p1a: Crawdaunt|91/100|[from] item: Life Orb
|faint|p2a: Aerodactyl
|
|upkeep
|
|t:|1609313422
|switch|p2a: Zapdos|Zapdos|100/100
|turn|5
|
|t:|1609313429
|move|p1a: Crawdaunt|Aqua Jet|p2a: Zapdos
|-damage|p2a: Zapdos|66/100
|-status|p1a: Crawdaunt|par|[from] ability: Static|[of] p2a: Zapdos
|-damage|p1a: Crawdaunt|81/100 par|[from] item: Life Orb
|move|p2a: Zapdos|Discharge|p1a: Crawdaunt
|-supereffective|p1a: Crawdaunt
|-damage|p1a: Crawdaunt|0 fnt
|faint|p1a: Crawdaunt
|
|upkeep
|
|t:|1609313434
|switch|p1a: Spectrier|Spectrier|100/100
|turn|6
|
|t:|1609313442
|move|p1a: Spectrier|Shadow Ball|p2a: Zapdos
|-damage|p2a: Zapdos|0 fnt
|faint|p2a: Zapdos
|-ability|p1a: Spectrier|Grim Neigh|boost
|-boost|p1a: Spectrier|spa|1
|
|upkeep
|
|t:|1609313449
|switch|p2a: Cinderace|Cinderace, M|100/100
|-damage|p2a: Cinderace|76/100|[from] Stealth Rock
|turn|7
|
|t:|1609313454
|switch|p1a: Rillaboom|Rillaboom, M|100/100
|-fieldstart|move: Grassy Terrain|[from] ability: Grassy Surge|[of] p1a: Rillaboom
|-enditem|p1a: Rillaboom|Grassy Seed
|-boost|p1a: Rillaboom|def|1|[from] item: Grassy Seed
|move|p2a: Cinderace|Sucker Punch||[still]
|-fail|p2a: Cinderace
|
|-heal|p2a: Cinderace|82/100|[from] Grassy Terrain
|upkeep
|turn|8
|
|t:|1609313463
|move|p2a: Cinderace|Pyro Ball|p1a: Rillaboom
|-supereffective|p1a: Rillaboom
|-damage|p1a: Rillaboom|0 fnt
|-damage|p2a: Cinderace|72/100|[from] item: Life Orb
|faint|p1a: Rillaboom
|
|-heal|p2a: Cinderace|78/100|[from] Grassy Terrain
|upkeep
|
|t:|1609313466
|switch|p1a: Urshifu|Urshifu, F|100/100
|turn|9
|j| BabyPigsAreLaughin
|inactive|outw XD has 120 seconds left.
|j| Carbink Deoxide
|
|t:|1609313510
|move|p1a: Urshifu|Sucker Punch||[still]
|-fail|p1a: Urshifu
|move|p2a: Cinderace|Bulk Up|p2a: Cinderace
|-start|p2a: Cinderace|typechange|Fighting|[from] ability: Libero
|-boost|p2a: Cinderace|atk|1
|-boost|p2a: Cinderace|def|1
|
|-heal|p2a: Cinderace|84/100|[from] Grassy Terrain
|upkeep
|turn|10
|
|t:|1609313528
|move|p2a: Cinderace|Bulk Up|p2a: Cinderace
|-boost|p2a: Cinderace|atk|1
|-boost|p2a: Cinderace|def|1
|move|p1a: Urshifu|Close Combat|p2a: Cinderace
|-damage|p2a: Cinderace|13/100
|-unboost|p1a: Urshifu|def|1
|-unboost|p1a: Urshifu|spd|1
|-damage|p1a: Urshifu|91/100|[from] item: Life Orb
|
|-heal|p2a: Cinderace|19/100|[from] Grassy Terrain
|-heal|p1a: Urshifu|97/100|[from] Grassy Terrain
|upkeep
|turn|11
|inactive|outw XD has 120 seconds left.
|j| FFFFives
|
|t:|1609313548
|move|p2a: Cinderace|Pyro Ball|p1a: Urshifu
|-start|p2a: Cinderace|typechange|Fire|[from] ability: Libero
|-damage|p1a: Urshifu|0 fnt
|-damage|p2a: Cinderace|9/100|[from] item: Life Orb
|faint|p1a: Urshifu
|
|-heal|p2a: Cinderace|15/100|[from] Grassy Terrain
|-fieldend|move: Grassy Terrain
|upkeep
|
|t:|1609313550
|switch|p1a: Spectrier|Spectrier|100/100
|turn|12
|
|t:|1609313561
|switch|p1a: Magearna|Magearna|100/100
|move|p2a: Cinderace|Sucker Punch||[still]
|-fail|p2a: Cinderace
|
|upkeep
|turn|13
|
|t:|1609313566
|move|p2a: Cinderace|Pyro Ball|p1a: Magearna
|-supereffective|p1a: Magearna
|-damage|p1a: Magearna|0 fnt
|-damage|p2a: Cinderace|5/100|[from] item: Life Orb
|faint|p1a: Magearna
|
|upkeep
|
|t:|1609313569
|switch|p1a: Spectrier|Spectrier|100/100
|turn|14
|
|t:|1609313573
|move|p2a: Cinderace|Sucker Punch|p1a: Spectrier
|-start|p2a: Cinderace|typechange|Dark|[from] ability: Libero
|-supereffective|p1a: Spectrier
|-damage|p1a: Spectrier|0 fnt
|-damage|p2a: Cinderace|0 fnt|[from] item: Life Orb
|faint|p1a: Spectrier
|faint|p2a: Cinderace
|
|win|Mickey m
|raw|outw XD's rating: 1674 &rarr; <strong>1649</strong><br />(-25 for losing)
|raw|Mickey m's rating: 1587 &rarr; <strong>1612</strong><br />(+25 for winning)
|l|☆outw XD
|l|☆Mickey m
|l| BabyPigsAreLaughin
|l| FFFFives
|j| Nesnot
|l| Nesnot
|c| Vessev|,
