|j|☆Nish the Great
|j|☆IIIodyne
|inactive|Battle timer is ON: inactive players will automatically lose when time's up.
|t:|1667261685
|gametype|singles
|player|p1|Nish the Great|cynthia|
|player|p2|IIIodyne|265|
|teamsize|p1|3
|teamsize|p2|3
|gen|8
|tier|[Gen 8] OU
|rated|Tournament battle
|rule|Sleep Clause Mod: Limit one foe put to sleep
|rule|OHKO Clause: OHKO moves are banned
|rule|Evasion Items Clause: Evasion items are banned
|rule|Evasion Moves Clause: Evasion moves are banned
|rule|Endless Battle Clause: Forcing endless battles is banned
|rule|HP Percentage Mod: HP is shown in percentages
|rule|Dynamax Clause: You cannot dynamax
|clearpoke
|poke|p1|Pumpkaboo-*, F|
|poke|p1|Pumpkaboo-*, M|
|poke|p1|Pumpkaboo-*, F|
|poke|p2|Pumpkaboo-*, M|
|poke|p2|Pumpkaboo-*, F|
|poke|p2|Pumpkaboo-*, F|
|teampreview
|inactive|IIIodyne also wants the timer to be on.
|c|☆IIIodyne|hf
|j| 228i996
|j| Mewthree69
|j| BandedAI
|c|☆Nish the Great|glhf
|j| Rosa メイ ism
|j| lowelofunn
|inactive|IIIodyne has 120 seconds left.
|
|t:|1667261716
|start
|switch|p1a: Pumpkaboo|Pumpkaboo-Super, F|100/100
|switch|p2a: Pumpkaboo|Pumpkaboo-Small, M|100/100
|-item|p1a: Pumpkaboo|Kasib Berry|[from] ability: Frisk|[of] p2a: Pumpkaboo|[identify]
|-item|p2a: Pumpkaboo|Choice Specs|[from] ability: Frisk|[of] p1a: Pumpkaboo|[identify]
|turn|1
|
|t:|1667261720
|move|p2a: Pumpkaboo|Trick|p1a: Pumpkaboo
|-activate|p2a: Pumpkaboo|move: Trick|[of] p1a: Pumpkaboo
|-item|p1a: Pumpkaboo|Choice Specs|[from] move: Trick
|-item|p2a: Pumpkaboo|Kasib Berry|[from] move: Trick
|move|p1a: Pumpkaboo|Poltergeist|p2a: Pumpkaboo|[miss]
|-miss|p1a: Pumpkaboo|p2a: Pumpkaboo
|
|upkeep
|turn|2
|
|t:|1667261727
|switch|p1a: Pumpkaboo|Pumpkaboo-Super, M|100/100
|-item|p2a: Pumpkaboo|Kasib Berry|[from] ability: Frisk|[of] p1a: Pumpkaboo|[identify]
|move|p2a: Pumpkaboo|Substitute|p2a: Pumpkaboo
|-start|p2a: Pumpkaboo|Substitute
|-damage|p2a: Pumpkaboo|76/100
|
|upkeep
|turn|3
|j| xosk
|
|t:|1667261731
|move|p2a: Pumpkaboo|Toxic|p1a: Pumpkaboo
|-status|p1a: Pumpkaboo|tox
|move|p1a: Pumpkaboo|Poltergeist|p2a: Pumpkaboo
|-activate|p2a: Pumpkaboo|move: Poltergeist|Kasib Berry
|-supereffective|p2a: Pumpkaboo
|-end|p2a: Pumpkaboo|Substitute
|
|-damage|p1a: Pumpkaboo|94/100 tox|[from] psn
|upkeep
|turn|4
|l| BandedAI
|
|t:|1667261739
|move|p2a: Pumpkaboo|Substitute|p2a: Pumpkaboo
|-start|p2a: Pumpkaboo|Substitute
|-damage|p2a: Pumpkaboo|51/100
|move|p1a: Pumpkaboo|Disable|p2a: Pumpkaboo
|-start|p2a: Pumpkaboo|Disable|Substitute
|
|-damage|p1a: Pumpkaboo|82/100 tox|[from] psn
|upkeep
|turn|5
|l| xosk
|j| CherN0ble
|l| Rosa メイ ism
|c| Mewthree69|spite?
|
|t:|1667261750
|move|p2a: Pumpkaboo|Safeguard|p2a: Pumpkaboo
|-sidestart|p2: IIIodyne|Safeguard
|move|p1a: Pumpkaboo|Poltergeist|p2a: Pumpkaboo
|-activate|p2a: Pumpkaboo|move: Poltergeist|Kasib Berry
|-supereffective|p2a: Pumpkaboo
|-end|p2a: Pumpkaboo|Substitute
|
|-damage|p1a: Pumpkaboo|63/100 tox|[from] psn
|upkeep
|turn|6
|
|t:|1667261764
|move|p2a: Pumpkaboo|Toxic|p1a: Pumpkaboo
|-fail|p1a: Pumpkaboo|tox
|move|p1a: Pumpkaboo|Poltergeist|p2a: Pumpkaboo
|-activate|p2a: Pumpkaboo|move: Poltergeist|Kasib Berry
|-supereffective|p2a: Pumpkaboo
|-enditem|p2a: Pumpkaboo|Kasib Berry|[eat]
|-enditem|p2a: Pumpkaboo|Kasib Berry|[weaken]
|-damage|p2a: Pumpkaboo|0 fnt
|faint|p2a: Pumpkaboo
|
|-damage|p1a: Pumpkaboo|38/100 tox|[from] psn
|upkeep
|
|t:|1667261777
|switch|p2a: Pumpkaboo|Pumpkaboo-Small, F|100/100
|-item|p1a: Pumpkaboo|Kasib Berry|[from] ability: Frisk|[of] p2a: Pumpkaboo|[identify]
|turn|7
|
|t:|1667261782
|move|p1a: Pumpkaboo|Shadow Sneak|p2a: Pumpkaboo
|-supereffective|p2a: Pumpkaboo
|-damage|p2a: Pumpkaboo|43/100
|move|p2a: Pumpkaboo|Poltergeist|p1a: Pumpkaboo
|-activate|p1a: Pumpkaboo|move: Poltergeist|Kasib Berry
|-supereffective|p1a: Pumpkaboo
|-enditem|p1a: Pumpkaboo|Kasib Berry|[eat]
|-enditem|p1a: Pumpkaboo|Kasib Berry|[weaken]
|-damage|p1a: Pumpkaboo|0 fnt
|faint|p1a: Pumpkaboo
|
|upkeep
|j| qasi
|
|t:|1667261791
|switch|p1a: Pumpkaboo|Pumpkaboo-Super, F|100/100
|-item|p2a: Pumpkaboo|Choice Band|[from] ability: Frisk|[of] p1a: Pumpkaboo|[identify]
|turn|8
|
|t:|1667261794
|move|p1a: Pumpkaboo|Shadow Sneak|p2a: Pumpkaboo
|-supereffective|p2a: Pumpkaboo
|-damage|p2a: Pumpkaboo|0 fnt
|faint|p2a: Pumpkaboo
|
|upkeep
|
|t:|1667261795
|switch|p2a: Pumpkaboo|Pumpkaboo-Super, F|100/100
|-item|p1a: Pumpkaboo|Choice Specs|[from] ability: Frisk|[of] p2a: Pumpkaboo|[identify]
|turn|9
|
|t:|1667261798
|move|p1a: Pumpkaboo|Shadow Sneak|p2a: Pumpkaboo
|-supereffective|p2a: Pumpkaboo
|-damage|p2a: Pumpkaboo|74/100
|move|p2a: Pumpkaboo|Trick|p1a: Pumpkaboo
|-activate|p2a: Pumpkaboo|move: Trick|[of] p1a: Pumpkaboo
|-item|p1a: Pumpkaboo|Lagging Tail|[from] move: Trick
|-item|p2a: Pumpkaboo|Choice Specs|[from] move: Trick
|
|-sideend|p2: IIIodyne|Safeguard
|upkeep
|turn|10
|
|t:|1667261806
|move|p2a: Pumpkaboo|Substitute|p2a: Pumpkaboo
|-start|p2a: Pumpkaboo|Substitute
|-damage|p2a: Pumpkaboo|49/100
|move|p1a: Pumpkaboo|Poltergeist|p2a: Pumpkaboo
|-activate|p2a: Pumpkaboo|move: Poltergeist|Choice Specs
|-supereffective|p2a: Pumpkaboo
|-end|p2a: Pumpkaboo|Substitute
|
|upkeep
|turn|11
|c|☆Nish the Great|bruh
|c|☆IIIodyne|oh f forgot to trick
|c|☆IIIodyne|gg
|c|☆Nish the Great|:skull:
|c|☆Nish the Great|gg
|
|t:|1667261822
|move|p1a: Pumpkaboo|Shadow Sneak|p2a: Pumpkaboo
|-supereffective|p2a: Pumpkaboo
|-damage|p2a: Pumpkaboo|18/100
|move|p2a: Pumpkaboo|Substitute|p2a: Pumpkaboo
|-fail|p2a: Pumpkaboo|move: Substitute|[weak]
|
|upkeep
|turn|12
|
|t:|1667261826
|move|p1a: Pumpkaboo|Shadow Sneak|p2a: Pumpkaboo
|-supereffective|p2a: Pumpkaboo
|-damage|p2a: Pumpkaboo|0 fnt
|faint|p2a: Pumpkaboo
|
|win|Nish the Great
|n|☆Nish the Great|nishthegreat
|n|☆IIIodyne|iiiodyne
|n| 228i996|228i996
|n| Mewthree69|mewthree69
|n| lowelofunn|lowelofunn
|n| CherN0ble|chern0ble
|n| qasi|qasi
