|raw|<div class="broadcast-blue"><strong>This battle is required to be public due to a player having a name starting with 'lt81yl'.</div>
|j|☆LT81YL MDB2
|j|☆b1arhghlfargh1
|t:|1625683543
|gametype|singles
|player|p1|LT81YL MDB2|benga|2106
|player|p2|b1arhghlfargh1|waitress-gen4|2066
|teamsize|p1|6
|teamsize|p2|6
|gen|8
|tier|[Gen 8] OU
|rated|
|rule|Sleep Clause Mod: Limit one foe put to sleep
|rule|Species Clause: Limit one of each Pokémon
|rule|OHKO Clause: OHKO moves are banned
|rule|Evasion Moves Clause: Evasion moves are banned
|rule|Endless Battle Clause: Forcing endless battles is banned
|rule|HP Percentage Mod: HP is shown in percentages
|rule|Dynamax Clause: You cannot dynamax
|clearpoke
|poke|p1|Slowking-Galar, F|
|poke|p1|Weavile, F|
|poke|p1|Landorus-Therian, M|
|poke|p1|Toxapex, F|
|poke|p1|Tapu Lele|
|poke|p1|Corviknight, M|
|poke|p2|Heatran, M|
|poke|p2|Tapu Lele|
|poke|p2|Corviknight, F|
|poke|p2|Garchomp, F|
|poke|p2|Tapu Fini|
|poke|p2|Dragapult, F|
|teampreview
|inactive|Battle timer is ON: inactive players will automatically lose when time's up. (requested by b1arhghlfargh1)
|j| reigen shishou
|j| lt81yl pj
|j| IPF
|c|☆LT81YL MDB2|moini
|j| BAKED GXE
|j| LT81YL Ruby
|c|☆LT81YL MDB2|hf
|j| Lord_Enz
|j| Can'tFight
|j|%Ox the Fox
|j| julies102ndaccount
|c|☆b1arhghlfargh1|u2
|j| mncmt
|j| laevin
|j| Showtime Lakers 24
|j|+Clone
|j| LT81YL balo
|c|☆b1arhghlfargh1|zumindest benutzt jemand mein perfekte team dump
|j| LastThroughoutTime
|j| Chkrome
|inactive|LT81YL MDB2 has 120 seconds left.
|inactive|b1arhghlfargh1 has 120 seconds left.
|j| TalonSFlames
|l| Chkrome
|l| mncmt
|j|+Specs
|j| okuuur
|j| LT81YL Mix
|inactive|b1arhghlfargh1 has 90 seconds left.
|j| luckshere
|j| tigers jaw
|j| TriniPlayer
|j| LT81YL WN
|l|%Ox the Fox
|j| LT81YL Popstar
|j| AquaVanilla
|
|t:|1625683632
|start
|switch|p1a: Weavile|Weavile, F|100/100
|switch|p2a: Tapu Fini|Tapu Fini|100/100
|-ability|p1a: Weavile|Pressure
|-fieldstart|move: Misty Terrain|[from] ability: Misty Surge|[of] p2a: Tapu Fini
|turn|1
|
|t:|1625683641
|switch|p1a: Toxapex|Toxapex, F|100/100
|move|p2a: Tapu Fini|Knock Off|p1a: Toxapex
|-damage|p1a: Toxapex|87/100
|-damage|p2a: Tapu Fini|84/100|[from] item: Rocky Helmet|[of] p1a: Toxapex
|-enditem|p1a: Toxapex|Rocky Helmet|[from] move: Knock Off|[of] p2a: Tapu Fini
|
|-heal|p2a: Tapu Fini|90/100|[from] item: Leftovers
|upkeep
|turn|2
|j| amimec
|j| Dawn Wings enjoyer
|
|t:|1625683654
|switch|p2a: Corviknight|Corviknight, F|100/100
|-ability|p2a: Corviknight|Pressure
|move|p1a: Toxapex|Knock Off|p2a: Corviknight
|-damage|p2a: Corviknight|90/100
|-enditem|p2a: Corviknight|Leftovers|[from] move: Knock Off|[of] p1a: Toxapex
|
|upkeep
|turn|3
|l| LastThroughoutTime
|
|t:|1625683657
|move|p2a: Corviknight|Brave Bird|p1a: Toxapex
|-damage|p1a: Toxapex|60/100
|-damage|p2a: Corviknight|83/100|[from] Recoil
|move|p1a: Toxapex|Knock Off|p2a: Corviknight
|-damage|p2a: Corviknight|76/100
|
|upkeep
|turn|4
|
|t:|1625683661
|move|p2a: Corviknight|Brave Bird|p1a: Toxapex
|-damage|p1a: Toxapex|31/100
|-damage|p2a: Corviknight|68/100|[from] Recoil
|move|p1a: Toxapex|Knock Off|p2a: Corviknight
|-damage|p2a: Corviknight|62/100
|
|upkeep
|turn|5
|
|t:|1625683666
|switch|p1a: Landorus|Landorus-Therian, M|100/100
|-ability|p1a: Landorus|Intimidate|boost
|-unboost|p2a: Corviknight|atk|1
|move|p2a: Corviknight|U-turn|p1a: Landorus
|-resisted|p1a: Landorus
|-damage|p1a: Landorus|97/100
|j| dumaman
|j| LT81YL con
|j| hailarctozolt
|inactive|b1arhghlfargh1 has 120 seconds left.
|
|t:|1625683703
|switch|p2a: Tapu Lele|Tapu Lele|100/100|[from]move: U-turn
|-fieldstart|move: Psychic Terrain|[from] ability: Psychic Surge|[of] p2a: Tapu Lele
|
|-heal|p1a: Landorus|100/100|[from] item: Leftovers
|upkeep
|turn|6
|inactive|b1arhghlfargh1 has 120 seconds left.
|
|t:|1625683710
|switch|p1a: Slowking|Slowking-Galar, F|100/100
|move|p2a: Tapu Lele|Moonblast|p1a: Slowking
|-resisted|p1a: Slowking
|-damage|p1a: Slowking|85/100
|
|upkeep
|turn|7
|
|t:|1625683719
|move|p2a: Tapu Lele|Moonblast|p1a: Slowking
|-resisted|p1a: Slowking
|-damage|p1a: Slowking|68/100
|move|p1a: Slowking|Future Sight|p2a: Tapu Lele
|-start|p1a: Slowking|move: Future Sight
|
|upkeep
|turn|8
|
|t:|1625683723
|switch|p2a: Corviknight|Corviknight, F|62/100
|-ability|p2a: Corviknight|Pressure
|move|p1a: Slowking|Flamethrower|p2a: Corviknight
|-supereffective|p2a: Corviknight
|-damage|p2a: Corviknight|26/100
|
|upkeep
|turn|9
|l| laevin
|
|t:|1625683734
|move|p2a: Corviknight|Roost|p2a: Corviknight
|-heal|p2a: Corviknight|76/100
|-singleturn|p2a: Corviknight|move: Roost
|move|p1a: Slowking|Earthquake|p2a: Corviknight
|-supereffective|p2a: Corviknight
|-damage|p2a: Corviknight|53/100
|
|-end|p2a: Corviknight|move: Future Sight
|-resisted|p2a: Corviknight
|-damage|p2a: Corviknight|29/100
|-fieldend|move: Psychic Terrain
|upkeep
|turn|10
|
|t:|1625683741
|switch|p1a: Landorus|Landorus-Therian, M|100/100
|-ability|p1a: Landorus|Intimidate|boost
|-unboost|p2a: Corviknight|atk|1
|move|p2a: Corviknight|Roost|p2a: Corviknight
|-heal|p2a: Corviknight|79/100
|-singleturn|p2a: Corviknight|move: Roost
|
|upkeep
|turn|11
|
|t:|1625683746
|move|p1a: Landorus|Stealth Rock|p2a: Corviknight
|-sidestart|p2: b1arhghlfargh1|move: Stealth Rock
|move|p2a: Corviknight|Defog|p1a: Landorus
|-unboost|p1a: Landorus|evasion|1
|-sideend|p2: b1arhghlfargh1|Stealth Rock|[from] move: Defog|[of] p2a: Corviknight
|
|upkeep
|turn|12
|
|t:|1625683749
|move|p1a: Landorus|Stealth Rock|p2a: Corviknight
|-sidestart|p2: b1arhghlfargh1|move: Stealth Rock
|move|p2a: Corviknight|Roost|p2a: Corviknight
|-heal|p2a: Corviknight|100/100
|-singleturn|p2a: Corviknight|move: Roost
|
|upkeep
|turn|13
|
|t:|1625683753
|move|p1a: Landorus|U-turn|p2a: Corviknight
|-resisted|p2a: Corviknight
|-damage|p2a: Corviknight|96/100
|
|t:|1625683758
|switch|p1a: Toxapex|Toxapex, F|64/100|[from]move: U-turn
|move|p2a: Corviknight|Defog|p1a: Toxapex
|-unboost|p1a: Toxapex|evasion|1
|-sideend|p2: b1arhghlfargh1|Stealth Rock|[from] move: Defog|[of] p2a: Corviknight
|
|upkeep
|turn|14
|j| masFR
|
|t:|1625683765
|move|p2a: Corviknight|Brave Bird|p1a: Toxapex
|-damage|p1a: Toxapex|46/100
|-damage|p2a: Corviknight|91/100|[from] Recoil
|move|p1a: Toxapex|Knock Off|p2a: Corviknight
|-damage|p2a: Corviknight|85/100
|
|upkeep
|turn|15
|j| NPCNPCNPCNPCNPC
|j| NPC666
|
|t:|1625683771
|move|p2a: Corviknight|U-turn|p1a: Toxapex
|-resisted|p1a: Toxapex
|-damage|p1a: Toxapex|42/100
|
|t:|1625683772
|switch|p2a: Tapu Lele|Tapu Lele|100/100|[from]move: U-turn
|-fieldstart|move: Psychic Terrain|[from] ability: Psychic Surge|[of] p2a: Tapu Lele
|move|p1a: Toxapex|Recover|p1a: Toxapex
|-heal|p1a: Toxapex|92/100
|
|upkeep
|turn|16
|j| a tape worm
|l| NPC666
|
|t:|1625683776
|switch|p1a: Slowking|Slowking-Galar, F|100/100
|move|p2a: Tapu Lele|Moonblast|p1a: Slowking
|-resisted|p1a: Slowking
|-damage|p1a: Slowking|83/100
|
|upkeep
|turn|17
|
|t:|1625683780
|switch|p2a: Garchomp|Garchomp, F|100/100
|move|p1a: Slowking|Flamethrower|p2a: Garchomp
|-resisted|p2a: Garchomp
|-damage|p2a: Garchomp|88/100
|
|-heal|p2a: Garchomp|94/100|[from] item: Leftovers
|upkeep
|turn|18
|j| sfdj987vn98w4
|
|t:|1625683786
|switch|p2a: Tapu Lele|Tapu Lele|100/100
|switch|p1a: Landorus|Landorus-Therian, M|100/100
|-ability|p1a: Landorus|Intimidate|boost
|-unboost|p2a: Tapu Lele|atk|1
|
|upkeep
|turn|19
|
|t:|1625683790
|switch|p1a: Slowking|Slowking-Galar, F|100/100
|move|p2a: Tapu Lele|Moonblast|p1a: Slowking
|-resisted|p1a: Slowking
|-damage|p1a: Slowking|83/100
|
|-fieldend|move: Psychic Terrain
|upkeep
|turn|20
|l| Dawn Wings enjoyer
|
|t:|1625683798
|switch|p2a: Corviknight|Corviknight, F|85/100
|-ability|p2a: Corviknight|Pressure
|move|p1a: Slowking|Future Sight|p2a: Corviknight
|-start|p1a: Slowking|move: Future Sight
|
|upkeep
|turn|21
|l| LT81YL con
|
|t:|1625683803
|switch|p1a: Corviknight|Corviknight, M|100/100
|-ability|p1a: Corviknight|Pressure
|move|p2a: Corviknight|Brave Bird|p1a: Corviknight
|-resisted|p1a: Corviknight
|-damage|p1a: Corviknight|89/100
|-damage|p2a: Corviknight|81/100|[from] Recoil
|
|-heal|p1a: Corviknight|95/100|[from] item: Leftovers
|upkeep
|turn|22
|
|t:|1625683807
|move|p1a: Corviknight|U-turn|p2a: Corviknight
|-resisted|p2a: Corviknight
|-damage|p2a: Corviknight|79/100
|
|t:|1625683812
|switch|p1a: Toxapex|Toxapex, F|100/100|[from]move: U-turn
|move|p2a: Corviknight|Roost|p2a: Corviknight
|-heal|p2a: Corviknight|100/100
|-singleturn|p2a: Corviknight|move: Roost
|
|-end|p2a: Corviknight|move: Future Sight
|-resisted|p2a: Corviknight
|-damage|p2a: Corviknight|82/100
|upkeep
|turn|23
|l| lt81yl pj
|
|t:|1625683818
|move|p2a: Corviknight|Brave Bird|p1a: Toxapex
|-damage|p1a: Toxapex|70/100
|-damage|p2a: Corviknight|74/100|[from] Recoil
|move|p1a: Toxapex|Knock Off|p2a: Corviknight
|-damage|p2a: Corviknight|67/100
|
|upkeep
|turn|24
|
|t:|1625683820
|move|p2a: Corviknight|Roost|p2a: Corviknight
|-heal|p2a: Corviknight|100/100
|-singleturn|p2a: Corviknight|move: Roost
|move|p1a: Toxapex|Recover|p1a: Toxapex
|-heal|p1a: Toxapex|100/100
|
|upkeep
|turn|25
|
|t:|1625683825
|move|p2a: Corviknight|Brave Bird|p1a: Toxapex
|-damage|p1a: Toxapex|69/100
|-damage|p2a: Corviknight|92/100|[from] Recoil
|move|p1a: Toxapex|Haze|p1a: Toxapex
|-clearallboost
|
|upkeep
|turn|26
|
|t:|1625683827
|move|p2a: Corviknight|Brave Bird|p1a: Toxapex
|-damage|p1a: Toxapex|39/100
|-damage|p2a: Corviknight|85/100|[from] Recoil
|move|p1a: Toxapex|Recover|p1a: Toxapex
|-heal|p1a: Toxapex|89/100
|
|upkeep
|turn|27
|j| Private Koek
|
|t:|1625683829
|move|p2a: Corviknight|Brave Bird|p1a: Toxapex
|-damage|p1a: Toxapex|61/100
|-damage|p2a: Corviknight|78/100|[from] Recoil
|move|p1a: Toxapex|Knock Off|p2a: Corviknight
|-damage|p2a: Corviknight|71/100
|
|upkeep
|turn|28
|
|t:|1625683832
|move|p2a: Corviknight|U-turn|p1a: Toxapex
|-resisted|p1a: Toxapex
|-damage|p1a: Toxapex|55/100
|
|t:|1625683837
|switch|p2a: Heatran|Heatran, M|100/100|[from]move: U-turn
|move|p1a: Toxapex|Knock Off|p2a: Heatran
|-damage|p2a: Heatran|88/100
|-enditem|p2a: Heatran|Leftovers|[from] move: Knock Off|[of] p1a: Toxapex
|
|upkeep
|turn|29
|
|t:|1625683845
|switch|p1a: Landorus|Landorus-Therian, M|100/100
|-ability|p1a: Landorus|Intimidate|boost
|-unboost|p2a: Heatran|atk|1
|move|p2a: Heatran|Stealth Rock|p1a: Landorus
|-sidestart|p1: LT81YL MDB2|move: Stealth Rock
|
|upkeep
|turn|30
|
|t:|1625683849
|switch|p2a: Tapu Lele|Tapu Lele|100/100
|-fieldstart|move: Psychic Terrain|[from] ability: Psychic Surge|[of] p2a: Tapu Lele
|move|p1a: Landorus|Stealth Rock|p2a: Tapu Lele
|-sidestart|p2: b1arhghlfargh1|move: Stealth Rock
|
|upkeep
|turn|31
|l| LT81YL Mix
|
|t:|1625683853
|switch|p1a: Slowking|Slowking-Galar, F|100/100
|-damage|p1a: Slowking|88/100|[from] Stealth Rock
|move|p2a: Tapu Lele|Psyshock|p1a: Slowking
|-damage|p1a: Slowking|0 fnt
|faint|p1a: Slowking
|
|upkeep
|
|t:|1625683861
|switch|p1a: Weavile|Weavile, F|100/100
|-damage|p1a: Weavile|76/100|[from] Stealth Rock
|-ability|p1a: Weavile|Pressure
|turn|32
|j| LastThroughoutTime
|
|t:|1625683887
|switch|p2a: Heatran|Heatran, M|88/100
|-damage|p2a: Heatran|76/100|[from] Stealth Rock
|move|p1a: Weavile|Knock Off|p2a: Heatran
|-crit|p2a: Heatran
|-damage|p2a: Heatran|18/100
|
|upkeep
|turn|33
|
|t:|1625683893
|move|p1a: Weavile|Knock Off|p2a: Heatran
|-damage|p2a: Heatran|0 fnt
|faint|p2a: Heatran
|
|upkeep
|
|t:|1625683897
|switch|p2a: Dragapult|Dragapult, F|100/100
|-damage|p2a: Dragapult|88/100|[from] Stealth Rock
|turn|34
|
|t:|1625683904
|switch|p1a: Corviknight|Corviknight, M|95/100
|-damage|p1a: Corviknight|83/100|[from] Stealth Rock
|-ability|p1a: Corviknight|Pressure
|move|p2a: Dragapult|Flamethrower|p1a: Corviknight
|-supereffective|p1a: Corviknight
|-damage|p1a: Corviknight|8/100
|-status|p1a: Corviknight|brn
|
|-heal|p1a: Corviknight|14/100 brn|[from] item: Leftovers
|-damage|p1a: Corviknight|8/100 brn|[from] brn
|-fieldend|move: Psychic Terrain
|upkeep
|turn|35
|j| Crow Music
|
|t:|1625683910
|switch|p1a: Toxapex|Toxapex, F|88/100
|-damage|p1a: Toxapex|76/100|[from] Stealth Rock
|move|p2a: Dragapult|Flamethrower|p1a: Toxapex
|-resisted|p1a: Toxapex
|-damage|p1a: Toxapex|64/100
|
|upkeep
|turn|36
|
|t:|1625683918
|switch|p1a: Weavile|Weavile, F|76/100
|-damage|p1a: Weavile|51/100|[from] Stealth Rock
|-ability|p1a: Weavile|Pressure
|move|p2a: Dragapult|Flamethrower|p1a: Weavile
|-supereffective|p1a: Weavile
|-crit|p1a: Weavile
|-damage|p1a: Weavile|0 fnt
|faint|p1a: Weavile
|
|upkeep
|
|t:|1625683923
|switch|p1a: Tapu Lele|Tapu Lele|100/100
|-damage|p1a: Tapu Lele|88/100|[from] Stealth Rock
|-fieldstart|move: Psychic Terrain|[from] ability: Psychic Surge|[of] p1a: Tapu Lele
|turn|37
|l| LT81YL WN
|l| Can'tFight
|inactive|b1arhghlfargh1 has 120 seconds left.
|l| julies102ndaccount
|j| Jdkdks
|
|t:|1625683974
|switch|p2a: Tapu Fini|Tapu Fini|90/100
|-damage|p2a: Tapu Fini|78/100|[from] Stealth Rock
|-fieldstart|move: Misty Terrain|[from] ability: Misty Surge|[of] p2a: Tapu Fini
|move|p1a: Tapu Lele|Psychic|p2a: Tapu Fini
|-damage|p2a: Tapu Fini|11/100
|
|-heal|p2a: Tapu Fini|17/100|[from] item: Leftovers
|upkeep
|turn|38
|
|t:|1625683980
|move|p1a: Tapu Lele|Psychic|p2a: Tapu Fini
|-damage|p2a: Tapu Fini|0 fnt
|faint|p2a: Tapu Fini
|
|upkeep
|
|t:|1625683984
|switch|p2a: Dragapult|Dragapult, F|88/100
|-damage|p2a: Dragapult|76/100|[from] Stealth Rock
|turn|39
|
|t:|1625683987
|switch|p1a: Toxapex|Toxapex, F|97/100
|-damage|p1a: Toxapex|84/100|[from] Stealth Rock
|move|p2a: Dragapult|Shadow Ball|p1a: Toxapex
|-damage|p1a: Toxapex|50/100
|-unboost|p1a: Toxapex|spd|1
|
|upkeep
|turn|40
|
|t:|1625684002
|move|p2a: Dragapult|Shadow Ball|p1a: Toxapex
|-damage|p1a: Toxapex|0 fnt
|faint|p1a: Toxapex
|
|upkeep
|
|t:|1625684006
|switch|p1a: Landorus|Landorus-Therian, M|100/100
|-damage|p1a: Landorus|88/100|[from] Stealth Rock
|-ability|p1a: Landorus|Intimidate|boost
|-unboost|p2a: Dragapult|atk|1
|turn|41
|
|t:|1625684027
|move|p2a: Dragapult|Shadow Ball|p1a: Landorus
|-crit|p1a: Landorus
|-damage|p1a: Landorus|21/100
|move|p1a: Landorus|Earthquake|p2a: Dragapult
|-damage|p2a: Dragapult|11/100
|
|-heal|p1a: Landorus|27/100|[from] item: Leftovers
|-fieldend|Misty Terrain
|upkeep
|turn|42
|c|☆LT81YL MDB2|gg
|-message|LT81YL MDB2 forfeited.
|
|win|b1arhghlfargh1
|l|☆LT81YL MDB2
|c|☆b1arhghlfargh1|gg
|j| Cachou10
|raw|LT81YL MDB2's rating: 2106 &rarr; <strong>2084</strong><br />(-22 for losing)
|raw|b1arhghlfargh1's rating: 2066 &rarr; <strong>2088</strong><br />(+22 for winning)
|l| IPF
|l| Cachou10
|l| Private Koek
|l| luckshere
|l| dumaman
|l| a tape worm
|l|+Clone
|l| TriniPlayer
|l| LastThroughoutTime
|l| sfdj987vn98w4
|l| hailarctozolt
||Ladder isn't responding, score probably updated but might not have (Request timeout).
|l|+Specs
|l| tigers jaw
|j| fardin
|l| Lord_Enz
|l| Jdkdks
|l| LT81YL Ruby
|l| fardin
