|j|☆tesla roadster
|j|☆RiloBR
|inactive|Battle timer is ON: inactive players will automatically lose when time's up.
|t:|1661086459
|gametype|singles
|player|p1|tesla roadster|2|
|player|p2|RiloBR|cynthia-gen7|
|teamsize|p1|6
|teamsize|p2|6
|gen|8
|tier|[Gen 8] OU
|rated|Tournament battle
|rule|Sleep Clause Mod: Limit one foe put to sleep
|rule|Species Clause: Limit one of each Pokémon
|rule|OHKO Clause: OHKO moves are banned
|rule|Evasion Items Clause: Evasion items are banned
|rule|Evasion Moves Clause: Evasion moves are banned
|rule|Endless Battle Clause: Forcing endless battles is banned
|rule|HP Percentage Mod: HP is shown in percentages
|rule|Dynamax Clause: You cannot dynamax
|clearpoke
|poke|p1|Torkoal, F|
|poke|p1|Venusaur, M|
|poke|p1|Heatran, F|
|poke|p1|Landorus-Therian, M|
|poke|p1|Darmanitan, F|
|poke|p1|Blacephalon|
|poke|p2|Toxapex, F|
|poke|p2|Excadrill, M|
|poke|p2|Celesteela|
|poke|p2|Tapu Lele|
|poke|p2|Buzzwole|
|poke|p2|Tyranitar, F|
|teampreview
|j|%Sww-Suwa
|j| Bradley Chadster
|c|☆tesla roadster|hf
|j| charleston chu
|j| skeb
|c|☆RiloBR|gl hs
|c|☆RiloBR|hf
|j| stunfisk2140
|j| sgvh
|
|t:|1661086481
|start
|switch|p1a: Torkoal|Torkoal, F|100/100
|switch|p2a: Tapu Lele|Tapu Lele|100/100
|-fieldstart|move: Psychic Terrain|[from] ability: Psychic Surge|[of] p2a: Tapu Lele
|-weather|SunnyDay|[from] ability: Drought|[of] p1a: Torkoal
|turn|1
|l| stunfisk2140
|
|t:|1661086497
|switch|p2a: Tyranitar|Tyranitar, F|100/100
|-weather|Sandstorm|[from] ability: Sand Stream|[of] p2a: Tyranitar
|switch|p1a: Landorus|Landorus-Therian, M|100/100
|-ability|p1a: Landorus|Intimidate|boost
|-unboost|p2a: Tyranitar|atk|1
|
|-weather|Sandstorm|[upkeep]
|upkeep
|turn|2
|
|t:|1661086515
|switch|p1a: Torkoal|Torkoal, F|100/100
|-weather|SunnyDay|[from] ability: Drought|[of] p1a: Torkoal
|switch|p2a: Celesteela|Celesteela|100/100
|
|-weather|SunnyDay|[upkeep]
|upkeep
|turn|3
|l| Bradley Chadster
|inactive|tesla roadster has 120 seconds left.
|
|t:|1661086543
|switch|p2a: Tyranitar|Tyranitar, F|100/100
|-weather|Sandstorm|[from] ability: Sand Stream|[of] p2a: Tyranitar
|switch|p1a: Landorus|Landorus-Therian, M|100/100
|-ability|p1a: Landorus|Intimidate|boost
|-unboost|p2a: Tyranitar|atk|1
|
|-weather|Sandstorm|[upkeep]
|upkeep
|turn|4
|j| owslabored
|j| IExistYouDont
|inactive|tesla roadster has 120 seconds left.
|
|t:|1661086552
|move|p1a: Landorus|U-turn|p2a: Tyranitar
|-supereffective|p2a: Tyranitar
|-damage|p2a: Tyranitar|68/100
|l| owslabored
|
|t:|1661086555
|switch|p1a: Torkoal|Torkoal, F|100/100|[from]move: U-turn
|-weather|SunnyDay|[from] ability: Drought|[of] p1a: Torkoal
|move|p2a: Tyranitar|Stealth Rock|p1a: Torkoal
|-sidestart|p1: tesla roadster|move: Stealth Rock
|
|-weather|SunnyDay|[upkeep]
|-heal|p2a: Tyranitar|74/100|[from] item: Leftovers
|upkeep
|turn|5
|
|t:|1661086564
|switch|p2a: Toxapex|Toxapex, F|100/100
|move|p1a: Torkoal|Body Press|p2a: Toxapex
|-resisted|p2a: Toxapex
|-damage|p2a: Toxapex|91/100
|
|-weather|SunnyDay|[upkeep]
|-fieldend|move: Psychic Terrain
|upkeep
|turn|6
|
|t:|1661086569
|switch|p1a: Landorus|Landorus-Therian, M|100/100
|-ability|p1a: Landorus|Intimidate|boost
|-unboost|p2a: Toxapex|atk|1
|move|p2a: Toxapex|Toxic|p1a: Landorus
|-status|p1a: Landorus|tox
|
|-weather|SunnyDay|[upkeep]
|-damage|p1a: Landorus|94/100 tox|[from] psn
|upkeep
|turn|7
|
|t:|1661086575
|switch|p2a: Buzzwole|Buzzwole|100/100
|move|p1a: Landorus|Defog|p2a: Buzzwole
|-unboost|p2a: Buzzwole|evasion|1
|-sideend|p1: tesla roadster|Stealth Rock|[from] move: Defog|[of] p1a: Landorus
|
|-weather|SunnyDay|[upkeep]
|-damage|p1a: Landorus|82/100 tox|[from] psn
|upkeep
|turn|8
|
|t:|1661086585
|switch|p1a: Darmanitan|Darmanitan, F|100/100
|move|p2a: Buzzwole|Ice Punch|p1a: Darmanitan
|-resisted|p1a: Darmanitan
|-damage|p1a: Darmanitan|79/100
|
|-weather|SunnyDay|[upkeep]
|upkeep
|turn|9
|c| IExistYouDont|Does
|c| IExistYouDont|this thing
|c| IExistYouDont|2hko pex
|
|t:|1661086598
|switch|p2a: Toxapex|Toxapex, F|100/100
|move|p1a: Darmanitan|Flare Blitz|p2a: Toxapex
|-resisted|p2a: Toxapex
|-damage|p2a: Toxapex|40/100
|-damage|p1a: Darmanitan|61/100|[from] Recoil
|
|-weather|SunnyDay|[upkeep]
|upkeep
|turn|10
|c| IExistYouDont|Yes
|c| IExistYouDont|lek
|c|☆RiloBR|lol
|
|t:|1661086615
|switch|p2a: Tyranitar|Tyranitar, F|74/100
|-weather|Sandstorm|[from] ability: Sand Stream|[of] p2a: Tyranitar
|move|p1a: Darmanitan|Flare Blitz|p2a: Tyranitar
|-resisted|p2a: Tyranitar
|-damage|p2a: Tyranitar|26/100
|-damage|p1a: Darmanitan|44/100|[from] Recoil
|
|-weather|Sandstorm|[upkeep]
|-damage|p1a: Darmanitan|38/100|[from] Sandstorm
|-heal|p2a: Tyranitar|33/100|[from] item: Leftovers
|upkeep
|turn|11
|
|t:|1661086626
|switch|p2a: Toxapex|Toxapex, F|73/100
|move|p1a: Darmanitan|Flare Blitz|p2a: Toxapex
|-resisted|p2a: Toxapex
|-damage|p2a: Toxapex|37/100
|-damage|p1a: Darmanitan|27/100|[from] Recoil
|
|-weather|Sandstorm|[upkeep]
|-damage|p1a: Darmanitan|21/100|[from] Sandstorm
|-damage|p2a: Toxapex|31/100|[from] Sandstorm
|upkeep
|turn|12
|
|t:|1661086633
|switch|p2a: Tyranitar|Tyranitar, F|33/100
|move|p1a: Darmanitan|Flare Blitz|p2a: Tyranitar
|-resisted|p2a: Tyranitar
|-damage|p2a: Tyranitar|0 fnt
|faint|p2a: Tyranitar
|-damage|p1a: Darmanitan|9/100|[from] Recoil
|
|-weather|Sandstorm|[upkeep]
|-damage|p1a: Darmanitan|3/100|[from] Sandstorm
|upkeep
|
|t:|1661086638
|switch|p2a: Excadrill|Excadrill, M|100/100
|turn|13
|c|☆tesla roadster|no sir
|c| IExistYouDont|damn
|c|☆tesla roadster|im not switching
|c| IExistYouDont|that this is strong
|c|☆RiloBR|lol gg
|c| IExistYouDont|bye bye fire type checks
|c| IExistYouDont|kek
|j| maxxxnuel
|inactive|tesla roadster has 120 seconds left.
|
|t:|1661086670
|move|p2a: Excadrill|Rapid Spin|p1a: Darmanitan
|-damage|p1a: Darmanitan|0 fnt
|-boost|p2a: Excadrill|spe|1
|faint|p1a: Darmanitan
|
|-weather|Sandstorm|[upkeep]
|upkeep
|inactive|tesla roadster has 120 seconds left.
|
|t:|1661086677
|switch|p1a: Torkoal|Torkoal, F|100/100
|-weather|SunnyDay|[from] ability: Drought|[of] p1a: Torkoal
|turn|14
|inactive|tesla roadster has 120 seconds left.
|
|t:|1661086707
|move|p2a: Excadrill|Earthquake|p1a: Torkoal
|-supereffective|p1a: Torkoal
|-damage|p1a: Torkoal|40/100
|move|p1a: Torkoal|Lava Plume|p2a: Excadrill
|-supereffective|p2a: Excadrill
|-crit|p2a: Excadrill
|-damage|p2a: Excadrill|0 fnt
|faint|p2a: Excadrill
|
|-weather|SunnyDay|[upkeep]
|upkeep
|
|t:|1661086714
|switch|p2a: Tapu Lele|Tapu Lele|100/100
|-fieldstart|move: Psychic Terrain|[from] ability: Psychic Surge|[of] p2a: Tapu Lele
|turn|15
|
|t:|1661086720
|switch|p1a: Landorus|Landorus-Therian, M|82/100 tox
|-ability|p1a: Landorus|Intimidate|boost
|-unboost|p2a: Tapu Lele|atk|1
|move|p2a: Tapu Lele|Focus Blast|p1a: Landorus|[miss]
|-miss|p2a: Tapu Lele|p1a: Landorus
|
|-weather|SunnyDay|[upkeep]
|-damage|p1a: Landorus|76/100 tox|[from] psn
|upkeep
|turn|16
|
|t:|1661086732
|switch|p2a: Celesteela|Celesteela|100/100
|move|p1a: Landorus|U-turn|p2a: Celesteela
|-resisted|p2a: Celesteela
|-damage|p2a: Celesteela|95/100
|
|t:|1661086745
|switch|p1a: Heatran|Heatran, F|100/100|[from]move: U-turn
|-item|p1a: Heatran|Air Balloon
|
|-weather|SunnyDay|[upkeep]
|upkeep
|turn|17
|
|t:|1661086749
|switch|p2a: Toxapex|Toxapex, F|64/100
|move|p1a: Heatran|Magma Storm|p2a: Toxapex|[miss]
|-miss|p1a: Heatran|p2a: Toxapex
|
|-weather|SunnyDay|[upkeep]
|upkeep
|turn|18
|
|t:|1661086753
|move|p1a: Heatran|Magma Storm|p2a: Toxapex
|-resisted|p2a: Toxapex
|-damage|p2a: Toxapex|30/100
|-activate|p2a: Toxapex|move: Magma Storm|[of] p1a: Heatran
|move|p2a: Toxapex|Knock Off|p1a: Heatran
|-damage|p1a: Heatran|87/100
|-enditem|p1a: Heatran|Air Balloon
|
|-weather|SunnyDay|[upkeep]
|-damage|p2a: Toxapex|17/100|[from] move: Magma Storm|[partiallytrapped]
|upkeep
|turn|19
|
|t:|1661086763
|switch|p2a: Tapu Lele|Tapu Lele|100/100
|move|p1a: Heatran|Magma Storm|p2a: Tapu Lele
|-damage|p2a: Tapu Lele|15/100
|-activate|p2a: Tapu Lele|move: Magma Storm|[of] p1a: Heatran
|
|-weather|SunnyDay|[upkeep]
|-damage|p2a: Tapu Lele|3/100|[from] move: Magma Storm|[partiallytrapped]
|-fieldend|move: Psychic Terrain
|upkeep
|turn|20
|
|t:|1661086771
|switch|p1a: Landorus|Landorus-Therian, M|76/100 tox
|-ability|p1a: Landorus|Intimidate|boost
|-unboost|p2a: Tapu Lele|atk|1
|move|p2a: Tapu Lele|Moonblast|p1a: Landorus
|-damage|p1a: Landorus|0 fnt
|faint|p1a: Landorus
|
|-weather|SunnyDay|[upkeep]
|-end|p2a: Tapu Lele|Magma Storm|[partiallytrapped]|[silent]
|upkeep
|inactive|tesla roadster has 120 seconds left.
|
|t:|1661086817
|switch|p1a: Heatran|Heatran, F|87/100
|turn|21
|
|t:|1661086825
|switch|p2a: Toxapex|Toxapex, F|50/100
|move|p1a: Heatran|Magma Storm|p2a: Toxapex
|-resisted|p2a: Toxapex
|-damage|p2a: Toxapex|18/100
|-activate|p2a: Toxapex|move: Magma Storm|[of] p1a: Heatran
|
|-weather|none
|-damage|p2a: Toxapex|5/100|[from] move: Magma Storm|[partiallytrapped]
|upkeep
|turn|22
|
|t:|1661086834
|move|p1a: Heatran|Body Press|p2a: Toxapex
|-resisted|p2a: Toxapex
|-damage|p2a: Toxapex|0 fnt
|faint|p2a: Toxapex
|
|upkeep
|
|t:|1661086844
|switch|p2a: Celesteela|Celesteela|95/100
|turn|23
|inactive|tesla roadster has 120 seconds left.
|
|t:|1661086854
|move|p1a: Heatran|Taunt|p2a: Celesteela
|-start|p2a: Celesteela|move: Taunt
|move|p2a: Celesteela|Earthquake|p1a: Heatran
|-supereffective|p1a: Heatran
|-damage|p1a: Heatran|0 fnt
|faint|p1a: Heatran
|-ability|p2a: Celesteela|Beast Boost|boost
|-boost|p2a: Celesteela|atk|1
|
|upkeep
|inactive|tesla roadster has 120 seconds left.
|
|t:|1661086862
|switch|p1a: Torkoal|Torkoal, F|40/100
|-weather|SunnyDay|[from] ability: Drought|[of] p1a: Torkoal
|turn|24
|
|t:|1661086865
|move|p2a: Celesteela|Earthquake|p1a: Torkoal
|-supereffective|p1a: Torkoal
|-damage|p1a: Torkoal|0 fnt
|faint|p1a: Torkoal
|-ability|p2a: Celesteela|Beast Boost|boost
|-boost|p2a: Celesteela|atk|1
|
|-weather|SunnyDay|[upkeep]
|upkeep
|
|t:|1661086868
|switch|p1a: Blacephalon|Blacephalon|100/100
|turn|25
|
|t:|1661086871
|move|p1a: Blacephalon|Flamethrower|p2a: Celesteela
|-supereffective|p2a: Celesteela
|-damage|p2a: Celesteela|0 fnt
|faint|p2a: Celesteela
|-ability|p1a: Blacephalon|Beast Boost|boost
|-boost|p1a: Blacephalon|spa|1
|
|-weather|SunnyDay|[upkeep]
|upkeep
|
|t:|1661086874
|switch|p2a: Tapu Lele|Tapu Lele|3/100
|-fieldstart|move: Psychic Terrain|[from] ability: Psychic Surge|[of] p2a: Tapu Lele
|turn|26
|c|☆tesla roadster|gg
|c| IExistYouDont|this is gg
|c|☆RiloBR|gg
|
|t:|1661086878
|move|p1a: Blacephalon|Flamethrower|p2a: Tapu Lele
|-crit|p2a: Tapu Lele
|-damage|p2a: Tapu Lele|0 fnt
|faint|p2a: Tapu Lele
|-ability|p1a: Blacephalon|Beast Boost|boost
|-boost|p1a: Blacephalon|spa|1
|
|-weather|SunnyDay|[upkeep]
|upkeep
|l|%Sww-Suwa
|
|t:|1661086880
|switch|p2a: Buzzwole|Buzzwole|100/100
|turn|27
|
|t:|1661086882
|move|p1a: Blacephalon|Flamethrower|p2a: Buzzwole
|-supereffective|p2a: Buzzwole
|-damage|p2a: Buzzwole|0 fnt
|faint|p2a: Buzzwole
|
|win|tesla roadster
|n|☆tesla roadster|teslaroadster
|n|☆RiloBR|rilobr
|n| charleston chu|charlestonchu
|n| skeb|skeb
|n| sgvh|sgvh
|n| IExistYouDont|iexistyoudont
|n| maxxxnuel|maxxxnuel
