|html|<div class="broadcast-blue"><strong>[Gen 8] OU is currently suspecting Zamazenta-Crowned! For information on how to participate check out the <a href="https://www.smogon.com/forums/threads/np-ss-ou-suspect-process-round-10-royals.3681787/">suspect thread</a>.</strong></div>
|j|☆gaijineagle
|j|☆Hockey1
|t:|1618718457
|gametype|singles
|player|p1|gaijineagle|266|
|player|p2|Hockey1|170|
|teamsize|p1|6
|teamsize|p2|6
|gen|8
|tier|[Gen 8] OU
|clearpoke
|poke|p1|Kyurem|
|poke|p1|Zeraora|
|poke|p1|Rillaboom, F|
|poke|p1|Hawlucha, F|
|poke|p1|Scizor, F|
|poke|p1|Dragapult, F|
|poke|p2|Garchomp, M|
|poke|p2|Azumarill, F|
|poke|p2|Landorus-Therian, M|
|poke|p2|Volcarona, F|
|poke|p2|Zamazenta-Crowned|
|poke|p2|Tapu Koko|
|rule|Sleep Clause Mod: Limit one foe put to sleep
|rule|Species Clause: Limit one of each Pokémon
|rule|OHKO Clause: OHKO moves are banned
|rule|Evasion Moves Clause: Evasion moves are banned
|rule|Endless Battle Clause: Forcing endless battles is banned
|rule|HP Percentage Mod: HP is shown in percentages
|rule|Dynamax Clause: You cannot dynamax
|teampreview
|c|☆Hockey1|hf
|c|☆gaijineagle|glhf
|j| miraage
|j| CaesarZeppelixd
|j| brinxtruck
|
|t:|1618718557
|start
|switch|p1a: Rillaboom|Rillaboom, F|100/100
|switch|p2a: Landorus|Landorus-Therian, M|100/100
|-ability|p2a: Landorus|Intimidate|boost
|-unboost|p1a: Rillaboom|atk|1
|-fieldstart|move: Grassy Terrain|[from] ability: Grassy Surge|[of] p1a: Rillaboom
|turn|1
|j| fishsoda
|l| CaesarZeppelixd
|
|t:|1618718599
|switch|p1a: Hawlucha|Hawlucha, F|100/100
|-enditem|p1a: Hawlucha|Grassy Seed
|-boost|p1a: Hawlucha|def|1|[from] item: Grassy Seed
|move|p2a: Landorus|Explosion|p1a: Hawlucha
|-damage|p1a: Hawlucha|14/100
|faint|p2a: Landorus
|
|upkeep
|j| CaesarZeppelixd
|
|t:|1618718614
|switch|p2a: Tapu Koko|Tapu Koko|100/100
|-fieldstart|move: Electric Terrain|[from] ability: Electric Surge|[of] p2a: Tapu Koko
|turn|2
|j| Sleigh Beggy
|
|t:|1618718636
|move|p1a: Hawlucha|Poison Jab|p2a: Tapu Koko
|-supereffective|p2a: Tapu Koko
|-damage|p2a: Tapu Koko|49/100
|-status|p2a: Tapu Koko|psn
|move|p2a: Tapu Koko|Reflect|p2a: Tapu Koko
|-sidestart|p2: Hockey1|Reflect
|
|-damage|p2a: Tapu Koko|37/100 psn|[from] psn
|upkeep
|turn|3
|c|☆Hockey1|oh
|c|☆Hockey1|thats a thing
|n| TDNT|sleighbeggy
|
|t:|1618718702
|move|p1a: Hawlucha|Poison Jab|p2a: Tapu Koko
|-supereffective|p2a: Tapu Koko
|-damage|p2a: Tapu Koko|10/100 psn
|move|p2a: Tapu Koko|Volt Switch|p1a: Hawlucha
|-supereffective|p1a: Hawlucha
|-damage|p1a: Hawlucha|0 fnt
|faint|p1a: Hawlucha
|
|t:|1618718716
|switch|p2a: Zamazenta|Zamazenta-Crowned|100/100|[from]move: Volt Switch
|-ability|p2a: Zamazenta|Dauntless Shield|boost
|-boost|p2a: Zamazenta|def|1
|
|upkeep
|
|t:|1618718778
|switch|p1a: Zeraora|Zeraora|100/100
|turn|4
|
|t:|1618718810
|move|p1a: Zeraora|Bulk Up|p1a: Zeraora
|-boost|p1a: Zeraora|atk|1
|-boost|p1a: Zeraora|def|1
|move|p2a: Zamazenta|Close Combat|p1a: Zeraora
|-damage|p1a: Zeraora|40/100
|-unboost|p2a: Zamazenta|def|1
|-unboost|p2a: Zamazenta|spd|1
|
|upkeep
|turn|5
|
|t:|1618718865
|move|p1a: Zeraora|Close Combat|p2a: Zamazenta
|-supereffective|p2a: Zamazenta
|-damage|p2a: Zamazenta|42/100
|-unboost|p1a: Zeraora|def|1
|-unboost|p1a: Zeraora|spd|1
|-damage|p1a: Zeraora|30/100|[from] item: Life Orb
|move|p2a: Zamazenta|Close Combat|p1a: Zeraora
|-damage|p1a: Zeraora|0 fnt
|-unboost|p2a: Zamazenta|def|1
|-unboost|p2a: Zamazenta|spd|1
|faint|p1a: Zeraora
|
|upkeep
|
|t:|1618718892
|switch|p1a: Kyurem|Kyurem, shiny|100/100
|-ability|p1a: Kyurem|Pressure
|turn|6
|
|t:|1618718913
|switch|p2a: Volcarona|Volcarona, F|100/100
|move|p1a: Kyurem|Earth Power|p2a: Volcarona
|-damage|p2a: Volcarona|67/100
|
|-fieldend|move: Electric Terrain
|upkeep
|turn|7
|
|t:|1618718918
|switch|p1a: Dragapult|Dragapult, F|100/100
|move|p2a: Volcarona|Quiver Dance|p2a: Volcarona
|-boost|p2a: Volcarona|spa|1
|-boost|p2a: Volcarona|spd|1
|-boost|p2a: Volcarona|spe|1
|
|upkeep
|turn|8
|
|t:|1618718921
|switch|p2a: Azumarill|Azumarill, F|100/100
|move|p1a: Dragapult|Dragon Darts|p2a: Azumarill
|-immune|p2a: Azumarill
|
|upkeep
|turn|9
|
|t:|1618718929
|switch|p1a: Rillaboom|Rillaboom, F|100/100
|-fieldstart|move: Grassy Terrain|[from] ability: Grassy Surge|[of] p1a: Rillaboom
|move|p2a: Azumarill|Play Rough|p1a: Rillaboom
|-damage|p1a: Rillaboom|38/100
|
|-heal|p1a: Rillaboom|44/100|[from] Grassy Terrain
|-sideend|p2: Hockey1|Reflect
|upkeep
|turn|10
|j| PedroGreg
|
|t:|1618718958
|switch|p2a: Volcarona|Volcarona, F|67/100
|move|p1a: Rillaboom|Grassy Glide|p2a: Volcarona
|-resisted|p2a: Volcarona
|-damage|p2a: Volcarona|50/100
|-damage|p1a: Rillaboom|34/100|[from] item: Life Orb
|
|-heal|p2a: Volcarona|56/100|[from] Grassy Terrain
|-heal|p1a: Rillaboom|40/100|[from] Grassy Terrain
|upkeep
|turn|11
|
|t:|1618718970
|move|p2a: Volcarona|Roost|p2a: Volcarona
|-heal|p2a: Volcarona|100/100
|-singleturn|p2a: Volcarona|move: Roost
|move|p1a: Rillaboom|Knock Off|p2a: Volcarona
|-damage|p2a: Volcarona|58/100
|-status|p1a: Rillaboom|brn|[from] ability: Flame Body|[of] p2a: Volcarona
|-enditem|p2a: Volcarona|Heavy-Duty Boots|[from] move: Knock Off|[of] p1a: Rillaboom
|-damage|p1a: Rillaboom|30/100 brn|[from] item: Life Orb
|
|-heal|p2a: Volcarona|64/100|[from] Grassy Terrain
|-heal|p1a: Rillaboom|36/100 brn|[from] Grassy Terrain
|-damage|p1a: Rillaboom|30/100 brn|[from] brn
|upkeep
|turn|12
|
|t:|1618718974
|switch|p1a: Dragapult|Dragapult, F|100/100
|move|p2a: Volcarona|Roost|p2a: Volcarona
|-heal|p2a: Volcarona|100/100
|-singleturn|p2a: Volcarona|move: Roost
|
|upkeep
|turn|13
|
|t:|1618718976
|switch|p2a: Azumarill|Azumarill, F|100/100
|move|p1a: Dragapult|Dragon Darts|p2a: Azumarill
|-immune|p2a: Azumarill
|
|-fieldend|move: Grassy Terrain
|upkeep
|turn|14
|
|t:|1618719005
|switch|p1a: Rillaboom|Rillaboom, F|30/100 brn
|-fieldstart|move: Grassy Terrain|[from] ability: Grassy Surge|[of] p1a: Rillaboom
|move|p2a: Azumarill|Play Rough|p1a: Rillaboom
|-damage|p1a: Rillaboom|0 fnt
|faint|p1a: Rillaboom
|
|upkeep
|
|t:|1618719007
|switch|p1a: Scizor|Scizor, F|100/100
|turn|15
|
|t:|1618719010
|switch|p2a: Volcarona|Volcarona, F|100/100
|move|p1a: Scizor|Swords Dance|p1a: Scizor
|-boost|p1a: Scizor|atk|2
|
|upkeep
|turn|16
|
|t:|1618719021
|switch|p1a: Dragapult|Dragapult, F|100/100
|move|p2a: Volcarona|Flamethrower|p1a: Dragapult
|-resisted|p1a: Dragapult
|-damage|p1a: Dragapult|70/100
|
|-heal|p1a: Dragapult|76/100|[from] Grassy Terrain
|upkeep
|turn|17
|
|t:|1618719026
|switch|p1a: Scizor|Scizor, F|100/100
|switch|p2a: Azumarill|Azumarill, F|100/100
|
|upkeep
|turn|18
|
|t:|1618719094
|switch|p1a: Dragapult|Dragapult, F|76/100
|switch|p2a: Volcarona|Volcarona, F|100/100
|
|-heal|p1a: Dragapult|82/100|[from] Grassy Terrain
|-fieldend|move: Grassy Terrain
|upkeep
|turn|19
|
|t:|1618719098
|switch|p2a: Azumarill|Azumarill, F|100/100
|move|p1a: Dragapult|Dragon Dance|p1a: Dragapult
|-boost|p1a: Dragapult|atk|1
|-boost|p1a: Dragapult|spe|1
|
|upkeep
|turn|20
|
|t:|1618719103
|move|p1a: Dragapult|Phantom Force||[still]
|-prepare|p1a: Dragapult|Phantom Force
|move|p2a: Azumarill|Knock Off|p1a: Dragapult|[miss]
|-miss|p2a: Azumarill|p1a: Dragapult
|
|upkeep
|turn|21
|
|t:|1618719106
|move|p1a: Dragapult|Phantom Force|p2a: Azumarill|[from]lockedmove
|-damage|p2a: Azumarill|0 fnt
|-damage|p1a: Dragapult|72/100|[from] item: Life Orb
|faint|p2a: Azumarill
|
|upkeep
|
|t:|1618719182
|switch|p2a: Zamazenta|Zamazenta-Crowned|42/100
|-ability|p2a: Zamazenta|Dauntless Shield|boost
|-boost|p2a: Zamazenta|def|1
|turn|22
|
|t:|1618719189
|move|p1a: Dragapult|Phantom Force||[still]
|-prepare|p1a: Dragapult|Phantom Force
|move|p2a: Zamazenta|Behemoth Bash|p1a: Dragapult|[miss]
|-miss|p2a: Zamazenta|p1a: Dragapult
|
|upkeep
|turn|23
|
|t:|1618719212
|move|p1a: Dragapult|Phantom Force|p2a: Zamazenta|[from]lockedmove
|-damage|p2a: Zamazenta|0 fnt
|-damage|p1a: Dragapult|63/100|[from] item: Life Orb
|faint|p2a: Zamazenta
|
|upkeep
|c|☆Hockey1|damn
|
|t:|1618719240
|switch|p2a: Volcarona|Volcarona, F|100/100
|turn|24
|j| outk kong
|
|t:|1618719244
|move|p1a: Dragapult|Phantom Force||[still]
|-prepare|p1a: Dragapult|Phantom Force
|move|p2a: Volcarona|Flamethrower|p1a: Dragapult|[miss]
|-miss|p2a: Volcarona|p1a: Dragapult
|
|upkeep
|turn|25
|
|t:|1618719261
|move|p1a: Dragapult|Phantom Force|p2a: Volcarona|[from]lockedmove
|-damage|p2a: Volcarona|3/100
|-damage|p1a: Dragapult|53/100|[from] item: Life Orb
|move|p2a: Volcarona|Flamethrower|p1a: Dragapult
|-resisted|p1a: Dragapult
|-damage|p1a: Dragapult|22/100
|
|upkeep
|turn|26
|l| outk kong
|
|t:|1618719280
|move|p1a: Dragapult|Dragon Darts|p2a: Volcarona
|-damage|p2a: Volcarona|0 fnt
|-damage|p1a: Dragapult|12/100|[from] item: Life Orb
|faint|p2a: Volcarona
|
|upkeep
|j| outk kong
|l| CaesarZeppelixd
|
|t:|1618719283
|switch|p2a: Tapu Koko|Tapu Koko|10/100 psn
|-fieldstart|move: Electric Terrain|[from] ability: Electric Surge|[of] p2a: Tapu Koko
|turn|27
|c|☆Hockey1|thats unfort
|c|☆Hockey1|but gg
|
|t:|1618719291
|move|p1a: Dragapult|Phantom Force||[still]
|-prepare|p1a: Dragapult|Phantom Force
|move|p2a: Tapu Koko|Volt Switch|p1a: Dragapult|[miss]
|-miss|p2a: Tapu Koko|p1a: Dragapult
|
|-damage|p2a: Tapu Koko|0 fnt|[from] psn
|faint|p2a: Tapu Koko
|upkeep
|
|t:|1618719293
|switch|p2a: Garchomp|Garchomp, M|100/100
|turn|28
|
|t:|1618719295
|move|p1a: Dragapult|Phantom Force|p2a: Garchomp|[from]lockedmove
|-damage|p2a: Garchomp|10/100
|-damage|p1a: Dragapult|0 fnt|[from] ability: Rough Skin|[of] p2a: Garchomp
|faint|p1a: Dragapult
|move|p2a: Garchomp|Scale Shot|p1: Dragapult|[notarget]
|-fail|p2a: Garchomp
|
|-heal|p2a: Garchomp|16/100|[from] item: Leftovers
|upkeep
|
|t:|1618719299
|switch|p1a: Scizor|Scizor, F|100/100
|turn|29
|
|t:|1618719305
|move|p1a: Scizor|Bullet Punch|p2a: Garchomp
|-damage|p2a: Garchomp|0 fnt
|-damage|p1a: Scizor|88/100|[from] ability: Rough Skin|[of] p2a: Garchomp
|-damage|p1a: Scizor|78/100|[from] item: Life Orb
|faint|p2a: Garchomp
|
|win|gaijineagle
|l| brinxtruck
|l|☆Hockey1
|c|☆gaijineagle|gg bro
|l| outk kong
