|raw|<div class="broadcast-blue"><strong>This battle is required to be public due to a player having a name starting with 'btlt200'.</div>
|j|☆IMSOMALD
|j|☆BTLT200$ FLEXMAN
|t:|1668179925
|gametype|singles
|player|p1|IMSOMALD|ethan-masters|1792
|player|p2|BTLT200$ FLEXMAN|baker|1769
|teamsize|p1|6
|teamsize|p2|6
|gen|8
|tier|[Gen 8] OU
|rated|
|rule|Sleep Clause Mod: Limit one foe put to sleep
|rule|Species Clause: Limit one of each Pokémon
|rule|OHKO Clause: OHKO moves are banned
|rule|Evasion Items Clause: Evasion items are banned
|rule|Evasion Moves Clause: Evasion moves are banned
|rule|Endless Battle Clause: Forcing endless battles is banned
|rule|HP Percentage Mod: HP is shown in percentages
|rule|Dynamax Clause: You cannot dynamax
|clearpoke
|poke|p1|Rillaboom, M|
|poke|p1|Tornadus-Therian, M|
|poke|p1|Blaziken, M|
|poke|p1|Melmetal|
|poke|p1|Garchomp, F|
|poke|p1|Slowbro, F|
|poke|p2|Volcanion|
|poke|p2|Ninetales-Alola, F|
|poke|p2|Corviknight, F|
|poke|p2|Arctozolt|
|poke|p2|Landorus-Therian, M|
|poke|p2|Tornadus-Therian, M|
|teampreview
|inactive|Battle timer is ON: inactive players will automatically lose when time's up. (requested by IMSOMALD)
|j| BTLT200$ brrr
|
|t:|1668179943
|start
|switch|p1a: Tornadus|Tornadus-Therian, M|100/100
|switch|p2a: The Strap Winds|Ninetales-Alola, F|100/100
|-weather|Hail|[from] ability: Snow Warning|[of] p2a: The Strap Winds
|turn|1
|
|t:|1668179953
|move|p1a: Tornadus|Heat Wave|p2a: The Strap Winds
|-supereffective|p2a: The Strap Winds
|-damage|p2a: The Strap Winds|52/100
|move|p2a: The Strap Winds|Hypnosis|p1a: Tornadus
|-status|p1a: Tornadus|slp|[from] move: Hypnosis
|
|-weather|Hail|[upkeep]
|-damage|p1a: Tornadus|94/100 slp|[from] Hail
|upkeep
|turn|2
|j| gold bottle
|
|t:|1668179962
|switch|p1a: Melmetal|Melmetal|100/100
|switch|p2a: The Strapcano|Volcanion|100/100
|
|-weather|Hail|[upkeep]
|-damage|p2a: The Strapcano|95/100|[from] Hail
|-damage|p1a: Melmetal|94/100|[from] Hail
|-heal|p1a: Melmetal|100/100|[from] item: Leftovers
|upkeep
|turn|3
|j| HereForFrens
|
|t:|1668179968
|move|p1a: Melmetal|Protect|p1a: Melmetal
|-singleturn|p1a: Melmetal|Protect
|move|p2a: The Strapcano|Flamethrower|p1a: Melmetal
|-activate|p1a: Melmetal|move: Protect
|
|-weather|Hail|[upkeep]
|-damage|p2a: The Strapcano|89/100|[from] Hail
|-damage|p1a: Melmetal|94/100|[from] Hail
|-heal|p1a: Melmetal|100/100|[from] item: Leftovers
|upkeep
|turn|4
|
|t:|1668179974
|switch|p1a: Garchomp|Garchomp, F|100/100
|move|p2a: The Strapcano|Flamethrower|p1a: Garchomp
|-resisted|p1a: Garchomp
|-damage|p1a: Garchomp|73/100
|
|-weather|Hail|[upkeep]
|-damage|p1a: Garchomp|67/100|[from] Hail
|-damage|p2a: The Strapcano|83/100|[from] Hail
|-heal|p1a: Garchomp|73/100|[from] item: Leftovers
|upkeep
|turn|5
|
|t:|1668179981
|switch|p2a: Carson|Landorus-Therian, M|100/100
|-ability|p2a: Carson|Intimidate|boost
|-unboost|p1a: Garchomp|atk|1
|move|p1a: Garchomp|Stealth Rock|p2a: Carson
|-sidestart|p2: BTLT200$ FLEXMAN|move: Stealth Rock
|
|-weather|Hail|[upkeep]
|-damage|p1a: Garchomp|67/100|[from] Hail
|-damage|p2a: Carson|94/100|[from] Hail
|-heal|p1a: Garchomp|73/100|[from] item: Leftovers
|-heal|p2a: Carson|100/100|[from] item: Leftovers
|upkeep
|turn|6
|
|t:|1668179985
|move|p1a: Garchomp|Toxic|p2a: Carson
|-status|p2a: Carson|tox
|move|p2a: Carson|Toxic|p1a: Garchomp
|-status|p1a: Garchomp|tox
|
|-weather|Hail|[upkeep]
|-damage|p1a: Garchomp|67/100 tox|[from] Hail
|-damage|p2a: Carson|94/100 tox|[from] Hail
|-heal|p1a: Garchomp|73/100 tox|[from] item: Leftovers
|-heal|p2a: Carson|100/100 tox|[from] item: Leftovers
|-damage|p1a: Garchomp|67/100 tox|[from] psn
|-damage|p2a: Carson|94/100 tox|[from] psn
|upkeep
|turn|7
|l| HereForFrens
|
|t:|1668179997
|switch|p1a: Tornadus|Tornadus-Therian, M|100/100 slp
|move|p2a: Carson|Defog|p1a: Tornadus
|-unboost|p1a: Tornadus|evasion|1
|-sideend|p2: BTLT200$ FLEXMAN|Stealth Rock|[from] move: Defog|[of] p2a: Carson
|
|-weather|Hail|[upkeep]
|-damage|p1a: Tornadus|94/100 slp|[from] Hail
|-damage|p2a: Carson|88/100 tox|[from] Hail
|-heal|p2a: Carson|94/100 tox|[from] item: Leftovers
|-damage|p2a: Carson|82/100 tox|[from] psn
|upkeep
|turn|8
|
|t:|1668180001
|cant|p1a: Tornadus|slp
|move|p2a: Carson|U-turn|p1a: Tornadus
|-resisted|p1a: Tornadus
|-damage|p1a: Tornadus|83/100 slp
|
|t:|1668180008
|switch|p2a: The Strap.|Arctozolt|100/100|[from]move: U-turn
|
|-weather|none
|upkeep
|turn|9
|
|t:|1668180018
|switch|p1a: Slowbro|Slowbro, F|100/100
|switch|p2a: The Strap Winds|Ninetales-Alola, F|52/100
|-weather|Hail|[from] ability: Snow Warning|[of] p2a: The Strap Winds
|
|-weather|Hail|[upkeep]
|-damage|p1a: Slowbro|94/100|[from] Hail
|upkeep
|turn|10
|
|t:|1668180025
|move|p2a: The Strap Winds|Freeze-Dry|p1a: Slowbro
|-supereffective|p1a: Slowbro
|-damage|p1a: Slowbro|50/100
|move|p1a: Slowbro|Toxic|p2a: The Strap Winds
|-status|p2a: The Strap Winds|tox
|
|-weather|Hail|[upkeep]
|-damage|p1a: Slowbro|44/100|[from] Hail
|-damage|p2a: The Strap Winds|46/100 tox|[from] psn
|upkeep
|turn|11
|
|t:|1668180036
|switch|p2a: The Strapcano|Volcanion|83/100
|switch|p1a: Melmetal|Melmetal|100/100
|
|-weather|Hail|[upkeep]
|-damage|p2a: The Strapcano|77/100|[from] Hail
|-damage|p1a: Melmetal|94/100|[from] Hail
|-heal|p1a: Melmetal|100/100|[from] item: Leftovers
|upkeep
|turn|12
|
|t:|1668180041
|move|p1a: Melmetal|Protect|p1a: Melmetal
|-singleturn|p1a: Melmetal|Protect
|move|p2a: The Strapcano|Flamethrower|p1a: Melmetal
|-activate|p1a: Melmetal|move: Protect
|
|-weather|Hail|[upkeep]
|-damage|p2a: The Strapcano|71/100|[from] Hail
|-damage|p1a: Melmetal|94/100|[from] Hail
|-heal|p1a: Melmetal|100/100|[from] item: Leftovers
|upkeep
|turn|13
|
|t:|1668180045
|switch|p1a: Slowbro|Slowbro, F|77/100
|move|p2a: The Strapcano|Flamethrower|p1a: Slowbro
|-resisted|p1a: Slowbro
|-damage|p1a: Slowbro|37/100
|-status|p1a: Slowbro|brn
|
|-weather|Hail|[upkeep]
|-damage|p2a: The Strapcano|65/100|[from] Hail
|-damage|p1a: Slowbro|31/100 brn|[from] Hail
|-damage|p1a: Slowbro|25/100 brn|[from] brn
|upkeep
|turn|14
|
|t:|1668180062
|move|p2a: The Strapcano|Flamethrower|p1a: Slowbro
|-resisted|p1a: Slowbro
|-damage|p1a: Slowbro|0 fnt
|faint|p1a: Slowbro
|
|-weather|Hail|[upkeep]
|-damage|p2a: The Strapcano|59/100|[from] Hail
|upkeep
|
|t:|1668180064
|switch|p1a: Blaziken|Blaziken, M|100/100
|turn|15
|
|t:|1668180076
|move|p2a: The Strapcano|Flamethrower|p1a: Blaziken
|-resisted|p1a: Blaziken
|-crit|p1a: Blaziken
|-damage|p1a: Blaziken|27/100
|move|p1a: Blaziken|Swords Dance|p1a: Blaziken
|-boost|p1a: Blaziken|atk|2
|
|-weather|Hail|[upkeep]
|-damage|p2a: The Strapcano|53/100|[from] Hail
|-damage|p1a: Blaziken|20/100|[from] Hail
|-heal|p1a: Blaziken|27/100|[from] item: Leftovers
|-ability|p1a: Blaziken|Speed Boost|boost
|-boost|p1a: Blaziken|spe|1
|upkeep
|turn|16
|
|t:|1668180085
|switch|p2a: The Strap Genie|Tornadus-Therian, M|100/100
|move|p1a: Blaziken|Close Combat|p2a: The Strap Genie
|-resisted|p2a: The Strap Genie
|-damage|p2a: The Strap Genie|29/100
|-unboost|p1a: Blaziken|def|1
|-unboost|p1a: Blaziken|spd|1
|
|-weather|none
|-heal|p1a: Blaziken|33/100|[from] item: Leftovers
|-ability|p1a: Blaziken|Speed Boost|boost
|-boost|p1a: Blaziken|spe|1
|upkeep
|turn|17
|
|t:|1668180093
|switch|p2a: The Corvonsolo|Corviknight, F|100/100
|-ability|p2a: The Corvonsolo|Pressure
|move|p1a: Blaziken|Close Combat|p2a: The Corvonsolo
|-damage|p2a: The Corvonsolo|25/100
|-unboost|p1a: Blaziken|def|1
|-unboost|p1a: Blaziken|spd|1
|-damage|p1a: Blaziken|16/100|[from] item: Rocky Helmet|[of] p2a: The Corvonsolo
|
|-heal|p1a: Blaziken|22/100|[from] item: Leftovers
|-ability|p1a: Blaziken|Speed Boost|boost
|-boost|p1a: Blaziken|spe|1
|upkeep
|turn|18
|
|t:|1668180103
|move|p1a: Blaziken|Close Combat|p2a: The Corvonsolo
|-damage|p2a: The Corvonsolo|0 fnt
|-unboost|p1a: Blaziken|def|1
|-unboost|p1a: Blaziken|spd|1
|-damage|p1a: Blaziken|6/100|[from] item: Rocky Helmet|[of] p2a: The Corvonsolo
|faint|p2a: The Corvonsolo
|
|-heal|p1a: Blaziken|12/100|[from] item: Leftovers
|-ability|p1a: Blaziken|Speed Boost|boost
|-boost|p1a: Blaziken|spe|1
|upkeep
|
|t:|1668180109
|switch|p2a: Carson|Landorus-Therian, M|82/100 tox
|-ability|p2a: Carson|Intimidate|boost
|-unboost|p1a: Blaziken|atk|1
|turn|19
|
|t:|1668180119
|move|p1a: Blaziken|Flare Blitz|p2a: Carson
|-damage|p2a: Carson|0 fnt
|faint|p2a: Carson
|-damage|p1a: Blaziken|0 fnt|[from] Recoil
|faint|p1a: Blaziken
|
|upkeep
|
|t:|1668180128
|switch|p1a: Melmetal|Melmetal|100/100
|switch|p2a: The Strap Winds|Ninetales-Alola, F|46/100 tox
|-weather|Hail|[from] ability: Snow Warning|[of] p2a: The Strap Winds
|turn|20
|
|t:|1668180136
|move|p2a: The Strap Winds|Freeze-Dry|p1a: Melmetal
|-resisted|p1a: Melmetal
|-damage|p1a: Melmetal|92/100
|move|p1a: Melmetal|Thunder Punch|p2a: The Strap Winds
|-damage|p2a: The Strap Winds|2/100 tox
|
|-weather|Hail|[upkeep]
|-damage|p1a: Melmetal|85/100|[from] Hail
|-heal|p1a: Melmetal|92/100|[from] item: Leftovers
|-damage|p2a: The Strap Winds|0 fnt|[from] psn
|faint|p2a: The Strap Winds
|upkeep
|
|t:|1668180145
|switch|p2a: The Strapcano|Volcanion|53/100
|turn|21
|
|t:|1668180149
|move|p1a: Melmetal|Protect|p1a: Melmetal
|-singleturn|p1a: Melmetal|Protect
|move|p2a: The Strapcano|Steam Eruption|p1a: Melmetal
|-activate|p1a: Melmetal|move: Protect
|
|-weather|Hail|[upkeep]
|-damage|p2a: The Strapcano|47/100|[from] Hail
|-damage|p1a: Melmetal|85/100|[from] Hail
|-heal|p1a: Melmetal|92/100|[from] item: Leftovers
|upkeep
|turn|22
|
|t:|1668180157
|switch|p1a: Tornadus|Tornadus-Therian, M|100/100 slp
|move|p2a: The Strapcano|Steam Eruption|p1a: Tornadus
|-damage|p1a: Tornadus|14/100 slp
|
|-weather|Hail|[upkeep]
|-damage|p1a: Tornadus|8/100 slp|[from] Hail
|-damage|p2a: The Strapcano|41/100|[from] Hail
|upkeep
|turn|23
|
|t:|1668180163
|switch|p2a: The Strap.|Arctozolt|100/100
|cant|p1a: Tornadus|slp
|
|-weather|Hail|[upkeep]
|-damage|p1a: Tornadus|2/100 slp|[from] Hail
|upkeep
|turn|24
|
|t:|1668180169
|move|p2a: The Strap.|Substitute|p2a: The Strap.
|-start|p2a: The Strap.|Substitute
|-damage|p2a: The Strap.|76/100
|-curestatus|p1a: Tornadus|slp|[msg]
|move|p1a: Tornadus|Heat Wave|p2a: The Strap.
|-supereffective|p2a: The Strap.
|-end|p2a: The Strap.|Substitute
|
|-weather|Hail|[upkeep]
|-damage|p1a: Tornadus|0 fnt|[from] Hail
|faint|p1a: Tornadus
|-heal|p2a: The Strap.|82/100|[from] item: Leftovers
|upkeep
|
|t:|1668180172
|switch|p1a: Melmetal|Melmetal|92/100
|turn|25
|
|t:|1668180179
|move|p2a: The Strap.|Bolt Beak|p1a: Melmetal
|-damage|p1a: Melmetal|49/100
|move|p1a: Melmetal|Double Iron Bash|p2a: The Strap.
|-damage|p2a: The Strap.|33/100
|-damage|p2a: The Strap.|0 fnt
|faint|p2a: The Strap.
|-hitcount|p2: The Strap.|2
|
|-weather|Hail|[upkeep]
|-damage|p1a: Melmetal|43/100|[from] Hail
|-heal|p1a: Melmetal|49/100|[from] item: Leftovers
|upkeep
|
|t:|1668180184
|switch|p2a: The Strapcano|Volcanion|41/100
|turn|26
|
|t:|1668180188
|move|p1a: Melmetal|Protect|p1a: Melmetal
|-singleturn|p1a: Melmetal|Protect
|move|p2a: The Strapcano|Flamethrower|p1a: Melmetal
|-activate|p1a: Melmetal|move: Protect
|
|-weather|Hail|[upkeep]
|-damage|p2a: The Strapcano|35/100|[from] Hail
|-damage|p1a: Melmetal|43/100|[from] Hail
|-heal|p1a: Melmetal|49/100|[from] item: Leftovers
|upkeep
|turn|27
|
|t:|1668180196
|switch|p1a: Garchomp|Garchomp, F|67/100 tox
|move|p2a: The Strapcano|Flamethrower|p1a: Garchomp
|-resisted|p1a: Garchomp
|-damage|p1a: Garchomp|43/100 tox
|
|-weather|none
|-heal|p1a: Garchomp|49/100 tox|[from] item: Leftovers
|-damage|p1a: Garchomp|43/100 tox|[from] psn
|upkeep
|turn|28
|j| BABORAFAC
|
|t:|1668180203
|move|p1a: Garchomp|Stealth Rock|p2a: The Strapcano
|-sidestart|p2: BTLT200$ FLEXMAN|move: Stealth Rock
|move|p2a: The Strapcano|Flamethrower|p1a: Garchomp
|-resisted|p1a: Garchomp
|-damage|p1a: Garchomp|19/100 tox
|
|-heal|p1a: Garchomp|26/100 tox|[from] item: Leftovers
|-damage|p1a: Garchomp|13/100 tox|[from] psn
|upkeep
|turn|29
|
|t:|1668180209
|move|p1a: Garchomp|Toxic|p2a: The Strapcano
|-status|p2a: The Strapcano|tox
|move|p2a: The Strapcano|Flamethrower|p1a: Garchomp
|-resisted|p1a: Garchomp
|-damage|p1a: Garchomp|0 fnt
|faint|p1a: Garchomp
|
|-damage|p2a: The Strapcano|29/100 tox|[from] psn
|upkeep
|
|t:|1668180219
|switch|p1a: Rillaboom|Rillaboom, M|100/100
|-fieldstart|move: Grassy Terrain|[from] ability: Grassy Surge|[of] p1a: Rillaboom
|turn|30
|
|t:|1668180221
|move|p1a: Rillaboom|Grassy Glide|p2a: The Strapcano
|-damage|p2a: The Strapcano|0 fnt
|faint|p2a: The Strapcano
|
|upkeep
|
|t:|1668180223
|switch|p2a: The Strap Genie|Tornadus-Therian, M|62/100
|-damage|p2a: The Strap Genie|37/100|[from] Stealth Rock
|turn|31
|
|t:|1668180229
|move|p1a: Rillaboom|Grassy Glide|p2a: The Strap Genie
|-resisted|p2a: The Strap Genie
|-damage|p2a: The Strap Genie|9/100
|move|p2a: The Strap Genie|Hurricane|p1a: Rillaboom
|-supereffective|p1a: Rillaboom
|-damage|p1a: Rillaboom|12/100
|
|-heal|p1a: Rillaboom|18/100|[from] Grassy Terrain
|-heal|p1a: Rillaboom|24/100|[from] item: Leftovers
|upkeep
|turn|32
|
|t:|1668180233
|move|p1a: Rillaboom|Grassy Glide|p2a: The Strap Genie
|-resisted|p2a: The Strap Genie
|-damage|p2a: The Strap Genie|0 fnt
|faint|p2a: The Strap Genie
|
|win|IMSOMALD
|raw|IMSOMALD's rating: 1792 &rarr; <strong>1811</strong><br />(+19 for winning)
|raw|BTLT200$ FLEXMAN's rating: 1769 &rarr; <strong>1750</strong><br />(-19 for losing)
|l|☆BTLT200$ FLEXMAN
||Ladder isn't responding, score probably updated but might not have (Request timeout).
