|raw|<div class="broadcast-blue"><strong>This battle is required to be public due to a player having a name starting with 'lt82zw'.</div>
|j|☆LT82ZW Makuryu
|j|☆Orangesavior
|t:|1626107412
|gametype|singles
|player|p1|LT82ZW Makuryu|266|1639
|player|p2|Orangesavior|silver|1710
|teamsize|p1|6
|teamsize|p2|6
|gen|8
|tier|[Gen 8] OU
|rated|
|rule|Sleep Clause Mod: Limit one foe put to sleep
|rule|Species Clause: Limit one of each Pokémon
|rule|OHKO Clause: OHKO moves are banned
|rule|Evasion Moves Clause: Evasion moves are banned
|rule|Endless Battle Clause: Forcing endless battles is banned
|rule|HP Percentage Mod: HP is shown in percentages
|rule|Dynamax Clause: You cannot dynamax
|clearpoke
|poke|p1|Dragonite, M|
|poke|p1|Landorus-Therian, M|
|poke|p1|Tapu Fini|
|poke|p1|Weavile, F|
|poke|p1|Kartana|
|poke|p1|Magnezone|
|poke|p2|Pelipper, F|
|poke|p2|Barraskewda, M|
|poke|p2|Ferrothorn, M|
|poke|p2|Seismitoad, F|
|poke|p2|Tapu Koko|
|poke|p2|Tornadus-Therian, M|
|teampreview
|
|t:|1626107425
|start
|switch|p1a: Magnezone|Magnezone|100/100
|switch|p2a: Big Gulp sponsor|Pelipper, F|100/100
|-weather|RainDance|[from] ability: Drizzle|[of] p2a: Big Gulp sponsor
|turn|1
|inactive|Battle timer is ON: inactive players will automatically lose when time's up. (requested by Orangesavior)
|
|t:|1626107432
|switch|p1a: Kartana|Kartana|100/100
|switch|p2a: Agent ¥|Seismitoad, F|100/100
|
|-weather|RainDance|[upkeep]
|upkeep
|turn|2
|
|t:|1626107439
|switch|p1a: Magnezone|Magnezone|100/100
|switch|p2a: Tornadus|Tornadus-Therian, M|100/100
|
|-weather|RainDance|[upkeep]
|upkeep
|turn|3
|
|t:|1626107454
|switch|p1a: Tapu Fini|Tapu Fini|100/100
|-fieldstart|move: Misty Terrain|[from] ability: Misty Surge|[of] p1a: Tapu Fini
|move|p2a: Tornadus|U-turn|p1a: Tapu Fini
|-resisted|p1a: Tapu Fini
|-damage|p1a: Tapu Fini|94/100
|
|t:|1626107458
|switch|p2a: Agent ¥|Seismitoad, F|100/100|[from]move: U-turn
|
|-weather|RainDance|[upkeep]
|-heal|p1a: Tapu Fini|99/100|[from] item: Leftovers
|upkeep
|turn|4
|
|t:|1626107464
|move|p2a: Agent ¥|Sludge Wave|p1a: Tapu Fini
|-supereffective|p1a: Tapu Fini
|-damage|p1a: Tapu Fini|52/100
|-damage|p2a: Agent ¥|91/100|[from] item: Life Orb
|move|p1a: Tapu Fini|Nature's Madness|p2a: Agent ¥
|-damage|p2a: Agent ¥|46/100
|
|-weather|RainDance|[upkeep]
|-heal|p1a: Tapu Fini|58/100|[from] item: Leftovers
|upkeep
|turn|5
|
|t:|1626107474
|move|p2a: Agent ¥|Sludge Wave|p1a: Tapu Fini
|-supereffective|p1a: Tapu Fini
|-damage|p1a: Tapu Fini|6/100
|-damage|p2a: Agent ¥|36/100|[from] item: Life Orb
|move|p1a: Tapu Fini|Moonblast|p2a: Agent ¥
|-damage|p2a: Agent ¥|0 fnt
|faint|p2a: Agent ¥
|
|-weather|RainDance|[upkeep]
|-heal|p1a: Tapu Fini|12/100|[from] item: Leftovers
|upkeep
|
|t:|1626107478
|switch|p2a: One fish two fish|Barraskewda, M|100/100
|turn|6
|
|t:|1626107486
|move|p2a: One fish two fish|Liquidation|p1a: Tapu Fini
|-resisted|p1a: Tapu Fini
|-damage|p1a: Tapu Fini|0 fnt
|faint|p1a: Tapu Fini
|
|-weather|RainDance|[upkeep]
|upkeep
|
|t:|1626107498
|switch|p1a: Kartana|Kartana|100/100
|turn|7
|
|t:|1626107502
|switch|p2a: Tornadus|Tornadus-Therian, M|100/100
|move|p1a: Kartana|Knock Off|p2a: Tornadus
|-damage|p2a: Tornadus|58/100
|-enditem|p2a: Tornadus|Heavy-Duty Boots|[from] move: Knock Off|[of] p1a: Kartana
|
|-weather|RainDance|[upkeep]
|-fieldend|Misty Terrain
|upkeep
|turn|8
|
|t:|1626107510
|switch|p1a: Magnezone|Magnezone|100/100
|move|p2a: Tornadus|U-turn|p1a: Magnezone
|-resisted|p1a: Magnezone
|-damage|p1a: Magnezone|94/100
|
|t:|1626107514
|switch|p2a: One fish two fish|Barraskewda, M|100/100|[from]move: U-turn
|
|-weather|none
|upkeep
|turn|9
|
|t:|1626107521
|move|p2a: One fish two fish|Flip Turn|p1a: Magnezone
|-damage|p1a: Magnezone|49/100
|
|t:|1626107526
|switch|p2a: Tornadus|Tornadus-Therian, M|91/100|[from]move: Flip Turn
|move|p1a: Magnezone|Thunderbolt|p2a: Tornadus
|-supereffective|p2a: Tornadus
|-damage|p2a: Tornadus|6/100
|
|upkeep
|turn|10
|
|t:|1626107534
|move|p2a: Tornadus|U-turn|p1a: Magnezone
|-resisted|p1a: Magnezone
|-damage|p1a: Magnezone|43/100
|
|t:|1626107537
|switch|p2a: Hates rain|Ferrothorn, M|100/100|[from]move: U-turn
|move|p1a: Magnezone|Thunderbolt|p2a: Hates rain
|-resisted|p2a: Hates rain
|-damage|p2a: Hates rain|83/100
|
|-heal|p2a: Hates rain|90/100|[from] item: Leftovers
|upkeep
|turn|11
|
|t:|1626107544
|move|p1a: Magnezone|Iron Defense|p1a: Magnezone
|-boost|p1a: Magnezone|def|2
|move|p2a: Hates rain|Leech Seed|p1a: Magnezone
|-start|p1a: Magnezone|move: Leech Seed
|
|-heal|p2a: Hates rain|96/100|[from] item: Leftovers
|-damage|p1a: Magnezone|31/100|[from] Leech Seed|[of] p2a: Hates rain
|-heal|p2a: Hates rain|100/100|[silent]
|upkeep
|turn|12
|
|t:|1626107551
|move|p1a: Magnezone|Iron Defense|p1a: Magnezone
|-boost|p1a: Magnezone|def|2
|move|p2a: Hates rain|Knock Off|p1a: Magnezone
|-damage|p1a: Magnezone|25/100
|-enditem|p1a: Magnezone|Chople Berry|[from] move: Knock Off|[of] p2a: Hates rain
|
|-damage|p1a: Magnezone|13/100|[from] Leech Seed|[of] p2a: Hates rain
|upkeep
|turn|13
|
|t:|1626107561
|move|p1a: Magnezone|Body Press|p2a: Hates rain
|-supereffective|p2a: Hates rain
|-damage|p2a: Hates rain|14/100
|-damage|p1a: Magnezone|0 fnt|[from] ability: Iron Barbs|[of] p2a: Hates rain
|faint|p1a: Magnezone
|move|p2a: Hates rain|Spikes|p1: Magnezone
|-sidestart|p1: LT82ZW Makuryu|Spikes
|
|-heal|p2a: Hates rain|20/100|[from] item: Leftovers
|upkeep
|
|t:|1626107571
|switch|p1a: Kartana|Kartana|100/100
|-damage|p1a: Kartana|88/100|[from] Spikes
|turn|14
|
|t:|1626107584
|switch|p2a: Big Gulp sponsor|Pelipper, F|100/100
|-weather|RainDance|[from] ability: Drizzle|[of] p2a: Big Gulp sponsor
|move|p1a: Kartana|Knock Off|p2a: Big Gulp sponsor
|-damage|p2a: Big Gulp sponsor|66/100
|-enditem|p2a: Big Gulp sponsor|Damp Rock|[from] move: Knock Off|[of] p1a: Kartana
|
|-weather|RainDance|[upkeep]
|upkeep
|turn|15
|
|t:|1626107594
|move|p1a: Kartana|Knock Off|p2a: Big Gulp sponsor
|-damage|p2a: Big Gulp sponsor|44/100
|move|p2a: Big Gulp sponsor|U-turn|p1a: Kartana
|-damage|p1a: Kartana|79/100
|
|t:|1626107600
|switch|p2a: One fish two fish|Barraskewda, M|100/100|[from]move: U-turn
|
|-weather|RainDance|[upkeep]
|upkeep
|turn|16
|
|t:|1626107605
|move|p2a: One fish two fish|Flip Turn|p1a: Kartana
|-resisted|p1a: Kartana
|-damage|p1a: Kartana|38/100
|
|t:|1626107611
|switch|p2a: Hates rain|Ferrothorn, M|20/100|[from]move: Flip Turn
|move|p1a: Kartana|Knock Off|p2a: Hates rain
|-damage|p2a: Hates rain|0 fnt
|-damage|p1a: Kartana|26/100|[from] ability: Iron Barbs|[of] p2a: Hates rain
|-enditem|p2a: Hates rain|Leftovers|[from] move: Knock Off|[of] p1a: Kartana
|faint|p2a: Hates rain
|-ability|p1a: Kartana|Beast Boost|boost
|-boost|p1a: Kartana|atk|1
|
|-weather|RainDance|[upkeep]
|upkeep
|
|t:|1626107620
|switch|p2a: One fish two fish|Barraskewda, M|100/100
|turn|17
|
|t:|1626107623
|move|p2a: One fish two fish|Flip Turn|p1a: Kartana
|-resisted|p1a: Kartana
|-crit|p1a: Kartana
|-damage|p1a: Kartana|0 fnt
|faint|p1a: Kartana
|
|t:|1626107627
|switch|p2a: Speed Overdose|Tapu Koko|100/100|[from]move: Flip Turn
|-fieldstart|move: Electric Terrain|[from] ability: Electric Surge|[of] p2a: Speed Overdose
|
|-weather|RainDance|[upkeep]
|upkeep
|
|t:|1626107653
|switch|p1a: Landorus|Landorus-Therian, M|100/100
|-ability|p1a: Landorus|Intimidate|boost
|-unboost|p2a: Speed Overdose|atk|1
|turn|18
|
|t:|1626107656
|switch|p2a: Tornadus|Tornadus-Therian, M|39/100
|move|p1a: Landorus|Stealth Rock|p2a: Tornadus
|-sidestart|p2: Orangesavior|move: Stealth Rock
|
|-weather|RainDance|[upkeep]
|upkeep
|turn|19
|
|t:|1626107664
|switch|p1a: Weavile|Weavile, F|100/100
|-ability|p1a: Weavile|Pressure
|move|p2a: Tornadus|Defog|p1a: Weavile
|-unboost|p1a: Weavile|evasion|1
|-sideend|p1: LT82ZW Makuryu|Spikes|[from] move: Defog|[of] p2a: Tornadus
|-sideend|p2: Orangesavior|Stealth Rock|[from] move: Defog|[of] p2a: Tornadus
|-fieldend|move: Electric Terrain
|
|-weather|RainDance|[upkeep]
|upkeep
|turn|20
|
|t:|1626107673
|move|p1a: Weavile|Icicle Crash|p2a: Tornadus
|-supereffective|p2a: Tornadus
|-damage|p2a: Tornadus|0 fnt
|faint|p2a: Tornadus
|
|-weather|RainDance|[upkeep]
|upkeep
|
|t:|1626107679
|switch|p2a: One fish two fish|Barraskewda, M|100/100
|turn|21
|
|t:|1626107682
|move|p2a: One fish two fish|Flip Turn|p1a: Weavile
|-damage|p1a: Weavile|0 fnt
|faint|p1a: Weavile
|
|t:|1626107687
|switch|p2a: Speed Overdose|Tapu Koko|100/100|[from]move: Flip Turn
|-fieldstart|move: Electric Terrain|[from] ability: Electric Surge|[of] p2a: Speed Overdose
|
|-weather|none
|upkeep
|
|t:|1626107693
|switch|p1a: Dragonite|Dragonite, M|100/100
|turn|22
|
|t:|1626107701
|move|p2a: Speed Overdose|Volt Switch|p1a: Dragonite
|-damage|p1a: Dragonite|73/100
|
|t:|1626107704
|switch|p2a: Big Gulp sponsor|Pelipper, F|44/100|[from]move: Volt Switch
|-weather|RainDance|[from] ability: Drizzle|[of] p2a: Big Gulp sponsor
|move|p1a: Dragonite|Dragon Dance|p1a: Dragonite
|-boost|p1a: Dragonite|atk|1
|-boost|p1a: Dragonite|spe|1
|
|-weather|RainDance|[upkeep]
|upkeep
|turn|23
|
|t:|1626107712
|move|p1a: Dragonite|Dual Wingbeat|p2a: Big Gulp sponsor
|-damage|p2a: Big Gulp sponsor|20/100
|-damage|p2a: Big Gulp sponsor|0 fnt
|faint|p2a: Big Gulp sponsor
|-hitcount|p2: Big Gulp sponsor|2
|
|-weather|RainDance|[upkeep]
|upkeep
|
|t:|1626107717
|switch|p2a: One fish two fish|Barraskewda, M|100/100
|turn|24
|
|t:|1626107722
|move|p2a: One fish two fish|Flip Turn|p1a: Dragonite
|-resisted|p1a: Dragonite
|-damage|p1a: Dragonite|33/100
|
|t:|1626107725
|switch|p2a: Speed Overdose|Tapu Koko|100/100|[from]move: Flip Turn
|move|p1a: Dragonite|Earthquake|p2a: Speed Overdose
|-supereffective|p2a: Speed Overdose
|-crit|p2a: Speed Overdose
|-damage|p2a: Speed Overdose|0 fnt
|faint|p2a: Speed Overdose
|
|-weather|RainDance|[upkeep]
|upkeep
|
|t:|1626107728
|switch|p2a: One fish two fish|Barraskewda, M|100/100
|turn|25
|
|t:|1626107736
|switch|p1a: Landorus|Landorus-Therian, M|100/100
|-ability|p1a: Landorus|Intimidate|boost
|-unboost|p2a: One fish two fish|atk|1
|move|p2a: One fish two fish|Liquidation|p1a: Landorus
|-supereffective|p1a: Landorus
|-damage|p1a: Landorus|0 fnt
|faint|p1a: Landorus
|
|-weather|RainDance|[upkeep]
|-fieldend|move: Electric Terrain
|upkeep
|
|t:|1626107745
|switch|p1a: Dragonite|Dragonite, M|33/100
|turn|26
|
|t:|1626107748
|move|p2a: One fish two fish|Liquidation|p1a: Dragonite
|-resisted|p1a: Dragonite
|-damage|p1a: Dragonite|0 fnt
|faint|p1a: Dragonite
|
|win|Orangesavior
|raw|LT82ZW Makuryu's rating: 1639 &rarr; <strong>1623</strong><br />(-16 for losing)
|raw|Orangesavior's rating: 1710 &rarr; <strong>1726</strong><br />(+16 for winning)
|c|☆Orangesavior|gg
|l|☆LT82ZW Makuryu
||Ladder isn't responding, score probably updated but might not have (Request timeout).
