|j|☆quixana
|j|☆cump4
|t:|1667261601
|gametype|singles
|player|p1|quixana|1|1745
|player|p2|cump4|schoolkid-gen4|1669
|teamsize|p1|6
|teamsize|p2|6
|gen|8
|tier|[Gen 8] OU
|rated|
|rule|Sleep Clause Mod: Limit one foe put to sleep
|rule|Species Clause: Limit one of each Pokémon
|rule|OHKO Clause: OHKO moves are banned
|rule|Evasion Items Clause: Evasion items are banned
|rule|Evasion Moves Clause: Evasion moves are banned
|rule|Endless Battle Clause: Forcing endless battles is banned
|rule|HP Percentage Mod: HP is shown in percentages
|rule|Dynamax Clause: You cannot dynamax
|clearpoke
|poke|p1|Kartana|
|poke|p1|Buzzwole|
|poke|p1|Tapu Lele|
|poke|p1|Landorus-Therian, M|
|poke|p1|Slowbro, M|
|poke|p1|Blissey, F|
|poke|p2|Clefable, F|
|poke|p2|Skarmory, F|
|poke|p2|Toxapex, F|
|poke|p2|Weavile, M|
|poke|p2|Reuniclus, M|
|poke|p2|Zeraora|
|teampreview
|j| CutePokesOnly
|
|t:|1667261625
|start
|switch|p1a: Tapu Lele|Tapu Lele|100/100
|switch|p2a: Toxapex|Toxapex, F, shiny|100/100
|-fieldstart|move: Psychic Terrain|[from] ability: Psychic Surge|[of] p1a: Tapu Lele
|turn|1
|
|t:|1667261630
|move|p1a: Tapu Lele|Psyshock|p2a: Toxapex
|-supereffective|p2a: Toxapex
|-damage|p2a: Toxapex|0 fnt
|faint|p2a: Toxapex
|
|upkeep
|
|t:|1667261633
|switch|p2a: Weavile|Weavile, M|100/100
|-ability|p2a: Weavile|Pressure
|turn|2
|
|t:|1667261643
|switch|p2a: Reuniclus|Reuniclus, M, shiny|100/100
|switch|p1a: Buzzwole|Buzzwole|100/100
|
|upkeep
|turn|3
|
|t:|1667261649
|switch|p2a: Skarmory|Skarmory, F, shiny|100/100
|move|p1a: Buzzwole|Leech Life|p2a: Skarmory
|-resisted|p2a: Skarmory
|-damage|p2a: Skarmory|95/100
|-damage|p1a: Buzzwole|84/100|[from] item: Rocky Helmet|[of] p2a: Skarmory
|
|upkeep
|turn|4
|
|t:|1667261656
|switch|p1a: Tapu Lele|Tapu Lele|100/100
|move|p2a: Skarmory|Spikes|p1a: Tapu Lele
|-sidestart|p1: quixana|Spikes
|
|upkeep
|turn|5
|
|t:|1667261663
|switch|p2a: Zeraora|Zeraora|100/100
|move|p1a: Tapu Lele|Moonblast|p2a: Zeraora
|-damage|p2a: Zeraora|0 fnt
|faint|p2a: Zeraora
|
|-fieldend|move: Psychic Terrain
|upkeep
|
|t:|1667261666
|switch|p2a: Weavile|Weavile, M|100/100
|-ability|p2a: Weavile|Pressure
|turn|6
|
|t:|1667261731
|switch|p1a: Blissey|Blissey, F|100/100
|move|p2a: Weavile|Swords Dance|p2a: Weavile
|-boost|p2a: Weavile|atk|2
|
|upkeep
|turn|7
|
|t:|1667261742
|move|p2a: Weavile|Knock Off|p1a: Blissey
|-damage|p1a: Blissey|12/100
|-enditem|p1a: Blissey|Heavy-Duty Boots|[from] move: Knock Off|[of] p2a: Weavile
|move|p1a: Blissey|Stealth Rock|p2a: Weavile
|-sidestart|p2: cump4|move: Stealth Rock
|
|upkeep
|turn|8
|
|t:|1667261745
|move|p2a: Weavile|Knock Off|p1a: Blissey
|-damage|p1a: Blissey|0 fnt
|faint|p1a: Blissey
|
|upkeep
|
|t:|1667261749
|switch|p1a: Buzzwole|Buzzwole|84/100
|-damage|p1a: Buzzwole|71/100|[from] Spikes
|turn|9
|
|t:|1667261761
|move|p1a: Buzzwole|Leech Life|p2a: Weavile
|-supereffective|p2a: Weavile
|-damage|p2a: Weavile|0 fnt
|-heal|p1a: Buzzwole|100/100|[from] drain|[of] p2a: Weavile
|faint|p2a: Weavile
|-ability|p1a: Buzzwole|Beast Boost|boost
|-boost|p1a: Buzzwole|atk|1
|
|upkeep
|j| Jongruenwald
|
|t:|1667261765
|switch|p2a: Clefable|Clefable, F|100/100
|turn|10
|
|t:|1667261773
|switch|p1a: Tapu Lele|Tapu Lele|100/100
|-damage|p1a: Tapu Lele|88/100|[from] Spikes
|-fieldstart|move: Psychic Terrain|[from] ability: Psychic Surge|[of] p1a: Tapu Lele
|move|p2a: Clefable|Stealth Rock|p1a: Tapu Lele
|-sidestart|p1: quixana|move: Stealth Rock
|
|upkeep
|turn|11
|
|t:|1667261782
|move|p1a: Tapu Lele|Moonblast|p2a: Clefable
|-damage|p2a: Clefable|31/100
|move|p2a: Clefable|Thunder Wave|p1a: Tapu Lele
|-status|p1a: Tapu Lele|par
|
|-heal|p2a: Clefable|37/100|[from] item: Leftovers
|upkeep
|turn|12
|
|t:|1667261786
|move|p2a: Clefable|Moonblast|p1a: Tapu Lele
|-damage|p1a: Tapu Lele|53/100 par
|cant|p1a: Tapu Lele|par
|
|-heal|p2a: Clefable|43/100|[from] item: Leftovers
|upkeep
|turn|13
|
|t:|1667261788
|move|p2a: Clefable|Moonblast|p1a: Tapu Lele
|-damage|p1a: Tapu Lele|20/100 par
|move|p1a: Tapu Lele|Moonblast|p2a: Clefable
|-damage|p2a: Clefable|0 fnt
|faint|p2a: Clefable
|
|upkeep
|
|t:|1667261791
|switch|p2a: Reuniclus|Reuniclus, M, shiny|100/100
|turn|14
|
|t:|1667261794
|switch|p1a: Kartana|Kartana|100/100
|-damage|p1a: Kartana|88/100|[from] Spikes
|-damage|p1a: Kartana|82/100|[from] Stealth Rock
|move|p2a: Reuniclus|Calm Mind|p2a: Reuniclus
|-boost|p2a: Reuniclus|spa|1
|-boost|p2a: Reuniclus|spd|1
|
|-fieldend|move: Psychic Terrain
|upkeep
|turn|15
|
|t:|1667261796
|move|p1a: Kartana|Knock Off|p2a: Reuniclus
|-supereffective|p2a: Reuniclus
|-damage|p2a: Reuniclus|0 fnt
|-enditem|p2a: Reuniclus|Leftovers|[from] move: Knock Off|[of] p1a: Kartana
|faint|p2a: Reuniclus
|-ability|p1a: Kartana|Beast Boost|boost
|-boost|p1a: Kartana|atk|1
|
|upkeep
|
|t:|1667261800
|switch|p2a: Skarmory|Skarmory, F, shiny|95/100
|-damage|p2a: Skarmory|82/100|[from] Stealth Rock
|turn|16
|
|t:|1667261807
|move|p1a: Kartana|Knock Off|p2a: Skarmory
|-damage|p2a: Skarmory|30/100
|-damage|p1a: Kartana|65/100|[from] item: Rocky Helmet|[of] p2a: Skarmory
|-enditem|p2a: Skarmory|Rocky Helmet|[from] move: Knock Off|[of] p1a: Kartana
|move|p2a: Skarmory|Spikes|p1a: Kartana
|-sidestart|p1: quixana|Spikes
|
|upkeep
|turn|17
|
|t:|1667261810
|move|p1a: Kartana|Knock Off|p2a: Skarmory
|-damage|p2a: Skarmory|0 fnt
|faint|p2a: Skarmory
|
|win|quixana
|raw|quixana's rating: 1745 &rarr; <strong>1761</strong><br />(+16 for winning)
|raw|cump4's rating: 1669 &rarr; <strong>1653</strong><br />(-16 for losing)
|c|☆cump4|gg
|c|☆quixana|Gg
||Ladder isn't responding, score probably updated but might not have (Request timeout).
|l| CutePokesOnly
