|j|☆dmt dreams
|j|☆yuvan1
|inactive|Battle timer is ON: inactive players will automatically lose when time's up.
|t:|1664189653
|gametype|singles
|player|p1|dmt dreams|gambler-gen1|
|player|p2|yuvan1|lusamine-nihilego|
|teamsize|p1|6
|teamsize|p2|6
|gen|8
|tier|[Gen 8] OU
|rated|Tournament battle
|rule|Sleep Clause Mod: Limit one foe put to sleep
|rule|Species Clause: Limit one of each Pokémon
|rule|OHKO Clause: OHKO moves are banned
|rule|Evasion Items Clause: Evasion items are banned
|rule|Evasion Moves Clause: Evasion moves are banned
|rule|Endless Battle Clause: Forcing endless battles is banned
|rule|HP Percentage Mod: HP is shown in percentages
|rule|Dynamax Clause: You cannot dynamax
|clearpoke
|poke|p1|Mew|
|poke|p1|Zeraora|
|poke|p1|Celesteela|
|poke|p1|Dragapult, M|
|poke|p1|Weavile, M|
|poke|p1|Nihilego|
|poke|p2|Hawlucha, F|
|poke|p2|Tapu Koko|
|poke|p2|Raichu-Alola, F|
|poke|p2|Amoonguss, F|
|poke|p2|Landorus-Therian, M|
|poke|p2|Volcarona, M|
|teampreview
|inactive|dmt dreams also wants the timer to be on.
|
|t:|1664189658
|start
|switch|p1a: Mew|Mew|100/100
|switch|p2a: Tapu Koko|Tapu Koko|100/100
|-fieldstart|move: Electric Terrain|[from] ability: Electric Surge|[of] p2a: Tapu Koko
|turn|1
|
|t:|1664189663
|move|p2a: Tapu Koko|U-turn|p1a: Mew
|-supereffective|p1a: Mew
|-damage|p1a: Mew|71/100
|
|t:|1664189670
|switch|p2a: Volcarona|Volcarona, M|100/100|[from]move: U-turn
|move|p1a: Mew|Stealth Rock|p2a: Volcarona
|-sidestart|p2: yuvan1|move: Stealth Rock
|
|upkeep
|turn|2
|
|t:|1664189673
|move|p1a: Mew|Thunder Wave|p2a: Volcarona|[miss]
|-miss|p1a: Mew|p2a: Volcarona
|move|p2a: Volcarona|Quiver Dance|p2a: Volcarona
|-boost|p2a: Volcarona|spa|1
|-boost|p2a: Volcarona|spd|1
|-boost|p2a: Volcarona|spe|1
|
|upkeep
|turn|3
|
|t:|1664189680
|move|p2a: Volcarona|Quiver Dance|p2a: Volcarona
|-boost|p2a: Volcarona|spa|1
|-boost|p2a: Volcarona|spd|1
|-boost|p2a: Volcarona|spe|1
|move|p1a: Mew|Thunder Wave|p2a: Volcarona
|-status|p2a: Volcarona|par
|
|upkeep
|turn|4
|j| Billaboom
|
|t:|1664189683
|move|p1a: Mew|Spikes|p2a: Volcarona
|-sidestart|p2: yuvan1|Spikes
|move|p2a: Volcarona|Quiver Dance|p2a: Volcarona
|-boost|p2a: Volcarona|spa|1
|-boost|p2a: Volcarona|spd|1
|-boost|p2a: Volcarona|spe|1
|
|upkeep
|turn|5
|
|t:|1664189686
|move|p1a: Mew|Taunt|p2a: Volcarona
|-start|p2a: Volcarona|move: Taunt
|cant|p2a: Volcarona|move: Taunt|Quiver Dance
|
|upkeep
|turn|6
|
|t:|1664189688
|move|p1a: Mew|Spikes|p2a: Volcarona
|-sidestart|p2: yuvan1|Spikes
|move|p2a: Volcarona|Fiery Dance|p1a: Mew
|-damage|p1a: Mew|0 fnt
|-boost|p2a: Volcarona|spa|1
|faint|p1a: Mew
|
|upkeep
|
|t:|1664189690
|switch|p1a: Nihilego|Nihilego|100/100
|turn|7
|l| Billaboom
|
|t:|1664189693
|move|p1a: Nihilego|Meteor Beam||[still]
|-prepare|p1a: Nihilego|Meteor Beam
|-boost|p1a: Nihilego|spa|1
|-enditem|p1a: Nihilego|Power Herb
|-anim|p1a: Nihilego|Meteor Beam|p2a: Volcarona
|-supereffective|p2a: Volcarona
|-damage|p2a: Volcarona|0 fnt
|faint|p2a: Volcarona
|-ability|p1a: Nihilego|Beast Boost|boost
|-boost|p1a: Nihilego|spe|1
|
|upkeep
|
|t:|1664189698
|switch|p2a: Landorus|Landorus-Therian, M|100/100
|-damage|p2a: Landorus|88/100|[from] Stealth Rock
|-ability|p2a: Landorus|Intimidate|boost
|-unboost|p1a: Nihilego|atk|1
|turn|8
|
|t:|1664189701
|move|p1a: Nihilego|Power Gem|p2a: Landorus
|-damage|p2a: Landorus|18/100
|move|p2a: Landorus|Earthquake|p1a: Nihilego
|-supereffective|p1a: Nihilego
|-damage|p1a: Nihilego|0 fnt
|faint|p1a: Nihilego
|
|-heal|p2a: Landorus|24/100|[from] item: Leftovers
|-fieldend|move: Electric Terrain
|upkeep
|
|t:|1664189704
|switch|p1a: Zeraora|Zeraora|100/100
|turn|9
|
|t:|1664189710
|switch|p2a: Amoonguss|Amoonguss, F|100/100
|-damage|p2a: Amoonguss|88/100|[from] Stealth Rock
|-damage|p2a: Amoonguss|71/100|[from] Spikes
|move|p1a: Zeraora|Knock Off|p2a: Amoonguss
|-damage|p2a: Amoonguss|44/100
|-enditem|p2a: Amoonguss|Leftovers|[from] move: Knock Off|[of] p1a: Zeraora
|
|upkeep
|turn|10
|
|t:|1664189715
|move|p1a: Zeraora|Taunt|p2a: Amoonguss
|-start|p2a: Amoonguss|move: Taunt
|cant|p2a: Amoonguss|move: Taunt|Synthesis
|
|upkeep
|turn|11
|
|t:|1664189718
|switch|p1a: Dragapult|Dragapult, M|100/100
|move|p2a: Amoonguss|Giga Drain|p1a: Dragapult
|-resisted|p1a: Dragapult
|-damage|p1a: Dragapult|82/100
|-heal|p2a: Amoonguss|51/100|[from] drain|[of] p1a: Dragapult
|
|upkeep
|turn|12
|
|t:|1664189730
|switch|p2a: Landorus|Landorus-Therian, M|24/100
|-damage|p2a: Landorus|11/100|[from] Stealth Rock
|-ability|p2a: Landorus|Intimidate|boost
|-unboost|p1a: Dragapult|atk|1
|move|p1a: Dragapult|Shadow Ball|p2a: Landorus
|-damage|p2a: Landorus|0 fnt
|faint|p2a: Landorus
|
|upkeep
|
|t:|1664189735
|switch|p2a: Tapu Koko|Tapu Koko|100/100
|-damage|p2a: Tapu Koko|88/100|[from] Stealth Rock
|-damage|p2a: Tapu Koko|72/100|[from] Spikes
|-fieldstart|move: Electric Terrain|[from] ability: Electric Surge|[of] p2a: Tapu Koko
|turn|13
|
|t:|1664189741
|switch|p1a: Zeraora|Zeraora|100/100
|move|p2a: Tapu Koko|Dazzling Gleam|p1a: Zeraora
|-damage|p1a: Zeraora|60/100
|
|upkeep
|turn|14
|
|t:|1664189755
|move|p1a: Zeraora|Plasma Fists|p2a: Tapu Koko
|-resisted|p2a: Tapu Koko
|-damage|p2a: Tapu Koko|28/100
|-fieldactivate|move: Ion Deluge
|-hint|Normal-type moves become Electric-type after using Plasma Fists.
|move|p2a: Tapu Koko|Defog|p1a: Zeraora
|-unboost|p1a: Zeraora|evasion|1
|-sideend|p2: yuvan1|Spikes|[from] move: Defog|[of] p2a: Tapu Koko
|-sideend|p2: yuvan1|Stealth Rock|[from] move: Defog|[of] p2a: Tapu Koko
|-fieldend|move: Electric Terrain
|
|upkeep
|turn|15
|
|t:|1664189768
|switch|p1a: Weavile|Weavile, M|100/100
|-ability|p1a: Weavile|Pressure
|switch|p2a: Amoonguss|Amoonguss, F|85/100
|
|upkeep
|turn|16
|
|t:|1664189773
|switch|p2a: Tapu Koko|Tapu Koko|28/100
|-fieldstart|move: Electric Terrain|[from] ability: Electric Surge|[of] p2a: Tapu Koko
|move|p1a: Weavile|Triple Axel|p2a: Tapu Koko
|-damage|p2a: Tapu Koko|9/100
|-damage|p2a: Tapu Koko|0 fnt
|faint|p2a: Tapu Koko
|-hitcount|p2: Tapu Koko|2
|-damage|p1a: Weavile|91/100|[from] item: Life Orb
|
|upkeep
|
|t:|1664189778
|switch|p2a: Hawlucha|Hawlucha, F|100/100
|-enditem|p2a: Hawlucha|Electric Seed
|-boost|p2a: Hawlucha|def|1|[from] item: Electric Seed
|turn|17
|
|t:|1664189780
|move|p2a: Hawlucha|Swords Dance|p2a: Hawlucha
|-boost|p2a: Hawlucha|atk|2
|move|p1a: Weavile|Triple Axel|p2a: Hawlucha
|-supereffective|p2a: Hawlucha
|-damage|p2a: Hawlucha|71/100
|-supereffective|p2a: Hawlucha
|-damage|p2a: Hawlucha|11/100
|-supereffective|p2a: Hawlucha
|-damage|p2a: Hawlucha|0 fnt
|faint|p2a: Hawlucha
|-hitcount|p2: Hawlucha|3
|-damage|p1a: Weavile|81/100|[from] item: Life Orb
|
|upkeep
|
|t:|1664189785
|switch|p2a: Raichu|Raichu-Alola, F|100/100
|turn|18
|
|t:|1664189787
|switch|p1a: Zeraora|Zeraora|60/100
|move|p2a: Raichu|Rising Voltage|p1a: Zeraora
|-heal|p1a: Zeraora|85/100|[from] ability: Volt Absorb|[of] p2a: Raichu
|
|upkeep
|turn|19
|
|t:|1664189790
|move|p2a: Raichu|Psychic|p1a: Zeraora
|-damage|p1a: Zeraora|34/100
|move|p1a: Zeraora|Knock Off|p2a: Raichu
|-supereffective|p2a: Raichu
|-damage|p2a: Raichu|0 fnt
|-enditem|p2a: Raichu|Leftovers|[from] move: Knock Off|[of] p1a: Zeraora
|faint|p2a: Raichu
|
|upkeep
|
|t:|1664189793
|switch|p2a: Amoonguss|Amoonguss, F|100/100
|turn|20
|
|t:|1664189795
|move|p1a: Zeraora|Taunt|p2a: Amoonguss
|-start|p2a: Amoonguss|move: Taunt
|move|p2a: Amoonguss|Giga Drain|p1a: Zeraora
|-damage|p1a: Zeraora|3/100
|
|upkeep
|turn|21
|-message|yuvan1 forfeited.
|
|win|dmt dreams
|n|☆dmt dreams|dmtdreams
|n|☆yuvan1|yuvan1
|l|☆yuvan1
|c|☆dmt dreams|easy as fuck
