|j|☆cump3
|j|☆jptoroglass
|t:|1655249930
|gametype|singles
|player|p1|cump3|gentleman-gen4|1621
|player|p2|jptoroglass|marley|1758
|teamsize|p1|6
|teamsize|p2|6
|gen|8
|tier|[Gen 8] OU
|rated|
|rule|Sleep Clause Mod: Limit one foe put to sleep
|rule|Species Clause: Limit one of each Pokémon
|rule|OHKO Clause: OHKO moves are banned
|rule|Evasion Moves Clause: Evasion moves are banned
|rule|Endless Battle Clause: Forcing endless battles is banned
|rule|HP Percentage Mod: HP is shown in percentages
|rule|Dynamax Clause: You cannot dynamax
|clearpoke
|poke|p1|Ferrothorn, F|
|poke|p1|Pelipper, F|
|poke|p1|Barraskewda, M|
|poke|p1|Moltres-Galar|
|poke|p1|Raichu, M|
|poke|p1|Tapu Lele|
|poke|p2|Mew|
|poke|p2|Cloyster, M|
|poke|p2|Gengar, M|
|poke|p2|Bisharp, F|
|poke|p2|Rillaboom, F|
|poke|p2|Hawlucha, M|
|teampreview
|inactive|Battle timer is ON: inactive players will automatically lose when time's up. (requested by jptoroglass)
|c|☆cump3|hf
|c|☆jptoroglass|you too
|
|t:|1655249957
|start
|switch|p1a: Tapu Lele|Tapu Lele, shiny|100/100
|switch|p2a: Mew|Mew, shiny|100/100
|-fieldstart|move: Psychic Terrain|[from] ability: Psychic Surge|[of] p1a: Tapu Lele
|turn|1
|
|t:|1655249961
|move|p1a: Tapu Lele|Moonblast|p2a: Mew
|-damage|p2a: Mew|53/100
|-unboost|p2a: Mew|spa|1
|-enditem|p2a: Mew|Red Card|[of] p1a: Tapu Lele
|drag|p1a: Rainchu|Raichu, M, shiny|100/100
|move|p2a: Mew|Stealth Rock|p1a: Rainchu
|-sidestart|p1: cump3|move: Stealth Rock
|
|upkeep
|turn|2
|
|t:|1655249969
|move|p1a: Rainchu|Thunder|p2a: Mew
|-damage|p2a: Mew|17/100
|move|p2a: Mew|Spikes|p1a: Rainchu
|-sidestart|p1: cump3|Spikes
|
|upkeep
|turn|3
|
|t:|1655249977
|switch|p1a: Pelipper|Pelipper, F, shiny|100/100
|-damage|p1a: Pelipper|75/100|[from] Stealth Rock
|-weather|RainDance|[from] ability: Drizzle|[of] p1a: Pelipper
|switch|p2a: DK did it first|Rillaboom, F|100/100
|-fieldstart|move: Grassy Terrain|[from] ability: Grassy Surge|[of] p2a: DK did it first
|
|-weather|RainDance|[upkeep]
|upkeep
|turn|4
|
|t:|1655249989
|move|p2a: DK did it first|Grassy Glide|p1a: Pelipper
|-crit|p1a: Pelipper
|-damage|p1a: Pelipper|0 fnt
|faint|p1a: Pelipper
|-damage|p2a: DK did it first|91/100|[from] item: Life Orb
|
|-weather|RainDance|[upkeep]
|-heal|p2a: DK did it first|97/100|[from] Grassy Terrain
|upkeep
|
|t:|1655249994
|switch|p1a: Tapu Lele|Tapu Lele, shiny|100/100
|-damage|p1a: Tapu Lele|88/100|[from] Stealth Rock
|-damage|p1a: Tapu Lele|76/100|[from] Spikes
|-fieldstart|move: Psychic Terrain|[from] ability: Psychic Surge|[of] p1a: Tapu Lele
|turn|5
|
|t:|1655249999
|switch|p2a: Mew|Mew, shiny|17/100
|move|p1a: Tapu Lele|Thunder|p2a: Mew
|-damage|p2a: Mew|0 fnt
|faint|p2a: Mew
|
|-weather|RainDance|[upkeep]
|upkeep
|
|t:|1655250011
|switch|p2a: DK did it first|Rillaboom, F|97/100
|-fieldstart|move: Grassy Terrain|[from] ability: Grassy Surge|[of] p2a: DK did it first
|turn|6
|
|t:|1655250034
|switch|p1a: Ferrothorn|Ferrothorn, F|100/100
|-damage|p1a: Ferrothorn|95/100|[from] Stealth Rock
|-damage|p1a: Ferrothorn|82/100|[from] Spikes
|switch|p2a: Zero|Bisharp, F|100/100
|
|-weather|RainDance|[upkeep]
|-heal|p1a: Ferrothorn|88/100|[from] Grassy Terrain
|upkeep
|turn|7
|
|t:|1655250050
|switch|p2a: Okage|Gengar, M|100/100
|move|p1a: Ferrothorn|Body Press|p2a: Okage
|-immune|p2a: Okage
|
|-weather|RainDance|[upkeep]
|-heal|p1a: Ferrothorn|94/100|[from] Grassy Terrain
|upkeep
|turn|8
|
|t:|1655250054
|move|p2a: Okage|Taunt|p1a: Ferrothorn
|-start|p1a: Ferrothorn|move: Taunt
|move|p1a: Ferrothorn|Knock Off|p2a: Okage
|-supereffective|p2a: Okage
|-damage|p2a: Okage|13/100
|-enditem|p2a: Okage|Focus Sash|[from] move: Knock Off|[of] p1a: Ferrothorn
|
|-weather|RainDance|[upkeep]
|-heal|p2a: Okage|19/100|[from] Grassy Terrain
|-heal|p1a: Ferrothorn|99/100|[from] Grassy Terrain
|upkeep
|turn|9
|
|t:|1655250071
|switch|p1a: Tapu Lele|Tapu Lele, shiny|76/100
|-damage|p1a: Tapu Lele|63/100|[from] Stealth Rock
|-damage|p1a: Tapu Lele|51/100|[from] Spikes
|-fieldstart|move: Psychic Terrain|[from] ability: Psychic Surge|[of] p1a: Tapu Lele
|move|p2a: Okage|Focus Blast|p1a: Tapu Lele|[miss]
|-miss|p2a: Okage|p1a: Tapu Lele
|
|-weather|RainDance|[upkeep]
|upkeep
|turn|10
|inactive|jptoroglass has 120 seconds left.
|
|t:|1655250097
|move|p1a: Tapu Lele|Moonblast|p2a: Okage
|-resisted|p2a: Okage
|-damage|p2a: Okage|0 fnt
|faint|p2a: Okage
|
|-weather|none
|upkeep
|
|t:|1655250101
|switch|p2a: DK did it first|Rillaboom, F|97/100
|-fieldstart|move: Grassy Terrain|[from] ability: Grassy Surge|[of] p2a: DK did it first
|turn|11
|inactive|jptoroglass has 120 seconds left.
|
|t:|1655250116
|move|p1a: Tapu Lele|Moonblast|p2a: DK did it first
|-crit|p2a: DK did it first
|-damage|p2a: DK did it first|0 fnt
|faint|p2a: DK did it first
|
|-heal|p1a: Tapu Lele|57/100|[from] Grassy Terrain
|upkeep
|inactive|jptoroglass has 120 seconds left.
|c|☆jptoroglass|nice lol
|
|t:|1655250126
|switch|p2a: Adam West|Hawlucha, M|100/100
|-enditem|p2a: Adam West|Grassy Seed
|-boost|p2a: Adam West|def|1|[from] item: Grassy Seed
|turn|12
|
|t:|1655250135
|move|p2a: Adam West|Acrobatics|p1a: Tapu Lele
|-damage|p1a: Tapu Lele|0 fnt
|faint|p1a: Tapu Lele
|
|upkeep
|
|t:|1655250141
|switch|p1a: Rainchu|Raichu, M, shiny|100/100
|-damage|p1a: Rainchu|88/100|[from] Stealth Rock
|-damage|p1a: Rainchu|76/100|[from] Spikes
|turn|13
|
|t:|1655250146
|move|p2a: Adam West|Close Combat|p1a: Rainchu
|-damage|p1a: Rainchu|0 fnt
|-unboost|p2a: Adam West|def|1
|-unboost|p2a: Adam West|spd|1
|faint|p1a: Rainchu
|
|upkeep
|
|t:|1655250151
|switch|p1a: Moltres|Moltres-Galar|100/100
|turn|14
|
|t:|1655250163
|move|p2a: Adam West|Stone Edge|p1a: Moltres
|-supereffective|p1a: Moltres
|-damage|p1a: Moltres|38/100
|-ability|p1a: Moltres|Berserk|boost
|-boost|p1a: Moltres|spa|1
|move|p1a: Moltres|Hurricane|p2a: Adam West
|-supereffective|p2a: Adam West
|-damage|p2a: Adam West|0 fnt
|faint|p2a: Adam West
|
|upkeep
|
|t:|1655250172
|switch|p2a: MagicConch|Cloyster, M|100/100
|turn|15
|
|t:|1655250176
|move|p1a: Moltres|Fiery Wrath|p2a: MagicConch
|-enditem|p2a: MagicConch|Focus Sash
|-damage|p2a: MagicConch|1/100
|move|p2a: MagicConch|Shell Smash|p2a: MagicConch
|-unboost|p2a: MagicConch|def|1
|-unboost|p2a: MagicConch|spd|1
|-boost|p2a: MagicConch|atk|2
|-boost|p2a: MagicConch|spa|2
|-boost|p2a: MagicConch|spe|2
|
|-heal|p2a: MagicConch|7/100|[from] Grassy Terrain
|-fieldend|move: Grassy Terrain
|upkeep
|turn|16
|
|t:|1655250178
|move|p2a: MagicConch|Ice Shard|p1a: Moltres
|-supereffective|p1a: Moltres
|-damage|p1a: Moltres|0 fnt
|faint|p1a: Moltres
|
|upkeep
|
|t:|1655250184
|switch|p1a: Ferrothorn|Ferrothorn, F|99/100
|-damage|p1a: Ferrothorn|94/100|[from] Stealth Rock
|-damage|p1a: Ferrothorn|82/100|[from] Spikes
|turn|17
|
|t:|1655250188
|move|p2a: MagicConch|Icicle Spear|p1a: Ferrothorn
|-damage|p1a: Ferrothorn|69/100
|-damage|p1a: Ferrothorn|56/100
|-damage|p1a: Ferrothorn|42/100
|-damage|p1a: Ferrothorn|28/100
|-damage|p1a: Ferrothorn|14/100
|-hitcount|p1a: Ferrothorn|5
|move|p1a: Ferrothorn|Body Press|p2a: MagicConch
|-supereffective|p2a: MagicConch
|-damage|p2a: MagicConch|0 fnt
|faint|p2a: MagicConch
|
|upkeep
|
|t:|1655250195
|switch|p2a: Zero|Bisharp, F|100/100
|turn|18
|
|t:|1655250198
|move|p2a: Zero|Knock Off|p1a: Ferrothorn
|-damage|p1a: Ferrothorn|0 fnt
|-damage|p2a: Zero|88/100|[from] ability: Iron Barbs|[of] p1a: Ferrothorn
|-damage|p2a: Zero|72/100|[from] item: Rocky Helmet|[of] p1a: Ferrothorn
|-enditem|p1a: Ferrothorn|Rocky Helmet|[from] move: Knock Off|[of] p2a: Zero
|faint|p1a: Ferrothorn
|
|upkeep
|
|t:|1655250200
|switch|p1a: Barraskewda|Barraskewda, M|100/100
|-damage|p1a: Barraskewda|88/100|[from] Stealth Rock
|-damage|p1a: Barraskewda|76/100|[from] Spikes
|turn|19
|
|t:|1655250204
|move|p2a: Zero|Sucker Punch|p1a: Barraskewda
|-damage|p1a: Barraskewda|0 fnt
|faint|p1a: Barraskewda
|
|win|jptoroglass
|raw|cump3's rating: 1621 &rarr; <strong>1609</strong><br />(-12 for losing)
|raw|jptoroglass's rating: 1758 &rarr; <strong>1770</strong><br />(+12 for winning)
|c|☆cump3|gg
|c|☆jptoroglass|gg
||Ladder isn't responding, score probably updated but might not have (Request timeout).
