|j|☆tony pizza
|j|☆someidiot19
|t:|1662924823
|gametype|singles
|player|p1|tony pizza|skier|1668
|player|p2|someidiot19|karen-gen2|1751
|teamsize|p1|6
|teamsize|p2|6
|gen|8
|tier|[Gen 8] OU
|rated|
|rule|Sleep Clause Mod: Limit one foe put to sleep
|rule|Species Clause: Limit one of each Pokémon
|rule|OHKO Clause: OHKO moves are banned
|rule|Evasion Items Clause: Evasion items are banned
|rule|Evasion Moves Clause: Evasion moves are banned
|rule|Endless Battle Clause: Forcing endless battles is banned
|rule|HP Percentage Mod: HP is shown in percentages
|rule|Dynamax Clause: You cannot dynamax
|clearpoke
|poke|p1|Rillaboom, F|
|poke|p1|Melmetal|
|poke|p1|Hatterene, F|
|poke|p1|Swampert, F|
|poke|p1|Zeraora|
|poke|p1|Magnezone|
|poke|p2|Nidoking, M|
|poke|p2|Crawdaunt, M|
|poke|p2|Ferrothorn, M|
|poke|p2|Slowking, M|
|poke|p2|Incineroar, F|
|poke|p2|Tapu Lele|
|teampreview
|inactive|Battle timer is ON: inactive players will automatically lose when time's up. (requested by someidiot19)
|inactive|tony pizza has 120 seconds left.
|inactive|tony pizza has 90 seconds left.
|inactive|tony pizza has 60 seconds left.
|inactive|tony pizza has 30 seconds left.
|
|t:|1662924947
|start
|switch|p1a: Swampert|Swampert, F|100/100
|switch|p2a: slowking's daddy|Crawdaunt, M|100/100
|turn|1
|
|t:|1662924955
|move|p2a: slowking's daddy|Knock Off|p1a: Swampert
|-damage|p1a: Swampert|28/100
|-enditem|p1a: Swampert|Leftovers|[from] move: Knock Off|[of] p2a: slowking's daddy
|move|p1a: Swampert|Flip Turn|p2a: slowking's daddy
|-resisted|p2a: slowking's daddy
|-damage|p2a: slowking's daddy|85/100
|
|t:|1662924957
|switch|p1a: Rillaboom|Rillaboom, F|100/100|[from]move: Flip Turn
|-fieldstart|move: Grassy Terrain|[from] ability: Grassy Surge|[of] p1a: Rillaboom
|
|-heal|p2a: slowking's daddy|91/100|[from] Grassy Terrain
|upkeep
|turn|2
|
|t:|1662924960
|switch|p2a: Incineroar|Incineroar, F|100/100
|-ability|p2a: Incineroar|Intimidate|boost
|-unboost|p1a: Rillaboom|atk|1
|move|p1a: Rillaboom|U-turn|p2a: Incineroar
|-damage|p2a: Incineroar|77/100
|
|t:|1662924963
|switch|p1a: Swampert|Swampert, F|28/100|[from]move: U-turn
|
|-heal|p2a: Incineroar|83/100|[from] Grassy Terrain
|-heal|p1a: Swampert|34/100|[from] Grassy Terrain
|upkeep
|turn|3
|
|t:|1662924967
|move|p2a: Incineroar|Parting Shot|p1a: Swampert
|-unboost|p1a: Swampert|atk|1
|-unboost|p1a: Swampert|spa|1
|
|t:|1662924968
|switch|p2a: slowking's daddy|Crawdaunt, M|91/100|[from]move: Parting Shot
|move|p1a: Swampert|Stealth Rock|p2a: slowking's daddy
|-sidestart|p2: someidiot19|move: Stealth Rock
|
|-heal|p2a: slowking's daddy|97/100|[from] Grassy Terrain
|-heal|p1a: Swampert|40/100|[from] Grassy Terrain
|upkeep
|turn|4
|
|t:|1662924973
|move|p2a: slowking's daddy|Knock Off|p1a: Swampert
|-damage|p1a: Swampert|0 fnt
|faint|p1a: Swampert
|
|-heal|p2a: slowking's daddy|100/100|[from] Grassy Terrain
|upkeep
|
|t:|1662924976
|switch|p1a: Rillaboom|Rillaboom, F|100/100
|turn|5
|
|t:|1662924991
|switch|p2a: Nidoking|Nidoking, M|100/100
|-damage|p2a: Nidoking|95/100|[from] Stealth Rock
|move|p1a: Rillaboom|U-turn|p2a: Nidoking
|-resisted|p2a: Nidoking
|-damage|p2a: Nidoking|68/100
|j| splashed out
|
|t:|1662925000
|switch|p1a: Melmetal|Melmetal|100/100|[from]move: U-turn
|
|-heal|p2a: Nidoking|74/100|[from] Grassy Terrain
|-fieldend|move: Grassy Terrain
|upkeep
|turn|6
|l| splashed out
|
|t:|1662925004
|move|p2a: Nidoking|Earth Power|p1a: Melmetal
|-supereffective|p1a: Melmetal
|-damage|p1a: Melmetal|22/100
|move|p1a: Melmetal|Double Iron Bash|p2a: Nidoking
|-damage|p2a: Nidoking|11/100
|-damage|p2a: Nidoking|0 fnt
|faint|p2a: Nidoking
|-hitcount|p2: Nidoking|2
|
|upkeep
|
|t:|1662925008
|switch|p2a: slowking's daddy|Crawdaunt, M|100/100
|-damage|p2a: slowking's daddy|88/100|[from] Stealth Rock
|turn|7
|
|t:|1662925012
|move|p2a: slowking's daddy|Knock Off|p1a: Melmetal
|-damage|p1a: Melmetal|0 fnt
|-enditem|p1a: Melmetal|Assault Vest|[from] move: Knock Off|[of] p2a: slowking's daddy
|faint|p1a: Melmetal
|
|upkeep
|
|t:|1662925014
|switch|p1a: Rillaboom|Rillaboom, F|100/100
|-fieldstart|move: Grassy Terrain|[from] ability: Grassy Surge|[of] p1a: Rillaboom
|turn|8
|
|t:|1662925017
|switch|p2a: Incineroar|Incineroar, F|83/100
|-ability|p2a: Incineroar|Intimidate|boost
|-unboost|p1a: Rillaboom|atk|1
|move|p1a: Rillaboom|U-turn|p2a: Incineroar
|-damage|p2a: Incineroar|57/100
|
|t:|1662925024
|switch|p1a: Zeraora|Zeraora|100/100|[from]move: U-turn
|
|-heal|p2a: Incineroar|63/100|[from] Grassy Terrain
|upkeep
|turn|9
|
|t:|1662925031
|switch|p2a: Tapu Lele|Tapu Lele|100/100
|-damage|p2a: Tapu Lele|88/100|[from] Stealth Rock
|-fieldstart|move: Psychic Terrain|[from] ability: Psychic Surge|[of] p2a: Tapu Lele
|move|p1a: Zeraora|Close Combat|p2a: Tapu Lele
|-resisted|p2a: Tapu Lele
|-damage|p2a: Tapu Lele|67/100
|-unboost|p1a: Zeraora|def|1
|-unboost|p1a: Zeraora|spd|1
|-damage|p1a: Zeraora|91/100|[from] item: Life Orb
|
|upkeep
|turn|10
|
|t:|1662925036
|switch|p1a: Magnezone|Magnezone|100/100
|move|p2a: Tapu Lele|Moonblast|p1a: Magnezone
|-resisted|p1a: Magnezone
|-crit|p1a: Magnezone
|-damage|p1a: Magnezone|57/100
|-unboost|p1a: Magnezone|spa|1
|
|-heal|p1a: Magnezone|63/100|[from] item: Leftovers
|upkeep
|turn|11
|
|t:|1662925043
|switch|p2a: Slowking|Slowking, M|100/100
|move|p1a: Magnezone|Iron Defense|p1a: Magnezone
|-boost|p1a: Magnezone|def|2
|
|-heal|p1a: Magnezone|69/100|[from] item: Leftovers
|upkeep
|turn|12
|
|t:|1662925048
|switch|p1a: Rillaboom|Rillaboom, F|100/100
|-fieldstart|move: Grassy Terrain|[from] ability: Grassy Surge|[of] p1a: Rillaboom
|move|p2a: Slowking|Scald|p1a: Rillaboom
|-resisted|p1a: Rillaboom
|-damage|p1a: Rillaboom|81/100
|
|-heal|p1a: Rillaboom|88/100|[from] Grassy Terrain
|upkeep
|turn|13
|
|t:|1662925057
|switch|p2a: Ferrothorn|Ferrothorn, M|100/100
|-damage|p2a: Ferrothorn|95/100|[from] Stealth Rock
|move|p1a: Rillaboom|Knock Off|p2a: Ferrothorn
|-damage|p2a: Ferrothorn|63/100
|-damage|p1a: Rillaboom|75/100|[from] ability: Iron Barbs|[of] p2a: Ferrothorn
|-enditem|p2a: Ferrothorn|Leftovers|[from] move: Knock Off|[of] p1a: Rillaboom
|
|-heal|p1a: Rillaboom|81/100|[from] Grassy Terrain
|-heal|p2a: Ferrothorn|69/100|[from] Grassy Terrain
|upkeep
|turn|14
|
|t:|1662925063
|switch|p1a: Hatterene|Hatterene, F|100/100
|move|p2a: Ferrothorn|Stealth Rock|p1a: Hatterene
|move|p1a: Hatterene|Stealth Rock||[from]ability: Magic Bounce|[still]
|-fail|p1a: Hatterene
|
|-heal|p2a: Ferrothorn|75/100|[from] Grassy Terrain
|upkeep
|turn|15
|
|t:|1662925067
|switch|p2a: Incineroar|Incineroar, F|63/100
|-ability|p2a: Incineroar|Intimidate|boost
|-unboost|p1a: Hatterene|atk|1
|move|p1a: Hatterene|Calm Mind|p1a: Hatterene
|-boost|p1a: Hatterene|spa|1
|-boost|p1a: Hatterene|spd|1
|
|-heal|p2a: Incineroar|69/100|[from] Grassy Terrain
|upkeep
|turn|16
|
|t:|1662925071
|move|p2a: Incineroar|Parting Shot|p1a: Hatterene
|move|p1a: Hatterene|Parting Shot|p2a: Incineroar|[from]ability: Magic Bounce
|-unboost|p2a: Incineroar|atk|1
|-unboost|p2a: Incineroar|spa|1
|
|t:|1662925080
|switch|p1a: Zeraora|Zeraora|91/100|[from]move: Parting Shot
|
|-heal|p1a: Zeraora|97/100|[from] Grassy Terrain
|-heal|p2a: Incineroar|75/100|[from] Grassy Terrain
|-fieldend|move: Grassy Terrain
|upkeep
|turn|17
|
|t:|1662925084
|switch|p2a: Ferrothorn|Ferrothorn, M|75/100
|-damage|p2a: Ferrothorn|69/100|[from] Stealth Rock
|move|p1a: Zeraora|Close Combat|p2a: Ferrothorn
|-supereffective|p2a: Ferrothorn
|-damage|p2a: Ferrothorn|12/100
|-unboost|p1a: Zeraora|def|1
|-unboost|p1a: Zeraora|spd|1
|-damage|p1a: Zeraora|84/100|[from] ability: Iron Barbs|[of] p2a: Ferrothorn
|-damage|p1a: Zeraora|75/100|[from] item: Life Orb
|
|upkeep
|turn|18
|j| splashed out
|
|t:|1662925091
|move|p1a: Zeraora|Knock Off|p2a: Ferrothorn
|-damage|p2a: Ferrothorn|0 fnt
|-damage|p1a: Zeraora|62/100|[from] ability: Iron Barbs|[of] p2a: Ferrothorn
|faint|p2a: Ferrothorn
|-damage|p1a: Zeraora|53/100|[from] item: Life Orb
|
|upkeep
|
|t:|1662925095
|switch|p2a: Tapu Lele|Tapu Lele|67/100
|-damage|p2a: Tapu Lele|54/100|[from] Stealth Rock
|-fieldstart|move: Psychic Terrain|[from] ability: Psychic Surge|[of] p2a: Tapu Lele
|turn|19
|
|t:|1662925099
|switch|p1a: Magnezone|Magnezone|69/100
|move|p2a: Tapu Lele|Moonblast|p1a: Magnezone
|-resisted|p1a: Magnezone
|-damage|p1a: Magnezone|44/100
|-unboost|p1a: Magnezone|spa|1
|
|-heal|p1a: Magnezone|50/100|[from] item: Leftovers
|upkeep
|turn|20
|
|t:|1662925107
|switch|p2a: Slowking|Slowking, M|100/100
|move|p1a: Magnezone|Thunderbolt|p2a: Slowking
|-supereffective|p2a: Slowking
|-damage|p2a: Slowking|68/100
|
|-heal|p1a: Magnezone|56/100|[from] item: Leftovers
|upkeep
|turn|21
|
|t:|1662925111
|switch|p1a: Rillaboom|Rillaboom, F|81/100
|-fieldstart|move: Grassy Terrain|[from] ability: Grassy Surge|[of] p1a: Rillaboom
|move|p2a: Slowking|Teleport|p2a: Slowking
|
|t:|1662925124
|switch|p2a: Incineroar|Incineroar, F|75/100|[from]move: Teleport
|-ability|p2a: Incineroar|Intimidate|boost
|-unboost|p1a: Rillaboom|atk|1
|
|-heal|p1a: Rillaboom|88/100|[from] Grassy Terrain
|-heal|p2a: Incineroar|81/100|[from] Grassy Terrain
|upkeep
|turn|22
|
|t:|1662925139
|switch|p2a: Slowking|Slowking, M|100/100
|move|p1a: Rillaboom|U-turn|p2a: Slowking
|-supereffective|p2a: Slowking
|-damage|p2a: Slowking|55/100
|
|t:|1662925144
|switch|p1a: Zeraora|Zeraora|53/100|[from]move: U-turn
|
|-heal|p1a: Zeraora|59/100|[from] Grassy Terrain
|-heal|p2a: Slowking|61/100|[from] Grassy Terrain
|upkeep
|turn|23
|
|t:|1662925149
|switch|p2a: Incineroar|Incineroar, F|81/100
|-ability|p2a: Incineroar|Intimidate|boost
|-unboost|p1a: Zeraora|atk|1
|move|p1a: Zeraora|Plasma Fists|p2a: Incineroar
|-damage|p2a: Incineroar|38/100
|-fieldactivate|move: Ion Deluge
|-hint|Normal-type moves become Electric-type after using Plasma Fists.
|-damage|p1a: Zeraora|49/100|[from] item: Life Orb
|
|-heal|p1a: Zeraora|55/100|[from] Grassy Terrain
|-heal|p2a: Incineroar|44/100|[from] Grassy Terrain
|upkeep
|turn|24
|j| Jongruenwald
|
|t:|1662925171
|switch|p2a: Slowking|Slowking, M|95/100
|move|p1a: Zeraora|Close Combat|p2a: Slowking
|-resisted|p2a: Slowking
|-damage|p2a: Slowking|79/100
|-unboost|p1a: Zeraora|def|1
|-unboost|p1a: Zeraora|spd|1
|-damage|p1a: Zeraora|45/100|[from] item: Life Orb
|
|-heal|p1a: Zeraora|51/100|[from] Grassy Terrain
|-heal|p2a: Slowking|85/100|[from] Grassy Terrain
|upkeep
|turn|25
|
|t:|1662925177
|switch|p1a: Rillaboom|Rillaboom, F|88/100
|move|p2a: Slowking|Scald|p1a: Rillaboom
|-resisted|p1a: Rillaboom
|-damage|p1a: Rillaboom|70/100
|-status|p1a: Rillaboom|brn
|
|-heal|p1a: Rillaboom|76/100 brn|[from] Grassy Terrain
|-heal|p2a: Slowking|91/100|[from] Grassy Terrain
|-damage|p1a: Rillaboom|70/100 brn|[from] brn
|-fieldend|move: Grassy Terrain
|upkeep
|turn|26
|
|t:|1662925183
|move|p1a: Rillaboom|Wood Hammer|p2a: Slowking
|-supereffective|p2a: Slowking
|-damage|p2a: Slowking|0 fnt
|faint|p2a: Slowking
|-damage|p1a: Rillaboom|36/100 brn|[from] Recoil
|
|-damage|p1a: Rillaboom|30/100 brn|[from] brn
|upkeep
|
|t:|1662925186
|switch|p2a: Tapu Lele|Tapu Lele|54/100
|-damage|p2a: Tapu Lele|42/100|[from] Stealth Rock
|-fieldstart|move: Psychic Terrain|[from] ability: Psychic Surge|[of] p2a: Tapu Lele
|turn|27
|
|t:|1662925190
|switch|p1a: Magnezone|Magnezone|56/100
|move|p2a: Tapu Lele|Moonblast|p1a: Magnezone
|-resisted|p1a: Magnezone
|-damage|p1a: Magnezone|28/100
|
|-heal|p1a: Magnezone|34/100|[from] item: Leftovers
|upkeep
|turn|28
|
|t:|1662925196
|switch|p2a: Incineroar|Incineroar, F|44/100
|-ability|p2a: Incineroar|Intimidate|boost
|-unboost|p1a: Magnezone|atk|1
|move|p1a: Magnezone|Thunderbolt|p2a: Incineroar
|-damage|p2a: Incineroar|17/100
|
|-heal|p1a: Magnezone|40/100|[from] item: Leftovers
|upkeep
|turn|29
|
|t:|1662925205
|move|p1a: Magnezone|Thunderbolt|p2a: Incineroar
|-damage|p2a: Incineroar|0 fnt
|faint|p2a: Incineroar
|
|-heal|p1a: Magnezone|46/100|[from] item: Leftovers
|upkeep
|
|t:|1662925209
|switch|p2a: Tapu Lele|Tapu Lele|42/100
|-damage|p2a: Tapu Lele|29/100|[from] Stealth Rock
|turn|30
|
|t:|1662925212
|move|p2a: Tapu Lele|Focus Blast|p1a: Magnezone
|-supereffective|p1a: Magnezone
|-damage|p1a: Magnezone|0 fnt
|faint|p1a: Magnezone
|
|upkeep
|
|t:|1662925218
|switch|p1a: Rillaboom|Rillaboom, F|30/100 brn
|-fieldstart|move: Grassy Terrain|[from] ability: Grassy Surge|[of] p1a: Rillaboom
|turn|31
|
|t:|1662925223
|switch|p2a: slowking's daddy|Crawdaunt, M|88/100
|-damage|p2a: slowking's daddy|76/100|[from] Stealth Rock
|move|p1a: Rillaboom|Grassy Glide|p2a: slowking's daddy
|-supereffective|p2a: slowking's daddy
|-damage|p2a: slowking's daddy|0 fnt
|faint|p2a: slowking's daddy
|
|-heal|p1a: Rillaboom|36/100 brn|[from] Grassy Terrain
|-damage|p1a: Rillaboom|30/100 brn|[from] brn
|upkeep
|
|t:|1662925225
|switch|p2a: Tapu Lele|Tapu Lele|29/100
|-damage|p2a: Tapu Lele|17/100|[from] Stealth Rock
|-fieldstart|move: Psychic Terrain|[from] ability: Psychic Surge|[of] p2a: Tapu Lele
|turn|32
|
|t:|1662925231
|switch|p1a: Zeraora|Zeraora|51/100
|move|p2a: Tapu Lele|Moonblast|p1a: Zeraora
|-crit|p1a: Zeraora
|-damage|p1a: Zeraora|0 fnt
|faint|p1a: Zeraora
|
|upkeep
|
|t:|1662925232
|switch|p1a: Rillaboom|Rillaboom, F|30/100 brn
|-fieldstart|move: Grassy Terrain|[from] ability: Grassy Surge|[of] p1a: Rillaboom
|turn|33
|
|t:|1662925234
|move|p1a: Rillaboom|Grassy Glide|p2a: Tapu Lele
|-damage|p2a: Tapu Lele|0 fnt
|faint|p2a: Tapu Lele
|
|win|tony pizza
|raw|tony pizza's rating: 1668 &rarr; <strong>1693</strong><br />(+25 for winning)
|raw|someidiot19's rating: 1751 &rarr; <strong>1726</strong><br />(-25 for losing)
|l|☆someidiot19
|j| 0WithdrawalSyndrom
|c|☆tony pizza|gg
|l| splashed out
|l| 0WithdrawalSyndrom
|l| Jongruenwald
||Ladder isn't responding, score probably updated but might not have (Request timeout).
