|j|☆A3720
|j|☆garchomp2006
|t:|1664085813
|gametype|singles
|player|p1|A3720|2|1548
|player|p2|garchomp2006|1|1738
|teamsize|p1|6
|teamsize|p2|6
|gen|8
|tier|[Gen 8] OU
|rated|
|rule|Sleep Clause Mod: Limit one foe put to sleep
|rule|Species Clause: Limit one of each Pokémon
|rule|OHKO Clause: OHKO moves are banned
|rule|Evasion Items Clause: Evasion items are banned
|rule|Evasion Moves Clause: Evasion moves are banned
|rule|Endless Battle Clause: Forcing endless battles is banned
|rule|HP Percentage Mod: HP is shown in percentages
|rule|Dynamax Clause: You cannot dynamax
|clearpoke
|poke|p1|Espeon, F|
|poke|p1|Jolteon, F|
|poke|p1|Alakazam, M|
|poke|p1|Volcarona, M|
|poke|p1|Tapu Lele|
|poke|p1|Torkoal, F|
|poke|p2|Pelipper, F|
|poke|p2|Kingdra, F|
|poke|p2|Swampert, F|
|poke|p2|Ferrothorn, M|
|poke|p2|Tapu Koko|
|poke|p2|Urshifu-*, F|
|teampreview
|inactive|Battle timer is ON: inactive players will automatically lose when time's up. (requested by garchomp2006)
|
|t:|1664085829
|start
|switch|p1a: Tapu Lele|Tapu Lele|100/100
|switch|p2a: Pelipper|Pelipper, F|100/100
|-fieldstart|move: Psychic Terrain|[from] ability: Psychic Surge|[of] p1a: Tapu Lele
|-weather|RainDance|[from] ability: Drizzle|[of] p2a: Pelipper
|turn|1
|j| Arrito
|
|t:|1664085833
|switch|p2a: Ferrothorn|Ferrothorn, M|100/100
|move|p1a: Tapu Lele|Nature's Madness|p2a: Ferrothorn
|-damage|p2a: Ferrothorn|50/100
|
|-weather|RainDance|[upkeep]
|-heal|p2a: Ferrothorn|57/100|[from] item: Leftovers
|upkeep
|turn|2
|
|t:|1664085843
|switch|p1a: Espeon|Espeon, F|100/100
|move|p2a: Ferrothorn|Leech Seed|p1a: Espeon
|move|p1a: Espeon|Leech Seed|p2a: Ferrothorn|[from]ability: Magic Bounce
|-immune|p2a: Ferrothorn
|
|-weather|RainDance|[upkeep]
|-heal|p2a: Ferrothorn|63/100|[from] item: Leftovers
|upkeep
|turn|3
|
|t:|1664085852
|move|p1a: Espeon|Yawn|p2a: Ferrothorn
|-start|p2a: Ferrothorn|move: Yawn|[of] p1a: Espeon
|move|p2a: Ferrothorn|Knock Off|p1a: Espeon
|-supereffective|p1a: Espeon
|-damage|p1a: Espeon|25/100
|-enditem|p1a: Espeon|Eject Button|[from] move: Knock Off|[of] p2a: Ferrothorn
|
|-weather|RainDance|[upkeep]
|-heal|p2a: Ferrothorn|69/100|[from] item: Leftovers
|upkeep
|turn|4
|
|t:|1664085863
|switch|p2a: Swampert|Swampert, F|100/100
|move|p1a: Espeon|Expanding Force|p2a: Swampert
|-damage|p2a: Swampert|38/100
|
|-weather|RainDance|[upkeep]
|-heal|p2a: Swampert|44/100|[from] item: Leftovers
|upkeep
|turn|5
|
|t:|1664085866
|move|p1a: Espeon|Expanding Force|p2a: Swampert
|-damage|p2a: Swampert|0 fnt
|faint|p2a: Swampert
|
|-weather|RainDance|[upkeep]
|upkeep
|
|t:|1664085872
|switch|p2a: Kingdra|Kingdra, F|100/100
|turn|6
|
|t:|1664085889
|move|p2a: Kingdra|Flip Turn|p1a: Espeon
|-crit|p1a: Espeon
|-damage|p1a: Espeon|0 fnt
|faint|p1a: Espeon
|
|t:|1664085902
|switch|p2a: Tapu Koko|Tapu Koko|100/100|[from]move: Flip Turn
|-fieldstart|move: Electric Terrain|[from] ability: Electric Surge|[of] p2a: Tapu Koko
|
|-weather|RainDance|[upkeep]
|upkeep
|inactive|A3720 has 120 seconds left.
|
|t:|1664085932
|switch|p1a: Torkoal|Torkoal, F|100/100
|-weather|SunnyDay|[from] ability: Drought|[of] p1a: Torkoal
|turn|7
|inactive|A3720 has 120 seconds left.
|
|t:|1664085944
|move|p2a: Tapu Koko|U-turn|p1a: Torkoal
|-resisted|p1a: Torkoal
|-damage|p1a: Torkoal|96/100
|
|t:|1664085948
|switch|p2a: Pelipper|Pelipper, F|100/100|[from]move: U-turn
|-weather|RainDance|[from] ability: Drizzle|[of] p2a: Pelipper
|move|p1a: Torkoal|Shell Smash|p1a: Torkoal
|-unboost|p1a: Torkoal|def|1
|-unboost|p1a: Torkoal|spd|1
|-boost|p1a: Torkoal|atk|2
|-boost|p1a: Torkoal|spa|2
|-boost|p1a: Torkoal|spe|2
|-enditem|p1a: Torkoal|Eject Pack
|
|t:|1664085950
|switch|p1a: Jolteon|Jolteon, F|100/100
|
|-weather|RainDance|[upkeep]
|upkeep
|turn|8
|
|t:|1664085967
|switch|p2a: Ferrothorn|Ferrothorn, M|69/100
|move|p1a: Jolteon|Copycat|p1a: Jolteon
|move|p1a: Jolteon|Shell Smash|p1a: Jolteon|[from]move: Copycat
|-unboost|p1a: Jolteon|def|1
|-unboost|p1a: Jolteon|spd|1
|-boost|p1a: Jolteon|atk|2
|-boost|p1a: Jolteon|spa|2
|-boost|p1a: Jolteon|spe|2
|
|-weather|RainDance|[upkeep]
|-heal|p2a: Ferrothorn|75/100|[from] item: Leftovers
|upkeep
|turn|9
|
|t:|1664085979
|move|p1a: Jolteon|Electro Ball|p2a: Ferrothorn
|-resisted|p2a: Ferrothorn
|-damage|p2a: Ferrothorn|19/100
|move|p2a: Ferrothorn|Leech Seed|p1a: Jolteon|[miss]
|-miss|p2a: Ferrothorn|p1a: Jolteon
|
|-weather|RainDance|[upkeep]
|-heal|p2a: Ferrothorn|25/100|[from] item: Leftovers
|upkeep
|turn|10
|
|t:|1664085989
|move|p1a: Jolteon|Electro Ball|p2a: Ferrothorn
|-resisted|p2a: Ferrothorn
|-damage|p2a: Ferrothorn|0 fnt
|faint|p2a: Ferrothorn
|
|-weather|RainDance|[upkeep]
|-fieldend|move: Electric Terrain
|upkeep
|
|t:|1664085994
|switch|p2a: Urshifu|Urshifu-Rapid-Strike, F|100/100
|turn|11
|
|t:|1664086001
|move|p2a: Urshifu|Aqua Jet|p1a: Jolteon
|-enditem|p1a: Jolteon|Focus Sash
|-damage|p1a: Jolteon|1/100
|move|p1a: Jolteon|Stored Power|p2a: Urshifu
|-supereffective|p2a: Urshifu
|-damage|p2a: Urshifu|0 fnt
|faint|p2a: Urshifu
|
|-weather|RainDance|[upkeep]
|upkeep
|
|t:|1664086006
|switch|p2a: Tapu Koko|Tapu Koko|100/100
|-fieldstart|move: Electric Terrain|[from] ability: Electric Surge|[of] p2a: Tapu Koko
|turn|12
|
|t:|1664086028
|move|p1a: Jolteon|Weather Ball|p2a: Tapu Koko
|-damage|p2a: Tapu Koko|0 fnt
|faint|p2a: Tapu Koko
|
|-weather|RainDance|[upkeep]
|upkeep
|-message|garchomp2006 forfeited.
|
|win|A3720
|raw|A3720's rating: 1548 &rarr; <strong>1578</strong><br />(+30 for winning)
|raw|garchomp2006's rating: 1738 &rarr; <strong>1708</strong><br />(-30 for losing)
|l|☆garchomp2006
