|html|<div class="broadcast-blue"><strong>[Gen 8] OU is currently suspecting Melmetal! For information on how to participate check out the <a href="https://www.smogon.com/forums/threads/np-ss-ou-suspect-process-round-12-monster-mash.3709234/">suspect thread</a>.</strong></div>
|j|☆minimax_ai
|j|☆vagmak
|t:|1666834463
|gametype|singles
|player|p1|minimax_ai|266|1546
|player|p2|vagmak|steven|1451
|teamsize|p1|6
|teamsize|p2|6
|gen|8
|tier|[Gen 8] OU
|rated|
|rule|Sleep Clause Mod: Limit one foe put to sleep
|rule|Species Clause: Limit one of each Pokémon
|rule|OHKO Clause: OHKO moves are banned
|rule|Evasion Items Clause: Evasion items are banned
|rule|Evasion Moves Clause: Evasion moves are banned
|rule|Endless Battle Clause: Forcing endless battles is banned
|rule|HP Percentage Mod: HP is shown in percentages
|rule|Dynamax Clause: You cannot dynamax
|clearpoke
|poke|p1|Rotom-Wash|
|poke|p1|Weavile, M|
|poke|p1|Landorus-Therian, M|
|poke|p1|Heatran, M|
|poke|p1|Tangrowth, F|
|poke|p1|Melmetal|
|poke|p2|Garchomp, M|
|poke|p2|Melmetal|
|poke|p2|Zapdos|
|poke|p2|Ferrothorn, M|
|poke|p2|Urshifu-*, M|
|poke|p2|Blaziken, F|
|teampreview
|c|☆minimax_ai|hf
|inactive|Battle timer is ON: inactive players will automatically lose when time's up. (requested by minimax_ai)
|c|☆vagmak|glhf
|
|t:|1666834475
|start
|switch|p1a: landorustherian|Landorus-Therian, M|100/100
|switch|p2a: Blaziken|Blaziken, F|100/100
|-ability|p1a: landorustherian|Intimidate|boost
|-unboost|p2a: Blaziken|atk|1
|turn|1
|
|t:|1666834477
|move|p2a: Blaziken|Swords Dance|p2a: Blaziken
|-boost|p2a: Blaziken|atk|2
|move|p1a: landorustherian|Earthquake|p2a: Blaziken
|-supereffective|p2a: Blaziken
|-damage|p2a: Blaziken|0 fnt
|faint|p2a: Blaziken
|
|upkeep
|
|t:|1666834481
|switch|p2a: Ferrothorn|Ferrothorn, M|100/100
|turn|2
|
|t:|1666834483
|move|p1a: landorustherian|U-turn|p2a: Ferrothorn
|-damage|p2a: Ferrothorn|84/100
|-damage|p1a: landorustherian|88/100|[from] ability: Iron Barbs|[of] p2a: Ferrothorn
|
|t:|1666834484
|switch|p1a: Tangrowth|Tangrowth, F|100/100|[from]move: U-turn
|move|p2a: Ferrothorn|Stealth Rock|p1a: Tangrowth
|-sidestart|p1: minimax_ai|move: Stealth Rock
|
|-heal|p2a: Ferrothorn|90/100|[from] item: Leftovers
|upkeep
|turn|3
|
|t:|1666834487
|move|p1a: Tangrowth|Sleep Powder|p2a: Ferrothorn
|-immune|p2a: Ferrothorn
|move|p2a: Ferrothorn|Toxic|p1a: Tangrowth
|-status|p1a: Tangrowth|tox
|
|-heal|p2a: Ferrothorn|96/100|[from] item: Leftovers
|-damage|p1a: Tangrowth|94/100 tox|[from] psn
|upkeep
|turn|4
|
|t:|1666834494
|switch|p2a: Zapdos|Zapdos|100/100
|move|p1a: Tangrowth|Focus Blast|p2a: Zapdos
|-resisted|p2a: Zapdos
|-damage|p2a: Zapdos|83/100
|
|-damage|p1a: Tangrowth|82/100 tox|[from] psn
|upkeep
|turn|5
|
|t:|1666834500
|switch|p2a: Urshifu|Urshifu-Rapid-Strike, M|100/100
|switch|p1a: landorustherian|Landorus-Therian, M|88/100
|-damage|p1a: landorustherian|76/100|[from] Stealth Rock
|-ability|p1a: landorustherian|Intimidate|boost
|-unboost|p2a: Urshifu|atk|1
|
|-heal|p1a: landorustherian|82/100|[from] item: Leftovers
|upkeep
|turn|6
|
|t:|1666834502
|switch|p1a: Tangrowth|Tangrowth, F|100/100 tox
|-damage|p1a: Tangrowth|88/100 tox|[from] Stealth Rock
|move|p2a: Urshifu|Surging Strikes|p1a: Tangrowth
|-resisted|p1a: Tangrowth
|-crit|p1a: Tangrowth
|-damage|p1a: Tangrowth|83/100 tox
|-resisted|p1a: Tangrowth
|-crit|p1a: Tangrowth
|-damage|p1a: Tangrowth|78/100 tox
|-resisted|p1a: Tangrowth
|-crit|p1a: Tangrowth
|-damage|p1a: Tangrowth|73/100 tox
|-hitcount|p1a: Tangrowth|3
|
|-damage|p1a: Tangrowth|66/100 tox|[from] psn
|upkeep
|turn|7
|
|t:|1666834506
|switch|p2a: Zapdos|Zapdos|83/100
|move|p1a: Tangrowth|Focus Blast|p2a: Zapdos
|-resisted|p2a: Zapdos
|-damage|p2a: Zapdos|66/100
|
|-damage|p1a: Tangrowth|54/100 tox|[from] psn
|upkeep
|turn|8
|
|t:|1666834510
|switch|p1a: landorustherian|Landorus-Therian, M|82/100
|-damage|p1a: landorustherian|70/100|[from] Stealth Rock
|-ability|p1a: landorustherian|Intimidate|boost
|-unboost|p2a: Zapdos|atk|1
|move|p2a: Zapdos|Hurricane|p1a: landorustherian|[miss]
|-miss|p2a: Zapdos|p1a: landorustherian
|
|-heal|p1a: landorustherian|76/100|[from] item: Leftovers
|upkeep
|turn|9
|
|t:|1666834513
|move|p2a: Zapdos|Hurricane|p1a: landorustherian
|-damage|p1a: landorustherian|29/100
|-start|p1a: landorustherian|confusion
|-activate|p1a: landorustherian|confusion
|-damage|p1a: landorustherian|16/100|[from] confusion
|
|-heal|p1a: landorustherian|22/100|[from] item: Leftovers
|upkeep
|turn|10
|
|t:|1666834516
|move|p2a: Zapdos|Heat Wave|p1a: landorustherian
|-damage|p1a: landorustherian|0 fnt
|faint|p1a: landorustherian
|
|upkeep
|
|t:|1666834516
|switch|p1a: Weavile|Weavile, M|100/100
|-damage|p1a: Weavile|76/100|[from] Stealth Rock
|-ability|p1a: Weavile|Pressure
|turn|11
|
|t:|1666834522
|switch|p2a: Ferrothorn|Ferrothorn, M|96/100
|move|p1a: Weavile|Knock Off|p2a: Ferrothorn
|-damage|p2a: Ferrothorn|45/100
|-damage|p1a: Weavile|63/100|[from] ability: Iron Barbs|[of] p2a: Ferrothorn
|-enditem|p2a: Ferrothorn|Leftovers|[from] move: Knock Off|[of] p1a: Weavile
|
|upkeep
|turn|12
|
|t:|1666834525
|switch|p1a: Melmetal|Melmetal|100/100
|-damage|p1a: Melmetal|94/100|[from] Stealth Rock
|move|p2a: Ferrothorn|Protect||[still]
|-fail|p2a: Ferrothorn
|
|upkeep
|turn|13
|
|t:|1666834527
|move|p1a: Melmetal|Double Iron Bash|p2a: Ferrothorn
|-resisted|p2a: Ferrothorn
|-damage|p2a: Ferrothorn|30/100
|-damage|p1a: Melmetal|82/100|[from] ability: Iron Barbs|[of] p2a: Ferrothorn
|-resisted|p2a: Ferrothorn
|-damage|p2a: Ferrothorn|16/100
|-damage|p1a: Melmetal|69/100|[from] ability: Iron Barbs|[of] p2a: Ferrothorn
|-hitcount|p2a: Ferrothorn|2
|move|p2a: Ferrothorn|Body Press|p1a: Melmetal
|-supereffective|p1a: Melmetal
|-damage|p1a: Melmetal|36/100
|
|upkeep
|turn|14
|
|t:|1666834530
|move|p1a: Melmetal|Earthquake|p2a: Ferrothorn
|-damage|p2a: Ferrothorn|0 fnt
|faint|p2a: Ferrothorn
|
|upkeep
|
|t:|1666834536
|switch|p2a: Urshifu|Urshifu-Rapid-Strike, M|100/100
|turn|15
|
|t:|1666834539
|switch|p1a: Tangrowth|Tangrowth, F|87/100 tox
|-damage|p1a: Tangrowth|75/100 tox|[from] Stealth Rock
|move|p2a: Urshifu|Close Combat|p1a: Tangrowth
|-damage|p1a: Tangrowth|44/100 tox
|-unboost|p2a: Urshifu|def|1
|-unboost|p2a: Urshifu|spd|1
|
|-damage|p1a: Tangrowth|38/100 tox|[from] psn
|upkeep
|turn|16
|
|t:|1666834544
|move|p2a: Urshifu|Close Combat|p1a: Tangrowth
|-damage|p1a: Tangrowth|4/100 tox
|-unboost|p2a: Urshifu|def|1
|-unboost|p2a: Urshifu|spd|1
|move|p1a: Tangrowth|Giga Drain|p2a: Urshifu
|-supereffective|p2a: Urshifu
|-damage|p2a: Urshifu|0 fnt
|-heal|p1a: Tangrowth|46/100 tox|[from] drain|[of] p2a: Urshifu
|faint|p2a: Urshifu
|
|-damage|p1a: Tangrowth|34/100 tox|[from] psn
|upkeep
|
|t:|1666834548
|switch|p2a: Zapdos|Zapdos|66/100
|turn|17
|
|t:|1666834552
|switch|p1a: Melmetal|Melmetal|36/100
|-damage|p1a: Melmetal|30/100|[from] Stealth Rock
|move|p2a: Zapdos|Thunderbolt|p1a: Melmetal
|-damage|p1a: Melmetal|2/100
|
|upkeep
|turn|18
|
|t:|1666834554
|move|p2a: Zapdos|Thunderbolt|p1a: Melmetal
|-damage|p1a: Melmetal|0 fnt
|faint|p1a: Melmetal
|
|upkeep
|
|t:|1666834554
|switch|p1a: Weavile|Weavile, M|63/100
|-damage|p1a: Weavile|38/100|[from] Stealth Rock
|-ability|p1a: Weavile|Pressure
|turn|19
|
|t:|1666834559
|move|p1a: Weavile|Knock Off|p2a: Zapdos
|-damage|p2a: Zapdos|0 fnt
|-enditem|p2a: Zapdos|Heavy-Duty Boots|[from] move: Knock Off|[of] p1a: Weavile
|faint|p2a: Zapdos
|
|upkeep
|
|t:|1666834562
|switch|p2a: Melmetal|Melmetal|100/100
|turn|20
|
|t:|1666834565
|switch|p1a: rotomwash|Rotom-Wash|100/100
|-damage|p1a: rotomwash|88/100|[from] Stealth Rock
|move|p2a: Melmetal|Double Iron Bash|p1a: rotomwash
|-resisted|p1a: rotomwash
|-damage|p1a: rotomwash|77/100
|-resisted|p1a: rotomwash
|-damage|p1a: rotomwash|65/100
|-hitcount|p1a: rotomwash|2
|
|-heal|p1a: rotomwash|71/100|[from] item: Leftovers
|upkeep
|turn|21
|
|t:|1666834568
|move|p1a: rotomwash|Nasty Plot|p1a: rotomwash
|-boost|p1a: rotomwash|spa|2
|move|p2a: Melmetal|Thunder Punch|p1a: rotomwash
|-damage|p1a: rotomwash|35/100
|
|-heal|p1a: rotomwash|42/100|[from] item: Leftovers
|upkeep
|turn|22
|
|t:|1666834572
|move|p1a: rotomwash|Pain Split|p2a: Melmetal
|-sethp|p2a: Melmetal|66/100|[from] move: Pain Split|[silent]
|-sethp|p1a: rotomwash|89/100|[from] move: Pain Split
|move|p2a: Melmetal|Thunder Punch|p1a: rotomwash
|-damage|p1a: rotomwash|50/100
|
|-heal|p1a: rotomwash|56/100|[from] item: Leftovers
|upkeep
|turn|23
|
|t:|1666834575
|move|p1a: rotomwash|Pain Split|p2a: Melmetal
|-sethp|p2a: Melmetal|54/100|[from] move: Pain Split|[silent]
|-sethp|p1a: rotomwash|73/100|[from] move: Pain Split
|move|p2a: Melmetal|Thunder Punch|p1a: rotomwash
|-damage|p1a: rotomwash|34/100
|
|-heal|p1a: rotomwash|41/100|[from] item: Leftovers
|upkeep
|turn|24
|
|t:|1666834578
|move|p1a: rotomwash|Pain Split|p2a: Melmetal
|-sethp|p2a: Melmetal|42/100|[from] move: Pain Split|[silent]
|-sethp|p1a: rotomwash|56/100|[from] move: Pain Split
|move|p2a: Melmetal|Thunder Punch|p1a: rotomwash
|-damage|p1a: rotomwash|16/100
|
|-heal|p1a: rotomwash|22/100|[from] item: Leftovers
|upkeep
|turn|25
|
|t:|1666834580
|move|p1a: rotomwash|Pain Split|p2a: Melmetal
|-sethp|p2a: Melmetal|29/100|[from] move: Pain Split|[silent]
|-sethp|p1a: rotomwash|39/100|[from] move: Pain Split
|move|p2a: Melmetal|Thunder Punch|p1a: rotomwash
|-damage|p1a: rotomwash|0 fnt
|faint|p1a: rotomwash
|
|upkeep
|
|t:|1666834580
|switch|p1a: Heatran|Heatran, M|100/100
|-damage|p1a: Heatran|88/100|[from] Stealth Rock
|-item|p1a: Heatran|Air Balloon
|turn|26
|
|t:|1666834583
|move|p1a: Heatran|Magma Storm|p2a: Melmetal
|-supereffective|p2a: Melmetal
|-damage|p2a: Melmetal|0 fnt
|faint|p2a: Melmetal
|
|upkeep
|
|t:|1666834585
|switch|p2a: Garchomp|Garchomp, M|100/100
|turn|27
|
|t:|1666834587
|move|p2a: Garchomp|Dragon Claw|p1a: Heatran
|-resisted|p1a: Heatran
|-damage|p1a: Heatran|60/100
|-enditem|p1a: Heatran|Air Balloon
|-damage|p2a: Garchomp|91/100|[from] item: Life Orb
|move|p1a: Heatran|Magma Storm|p2a: Garchomp
|-resisted|p2a: Garchomp
|-damage|p2a: Garchomp|63/100
|-activate|p2a: Garchomp|move: Magma Storm|[of] p1a: Heatran
|
|-damage|p2a: Garchomp|51/100|[from] move: Magma Storm|[partiallytrapped]
|upkeep
|turn|28
|
|t:|1666834590
|switch|p1a: Tangrowth|Tangrowth, F|67/100 tox
|-damage|p1a: Tangrowth|54/100 tox|[from] Stealth Rock
|move|p2a: Garchomp|Earthquake|p1a: Tangrowth
|-resisted|p1a: Tangrowth
|-damage|p1a: Tangrowth|37/100 tox
|-damage|p2a: Garchomp|41/100|[from] item: Life Orb
|
|-damage|p1a: Tangrowth|31/100 tox|[from] psn
|-end|p2a: Garchomp|Magma Storm|[partiallytrapped]|[silent]
|upkeep
|turn|29
|
|t:|1666834595
|move|p2a: Garchomp|Fire Fang|p1a: Tangrowth
|-supereffective|p1a: Tangrowth
|-damage|p1a: Tangrowth|0 fnt
|-damage|p2a: Garchomp|25/100|[from] item: Rocky Helmet|[of] p1a: Tangrowth
|faint|p1a: Tangrowth
|-damage|p2a: Garchomp|15/100|[from] item: Life Orb
|
|upkeep
|
|t:|1666834595
|switch|p1a: Weavile|Weavile, M|38/100
|-damage|p1a: Weavile|13/100|[from] Stealth Rock
|-ability|p1a: Weavile|Pressure
|turn|30
|
|t:|1666834597
|move|p1a: Weavile|Ice Shard|p2a: Garchomp
|-supereffective|p2a: Garchomp
|-damage|p2a: Garchomp|0 fnt
|faint|p2a: Garchomp
|
|win|minimax_ai
|raw|minimax_ai's rating: 1546 &rarr; <strong>1561</strong><br />(+15 for winning)
|raw|vagmak's rating: 1451 &rarr; <strong>1436</strong><br />(-15 for losing)
|c|☆minimax_ai|gg
