|j|☆friedfreak
|j|☆NoUserNameForMe
|t:|1606260051
|player|p1|friedfreak|2|1533
|player|p2|NoUserNameForMe|rood|1519
|teamsize|p1|6
|teamsize|p2|6
|gametype|singles
|gen|8
|tier|[Gen 8] OU
|rated|
|clearpoke
|poke|p1|Urshifu-*, M|
|poke|p1|Magearna|
|poke|p1|Zapdos|
|poke|p1|Spectrier|
|poke|p1|Garchomp, F|
|poke|p1|Ferrothorn, F|
|poke|p2|Weezing-Galar, F|
|poke|p2|Swampert, F|
|poke|p2|Magnezone|
|poke|p2|Tyranitar, M|
|poke|p2|Blaziken, F|
|poke|p2|Polteageist|
|rule|Sleep Clause Mod: Limit one foe put to sleep
|rule|Species Clause: Limit one of each Pokémon
|rule|OHKO Clause: OHKO moves are banned
|rule|Evasion Moves Clause: Evasion moves are banned
|rule|Endless Battle Clause: Forcing endless battles is banned
|rule|HP Percentage Mod: HP is shown in percentages
|rule|Dynamax Clause: You cannot dynamax
|teampreview
|
|t:|1606260075
|start
|switch|p1a: Garchomp|Garchomp, F|100/100
|switch|p2a: Swampert|Swampert, F|100/100
|turn|1
|
|t:|1606260082
|move|p1a: Garchomp|Toxic|p2a: Swampert|[miss]
|-miss|p1a: Garchomp|p2a: Swampert
|move|p2a: Swampert|Stealth Rock|p1a: Garchomp
|-sidestart|p1: friedfreak|move: Stealth Rock
|
|upkeep
|turn|2
|
|t:|1606260089
|move|p1a: Garchomp|Stealth Rock|p2a: Swampert
|-sidestart|p2: NoUserNameForMe|move: Stealth Rock
|move|p2a: Swampert|Ice Punch|p1a: Garchomp
|-supereffective|p1a: Garchomp
|-damage|p1a: Garchomp|41/100
|-damage|p2a: Swampert|88/100|[from] ability: Rough Skin|[of] p1a: Garchomp
|-damage|p2a: Swampert|72/100|[from] item: Rocky Helmet|[of] p1a: Garchomp
|
|-heal|p2a: Swampert|78/100|[from] item: Leftovers
|upkeep
|turn|3
|
|t:|1606260102
|switch|p2a: Weezing|Weezing-Galar, F|100/100
|-damage|p2a: Weezing|88/100|[from] Stealth Rock
|move|p1a: Garchomp|Toxic|p2a: Weezing
|-immune|p2a: Weezing
|
|-heal|p2a: Weezing|94/100|[from] item: Black Sludge
|upkeep
|turn|4
|
|t:|1606260119
|switch|p1a: Magearna|Magearna|100/100
|-damage|p1a: Magearna|95/100|[from] Stealth Rock
|move|p2a: Weezing|Fire Blast|p1a: Magearna
|-supereffective|p1a: Magearna
|-damage|p1a: Magearna|46/100
|
|-heal|p2a: Weezing|99/100|[from] item: Black Sludge
|upkeep
|turn|5
|
|t:|1606260130
|switch|p2a: Swampert|Swampert, F|78/100
|-damage|p2a: Swampert|72/100|[from] Stealth Rock
|move|p1a: Magearna|Fleur Cannon|p2a: Swampert
|-damage|p2a: Swampert|0 fnt
|-unboost|p1a: Magearna|spa|2
|faint|p2a: Swampert
|-ability|p1a: Magearna|Soul-Heart|boost
|-boost|p1a: Magearna|spa|1
|
|upkeep
|inactive|Battle timer is ON: inactive players will automatically lose when time's up. (requested by friedfreak)
|inactive|NoUserNameForMe has 120 seconds left.
|
|t:|1606260161
|switch|p2a: Magnezone|Magnezone|100/100
|-damage|p2a: Magnezone|94/100|[from] Stealth Rock
|turn|6
|
|t:|1606260168
|move|p1a: Magearna|Fleur Cannon|p2a: Magnezone
|-resisted|p2a: Magnezone
|-damage|p2a: Magnezone|70/100
|-unboost|p1a: Magearna|spa|2
|move|p2a: Magnezone|Flash Cannon|p1a: Magearna
|-damage|p1a: Magearna|0 fnt
|faint|p1a: Magearna
|
|upkeep
|inactive|friedfreak has 120 seconds left.
|
|t:|1606260203
|switch|p1a: Urshifu|Urshifu, M|100/100
|-damage|p1a: Urshifu|94/100|[from] Stealth Rock
|turn|7
|
|t:|1606260207
|switch|p2a: Weezing|Weezing-Galar, F|99/100
|-damage|p2a: Weezing|88/100|[from] Stealth Rock
|move|p1a: Urshifu|Wicked Blow|p2a: Weezing
|-resisted|p2a: Weezing
|-crit|p2a: Weezing
|-damage|p2a: Weezing|57/100
|
|-heal|p2a: Weezing|63/100|[from] item: Black Sludge
|upkeep
|turn|8
|
|t:|1606260217
|switch|p1a: Spectrier|Spectrier|100/100
|-damage|p1a: Spectrier|88/100|[from] Stealth Rock
|move|p2a: Weezing|Dazzling Gleam|p1a: Spectrier
|-damage|p1a: Spectrier|54/100
|
|-heal|p2a: Weezing|69/100|[from] item: Black Sludge
|upkeep
|turn|9
|
|t:|1606260227
|switch|p2a: Tyranitar|Tyranitar, M|100/100
|-damage|p2a: Tyranitar|88/100|[from] Stealth Rock
|-weather|Sandstorm|[from] ability: Sand Stream|[of] p2a: Tyranitar
|move|p1a: Spectrier|Will-O-Wisp|p2a: Tyranitar|[miss]
|-miss|p1a: Spectrier|p2a: Tyranitar
|
|-weather|Sandstorm|[upkeep]
|-damage|p1a: Spectrier|48/100|[from] Sandstorm
|upkeep
|turn|10
|
|t:|1606260241
|move|p1a: Spectrier|Will-O-Wisp|p2a: Tyranitar
|-status|p2a: Tyranitar|brn
|move|p2a: Tyranitar|Stone Edge|p1a: Spectrier|[miss]
|-miss|p2a: Tyranitar|p1a: Spectrier
|
|-weather|Sandstorm|[upkeep]
|-damage|p1a: Spectrier|42/100|[from] Sandstorm
|-damage|p2a: Tyranitar|82/100 brn|[from] brn
|upkeep
|turn|11
|
|t:|1606260251
|switch|p1a: Ferrothorn|Ferrothorn, F|100/100
|-damage|p1a: Ferrothorn|95/100|[from] Stealth Rock
|move|p2a: Tyranitar|Stone Edge|p1a: Ferrothorn
|-resisted|p1a: Ferrothorn
|-damage|p1a: Ferrothorn|85/100
|
|-weather|Sandstorm|[upkeep]
|-heal|p1a: Ferrothorn|91/100|[from] item: Leftovers
|-damage|p2a: Tyranitar|75/100 brn|[from] brn
|upkeep
|turn|12
|
|t:|1606260262
|move|p2a: Tyranitar|Fire Blast|p1a: Ferrothorn
|-supereffective|p1a: Ferrothorn
|-damage|p1a: Ferrothorn|14/100
|move|p1a: Ferrothorn|Spikes|p2a: Tyranitar
|-sidestart|p2: NoUserNameForMe|Spikes
|
|-weather|Sandstorm|[upkeep]
|-heal|p1a: Ferrothorn|20/100|[from] item: Leftovers
|-damage|p2a: Tyranitar|69/100 brn|[from] brn
|upkeep
|turn|13
|
|t:|1606260274
|move|p2a: Tyranitar|Fire Blast|p1a: Ferrothorn|[miss]
|-miss|p2a: Tyranitar|p1a: Ferrothorn
|move|p1a: Ferrothorn|Leech Seed|p2a: Tyranitar
|-start|p2a: Tyranitar|move: Leech Seed
|
|-weather|none
|-heal|p1a: Ferrothorn|26/100|[from] item: Leftovers
|-damage|p2a: Tyranitar|57/100 brn|[from] Leech Seed|[of] p1a: Ferrothorn
|-heal|p1a: Ferrothorn|41/100|[silent]
|-damage|p2a: Tyranitar|50/100 brn|[from] brn
|upkeep
|turn|14
|
|t:|1606260285
|switch|p2a: Blaziken|Blaziken, F|100/100
|-damage|p2a: Blaziken|88/100|[from] Stealth Rock
|-damage|p2a: Blaziken|76/100|[from] Spikes
|switch|p1a: Garchomp|Garchomp, F|41/100
|-damage|p1a: Garchomp|35/100|[from] Stealth Rock
|
|upkeep
|turn|15
|
|t:|1606260300
|switch|p2a: Weezing|Weezing-Galar, F|69/100
|-damage|p2a: Weezing|56/100|[from] Stealth Rock
|move|p1a: Garchomp|Earthquake|p2a: Weezing
|-immune|p2a: Weezing|[from] ability: Levitate
|
|-heal|p2a: Weezing|62/100|[from] item: Black Sludge
|upkeep
|turn|16
|inactive|friedfreak has 120 seconds left.
|
|t:|1606260333
|switch|p1a: Ferrothorn|Ferrothorn, F|41/100
|-damage|p1a: Ferrothorn|35/100|[from] Stealth Rock
|move|p2a: Weezing|Dazzling Gleam|p1a: Ferrothorn
|-resisted|p1a: Ferrothorn
|-damage|p1a: Ferrothorn|26/100
|
|-heal|p2a: Weezing|68/100|[from] item: Black Sludge
|-heal|p1a: Ferrothorn|32/100|[from] item: Leftovers
|upkeep
|turn|17
|
|t:|1606260344
|move|p2a: Weezing|Taunt|p1a: Ferrothorn
|-start|p1a: Ferrothorn|move: Taunt
|move|p1a: Ferrothorn|Knock Off|p2a: Weezing
|-resisted|p2a: Weezing
|-damage|p2a: Weezing|61/100
|-enditem|p2a: Weezing|Black Sludge|[from] move: Knock Off|[of] p1a: Ferrothorn
|
|-heal|p1a: Ferrothorn|38/100|[from] item: Leftovers
|upkeep
|turn|18
|
|t:|1606260355
|move|p2a: Weezing|Dazzling Gleam|p1a: Ferrothorn
|-resisted|p1a: Ferrothorn
|-damage|p1a: Ferrothorn|29/100
|move|p1a: Ferrothorn|Power Whip|p2a: Weezing
|-resisted|p2a: Weezing
|-damage|p2a: Weezing|47/100
|
|-heal|p1a: Ferrothorn|35/100|[from] item: Leftovers
|upkeep
|turn|19
|
|t:|1606260364
|move|p2a: Weezing|Fire Blast|p1a: Ferrothorn
|-supereffective|p1a: Ferrothorn
|-damage|p1a: Ferrothorn|0 fnt
|faint|p1a: Ferrothorn
|
|upkeep
|
|t:|1606260376
|switch|p1a: Spectrier|Spectrier|42/100
|-damage|p1a: Spectrier|30/100|[from] Stealth Rock
|turn|20
|
|t:|1606260383
|switch|p2a: Tyranitar|Tyranitar, M|50/100 brn
|-damage|p2a: Tyranitar|38/100 brn|[from] Spikes
|-damage|p2a: Tyranitar|25/100 brn|[from] Stealth Rock
|-weather|Sandstorm|[from] ability: Sand Stream|[of] p2a: Tyranitar
|move|p1a: Spectrier|Shadow Ball|p2a: Tyranitar
|-resisted|p2a: Tyranitar
|-damage|p2a: Tyranitar|13/100 brn
|
|-weather|Sandstorm|[upkeep]
|-damage|p1a: Spectrier|24/100|[from] Sandstorm
|-damage|p2a: Tyranitar|7/100 brn|[from] brn
|upkeep
|turn|21
|c|☆NoUserNameForMe|gg
|inactive|NoUserNameForMe has 120 seconds left.
|
|t:|1606260414
|move|p1a: Spectrier|Shadow Ball|p2a: Tyranitar
|-resisted|p2a: Tyranitar
|-damage|p2a: Tyranitar|0 fnt
|faint|p2a: Tyranitar
|-ability|p1a: Spectrier|Grim Neigh|boost
|-boost|p1a: Spectrier|spa|1
|
|-weather|Sandstorm|[upkeep]
|-damage|p1a: Spectrier|18/100|[from] Sandstorm
|upkeep
|inactive|NoUserNameForMe has 120 seconds left.
|
|t:|1606260425
|switch|p2a: Polteageist|Polteageist|100/100
|-damage|p2a: Polteageist|88/100|[from] Stealth Rock
|-damage|p2a: Polteageist|76/100|[from] Spikes
|turn|22
|inactive|NoUserNameForMe has 120 seconds left.
|
|t:|1606260431
|move|p2a: Polteageist|Sucker Punch|p1a: Spectrier
|-supereffective|p1a: Spectrier
|-crit|p1a: Spectrier
|-damage|p1a: Spectrier|0 fnt
|faint|p1a: Spectrier
|
|-weather|Sandstorm|[upkeep]
|-damage|p2a: Polteageist|70/100|[from] Sandstorm
|upkeep
|
|t:|1606260442
|switch|p1a: Urshifu|Urshifu, M|94/100
|-damage|p1a: Urshifu|88/100|[from] Stealth Rock
|turn|23
|
|t:|1606260455
|switch|p2a: Blaziken|Blaziken, F|76/100
|-damage|p2a: Blaziken|64/100|[from] Spikes
|-damage|p2a: Blaziken|51/100|[from] Stealth Rock
|move|p1a: Urshifu|Wicked Blow|p2a: Blaziken
|-resisted|p2a: Blaziken
|-crit|p2a: Blaziken
|-damage|p2a: Blaziken|0 fnt
|faint|p2a: Blaziken
|
|-weather|Sandstorm|[upkeep]
|-damage|p1a: Urshifu|82/100|[from] Sandstorm
|upkeep
|inactive|NoUserNameForMe has 120 seconds left.
|
|t:|1606260475
|switch|p2a: Weezing|Weezing-Galar, F|47/100
|-damage|p2a: Weezing|35/100|[from] Stealth Rock
|turn|24
|inactive|NoUserNameForMe has 120 seconds left.
|
|t:|1606260495
|switch|p1a: Garchomp|Garchomp, F|35/100
|-damage|p1a: Garchomp|29/100|[from] Stealth Rock
|move|p2a: Weezing|Dazzling Gleam|p1a: Garchomp
|-supereffective|p1a: Garchomp
|-damage|p1a: Garchomp|0 fnt
|faint|p1a: Garchomp
|
|-weather|none
|upkeep
|
|t:|1606260498
|switch|p1a: Zapdos|Zapdos|100/100
|turn|25
|inactive|NoUserNameForMe has 120 seconds left.
|
|t:|1606260519
|switch|p2a: Magnezone|Magnezone|70/100
|-damage|p2a: Magnezone|64/100|[from] Stealth Rock
|-damage|p2a: Magnezone|52/100|[from] Spikes
|move|p1a: Zapdos|Discharge|p2a: Magnezone
|-resisted|p2a: Magnezone
|-damage|p2a: Magnezone|41/100
|
|upkeep
|turn|26
|inactive|NoUserNameForMe has 120 seconds left.
|
|t:|1606260528
|move|p1a: Zapdos|Heat Wave|p2a: Magnezone
|-supereffective|p2a: Magnezone
|-damage|p2a: Magnezone|4/100
|-status|p2a: Magnezone|brn
|move|p2a: Magnezone|Thunderbolt|p1a: Zapdos
|-damage|p1a: Zapdos|32/100
|
|-damage|p2a: Magnezone|0 fnt|[from] brn
|faint|p2a: Magnezone
|upkeep
|inactive|NoUserNameForMe has 120 seconds left.
|
|t:|1606260538
|switch|p2a: Polteageist|Polteageist|70/100
|-damage|p2a: Polteageist|58/100|[from] Spikes
|-damage|p2a: Polteageist|45/100|[from] Stealth Rock
|turn|27
|inactive|NoUserNameForMe has 120 seconds left.
|
|t:|1606260546
|move|p1a: Zapdos|Discharge|p2a: Polteageist
|-damage|p2a: Polteageist|5/100
|move|p2a: Polteageist|Shell Smash|p2a: Polteageist
|-unboost|p2a: Polteageist|def|1
|-unboost|p2a: Polteageist|spd|1
|-boost|p2a: Polteageist|atk|2
|-boost|p2a: Polteageist|spa|2
|-boost|p2a: Polteageist|spe|2
|-enditem|p2a: Polteageist|White Herb
|-clearnegativeboost|p2a: Polteageist|[silent]
|
|upkeep
|turn|28
|inactive|NoUserNameForMe has 120 seconds left.
|
|t:|1606260558
|move|p2a: Polteageist|Shadow Ball|p1a: Zapdos
|-damage|p1a: Zapdos|0 fnt
|faint|p1a: Zapdos
|
|upkeep
|
|t:|1606260560
|switch|p1a: Urshifu|Urshifu, M|82/100
|-damage|p1a: Urshifu|76/100|[from] Stealth Rock
|turn|29
|
|t:|1606260568
|move|p2a: Polteageist|Giga Drain|p1a: Urshifu
|-damage|p1a: Urshifu|0 fnt
|-heal|p2a: Polteageist|54/100|[from] drain|[of] p1a: Urshifu
|faint|p1a: Urshifu
|
|win|NoUserNameForMe
|l|☆friedfreak
||Ladder (probably) updated, but score could not be retrieved (Request timeout).
