|j|☆I'm Arnaud
|j|‽hypersonicstorm
|t:|1656378619
|gametype|singles
|player|p1|I'm Arnaud|chase|1724
|player|p2|hypersonicstorm|266|1708
|teamsize|p1|6
|teamsize|p2|6
|gen|8
|tier|[Gen 8] OU
|rated|
|rule|Sleep Clause Mod: Limit one foe put to sleep
|rule|Species Clause: Limit one of each Pokémon
|rule|OHKO Clause: OHKO moves are banned
|rule|Evasion Moves Clause: Evasion moves are banned
|rule|Endless Battle Clause: Forcing endless battles is banned
|rule|HP Percentage Mod: HP is shown in percentages
|rule|Dynamax Clause: You cannot dynamax
|clearpoke
|poke|p1|Tapu Koko|
|poke|p1|Decidueye, M|
|poke|p1|Slowbro, M|
|poke|p1|Landorus-Therian, M|
|poke|p1|Tyranitar, M|
|poke|p1|Corviknight, M|
|poke|p2|Tapu Fini|
|poke|p2|Magnezone|
|poke|p2|Tapu Lele|
|poke|p2|Kartana|
|poke|p2|Hawlucha, M|
|poke|p2|Landorus-Therian, M|
|teampreview
|inactive|Battle timer is ON: inactive players will automatically lose when time's up. (requested by I'm Arnaud)
|
|t:|1656378643
|start
|switch|p1a: Slowbro|Slowbro, M|100/100
|switch|p2a: Landorus|Landorus-Therian, M|100/100
|-ability|p2a: Landorus|Intimidate|boost
|-unboost|p1a: Slowbro|atk|1
|turn|1
|inactive|hypersonicstorm also wants the timer to be on.
|
|t:|1656378652
|move|p2a: Landorus|Stealth Rock|p1a: Slowbro
|-sidestart|p1: I'm Arnaud|move: Stealth Rock
|move|p1a: Slowbro|Future Sight|p2a: Landorus
|-start|p1a: Slowbro|move: Future Sight
|
|upkeep
|turn|2
|inactive|hypersonicstorm has 120 seconds left.
|
|t:|1656378693
|switch|p2a: Tapu Lele|Tapu Lele|100/100
|-fieldstart|move: Psychic Terrain|[from] ability: Psychic Surge|[of] p2a: Tapu Lele
|move|p1a: Slowbro|Teleport|p1a: Slowbro
|
|t:|1656378704
|switch|p1a: Landorus|Landorus-Therian, M|100/100|[from]move: Teleport
|-damage|p1a: Landorus|88/100|[from] Stealth Rock
|-ability|p1a: Landorus|Intimidate|boost
|-unboost|p2a: Tapu Lele|atk|1
|
|-heal|p1a: Landorus|94/100|[from] item: Leftovers
|upkeep
|turn|3
|
|t:|1656378710
|switch|p2a: Landorus|Landorus-Therian, M|100/100
|-ability|p2a: Landorus|Intimidate|boost
|-unboost|p1a: Landorus|atk|1
|move|p1a: Landorus|Earthquake|p2a: Landorus
|-immune|p2a: Landorus
|
|-end|p2a: Landorus|move: Future Sight
|-damage|p2a: Landorus|63/100
|-heal|p2a: Landorus|69/100|[from] item: Leftovers
|-heal|p1a: Landorus|99/100|[from] item: Leftovers
|upkeep
|turn|4
|inactive|hypersonicstorm has 120 seconds left.
|
|t:|1656378741
|switch|p2a: Tapu Lele|Tapu Lele|100/100
|move|p1a: Landorus|Stealth Rock|p2a: Tapu Lele
|-sidestart|p2: hypersonicstorm|move: Stealth Rock
|
|-heal|p1a: Landorus|100/100|[from] item: Leftovers
|upkeep
|turn|5
|j| GROSS SAMPLE TEAM
|
|t:|1656378751
|move|p2a: Tapu Lele|Moonblast|p1a: Landorus
|-damage|p1a: Landorus|43/100
|move|p1a: Landorus|U-turn|p2a: Tapu Lele
|-damage|p2a: Tapu Lele|77/100
|
|t:|1656378756
|switch|p1a: Decidueye|Decidueye, M|100/100|[from]move: U-turn
|-damage|p1a: Decidueye|88/100|[from] Stealth Rock
|
|upkeep
|turn|6
|
|t:|1656378757
|switch|p2a: Magnezone|Magnezone|100/100
|-damage|p2a: Magnezone|94/100|[from] Stealth Rock
|move|p1a: Decidueye|Poltergeist|p2a: Magnezone
|-activate|p2a: Magnezone|move: Poltergeist|Rocky Helmet
|-damage|p2a: Magnezone|36/100
|
|-fieldend|move: Psychic Terrain
|upkeep
|turn|7
|inactive|hypersonicstorm has 120 seconds left.
|j| wocaowocao
|
|t:|1656378794
|move|p1a: Decidueye|Poltergeist|p2a: Magnezone
|-activate|p2a: Magnezone|move: Poltergeist|Rocky Helmet
|-damage|p2a: Magnezone|0 fnt
|faint|p2a: Magnezone
|
|upkeep
|
|t:|1656378796
|switch|p2a: Tapu Lele|Tapu Lele|77/100
|-damage|p2a: Tapu Lele|65/100|[from] Stealth Rock
|-fieldstart|move: Psychic Terrain|[from] ability: Psychic Surge|[of] p2a: Tapu Lele
|turn|8
|
|t:|1656378802
|switch|p1a: Corviknight|Corviknight, M|100/100
|-ability|p1a: Corviknight|Pressure
|move|p2a: Tapu Lele|Moonblast|p1a: Corviknight
|-resisted|p1a: Corviknight
|-damage|p1a: Corviknight|66/100
|
|upkeep
|turn|9
|
|t:|1656378809
|move|p2a: Tapu Lele|Moonblast|p1a: Corviknight
|-resisted|p1a: Corviknight
|-damage|p1a: Corviknight|31/100
|-unboost|p1a: Corviknight|spa|1
|move|p1a: Corviknight|Roost|p1a: Corviknight
|-heal|p1a: Corviknight|81/100
|-singleturn|p1a: Corviknight|move: Roost
|
|upkeep
|turn|10
|j| ENTUCULOMEMONTO
|
|t:|1656378818
|switch|p2a: Landorus|Landorus-Therian, M|69/100
|-damage|p2a: Landorus|57/100|[from] Stealth Rock
|-ability|p2a: Landorus|Intimidate|boost
|-unboost|p1a: Corviknight|atk|1
|move|p1a: Corviknight|Roost|p1a: Corviknight
|-heal|p1a: Corviknight|100/100
|-singleturn|p1a: Corviknight|move: Roost
|
|-heal|p2a: Landorus|63/100|[from] item: Leftovers
|upkeep
|turn|11
|inactive|hypersonicstorm has 120 seconds left.
|j| 7lock
|
|t:|1656378841
|move|p2a: Landorus|Earthquake|p1a: Corviknight
|-immune|p1a: Corviknight
|move|p1a: Corviknight|Defog|p2a: Landorus
|-unboost|p2a: Landorus|evasion|1
|-sideend|p2: hypersonicstorm|Stealth Rock|[from] move: Defog|[of] p1a: Corviknight
|-sideend|p1: I'm Arnaud|Stealth Rock|[from] move: Defog|[of] p1a: Corviknight
|-fieldend|move: Psychic Terrain
|
|-heal|p2a: Landorus|69/100|[from] item: Leftovers
|upkeep
|turn|12
|inactive|hypersonicstorm has 120 seconds left.
|j| Omari P
|l| ENTUCULOMEMONTO
|
|t:|1656378863
|switch|p1a: Landorus|Landorus-Therian, M|43/100
|-ability|p1a: Landorus|Intimidate|boost
|-unboost|p2a: Landorus|atk|1
|move|p2a: Landorus|Stealth Rock|p1a: Landorus
|-sidestart|p1: I'm Arnaud|move: Stealth Rock
|
|-heal|p2a: Landorus|75/100|[from] item: Leftovers
|-heal|p1a: Landorus|49/100|[from] item: Leftovers
|upkeep
|turn|13
|j| Ctannn
|
|t:|1656378886
|switch|p2a: Tapu Fini|Tapu Fini|100/100
|-fieldstart|move: Misty Terrain|[from] ability: Misty Surge|[of] p2a: Tapu Fini
|move|p1a: Landorus|Stealth Rock|p2a: Tapu Fini
|-sidestart|p2: hypersonicstorm|move: Stealth Rock
|
|-heal|p1a: Landorus|55/100|[from] item: Leftovers
|upkeep
|turn|14
|
|t:|1656378895
|move|p2a: Tapu Fini|Surf|p1a: Landorus
|-supereffective|p1a: Landorus
|-damage|p1a: Landorus|0 fnt
|faint|p1a: Landorus
|
|upkeep
|
|t:|1656378898
|switch|p1a: Tapu Koko|Tapu Koko|100/100
|-fieldstart|move: Electric Terrain|[from] ability: Electric Surge|[of] p1a: Tapu Koko
|turn|15
|
|t:|1656378900
|switch|p2a: Landorus|Landorus-Therian, M|75/100
|-damage|p2a: Landorus|62/100|[from] Stealth Rock
|-ability|p2a: Landorus|Intimidate|boost
|-unboost|p1a: Tapu Koko|atk|1
|move|p1a: Tapu Koko|U-turn|p2a: Landorus
|-resisted|p2a: Landorus
|-damage|p2a: Landorus|57/100
|
|t:|1656378903
|switch|p1a: Decidueye|Decidueye, M|88/100|[from]move: U-turn
|-damage|p1a: Decidueye|76/100|[from] Stealth Rock
|
|-heal|p2a: Landorus|63/100|[from] item: Leftovers
|upkeep
|turn|16
|inactive|hypersonicstorm has 120 seconds left.
|
|t:|1656378915
|move|p1a: Decidueye|Poltergeist|p2a: Landorus
|-activate|p2a: Landorus|move: Poltergeist|Leftovers
|-damage|p2a: Landorus|0 fnt
|faint|p2a: Landorus
|
|upkeep
|
|t:|1656378916
|switch|p2a: Tapu Lele|Tapu Lele|65/100
|-damage|p2a: Tapu Lele|52/100|[from] Stealth Rock
|-fieldstart|move: Psychic Terrain|[from] ability: Psychic Surge|[of] p2a: Tapu Lele
|turn|17
|
|t:|1656378920
|switch|p1a: Corviknight|Corviknight, M|100/100
|-ability|p1a: Corviknight|Pressure
|move|p2a: Tapu Lele|Moonblast|p1a: Corviknight
|-resisted|p1a: Corviknight
|-damage|p1a: Corviknight|67/100
|
|upkeep
|turn|18
|
|t:|1656378926
|move|p2a: Tapu Lele|Moonblast|p1a: Corviknight
|-resisted|p1a: Corviknight
|-damage|p1a: Corviknight|31/100
|move|p1a: Corviknight|Roost|p1a: Corviknight
|-heal|p1a: Corviknight|81/100
|-singleturn|p1a: Corviknight|move: Roost
|
|upkeep
|turn|19
|
|t:|1656378928
|move|p2a: Tapu Lele|Moonblast|p1a: Corviknight
|-resisted|p1a: Corviknight
|-damage|p1a: Corviknight|47/100
|-unboost|p1a: Corviknight|spa|1
|move|p1a: Corviknight|Roost|p1a: Corviknight
|-heal|p1a: Corviknight|97/100
|-singleturn|p1a: Corviknight|move: Roost
|
|upkeep
|turn|20
|
|t:|1656378932
|move|p2a: Tapu Lele|Moonblast|p1a: Corviknight
|-resisted|p1a: Corviknight
|-damage|p1a: Corviknight|60/100
|move|p1a: Corviknight|Roost|p1a: Corviknight
|-heal|p1a: Corviknight|100/100
|-singleturn|p1a: Corviknight|move: Roost
|
|upkeep
|turn|21
|
|t:|1656378934
|move|p2a: Tapu Lele|Moonblast|p1a: Corviknight
|-resisted|p1a: Corviknight
|-damage|p1a: Corviknight|64/100
|-unboost|p1a: Corviknight|spa|1
|move|p1a: Corviknight|Defog|p2a: Tapu Lele
|-unboost|p2a: Tapu Lele|evasion|1
|-sideend|p2: hypersonicstorm|Stealth Rock|[from] move: Defog|[of] p1a: Corviknight
|-sideend|p1: I'm Arnaud|Stealth Rock|[from] move: Defog|[of] p1a: Corviknight
|-fieldend|move: Psychic Terrain
|
|upkeep
|turn|22
|
|t:|1656378936
|move|p2a: Tapu Lele|Moonblast|p1a: Corviknight
|-resisted|p1a: Corviknight
|-damage|p1a: Corviknight|26/100
|move|p1a: Corviknight|Roost|p1a: Corviknight
|-heal|p1a: Corviknight|76/100
|-singleturn|p1a: Corviknight|move: Roost
|
|upkeep
|turn|23
|
|t:|1656378939
|move|p2a: Tapu Lele|Moonblast|p1a: Corviknight
|-resisted|p1a: Corviknight
|-damage|p1a: Corviknight|40/100
|move|p1a: Corviknight|Roost|p1a: Corviknight
|-heal|p1a: Corviknight|90/100
|-singleturn|p1a: Corviknight|move: Roost
|
|upkeep
|turn|24
|
|t:|1656378942
|switch|p2a: Tapu Fini|Tapu Fini|100/100
|-fieldstart|move: Misty Terrain|[from] ability: Misty Surge|[of] p2a: Tapu Fini
|move|p1a: Corviknight|Roost|p1a: Corviknight
|-heal|p1a: Corviknight|100/100
|-singleturn|p1a: Corviknight|move: Roost
|
|upkeep
|turn|25
|
|t:|1656378951
|switch|p1a: Tyranitar|Tyranitar, M|100/100
|-weather|Sandstorm|[from] ability: Sand Stream|[of] p1a: Tyranitar
|move|p2a: Tapu Fini|Surf|p1a: Tyranitar
|-supereffective|p1a: Tyranitar
|-damage|p1a: Tyranitar|55/100
|
|-weather|Sandstorm|[upkeep]
|-damage|p2a: Tapu Fini|94/100|[from] Sandstorm
|upkeep
|turn|26
|
|t:|1656378956
|move|p2a: Tapu Fini|Surf|p1a: Tyranitar
|-supereffective|p1a: Tyranitar
|-damage|p1a: Tyranitar|13/100
|move|p1a: Tyranitar|Stone Edge|p2a: Tapu Fini
|-damage|p2a: Tapu Fini|0 fnt
|faint|p2a: Tapu Fini
|
|-weather|Sandstorm|[upkeep]
|upkeep
|
|t:|1656378957
|switch|p2a: Hawlucha|Hawlucha, M|100/100
|-enditem|p2a: Hawlucha|Misty Seed
|-boost|p2a: Hawlucha|spd|1|[from] item: Misty Seed
|turn|27
|
|t:|1656378965
|move|p2a: Hawlucha|Substitute|p2a: Hawlucha
|-start|p2a: Hawlucha|Substitute
|-damage|p2a: Hawlucha|76/100
|move|p1a: Tyranitar|Stone Edge|p2a: Hawlucha
|-end|p2a: Hawlucha|Substitute
|
|-weather|Sandstorm|[upkeep]
|-damage|p2a: Hawlucha|69/100|[from] Sandstorm
|upkeep
|turn|28
|
|t:|1656378974
|move|p2a: Hawlucha|Acrobatics|p1a: Tyranitar
|-resisted|p1a: Tyranitar
|-damage|p1a: Tyranitar|0 fnt
|faint|p1a: Tyranitar
|
|-weather|Sandstorm|[upkeep]
|-damage|p2a: Hawlucha|63/100|[from] Sandstorm
|-fieldend|Misty Terrain
|upkeep
|
|t:|1656378979
|switch|p1a: Tapu Koko|Tapu Koko|100/100
|-fieldstart|move: Electric Terrain|[from] ability: Electric Surge|[of] p1a: Tapu Koko
|turn|29
|
|t:|1656378984
|move|p2a: Hawlucha|Close Combat|p1a: Tapu Koko
|-resisted|p1a: Tapu Koko
|-damage|p1a: Tapu Koko|62/100
|-unboost|p2a: Hawlucha|def|1
|-unboost|p2a: Hawlucha|spd|1
|move|p1a: Tapu Koko|Thunderbolt|p2a: Hawlucha
|-supereffective|p2a: Hawlucha
|-damage|p2a: Hawlucha|0 fnt
|faint|p2a: Hawlucha
|
|-weather|none
|upkeep
|
|t:|1656378984
|switch|p2a: Kartana|Kartana|100/100
|turn|30
|
|t:|1656378987
|switch|p1a: Corviknight|Corviknight, M|100/100
|-ability|p1a: Corviknight|Pressure
|move|p2a: Kartana|Leaf Blade|p1a: Corviknight
|-resisted|p1a: Corviknight
|-damage|p1a: Corviknight|91/100
|
|upkeep
|turn|31
|
|t:|1656378998
|switch|p2a: Tapu Lele|Tapu Lele|52/100
|-fieldstart|move: Psychic Terrain|[from] ability: Psychic Surge|[of] p2a: Tapu Lele
|move|p1a: Corviknight|U-turn|p2a: Tapu Lele
|-damage|p2a: Tapu Lele|32/100
|l| Ctannn
|
|t:|1656379004
|switch|p1a: Slowbro|Slowbro, M|100/100|[from]move: U-turn
|
|upkeep
|turn|32
|
|t:|1656379005
|move|p2a: Tapu Lele|Psychic|p1a: Slowbro
|-resisted|p1a: Slowbro
|-damage|p1a: Slowbro|44/100
|move|p1a: Slowbro|Scald|p2a: Tapu Lele
|-damage|p2a: Tapu Lele|4/100
|
|upkeep
|turn|33
|
|t:|1656379011
|move|p2a: Tapu Lele|Psychic|p1a: Slowbro
|-resisted|p1a: Slowbro
|-damage|p1a: Slowbro|0 fnt
|faint|p1a: Slowbro
|
|upkeep
|
|t:|1656379013
|switch|p1a: Tapu Koko|Tapu Koko|62/100
|-fieldstart|move: Electric Terrain|[from] ability: Electric Surge|[of] p1a: Tapu Koko
|turn|34
|
|t:|1656379015
|move|p1a: Tapu Koko|U-turn|p2a: Tapu Lele
|-damage|p2a: Tapu Lele|0 fnt
|faint|p2a: Tapu Lele
|
|t:|1656379018
|switch|p1a: Corviknight|Corviknight, M|91/100|[from]move: U-turn
|-ability|p1a: Corviknight|Pressure
|
|upkeep
|
|t:|1656379018
|switch|p2a: Kartana|Kartana|100/100
|turn|35
|
|t:|1656379020
|move|p2a: Kartana|Knock Off|p1a: Corviknight
|-damage|p1a: Corviknight|63/100
|-enditem|p1a: Corviknight|Heavy-Duty Boots|[from] move: Knock Off|[of] p2a: Kartana
|move|p1a: Corviknight|Roost|p1a: Corviknight
|-heal|p1a: Corviknight|100/100
|-singleturn|p1a: Corviknight|move: Roost
|
|upkeep
|turn|36
|
|t:|1656379023
|move|p2a: Kartana|Knock Off|p1a: Corviknight
|-damage|p1a: Corviknight|83/100
|move|p1a: Corviknight|Brave Bird|p2a: Kartana
|-damage|p2a: Kartana|60/100
|-damage|p1a: Corviknight|74/100|[from] Recoil
|
|upkeep
|turn|37
|l| wocaowocao
|
|t:|1656379025
|move|p2a: Kartana|Knock Off|p1a: Corviknight
|-damage|p1a: Corviknight|55/100
|move|p1a: Corviknight|Roost|p1a: Corviknight
|-heal|p1a: Corviknight|100/100
|-singleturn|p1a: Corviknight|move: Roost
|
|upkeep
|turn|38
|
|t:|1656379027
|move|p2a: Kartana|Knock Off|p1a: Corviknight
|-damage|p1a: Corviknight|82/100
|move|p1a: Corviknight|Brave Bird|p2a: Kartana
|-damage|p2a: Kartana|24/100
|-damage|p1a: Corviknight|75/100|[from] Recoil
|
|-fieldend|move: Electric Terrain
|upkeep
|turn|39
|
|t:|1656379029
|move|p2a: Kartana|Knock Off|p1a: Corviknight
|-damage|p1a: Corviknight|57/100
|move|p1a: Corviknight|Brave Bird|p2a: Kartana
|-damage|p2a: Kartana|0 fnt
|faint|p2a: Kartana
|-damage|p1a: Corviknight|51/100|[from] Recoil
|
|win|I'm Arnaud
|raw|I&apos;m Arnaud's rating: 1724 &rarr; <strong>1743</strong><br />(+19 for winning)
|raw|hypersonicstorm's rating: 1708 &rarr; <strong>1689</strong><br />(-19 for losing)
|l|‽hypersonicstorm
||Ladder isn't responding, score probably updated but might not have (Request timeout).
