|j|☆dugtrio's madness
|j|☆ezwz
|t:|1603730340
|player|p1|dugtrio's madness|erika|2030
|player|p2|ezwz|youngster-gen4|1913
|teamsize|p1|6
|teamsize|p2|6
|gametype|singles
|gen|8
|tier|[Gen 8] OU
|rated|
|clearpoke
|poke|p1|Landorus-Therian, M|
|poke|p1|Heatran, M|
|poke|p1|Ferrothorn, M|
|poke|p1|Clefable, F|
|poke|p1|Zapdos|
|poke|p1|Zygarde|
|poke|p2|Landorus-Therian, M|
|poke|p2|Heatran, F|
|poke|p2|Tapu Bulu|
|poke|p2|Tapu Fini|
|poke|p2|Urshifu-*, M|
|poke|p2|Zapdos|
|rule|Sleep Clause Mod: Limit one foe put to sleep
|rule|Species Clause: Limit one of each Pokémon
|rule|OHKO Clause: OHKO moves are banned
|rule|Evasion Moves Clause: Evasion moves are banned
|rule|Endless Battle Clause: Forcing endless battles is banned
|rule|HP Percentage Mod: HP is shown in percentages
|rule|Dynamax Clause: You cannot dynamax
|teampreview
|inactive|Battle timer is ON: inactive players will automatically lose when time's up. (requested by dugtrio's madness)
|j| Jungladecemento
|
|t:|1603730361
|start
|switch|p1a: Clefable|Clefable, F|100/100
|switch|p2a: Landorus|Landorus-Therian, M|100/100
|-ability|p2a: Landorus|Intimidate|boost
|-unboost|p1a: Clefable|atk|1
|turn|1
|
|t:|1603730368
|move|p2a: Landorus|Earthquake|p1a: Clefable
|-damage|p1a: Clefable|65/100
|move|p1a: Clefable|Stealth Rock|p2a: Landorus
|-sidestart|p2: ezwz|move: Stealth Rock
|
|-heal|p1a: Clefable|71/100|[from] item: Leftovers
|upkeep
|turn|2
|j| okqplz
|j| Clxsh
|
|t:|1603730379
|move|p2a: Landorus|U-turn|p1a: Clefable
|-resisted|p1a: Clefable
|-damage|p1a: Clefable|63/100
|j| Celtis
|j| znop
|
|t:|1603730381
|switch|p2a: Heatran|Heatran, F|100/100|[from]move: U-turn
|-damage|p2a: Heatran|88/100|[from] Stealth Rock
|move|p1a: Clefable|Moonblast|p2a: Heatran
|-resisted|p2a: Heatran
|-crit|p2a: Heatran
|-damage|p2a: Heatran|81/100
|
|-heal|p2a: Heatran|87/100|[from] item: Leftovers
|-heal|p1a: Clefable|69/100|[from] item: Leftovers
|upkeep
|turn|3
|j| Bar236
|j| lastmagic
|
|t:|1603730391
|move|p2a: Heatran|Stealth Rock|p1a: Clefable
|-sidestart|p1: dugtrio's madness|move: Stealth Rock
|move|p1a: Clefable|Thunder Wave|p2a: Heatran
|-status|p2a: Heatran|par
|
|-heal|p1a: Clefable|75/100|[from] item: Leftovers
|-heal|p2a: Heatran|93/100 par|[from] item: Leftovers
|upkeep
|turn|4
|j| groundt
|
|t:|1603730399
|move|p1a: Clefable|Moonblast|p2a: Heatran
|-resisted|p2a: Heatran
|-damage|p2a: Heatran|89/100 par
|move|p2a: Heatran|Toxic|p1a: Clefable
|-status|p1a: Clefable|tox
|
|-heal|p1a: Clefable|81/100 tox|[from] item: Leftovers
|-heal|p2a: Heatran|95/100 par|[from] item: Leftovers
|upkeep
|turn|5
|
|t:|1603730407
|move|p1a: Clefable|Moonblast|p2a: Heatran
|-resisted|p2a: Heatran
|-damage|p2a: Heatran|90/100 par
|move|p2a: Heatran|Toxic|p1a: Clefable
|-fail|p1a: Clefable|tox
|
|-heal|p1a: Clefable|88/100 tox|[from] item: Leftovers
|-heal|p2a: Heatran|96/100 par|[from] item: Leftovers
|upkeep
|turn|6
|
|t:|1603730416
|move|p1a: Clefable|Moonblast|p2a: Heatran
|-resisted|p2a: Heatran
|-damage|p2a: Heatran|91/100 par
|-unboost|p2a: Heatran|spa|1
|move|p2a: Heatran|Toxic|p1a: Clefable|[miss]
|-miss|p2a: Heatran|p1a: Clefable
|
|-heal|p1a: Clefable|94/100 tox|[from] item: Leftovers
|-heal|p2a: Heatran|98/100 par|[from] item: Leftovers
|upkeep
|turn|7
|
|t:|1603730425
|move|p1a: Clefable|Moonblast|p2a: Heatran
|-resisted|p2a: Heatran
|-damage|p2a: Heatran|93/100 par
|move|p2a: Heatran|Earth Power|p1a: Clefable
|-damage|p1a: Clefable|78/100 tox
|
|-heal|p1a: Clefable|84/100 tox|[from] item: Leftovers
|-heal|p2a: Heatran|99/100 par|[from] item: Leftovers
|upkeep
|turn|8
|
|t:|1603730434
|move|p1a: Clefable|Moonblast|p2a: Heatran
|-resisted|p2a: Heatran
|-damage|p2a: Heatran|94/100 par
|-unboost|p2a: Heatran|spa|1
|cant|p2a: Heatran|par
|
|-heal|p1a: Clefable|90/100 tox|[from] item: Leftovers
|-heal|p2a: Heatran|100/100 par|[from] item: Leftovers
|upkeep
|turn|9
|
|t:|1603730443
|switch|p1a: Heatran|Heatran, M|100/100
|-damage|p1a: Heatran|88/100|[from] Stealth Rock
|cant|p2a: Heatran|par
|
|-heal|p1a: Heatran|94/100|[from] item: Leftovers
|upkeep
|turn|10
|
|t:|1603730453
|switch|p2a: Landorus|Landorus-Therian, M|100/100
|-damage|p2a: Landorus|88/100|[from] Stealth Rock
|-ability|p2a: Landorus|Intimidate|boost
|-unboost|p1a: Heatran|atk|1
|move|p1a: Heatran|Magma Storm|p2a: Landorus
|-damage|p2a: Landorus|46/100
|-activate|p2a: Landorus|move: Magma Storm|[of] p1a: Heatran
|
|-heal|p1a: Heatran|100/100|[from] item: Leftovers
|-damage|p2a: Landorus|33/100|[from] move: Magma Storm|[partiallytrapped]
|upkeep
|turn|11
|
|t:|1603730463
|move|p1a: Heatran|Protect|p1a: Heatran
|-singleturn|p1a: Heatran|Protect
|move|p2a: Landorus|Earthquake|p1a: Heatran
|-activate|p1a: Heatran|move: Protect
|
|-damage|p2a: Landorus|21/100|[from] move: Magma Storm|[partiallytrapped]
|upkeep
|turn|12
|j| surf thru traffic
|
|t:|1603730474
|switch|p1a: Ferrothorn|Ferrothorn, M|100/100
|-damage|p1a: Ferrothorn|94/100|[from] Stealth Rock
|move|p2a: Landorus|Toxic|p1a: Ferrothorn
|-immune|p1a: Ferrothorn
|
|-heal|p1a: Ferrothorn|100/100|[from] item: Leftovers
|-end|p2a: Landorus|Magma Storm|[partiallytrapped]|[silent]
|upkeep
|turn|13
|
|t:|1603730489
|switch|p2a: Zapdos|Zapdos|100/100
|move|p1a: Ferrothorn|Spikes|p2a: Zapdos
|-sidestart|p2: ezwz|Spikes
|
|upkeep
|turn|14
|
|t:|1603730498
|switch|p1a: Clefable|Clefable, F|90/100 tox
|move|p2a: Zapdos|Volt Switch|p1a: Clefable
|-damage|p1a: Clefable|60/100 tox
|
|t:|1603730505
|switch|p2a: Tapu Fini|Tapu Fini|100/100|[from]move: Volt Switch
|-damage|p2a: Tapu Fini|88/100|[from] Stealth Rock
|-damage|p2a: Tapu Fini|75/100|[from] Spikes
|-fieldstart|move: Misty Terrain|[from] ability: Misty Surge|[of] p2a: Tapu Fini
|
|-heal|p2a: Tapu Fini|82/100|[from] item: Leftovers
|-heal|p1a: Clefable|66/100 tox|[from] item: Leftovers
|upkeep
|turn|15
|j| Dazaii
|j| Shart of a lion
|
|t:|1603730519
|switch|p1a: Zapdos|Zapdos|100/100
|move|p2a: Tapu Fini|Calm Mind|p2a: Tapu Fini
|-boost|p2a: Tapu Fini|spa|1
|-boost|p2a: Tapu Fini|spd|1
|
|-heal|p2a: Tapu Fini|88/100|[from] item: Leftovers
|upkeep
|turn|16
|
|t:|1603730526
|move|p1a: Zapdos|Volt Switch|p2a: Tapu Fini
|-supereffective|p2a: Tapu Fini
|-damage|p2a: Tapu Fini|59/100
|j| hsh3184
|
|t:|1603730531
|switch|p1a: Ferrothorn|Ferrothorn, M|100/100|[from]move: Volt Switch
|-damage|p1a: Ferrothorn|94/100|[from] Stealth Rock
|move|p2a: Tapu Fini|Calm Mind|p2a: Tapu Fini
|-boost|p2a: Tapu Fini|spa|1
|-boost|p2a: Tapu Fini|spd|1
|
|-heal|p2a: Tapu Fini|65/100|[from] item: Leftovers
|-heal|p1a: Ferrothorn|100/100|[from] item: Leftovers
|upkeep
|turn|17
|j| thesky12321
|
|t:|1603730536
|move|p2a: Tapu Fini|Substitute|p2a: Tapu Fini
|-start|p2a: Tapu Fini|Substitute
|-damage|p2a: Tapu Fini|40/100
|move|p1a: Ferrothorn|Power Whip|p2a: Tapu Fini
|-supereffective|p2a: Tapu Fini
|-end|p2a: Tapu Fini|Substitute
|
|-heal|p2a: Tapu Fini|46/100|[from] item: Leftovers
|upkeep
|turn|18
|
|t:|1603730546
|switch|p2a: Zapdos|Zapdos|100/100
|move|p1a: Ferrothorn|Power Whip|p2a: Zapdos
|-resisted|p2a: Zapdos
|-damage|p2a: Zapdos|85/100
|
|-fieldend|Misty Terrain
|upkeep
|turn|19
|j| draceau
|
|t:|1603730554
|switch|p1a: Zygarde|Zygarde|100/100
|-damage|p1a: Zygarde|94/100|[from] Stealth Rock
|-ability|p1a: Zygarde|Aura Break
|move|p2a: Zapdos|Volt Switch|p1a: Zygarde
|-immune|p1a: Zygarde
|
|-heal|p1a: Zygarde|100/100|[from] item: Leftovers
|upkeep
|turn|20
|j| LowGxeDoritos
|j| fatniss_neverlen
|c| LowGxeDoritos|ez dubs
|j| MegaRayquaza~0~
|
|t:|1603730565
|move|p1a: Zygarde|Protect|p1a: Zygarde
|-singleturn|p1a: Zygarde|Protect
|move|p2a: Zapdos|Toxic|p1a: Zygarde
|-activate|p1a: Zygarde|move: Protect
|
|upkeep
|turn|21
|j| uncool_loser
|j| Zombini62
|l| Bar236
|inactive|ezwz has 120 seconds left.
|l| draceau
|c|☆ezwz|broo my team is so bad all i know is ez Ls atm 😪
|
|t:|1603730608
|move|p1a: Zygarde|Thousand Arrows|p2a: Zapdos
|-damage|p2a: Zapdos|58/100
|-start|p2a: Zapdos|Smack Down
|move|p2a: Zapdos|Toxic|p1a: Zygarde
|-status|p1a: Zygarde|tox
|
|-damage|p1a: Zygarde|94/100 tox|[from] psn
|upkeep
|turn|22
|j| zeta2048
|
|t:|1603730628
|switch|p2a: Tapu Bulu|Tapu Bulu|100/100
|-damage|p2a: Tapu Bulu|88/100|[from] Stealth Rock
|-damage|p2a: Tapu Bulu|75/100|[from] Spikes
|-fieldstart|move: Grassy Terrain|[from] ability: Grassy Surge|[of] p2a: Tapu Bulu
|move|p1a: Zygarde|Thousand Arrows|p2a: Tapu Bulu
|-resisted|p2a: Tapu Bulu
|-damage|p2a: Tapu Bulu|58/100
|
|-heal|p1a: Zygarde|100/100 tox|[from] item: Leftovers
|-heal|p2a: Tapu Bulu|64/100|[from] item: Leftovers
|-heal|p2a: Tapu Bulu|70/100|[from] Grassy Terrain
|-damage|p1a: Zygarde|88/100 tox|[from] psn
|upkeep
|turn|23
|c| LowGxeDoritos|😬
|inactive|ezwz has 120 seconds left.
|l| MegaRayquaza~0~
|
|t:|1603730644
|switch|p1a: Zapdos|Zapdos|100/100
|move|p2a: Tapu Bulu|Swords Dance|p2a: Tapu Bulu
|-boost|p2a: Tapu Bulu|atk|2
|
|-heal|p2a: Tapu Bulu|76/100|[from] item: Leftovers
|-heal|p2a: Tapu Bulu|82/100|[from] Grassy Terrain
|upkeep
|turn|24
|
|t:|1603730655
|switch|p2a: Heatran|Heatran, F|100/100 par
|-damage|p2a: Heatran|88/100 par|[from] Stealth Rock
|-damage|p2a: Heatran|76/100 par|[from] Spikes
|move|p1a: Zapdos|Toxic||[still]
|-fail|p1a: Zapdos
|
|-heal|p2a: Heatran|82/100 par|[from] item: Leftovers
|-heal|p2a: Heatran|88/100 par|[from] Grassy Terrain
|upkeep
|turn|25
|j| youke
|
|t:|1603730665
|move|p1a: Zapdos|Volt Switch|p2a: Heatran
|-damage|p2a: Heatran|69/100 par
|
|t:|1603730669
|switch|p1a: Zygarde|Zygarde|88/100 tox|[from]move: Volt Switch
|-damage|p1a: Zygarde|82/100 tox|[from] Stealth Rock
|-ability|p1a: Zygarde|Aura Break
|move|p2a: Heatran|Earth Power|p1a: Zygarde
|-damage|p1a: Zygarde|62/100 tox
|
|-heal|p1a: Zygarde|68/100 tox|[from] item: Leftovers
|-heal|p1a: Zygarde|74/100 tox|[from] Grassy Terrain
|-heal|p2a: Heatran|76/100 par|[from] item: Leftovers
|-heal|p2a: Heatran|82/100 par|[from] Grassy Terrain
|-damage|p1a: Zygarde|68/100 tox|[from] psn
|upkeep
|turn|26
|j| Tripledoggo
|j| punchee
|
|t:|1603730683
|switch|p2a: Tapu Bulu|Tapu Bulu|82/100
|-damage|p2a: Tapu Bulu|70/100|[from] Spikes
|-damage|p2a: Tapu Bulu|57/100|[from] Stealth Rock
|move|p1a: Zygarde|Thousand Arrows|p2a: Tapu Bulu
|-resisted|p2a: Tapu Bulu
|-damage|p2a: Tapu Bulu|40/100
|
|-heal|p1a: Zygarde|74/100 tox|[from] item: Leftovers
|-heal|p1a: Zygarde|80/100 tox|[from] Grassy Terrain
|-heal|p2a: Tapu Bulu|46/100|[from] item: Leftovers
|-heal|p2a: Tapu Bulu|52/100|[from] Grassy Terrain
|-fieldend|move: Grassy Terrain
|-damage|p1a: Zygarde|68/100 tox|[from] psn
|upkeep
|turn|27
|j| Dylanronpa
|j| kiloofthemall
|l| punchee
|l| Zombini62
|
|t:|1603730712
|switch|p1a: Zapdos|Zapdos|100/100
|move|p2a: Tapu Bulu|Synthesis|p2a: Tapu Bulu
|-heal|p2a: Tapu Bulu|100/100
|
|upkeep
|turn|28
|l| youke
|
|t:|1603730740
|switch|p2a: Heatran|Heatran, F|82/100 par
|-damage|p2a: Heatran|69/100 par|[from] Spikes
|-damage|p2a: Heatran|57/100 par|[from] Stealth Rock
|move|p1a: Zapdos|Hurricane|p2a: Heatran
|-resisted|p2a: Heatran
|-damage|p2a: Heatran|42/100 par
|-start|p2a: Heatran|confusion
|
|-heal|p2a: Heatran|48/100 par|[from] item: Leftovers
|upkeep
|turn|29
|j| Bugz25
|
|t:|1603730751
|move|p1a: Zapdos|Volt Switch|p2a: Heatran
|-damage|p2a: Heatran|29/100 par
|
|t:|1603730755
|switch|p1a: Clefable|Clefable, F|66/100 tox|[from]move: Volt Switch
|-activate|p2a: Heatran|confusion
|cant|p2a: Heatran|par
|
|-heal|p1a: Clefable|72/100 tox|[from] item: Leftovers
|-heal|p2a: Heatran|35/100 par|[from] item: Leftovers
|upkeep
|turn|30
|l| LowGxeDoritos
|j| youke
|
|t:|1603730766
|move|p1a: Clefable|Moonblast|p2a: Heatran
|-resisted|p2a: Heatran
|-damage|p2a: Heatran|31/100 par
|-unboost|p2a: Heatran|spa|1
|-end|p2a: Heatran|confusion
|move|p2a: Heatran|Magma Storm|p1a: Clefable
|-damage|p1a: Clefable|44/100 tox
|-activate|p1a: Clefable|move: Magma Storm|[of] p2a: Heatran
|
|-heal|p1a: Clefable|50/100 tox|[from] item: Leftovers
|-heal|p2a: Heatran|37/100 par|[from] item: Leftovers
|upkeep
|turn|31
|j| LowGxeDoritos
|l| Dazaii
|
|t:|1603730778
|move|p1a: Clefable|Soft-Boiled|p1a: Clefable
|-heal|p1a: Clefable|99/100 tox
|move|p2a: Heatran|Earth Power|p1a: Clefable
|-damage|p1a: Clefable|83/100 tox
|
|-heal|p1a: Clefable|89/100 tox|[from] item: Leftovers
|-heal|p2a: Heatran|43/100 par|[from] item: Leftovers
|upkeep
|turn|32
|
|t:|1603730786
|move|p1a: Clefable|Moonblast|p2a: Heatran
|-resisted|p2a: Heatran
|-damage|p2a: Heatran|38/100 par
|move|p2a: Heatran|Earth Power|p1a: Clefable
|-damage|p1a: Clefable|73/100 tox
|
|-heal|p1a: Clefable|79/100 tox|[from] item: Leftovers
|-heal|p2a: Heatran|45/100 par|[from] item: Leftovers
|upkeep
|turn|33
|
|t:|1603730792
|move|p1a: Clefable|Moonblast|p2a: Heatran
|-resisted|p2a: Heatran
|-damage|p2a: Heatran|40/100 par
|cant|p2a: Heatran|par
|
|-heal|p1a: Clefable|85/100 tox|[from] item: Leftovers
|-heal|p2a: Heatran|46/100 par|[from] item: Leftovers
|upkeep
|turn|34
|
|t:|1603730799
|move|p1a: Clefable|Moonblast|p2a: Heatran
|-resisted|p2a: Heatran
|-damage|p2a: Heatran|42/100 par
|-unboost|p2a: Heatran|spa|1
|cant|p2a: Heatran|par
|
|-heal|p1a: Clefable|91/100 tox|[from] item: Leftovers
|-heal|p2a: Heatran|48/100 par|[from] item: Leftovers
|upkeep
|turn|35
|
|t:|1603730811
|move|p1a: Clefable|Moonblast|p2a: Heatran
|-resisted|p2a: Heatran
|-damage|p2a: Heatran|43/100 par
|move|p2a: Heatran|Earth Power|p1a: Clefable
|-crit|p1a: Clefable
|-damage|p1a: Clefable|56/100 tox
|-unboost|p1a: Clefable|spd|1
|
|-heal|p1a: Clefable|62/100 tox|[from] item: Leftovers
|-heal|p2a: Heatran|49/100 par|[from] item: Leftovers
|-end|p1a: Clefable|Magma Storm|[partiallytrapped]
|upkeep
|turn|36
|
|t:|1603730819
|move|p1a: Clefable|Soft-Boiled|p1a: Clefable
|-heal|p1a: Clefable|100/100 tox
|cant|p2a: Heatran|par
|
|-heal|p2a: Heatran|55/100 par|[from] item: Leftovers
|upkeep
|turn|37
|
|t:|1603730825
|switch|p1a: Heatran|Heatran, M|100/100
|-damage|p1a: Heatran|88/100|[from] Stealth Rock
|cant|p2a: Heatran|par
|
|-heal|p1a: Heatran|94/100|[from] item: Leftovers
|-heal|p2a: Heatran|62/100 par|[from] item: Leftovers
|upkeep
|turn|38
|j| 1MVV3
|c|☆ezwz|🤬
|
|t:|1603730844
|switch|p2a: Tapu Fini|Tapu Fini|46/100
|-damage|p2a: Tapu Fini|34/100|[from] Spikes
|-damage|p2a: Tapu Fini|21/100|[from] Stealth Rock
|-fieldstart|move: Misty Terrain|[from] ability: Misty Surge|[of] p2a: Tapu Fini
|move|p1a: Heatran|Earth Power|p2a: Tapu Fini
|-damage|p2a: Tapu Fini|2/100
|
|-heal|p2a: Tapu Fini|8/100|[from] item: Leftovers
|-heal|p1a: Heatran|100/100|[from] item: Leftovers
|upkeep
|turn|39
|c| Tripledoggo|F
|j| C4T N0IR
|
|t:|1603730863
|switch|p1a: Ferrothorn|Ferrothorn, M|100/100
|-damage|p1a: Ferrothorn|94/100|[from] Stealth Rock
|move|p2a: Tapu Fini|Draining Kiss|p1a: Ferrothorn
|-resisted|p1a: Ferrothorn
|-damage|p1a: Ferrothorn|84/100
|-heal|p2a: Tapu Fini|16/100|[from] drain|[of] p1a: Ferrothorn
|-damage|p2a: Tapu Fini|3/100|[from] ability: Iron Barbs|[of] p1a: Ferrothorn
|
|-heal|p2a: Tapu Fini|10/100|[from] item: Leftovers
|-heal|p1a: Ferrothorn|90/100|[from] item: Leftovers
|upkeep
|turn|40
|l| znop
|
|t:|1603730875
|move|p2a: Tapu Fini|Draining Kiss|p1a: Ferrothorn
|-resisted|p1a: Ferrothorn
|-crit|p1a: Ferrothorn
|-damage|p1a: Ferrothorn|76/100
|-heal|p2a: Tapu Fini|21/100|[from] drain|[of] p1a: Ferrothorn
|-damage|p2a: Tapu Fini|8/100|[from] ability: Iron Barbs|[of] p1a: Ferrothorn
|move|p1a: Ferrothorn|Spikes|p2a: Tapu Fini
|-sidestart|p2: ezwz|Spikes
|
|-heal|p2a: Tapu Fini|14/100|[from] item: Leftovers
|-heal|p1a: Ferrothorn|82/100|[from] item: Leftovers
|upkeep
|turn|41
|l| uncool_loser
|
|t:|1603730889
|move|p2a: Tapu Fini|Scald|p1a: Ferrothorn
|-resisted|p1a: Ferrothorn
|-damage|p1a: Ferrothorn|66/100
|move|p1a: Ferrothorn|Knock Off|p2a: Tapu Fini
|-resisted|p2a: Tapu Fini
|-damage|p2a: Tapu Fini|5/100
|-enditem|p2a: Tapu Fini|Leftovers|[from] move: Knock Off|[of] p1a: Ferrothorn
|
|-heal|p1a: Ferrothorn|72/100|[from] item: Leftovers
|upkeep
|turn|42
|
|t:|1603730904
|move|p2a: Tapu Fini|Scald|p1a: Ferrothorn
|-resisted|p1a: Ferrothorn
|-damage|p1a: Ferrothorn|57/100
|move|p1a: Ferrothorn|Knock Off|p2a: Tapu Fini
|-resisted|p2a: Tapu Fini
|-damage|p2a: Tapu Fini|0 fnt
|faint|p2a: Tapu Fini
|
|-heal|p1a: Ferrothorn|63/100|[from] item: Leftovers
|-fieldend|Misty Terrain
|upkeep
|
|t:|1603730908
|switch|p2a: Urshifu|Urshifu, M|100/100
|-damage|p2a: Urshifu|94/100|[from] Stealth Rock
|-damage|p2a: Urshifu|78/100|[from] Spikes
|turn|43
|j| Zombini62
|
|t:|1603730919
|switch|p1a: Clefable|Clefable, F|100/100 tox
|move|p2a: Urshifu|Close Combat|p1a: Clefable
|-resisted|p1a: Clefable
|-damage|p1a: Clefable|68/100 tox
|-unboost|p2a: Urshifu|def|1
|-unboost|p2a: Urshifu|spd|1
|-damage|p2a: Urshifu|68/100|[from] item: Life Orb
|
|-heal|p1a: Clefable|74/100 tox|[from] item: Leftovers
|upkeep
|turn|44
|j| myjava
|
|t:|1603730938
|move|p2a: Urshifu|Poison Jab|p1a: Clefable
|-supereffective|p1a: Clefable
|-damage|p1a: Clefable|17/100 tox
|-damage|p2a: Urshifu|58/100|[from] item: Life Orb
|move|p1a: Clefable|Moonblast|p2a: Urshifu
|-supereffective|p2a: Urshifu
|-damage|p2a: Urshifu|0 fnt
|faint|p2a: Urshifu
|
|-heal|p1a: Clefable|23/100 tox|[from] item: Leftovers
|upkeep
|l| LowGxeDoritos
|
|t:|1603730954
|switch|p2a: Zapdos|Zapdos|58/100
|turn|45
|
|t:|1603730966
|switch|p1a: Zygarde|Zygarde|68/100 tox
|-damage|p1a: Zygarde|62/100 tox|[from] Stealth Rock
|-ability|p1a: Zygarde|Aura Break
|move|p2a: Zapdos|Heat Wave|p1a: Zygarde|[miss]
|-miss|p2a: Zapdos|p1a: Zygarde
|
|-heal|p1a: Zygarde|68/100 tox|[from] item: Leftovers
|-damage|p1a: Zygarde|62/100 tox|[from] psn
|upkeep
|turn|46
|j| Scrub The Dishes
|
|t:|1603730977
|move|p1a: Zygarde|Thousand Arrows|p2a: Zapdos
|-damage|p2a: Zapdos|26/100
|-start|p2a: Zapdos|Smack Down
|move|p2a: Zapdos|Roost|p2a: Zapdos
|-heal|p2a: Zapdos|76/100
|-singleturn|p2a: Zapdos|move: Roost
|
|-heal|p1a: Zygarde|68/100 tox|[from] item: Leftovers
|-damage|p1a: Zygarde|56/100 tox|[from] psn
|upkeep
|turn|47
|
|t:|1603730985
|move|p1a: Zygarde|Thousand Arrows|p2a: Zapdos
|-supereffective|p2a: Zapdos
|-damage|p2a: Zapdos|23/100
|move|p2a: Zapdos|Roost|p2a: Zapdos
|-heal|p2a: Zapdos|73/100
|-singleturn|p2a: Zapdos|move: Roost
|
|-heal|p1a: Zygarde|62/100 tox|[from] item: Leftovers
|-damage|p1a: Zygarde|43/100 tox|[from] psn
|upkeep
|turn|48
|
|t:|1603731002
|switch|p1a: Heatran|Heatran, M|100/100
|-damage|p1a: Heatran|88/100|[from] Stealth Rock
|move|p2a: Zapdos|Roost|p2a: Zapdos
|-heal|p2a: Zapdos|100/100
|-singleturn|p2a: Zapdos|move: Roost
|
|-heal|p1a: Heatran|94/100|[from] item: Leftovers
|upkeep
|turn|49
|l| Scrub The Dishes
|j| iii999i9i9i9
|
|t:|1603731014
|switch|p2a: Heatran|Heatran, F|62/100 par
|-damage|p2a: Heatran|49/100 par|[from] Stealth Rock
|-damage|p2a: Heatran|33/100 par|[from] Spikes
|move|p1a: Heatran|Magma Storm|p2a: Heatran
|-start|p2a: Heatran|ability: Flash Fire
|
|-heal|p1a: Heatran|100/100|[from] item: Leftovers
|-heal|p2a: Heatran|39/100 par|[from] item: Leftovers
|upkeep
|turn|50
|
|t:|1603731019
|-end|p2a: Heatran|ability: Flash Fire|[silent]
|switch|p2a: Landorus|Landorus-Therian, M|21/100
|-damage|p2a: Landorus|9/100|[from] Stealth Rock
|-ability|p2a: Landorus|Intimidate|boost
|-unboost|p1a: Heatran|atk|1
|move|p1a: Heatran|Earth Power|p2a: Landorus
|-immune|p2a: Landorus
|
|upkeep
|turn|51
|j| znop
|
|t:|1603731034
|switch|p1a: Landorus|Landorus-Therian, M|100/100
|-damage|p1a: Landorus|88/100|[from] Stealth Rock
|-ability|p1a: Landorus|Intimidate|boost
|-unboost|p2a: Landorus|atk|1
|move|p2a: Landorus|Defog|p1a: Landorus
|-unboost|p1a: Landorus|evasion|1
|-sideend|p1: dugtrio's madness|Stealth Rock|[from] move: Defog|[of] p2a: Landorus
|-sideend|p2: ezwz|Spikes|[from] move: Defog|[of] p2a: Landorus
|-sideend|p2: ezwz|Stealth Rock|[from] move: Defog|[of] p2a: Landorus
|
|upkeep
|turn|52
|
|t:|1603731046
|move|p1a: Landorus|U-turn|p2a: Landorus
|-resisted|p2a: Landorus
|-damage|p2a: Landorus|1/100
|-damage|p1a: Landorus|72/100|[from] item: Rocky Helmet|[of] p2a: Landorus
|
|t:|1603731051
|switch|p1a: Ferrothorn|Ferrothorn, M|63/100|[from]move: U-turn
|move|p2a: Landorus|Toxic|p1a: Ferrothorn
|-immune|p1a: Ferrothorn
|
|-heal|p1a: Ferrothorn|69/100|[from] item: Leftovers
|upkeep
|turn|53
|l| kiloofthemall
|j| Scrub The Dishes
|l| Scrub The Dishes
|
|t:|1603731064
|switch|p1a: Landorus|Landorus-Therian, M|72/100
|-ability|p1a: Landorus|Intimidate|boost
|-unboost|p2a: Landorus|atk|1
|move|p2a: Landorus|Earthquake|p1a: Landorus
|-immune|p1a: Landorus
|
|upkeep
|turn|54
|j|+reachzero
|
|t:|1603731076
|switch|p2a: Zapdos|Zapdos|100/100
|move|p1a: Landorus|U-turn|p2a: Zapdos
|-resisted|p2a: Zapdos
|-damage|p2a: Zapdos|92/100
|
|t:|1603731088
|switch|p1a: Heatran|Heatran, M|100/100|[from]move: U-turn
|
|upkeep
|turn|55
|l|surfthrutraffic
|
|t:|1603731096
|move|p2a: Zapdos|Volt Switch|p1a: Heatran
|-damage|p1a: Heatran|83/100
|l| Shart of a lion
|
|t:|1603731099
|switch|p2a: Heatran|Heatran, F|39/100 par|[from]move: Volt Switch
|move|p1a: Heatran|Magma Storm|p2a: Heatran
|-start|p2a: Heatran|ability: Flash Fire
|
|-heal|p1a: Heatran|90/100|[from] item: Leftovers
|-heal|p2a: Heatran|45/100 par|[from] item: Leftovers
|upkeep
|turn|56
|
|t:|1603731103
|-end|p2a: Heatran|ability: Flash Fire|[silent]
|switch|p2a: Landorus|Landorus-Therian, M|1/100
|-ability|p2a: Landorus|Intimidate|boost
|-unboost|p1a: Heatran|atk|1
|move|p1a: Heatran|Earth Power|p2a: Landorus
|-immune|p2a: Landorus
|
|-heal|p1a: Heatran|96/100|[from] item: Leftovers
|upkeep
|turn|57
|
|t:|1603731114
|switch|p1a: Landorus|Landorus-Therian, M|72/100
|-ability|p1a: Landorus|Intimidate|boost
|-unboost|p2a: Landorus|atk|1
|move|p2a: Landorus|Toxic|p1a: Landorus
|-status|p1a: Landorus|tox
|
|-damage|p1a: Landorus|66/100 tox|[from] psn
|upkeep
|turn|58
|
|t:|1603731122
|switch|p2a: Zapdos|Zapdos|92/100
|move|p1a: Landorus|U-turn|p2a: Zapdos
|-resisted|p2a: Zapdos
|-damage|p2a: Zapdos|84/100
|l|+reachzero
|
|t:|1603731131
|switch|p1a: Clefable|Clefable, F|23/100 tox|[from]move: U-turn
|
|-heal|p1a: Clefable|29/100 tox|[from] item: Leftovers
|upkeep
|turn|59
|j|+reachzero
|j|+playerW17
|
|t:|1603731147
|switch|p1a: Zygarde|Zygarde|43/100 tox
|-ability|p1a: Zygarde|Aura Break
|move|p2a: Zapdos|Volt Switch|p1a: Zygarde
|-immune|p1a: Zygarde
|
|-heal|p1a: Zygarde|50/100 tox|[from] item: Leftovers
|-damage|p1a: Zygarde|43/100 tox|[from] psn
|upkeep
|turn|60
|c|+playerW17|Wtf
|c|+playerW17|Whys it just two oras teams with an urshifu
|c|+playerW17|*Sm teams
|
|t:|1603731164
|move|p1a: Zygarde|Thousand Arrows|p2a: Zapdos
|-damage|p2a: Zapdos|56/100
|-start|p2a: Zapdos|Smack Down
|move|p2a: Zapdos|Roost|p2a: Zapdos
|-heal|p2a: Zapdos|100/100
|-singleturn|p2a: Zapdos|move: Roost
|
|-heal|p1a: Zygarde|50/100 tox|[from] item: Leftovers
|-damage|p1a: Zygarde|37/100 tox|[from] psn
|upkeep
|turn|61
|c| 1MVV3|lol facts
|
|t:|1603731183
|switch|p2a: Tapu Bulu|Tapu Bulu|100/100
|-fieldstart|move: Grassy Terrain|[from] ability: Grassy Surge|[of] p2a: Tapu Bulu
|move|p1a: Zygarde|Thousand Arrows|p2a: Tapu Bulu
|-resisted|p2a: Tapu Bulu
|-damage|p2a: Tapu Bulu|83/100
|
|-heal|p1a: Zygarde|43/100 tox|[from] item: Leftovers
|-heal|p1a: Zygarde|50/100 tox|[from] Grassy Terrain
|-heal|p2a: Tapu Bulu|89/100|[from] item: Leftovers
|-heal|p2a: Tapu Bulu|96/100|[from] Grassy Terrain
|-damage|p1a: Zygarde|31/100 tox|[from] psn
|upkeep
|turn|62
|
|t:|1603731199
|move|p1a: Zygarde|Thousand Arrows|p2a: Tapu Bulu
|-resisted|p2a: Tapu Bulu
|-damage|p2a: Tapu Bulu|76/100
|move|p2a: Tapu Bulu|Swords Dance|p2a: Tapu Bulu
|-boost|p2a: Tapu Bulu|atk|2
|
|-heal|p1a: Zygarde|37/100 tox|[from] item: Leftovers
|-heal|p1a: Zygarde|43/100 tox|[from] Grassy Terrain
|-heal|p2a: Tapu Bulu|82/100|[from] item: Leftovers
|-heal|p2a: Tapu Bulu|89/100|[from] Grassy Terrain
|-damage|p1a: Zygarde|19/100 tox|[from] psn
|upkeep
|turn|63
|
|t:|1603731211
|switch|p1a: Zapdos|Zapdos|100/100
|move|p2a: Tapu Bulu|Swords Dance|p2a: Tapu Bulu
|-boost|p2a: Tapu Bulu|atk|2
|
|-heal|p2a: Tapu Bulu|95/100|[from] item: Leftovers
|-heal|p2a: Tapu Bulu|100/100|[from] Grassy Terrain
|upkeep
|turn|64
|
|t:|1603731220
|switch|p2a: Heatran|Heatran, F|45/100 par
|move|p1a: Zapdos|Toxic||[still]
|-fail|p1a: Zapdos
|
|-heal|p2a: Heatran|51/100 par|[from] item: Leftovers
|-heal|p2a: Heatran|57/100 par|[from] Grassy Terrain
|upkeep
|turn|65
|c|☆ezwz|im gonna win lads 🙏
|
|t:|1603731233
|move|p1a: Zapdos|Volt Switch|p2a: Heatran
|-damage|p2a: Heatran|40/100 par
|l|+reachzero
|
|t:|1603731249
|switch|p1a: Zygarde|Zygarde|19/100 tox|[from]move: Volt Switch
|-ability|p1a: Zygarde|Aura Break
|move|p2a: Heatran|Stealth Rock|p1a: Zygarde
|-sidestart|p1: dugtrio's madness|move: Stealth Rock
|
|-heal|p1a: Zygarde|25/100 tox|[from] item: Leftovers
|-heal|p1a: Zygarde|31/100 tox|[from] Grassy Terrain
|-heal|p2a: Heatran|46/100 par|[from] item: Leftovers
|-heal|p2a: Heatran|52/100 par|[from] Grassy Terrain
|-fieldend|move: Grassy Terrain
|-damage|p1a: Zygarde|25/100 tox|[from] psn
|upkeep
|turn|66
|
|t:|1603731267
|switch|p2a: Tapu Bulu|Tapu Bulu|100/100
|-fieldstart|move: Grassy Terrain|[from] ability: Grassy Surge|[of] p2a: Tapu Bulu
|move|p1a: Zygarde|Thousand Arrows|p2a: Tapu Bulu
|-resisted|p2a: Tapu Bulu
|-damage|p2a: Tapu Bulu|82/100
|
|-heal|p1a: Zygarde|31/100 tox|[from] item: Leftovers
|-heal|p1a: Zygarde|37/100 tox|[from] Grassy Terrain
|-heal|p2a: Tapu Bulu|88/100|[from] item: Leftovers
|-heal|p2a: Tapu Bulu|94/100|[from] Grassy Terrain
|-damage|p1a: Zygarde|25/100 tox|[from] psn
|upkeep
|turn|67
|j| jkabskja
|
|t:|1603731282
|switch|p1a: Zapdos|Zapdos|100/100
|move|p2a: Tapu Bulu|Swords Dance|p2a: Tapu Bulu
|-boost|p2a: Tapu Bulu|atk|2
|
|-heal|p2a: Tapu Bulu|99/100|[from] item: Leftovers
|-heal|p2a: Tapu Bulu|100/100|[from] Grassy Terrain
|upkeep
|turn|68
|j| Tynaritar
|l| Dylanronpa
|inactive|dugtrio's madness has 120 seconds left.
|
|t:|1603731297
|switch|p2a: Heatran|Heatran, F|52/100 par
|move|p1a: Zapdos|Volt Switch|p2a: Heatran
|-damage|p2a: Heatran|34/100 par
|inactive|dugtrio's madness has 120 seconds left.
|
|t:|1603731302
|switch|p1a: Clefable|Clefable, F|29/100 tox|[from]move: Volt Switch
|
|-heal|p1a: Clefable|35/100 tox|[from] item: Leftovers
|-heal|p1a: Clefable|41/100 tox|[from] Grassy Terrain
|-heal|p2a: Heatran|40/100 par|[from] item: Leftovers
|-heal|p2a: Heatran|46/100 par|[from] Grassy Terrain
|upkeep
|turn|69
|l| Tripledoggo
|
|t:|1603731310
|move|p1a: Clefable|Soft-Boiled|p1a: Clefable
|-heal|p1a: Clefable|91/100 tox
|cant|p2a: Heatran|par
|
|-heal|p1a: Clefable|97/100 tox|[from] item: Leftovers
|-heal|p1a: Clefable|100/100 tox|[from] Grassy Terrain
|-heal|p2a: Heatran|53/100 par|[from] item: Leftovers
|-heal|p2a: Heatran|59/100 par|[from] Grassy Terrain
|upkeep
|turn|70
|
|t:|1603731320
|move|p1a: Clefable|Stealth Rock|p2a: Heatran
|-sidestart|p2: ezwz|move: Stealth Rock
|move|p2a: Heatran|Earth Power|p1a: Clefable
|-damage|p1a: Clefable|76/100 tox
|
|-heal|p1a: Clefable|82/100 tox|[from] item: Leftovers
|-heal|p1a: Clefable|89/100 tox|[from] Grassy Terrain
|-heal|p2a: Heatran|65/100 par|[from] item: Leftovers
|-heal|p2a: Heatran|71/100 par|[from] Grassy Terrain
|-fieldend|move: Grassy Terrain
|upkeep
|turn|71
|j| rickywang
|inactive|dugtrio's madness has 120 seconds left.
|
|t:|1603731341
|move|p1a: Clefable|Moonblast|p2a: Heatran
|-resisted|p2a: Heatran
|-damage|p2a: Heatran|66/100 par
|move|p2a: Heatran|Magma Storm|p1a: Clefable
|-damage|p1a: Clefable|51/100 tox
|-activate|p1a: Clefable|move: Magma Storm|[of] p2a: Heatran
|
|-heal|p1a: Clefable|57/100 tox|[from] item: Leftovers
|-heal|p2a: Heatran|73/100 par|[from] item: Leftovers
|upkeep
|turn|72
|
|t:|1603731350
|move|p1a: Clefable|Soft-Boiled|p1a: Clefable
|-heal|p1a: Clefable|100/100 tox
|cant|p2a: Heatran|par
|
|-heal|p2a: Heatran|79/100 par|[from] item: Leftovers
|upkeep
|turn|73
|
|t:|1603731355
|move|p1a: Clefable|Moonblast|p2a: Heatran
|-resisted|p2a: Heatran
|-damage|p2a: Heatran|74/100 par
|move|p2a: Heatran|Earth Power|p1a: Clefable
|-damage|p1a: Clefable|75/100 tox
|
|-heal|p1a: Clefable|81/100 tox|[from] item: Leftovers
|-heal|p2a: Heatran|80/100 par|[from] item: Leftovers
|upkeep
|turn|74
|
|t:|1603731364
|move|p1a: Clefable|Moonblast|p2a: Heatran
|-resisted|p2a: Heatran
|-damage|p2a: Heatran|75/100 par
|-unboost|p2a: Heatran|spa|1
|move|p2a: Heatran|Earth Power|p1a: Clefable
|-damage|p1a: Clefable|64/100 tox
|
|-heal|p1a: Clefable|70/100 tox|[from] item: Leftovers
|-heal|p2a: Heatran|82/100 par|[from] item: Leftovers
|upkeep
|turn|75
|n| underw☯rld|myjava
|
|t:|1603731376
|move|p1a: Clefable|Soft-Boiled|p1a: Clefable
|-heal|p1a: Clefable|100/100 tox
|move|p2a: Heatran|Stealth Rock||[still]
|-fail|p2a: Heatran
|
|-heal|p2a: Heatran|88/100 par|[from] item: Leftovers
|-end|p1a: Clefable|Magma Storm|[partiallytrapped]
|upkeep
|turn|76
|
|t:|1603731391
|move|p1a: Clefable|Moonblast|p2a: Heatran
|-resisted|p2a: Heatran
|-damage|p2a: Heatran|83/100 par
|-unboost|p2a: Heatran|spa|1
|move|p2a: Heatran|Earth Power|p1a: Clefable
|-damage|p1a: Clefable|89/100 tox
|
|-heal|p1a: Clefable|95/100 tox|[from] item: Leftovers
|-heal|p2a: Heatran|89/100 par|[from] item: Leftovers
|upkeep
|turn|77
|j| ZenBurger
|l| C4T N0IR
|j| Kland
|
|t:|1603731405
|switch|p1a: Heatran|Heatran, M|96/100
|-damage|p1a: Heatran|83/100|[from] Stealth Rock
|switch|p2a: Tapu Bulu|Tapu Bulu|100/100
|-damage|p2a: Tapu Bulu|88/100|[from] Stealth Rock
|-fieldstart|move: Grassy Terrain|[from] ability: Grassy Surge|[of] p2a: Tapu Bulu
|
|-heal|p1a: Heatran|90/100|[from] item: Leftovers
|-heal|p1a: Heatran|96/100|[from] Grassy Terrain
|-heal|p2a: Tapu Bulu|94/100|[from] item: Leftovers
|-heal|p2a: Tapu Bulu|99/100|[from] Grassy Terrain
|upkeep
|turn|78
|c| Bugz25|im just here to see it get to turn 100 at this point
|c| ZenBurger|hi
|
|t:|1603731423
|switch|p2a: Heatran|Heatran, F|89/100 par
|-damage|p2a: Heatran|77/100 par|[from] Stealth Rock
|move|p1a: Heatran|Magma Storm|p2a: Heatran
|-start|p2a: Heatran|ability: Flash Fire
|
|-heal|p1a: Heatran|100/100|[from] item: Leftovers
|-heal|p2a: Heatran|83/100 par|[from] item: Leftovers
|-heal|p2a: Heatran|89/100 par|[from] Grassy Terrain
|upkeep
|turn|79
|j| Sorcier anguilion
|c|☆ezwz|tbh idk why i didn't forfeit like 50 turns ago but
|
|t:|1603731442
|move|p1a: Heatran|Earth Power|p2a: Heatran
|-supereffective|p2a: Heatran
|-damage|p2a: Heatran|21/100 par
|cant|p2a: Heatran|par
|
|-heal|p2a: Heatran|27/100 par|[from] item: Leftovers
|-heal|p2a: Heatran|33/100 par|[from] Grassy Terrain
|upkeep
|turn|80
|c| ZenBurger|but what
|
|t:|1603731454
|-end|p2a: Heatran|ability: Flash Fire|[silent]
|switch|p2a: Zapdos|Zapdos|100/100
|move|p1a: Heatran|Earth Power|p2a: Zapdos
|-immune|p2a: Zapdos
|
|upkeep
|turn|81
|l| Kland
|c| Bugz25|lol
|
|t:|1603731464
|move|p2a: Zapdos|Volt Switch|p1a: Heatran
|-damage|p1a: Heatran|82/100
|
|t:|1603731466
|switch|p2a: Heatran|Heatran, F|33/100 par|[from]move: Volt Switch
|-damage|p2a: Heatran|21/100 par|[from] Stealth Rock
|move|p1a: Heatran|Earth Power|p2a: Heatran
|-supereffective|p2a: Heatran
|-damage|p2a: Heatran|0 fnt
|faint|p2a: Heatran
|
|-heal|p1a: Heatran|88/100|[from] item: Leftovers
|-heal|p1a: Heatran|94/100|[from] Grassy Terrain
|-fieldend|move: Grassy Terrain
|upkeep
|l| groundt
|
|t:|1603731468
|switch|p2a: Tapu Bulu|Tapu Bulu|99/100
|-damage|p2a: Tapu Bulu|88/100|[from] Stealth Rock
|-fieldstart|move: Grassy Terrain|[from] ability: Grassy Surge|[of] p2a: Tapu Bulu
|turn|82
|j| TYX Nesta
|
|t:|1603731481
|switch|p1a: Zapdos|Zapdos|100/100
|move|p2a: Tapu Bulu|Swords Dance|p2a: Tapu Bulu
|-boost|p2a: Tapu Bulu|atk|2
|
|-heal|p2a: Tapu Bulu|94/100|[from] item: Leftovers
|-heal|p2a: Tapu Bulu|99/100|[from] Grassy Terrain
|upkeep
|turn|83
|
|t:|1603731490
|move|p1a: Zapdos|Toxic|p2a: Tapu Bulu
|-status|p2a: Tapu Bulu|tox
|move|p2a: Tapu Bulu|Swords Dance|p2a: Tapu Bulu
|-boost|p2a: Tapu Bulu|atk|2
|
|-heal|p2a: Tapu Bulu|100/100 tox|[from] item: Leftovers
|-damage|p2a: Tapu Bulu|94/100 tox|[from] psn
|upkeep
|turn|84
|
|t:|1603731498
|move|p1a: Zapdos|Hurricane|p2a: Tapu Bulu|[miss]
|-miss|p1a: Zapdos|p2a: Tapu Bulu
|move|p2a: Tapu Bulu|Horn Leech|p1a: Zapdos
|-resisted|p1a: Zapdos
|-damage|p1a: Zapdos|42/100
|-heal|p2a: Tapu Bulu|100/100 tox|[from] drain|[of] p1a: Zapdos
|
|-damage|p2a: Tapu Bulu|88/100 tox|[from] psn
|upkeep
|turn|85
|
|t:|1603731510
|switch|p1a: Ferrothorn|Ferrothorn, M|69/100
|-damage|p1a: Ferrothorn|63/100|[from] Stealth Rock
|move|p2a: Tapu Bulu|Horn Leech|p1a: Ferrothorn
|-resisted|p1a: Ferrothorn
|-damage|p1a: Ferrothorn|43/100
|-heal|p2a: Tapu Bulu|98/100 tox|[from] drain|[of] p1a: Ferrothorn
|-damage|p2a: Tapu Bulu|86/100 tox|[from] ability: Iron Barbs|[of] p1a: Ferrothorn
|
|-heal|p2a: Tapu Bulu|92/100 tox|[from] item: Leftovers
|-heal|p2a: Tapu Bulu|98/100 tox|[from] Grassy Terrain
|-heal|p1a: Ferrothorn|50/100|[from] item: Leftovers
|-heal|p1a: Ferrothorn|56/100|[from] Grassy Terrain
|-damage|p2a: Tapu Bulu|80/100 tox|[from] psn
|upkeep
|turn|86
|j| BigConns
|l| rickywang
|j| Priyankaa
|j| i need a lyft
|
|t:|1603731525
|move|p2a: Tapu Bulu|Superpower|p1a: Ferrothorn
|-supereffective|p1a: Ferrothorn
|-damage|p1a: Ferrothorn|0 fnt
|-unboost|p2a: Tapu Bulu|atk|1
|-unboost|p2a: Tapu Bulu|def|1
|-damage|p2a: Tapu Bulu|67/100 tox|[from] ability: Iron Barbs|[of] p1a: Ferrothorn
|faint|p1a: Ferrothorn
|
|-heal|p2a: Tapu Bulu|73/100 tox|[from] item: Leftovers
|-heal|p2a: Tapu Bulu|80/100 tox|[from] Grassy Terrain
|-fieldend|move: Grassy Terrain
|-damage|p2a: Tapu Bulu|55/100 tox|[from] psn
|upkeep
|j| Rekless_Zombie
|c|☆ezwz|siuuu no 6-0 bye
|j| roltr
|-message|ezwz forfeited.
|
|win|dugtrio's madness
|l|☆ezwz
|l| lastmagic
|l| 1MVV3
|l| roltr
|l| iii999i9i9i9
|c| Rekless_Zombie|bro really had zapdos
|l| Rekless_Zombie
||Ladder (probably) updated, but score could not be retrieved (Request timeout).
|l| Sorcier anguilion
|l|☆dugtrio's madness
|l| zeta2048
|l| ZenBurger
|l| Tynaritar
|l| Jungladecemento
|l| youke
|l| znop
|l| Celtis
|l| Priyankaa
|l| okqplz
|l| Bugz25
|l| jkabskja
|l| underw☯rld
|l|+playerW17
|l| thesky12321
|l| Zombini62
|l| BigConns
|l| fatniss_neverlen
