|raw|<div class="broadcast-blue"><strong>This battle is required to be public due to a player having a name starting with 'lt94je'.</div>
|j|☆LT94JE scorcha
|j|☆mekki the poison
|t:|1661395607
|gametype|singles
|player|p1|LT94JE scorcha|dawn-gen4pt|1570
|player|p2|mekki the poison|clown|1626
|teamsize|p1|6
|teamsize|p2|6
|gen|8
|tier|[Gen 8] OU
|rated|
|rule|Sleep Clause Mod: Limit one foe put to sleep
|rule|Species Clause: Limit one of each Pokémon
|rule|OHKO Clause: OHKO moves are banned
|rule|Evasion Items Clause: Evasion items are banned
|rule|Evasion Moves Clause: Evasion moves are banned
|rule|Endless Battle Clause: Forcing endless battles is banned
|rule|HP Percentage Mod: HP is shown in percentages
|rule|Dynamax Clause: You cannot dynamax
|clearpoke
|poke|p1|Tapu Lele|
|poke|p1|Volcanion|
|poke|p1|Landorus-Therian, M|
|poke|p1|Bisharp, M|
|poke|p1|Zapdos|
|poke|p1|Kartana|
|poke|p2|Slowbro, M|
|poke|p2|Lucario, M|
|poke|p2|Garchomp, M|
|poke|p2|Nidoking, M|
|poke|p2|Tornadus-Therian, M|
|poke|p2|Tapu Fini|
|teampreview
|inactive|Battle timer is ON: inactive players will automatically lose when time's up. (requested by LT94JE scorcha)
|inactive|mekki the poison has 120 seconds left.
|
|t:|1661395645
|start
|switch|p1a: Zapdos|Zapdos|100/100
|switch|p2a: Garchomp|Garchomp, M|100/100
|turn|1
|
|t:|1661395654
|move|p1a: Zapdos|Hurricane|p2a: Garchomp
|-damage|p2a: Garchomp|60/100
|-start|p2a: Garchomp|confusion
|-activate|p2a: Garchomp|confusion
|-damage|p2a: Garchomp|51/100|[from] confusion
|
|-heal|p2a: Garchomp|57/100|[from] item: Leftovers
|upkeep
|turn|2
|
|t:|1661395660
|move|p1a: Zapdos|Hurricane|p2a: Garchomp
|-damage|p2a: Garchomp|17/100
|-end|p2a: Garchomp|confusion
|move|p2a: Garchomp|Stealth Rock|p1a: Zapdos
|-sidestart|p1: LT94JE scorcha|move: Stealth Rock
|
|-heal|p2a: Garchomp|23/100|[from] item: Leftovers
|upkeep
|turn|3
|
|t:|1661395664
|move|p2a: Garchomp|Protect|p2a: Garchomp
|-singleturn|p2a: Garchomp|Protect
|move|p1a: Zapdos|Hurricane|p2a: Garchomp
|-activate|p2a: Garchomp|move: Protect
|
|-heal|p2a: Garchomp|29/100|[from] item: Leftovers
|upkeep
|turn|4
|
|t:|1661395669
|switch|p2a: Tornadus|Tornadus-Therian, M|100/100
|move|p1a: Zapdos|Hurricane|p2a: Tornadus|[miss]
|-miss|p1a: Zapdos|p2a: Tornadus
|
|upkeep
|turn|5
|
|t:|1661395672
|move|p2a: Tornadus|Knock Off|p1a: Zapdos
|-damage|p1a: Zapdos|74/100
|-status|p2a: Tornadus|par|[from] ability: Static|[of] p1a: Zapdos
|-enditem|p1a: Zapdos|Heavy-Duty Boots|[from] move: Knock Off|[of] p2a: Tornadus
|move|p1a: Zapdos|Volt Switch|p2a: Tornadus
|-supereffective|p2a: Tornadus
|-damage|p2a: Tornadus|46/100 par
|
|t:|1661395681
|switch|p1a: Tapu Lele|Tapu Lele|100/100|[from]move: Volt Switch
|-damage|p1a: Tapu Lele|88/100|[from] Stealth Rock
|-fieldstart|move: Psychic Terrain|[from] ability: Psychic Surge|[of] p1a: Tapu Lele
|
|upkeep
|turn|6
|
|t:|1661395685
|move|p1a: Tapu Lele|Psychic|p2a: Tornadus
|-damage|p2a: Tornadus|0 fnt
|faint|p2a: Tornadus
|
|upkeep
|
|t:|1661395694
|switch|p2a: Slowbro|Slowbro, M|100/100
|turn|7
|
|t:|1661395700
|move|p1a: Tapu Lele|Psychic|p2a: Slowbro
|-resisted|p2a: Slowbro
|-crit|p2a: Slowbro
|-damage|p2a: Slowbro|23/100
|move|p2a: Slowbro|Teleport|p2a: Slowbro
|
|t:|1661395703
|switch|p2a: Lucario|Lucario, M|100/100|[from]move: Teleport
|
|upkeep
|turn|8
|
|t:|1661395707
|switch|p1a: Landorus|Landorus-Therian, M|100/100
|-damage|p1a: Landorus|88/100|[from] Stealth Rock
|-ability|p1a: Landorus|Intimidate|boost
|-fail|p2a: Lucario|unboost|Attack|[from] ability: Inner Focus|[of] p2a: Lucario
|move|p2a: Lucario|Meteor Mash|p1a: Landorus
|-damage|p1a: Landorus|33/100
|-damage|p2a: Lucario|91/100|[from] item: Life Orb
|
|-heal|p1a: Landorus|39/100|[from] item: Leftovers
|upkeep
|turn|9
|
|t:|1661395712
|switch|p1a: Kartana|Kartana|100/100
|-damage|p1a: Kartana|94/100|[from] Stealth Rock
|move|p2a: Lucario|Meteor Mash|p1a: Kartana
|-resisted|p1a: Kartana
|-damage|p1a: Kartana|67/100
|-boost|p2a: Lucario|atk|1
|-damage|p2a: Lucario|81/100|[from] item: Life Orb
|
|-fieldend|move: Psychic Terrain
|upkeep
|turn|10
|
|t:|1661395739
|move|p1a: Kartana|Leaf Blade|p2a: Lucario
|-resisted|p2a: Lucario
|-damage|p2a: Lucario|31/100
|move|p2a: Lucario|Close Combat|p1a: Kartana
|-supereffective|p1a: Kartana
|-damage|p1a: Kartana|0 fnt
|-unboost|p2a: Lucario|def|1
|-unboost|p2a: Lucario|spd|1
|faint|p1a: Kartana
|-damage|p2a: Lucario|21/100|[from] item: Life Orb
|
|upkeep
|
|t:|1661395743
|switch|p1a: Bisharp|Bisharp, M|100/100
|-damage|p1a: Bisharp|95/100|[from] Stealth Rock
|turn|11
|
|t:|1661395752
|switch|p2a: Garchomp|Garchomp, M|29/100
|move|p1a: Bisharp|Sucker Punch||[still]
|-fail|p1a: Bisharp
|
|-heal|p2a: Garchomp|35/100|[from] item: Leftovers
|upkeep
|turn|12
|
|t:|1661395758
|move|p1a: Bisharp|Sucker Punch|p2a: Garchomp
|-damage|p2a: Garchomp|0 fnt
|-damage|p1a: Bisharp|82/100|[from] ability: Rough Skin|[of] p2a: Garchomp
|faint|p2a: Garchomp
|
|upkeep
|
|t:|1661395762
|switch|p2a: Nidoking|Nidoking, M|100/100
|turn|13
|
|t:|1661395765
|move|p1a: Bisharp|Sucker Punch|p2a: Nidoking
|-damage|p2a: Nidoking|16/100
|move|p2a: Nidoking|Flamethrower|p1a: Bisharp
|-supereffective|p1a: Bisharp
|-damage|p1a: Bisharp|0 fnt
|faint|p1a: Bisharp
|
|upkeep
|
|t:|1661395773
|switch|p1a: Zapdos|Zapdos|74/100
|-damage|p1a: Zapdos|49/100|[from] Stealth Rock
|turn|14
|
|t:|1661395794
|switch|p2a: Tapu Fini|Tapu Fini|100/100
|-fieldstart|move: Misty Terrain|[from] ability: Misty Surge|[of] p2a: Tapu Fini
|move|p1a: Zapdos|Hurricane|p2a: Tapu Fini|[miss]
|-miss|p1a: Zapdos|p2a: Tapu Fini
|
|upkeep
|turn|15
|
|t:|1661395801
|move|p2a: Tapu Fini|Trick|p1a: Zapdos
|-activate|p2a: Tapu Fini|move: Trick|[of] p1a: Zapdos
|-item|p1a: Zapdos|Choice Scarf|[from] move: Trick
|-enditem|p2a: Tapu Fini|Choice Scarf|[silent]|[from] move: Trick
|move|p1a: Zapdos|Roost|p1a: Zapdos
|-heal|p1a: Zapdos|99/100
|-singleturn|p1a: Zapdos|move: Roost
|
|upkeep
|turn|16
|
|t:|1661395807
|switch|p1a: Tapu Lele|Tapu Lele|88/100
|-damage|p1a: Tapu Lele|76/100|[from] Stealth Rock
|-fieldstart|move: Psychic Terrain|[from] ability: Psychic Surge|[of] p1a: Tapu Lele
|switch|p2a: Nidoking|Nidoking, M|16/100
|
|upkeep
|turn|17
|
|t:|1661395810
|move|p2a: Nidoking|Sludge Wave|p1a: Tapu Lele
|-supereffective|p1a: Tapu Lele
|-crit|p1a: Tapu Lele
|-damage|p1a: Tapu Lele|0 fnt
|faint|p1a: Tapu Lele
|
|upkeep
|
|t:|1661395812
|switch|p1a: Zapdos|Zapdos|99/100
|-damage|p1a: Zapdos|74/100|[from] Stealth Rock
|turn|18
|c|☆LT94JE scorcha|i lose if you dont trick me
|c|☆LT94JE scorcha|nidoking outspeeds everything
|inactive|mekki the poison has 120 seconds left.
|
|t:|1661395846
|switch|p2a: Lucario|Lucario, M|21/100
|move|p1a: Zapdos|Hurricane|p2a: Lucario
|-crit|p2a: Lucario
|-damage|p2a: Lucario|0 fnt
|faint|p2a: Lucario
|
|upkeep
|inactive|mekki the poison has 120 seconds left.
|
|t:|1661395859
|switch|p2a: Tapu Fini|Tapu Fini|100/100
|-fieldstart|move: Misty Terrain|[from] ability: Misty Surge|[of] p2a: Tapu Fini
|turn|19
|inactive|mekki the poison has 120 seconds left.
|
|t:|1661395867
|switch|p1a: Volcanion|Volcanion|100/100
|-damage|p1a: Volcanion|76/100|[from] Stealth Rock
|move|p2a: Tapu Fini|Moonblast|p1a: Volcanion
|-resisted|p1a: Volcanion
|-damage|p1a: Volcanion|55/100
|-unboost|p1a: Volcanion|spa|1
|
|upkeep
|turn|20
|
|t:|1661395873
|move|p2a: Tapu Fini|Moonblast|p1a: Volcanion
|-resisted|p1a: Volcanion
|-damage|p1a: Volcanion|34/100
|move|p1a: Volcanion|Sludge Bomb|p2a: Tapu Fini
|-supereffective|p2a: Tapu Fini
|-crit|p2a: Tapu Fini
|-damage|p2a: Tapu Fini|0 fnt
|faint|p2a: Tapu Fini
|
|upkeep
|
|t:|1661395876
|switch|p2a: Slowbro|Slowbro, M|56/100
|turn|21
|
|t:|1661395879
|move|p1a: Volcanion|Sludge Bomb|p2a: Slowbro
|-damage|p2a: Slowbro|22/100
|move|p2a: Slowbro|Slack Off|p2a: Slowbro
|-heal|p2a: Slowbro|72/100
|
|upkeep
|turn|22
|
|t:|1661395898
|switch|p1a: Landorus|Landorus-Therian, M|39/100
|-damage|p1a: Landorus|27/100|[from] Stealth Rock
|-ability|p1a: Landorus|Intimidate|boost
|-unboost|p2a: Slowbro|atk|1
|move|p2a: Slowbro|Slack Off|p2a: Slowbro
|-heal|p2a: Slowbro|100/100
|
|-heal|p1a: Landorus|33/100|[from] item: Leftovers
|upkeep
|turn|23
|
|t:|1661395910
|move|p1a: Landorus|Defog|p2a: Slowbro
|-unboost|p2a: Slowbro|evasion|1
|-sideend|p1: LT94JE scorcha|Stealth Rock|[from] move: Defog|[of] p1a: Landorus
|-fieldend|Misty Terrain
|move|p2a: Slowbro|Scald|p1a: Landorus
|-supereffective|p1a: Landorus
|-damage|p1a: Landorus|0 fnt
|faint|p1a: Landorus
|
|upkeep
|
|t:|1661395914
|switch|p1a: Zapdos|Zapdos|74/100
|turn|24
|
|t:|1661395918
|move|p1a: Zapdos|Volt Switch|p2a: Slowbro
|-supereffective|p2a: Slowbro
|-damage|p2a: Slowbro|23/100
|
|t:|1661395921
|switch|p1a: Volcanion|Volcanion|34/100|[from]move: Volt Switch
|move|p2a: Slowbro|Scald|p1a: Volcanion
|-heal|p1a: Volcanion|59/100|[from] ability: Water Absorb|[of] p2a: Slowbro
|
|upkeep
|turn|25
|-message|mekki the poison forfeited.
|
|win|LT94JE scorcha
|raw|LT94JE scorcha's rating: 1570 &rarr; <strong>1593</strong><br />(+23 for winning)
|raw|mekki the poison's rating: 1626 &rarr; <strong>1603</strong><br />(-23 for losing)
|l|☆mekki the poison
||Ladder isn't responding, score probably updated but might not have (Request timeout).
