|j|☆minimax_ai
|j|☆Mutako Z
|t:|1663513842
|gametype|singles
|player|p1|minimax_ai|lusamine-nihilego|1637
|player|p2|Mutako Z|cynthia-gen4|1569
|teamsize|p1|6
|teamsize|p2|6
|gen|8
|tier|[Gen 8] OU
|rated|
|rule|Sleep Clause Mod: Limit one foe put to sleep
|rule|Species Clause: Limit one of each Pokémon
|rule|OHKO Clause: OHKO moves are banned
|rule|Evasion Items Clause: Evasion items are banned
|rule|Evasion Moves Clause: Evasion moves are banned
|rule|Endless Battle Clause: Forcing endless battles is banned
|rule|HP Percentage Mod: HP is shown in percentages
|rule|Dynamax Clause: You cannot dynamax
|clearpoke
|poke|p1|Rotom-Wash|
|poke|p1|Weavile, F|
|poke|p1|Landorus-Therian, M|
|poke|p1|Heatran, M|
|poke|p1|Tangrowth, M|
|poke|p1|Melmetal|
|poke|p2|Hippowdon, F|
|poke|p2|Tyranitar, M|
|poke|p2|Excadrill, M|
|poke|p2|Dracozolt|
|poke|p2|Zapdos|
|poke|p2|Slowbro, F|
|teampreview
|c|☆minimax_ai|hf
|inactive|Battle timer is ON: inactive players will automatically lose when time's up. (requested by minimax_ai)
|c|☆Mutako Z|hf
|
|t:|1663513851
|start
|switch|p1a: Weavile|Weavile, F|100/100
|switch|p2a: Zapdos|Zapdos|100/100
|-ability|p1a: Weavile|Pressure
|turn|1
|
|t:|1663513858
|switch|p1a: rotomwash|Rotom-Wash|100/100
|switch|p2a: Slowbro|Slowbro, F|100/100
|
|upkeep
|turn|2
|
|t:|1663513868
|move|p1a: rotomwash|Nasty Plot|p1a: rotomwash
|-boost|p1a: rotomwash|spa|2
|move|p2a: Slowbro|Future Sight|p1a: rotomwash
|-start|p2a: Slowbro|move: Future Sight
|
|upkeep
|turn|3
|
|t:|1663513876
|move|p1a: rotomwash|Thunderbolt|p2a: Slowbro
|-supereffective|p2a: Slowbro
|-damage|p2a: Slowbro|0 fnt
|faint|p2a: Slowbro
|
|upkeep
|
|t:|1663513889
|switch|p2a: Hippowdon|Hippowdon, F|100/100
|-weather|Sandstorm|[from] ability: Sand Stream|[of] p2a: Hippowdon
|turn|4
|
|t:|1663513899
|switch|p2a: Dracozolt|Dracozolt|100/100
|move|p1a: rotomwash|Hydro Pump|p2a: Dracozolt
|-resisted|p2a: Dracozolt
|-damage|p2a: Dracozolt|29/100
|
|-weather|Sandstorm|[upkeep]
|-damage|p1a: rotomwash|94/100|[from] Sandstorm
|-end|p1a: rotomwash|move: Future Sight
|-damage|p1a: rotomwash|44/100
|-heal|p1a: rotomwash|50/100|[from] item: Leftovers
|upkeep
|turn|5
|
|t:|1663513909
|switch|p1a: Tangrowth|Tangrowth, M|100/100
|move|p2a: Dracozolt|Draco Meteor|p1a: Tangrowth
|-damage|p1a: Tangrowth|10/100
|-unboost|p2a: Dracozolt|spa|2
|-damage|p2a: Dracozolt|19/100|[from] item: Life Orb
|
|-weather|Sandstorm|[upkeep]
|-damage|p1a: Tangrowth|4/100|[from] Sandstorm
|upkeep
|turn|6
|
|t:|1663513919
|switch|p1a: landorustherian|Landorus-Therian, M|100/100
|-ability|p1a: landorustherian|Intimidate|boost
|-unboost|p2a: Dracozolt|atk|1
|move|p2a: Dracozolt|Draco Meteor|p1a: landorustherian
|-damage|p1a: landorustherian|79/100
|-unboost|p2a: Dracozolt|spa|2
|-damage|p2a: Dracozolt|9/100|[from] item: Life Orb
|
|-weather|Sandstorm|[upkeep]
|-heal|p1a: landorustherian|85/100|[from] item: Leftovers
|upkeep
|turn|7
|
|t:|1663513935
|switch|p2a: Hippowdon|Hippowdon, F|100/100
|move|p1a: landorustherian|Earthquake|p2a: Hippowdon
|-damage|p2a: Hippowdon|77/100
|
|-weather|Sandstorm|[upkeep]
|-heal|p1a: landorustherian|91/100|[from] item: Leftovers
|upkeep
|turn|8
|
|t:|1663513942
|move|p1a: landorustherian|Toxic|p2a: Hippowdon
|-status|p2a: Hippowdon|tox
|move|p2a: Hippowdon|Ice Fang|p1a: landorustherian
|-supereffective|p1a: landorustherian
|-damage|p1a: landorustherian|26/100
|
|-weather|Sandstorm|[upkeep]
|-heal|p1a: landorustherian|32/100|[from] item: Leftovers
|-damage|p2a: Hippowdon|71/100 tox|[from] psn
|upkeep
|turn|9
|
|t:|1663513950
|move|p1a: landorustherian|U-turn|p2a: Hippowdon
|-damage|p2a: Hippowdon|59/100 tox
|
|t:|1663513950
|switch|p1a: rotomwash|Rotom-Wash|50/100|[from]move: U-turn
|move|p2a: Hippowdon|Stealth Rock|p1a: rotomwash
|-sidestart|p1: minimax_ai|move: Stealth Rock
|
|-weather|Sandstorm|[upkeep]
|-damage|p1a: rotomwash|44/100|[from] Sandstorm
|-heal|p1a: rotomwash|50/100|[from] item: Leftovers
|-damage|p2a: Hippowdon|47/100 tox|[from] psn
|upkeep
|turn|10
|
|t:|1663513960
|switch|p2a: Dracozolt|Dracozolt|9/100
|move|p1a: rotomwash|Hydro Pump|p2a: Dracozolt|[miss]
|-miss|p1a: rotomwash|p2a: Dracozolt
|
|-weather|Sandstorm|[upkeep]
|-damage|p1a: rotomwash|44/100|[from] Sandstorm
|-heal|p1a: rotomwash|50/100|[from] item: Leftovers
|upkeep
|turn|11
|
|t:|1663513968
|switch|p1a: Melmetal|Melmetal|100/100
|-damage|p1a: Melmetal|94/100|[from] Stealth Rock
|move|p2a: Dracozolt|Bolt Beak|p1a: Melmetal
|-damage|p1a: Melmetal|51/100
|-damage|p2a: Dracozolt|0 fnt|[from] item: Life Orb
|faint|p2a: Dracozolt
|
|-weather|none
|upkeep
|
|t:|1663513979
|switch|p2a: Zapdos|Zapdos|100/100
|turn|12
|
|t:|1663513982
|move|p2a: Zapdos|Volt Switch|p1a: Melmetal
|-damage|p1a: Melmetal|35/100
|
|t:|1663513986
|switch|p2a: Hippowdon|Hippowdon, F|47/100 tox|[from]move: Volt Switch
|-weather|Sandstorm|[from] ability: Sand Stream|[of] p2a: Hippowdon
|move|p1a: Melmetal|Double Iron Bash|p2a: Hippowdon
|-damage|p2a: Hippowdon|27/100 tox
|-damage|p2a: Hippowdon|7/100 tox
|-hitcount|p2a: Hippowdon|2
|
|-weather|Sandstorm|[upkeep]
|-damage|p2a: Hippowdon|1/100 tox|[from] psn
|upkeep
|turn|13
|
|t:|1663513997
|switch|p2a: Zapdos|Zapdos|100/100
|move|p1a: Melmetal|Double Iron Bash|p2a: Zapdos
|-resisted|p2a: Zapdos
|-damage|p2a: Zapdos|87/100
|-status|p1a: Melmetal|par|[from] ability: Static|[of] p2a: Zapdos
|-resisted|p2a: Zapdos
|-damage|p2a: Zapdos|72/100
|-hitcount|p2a: Zapdos|2
|
|-weather|Sandstorm|[upkeep]
|-damage|p2a: Zapdos|66/100|[from] Sandstorm
|upkeep
|turn|14
|
|t:|1663514006
|move|p2a: Zapdos|Hurricane|p1a: Melmetal
|-resisted|p1a: Melmetal
|-damage|p1a: Melmetal|23/100 par
|-start|p1a: Melmetal|confusion
|-activate|p1a: Melmetal|confusion
|move|p1a: Melmetal|Ice Punch|p2a: Zapdos
|-supereffective|p2a: Zapdos
|-damage|p2a: Zapdos|20/100
|
|-weather|Sandstorm|[upkeep]
|-damage|p2a: Zapdos|13/100|[from] Sandstorm
|upkeep
|turn|15
|
|t:|1663514016
|move|p2a: Zapdos|Roost|p2a: Zapdos
|-heal|p2a: Zapdos|63/100
|-singleturn|p2a: Zapdos|move: Roost
|-activate|p1a: Melmetal|confusion
|move|p1a: Melmetal|Ice Punch|p2a: Zapdos
|-damage|p2a: Zapdos|37/100
|
|-weather|Sandstorm|[upkeep]
|-damage|p2a: Zapdos|31/100|[from] Sandstorm
|upkeep
|turn|16
|
|t:|1663514024
|move|p2a: Zapdos|Hurricane|p1a: Melmetal|[miss]
|-miss|p2a: Zapdos|p1a: Melmetal
|-activate|p1a: Melmetal|confusion
|move|p1a: Melmetal|Ice Punch|p2a: Zapdos
|-supereffective|p2a: Zapdos
|-damage|p2a: Zapdos|0 fnt
|faint|p2a: Zapdos
|
|-weather|Sandstorm|[upkeep]
|upkeep
|
|t:|1663514032
|switch|p2a: Excadrill|Excadrill, M|100/100
|turn|17
|
|t:|1663514035
|move|p2a: Excadrill|Iron Head|p1a: Melmetal
|-resisted|p1a: Melmetal
|-damage|p1a: Melmetal|7/100 par
|-damage|p2a: Excadrill|91/100|[from] item: Life Orb
|cant|p1a: Melmetal|flinch
|
|-weather|Sandstorm|[upkeep]
|upkeep
|turn|18
|
|t:|1663514041
|move|p2a: Excadrill|Iron Head|p1a: Melmetal
|-resisted|p1a: Melmetal
|-damage|p1a: Melmetal|0 fnt
|faint|p1a: Melmetal
|-damage|p2a: Excadrill|81/100|[from] item: Life Orb
|
|-weather|Sandstorm|[upkeep]
|upkeep
|
|t:|1663514041
|switch|p1a: Heatran|Heatran, M|100/100
|-damage|p1a: Heatran|88/100|[from] Stealth Rock
|-item|p1a: Heatran|Air Balloon
|turn|19
|
|t:|1663514067
|switch|p2a: Hippowdon|Hippowdon, F|1/100 tox
|move|p1a: Heatran|Earth Power|p2a: Hippowdon
|-damage|p2a: Hippowdon|0 fnt
|faint|p2a: Hippowdon
|
|-weather|none
|upkeep
|
|t:|1663514075
|switch|p2a: Tyranitar|Tyranitar, M|100/100
|-weather|Sandstorm|[from] ability: Sand Stream|[of] p2a: Tyranitar
|turn|20
|
|t:|1663514080
|switch|p1a: landorustherian|Landorus-Therian, M|32/100
|-damage|p1a: landorustherian|19/100|[from] Stealth Rock
|-ability|p1a: landorustherian|Intimidate|boost
|-unboost|p2a: Tyranitar|atk|1
|move|p2a: Tyranitar|Stone Edge|p1a: landorustherian
|-damage|p1a: landorustherian|0 fnt
|faint|p1a: landorustherian
|
|-weather|Sandstorm|[upkeep]
|upkeep
|
|t:|1663514080
|switch|p1a: Weavile|Weavile, F|100/100
|-damage|p1a: Weavile|76/100|[from] Stealth Rock
|-ability|p1a: Weavile|Pressure
|turn|21
|
|t:|1663514100
|move|p1a: Weavile|Low Kick|p2a: Tyranitar
|-supereffective|p2a: Tyranitar
|-damage|p2a: Tyranitar|0 fnt
|faint|p2a: Tyranitar
|
|-weather|Sandstorm|[upkeep]
|-damage|p1a: Weavile|70/100|[from] Sandstorm
|upkeep
|
|t:|1663514105
|switch|p2a: Excadrill|Excadrill, M|81/100
|turn|22
|
|t:|1663514109
|switch|p1a: rotomwash|Rotom-Wash|50/100
|-damage|p1a: rotomwash|37/100|[from] Stealth Rock
|move|p2a: Excadrill|Rock Slide|p1a: rotomwash
|-damage|p1a: rotomwash|0 fnt
|faint|p1a: rotomwash
|-damage|p2a: Excadrill|71/100|[from] item: Life Orb
|
|-weather|Sandstorm|[upkeep]
|upkeep
|
|t:|1663514109
|switch|p1a: Heatran|Heatran, M|88/100
|-damage|p1a: Heatran|76/100|[from] Stealth Rock
|-item|p1a: Heatran|Air Balloon
|turn|23
|
|t:|1663514121
|move|p2a: Excadrill|Rock Slide|p1a: Heatran
|-damage|p1a: Heatran|35/100
|-enditem|p1a: Heatran|Air Balloon
|-damage|p2a: Excadrill|61/100|[from] item: Life Orb
|cant|p1a: Heatran|flinch
|
|-weather|Sandstorm|[upkeep]
|upkeep
|turn|24
|
|t:|1663514130
|move|p2a: Excadrill|Rock Slide|p1a: Heatran
|-damage|p1a: Heatran|0 fnt
|faint|p1a: Heatran
|-damage|p2a: Excadrill|51/100|[from] item: Life Orb
|
|-weather|none
|upkeep
|
|t:|1663514130
|switch|p1a: Weavile|Weavile, F|70/100
|-damage|p1a: Weavile|45/100|[from] Stealth Rock
|-ability|p1a: Weavile|Pressure
|turn|25
|
|t:|1663514140
|move|p1a: Weavile|Triple Axel|p2a: Excadrill
|-damage|p2a: Excadrill|31/100
|-damage|p2a: Excadrill|0 fnt
|faint|p2a: Excadrill
|-hitcount|p2: Excadrill|2
|
|win|minimax_ai
|raw|minimax_ai's rating: 1637 &rarr; <strong>1653</strong><br />(+16 for winning)
|raw|Mutako Z's rating: 1569 &rarr; <strong>1553</strong><br />(-16 for losing)
|c|☆minimax_ai|gg
