|j|☆iQuarantined
|j|☆Rheinmetal
|t:|1605112202
|player|p1|iQuarantined|169|1513
|player|p2|Rheinmetal|cynthia|1474
|teamsize|p1|6
|teamsize|p2|6
|gametype|singles
|gen|8
|tier|[Gen 8] OU
|rated|
|clearpoke
|poke|p1|Rillaboom, M|
|poke|p1|Hawlucha, F|
|poke|p1|Kyurem-Black|
|poke|p1|Landorus-Therian, M|
|poke|p1|Melmetal|
|poke|p1|Cinderace, F|
|poke|p2|Garchomp, F|
|poke|p2|Kyurem-Black|
|poke|p2|Slurpuff, M|
|poke|p2|Urshifu-*, F|
|poke|p2|Spectrier|
|poke|p2|Cinderace, F|
|rule|Sleep Clause Mod: Limit one foe put to sleep
|rule|Species Clause: Limit one of each Pokémon
|rule|OHKO Clause: OHKO moves are banned
|rule|Evasion Moves Clause: Evasion moves are banned
|rule|Endless Battle Clause: Forcing endless battles is banned
|rule|HP Percentage Mod: HP is shown in percentages
|rule|Dynamax Clause: You cannot dynamax
|teampreview
|inactive|Battle timer is ON: inactive players will automatically lose when time's up. (requested by Rheinmetal)
|
|t:|1605112204
|start
|switch|p1a: Landorus|Landorus-Therian, M|100/100
|switch|p2a: Garchomp|Garchomp, F|100/100
|-ability|p1a: Landorus|Intimidate|boost
|-unboost|p2a: Garchomp|atk|1
|turn|1
|j| cwal7887
|
|t:|1605112223
|switch|p2a: Slurpuff|Slurpuff, M|100/100
|move|p1a: Landorus|Stealth Rock|p2a: Slurpuff
|-sidestart|p2: Rheinmetal|move: Stealth Rock
|
|upkeep
|turn|2
|
|t:|1605112227
|switch|p1a: Melmetal|Melmetal|100/100
|move|p2a: Slurpuff|Sticky Web|p1a: Melmetal
|-sidestart|p1: iQuarantined|move: Sticky Web
|
|upkeep
|turn|3
|
|t:|1605112230
|move|p2a: Slurpuff|Flamethrower|p1a: Melmetal
|-supereffective|p1a: Melmetal
|-crit|p1a: Melmetal
|-damage|p1a: Melmetal|17/100
|move|p1a: Melmetal|Double Iron Bash|p2a: Slurpuff
|-supereffective|p2a: Slurpuff
|-enditem|p2a: Slurpuff|Focus Sash
|-damage|p2a: Slurpuff|1/100
|-supereffective|p2a: Slurpuff
|-damage|p2a: Slurpuff|0 fnt
|-hitcount|p2a: Slurpuff|2
|faint|p2a: Slurpuff
|
|upkeep
|
|t:|1605112237
|switch|p2a: Garchomp|Garchomp, F|100/100
|-damage|p2a: Garchomp|94/100|[from] Stealth Rock
|turn|4
|
|t:|1605112242
|switch|p1a: Rillaboom|Rillaboom, M, shiny|100/100
|-activate|p1a: Rillaboom|move: Sticky Web
|-unboost|p1a: Rillaboom|spe|1
|-fieldstart|move: Grassy Terrain|[from] ability: Grassy Surge|[of] p1a: Rillaboom
|move|p2a: Garchomp|Earthquake|p1a: Rillaboom
|-resisted|p1a: Rillaboom
|-damage|p1a: Rillaboom|85/100
|-damage|p2a: Garchomp|85/100|[from] item: Life Orb
|
|-heal|p2a: Garchomp|91/100|[from] Grassy Terrain
|-heal|p1a: Rillaboom|91/100|[from] Grassy Terrain
|upkeep
|turn|5
|
|t:|1605112249
|move|p2a: Garchomp|Swords Dance|p2a: Garchomp
|-boost|p2a: Garchomp|atk|2
|move|p1a: Rillaboom|Knock Off|p2a: Garchomp
|-damage|p2a: Garchomp|40/100
|-damage|p1a: Rillaboom|79/100|[from] ability: Rough Skin|[of] p2a: Garchomp
|-enditem|p2a: Garchomp|Life Orb|[from] move: Knock Off|[of] p1a: Rillaboom
|
|-heal|p2a: Garchomp|46/100|[from] Grassy Terrain
|-heal|p1a: Rillaboom|85/100|[from] Grassy Terrain
|upkeep
|turn|6
|
|t:|1605112256
|move|p2a: Garchomp|Stone Edge|p1a: Rillaboom
|-damage|p1a: Rillaboom|18/100
|move|p1a: Rillaboom|Knock Off|p2a: Garchomp
|-damage|p2a: Garchomp|11/100
|-damage|p1a: Rillaboom|6/100|[from] ability: Rough Skin|[of] p2a: Garchomp
|
|-heal|p2a: Garchomp|17/100|[from] Grassy Terrain
|-heal|p1a: Rillaboom|12/100|[from] Grassy Terrain
|upkeep
|turn|7
|
|t:|1605112264
|switch|p1a: Melmetal|Melmetal|17/100
|-activate|p1a: Melmetal|move: Sticky Web
|-unboost|p1a: Melmetal|spe|1
|move|p2a: Garchomp|Stealth Rock|p1a: Melmetal
|-sidestart|p1: iQuarantined|move: Stealth Rock
|
|-heal|p2a: Garchomp|23/100|[from] Grassy Terrain
|-heal|p1a: Melmetal|23/100|[from] Grassy Terrain
|upkeep
|turn|8
|
|t:|1605112269
|move|p2a: Garchomp|Earthquake|p1a: Melmetal
|-supereffective|p1a: Melmetal
|-damage|p1a: Melmetal|0 fnt
|faint|p1a: Melmetal
|
|-heal|p2a: Garchomp|30/100|[from] Grassy Terrain
|-fieldend|move: Grassy Terrain
|upkeep
|
|t:|1605112272
|switch|p1a: Rillaboom|Rillaboom, M, shiny|12/100
|-activate|p1a: Rillaboom|move: Sticky Web
|-unboost|p1a: Rillaboom|spe|1
|-damage|p1a: Rillaboom|0 fnt|[from] Stealth Rock
|faint|p1a: Rillaboom
|c| cwal7887|fire
|
|t:|1605112282
|switch|p1a: Landorus|Landorus-Therian, M|100/100
|-damage|p1a: Landorus|88/100|[from] Stealth Rock
|-ability|p1a: Landorus|Intimidate|boost
|-unboost|p2a: Garchomp|atk|1
|turn|9
|
|t:|1605112285
|move|p1a: Landorus|Earthquake|p2a: Garchomp
|-damage|p2a: Garchomp|0 fnt
|faint|p2a: Garchomp
|
|upkeep
|
|t:|1605112295
|switch|p2a: Kyurem|Kyurem-Black|100/100
|-damage|p2a: Kyurem|76/100|[from] Stealth Rock
|-ability|p2a: Kyurem|Teravolt
|turn|10
|
|t:|1605112304
|switch|p1a: Hawlucha|Hawlucha, F|100/100
|-damage|p1a: Hawlucha|88/100|[from] Stealth Rock
|move|p2a: Kyurem|Dragon Claw|p1a: Hawlucha
|-damage|p1a: Hawlucha|0 fnt
|faint|p1a: Hawlucha
|
|upkeep
|
|t:|1605112309
|switch|p1a: Kyurem|Kyurem-Black|100/100
|-activate|p1a: Kyurem|move: Sticky Web
|-unboost|p1a: Kyurem|spe|1
|-damage|p1a: Kyurem|76/100|[from] Stealth Rock
|-ability|p1a: Kyurem|Teravolt
|turn|11
|
|t:|1605112310
|move|p2a: Kyurem|Dragon Claw|p1a: Kyurem
|-supereffective|p1a: Kyurem
|-damage|p1a: Kyurem|0 fnt
|faint|p1a: Kyurem
|
|upkeep
|
|t:|1605112313
|switch|p1a: Cinderace|Cinderace, F|100/100
|-activate|p1a: Cinderace|move: Sticky Web
|-unboost|p1a: Cinderace|spe|1
|-damage|p1a: Cinderace|76/100|[from] Stealth Rock
|turn|12
|
|t:|1605112315
|move|p2a: Kyurem|Dragon Claw|p1a: Cinderace
|-damage|p1a: Cinderace|0 fnt
|faint|p1a: Cinderace
|
|upkeep
|
|t:|1605112318
|switch|p1a: Landorus|Landorus-Therian, M|88/100
|-damage|p1a: Landorus|76/100|[from] Stealth Rock
|-ability|p1a: Landorus|Intimidate|boost
|-unboost|p2a: Kyurem|atk|1
|turn|13
|
|t:|1605112320
|move|p1a: Landorus|Earthquake|p2a: Kyurem
|-damage|p2a: Kyurem|24/100
|move|p2a: Kyurem|Dragon Claw|p1a: Landorus
|-damage|p1a: Landorus|7/100
|
|upkeep
|turn|14
|
|t:|1605112322
|move|p1a: Landorus|Earthquake|p2a: Kyurem
|-damage|p2a: Kyurem|0 fnt
|faint|p2a: Kyurem
|
|upkeep
|
|t:|1605112324
|switch|p2a: Spectrier|Spectrier|100/100
|-damage|p2a: Spectrier|88/100|[from] Stealth Rock
|turn|15
|
|t:|1605112326
|move|p1a: Landorus|Earthquake|p2a: Spectrier
|-damage|p2a: Spectrier|0 fnt
|faint|p2a: Spectrier
|
|upkeep
|
|t:|1605112329
|switch|p2a: Cinderace|Cinderace, F, shiny|100/100
|turn|16
|
|t:|1605112331
|move|p2a: Cinderace|Sucker Punch|p1a: Landorus
|-start|p2a: Cinderace|typechange|Dark|[from] ability: Libero
|-damage|p1a: Landorus|0 fnt
|faint|p1a: Landorus
|
|win|Rheinmetal
|l|☆iQuarantined
|l|☆Rheinmetal
