|raw|<div class="broadcast-blue"><strong>This battle is required to be public due to a player having a name starting with 'lt91bb'.</div>
|j|☆ripreckful
|j|☆LT91BB MDB2
|t:|1659606880
|gametype|singles
|player|p1|ripreckful|hilbert|2022
|player|p2|LT91BB MDB2|1|2148
|teamsize|p1|6
|teamsize|p2|6
|gen|8
|tier|[Gen 8] OU
|rated|
|rule|Sleep Clause Mod: Limit one foe put to sleep
|rule|Species Clause: Limit one of each Pokémon
|rule|OHKO Clause: OHKO moves are banned
|rule|Evasion Items Clause: Evasion items are banned
|rule|Evasion Moves Clause: Evasion moves are banned
|rule|Endless Battle Clause: Forcing endless battles is banned
|rule|HP Percentage Mod: HP is shown in percentages
|rule|Dynamax Clause: You cannot dynamax
|clearpoke
|poke|p1|Ferrothorn, M|
|poke|p1|Rotom-Wash|
|poke|p1|Tyranitar, F|
|poke|p1|Excadrill, M|
|poke|p1|Clefable, M|
|poke|p1|Dragapult, F|
|poke|p2|Zapdos|
|poke|p2|Weavile, F|
|poke|p2|Kartana|
|poke|p2|Landorus-Therian, M|
|poke|p2|Volcanion|
|poke|p2|Melmetal|
|teampreview
|inactive|Battle timer is ON: inactive players will automatically lose when time's up. (requested by ripreckful)
|j| Shiox
|j| dragonitenb
|c|☆ripreckful|hf
|j|+McMeghan
|j| irgendwasmitmeeem
|l|+McMeghan
|j|+ez
|j| Phxo'
|j| H.M.N.I.P
|j| Enoryu
|j| Lunarr
|j| LT91BB xray
|j| lnternal
|j| tired of new gens
|j| LT91BBe
|j|+mushamu
|j|+Aberforth
|inactive|ripreckful has 120 seconds left.
|j| hot_dogs666
|j|+baconeatinassassin
|j| Leo
|j| Not Daki
|j| Yvtycyctc
|j| Heiwa June
|j| LT91BB pop smoke
|j| IPF
|j| playinq
|j| RNN YasuKe
|
|t:|1659606916
|start
|switch|p1a: Dragapult|Dragapult, F|100/100
|switch|p2a: Volcanion|Volcanion|100/100
|turn|1
|j| egal★vanc
|j| AlphaRay01
|j| ian_yo
|j| Foutaise.1
|j| Zirpurze
|j| nathaaan
|j| sup kid
|j| Triple Se7en
|j|+Tuthur
|j|@Quite Quiet
|j| Alexis Fidele
|j| LT91BB New
|j| pushen
|j| Mara Sattei
|j| kind of liked it
|j| THE PDC SHOW
|j| rfdfgg
|l|+mushamu
|j| Ernstbusch
|j| xuwuhanjun
|l| Heiwa June
|l| LT91BB pop smoke
|j| Ereshkigal
|inactive|LT91BB MDB2 has 120 seconds left.
|j| Heiwa June
|c|☆ripreckful|t
|
|t:|1659606950
|switch|p2a: Melmetal|Melmetal, shiny|100/100
|move|p1a: Dragapult|Draco Meteor|p2a: Melmetal
|-resisted|p2a: Melmetal
|-damage|p2a: Melmetal|70/100
|-unboost|p1a: Dragapult|spa|2
|
|upkeep
|turn|2
|j| Trannos
|j| Hayburner
|
|t:|1659606976
|switch|p1a: Rotom|Rotom-Wash|100/100
|switch|p2a: Volcanion|Volcanion|100/100
|
|upkeep
|turn|3
|j| LT91BB boy
|j| Ekzykes
|j| Sificon~
|
|t:|1659606980
|switch|p2a: Landorus|Landorus-Therian, M|100/100
|-ability|p2a: Landorus|Intimidate|boost
|-unboost|p1a: Rotom|atk|1
|move|p1a: Rotom|Toxic|p2a: Landorus
|-status|p2a: Landorus|tox
|
|-damage|p2a: Landorus|94/100 tox|[from] psn
|upkeep
|turn|4
|c|+ez|TIK TOK TIK TOK
|j| LT91BB Gray
|j| LT91BB Originality
|j| eblurb
|j| Crunchman
|l|+Aberforth
|l| Mara Sattei
|inactive|ripreckful has 120 seconds left.
|inactive|LT91BB MDB2 has 120 seconds left.
|l| LT91BB boy
|c| irgendwasmitmeeem|TIK TOK TIK TOK
|c|☆ripreckful|damn u in gz
|j| LT91BB boy
|j| Artificial Wood
|j| gglrg
|j| EQ Enrique
|c| irgendwasmitmeeem|das ding bringen wir über die zeit
|inactive|ripreckful has 90 seconds left.
|inactive|LT91BB MDB2 has 90 seconds left.
|c|☆LT91BB MDB2|I hope you don't mind that I timestall
|c|☆LT91BB MDB2|haha
|c|☆ripreckful|i dont
|c|☆ripreckful|nw
|c| Zirpurze|zeitspiel
|l|eqenrique
|c| Zirpurze|gelbe karte
|j| pokemh
|c|☆LT91BB MDB2|seit wann gibts gelb
|j| LT91BB Enrique
|c|☆LT91BB MDB2|für zeitspiel
|inactive|LT91BB MDB2 has 60 seconds left.
|c| Zirpurze|ich bin td ich entscheide das
|inactive|LT91BB MDB2 has 30 seconds left.
|
|t:|1659607098
|switch|p1a: Clefable|Clefable, M|100/100
|move|p2a: Landorus|Stealth Rock|p1a: Clefable
|-sidestart|p1: ripreckful|move: Stealth Rock
|
|-heal|p2a: Landorus|100/100 tox|[from] item: Leftovers
|-damage|p2a: Landorus|88/100 tox|[from] psn
|upkeep
|turn|5
|
|t:|1659607107
|switch|p2a: Volcanion|Volcanion|100/100
|move|p1a: Clefable|Stealth Rock|p2a: Volcanion
|-sidestart|p2: LT91BB MDB2|move: Stealth Rock
|
|upkeep
|turn|6
|l| H.M.N.I.P
|c|☆ripreckful|why is ps so laggy
|j| RaiZen1704
|l| LT91BB boy
|
|t:|1659607135
|switch|p1a: Rotom|Rotom-Wash|100/100
|-damage|p1a: Rotom|88/100|[from] Stealth Rock
|move|p2a: Volcanion|Steam Eruption|p1a: Rotom
|-resisted|p1a: Rotom
|-damage|p1a: Rotom|34/100
|
|-heal|p1a: Rotom|40/100|[from] item: Leftovers
|upkeep
|turn|7
|l| Phxo'
|l| rfdfgg
|
|t:|1659607144
|move|p1a: Rotom|Pain Split|p2a: Volcanion
|-sethp|p2a: Volcanion|70/100|[from] move: Pain Split|[silent]
|-sethp|p1a: Rotom|70/100|[from] move: Pain Split
|move|p2a: Volcanion|Steam Eruption|p1a: Rotom
|-resisted|p1a: Rotom
|-damage|p1a: Rotom|19/100
|
|-heal|p1a: Rotom|25/100|[from] item: Leftovers
|upkeep
|turn|8
|
|t:|1659607149
|move|p1a: Rotom|Pain Split|p2a: Volcanion
|-sethp|p2a: Volcanion|48/100|[from] move: Pain Split|[silent]
|-sethp|p1a: Rotom|47/100|[from] move: Pain Split
|move|p2a: Volcanion|Steam Eruption|p1a: Rotom
|-resisted|p1a: Rotom
|-damage|p1a: Rotom|0 fnt
|faint|p1a: Rotom
|
|upkeep
|j| 000du2
|l| Heiwa June
|
|t:|1659607154
|switch|p1a: Dragapult|Dragapult, F|100/100
|-damage|p1a: Dragapult|88/100|[from] Stealth Rock
|turn|9
|inactive|LT91BB MDB2 has 60 seconds left.
|l| hot_dogs666
|
|t:|1659607162
|move|p1a: Dragapult|Shadow Ball|p2a: Volcanion
|-damage|p2a: Volcanion|0 fnt
|faint|p2a: Volcanion
|
|upkeep
|
|t:|1659607165
|switch|p2a: Weavile|Weavile, F|100/100
|-damage|p2a: Weavile|76/100|[from] Stealth Rock
|-ability|p2a: Weavile|Pressure
|turn|10
|l|@Quite Quiet
|j| LT91BB Jack G 29
|
|t:|1659607179
|switch|p1a: Clefable|Clefable, M|100/100
|move|p2a: Weavile|Triple Axel|p1a: Clefable|[miss]
|-miss|p2a: Weavile|p1a: Clefable
|
|upkeep
|turn|11
|l| LT91BB Jack G 29
|c|☆ripreckful|test
|l| eblurb
|
|t:|1659607192
|move|p2a: Weavile|Triple Axel|p1a: Clefable
|-damage|p1a: Clefable|88/100
|-damage|p2a: Weavile|59/100|[from] item: Rocky Helmet|[of] p1a: Clefable
|-damage|p1a: Clefable|61/100
|-damage|p2a: Weavile|43/100|[from] item: Rocky Helmet|[of] p1a: Clefable
|-damage|p1a: Clefable|25/100
|-damage|p2a: Weavile|26/100|[from] item: Rocky Helmet|[of] p1a: Clefable
|-hitcount|p1a: Clefable|3
|move|p1a: Clefable|Moonblast|p2a: Weavile
|-supereffective|p2a: Weavile
|-damage|p2a: Weavile|0 fnt
|faint|p2a: Weavile
|
|upkeep
|j| lt91bb Ape
|j| LT91BB Senku
|
|t:|1659607202
|switch|p2a: Zapdos|Zapdos|100/100
|turn|12
|j| gg gg ez ez
|
|t:|1659607225
|switch|p1a: Tyranitar|Tyranitar, F|100/100
|-damage|p1a: Tyranitar|88/100|[from] Stealth Rock
|-weather|Sandstorm|[from] ability: Sand Stream|[of] p1a: Tyranitar
|move|p2a: Zapdos|Volt Switch|p1a: Tyranitar
|-damage|p1a: Tyranitar|65/100
|l| tired of new gens
|
|t:|1659607244
|switch|p2a: Landorus|Landorus-Therian, M|88/100 tox|[from]move: Volt Switch
|-damage|p2a: Landorus|76/100 tox|[from] Stealth Rock
|-ability|p2a: Landorus|Intimidate|boost
|-unboost|p1a: Tyranitar|atk|1
|
|-weather|Sandstorm|[upkeep]
|-heal|p2a: Landorus|82/100 tox|[from] item: Leftovers
|-damage|p2a: Landorus|76/100 tox|[from] psn
|upkeep
|turn|13
|l| RaiZen1704
|l| Foutaise.1
|
|t:|1659607253
|switch|p1a: Clefable|Clefable, M|25/100
|move|p2a: Landorus|Earthquake|p1a: Clefable
|-damage|p1a: Clefable|0 fnt
|faint|p1a: Clefable
|
|-weather|Sandstorm|[upkeep]
|-heal|p2a: Landorus|82/100 tox|[from] item: Leftovers
|-damage|p2a: Landorus|70/100 tox|[from] psn
|upkeep
|
|t:|1659607255
|switch|p1a: Dragapult|Dragapult, F|88/100
|-damage|p1a: Dragapult|76/100|[from] Stealth Rock
|turn|14
|
|t:|1659607264
|switch|p2a: Melmetal|Melmetal, shiny|70/100
|-damage|p2a: Melmetal|63/100|[from] Stealth Rock
|move|p1a: Dragapult|Draco Meteor|p2a: Melmetal|[miss]
|-miss|p1a: Dragapult|p2a: Melmetal
|
|-weather|Sandstorm|[upkeep]
|-damage|p1a: Dragapult|70/100|[from] Sandstorm
|upkeep
|turn|15
|l| LT91BB Originality
|l| nathaaan
|j|+lfolfo
|inactive|LT91BB MDB2 has 90 seconds left.
|
|t:|1659607284
|switch|p1a: Excadrill|Excadrill, M|100/100
|-damage|p1a: Excadrill|97/100|[from] Stealth Rock
|switch|p2a: Zapdos|Zapdos|100/100
|
|-weather|Sandstorm|[upkeep]
|-damage|p2a: Zapdos|94/100|[from] Sandstorm
|-heal|p1a: Excadrill|100/100|[from] item: Leftovers
|upkeep
|turn|16
|
|t:|1659607292
|switch|p2a: Landorus|Landorus-Therian, M|70/100 tox
|-damage|p2a: Landorus|58/100 tox|[from] Stealth Rock
|-ability|p2a: Landorus|Intimidate|boost
|-unboost|p1a: Excadrill|atk|1
|move|p1a: Excadrill|Rapid Spin|p2a: Landorus
|-damage|p2a: Landorus|44/100 tox
|-boost|p1a: Excadrill|spe|1
|-sideend|p1: ripreckful|Stealth Rock|[from] move: Rapid Spin|[of] p1a: Excadrill
|
|-weather|none
|-heal|p2a: Landorus|50/100 tox|[from] item: Leftovers
|-damage|p2a: Landorus|44/100 tox|[from] psn
|upkeep
|turn|17
|
|t:|1659607304
|move|p1a: Excadrill|Iron Head|p2a: Landorus
|-damage|p2a: Landorus|15/100 tox
|cant|p2a: Landorus|flinch
|
|-heal|p2a: Landorus|21/100 tox|[from] item: Leftovers
|-damage|p2a: Landorus|9/100 tox|[from] psn
|upkeep
|turn|18
|l| Zirpurze
|l| LT91BB Senku
|c|+ez|gg
|
|t:|1659607310
|switch|p2a: Melmetal|Melmetal, shiny|63/100
|-damage|p2a: Melmetal|57/100|[from] Stealth Rock
|move|p1a: Excadrill|Iron Head|p2a: Melmetal
|-resisted|p2a: Melmetal
|-damage|p2a: Melmetal|49/100
|
|upkeep
|turn|19
|c|+ez|u dotn amke it now
|j| H.M.N.I.P
|l| Triple Se7en
|j| Heiwa June
|j| chokst du
|
|t:|1659607324
|move|p1a: Excadrill|Earthquake|p2a: Melmetal
|-supereffective|p2a: Melmetal
|-damage|p2a: Melmetal|7/100
|move|p2a: Melmetal|Earthquake|p1a: Excadrill
|-supereffective|p1a: Excadrill
|-damage|p1a: Excadrill|0 fnt
|faint|p1a: Excadrill
|
|upkeep
|l| chokst du
|
|t:|1659607332
|switch|p1a: Dragapult|Dragapult, F|70/100
|turn|20
|
|t:|1659607341
|switch|p2a: Landorus|Landorus-Therian, M|9/100 tox
|-damage|p2a: Landorus|0 fnt|[from] Stealth Rock
|faint|p2a: Landorus
|move|p1a: Dragapult|Shadow Ball|p2: Landorus|[notarget]
|-fail|p1a: Dragapult
|
|upkeep
|
|t:|1659607343
|switch|p2a: Zapdos|Zapdos|94/100
|turn|21
|j| Clown Bassey
|
|t:|1659607349
|switch|p1a: Tyranitar|Tyranitar, F|65/100
|-weather|Sandstorm|[from] ability: Sand Stream|[of] p1a: Tyranitar
|move|p2a: Zapdos|Volt Switch|p1a: Tyranitar
|-damage|p1a: Tyranitar|39/100
|
|t:|1659607351
|switch|p2a: Kartana|Kartana|100/100|[from]move: Volt Switch
|-damage|p2a: Kartana|94/100|[from] Stealth Rock
|
|-weather|Sandstorm|[upkeep]
|upkeep
|turn|22
|
|t:|1659607357
|switch|p1a: Dragapult|Dragapult, F|70/100
|move|p2a: Kartana|Sacred Sword|p1a: Dragapult
|-immune|p1a: Dragapult
|
|-weather|Sandstorm|[upkeep]
|-damage|p1a: Dragapult|64/100|[from] Sandstorm
|upkeep
|turn|23
|c|☆LT91BB MDB2|damn
|c|☆LT91BB MDB2|wp
|c|☆ripreckful|ty
|l| IPF
|
|t:|1659607365
|switch|p2a: Melmetal|Melmetal, shiny|7/100
|-damage|p2a: Melmetal|1/100|[from] Stealth Rock
|move|p1a: Dragapult|Shadow Ball|p2a: Melmetal
|-damage|p2a: Melmetal|0 fnt
|faint|p2a: Melmetal
|
|-weather|Sandstorm|[upkeep]
|-damage|p1a: Dragapult|58/100|[from] Sandstorm
|upkeep
|c|☆ripreckful|ur already in u know
|
|t:|1659607367
|switch|p2a: Kartana|Kartana|94/100
|-damage|p2a: Kartana|88/100|[from] Stealth Rock
|turn|24
|
|t:|1659607371
|switch|p1a: Ferrothorn|Ferrothorn, M|100/100
|move|p2a: Kartana|Knock Off|p1a: Ferrothorn
|-damage|p1a: Ferrothorn|74/100
|-damage|p2a: Kartana|76/100|[from] ability: Iron Barbs|[of] p1a: Ferrothorn
|-enditem|p1a: Ferrothorn|Leftovers|[from] move: Knock Off|[of] p2a: Kartana
|
|-weather|Sandstorm|[upkeep]
|upkeep
|turn|25
|l| Heiwa June
|l| dragonitenb
|j| palapapop
|
|t:|1659607376
|switch|p2a: Zapdos|Zapdos|94/100
|switch|p1a: Tyranitar|Tyranitar, F|39/100
|
|-weather|none
|upkeep
|turn|26
|
|t:|1659607381
|move|p2a: Zapdos|Thunderbolt|p1a: Tyranitar
|-damage|p1a: Tyranitar|0 fnt
|faint|p1a: Tyranitar
|
|upkeep
|
|t:|1659607384
|switch|p1a: Dragapult|Dragapult, F|58/100
|turn|27
|j| Heiwa June
|
|t:|1659607403
|move|p1a: Dragapult|Draco Meteor|p2a: Zapdos
|-damage|p2a: Zapdos|1/100
|-unboost|p1a: Dragapult|spa|2
|move|p2a: Zapdos|Hurricane|p1a: Dragapult
|-crit|p1a: Dragapult
|-damage|p1a: Dragapult|0 fnt
|faint|p1a: Dragapult
|
|upkeep
|c|☆LT91BB MDB2|ate
|c|☆ripreckful|damn
|
|t:|1659607412
|switch|p1a: Ferrothorn|Ferrothorn, M|74/100
|turn|28
|j| LT91BB Livio
|
|t:|1659607415
|move|p2a: Zapdos|Hurricane|p1a: Ferrothorn
|-damage|p1a: Ferrothorn|24/100
|move|p1a: Ferrothorn|Body Press|p2a: Zapdos
|-resisted|p2a: Zapdos
|-damage|p2a: Zapdos|0 fnt
|faint|p2a: Zapdos
|
|upkeep
|
|t:|1659607416
|switch|p2a: Kartana|Kartana|76/100
|-damage|p2a: Kartana|70/100|[from] Stealth Rock
|turn|29
|
|t:|1659607418
|move|p2a: Kartana|Sacred Sword|p1a: Ferrothorn
|-supereffective|p1a: Ferrothorn
|-damage|p1a: Ferrothorn|0 fnt
|-damage|p2a: Kartana|57/100|[from] ability: Iron Barbs|[of] p1a: Ferrothorn
|faint|p1a: Ferrothorn
|
|win|LT91BB MDB2
|raw|ripreckful's rating: 2022 &rarr; <strong>2010</strong><br />(-12 for losing)
|raw|LT91BB MDB2's rating: 2166 &rarr; <strong>2178</strong><br />(+12 for winning)
|c|☆ripreckful|gg
|c|☆LT91BB MDB2|gg
|l| LT91BBe
|c| irgendwasmitmeeem|für frei
|l| THE PDC SHOW
|l| Lunarr
|l| Enoryu
|l| LT91BB Livio
|l| palapapop
|l| LT91BB Enrique
|l| egal★vanc
|l|☆LT91BB MDB2
|l| lt91bb Ape
|c| irgendwasmitmeeem|noch ein paar punkte
|l|+lfolfo
|l| Ereshkigal
|l| Clown Bassey
|l| LT91BB Gray
|l| Not Daki
|l| AlphaRay01
