|html|<div class="broadcast-blue"><strong>[Gen 8] OU is currently suspecting Melmetal! For information on how to participate check out the <a href="https://www.smogon.com/forums/threads/np-ss-ou-suspect-process-round-12-monster-mash.3709234/">suspect thread</a>.</strong></div>
|j|☆defensiveliz
|j|☆FvkboyCharmander
|t:|1666768685
|gametype|singles
|player|p1|defensiveliz|101|1590
|player|p2|FvkboyCharmander|101|1778
|teamsize|p1|6
|teamsize|p2|6
|gen|8
|tier|[Gen 8] OU
|rated|
|rule|Sleep Clause Mod: Limit one foe put to sleep
|rule|Species Clause: Limit one of each Pokémon
|rule|OHKO Clause: OHKO moves are banned
|rule|Evasion Items Clause: Evasion items are banned
|rule|Evasion Moves Clause: Evasion moves are banned
|rule|Endless Battle Clause: Forcing endless battles is banned
|rule|HP Percentage Mod: HP is shown in percentages
|rule|Dynamax Clause: You cannot dynamax
|clearpoke
|poke|p1|Toxtricity, F|
|poke|p1|Landorus-Therian, M|
|poke|p1|Urshifu-*, F|
|poke|p1|Dragapult, F|
|poke|p1|Toxapex, M|
|poke|p1|Corviknight, F|
|poke|p2|Ninetales-Alola, M|
|poke|p2|Blaziken, F|
|poke|p2|Azumarill, F|
|poke|p2|Landorus-Therian, M|
|poke|p2|Rillaboom, M|
|poke|p2|Hawlucha, M|
|teampreview
|j| 0zorcNecropHADES
|j| Giovanni123 A
|
|t:|1666768706
|start
|switch|p1a: Dragapult|Dragapult, F|100/100
|switch|p2a: Landorus|Landorus-Therian, M|100/100
|-ability|p2a: Landorus|Intimidate|boost
|-unboost|p1a: Dragapult|atk|1
|turn|1
|c| Giovanni123 A|Wait
|c| 0zorcNecropHADES|clear body
|c| 0zorcNecropHADES|is better
|l| Giovanni123 A
|
|t:|1666768740
|switch|p2a: Ninetales|Ninetales-Alola, M|100/100
|-weather|Hail|[from] ability: Snow Warning|[of] p2a: Ninetales
|move|p1a: Dragapult|Hydro Pump|p2a: Ninetales
|-damage|p2a: Ninetales|45/100
|
|-weather|Hail|[upkeep]
|-damage|p1a: Dragapult|95/100|[from] Hail
|upkeep
|turn|2
|
|t:|1666768749
|switch|p2a: Azumarill|Azumarill, F|100/100
|move|p1a: Dragapult|Hydro Pump|p2a: Azumarill
|-resisted|p2a: Azumarill
|-damage|p2a: Azumarill|77/100
|
|-weather|Hail|[upkeep]
|-damage|p1a: Dragapult|89/100|[from] Hail
|-damage|p2a: Azumarill|71/100|[from] Hail
|upkeep
|turn|3
|
|t:|1666768754
|switch|p1a: Toxapex|Toxapex, M|100/100
|move|p2a: Azumarill|Knock Off|p1a: Toxapex
|-damage|p1a: Toxapex|64/100
|-enditem|p1a: Toxapex|Shed Shell|[from] move: Knock Off|[of] p2a: Azumarill
|-damage|p2a: Azumarill|61/100|[from] item: Life Orb
|
|-weather|Hail|[upkeep]
|-damage|p2a: Azumarill|54/100|[from] Hail
|-damage|p1a: Toxapex|58/100|[from] Hail
|upkeep
|turn|4
|
|t:|1666768759
|switch|p2a: Landorus|Landorus-Therian, M|100/100
|-ability|p2a: Landorus|Intimidate|boost
|-unboost|p1a: Toxapex|atk|1
|move|p1a: Toxapex|Knock Off|p2a: Landorus
|-damage|p2a: Landorus|89/100
|-damage|p1a: Toxapex|42/100|[from] item: Rocky Helmet|[of] p2a: Landorus
|-enditem|p2a: Landorus|Rocky Helmet|[from] move: Knock Off|[of] p1a: Toxapex
|
|-weather|Hail|[upkeep]
|-damage|p2a: Landorus|82/100|[from] Hail
|-damage|p1a: Toxapex|36/100|[from] Hail
|upkeep
|turn|5
|
|t:|1666768766
|switch|p1a: Landorus|Landorus-Therian, M|100/100
|-ability|p1a: Landorus|Intimidate|boost
|-unboost|p2a: Landorus|atk|1
|move|p2a: Landorus|Stealth Rock|p1a: Landorus
|-sidestart|p1: defensiveliz|move: Stealth Rock
|
|-weather|none
|upkeep
|turn|6
|
|t:|1666768769
|move|p2a: Landorus|Toxic|p1a: Landorus
|-status|p1a: Landorus|tox
|move|p1a: Landorus|Toxic|p2a: Landorus
|-status|p2a: Landorus|tox
|
|-damage|p2a: Landorus|76/100 tox|[from] psn
|-damage|p1a: Landorus|94/100 tox|[from] psn
|upkeep
|turn|7
|
|t:|1666768777
|move|p2a: Landorus|Knock Off|p1a: Landorus
|-damage|p1a: Landorus|70/100 tox
|-enditem|p1a: Landorus|Leftovers|[from] move: Knock Off|[of] p2a: Landorus
|move|p1a: Landorus|Stealth Rock|p2a: Landorus
|-sidestart|p2: FvkboyCharmander|move: Stealth Rock
|
|-damage|p2a: Landorus|64/100 tox|[from] psn
|-damage|p1a: Landorus|58/100 tox|[from] psn
|upkeep
|turn|8
|
|t:|1666768782
|move|p2a: Landorus|Knock Off|p1a: Landorus
|-damage|p1a: Landorus|41/100 tox
|move|p1a: Landorus|U-turn|p2a: Landorus
|-resisted|p2a: Landorus
|-damage|p2a: Landorus|50/100 tox
|
|t:|1666768790
|switch|p1a: Urshifu|Urshifu-Rapid-Strike, F|100/100|[from]move: U-turn
|-damage|p1a: Urshifu|94/100|[from] Stealth Rock
|
|-damage|p2a: Landorus|31/100 tox|[from] psn
|upkeep
|turn|9
|
|t:|1666768796
|move|p1a: Urshifu|U-turn|p2a: Landorus
|-resisted|p2a: Landorus
|-damage|p2a: Landorus|10/100 tox
|
|t:|1666768803
|switch|p1a: Toxapex|Toxapex, M|69/100|[from]move: U-turn
|-damage|p1a: Toxapex|57/100|[from] Stealth Rock
|move|p2a: Landorus|Knock Off|p1a: Toxapex
|-damage|p1a: Toxapex|44/100
|
|-damage|p2a: Landorus|0 fnt|[from] psn
|faint|p2a: Landorus
|upkeep
|
|t:|1666768806
|switch|p2a: Blaziken|Blaziken, F|100/100
|-damage|p2a: Blaziken|88/100|[from] Stealth Rock
|turn|10
|
|t:|1666768809
|move|p2a: Blaziken|Earthquake|p1a: Toxapex
|-supereffective|p1a: Toxapex
|-crit|p1a: Toxapex
|-damage|p1a: Toxapex|0 fnt
|faint|p1a: Toxapex
|-damage|p2a: Blaziken|78/100|[from] item: Life Orb
|
|-ability|p2a: Blaziken|Speed Boost|boost
|-boost|p2a: Blaziken|spe|1
|upkeep
|
|t:|1666768820
|switch|p1a: Dragapult|Dragapult, F|89/100
|-damage|p1a: Dragapult|76/100|[from] Stealth Rock
|turn|11
|
|t:|1666768829
|move|p1a: Dragapult|Hydro Pump|p2a: Blaziken
|-supereffective|p2a: Blaziken
|-damage|p2a: Blaziken|0 fnt
|faint|p2a: Blaziken
|
|upkeep
|
|t:|1666768838
|switch|p2a: Rillaboom|Rillaboom, M|100/100
|-damage|p2a: Rillaboom|88/100|[from] Stealth Rock
|-fieldstart|move: Grassy Terrain|[from] ability: Grassy Surge|[of] p2a: Rillaboom
|turn|12
|
|t:|1666768845
|switch|p1a: Landorus|Landorus-Therian, M|41/100 tox
|-damage|p1a: Landorus|29/100 tox|[from] Stealth Rock
|-ability|p1a: Landorus|Intimidate|boost
|-unboost|p2a: Rillaboom|atk|1
|move|p2a: Rillaboom|Swords Dance|p2a: Rillaboom
|-boost|p2a: Rillaboom|atk|2
|
|-heal|p2a: Rillaboom|94/100|[from] Grassy Terrain
|-damage|p1a: Landorus|23/100 tox|[from] psn
|upkeep
|turn|13
|
|t:|1666768848
|move|p2a: Rillaboom|Grassy Glide|p1a: Landorus
|-damage|p1a: Landorus|0 fnt
|faint|p1a: Landorus
|-damage|p2a: Rillaboom|84/100|[from] item: Life Orb
|
|-heal|p2a: Rillaboom|91/100|[from] Grassy Terrain
|upkeep
|
|t:|1666768851
|switch|p1a: Corviknight|Corviknight, F|100/100
|-damage|p1a: Corviknight|88/100|[from] Stealth Rock
|-ability|p1a: Corviknight|Pressure
|turn|14
|
|t:|1666768854
|switch|p2a: Ninetales|Ninetales-Alola, M|45/100
|-damage|p2a: Ninetales|20/100|[from] Stealth Rock
|-weather|Hail|[from] ability: Snow Warning|[of] p2a: Ninetales
|move|p1a: Corviknight|Brave Bird|p2a: Ninetales
|-damage|p2a: Ninetales|0 fnt
|faint|p2a: Ninetales
|-damage|p1a: Corviknight|83/100|[from] Recoil
|
|-weather|Hail|[upkeep]
|-damage|p1a: Corviknight|77/100|[from] Hail
|-heal|p1a: Corviknight|83/100|[from] item: Leftovers
|upkeep
|
|t:|1666768859
|switch|p2a: Azumarill|Azumarill, F|54/100
|-damage|p2a: Azumarill|42/100|[from] Stealth Rock
|turn|15
|
|t:|1666768869
|move|p1a: Corviknight|Defog|p2a: Azumarill
|-unboost|p2a: Azumarill|evasion|1
|-sideend|p2: FvkboyCharmander|Stealth Rock|[from] move: Defog|[of] p1a: Corviknight
|-sideend|p1: defensiveliz|Stealth Rock|[from] move: Defog|[of] p1a: Corviknight
|-fieldend|move: Grassy Terrain
|move|p2a: Azumarill|Knock Off|p1a: Corviknight
|-damage|p1a: Corviknight|49/100
|-enditem|p1a: Corviknight|Leftovers|[from] move: Knock Off|[of] p2a: Azumarill
|-damage|p2a: Azumarill|32/100|[from] item: Life Orb
|
|-weather|Hail|[upkeep]
|-damage|p1a: Corviknight|43/100|[from] Hail
|-damage|p2a: Azumarill|26/100|[from] Hail
|upkeep
|turn|16
|
|t:|1666768873
|move|p1a: Corviknight|Roost|p1a: Corviknight
|-heal|p1a: Corviknight|93/100
|-singleturn|p1a: Corviknight|move: Roost
|move|p2a: Azumarill|Superpower|p1a: Corviknight
|-supereffective|p1a: Corviknight
|-damage|p1a: Corviknight|5/100
|-unboost|p2a: Azumarill|atk|1
|-unboost|p2a: Azumarill|def|1
|-damage|p2a: Azumarill|16/100|[from] item: Life Orb
|
|-weather|Hail|[upkeep]
|-damage|p1a: Corviknight|0 fnt|[from] Hail
|-damage|p2a: Azumarill|10/100|[from] Hail
|faint|p1a: Corviknight
|upkeep
|
|t:|1666768880
|switch|p1a: Dragapult|Dragapult, F|76/100
|turn|17
|
|t:|1666768884
|move|p2a: Azumarill|Aqua Jet|p1a: Dragapult
|-resisted|p1a: Dragapult
|-damage|p1a: Dragapult|61/100
|-damage|p2a: Azumarill|0 fnt|[from] item: Life Orb
|faint|p2a: Azumarill
|move|p1a: Dragapult|Shadow Ball|p2: Azumarill|[notarget]
|-fail|p1a: Dragapult
|
|-weather|Hail|[upkeep]
|-damage|p1a: Dragapult|55/100|[from] Hail
|upkeep
|
|t:|1666768886
|switch|p2a: Rillaboom|Rillaboom, M|91/100
|-fieldstart|move: Grassy Terrain|[from] ability: Grassy Surge|[of] p2a: Rillaboom
|turn|18
|
|t:|1666768891
|move|p2a: Rillaboom|Grassy Glide|p1a: Dragapult
|-resisted|p1a: Dragapult
|-damage|p1a: Dragapult|6/100
|-damage|p2a: Rillaboom|81/100|[from] item: Life Orb
|move|p1a: Dragapult|Shadow Ball|p2a: Rillaboom
|-damage|p2a: Rillaboom|9/100
|-unboost|p2a: Rillaboom|spd|1
|
|-weather|none
|-heal|p1a: Dragapult|12/100|[from] Grassy Terrain
|-heal|p2a: Rillaboom|15/100|[from] Grassy Terrain
|upkeep
|turn|19
|
|t:|1666768903
|move|p2a: Rillaboom|Grassy Glide|p1a: Dragapult
|-resisted|p1a: Dragapult
|-crit|p1a: Dragapult
|-damage|p1a: Dragapult|0 fnt
|faint|p1a: Dragapult
|-damage|p2a: Rillaboom|5/100|[from] item: Life Orb
|
|-heal|p2a: Rillaboom|11/100|[from] Grassy Terrain
|upkeep
|
|t:|1666768906
|switch|p1a: Toxtricity|Toxtricity, F|100/100
|turn|20
|
|t:|1666768915
|move|p2a: Rillaboom|Grassy Glide|p1a: Toxtricity
|-resisted|p1a: Toxtricity
|-damage|p1a: Toxtricity|45/100
|-damage|p2a: Rillaboom|1/100|[from] item: Life Orb
|move|p1a: Toxtricity|Sludge Wave|p2a: Rillaboom
|-supereffective|p2a: Rillaboom
|-damage|p2a: Rillaboom|0 fnt
|faint|p2a: Rillaboom
|
|-heal|p1a: Toxtricity|51/100|[from] Grassy Terrain
|upkeep
|
|t:|1666768918
|switch|p2a: Hawlucha|Hawlucha, M|100/100
|-enditem|p2a: Hawlucha|Grassy Seed
|-boost|p2a: Hawlucha|def|1|[from] item: Grassy Seed
|turn|21
|
|t:|1666768921
|move|p2a: Hawlucha|Close Combat|p1a: Toxtricity
|-resisted|p1a: Toxtricity
|-damage|p1a: Toxtricity|6/100
|-unboost|p2a: Hawlucha|def|1
|-unboost|p2a: Hawlucha|spd|1
|move|p1a: Toxtricity|Sludge Wave|p2a: Hawlucha
|-damage|p2a: Hawlucha|0 fnt
|faint|p2a: Hawlucha
|
|win|defensiveliz
|raw|defensiveliz's rating: 1590 &rarr; <strong>1620</strong><br />(+30 for winning)
|raw|FvkboyCharmander's rating: 1778 &rarr; <strong>1748</strong><br />(-30 for losing)
|l|☆FvkboyCharmander
