|j|☆federish
|j|☆Sombra Diurna
|t:|1643698913
|gametype|singles
|player|p1|federish|170|1836
|player|p2|Sombra Diurna|blue|1731
|teamsize|p1|6
|teamsize|p2|6
|gen|8
|tier|[Gen 8] OU
|rated|
|rule|Sleep Clause Mod: Limit one foe put to sleep
|rule|Species Clause: Limit one of each Pokémon
|rule|OHKO Clause: OHKO moves are banned
|rule|Evasion Moves Clause: Evasion moves are banned
|rule|Endless Battle Clause: Forcing endless battles is banned
|rule|HP Percentage Mod: HP is shown in percentages
|rule|Dynamax Clause: You cannot dynamax
|clearpoke
|poke|p1|Suicune|
|poke|p1|Weezing-Galar, M|
|poke|p1|Dragapult, F|
|poke|p1|Ferrothorn, F|
|poke|p1|Mandibuzz, F|
|poke|p1|Garchomp, F|
|poke|p2|Marowak-Alola, M|
|poke|p2|Slowbro, M|
|poke|p2|Hatterene, F|
|poke|p2|Garchomp, M|
|poke|p2|Ferrothorn, M|
|poke|p2|Drampa, M|
|teampreview
|
|t:|1643698922
|start
|switch|p1a: Weezing|Weezing-Galar, M|100/100
|switch|p2a: Sharko|Garchomp, M|100/100
|-ability|p1a: Weezing|Neutralizing Gas
|turn|1
|
|t:|1643698933
|-end|p1a: Weezing|ability: Neutralizing Gas
|switch|p1a: Mandibuzz|Mandibuzz, F|100/100
|move|p2a: Sharko|Earthquake|p1a: Mandibuzz
|-immune|p1a: Mandibuzz
|
|upkeep
|turn|2
|
|t:|1643698942
|move|p2a: Sharko|Stone Edge|p1a: Mandibuzz
|-supereffective|p1a: Mandibuzz
|-damage|p1a: Mandibuzz|51/100
|move|p1a: Mandibuzz|U-turn|p2a: Sharko
|-damage|p2a: Sharko|90/100
|-damage|p1a: Mandibuzz|39/100|[from] ability: Rough Skin|[of] p2a: Sharko
|
|t:|1643698952
|switch|p1a: Dragapult|Dragapult, F|100/100|[from]move: U-turn
|
|-heal|p2a: Sharko|96/100|[from] item: Leftovers
|upkeep
|turn|3
|
|t:|1643698964
|switch|p2a: Thorns|Ferrothorn, M|100/100
|move|p1a: Dragapult|Substitute|p1a: Dragapult
|-start|p1a: Dragapult|Substitute
|-damage|p1a: Dragapult|76/100
|
|-heal|p1a: Dragapult|82/100|[from] item: Leftovers
|upkeep
|turn|4
|
|t:|1643698973
|move|p1a: Dragapult|Dragon Dance|p1a: Dragapult
|-boost|p1a: Dragapult|atk|1
|-boost|p1a: Dragapult|spe|1
|move|p2a: Thorns|Gyro Ball|p1a: Dragapult
|-end|p1a: Dragapult|Substitute
|
|-heal|p1a: Dragapult|88/100|[from] item: Leftovers
|upkeep
|turn|5
|
|t:|1643698981
|move|p1a: Dragapult|Substitute|p1a: Dragapult
|-start|p1a: Dragapult|Substitute
|-damage|p1a: Dragapult|63/100
|move|p2a: Thorns|Stealth Rock|p1a: Dragapult
|-sidestart|p1: federish|move: Stealth Rock
|
|-heal|p1a: Dragapult|69/100|[from] item: Leftovers
|upkeep
|turn|6
|
|t:|1643698992
|switch|p2a: Falkor|Drampa, M|100/100
|move|p1a: Dragapult|Phantom Force||[still]
|-prepare|p1a: Dragapult|Phantom Force
|
|-heal|p1a: Dragapult|75/100|[from] item: Leftovers
|upkeep
|turn|7
|
|t:|1643699000
|move|p1a: Dragapult|Phantom Force|p2a: Falkor|[from]lockedmove
|-immune|p2a: Falkor
|move|p2a: Falkor|Thunderbolt|p1a: Dragapult
|-resisted|p1a: Dragapult
|-end|p1a: Dragapult|Substitute
|-damage|p2a: Falkor|91/100|[from] item: Life Orb
|
|-heal|p1a: Dragapult|81/100|[from] item: Leftovers
|upkeep
|turn|8
|
|t:|1643699011
|switch|p2a: Gorra|Hatterene, F, shiny|100/100
|move|p1a: Dragapult|Substitute|p1a: Dragapult
|-start|p1a: Dragapult|Substitute
|-damage|p1a: Dragapult|57/100
|
|-heal|p1a: Dragapult|63/100|[from] item: Leftovers
|upkeep
|turn|9
|
|t:|1643699020
|move|p1a: Dragapult|Phantom Force||[still]
|-prepare|p1a: Dragapult|Phantom Force
|move|p2a: Gorra|Trick Room|p2a: Gorra
|-fieldstart|move: Trick Room|[of] p2a: Gorra
|
|-heal|p1a: Dragapult|69/100|[from] item: Leftovers
|upkeep
|turn|10
|j| Nah Fuck Psystrike
|
|t:|1643699027
|switch|p2a: Falkor|Drampa, M|91/100
|move|p1a: Dragapult|Phantom Force|p2a: Falkor|[from]lockedmove
|-immune|p2a: Falkor
|
|-heal|p1a: Dragapult|75/100|[from] item: Leftovers
|upkeep
|turn|11
|
|t:|1643699039
|move|p2a: Falkor|Thunderbolt|p1a: Dragapult
|-resisted|p1a: Dragapult
|-end|p1a: Dragapult|Substitute
|-damage|p2a: Falkor|81/100|[from] item: Life Orb
|move|p1a: Dragapult|Substitute|p1a: Dragapult
|-start|p1a: Dragapult|Substitute
|-damage|p1a: Dragapult|50/100
|
|-heal|p1a: Dragapult|56/100|[from] item: Leftovers
|upkeep
|turn|12
|
|t:|1643699054
|switch|p2a: Thorns|Ferrothorn, M|100/100
|move|p1a: Dragapult|Substitute|p1a: Dragapult
|-fail|p1a: Dragapult|move: Substitute
|
|-heal|p1a: Dragapult|62/100|[from] item: Leftovers
|upkeep
|turn|13
|
|t:|1643699069
|move|p2a: Thorns|Gyro Ball|p1a: Dragapult
|-end|p1a: Dragapult|Substitute
|move|p1a: Dragapult|Dragon Dance|p1a: Dragapult
|-boost|p1a: Dragapult|atk|1
|-boost|p1a: Dragapult|spe|1
|
|-heal|p1a: Dragapult|69/100|[from] item: Leftovers
|-fieldend|move: Trick Room
|upkeep
|turn|14
|
|t:|1643699084
|move|p1a: Dragapult|Substitute|p1a: Dragapult
|-start|p1a: Dragapult|Substitute
|-damage|p1a: Dragapult|44/100
|move|p2a: Thorns|Gyro Ball|p1a: Dragapult
|-end|p1a: Dragapult|Substitute
|
|-heal|p1a: Dragapult|50/100|[from] item: Leftovers
|upkeep
|turn|15
|
|t:|1643699097
|move|p1a: Dragapult|Substitute|p1a: Dragapult
|-start|p1a: Dragapult|Substitute
|-damage|p1a: Dragapult|25/100
|move|p2a: Thorns|Gyro Ball|p1a: Dragapult
|-end|p1a: Dragapult|Substitute
|
|-heal|p1a: Dragapult|31/100|[from] item: Leftovers
|upkeep
|turn|16
|
|t:|1643699108
|move|p1a: Dragapult|Phantom Force||[still]
|-prepare|p1a: Dragapult|Phantom Force
|move|p2a: Thorns|Gyro Ball|p1a: Dragapult|[miss]
|-miss|p2a: Thorns|p1a: Dragapult
|
|-heal|p1a: Dragapult|37/100|[from] item: Leftovers
|upkeep
|turn|17
|
|t:|1643699115
|move|p1a: Dragapult|Phantom Force|p2a: Thorns|[from]lockedmove
|-crit|p2a: Thorns
|-damage|p2a: Thorns|0 fnt
|-damage|p1a: Dragapult|25/100|[from] ability: Iron Barbs|[of] p2a: Thorns
|faint|p2a: Thorns
|
|-heal|p1a: Dragapult|31/100|[from] item: Leftovers
|upkeep
|c|☆Sombra Diurna|come on!!!
|
|t:|1643699128
|switch|p2a: Gorra|Hatterene, F, shiny|100/100
|turn|18
|
|t:|1643699137
|move|p1a: Dragapult|Substitute|p1a: Dragapult
|-start|p1a: Dragapult|Substitute
|-damage|p1a: Dragapult|6/100
|move|p2a: Gorra|Trick Room|p2a: Gorra
|-fieldstart|move: Trick Room|[of] p2a: Gorra
|
|-heal|p1a: Dragapult|12/100|[from] item: Leftovers
|upkeep
|turn|19
|
|t:|1643699146
|move|p2a: Gorra|Draining Kiss|p1a: Dragapult
|-supereffective|p1a: Dragapult
|-end|p1a: Dragapult|Substitute
|move|p1a: Dragapult|Phantom Force||[still]
|-prepare|p1a: Dragapult|Phantom Force
|
|-heal|p1a: Dragapult|18/100|[from] item: Leftovers
|upkeep
|turn|20
|
|t:|1643699154
|switch|p2a: Falkor|Drampa, M|81/100
|move|p1a: Dragapult|Phantom Force|p2a: Falkor|[from]lockedmove
|-immune|p2a: Falkor
|
|-heal|p1a: Dragapult|25/100|[from] item: Leftovers
|upkeep
|turn|21
|
|t:|1643699178
|move|p2a: Falkor|Thunderbolt|p1a: Dragapult
|-resisted|p1a: Dragapult
|-damage|p1a: Dragapult|0 fnt
|faint|p1a: Dragapult
|-damage|p2a: Falkor|71/100|[from] item: Life Orb
|
|upkeep
|
|t:|1643699187
|switch|p1a: Suicune|Suicune|100/100
|-damage|p1a: Suicune|88/100|[from] Stealth Rock
|-ability|p1a: Suicune|Pressure
|turn|22
|
|t:|1643699197
|switch|p1a: Garchomp|Garchomp, F|100/100
|-damage|p1a: Garchomp|94/100|[from] Stealth Rock
|move|p2a: Falkor|Thunderbolt|p1a: Garchomp
|-immune|p1a: Garchomp
|
|-fieldend|move: Trick Room
|upkeep
|turn|23
|
|t:|1643699207
|move|p1a: Garchomp|Earthquake|p2a: Falkor
|-damage|p2a: Falkor|23/100
|-ability|p2a: Falkor|Berserk|boost
|-boost|p2a: Falkor|spa|1
|move|p2a: Falkor|Hyper Voice|p1a: Garchomp
|-damage|p1a: Garchomp|0 fnt
|faint|p1a: Garchomp
|-damage|p2a: Falkor|13/100|[from] item: Life Orb
|
|upkeep
|
|t:|1643699218
|switch|p1a: Mandibuzz|Mandibuzz, F|39/100
|turn|24
|
|t:|1643699230
|switch|p2a: Gorra|Hatterene, F, shiny|100/100
|move|p1a: Mandibuzz|Defog|p2a: Gorra
|move|p2a: Gorra|Defog|p1a: Mandibuzz|[from]ability: Magic Bounce
|-unboost|p1a: Mandibuzz|evasion|1
|-sideend|p1: federish|Stealth Rock|[from] move: Defog|[of] p2a: Gorra
|
|upkeep
|turn|25
|
|t:|1643699244
|move|p1a: Mandibuzz|U-turn|p2a: Gorra
|-damage|p2a: Gorra|88/100
|
|t:|1643699248
|switch|p1a: Suicune|Suicune|88/100|[from]move: U-turn
|-ability|p1a: Suicune|Pressure
|move|p2a: Gorra|Trick Room|p2a: Gorra
|-fieldstart|move: Trick Room|[of] p2a: Gorra
|
|-heal|p1a: Suicune|94/100|[from] item: Leftovers
|upkeep
|turn|26
|
|t:|1643699258
|switch|p2a: Falkor|Drampa, M|13/100
|move|p1a: Suicune|Substitute|p1a: Suicune
|-start|p1a: Suicune|Substitute
|-damage|p1a: Suicune|69/100
|
|-heal|p1a: Suicune|75/100|[from] item: Leftovers
|upkeep
|turn|27
|
|t:|1643699269
|move|p2a: Falkor|Roost|p2a: Falkor
|-heal|p2a: Falkor|63/100
|-singleturn|p2a: Falkor|move: Roost
|move|p1a: Suicune|Calm Mind|p1a: Suicune
|-boost|p1a: Suicune|spa|1
|-boost|p1a: Suicune|spd|1
|
|-heal|p1a: Suicune|82/100|[from] item: Leftovers
|upkeep
|turn|28
|
|t:|1643699281
|move|p2a: Falkor|Thunderbolt|p1a: Suicune
|-supereffective|p1a: Suicune
|-end|p1a: Suicune|Substitute
|-damage|p2a: Falkor|53/100|[from] item: Life Orb
|move|p1a: Suicune|Calm Mind|p1a: Suicune
|-boost|p1a: Suicune|spa|1
|-boost|p1a: Suicune|spd|1
|
|-heal|p1a: Suicune|88/100|[from] item: Leftovers
|upkeep
|turn|29
|
|t:|1643699292
|move|p1a: Suicune|Protect|p1a: Suicune
|-singleturn|p1a: Suicune|Protect
|move|p2a: Falkor|Thunderbolt|p1a: Suicune
|-activate|p1a: Suicune|move: Protect
|
|-heal|p1a: Suicune|94/100|[from] item: Leftovers
|-fieldend|move: Trick Room
|upkeep
|turn|30
|
|t:|1643699301
|move|p1a: Suicune|Calm Mind|p1a: Suicune
|-boost|p1a: Suicune|spa|1
|-boost|p1a: Suicune|spd|1
|move|p2a: Falkor|Thunderbolt|p1a: Suicune
|-supereffective|p1a: Suicune
|-damage|p1a: Suicune|66/100
|-damage|p2a: Falkor|43/100|[from] item: Life Orb
|
|-heal|p1a: Suicune|73/100|[from] item: Leftovers
|upkeep
|turn|31
|j| Vfyvf7by8
|
|t:|1643699311
|move|p1a: Suicune|Calm Mind|p1a: Suicune
|-boost|p1a: Suicune|spa|1
|-boost|p1a: Suicune|spd|1
|move|p2a: Falkor|Thunderbolt|p1a: Suicune
|-supereffective|p1a: Suicune
|-damage|p1a: Suicune|50/100
|-damage|p2a: Falkor|34/100|[from] item: Life Orb
|
|-heal|p1a: Suicune|56/100|[from] item: Leftovers
|upkeep
|turn|32
|c|☆Sombra Diurna|where is my fucking crit>?
|
|t:|1643699328
|move|p1a: Suicune|Substitute|p1a: Suicune
|-start|p1a: Suicune|Substitute
|-damage|p1a: Suicune|31/100
|move|p2a: Falkor|Thunderbolt|p1a: Suicune
|-supereffective|p1a: Suicune
|-activate|p1a: Suicune|move: Substitute|[damage]
|-damage|p2a: Falkor|24/100|[from] item: Life Orb
|
|-heal|p1a: Suicune|37/100|[from] item: Leftovers
|upkeep
|turn|33
|
|t:|1643699338
|move|p1a: Suicune|Scald|p2a: Falkor
|-resisted|p2a: Falkor
|-damage|p2a: Falkor|0 fnt
|faint|p2a: Falkor
|
|-heal|p1a: Suicune|44/100|[from] item: Leftovers
|upkeep
|
|t:|1643699344
|switch|p2a: Sharko|Garchomp, M|96/100
|turn|34
|
|t:|1643699348
|move|p1a: Suicune|Protect|p1a: Suicune
|-singleturn|p1a: Suicune|Protect
|move|p2a: Sharko|Swords Dance|p2a: Sharko
|-boost|p2a: Sharko|atk|2
|
|-heal|p2a: Sharko|100/100|[from] item: Leftovers
|-heal|p1a: Suicune|50/100|[from] item: Leftovers
|upkeep
|turn|35
|
|t:|1643699358
|move|p2a: Sharko|Scale Shot|p1a: Suicune
|-end|p1a: Suicune|Substitute
|-damage|p1a: Suicune|34/100
|-hitcount|p1a: Suicune|2
|-unboost|p2a: Sharko|def|1
|-boost|p2a: Sharko|spe|1
|move|p1a: Suicune|Scald|p2a: Sharko
|-damage|p2a: Sharko|16/100
|
|-heal|p2a: Sharko|22/100|[from] item: Leftovers
|-heal|p1a: Suicune|40/100|[from] item: Leftovers
|upkeep
|turn|36
|c|☆Sombra Diurna|lol
|
|t:|1643699380
|switch|p1a: Mandibuzz|Mandibuzz, F|39/100
|move|p2a: Sharko|Earthquake|p1a: Mandibuzz
|-immune|p1a: Mandibuzz
|
|-heal|p2a: Sharko|28/100|[from] item: Leftovers
|upkeep
|turn|37
|
|t:|1643699388
|move|p2a: Sharko|Scale Shot|p1a: Mandibuzz
|-damage|p1a: Mandibuzz|19/100
|-damage|p1a: Mandibuzz|0 fnt
|faint|p1a: Mandibuzz
|-hitcount|p1: Mandibuzz|2
|-unboost|p2a: Sharko|def|1
|-boost|p2a: Sharko|spe|1
|
|-heal|p2a: Sharko|34/100|[from] item: Leftovers
|upkeep
|j| AdamPi
|
|t:|1643699399
|switch|p1a: Ferrothorn|Ferrothorn, F|100/100
|turn|38
|
|t:|1643699404
|switch|p2a: Gorra|Hatterene, F, shiny|88/100
|move|p1a: Ferrothorn|Knock Off|p2a: Gorra
|-damage|p2a: Gorra|63/100
|-enditem|p2a: Gorra|Kasib Berry|[from] move: Knock Off|[of] p1a: Ferrothorn
|
|upkeep
|turn|39
|
|t:|1643699416
|move|p2a: Gorra|Mystical Fire|p1a: Ferrothorn
|-supereffective|p1a: Ferrothorn
|-damage|p1a: Ferrothorn|40/100
|-unboost|p1a: Ferrothorn|spa|1
|move|p1a: Ferrothorn|Gyro Ball|p2a: Gorra
|-supereffective|p2a: Gorra
|-damage|p2a: Gorra|29/100
|
|-heal|p1a: Ferrothorn|46/100|[from] item: Leftovers
|upkeep
|turn|40
|
|t:|1643699434
|switch|p1a: Weezing|Weezing-Galar, M|100/100
|-ability|p1a: Weezing|Neutralizing Gas
|move|p2a: Gorra|Healing Wish|p2a: Gorra
|faint|p2a: Gorra
|
|upkeep
|
|t:|1643699440
|switch|p2a: Sharko|Garchomp, M|34/100
|-heal|p2a: Sharko|100/100|[from] move: Healing Wish
|turn|41
|
|t:|1643699446
|switch|p2a: Billy B.|Marowak-Alola, M, shiny|100/100
|move|p1a: Weezing|Will-O-Wisp|p2a: Billy B.|[miss]
|-miss|p1a: Weezing|p2a: Billy B.
|
|upkeep
|turn|42
|
|t:|1643699459
|move|p1a: Weezing|Sludge Bomb|p2a: Billy B.
|-resisted|p2a: Billy B.
|-damage|p2a: Billy B.|85/100
|-status|p2a: Billy B.|psn
|move|p2a: Billy B.|Poltergeist|p1a: Weezing
|-activate|p1a: Weezing|move: Poltergeist|Black Sludge
|-damage|p1a: Weezing|25/100
|
|-heal|p1a: Weezing|31/100|[from] item: Black Sludge
|-damage|p2a: Billy B.|72/100 psn|[from] psn
|upkeep
|turn|43
|
|t:|1643699473
|-end|p1a: Weezing|ability: Neutralizing Gas
|switch|p1a: Suicune|Suicune|40/100
|-ability|p1a: Suicune|Pressure
|move|p2a: Billy B.|Flare Blitz|p1a: Suicune
|-resisted|p1a: Suicune
|-damage|p1a: Suicune|11/100
|
|-heal|p1a: Suicune|17/100|[from] item: Leftovers
|-damage|p2a: Billy B.|60/100 psn|[from] psn
|upkeep
|turn|44
|
|t:|1643699487
|move|p1a: Suicune|Scald|p2a: Billy B.
|-supereffective|p2a: Billy B.
|-damage|p2a: Billy B.|0 fnt
|faint|p2a: Billy B.
|
|-heal|p1a: Suicune|23/100|[from] item: Leftovers
|upkeep
|
|t:|1643699493
|switch|p2a: Sharko|Garchomp, M|100/100
|turn|45
|
|t:|1643699497
|move|p2a: Sharko|Earthquake|p1a: Suicune
|-crit|p1a: Suicune
|-damage|p1a: Suicune|0 fnt
|faint|p1a: Suicune
|
|upkeep
|
|t:|1643699503
|switch|p1a: Ferrothorn|Ferrothorn, F|46/100
|turn|46
|
|t:|1643699507
|move|p2a: Sharko|Swords Dance|p2a: Sharko
|-boost|p2a: Sharko|atk|2
|move|p1a: Ferrothorn|Leech Seed|p2a: Sharko
|-start|p2a: Sharko|move: Leech Seed
|
|-heal|p1a: Ferrothorn|52/100|[from] item: Leftovers
|-damage|p2a: Sharko|88/100|[from] Leech Seed|[of] p1a: Ferrothorn
|-heal|p1a: Ferrothorn|65/100|[silent]
|upkeep
|turn|47
|
|t:|1643699522
|move|p2a: Sharko|Earthquake|p1a: Ferrothorn
|-damage|p1a: Ferrothorn|0 fnt
|faint|p1a: Ferrothorn
|
|-heal|p2a: Sharko|94/100|[from] item: Leftovers
|upkeep
|-message|federish forfeited.
|
|win|Sombra Diurna
|raw|federish's rating: 1836 &rarr; <strong>1810</strong><br />(-26 for losing)
|raw|Sombra Diurna's rating: 1731 &rarr; <strong>1757</strong><br />(+26 for winning)
|l|☆federish
|l| Nah Fuck Psystrike
