|j|☆8balljacketguy
|j|☆Chihuahua2
|t:|1636617298
|gametype|singles
|player|p1|8balljacketguy|red|1427
|player|p2|Chihuahua2|clair|1426
|teamsize|p1|6
|teamsize|p2|6
|gen|8
|tier|[Gen 8] OU
|rated|
|rule|Sleep Clause Mod: Limit one foe put to sleep
|rule|Species Clause: Limit one of each Pokémon
|rule|OHKO Clause: OHKO moves are banned
|rule|Evasion Moves Clause: Evasion moves are banned
|rule|Endless Battle Clause: Forcing endless battles is banned
|rule|HP Percentage Mod: HP is shown in percentages
|rule|Dynamax Clause: You cannot dynamax
|clearpoke
|poke|p1|Kyurem|
|poke|p1|Tornadus-Therian, M|
|poke|p1|Heatran, M|
|poke|p1|Volcarona, M|
|poke|p1|Zapdos-Galar|
|poke|p1|Ferrothorn, M|
|poke|p2|Tornadus-Therian, M|
|poke|p2|Hippowdon, M|
|poke|p2|Chansey, F|
|poke|p2|Garchomp, F|
|poke|p2|Mew|
|poke|p2|Clefable, F|
|teampreview
|inactive|Battle timer is ON: inactive players will automatically lose when time's up. (requested by 8balljacketguy)
|
|t:|1636617314
|start
|switch|p1a: Tornadus|Tornadus-Therian, M|100/100
|switch|p2a: Clefable|Clefable, F|100/100
|turn|1
|
|t:|1636617319
|move|p1a: Tornadus|Taunt|p2a: Clefable
|-start|p2a: Clefable|move: Taunt
|move|p2a: Clefable|Moonblast|p1a: Tornadus
|-damage|p1a: Tornadus|63/100
|
|upkeep
|turn|2
|
|t:|1636617326
|move|p1a: Tornadus|U-turn|p2a: Clefable
|-resisted|p2a: Clefable
|-damage|p2a: Clefable|93/100
|
|t:|1636617328
|switch|p1a: Heatran|Heatran, M|100/100|[from]move: U-turn
|move|p2a: Clefable|Knock Off|p1a: Heatran
|-damage|p1a: Heatran|86/100
|-enditem|p1a: Heatran|Leftovers|[from] move: Knock Off|[of] p2a: Clefable
|
|-heal|p2a: Clefable|99/100|[from] item: Leftovers
|upkeep
|turn|3
|
|t:|1636617340
|switch|p2a: Hippowdon|Hippowdon, M|100/100
|-weather|Sandstorm|[from] ability: Sand Stream|[of] p2a: Hippowdon
|move|p1a: Heatran|Magma Storm|p2a: Hippowdon
|-damage|p2a: Hippowdon|54/100
|-activate|p2a: Hippowdon|move: Magma Storm|[of] p1a: Heatran
|
|-weather|Sandstorm|[upkeep]
|-heal|p2a: Hippowdon|60/100|[from] item: Leftovers
|-damage|p2a: Hippowdon|48/100|[from] move: Magma Storm|[partiallytrapped]
|upkeep
|turn|4
|
|t:|1636617352
|switch|p1a: Tornadus|Tornadus-Therian, M|96/100
|move|p2a: Hippowdon|Earthquake|p1a: Tornadus
|-immune|p1a: Tornadus
|
|-weather|Sandstorm|[upkeep]
|-damage|p1a: Tornadus|90/100|[from] Sandstorm
|-heal|p2a: Hippowdon|54/100|[from] item: Leftovers
|-end|p2a: Hippowdon|Magma Storm|[partiallytrapped]|[silent]
|upkeep
|turn|5
|
|t:|1636617365
|switch|p2a: Garchomp|Garchomp, F|100/100
|move|p1a: Tornadus|Taunt|p2a: Garchomp
|-start|p2a: Garchomp|move: Taunt
|
|-weather|Sandstorm|[upkeep]
|-damage|p1a: Tornadus|84/100|[from] Sandstorm
|upkeep
|turn|6
|
|t:|1636617376
|switch|p1a: Ferrothorn|Ferrothorn, M|100/100
|move|p2a: Garchomp|Stone Edge|p1a: Ferrothorn
|-resisted|p1a: Ferrothorn
|-damage|p1a: Ferrothorn|87/100
|-damage|p2a: Garchomp|91/100|[from] item: Life Orb
|
|-weather|Sandstorm|[upkeep]
|upkeep
|turn|7
|
|t:|1636617385
|switch|p2a: Tornadus|Tornadus-Therian, M|100/100
|move|p1a: Ferrothorn|Leech Seed|p2a: Tornadus
|-start|p2a: Tornadus|move: Leech Seed
|
|-weather|none
|-damage|p2a: Tornadus|88/100|[from] Leech Seed|[of] p1a: Ferrothorn
|-heal|p1a: Ferrothorn|98/100|[silent]
|upkeep
|turn|8
|
|t:|1636617393
|switch|p2a: Garchomp|Garchomp, F|91/100
|switch|p1a: Heatran|Heatran, M|86/100
|
|upkeep
|turn|9
|
|t:|1636617401
|switch|p1a: Tornadus|Tornadus-Therian, M|100/100
|move|p2a: Garchomp|Swords Dance|p2a: Garchomp
|-boost|p2a: Garchomp|atk|2
|
|upkeep
|turn|10
|
|t:|1636617411
|move|p1a: Tornadus|U-turn|p2a: Garchomp
|-damage|p2a: Garchomp|76/100
|-damage|p1a: Tornadus|88/100|[from] ability: Rough Skin|[of] p2a: Garchomp
|
|t:|1636617417
|switch|p1a: Ferrothorn|Ferrothorn, M|98/100|[from]move: U-turn
|move|p2a: Garchomp|Stone Edge|p1a: Ferrothorn
|-resisted|p1a: Ferrothorn
|-damage|p1a: Ferrothorn|71/100
|-damage|p2a: Garchomp|66/100|[from] item: Life Orb
|
|upkeep
|turn|11
|
|t:|1636617421
|move|p2a: Garchomp|Substitute|p2a: Garchomp
|-start|p2a: Garchomp|Substitute
|-damage|p2a: Garchomp|41/100
|move|p1a: Ferrothorn|Leech Seed||[still]
|-fail|p1a: Ferrothorn
|
|upkeep
|turn|12
|
|t:|1636617430
|move|p2a: Garchomp|Earthquake|p1a: Ferrothorn
|-damage|p1a: Ferrothorn|0 fnt
|faint|p1a: Ferrothorn
|-damage|p2a: Garchomp|32/100|[from] item: Life Orb
|
|upkeep
|
|t:|1636617435
|switch|p1a: Kyurem|Kyurem|100/100
|-ability|p1a: Kyurem|Pressure
|turn|13
|
|t:|1636617441
|move|p1a: Kyurem|Freeze-Dry|p2a: Garchomp
|-supereffective|p2a: Garchomp
|-end|p2a: Garchomp|Substitute
|move|p2a: Garchomp|Stone Edge|p1a: Kyurem|[miss]
|-miss|p2a: Garchomp|p1a: Kyurem
|
|upkeep
|turn|14
|
|t:|1636617449
|switch|p2a: Chansey|Chansey, F, shiny|100/100
|move|p1a: Kyurem|Freeze-Dry|p2a: Chansey
|-damage|p2a: Chansey|89/100
|
|upkeep
|turn|15
|
|t:|1636617455
|switch|p1a: Tornadus|Tornadus-Therian, M|100/100
|move|p2a: Chansey|Seismic Toss|p1a: Tornadus
|-damage|p1a: Tornadus|67/100
|
|upkeep
|turn|16
|
|t:|1636617460
|move|p1a: Tornadus|Knock Off|p2a: Chansey
|-damage|p2a: Chansey|77/100
|-enditem|p2a: Chansey|Eviolite|[from] move: Knock Off|[of] p1a: Tornadus
|move|p2a: Chansey|Seismic Toss|p1a: Tornadus
|-damage|p1a: Tornadus|34/100
|
|upkeep
|turn|17
|
|t:|1636617468
|move|p1a: Tornadus|U-turn|p2a: Chansey
|-damage|p2a: Chansey|64/100
|
|t:|1636617472
|switch|p1a: Zapdos|Zapdos-Galar|100/100|[from]move: U-turn
|move|p2a: Chansey|Thunder Wave|p1a: Zapdos
|-status|p1a: Zapdos|par
|
|upkeep
|turn|18
|
|t:|1636617481
|switch|p2a: Hippowdon|Hippowdon, M|54/100
|-weather|Sandstorm|[from] ability: Sand Stream|[of] p2a: Hippowdon
|move|p1a: Zapdos|U-turn|p2a: Hippowdon
|-damage|p2a: Hippowdon|35/100
|
|t:|1636617484
|switch|p1a: Kyurem|Kyurem|100/100|[from]move: U-turn
|-ability|p1a: Kyurem|Pressure
|
|-weather|Sandstorm|[upkeep]
|-damage|p1a: Kyurem|94/100|[from] Sandstorm
|-heal|p2a: Hippowdon|41/100|[from] item: Leftovers
|upkeep
|turn|19
|
|t:|1636617489
|switch|p1a: Zapdos|Zapdos-Galar|100/100 par
|move|p2a: Hippowdon|Toxic||[still]
|-fail|p2a: Hippowdon
|
|-weather|Sandstorm|[upkeep]
|-damage|p1a: Zapdos|94/100 par|[from] Sandstorm
|-heal|p2a: Hippowdon|47/100|[from] item: Leftovers
|upkeep
|turn|20
|
|t:|1636617494
|move|p1a: Zapdos|Close Combat|p2a: Hippowdon
|-damage|p2a: Hippowdon|0 fnt
|-unboost|p1a: Zapdos|def|1
|-unboost|p1a: Zapdos|spd|1
|faint|p2a: Hippowdon
|
|-weather|Sandstorm|[upkeep]
|-damage|p1a: Zapdos|88/100 par|[from] Sandstorm
|upkeep
|
|t:|1636617504
|switch|p2a: Garchomp|Garchomp, F|32/100
|turn|21
|
|t:|1636617509
|move|p2a: Garchomp|Stone Edge|p1a: Zapdos
|-damage|p1a: Zapdos|15/100 par
|-damage|p2a: Garchomp|22/100|[from] item: Life Orb
|move|p1a: Zapdos|Close Combat|p2a: Garchomp
|-damage|p2a: Garchomp|0 fnt
|-unboost|p1a: Zapdos|def|1
|-unboost|p1a: Zapdos|spd|1
|-damage|p1a: Zapdos|2/100 par|[from] ability: Rough Skin|[of] p2a: Garchomp
|faint|p2a: Garchomp
|
|-weather|Sandstorm|[upkeep]
|-damage|p1a: Zapdos|0 fnt|[from] Sandstorm
|faint|p1a: Zapdos
|upkeep
|
|t:|1636617521
|switch|p2a: Clefable|Clefable, F|99/100
|switch|p1a: Tornadus|Tornadus-Therian, M|67/100
|turn|22
|
|t:|1636617529
|move|p1a: Tornadus|Taunt|p2a: Clefable
|-start|p2a: Clefable|move: Taunt
|move|p2a: Clefable|Moonblast|p1a: Tornadus
|-damage|p1a: Tornadus|29/100
|
|-weather|none
|-heal|p2a: Clefable|100/100|[from] item: Leftovers
|upkeep
|turn|23
|
|t:|1636617535
|move|p1a: Tornadus|U-turn|p2a: Clefable
|-resisted|p2a: Clefable
|-damage|p2a: Clefable|92/100
|
|t:|1636617537
|switch|p1a: Heatran|Heatran, M|86/100|[from]move: U-turn
|move|p2a: Clefable|Moonblast|p1a: Heatran
|-resisted|p1a: Heatran
|-crit|p1a: Heatran
|-damage|p1a: Heatran|78/100
|
|-heal|p2a: Clefable|98/100|[from] item: Leftovers
|upkeep
|turn|24
|
|t:|1636617544
|switch|p2a: Chansey|Chansey, F, shiny|64/100
|move|p1a: Heatran|Magma Storm|p2a: Chansey
|-damage|p2a: Chansey|43/100
|-activate|p2a: Chansey|move: Magma Storm|[of] p1a: Heatran
|
|-damage|p2a: Chansey|31/100|[from] move: Magma Storm|[partiallytrapped]
|upkeep
|turn|25
|
|t:|1636617546
|move|p1a: Heatran|Taunt|p2a: Chansey
|-start|p2a: Chansey|move: Taunt
|cant|p2a: Chansey|move: Taunt|Soft-Boiled
|
|-damage|p2a: Chansey|19/100|[from] move: Magma Storm|[partiallytrapped]
|upkeep
|turn|26
|
|t:|1636617549
|move|p1a: Heatran|Earth Power|p2a: Chansey
|-damage|p2a: Chansey|6/100
|move|p2a: Chansey|Seismic Toss|p1a: Heatran
|-damage|p1a: Heatran|52/100
|
|-damage|p2a: Chansey|0 fnt|[from] move: Magma Storm|[partiallytrapped]
|faint|p2a: Chansey
|upkeep
|
|t:|1636617554
|switch|p2a: Tornadus|Tornadus-Therian, M|100/100
|turn|27
|
|t:|1636617562
|switch|p1a: Tornadus|Tornadus-Therian, M|62/100
|move|p2a: Tornadus|Nasty Plot|p2a: Tornadus
|-boost|p2a: Tornadus|spa|2
|
|upkeep
|turn|28
|
|t:|1636617567
|move|p2a: Tornadus|Heat Wave|p1a: Tornadus
|-damage|p1a: Tornadus|0 fnt
|faint|p1a: Tornadus
|
|upkeep
|
|t:|1636617575
|switch|p1a: Kyurem|Kyurem|94/100
|-ability|p1a: Kyurem|Pressure
|turn|29
|
|t:|1636617591
|move|p1a: Kyurem|Freeze-Dry|p2a: Tornadus
|-supereffective|p2a: Tornadus
|-damage|p2a: Tornadus|16/100
|move|p2a: Tornadus|Hurricane|p1a: Kyurem|[miss]
|-miss|p2a: Tornadus|p1a: Kyurem
|
|upkeep
|turn|30
|
|t:|1636617598
|switch|p2a: Clefable|Clefable, F|98/100
|move|p1a: Kyurem|Freeze-Dry|p2a: Clefable
|-crit|p2a: Clefable
|-damage|p2a: Clefable|60/100
|
|-heal|p2a: Clefable|66/100|[from] item: Leftovers
|upkeep
|turn|31
|
|t:|1636617603
|switch|p1a: Heatran|Heatran, M|52/100
|move|p2a: Clefable|Moonblast|p1a: Heatran
|-resisted|p1a: Heatran
|-damage|p1a: Heatran|47/100
|
|-heal|p2a: Clefable|72/100|[from] item: Leftovers
|upkeep
|turn|32
|
|t:|1636617610
|move|p1a: Heatran|Magma Storm|p2a: Clefable|[miss]
|-miss|p1a: Heatran|p2a: Clefable
|move|p2a: Clefable|Moonblast|p1a: Heatran
|-resisted|p1a: Heatran
|-damage|p1a: Heatran|42/100
|
|-heal|p2a: Clefable|78/100|[from] item: Leftovers
|upkeep
|turn|33
|
|t:|1636617615
|move|p1a: Heatran|Magma Storm|p2a: Clefable
|-damage|p2a: Clefable|49/100
|-activate|p2a: Clefable|move: Magma Storm|[of] p1a: Heatran
|move|p2a: Clefable|Moonblast|p1a: Heatran
|-resisted|p1a: Heatran
|-damage|p1a: Heatran|38/100
|
|-heal|p2a: Clefable|55/100|[from] item: Leftovers
|upkeep
|turn|34
|
|t:|1636617618
|move|p1a: Heatran|Taunt|p2a: Clefable
|-start|p2a: Clefable|move: Taunt
|move|p2a: Clefable|Moonblast|p1a: Heatran
|-resisted|p1a: Heatran
|-damage|p1a: Heatran|33/100
|
|-heal|p2a: Clefable|61/100|[from] item: Leftovers
|upkeep
|turn|35
|
|t:|1636617620
|move|p1a: Heatran|Earth Power|p2a: Clefable
|-damage|p2a: Clefable|42/100
|move|p2a: Clefable|Moonblast|p1a: Heatran
|-resisted|p1a: Heatran
|-damage|p1a: Heatran|28/100
|-unboost|p1a: Heatran|spa|1
|
|-heal|p2a: Clefable|48/100|[from] item: Leftovers
|upkeep
|turn|36
|
|t:|1636617623
|move|p1a: Heatran|Magma Storm|p2a: Clefable|[miss]
|-miss|p1a: Heatran|p2a: Clefable
|move|p2a: Clefable|Moonblast|p1a: Heatran
|-resisted|p1a: Heatran
|-damage|p1a: Heatran|23/100
|-unboost|p1a: Heatran|spa|1
|
|-heal|p2a: Clefable|54/100|[from] item: Leftovers
|-end|p2a: Clefable|move: Taunt
|upkeep
|turn|37
|
|t:|1636617626
|move|p1a: Heatran|Taunt|p2a: Clefable
|-start|p2a: Clefable|move: Taunt
|move|p2a: Clefable|Moonblast|p1a: Heatran
|-resisted|p1a: Heatran
|-damage|p1a: Heatran|18/100
|
|-heal|p2a: Clefable|60/100|[from] item: Leftovers
|upkeep
|turn|38
|
|t:|1636617628
|move|p1a: Heatran|Magma Storm|p2a: Clefable
|-damage|p2a: Clefable|47/100
|move|p2a: Clefable|Moonblast|p1a: Heatran
|-resisted|p1a: Heatran
|-damage|p1a: Heatran|13/100
|-unboost|p1a: Heatran|spa|1
|
|-heal|p2a: Clefable|53/100|[from] item: Leftovers
|-end|p2a: Clefable|Magma Storm|[partiallytrapped]
|upkeep
|turn|39
|
|t:|1636617644
|switch|p1a: Volcarona|Volcarona, M|100/100
|move|p2a: Clefable|Moonblast|p1a: Volcarona
|-resisted|p1a: Volcarona
|-damage|p1a: Volcarona|87/100
|
|-heal|p2a: Clefable|59/100|[from] item: Leftovers
|-end|p2a: Clefable|move: Taunt
|upkeep
|turn|40
|
|t:|1636617649
|move|p1a: Volcarona|Quiver Dance|p1a: Volcarona
|-boost|p1a: Volcarona|spa|1
|-boost|p1a: Volcarona|spd|1
|-boost|p1a: Volcarona|spe|1
|move|p2a: Clefable|Mystical Fire|p1a: Volcarona
|-damage|p1a: Volcarona|77/100
|-unboost|p1a: Volcarona|spa|1
|
|-heal|p2a: Clefable|65/100|[from] item: Leftovers
|upkeep
|turn|41
|
|t:|1636617651
|move|p1a: Volcarona|Quiver Dance|p1a: Volcarona
|-boost|p1a: Volcarona|spa|1
|-boost|p1a: Volcarona|spd|1
|-boost|p1a: Volcarona|spe|1
|move|p2a: Clefable|Mystical Fire|p1a: Volcarona
|-damage|p1a: Volcarona|69/100
|-unboost|p1a: Volcarona|spa|1
|
|-heal|p2a: Clefable|71/100|[from] item: Leftovers
|upkeep
|turn|42
|
|t:|1636617653
|move|p1a: Volcarona|Quiver Dance|p1a: Volcarona
|-boost|p1a: Volcarona|spa|1
|-boost|p1a: Volcarona|spd|1
|-boost|p1a: Volcarona|spe|1
|move|p2a: Clefable|Mystical Fire|p1a: Volcarona
|-damage|p1a: Volcarona|64/100
|-unboost|p1a: Volcarona|spa|1
|
|-heal|p2a: Clefable|77/100|[from] item: Leftovers
|upkeep
|turn|43
|
|t:|1636617656
|move|p1a: Volcarona|Quiver Dance|p1a: Volcarona
|-boost|p1a: Volcarona|spa|1
|-boost|p1a: Volcarona|spd|1
|-boost|p1a: Volcarona|spe|1
|move|p2a: Clefable|Mystical Fire|p1a: Volcarona
|-damage|p1a: Volcarona|58/100
|-unboost|p1a: Volcarona|spa|1
|
|-heal|p2a: Clefable|83/100|[from] item: Leftovers
|upkeep
|turn|44
|
|t:|1636617658
|move|p1a: Volcarona|Quiver Dance|p1a: Volcarona
|-boost|p1a: Volcarona|spa|1
|-boost|p1a: Volcarona|spd|1
|-boost|p1a: Volcarona|spe|1
|move|p2a: Clefable|Mystical Fire|p1a: Volcarona
|-damage|p1a: Volcarona|54/100
|-unboost|p1a: Volcarona|spa|1
|
|-heal|p2a: Clefable|89/100|[from] item: Leftovers
|upkeep
|turn|45
|
|t:|1636617660
|move|p1a: Volcarona|Quiver Dance|p1a: Volcarona
|-boost|p1a: Volcarona|spa|1
|-boost|p1a: Volcarona|spd|1
|-boost|p1a: Volcarona|spe|1
|move|p2a: Clefable|Mystical Fire|p1a: Volcarona
|-crit|p1a: Volcarona
|-damage|p1a: Volcarona|29/100
|-unboost|p1a: Volcarona|spa|1
|
|-heal|p2a: Clefable|95/100|[from] item: Leftovers
|upkeep
|turn|46
|
|t:|1636617664
|move|p1a: Volcarona|Roost|p1a: Volcarona
|-heal|p1a: Volcarona|79/100
|-singleturn|p1a: Volcarona|move: Roost
|move|p2a: Clefable|Mystical Fire|p1a: Volcarona
|-damage|p1a: Volcarona|75/100
|-unboost|p1a: Volcarona|spa|1
|
|-heal|p2a: Clefable|100/100|[from] item: Leftovers
|upkeep
|turn|47
|
|t:|1636617669
|move|p1a: Volcarona|Quiver Dance|p1a: Volcarona
|-boost|p1a: Volcarona|spa|1
|-boost|p1a: Volcarona|spd|0
|-boost|p1a: Volcarona|spe|0
|move|p2a: Clefable|Knock Off|p1a: Volcarona
|-damage|p1a: Volcarona|58/100
|-enditem|p1a: Volcarona|Heavy-Duty Boots|[from] move: Knock Off|[of] p2a: Clefable
|
|upkeep
|turn|48
|
|t:|1636617673
|move|p1a: Volcarona|Roost|p1a: Volcarona
|-heal|p1a: Volcarona|100/100
|-singleturn|p1a: Volcarona|move: Roost
|move|p2a: Clefable|Mystical Fire|p1a: Volcarona
|-damage|p1a: Volcarona|96/100
|-unboost|p1a: Volcarona|spa|1
|
|upkeep
|turn|49
|
|t:|1636617676
|move|p1a: Volcarona|Quiver Dance|p1a: Volcarona
|-boost|p1a: Volcarona|spa|1
|-boost|p1a: Volcarona|spd|0
|-boost|p1a: Volcarona|spe|0
|move|p2a: Clefable|Mystical Fire|p1a: Volcarona
|-damage|p1a: Volcarona|92/100
|-unboost|p1a: Volcarona|spa|1
|
|upkeep
|turn|50
|
|t:|1636617678
|move|p1a: Volcarona|Quiver Dance|p1a: Volcarona
|-boost|p1a: Volcarona|spa|1
|-boost|p1a: Volcarona|spd|0
|-boost|p1a: Volcarona|spe|0
|move|p2a: Clefable|Mystical Fire|p1a: Volcarona
|-damage|p1a: Volcarona|88/100
|-unboost|p1a: Volcarona|spa|1
|
|upkeep
|turn|51
|
|t:|1636617684
|switch|p2a: Mew|Mew|100/100
|move|p1a: Volcarona|Quiver Dance|p1a: Volcarona
|-boost|p1a: Volcarona|spa|1
|-boost|p1a: Volcarona|spd|0
|-boost|p1a: Volcarona|spe|0
|
|upkeep
|turn|52
|
|t:|1636617689
|move|p1a: Volcarona|Quiver Dance|p1a: Volcarona
|-boost|p1a: Volcarona|spa|1
|-boost|p1a: Volcarona|spd|0
|-boost|p1a: Volcarona|spe|0
|move|p2a: Mew|Cosmic Power|p2a: Mew
|-boost|p2a: Mew|def|1
|-boost|p2a: Mew|spd|1
|
|upkeep
|turn|53
|
|t:|1636617692
|move|p1a: Volcarona|Fiery Dance|p2a: Mew
|-damage|p2a: Mew|73/100
|-boost|p1a: Volcarona|spa|1
|move|p2a: Mew|Cosmic Power|p2a: Mew
|-boost|p2a: Mew|def|1
|-boost|p2a: Mew|spd|1
|
|upkeep
|turn|54
|
|t:|1636617695
|move|p1a: Volcarona|Fiery Dance|p2a: Mew
|-damage|p2a: Mew|44/100
|-boost|p1a: Volcarona|spa|1
|move|p2a: Mew|Cosmic Power|p2a: Mew
|-boost|p2a: Mew|def|1
|-boost|p2a: Mew|spd|1
|
|upkeep
|turn|55
|
|t:|1636617698
|move|p1a: Volcarona|Fiery Dance|p2a: Mew
|-damage|p2a: Mew|15/100
|move|p2a: Mew|Roost|p2a: Mew
|-heal|p2a: Mew|65/100
|-singleturn|p2a: Mew|move: Roost
|
|upkeep
|turn|56
|
|t:|1636617700
|move|p1a: Volcarona|Fiery Dance|p2a: Mew
|-damage|p2a: Mew|36/100
|move|p2a: Mew|Roost|p2a: Mew
|-heal|p2a: Mew|86/100
|-singleturn|p2a: Mew|move: Roost
|
|upkeep
|turn|57
|
|t:|1636617702
|move|p1a: Volcarona|Fiery Dance|p2a: Mew
|-damage|p2a: Mew|56/100
|move|p2a: Mew|Cosmic Power|p2a: Mew
|-boost|p2a: Mew|def|1
|-boost|p2a: Mew|spd|1
|
|upkeep
|turn|58
|
|t:|1636617705
|move|p1a: Volcarona|Fiery Dance|p2a: Mew
|-damage|p2a: Mew|32/100
|move|p2a: Mew|Roost|p2a: Mew
|-heal|p2a: Mew|82/100
|-singleturn|p2a: Mew|move: Roost
|
|upkeep
|turn|59
|
|t:|1636617707
|move|p1a: Volcarona|Fiery Dance|p2a: Mew
|-damage|p2a: Mew|58/100
|move|p2a: Mew|Cosmic Power|p2a: Mew
|-boost|p2a: Mew|def|1
|-boost|p2a: Mew|spd|1
|
|upkeep
|turn|60
|
|t:|1636617709
|move|p1a: Volcarona|Quiver Dance|p1a: Volcarona
|-boost|p1a: Volcarona|spa|1
|-boost|p1a: Volcarona|spd|0
|-boost|p1a: Volcarona|spe|0
|move|p2a: Mew|Roost|p2a: Mew
|-heal|p2a: Mew|100/100
|-singleturn|p2a: Mew|move: Roost
|
|upkeep
|turn|61
|
|t:|1636617712
|move|p1a: Volcarona|Quiver Dance|p1a: Volcarona
|-boost|p1a: Volcarona|spa|1
|-boost|p1a: Volcarona|spd|0
|-boost|p1a: Volcarona|spe|0
|move|p2a: Mew|Cosmic Power|p2a: Mew
|-boost|p2a: Mew|def|1
|-boost|p2a: Mew|spd|1
|
|upkeep
|turn|62
|
|t:|1636617717
|move|p1a: Volcarona|Quiver Dance|p1a: Volcarona
|-boost|p1a: Volcarona|spa|1
|-boost|p1a: Volcarona|spd|0
|-boost|p1a: Volcarona|spe|0
|move|p2a: Mew|Stored Power|p1a: Volcarona
|-damage|p1a: Volcarona|69/100
|
|upkeep
|turn|63
|
|t:|1636617719
|move|p1a: Volcarona|Roost|p1a: Volcarona
|-heal|p1a: Volcarona|100/100
|-singleturn|p1a: Volcarona|move: Roost
|move|p2a: Mew|Body Press|p1a: Volcarona
|-resisted|p1a: Volcarona
|-damage|p1a: Volcarona|52/100
|
|upkeep
|turn|64
|
|t:|1636617725
|move|p1a: Volcarona|Roost|p1a: Volcarona
|-heal|p1a: Volcarona|100/100
|-singleturn|p1a: Volcarona|move: Roost
|move|p2a: Mew|Body Press|p1a: Volcarona
|-resisted|p1a: Volcarona
|-damage|p1a: Volcarona|55/100
|
|upkeep
|turn|65
|
|t:|1636617729
|move|p1a: Volcarona|Roost|p1a: Volcarona
|-heal|p1a: Volcarona|100/100
|-singleturn|p1a: Volcarona|move: Roost
|move|p2a: Mew|Stored Power|p1a: Volcarona
|-damage|p1a: Volcarona|82/100
|
|upkeep
|turn|66
|
|t:|1636617732
|move|p1a: Volcarona|Roost|p1a: Volcarona
|-heal|p1a: Volcarona|100/100
|-singleturn|p1a: Volcarona|move: Roost
|move|p2a: Mew|Body Press|p1a: Volcarona
|-resisted|p1a: Volcarona
|-damage|p1a: Volcarona|53/100
|
|upkeep
|turn|67
|
|t:|1636617739
|move|p1a: Volcarona|Roost|p1a: Volcarona
|-heal|p1a: Volcarona|100/100
|-singleturn|p1a: Volcarona|move: Roost
|move|p2a: Mew|Stored Power|p1a: Volcarona
|-damage|p1a: Volcarona|80/100
|
|upkeep
|turn|68
|
|t:|1636617742
|move|p1a: Volcarona|Roost|p1a: Volcarona
|-heal|p1a: Volcarona|100/100
|-singleturn|p1a: Volcarona|move: Roost
|move|p2a: Mew|Body Press|p1a: Volcarona
|-resisted|p1a: Volcarona
|-damage|p1a: Volcarona|54/100
|
|upkeep
|turn|69
|
|t:|1636617748
|move|p1a: Volcarona|Roost|p1a: Volcarona
|-heal|p1a: Volcarona|100/100
|-singleturn|p1a: Volcarona|move: Roost
|move|p2a: Mew|Stored Power|p1a: Volcarona
|-damage|p1a: Volcarona|80/100
|
|upkeep
|turn|70
|
|t:|1636617751
|move|p1a: Volcarona|Fiery Dance|p2a: Mew
|-damage|p2a: Mew|72/100
|move|p2a: Mew|Body Press|p1a: Volcarona
|-resisted|p1a: Volcarona
|-damage|p1a: Volcarona|35/100
|
|upkeep
|turn|71
|
|t:|1636617758
|move|p1a: Volcarona|Roost|p1a: Volcarona
|-heal|p1a: Volcarona|85/100
|-singleturn|p1a: Volcarona|move: Roost
|move|p2a: Mew|Roost|p2a: Mew
|-heal|p2a: Mew|100/100
|-singleturn|p2a: Mew|move: Roost
|
|upkeep
|turn|72
|
|t:|1636617761
|move|p1a: Volcarona|Psychic|p2a: Mew
|-resisted|p2a: Mew
|-damage|p2a: Mew|89/100
|move|p2a: Mew|Stored Power|p1a: Volcarona
|-damage|p1a: Volcarona|64/100
|
|upkeep
|turn|73
|
|t:|1636617764
|move|p1a: Volcarona|Psychic|p2a: Mew
|-resisted|p2a: Mew
|-damage|p2a: Mew|78/100
|move|p2a: Mew|Stored Power|p1a: Volcarona
|-damage|p1a: Volcarona|46/100
|
|upkeep
|turn|74
|
|t:|1636617766
|move|p1a: Volcarona|Roost|p1a: Volcarona
|-heal|p1a: Volcarona|96/100
|-singleturn|p1a: Volcarona|move: Roost
|move|p2a: Mew|Stored Power|p1a: Volcarona
|-damage|p1a: Volcarona|76/100
|
|upkeep
|turn|75
|
|t:|1636617769
|move|p1a: Volcarona|Psychic|p2a: Mew
|-resisted|p2a: Mew
|-damage|p2a: Mew|67/100
|move|p2a: Mew|Stored Power|p1a: Volcarona
|-damage|p1a: Volcarona|56/100
|
|upkeep
|turn|76
|
|t:|1636617771
|move|p1a: Volcarona|Psychic|p2a: Mew
|-resisted|p2a: Mew
|-damage|p2a: Mew|55/100
|move|p2a: Mew|Stored Power|p1a: Volcarona
|-damage|p1a: Volcarona|38/100
|
|upkeep
|turn|77
|
|t:|1636617776
|move|p1a: Volcarona|Roost|p1a: Volcarona
|-heal|p1a: Volcarona|88/100
|-singleturn|p1a: Volcarona|move: Roost
|move|p2a: Mew|Roost|p2a: Mew
|-heal|p2a: Mew|100/100
|-singleturn|p2a: Mew|move: Roost
|
|upkeep
|turn|78
|
|t:|1636617780
|move|p1a: Volcarona|Psychic|p2a: Mew
|-resisted|p2a: Mew
|-damage|p2a: Mew|89/100
|move|p2a: Mew|Stored Power|p1a: Volcarona
|-damage|p1a: Volcarona|69/100
|
|upkeep
|turn|79
|
|t:|1636617789
|move|p1a: Volcarona|Quiver Dance|p1a: Volcarona
|-boost|p1a: Volcarona|spa|0
|-boost|p1a: Volcarona|spd|0
|-boost|p1a: Volcarona|spe|0
|move|p2a: Mew|Stored Power|p1a: Volcarona
|-damage|p1a: Volcarona|48/100
|
|upkeep
|turn|80
|
|t:|1636617793
|move|p1a: Volcarona|Quiver Dance|p1a: Volcarona
|-boost|p1a: Volcarona|spa|0
|-boost|p1a: Volcarona|spd|0
|-boost|p1a: Volcarona|spe|0
|move|p2a: Mew|Body Press|p1a: Volcarona
|-resisted|p1a: Volcarona
|-damage|p1a: Volcarona|2/100
|
|upkeep
|turn|81
|
|t:|1636617800
|move|p1a: Volcarona|Roost|p1a: Volcarona
|-heal|p1a: Volcarona|53/100
|-singleturn|p1a: Volcarona|move: Roost
|move|p2a: Mew|Stored Power|p1a: Volcarona
|-damage|p1a: Volcarona|32/100
|
|upkeep
|turn|82
|
|t:|1636617806
|move|p1a: Volcarona|Roost|p1a: Volcarona
|-heal|p1a: Volcarona|83/100
|-singleturn|p1a: Volcarona|move: Roost
|move|p2a: Mew|Body Press|p1a: Volcarona
|-resisted|p1a: Volcarona
|-damage|p1a: Volcarona|35/100
|
|upkeep
|turn|83
|
|t:|1636617813
|move|p1a: Volcarona|Fiery Dance|p2a: Mew
|-damage|p2a: Mew|57/100
|move|p2a: Mew|Stored Power|p1a: Volcarona
|-damage|p1a: Volcarona|13/100
|
|upkeep
|turn|84
|
|t:|1636617816
|move|p1a: Volcarona|Roost|p1a: Volcarona
|-heal|p1a: Volcarona|64/100
|-singleturn|p1a: Volcarona|move: Roost
|move|p2a: Mew|Roost|p2a: Mew
|-heal|p2a: Mew|100/100
|-singleturn|p2a: Mew|move: Roost
|
|upkeep
|turn|85
|
|t:|1636617820
|move|p1a: Volcarona|Fiery Dance|p2a: Mew
|-crit|p2a: Mew
|-damage|p2a: Mew|0 fnt
|faint|p2a: Mew
|
|upkeep
|c|☆Chihuahua2|Wtf
|c|☆8balljacketguy|Haha
|c|☆Chihuahua2|Holy
|c|☆8balljacketguy|8 ball
|c|☆8balljacketguy|Come to ny
|c|☆8balljacketguy|I show u how we fo
|c|☆Chihuahua2|gg
|c|☆8balljacketguy|Do
|c|☆8balljacketguy|Gg
|inactive|Chihuahua2 has 120 seconds left.
|-message|Chihuahua2 forfeited.
|
|win|8balljacketguy
|raw|8balljacketguy's rating: 1427 &rarr; <strong>1447</strong><br />(+20 for winning)
|raw|Chihuahua2's rating: 1426 &rarr; <strong>1406</strong><br />(-20 for losing)
