|j|☆mnkw
|j|☆GaijinEagle
|t:|1596565365
|player|p1|mnkw|265|1165
|player|p2|GaijinEagle|102|1159
|teamsize|p1|6
|teamsize|p2|6
|gametype|singles
|gen|8
|tier|[Gen 8] OU
|rated|
|html|<div class="broadcast-blue"><strong>OU is currently suspecting Magearna! For information on how to participate check out the <a href="https://www.smogon.com/forums/threads/3667669/">suspect thread</a>.</strong></div>
|clearpoke
|poke|p1|Milotic, M|
|poke|p1|Bisharp, M|
|poke|p1|Hawlucha, M|
|poke|p1|Chansey, F|
|poke|p1|Umbreon, F|
|poke|p1|Magearna|
|poke|p2|Shuckle, F|
|poke|p2|Urshifu-*, M|
|poke|p2|Weavile, F|
|poke|p2|Alakazam, M|
|poke|p2|Cinderace, F|
|poke|p2|Conkeldurr, M|
|rule|Sleep Clause Mod: Limit one foe put to sleep
|rule|Species Clause: Limit one of each Pokémon
|rule|OHKO Clause: OHKO moves are banned
|rule|Evasion Moves Clause: Evasion moves are banned
|rule|Endless Battle Clause: Forcing endless battles is banned
|rule|HP Percentage Mod: HP is shown in percentages
|rule|Dynamax Clause: You cannot dynamax
|teampreview
|inactive|Battle timer is ON: inactive players will automatically lose when time's up. (requested by GaijinEagle)
|inactive|GaijinEagle has 120 seconds left.
|inactiveoff|Battle timer is now OFF.
|
|t:|1596565405
|start
|switch|p1a: Umbreon|Umbreon, F, shiny|100/100
|switch|p2a: Shuckle|Shuckle, F|100/100
|turn|1
|
|t:|1596565420
|move|p1a: Umbreon|Toxic|p2a: Shuckle
|-status|p2a: Shuckle|tox
|move|p2a: Shuckle|Sticky Web|p1a: Umbreon
|-sidestart|p1: mnkw|move: Sticky Web
|
|-damage|p2a: Shuckle|94/100 tox|[from] psn
|upkeep
|turn|2
|
|t:|1596565442
|switch|p1a: Bisharp|Bisharp, M|100/100
|-activate|p1a: Bisharp|move: Sticky Web
|-unboost|p1a: Bisharp|spe|1
|-ability|p1a: Bisharp|Defiant
|-boost|p1a: Bisharp|atk|2
|move|p2a: Shuckle|Stealth Rock|p1a: Bisharp
|-sidestart|p1: mnkw|move: Stealth Rock
|
|-damage|p2a: Shuckle|82/100 tox|[from] psn
|upkeep
|turn|3
|inactive|Battle timer is ON: inactive players will automatically lose when time's up. (requested by GaijinEagle)
|
|t:|1596565462
|move|p1a: Bisharp|Swords Dance|p1a: Bisharp
|-boost|p1a: Bisharp|atk|2
|move|p2a: Shuckle|Final Gambit|p1a: Bisharp
|-damage|p1a: Bisharp|27/100
|faint|p2a: Shuckle
|
|upkeep
|
|t:|1596565481
|switch|p2a: Urshifu|Urshifu, M|100/100
|turn|4
|
|t:|1596565492
|move|p2a: Urshifu|Sucker Punch|p1a: Bisharp
|-resisted|p1a: Bisharp
|-damage|p1a: Bisharp|0 fnt
|-damage|p2a: Urshifu|91/100|[from] item: Life Orb
|faint|p1a: Bisharp
|
|upkeep
|
|t:|1596565504
|switch|p1a: Hawlucha|Hawlucha, M|100/100
|-damage|p1a: Hawlucha|88/100|[from] Stealth Rock
|turn|5
|
|t:|1596565521
|move|p1a: Hawlucha|Sky Attack||[still]
|-prepare|p1a: Hawlucha|Sky Attack
|-enditem|p1a: Hawlucha|Power Herb
|-anim|p1a: Hawlucha|Sky Attack|p2a: Urshifu
|-supereffective|p2a: Urshifu
|-damage|p2a: Urshifu|0 fnt
|faint|p2a: Urshifu
|
|upkeep
|
|t:|1596565526
|switch|p2a: Alakazam|Alakazam, M|100/100
|turn|6
|
|t:|1596565539
|move|p1a: Hawlucha|Acrobatics|p2a: Alakazam
|-enditem|p2a: Alakazam|Focus Sash
|-damage|p2a: Alakazam|1/100
|move|p2a: Alakazam|Psychic|p1a: Hawlucha
|-supereffective|p1a: Hawlucha
|-damage|p1a: Hawlucha|0 fnt
|faint|p1a: Hawlucha
|
|upkeep
|
|t:|1596565548
|switch|p1a: Milotic|Milotic, M|100/100
|-activate|p1a: Milotic|move: Sticky Web
|-unboost|p1a: Milotic|spe|1
|-damage|p1a: Milotic|88/100|[from] Stealth Rock
|turn|7
|
|t:|1596565562
|switch|p2a: Conkeldurr|Conkeldurr, M|100/100
|move|p1a: Milotic|Scald|p2a: Conkeldurr
|-damage|p2a: Conkeldurr|60/100
|
|-status|p2a: Conkeldurr|brn|[from] item: Flame Orb
|-status|p1a: Milotic|brn|[from] item: Flame Orb
|upkeep
|turn|8
|
|t:|1596565575
|move|p2a: Conkeldurr|Close Combat|p1a: Milotic
|-damage|p1a: Milotic|19/100 brn
|-unboost|p2a: Conkeldurr|def|1
|-unboost|p2a: Conkeldurr|spd|1
|move|p1a: Milotic|Scald|p2a: Conkeldurr
|-damage|p2a: Conkeldurr|6/100 brn
|
|-damage|p2a: Conkeldurr|0 fnt|[from] brn
|faint|p2a: Conkeldurr
|-damage|p1a: Milotic|12/100 brn|[from] brn
|upkeep
|
|t:|1596565597
|switch|p2a: Cinderace|Cinderace, F|100/100
|turn|9
|
|t:|1596565607
|move|p2a: Cinderace|Zen Headbutt|p1a: Milotic
|-start|p2a: Cinderace|typechange|Psychic|[from] ability: Libero
|-damage|p1a: Milotic|0 fnt
|faint|p1a: Milotic
|
|upkeep
|
|t:|1596565619
|switch|p1a: Chansey|Chansey, F|100/100
|-damage|p1a: Chansey|88/100|[from] Stealth Rock
|-activate|p1a: Chansey|move: Sticky Web
|-unboost|p1a: Chansey|spe|1
|turn|10
|inactive|GaijinEagle has 120 seconds left.
|
|t:|1596565674
|switch|p2a: Weavile|Weavile, F|100/100
|-ability|p2a: Weavile|Pressure
|move|p1a: Chansey|Toxic|p2a: Weavile
|-status|p2a: Weavile|tox
|
|-damage|p2a: Weavile|94/100 tox|[from] psn
|upkeep
|turn|11
|
|t:|1596565695
|move|p2a: Weavile|Triple Axel|p1a: Chansey
|-crit|p1a: Chansey
|-damage|p1a: Chansey|76/100
|-damage|p1a: Chansey|61/100
|-damage|p1a: Chansey|34/100
|-hitcount|p1a: Chansey|3
|-damage|p2a: Weavile|84/100 tox|[from] item: Life Orb
|move|p1a: Chansey|Stealth Rock|p2a: Weavile
|-sidestart|p2: GaijinEagle|move: Stealth Rock
|
|-damage|p2a: Weavile|72/100 tox|[from] psn
|upkeep
|turn|12
|
|t:|1596565714
|move|p2a: Weavile|Knock Off|p1a: Chansey
|-damage|p1a: Chansey|0 fnt
|-enditem|p1a: Chansey|Eviolite|[from] move: Knock Off|[of] p2a: Weavile
|-damage|p2a: Weavile|62/100 tox|[from] item: Life Orb
|faint|p1a: Chansey
|
|-damage|p2a: Weavile|44/100 tox|[from] psn
|upkeep
|
|t:|1596565722
|switch|p1a: Magearna|Magearna|100/100
|-activate|p1a: Magearna|move: Sticky Web
|-unboost|p1a: Magearna|spe|1
|-damage|p1a: Magearna|94/100|[from] Stealth Rock
|turn|13
|inactive|GaijinEagle has 90 seconds left.
|
|t:|1596565750
|move|p2a: Weavile|Knock Off|p1a: Magearna
|-resisted|p1a: Magearna
|-damage|p1a: Magearna|68/100
|-enditem|p1a: Magearna|Assault Vest|[from] move: Knock Off|[of] p2a: Weavile
|-damage|p2a: Weavile|34/100 tox|[from] item: Life Orb
|move|p1a: Magearna|Volt Switch|p2a: Weavile
|-damage|p2a: Weavile|6/100 tox
|inactive|mnkw has 120 seconds left.
|
|t:|1596565793
|switch|p1a: Umbreon|Umbreon, F, shiny|100/100|[from]move: Volt Switch
|-damage|p1a: Umbreon|88/100|[from] Stealth Rock
|-activate|p1a: Umbreon|move: Sticky Web
|-unboost|p1a: Umbreon|spe|1
|
|-heal|p1a: Umbreon|94/100|[from] item: Leftovers
|-damage|p2a: Weavile|0 fnt|[from] psn
|faint|p2a: Weavile
|upkeep
|inactive|GaijinEagle has 90 seconds left.
|
|t:|1596565817
|switch|p2a: Cinderace|Cinderace, F|100/100
|turn|14
|
|t:|1596565837
|move|p2a: Cinderace|Pyro Ball|p1a: Umbreon
|-damage|p1a: Umbreon|60/100
|-status|p1a: Umbreon|brn
|-activate|p1a: Umbreon|ability: Synchronize
|-immune|p2a: Cinderace
|move|p1a: Umbreon|Yawn|p2a: Cinderace
|-start|p2a: Cinderace|move: Yawn|[of] p1a: Umbreon
|
|-heal|p1a: Umbreon|66/100 brn|[from] item: Leftovers
|-damage|p1a: Umbreon|60/100 brn|[from] brn
|upkeep
|turn|15
|
|t:|1596565849
|switch|p2a: Alakazam|Alakazam, M|1/100
|move|p1a: Umbreon|Wish|p1a: Umbreon
|
|-heal|p1a: Umbreon|66/100 brn|[from] item: Leftovers
|-damage|p1a: Umbreon|60/100 brn|[from] brn
|upkeep
|turn|16
|inactive|GaijinEagle has 60 seconds left.
|
|t:|1596565865
|move|p2a: Alakazam|Focus Blast|p1a: Umbreon
|-supereffective|p1a: Umbreon
|-crit|p1a: Umbreon
|-damage|p1a: Umbreon|0 fnt
|faint|p1a: Umbreon
|
|upkeep
|
|t:|1596565870
|switch|p1a: Magearna|Magearna|68/100
|-activate|p1a: Magearna|move: Sticky Web
|-unboost|p1a: Magearna|spe|1
|-damage|p1a: Magearna|62/100|[from] Stealth Rock
|turn|17
|
|t:|1596565878
|move|p2a: Alakazam|Focus Blast|p1a: Magearna
|-damage|p1a: Magearna|36/100
|move|p1a: Magearna|Volt Switch|p2a: Alakazam
|-damage|p2a: Alakazam|0 fnt
|faint|p2a: Alakazam
|-ability|p1a: Magearna|Soul-Heart|boost
|-boost|p1a: Magearna|spa|1
|
|upkeep
|
|t:|1596565882
|switch|p2a: Cinderace|Cinderace, F|100/100
|turn|18
|inactive|mnkw has 120 seconds left.
|
|t:|1596565897
|move|p2a: Cinderace|Pyro Ball|p1a: Magearna|[miss]
|-miss|p2a: Cinderace|p1a: Magearna
|move|p1a: Magearna|Fleur Cannon|p2a: Cinderace
|-resisted|p2a: Cinderace
|-damage|p2a: Cinderace|38/100
|-unboost|p1a: Magearna|spa|2
|
|upkeep
|turn|19
|
|t:|1596565905
|move|p2a: Cinderace|Pyro Ball|p1a: Magearna
|-supereffective|p1a: Magearna
|-damage|p1a: Magearna|0 fnt
|faint|p1a: Magearna
|
|win|GaijinEagle
|c|☆GaijinEagle|gg
|c|☆mnkw|gg
|l|☆mnkw
||Ladder (probably) updated, but score could not be retrieved (Request timeout).
