|j|☆Libaa
|j|☆Candice
|t:|1650099324
|gametype|singles
|player|p1|Libaa|bianca-pwt|1625
|player|p2|Candice|madame-gen4dp|1629
|teamsize|p1|6
|teamsize|p2|6
|gen|8
|tier|[Gen 8] OU
|rated|
|rule|Sleep Clause Mod: Limit one foe put to sleep
|rule|Species Clause: Limit one of each Pokémon
|rule|OHKO Clause: OHKO moves are banned
|rule|Evasion Moves Clause: Evasion moves are banned
|rule|Endless Battle Clause: Forcing endless battles is banned
|rule|HP Percentage Mod: HP is shown in percentages
|rule|Dynamax Clause: You cannot dynamax
|clearpoke
|poke|p1|Hatterene, F|
|poke|p1|Thundurus-Therian, M|
|poke|p1|Toxapex, M|
|poke|p1|Blissey, F|
|poke|p1|Landorus-Therian, M|
|poke|p1|Victini|
|poke|p2|Landorus-Therian, M|
|poke|p2|Buzzwole|
|poke|p2|Dragapult, F|
|poke|p2|Hydreigon, F|
|poke|p2|Suicune|
|poke|p2|Heatran, F|
|teampreview
|
|t:|1650099345
|start
|switch|p1a: Landorus|Landorus-Therian, M|100/100
|switch|p2a: Heatran|Heatran, F|100/100
|-ability|p1a: Landorus|Intimidate|boost
|-unboost|p2a: Heatran|atk|1
|turn|1
|j| Go b4 it gets dark
|
|t:|1650099352
|switch|p2a: Dragapult|Dragapult, F|100/100
|move|p1a: Landorus|Earthquake|p2a: Dragapult
|-damage|p2a: Dragapult|31/100
|
|-heal|p2a: Dragapult|37/100|[from] item: Leftovers
|upkeep
|turn|2
|
|t:|1650099355
|switch|p2a: Landorus|Landorus-Therian, M|100/100
|-ability|p2a: Landorus|Intimidate|boost
|-unboost|p1a: Landorus|atk|1
|switch|p1a: Blissey|Blissey, F|100/100
|
|upkeep
|turn|3
|
|t:|1650099363
|switch|p1a: Hatterene|Hatterene, F|100/100
|move|p2a: Landorus|Knock Off|p1a: Hatterene
|-damage|p1a: Hatterene|75/100
|-enditem|p1a: Hatterene|Leftovers|[from] move: Knock Off|[of] p2a: Landorus
|
|upkeep
|turn|4
|
|t:|1650099366
|move|p2a: Landorus|U-turn|p1a: Hatterene
|-damage|p1a: Hatterene|56/100
|
|t:|1650099368
|switch|p2a: Heatran|Heatran, F|100/100|[from]move: U-turn
|move|p1a: Hatterene|Draining Kiss|p2a: Heatran
|-resisted|p2a: Heatran
|-damage|p2a: Heatran|97/100
|-heal|p1a: Hatterene|59/100|[from] drain|[of] p2a: Heatran
|
|-heal|p2a: Heatran|100/100|[from] item: Leftovers
|upkeep
|turn|5
|
|t:|1650099372
|switch|p1a: Victini|Victini|100/100
|move|p2a: Heatran|Magma Storm|p1a: Victini
|-resisted|p1a: Victini
|-damage|p1a: Victini|80/100
|-activate|p1a: Victini|move: Magma Storm|[of] p2a: Heatran
|
|-damage|p1a: Victini|67/100|[from] move: Magma Storm|[partiallytrapped]
|upkeep
|turn|6
|
|t:|1650099377
|switch|p2a: Landorus|Landorus-Therian, M|100/100
|-ability|p2a: Landorus|Intimidate|boost
|-unboost|p1a: Victini|atk|1
|move|p1a: Victini|Trick|p2a: Landorus
|-activate|p1a: Victini|move: Trick|[of] p2a: Landorus
|-item|p2a: Landorus|Choice Scarf|[from] move: Trick
|-item|p1a: Victini|Leftovers|[from] move: Trick
|
|-heal|p1a: Victini|74/100|[from] item: Leftovers
|-end|p1a: Victini|Magma Storm|[partiallytrapped]|[silent]
|upkeep
|turn|7
|
|t:|1650099382
|switch|p1a: Hatterene|Hatterene, F|59/100
|move|p2a: Landorus|U-turn|p1a: Hatterene
|-damage|p1a: Hatterene|39/100
|
|t:|1650099386
|switch|p2a: Heatran|Heatran, F|100/100|[from]move: U-turn
|
|upkeep
|turn|8
|
|t:|1650099388
|switch|p1a: Landorus|Landorus-Therian, M|100/100
|-ability|p1a: Landorus|Intimidate|boost
|-unboost|p2a: Heatran|atk|1
|move|p2a: Heatran|Magma Storm|p1a: Landorus
|-damage|p1a: Landorus|67/100
|-activate|p1a: Landorus|move: Magma Storm|[of] p2a: Heatran
|
|-heal|p1a: Landorus|73/100|[from] item: Leftovers
|-damage|p1a: Landorus|60/100|[from] move: Magma Storm|[partiallytrapped]
|upkeep
|turn|9
|j| Gooderbye
|
|t:|1650099397
|switch|p2a: Landorus|Landorus-Therian, M|100/100
|-ability|p2a: Landorus|Intimidate|boost
|-unboost|p1a: Landorus|atk|1
|move|p1a: Landorus|Earthquake|p2a: Landorus
|-immune|p2a: Landorus
|
|-heal|p1a: Landorus|66/100|[from] item: Leftovers
|-end|p1a: Landorus|Magma Storm|[partiallytrapped]|[silent]
|upkeep
|turn|10
|
|t:|1650099409
|switch|p1a: Hatterene|Hatterene, F|39/100
|move|p2a: Landorus|Knock Off|p1a: Hatterene
|-crit|p1a: Hatterene
|-damage|p1a: Hatterene|12/100
|
|upkeep
|turn|11
|inactive|Battle timer is ON: inactive players will automatically lose when time's up. (requested by Libaa)
|inactive|Candice has 120 seconds left.
|
|t:|1650099477
|switch|p1a: Blissey|Blissey, F|100/100
|move|p2a: Landorus|Knock Off|p1a: Blissey
|-damage|p1a: Blissey|73/100
|-enditem|p1a: Blissey|Iron Ball|[from] move: Knock Off|[of] p2a: Landorus
|
|upkeep
|turn|12
|
|t:|1650099488
|switch|p2a: Heatran|Heatran, F|100/100
|move|p1a: Blissey|Teleport|p1a: Blissey
|
|t:|1650099491
|switch|p1a: Landorus|Landorus-Therian, M|66/100|[from]move: Teleport
|-ability|p1a: Landorus|Intimidate|boost
|-unboost|p2a: Heatran|atk|1
|
|-heal|p1a: Landorus|72/100|[from] item: Leftovers
|upkeep
|turn|13
|
|t:|1650099494
|move|p2a: Heatran|Magma Storm|p1a: Landorus|[miss]
|-miss|p2a: Heatran|p1a: Landorus
|move|p1a: Landorus|Earthquake|p2a: Heatran
|-supereffective|p2a: Heatran
|-damage|p2a: Heatran|0 fnt
|faint|p2a: Heatran
|
|-heal|p1a: Landorus|79/100|[from] item: Leftovers
|upkeep
|
|t:|1650099501
|switch|p2a: Buzzwole|Buzzwole|100/100
|turn|14
|
|t:|1650099503
|switch|p1a: Toxapex|Toxapex, M|100/100
|move|p2a: Buzzwole|Ice Punch|p1a: Toxapex
|-resisted|p1a: Toxapex
|-damage|p1a: Toxapex|94/100
|-damage|p2a: Buzzwole|84/100|[from] item: Rocky Helmet|[of] p1a: Toxapex
|
|upkeep
|turn|15
|
|t:|1650099511
|move|p2a: Buzzwole|Earthquake|p1a: Toxapex
|-supereffective|p1a: Toxapex
|-damage|p1a: Toxapex|53/100
|move|p1a: Toxapex|Scald|p2a: Buzzwole
|-damage|p2a: Buzzwole|61/100
|
|upkeep
|turn|16
|
|t:|1650099515
|switch|p2a: Dragapult|Dragapult, F|37/100
|move|p1a: Toxapex|Recover|p1a: Toxapex
|-heal|p1a: Toxapex|100/100
|
|-heal|p2a: Dragapult|43/100|[from] item: Leftovers
|upkeep
|turn|17
|
|t:|1650099518
|move|p2a: Dragapult|Substitute|p2a: Dragapult
|-start|p2a: Dragapult|Substitute
|-damage|p2a: Dragapult|18/100
|move|p1a: Toxapex|Scald|p2a: Dragapult
|-resisted|p2a: Dragapult
|-activate|p2a: Dragapult|move: Substitute|[damage]
|
|-heal|p2a: Dragapult|24/100|[from] item: Leftovers
|upkeep
|turn|18
|
|t:|1650099522
|move|p2a: Dragapult|Will-O-Wisp|p1a: Toxapex|[miss]
|-miss|p2a: Dragapult|p1a: Toxapex
|move|p1a: Toxapex|Haze|p1a: Toxapex
|-clearallboost
|
|-heal|p2a: Dragapult|30/100|[from] item: Leftovers
|upkeep
|turn|19
|
|t:|1650099525
|switch|p1a: Blissey|Blissey, F|73/100
|move|p2a: Dragapult|Will-O-Wisp|p1a: Blissey
|-status|p1a: Blissey|brn
|
|-heal|p2a: Dragapult|36/100|[from] item: Leftovers
|-damage|p1a: Blissey|67/100 brn|[from] brn
|upkeep
|turn|20
|
|t:|1650099532
|switch|p2a: Buzzwole|Buzzwole|61/100
|move|p1a: Blissey|Soft-Boiled|p1a: Blissey
|-heal|p1a: Blissey|100/100 brn
|
|-damage|p1a: Blissey|94/100 brn|[from] brn
|upkeep
|turn|21
|
|t:|1650099544
|-curestatus|p1a: Blissey|brn|[from] ability: Natural Cure
|switch|p1a: Toxapex|Toxapex, M|100/100
|move|p2a: Buzzwole|Close Combat|p1a: Toxapex
|-resisted|p1a: Toxapex
|-damage|p1a: Toxapex|81/100
|-unboost|p2a: Buzzwole|def|1
|-unboost|p2a: Buzzwole|spd|1
|-damage|p2a: Buzzwole|44/100|[from] item: Rocky Helmet|[of] p1a: Toxapex
|
|upkeep
|turn|22
|
|t:|1650099549
|switch|p2a: Hydreigon|Hydreigon, F|100/100
|move|p1a: Toxapex|Scald|p2a: Hydreigon
|-resisted|p2a: Hydreigon
|-damage|p2a: Hydreigon|91/100
|
|-heal|p2a: Hydreigon|97/100|[from] item: Leftovers
|upkeep
|turn|23
|
|t:|1650099555
|switch|p1a: Blissey|Blissey, F|94/100
|move|p2a: Hydreigon|Thunder Wave|p1a: Blissey
|-status|p1a: Blissey|par
|
|-heal|p2a: Hydreigon|100/100|[from] item: Leftovers
|upkeep
|turn|24
|
|t:|1650099558
|move|p2a: Hydreigon|Substitute|p2a: Hydreigon
|-start|p2a: Hydreigon|Substitute
|-damage|p2a: Hydreigon|76/100
|move|p1a: Blissey|Toxic||[still]
|-fail|p1a: Blissey
|
|-heal|p2a: Hydreigon|82/100|[from] item: Leftovers
|upkeep
|turn|25
|
|t:|1650099560
|move|p2a: Hydreigon|Nasty Plot|p2a: Hydreigon
|-boost|p2a: Hydreigon|spa|2
|cant|p1a: Blissey|par
|
|-heal|p2a: Hydreigon|88/100|[from] item: Leftovers
|upkeep
|turn|26
|
|t:|1650099562
|move|p2a: Hydreigon|Nasty Plot|p2a: Hydreigon
|-boost|p2a: Hydreigon|spa|2
|move|p1a: Blissey|Teleport|p1a: Blissey
|
|t:|1650099566
|-curestatus|p1a: Blissey|par|[from] ability: Natural Cure
|switch|p1a: Victini|Victini|74/100|[from]move: Teleport
|
|-heal|p1a: Victini|80/100|[from] item: Leftovers
|-heal|p2a: Hydreigon|94/100|[from] item: Leftovers
|upkeep
|turn|27
|
|t:|1650099569
|move|p1a: Victini|U-turn|p2a: Hydreigon
|-supereffective|p2a: Hydreigon
|-end|p2a: Hydreigon|Substitute
|
|t:|1650099572
|switch|p1a: Hatterene|Hatterene, F|12/100|[from]move: U-turn
|move|p2a: Hydreigon|Dark Pulse|p1a: Hatterene
|-damage|p1a: Hatterene|0 fnt
|faint|p1a: Hatterene
|
|-heal|p2a: Hydreigon|99/100|[from] item: Leftovers
|upkeep
|
|t:|1650099576
|switch|p1a: Thundurus|Thundurus-Therian, M|100/100
|turn|28
|
|t:|1650099583
|move|p1a: Thundurus|Focus Blast|p2a: Hydreigon
|-supereffective|p2a: Hydreigon
|-damage|p2a: Hydreigon|1/100
|move|p2a: Hydreigon|Dark Pulse|p1a: Thundurus
|-damage|p1a: Thundurus|0 fnt
|faint|p1a: Thundurus
|
|-heal|p2a: Hydreigon|7/100|[from] item: Leftovers
|upkeep
|
|t:|1650099585
|switch|p1a: Victini|Victini|80/100
|turn|29
|
|t:|1650099589
|switch|p2a: Buzzwole|Buzzwole|44/100
|move|p1a: Victini|U-turn|p2a: Buzzwole
|-resisted|p2a: Buzzwole
|-damage|p2a: Buzzwole|38/100
|-damage|p1a: Victini|63/100|[from] item: Rocky Helmet|[of] p2a: Buzzwole
|
|t:|1650099595
|switch|p1a: Landorus|Landorus-Therian, M|79/100|[from]move: U-turn
|-ability|p1a: Landorus|Intimidate|boost
|-unboost|p2a: Buzzwole|atk|1
|
|-heal|p1a: Landorus|85/100|[from] item: Leftovers
|upkeep
|turn|30
|
|t:|1650099601
|switch|p1a: Toxapex|Toxapex, M|100/100
|move|p2a: Buzzwole|Ice Punch|p1a: Toxapex
|-resisted|p1a: Toxapex
|-damage|p1a: Toxapex|96/100
|-damage|p2a: Buzzwole|22/100|[from] item: Rocky Helmet|[of] p1a: Toxapex
|
|upkeep
|turn|31
|l| Go b4 it gets dark
|
|t:|1650099617
|move|p2a: Buzzwole|Roost|p2a: Buzzwole
|-heal|p2a: Buzzwole|72/100
|-singleturn|p2a: Buzzwole|move: Roost
|move|p1a: Toxapex|Scald|p2a: Buzzwole
|-damage|p2a: Buzzwole|48/100
|
|upkeep
|turn|32
|
|t:|1650099626
|switch|p2a: Landorus|Landorus-Therian, M|100/100
|-ability|p2a: Landorus|Intimidate|boost
|-unboost|p1a: Toxapex|atk|1
|move|p1a: Toxapex|Scald|p2a: Landorus
|-supereffective|p2a: Landorus
|-damage|p2a: Landorus|69/100
|-status|p2a: Landorus|brn
|
|-damage|p2a: Landorus|63/100 brn|[from] brn
|upkeep
|turn|33
|
|t:|1650099630
|switch|p1a: Landorus|Landorus-Therian, M|85/100
|-ability|p1a: Landorus|Intimidate|boost
|-unboost|p2a: Landorus|atk|1
|move|p2a: Landorus|Knock Off|p1a: Landorus
|-damage|p1a: Landorus|75/100
|-enditem|p1a: Landorus|Leftovers|[from] move: Knock Off|[of] p2a: Landorus
|
|-damage|p2a: Landorus|57/100 brn|[from] brn
|upkeep
|turn|34
|
|t:|1650099639
|switch|p2a: Hydreigon|Hydreigon, F|7/100
|move|p1a: Landorus|Stealth Rock|p2a: Hydreigon
|-sidestart|p2: Candice|move: Stealth Rock
|
|-heal|p2a: Hydreigon|13/100|[from] item: Leftovers
|upkeep
|turn|35
|
|t:|1650099641
|move|p2a: Hydreigon|Dark Pulse|p1a: Landorus
|-damage|p1a: Landorus|44/100
|move|p1a: Landorus|U-turn|p2a: Hydreigon
|-supereffective|p2a: Hydreigon
|-damage|p2a: Hydreigon|0 fnt
|faint|p2a: Hydreigon
|
|t:|1650099649
|switch|p1a: Victini|Victini|63/100|[from]move: U-turn
|
|-heal|p1a: Victini|69/100|[from] item: Leftovers
|upkeep
|
|t:|1650099666
|switch|p2a: Suicune|Suicune|100/100
|-damage|p2a: Suicune|88/100|[from] Stealth Rock
|-ability|p2a: Suicune|Pressure
|turn|36
|
|t:|1650099670
|move|p1a: Victini|Bolt Strike|p2a: Suicune
|-supereffective|p2a: Suicune
|-damage|p2a: Suicune|28/100
|move|p2a: Suicune|Calm Mind|p2a: Suicune
|-boost|p2a: Suicune|spa|1
|-boost|p2a: Suicune|spd|1
|
|-heal|p1a: Victini|76/100|[from] item: Leftovers
|-heal|p2a: Suicune|34/100|[from] item: Leftovers
|upkeep
|turn|37
|
|t:|1650099677
|move|p2a: Suicune|Protect|p2a: Suicune
|-singleturn|p2a: Suicune|Protect
|move|p1a: Victini|Bolt Strike|p2a: Suicune
|-activate|p2a: Suicune|move: Protect
|
|-heal|p1a: Victini|82/100|[from] item: Leftovers
|-heal|p2a: Suicune|41/100|[from] item: Leftovers
|upkeep
|turn|38
|
|t:|1650099681
|switch|p2a: Landorus|Landorus-Therian, M|57/100 brn
|-damage|p2a: Landorus|44/100 brn|[from] Stealth Rock
|-ability|p2a: Landorus|Intimidate|boost
|-unboost|p1a: Victini|atk|1
|move|p1a: Victini|Bolt Strike|p2a: Landorus
|-immune|p2a: Landorus
|
|-heal|p1a: Victini|88/100|[from] item: Leftovers
|-damage|p2a: Landorus|38/100 brn|[from] brn
|upkeep
|turn|39
|
|t:|1650099685
|switch|p1a: Landorus|Landorus-Therian, M|44/100
|-ability|p1a: Landorus|Intimidate|boost
|-unboost|p2a: Landorus|atk|1
|move|p2a: Landorus|U-turn|p1a: Landorus
|-resisted|p1a: Landorus
|-damage|p1a: Landorus|40/100
|
|t:|1650099693
|switch|p2a: Buzzwole|Buzzwole|48/100|[from]move: U-turn
|-damage|p2a: Buzzwole|36/100|[from] Stealth Rock
|
|upkeep
|turn|40
|
|t:|1650099698
|switch|p1a: Victini|Victini|88/100
|move|p2a: Buzzwole|Roost|p2a: Buzzwole
|-heal|p2a: Buzzwole|86/100
|-singleturn|p2a: Buzzwole|move: Roost
|
|-heal|p1a: Victini|94/100|[from] item: Leftovers
|upkeep
|turn|41
|
|t:|1650099703
|switch|p1a: Toxapex|Toxapex, M|100/100
|switch|p2a: Suicune|Suicune|41/100
|-damage|p2a: Suicune|28/100|[from] Stealth Rock
|-ability|p2a: Suicune|Pressure
|
|-heal|p2a: Suicune|34/100|[from] item: Leftovers
|upkeep
|turn|42
|
|t:|1650099706
|switch|p1a: Victini|Victini|94/100
|move|p2a: Suicune|Substitute|p2a: Suicune
|-start|p2a: Suicune|Substitute
|-damage|p2a: Suicune|9/100
|
|-heal|p1a: Victini|99/100|[from] item: Leftovers
|-heal|p2a: Suicune|16/100|[from] item: Leftovers
|upkeep
|turn|43
|
|t:|1650099711
|move|p2a: Suicune|Protect|p2a: Suicune
|-singleturn|p2a: Suicune|Protect
|move|p1a: Victini|U-turn|p2a: Suicune
|-activate|p2a: Suicune|move: Protect
|
|-heal|p1a: Victini|100/100|[from] item: Leftovers
|-heal|p2a: Suicune|22/100|[from] item: Leftovers
|upkeep
|turn|44
|
|t:|1650099715
|move|p1a: Victini|Bolt Strike|p2a: Suicune
|-supereffective|p2a: Suicune
|-end|p2a: Suicune|Substitute
|move|p2a: Suicune|Calm Mind|p2a: Suicune
|-boost|p2a: Suicune|spa|1
|-boost|p2a: Suicune|spd|1
|
|-heal|p2a: Suicune|28/100|[from] item: Leftovers
|upkeep
|turn|45
|
|t:|1650099718
|move|p2a: Suicune|Protect|p2a: Suicune
|-singleturn|p2a: Suicune|Protect
|move|p1a: Victini|V-create|p2a: Suicune
|-activate|p2a: Suicune|move: Protect
|
|-heal|p2a: Suicune|34/100|[from] item: Leftovers
|upkeep
|turn|46
|
|t:|1650099720
|switch|p2a: Landorus|Landorus-Therian, M|38/100 brn
|-damage|p2a: Landorus|26/100 brn|[from] Stealth Rock
|-ability|p2a: Landorus|Intimidate|boost
|-unboost|p1a: Victini|atk|1
|move|p1a: Victini|Bolt Strike|p2a: Landorus
|-immune|p2a: Landorus
|
|-damage|p2a: Landorus|20/100 brn|[from] brn
|upkeep
|turn|47
|
|t:|1650099732
|switch|p1a: Landorus|Landorus-Therian, M|40/100
|-ability|p1a: Landorus|Intimidate|boost
|-unboost|p2a: Landorus|atk|1
|move|p2a: Landorus|U-turn|p1a: Landorus
|-resisted|p1a: Landorus
|-crit|p1a: Landorus
|-damage|p1a: Landorus|31/100
|
|t:|1650099735
|switch|p2a: Buzzwole|Buzzwole|86/100|[from]move: U-turn
|-damage|p2a: Buzzwole|73/100|[from] Stealth Rock
|
|upkeep
|turn|48
|
|t:|1650099738
|move|p2a: Buzzwole|Earthquake|p1a: Landorus
|-immune|p1a: Landorus
|move|p1a: Landorus|Toxic|p2a: Buzzwole
|-status|p2a: Buzzwole|tox
|
|-damage|p2a: Buzzwole|67/100 tox|[from] psn
|upkeep
|turn|49
|
|t:|1650099743
|switch|p1a: Toxapex|Toxapex, M|100/100
|move|p2a: Buzzwole|Earthquake|p1a: Toxapex
|-supereffective|p1a: Toxapex
|-damage|p1a: Toxapex|58/100
|
|-damage|p2a: Buzzwole|55/100 tox|[from] psn
|upkeep
|turn|50
|
|t:|1650099747
|switch|p2a: Dragapult|Dragapult, F|36/100
|-damage|p2a: Dragapult|24/100|[from] Stealth Rock
|switch|p1a: Landorus|Landorus-Therian, M|31/100
|-ability|p1a: Landorus|Intimidate|boost
|-unboost|p2a: Dragapult|atk|1
|
|-heal|p2a: Dragapult|30/100|[from] item: Leftovers
|upkeep
|turn|51
|
|t:|1650099749
|switch|p1a: Blissey|Blissey, F|94/100
|move|p2a: Dragapult|Draco Meteor|p1a: Blissey
|-damage|p1a: Blissey|73/100
|-unboost|p2a: Dragapult|spa|2
|
|-heal|p2a: Dragapult|36/100|[from] item: Leftovers
|upkeep
|turn|52
|
|t:|1650099758
|switch|p2a: Buzzwole|Buzzwole|55/100 tox
|-damage|p2a: Buzzwole|42/100 tox|[from] Stealth Rock
|move|p1a: Blissey|Teleport|p1a: Blissey
|
|t:|1650099760
|switch|p1a: Victini|Victini|100/100|[from]move: Teleport
|
|-damage|p2a: Buzzwole|36/100 tox|[from] psn
|upkeep
|turn|53
|
|t:|1650099763
|switch|p2a: Suicune|Suicune|34/100
|-damage|p2a: Suicune|22/100|[from] Stealth Rock
|-ability|p2a: Suicune|Pressure
|move|p1a: Victini|V-create|p2a: Suicune
|-resisted|p2a: Suicune
|-damage|p2a: Suicune|0 fnt
|-unboost|p1a: Victini|spe|1
|-unboost|p1a: Victini|def|1
|-unboost|p1a: Victini|spd|1
|faint|p2a: Suicune
|
|upkeep
|
|t:|1650099766
|switch|p2a: Dragapult|Dragapult, F|36/100
|-damage|p2a: Dragapult|24/100|[from] Stealth Rock
|turn|54
|
|t:|1650099771
|switch|p1a: Blissey|Blissey, F|73/100
|move|p2a: Dragapult|Hex|p1a: Blissey
|-immune|p1a: Blissey
|
|-heal|p2a: Dragapult|30/100|[from] item: Leftovers
|upkeep
|turn|55
|-message|Candice forfeited.
|
|win|Libaa
|raw|Libaa's rating: 1625 &rarr; <strong>1645</strong><br />(+20 for winning)
|raw|Candice's rating: 1629 &rarr; <strong>1609</strong><br />(-20 for losing)
|l|☆Candice
|l|☆Libaa
||Ladder isn't responding, score probably updated but might not have (Request timeout).
|l| Gooderbye
|j|☆Libaa
|player|p1|Libaa|bianca-pwt
