|j|☆Lenape
|j|☆Im on fire!
|t:|1595870462
|player|p1|Lenape|266|1857
|player|p2|Im on fire!|firebreather|1841
|teamsize|p1|6
|teamsize|p2|6
|gametype|singles
|gen|8
|tier|[Gen 8] OU
|rated|
|html|<div class="broadcast-blue"><strong>OU is currently suspecting Magearna! For information on how to participate check out the <a href="https://www.smogon.com/forums/threads/3667669/">suspect thread</a>.</strong></div>
|clearpoke
|poke|p1|Cinderace, M|
|poke|p1|Corviknight, M|
|poke|p1|Sylveon, M|
|poke|p1|Rhyperior, F|
|poke|p1|Toxapex, M|
|poke|p1|Umbreon, F|
|poke|p2|Torkoal, M|
|poke|p2|Rotom-Heat|
|poke|p2|Cinderace, F|
|poke|p2|Volcarona, F|
|poke|p2|Ninetales, F|
|poke|p2|Incineroar, F|
|rule|Sleep Clause Mod: Limit one foe put to sleep
|rule|Species Clause: Limit one of each Pokémon
|rule|OHKO Clause: OHKO moves are banned
|rule|Evasion Moves Clause: Evasion moves are banned
|rule|Endless Battle Clause: Forcing endless battles is banned
|rule|HP Percentage Mod: HP is shown in percentages
|rule|Dynamax Clause: You cannot dynamax
|teampreview
|inactive|Battle timer is ON: inactive players will automatically lose when time's up. (requested by Lenape)
|j| Ihavbigbrain
|j| hawk2775
|j| Mitchellenwebb
|j| Chans3y
|j| Arnaud Senju vgc
|j| ryuzakimrl
|c|☆Im on fire!|guys chill this is a lot of pressure
|
|t:|1595870511
|start
|switch|p1a: Rhyperior|Rhyperior, F|100/100
|switch|p2a: Bastet|Incineroar, F|100/100
|-ability|p2a: Bastet|Intimidate|boost
|-unboost|p1a: Rhyperior|atk|1
|turn|1
|
|t:|1595870515
|move|p2a: Bastet|Will-O-Wisp|p1a: Rhyperior|[miss]
|-miss|p2a: Bastet|p1a: Rhyperior
|move|p1a: Rhyperior|Stealth Rock|p2a: Bastet
|-sidestart|p2: Im on fire!|move: Stealth Rock
|
|upkeep
|turn|2
|
|t:|1595870519
|switch|p1a: Toxapex|Toxapex, M|100/100
|move|p2a: Bastet|Will-O-Wisp|p1a: Toxapex
|-status|p1a: Toxapex|brn
|
|-damage|p1a: Toxapex|94/100 brn|[from] brn
|upkeep
|turn|3
|
|t:|1595870521
|move|p2a: Bastet|Knock Off|p1a: Toxapex
|-damage|p1a: Toxapex|71/100 brn
|-enditem|p1a: Toxapex|Black Sludge|[from] move: Knock Off|[of] p2a: Bastet
|move|p1a: Toxapex|Toxic Spikes|p2a: Bastet
|-sidestart|p2: Im on fire!|move: Toxic Spikes
|
|-damage|p1a: Toxapex|65/100 brn|[from] brn
|upkeep
|turn|4
|
|t:|1595870528
|move|p2a: Bastet|Knock Off|p1a: Toxapex
|-damage|p1a: Toxapex|50/100 brn
|move|p1a: Toxapex|Scald|p2a: Bastet
|-supereffective|p2a: Bastet
|-damage|p2a: Bastet|71/100
|
|-damage|p1a: Toxapex|44/100 brn|[from] brn
|upkeep
|turn|5
|
|t:|1595870531
|switch|p2a: Akupara|Torkoal, M|100/100
|-weather|SunnyDay|[from] ability: Drought|[of] p2a: Akupara
|move|p1a: Toxapex|Recover|p1a: Toxapex
|-heal|p1a: Toxapex|94/100 brn
|
|-weather|SunnyDay|[upkeep]
|-damage|p1a: Toxapex|87/100 brn|[from] brn
|upkeep
|turn|6
|
|t:|1595870535
|move|p1a: Toxapex|Scald|p2a: Akupara
|-supereffective|p2a: Akupara
|-damage|p2a: Akupara|79/100
|move|p2a: Akupara|Rapid Spin|p1a: Toxapex
|-damage|p1a: Toxapex|82/100 brn
|-boost|p2a: Akupara|spe|1
|-sideend|p2: Im on fire!|Toxic Spikes|[from] move: Rapid Spin|[of] p2a: Akupara
|-sideend|p2: Im on fire!|Stealth Rock|[from] move: Rapid Spin|[of] p2a: Akupara
|
|-weather|SunnyDay|[upkeep]
|-damage|p1a: Toxapex|76/100 brn|[from] brn
|upkeep
|turn|7
|
|t:|1595870538
|move|p2a: Akupara|Stealth Rock|p1a: Toxapex
|-sidestart|p1: Lenape|move: Stealth Rock
|move|p1a: Toxapex|Toxic Spikes|p2a: Akupara
|-sidestart|p2: Im on fire!|move: Toxic Spikes
|
|-weather|SunnyDay|[upkeep]
|-damage|p1a: Toxapex|70/100 brn|[from] brn
|upkeep
|turn|8
|
|t:|1595870541
|move|p2a: Akupara|Lava Plume|p1a: Toxapex
|-resisted|p1a: Toxapex
|-damage|p1a: Toxapex|54/100 brn
|move|p1a: Toxapex|Toxic Spikes|p2a: Akupara
|-sidestart|p2: Im on fire!|move: Toxic Spikes
|
|-weather|SunnyDay|[upkeep]
|-damage|p1a: Toxapex|48/100 brn|[from] brn
|upkeep
|turn|9
|j| volcarona is bad
|
|t:|1595870548
|move|p2a: Akupara|Rapid Spin|p1a: Toxapex
|-crit|p1a: Toxapex
|-damage|p1a: Toxapex|41/100 brn
|-boost|p2a: Akupara|spe|1
|-sideend|p2: Im on fire!|Toxic Spikes|[from] move: Rapid Spin|[of] p2a: Akupara
|move|p1a: Toxapex|Recover|p1a: Toxapex
|-heal|p1a: Toxapex|91/100 brn
|
|-weather|none
|-damage|p1a: Toxapex|85/100 brn|[from] brn
|upkeep
|turn|10
|
|t:|1595870553
|switch|p2a: Hestia|Cinderace, F|100/100
|switch|p1a: Cinderace|Cinderace, M|100/100
|
|upkeep
|turn|11
|
|t:|1595870556
|move|p2a: Hestia|High Jump Kick|p1a: Cinderace
|-start|p2a: Hestia|typechange|Fighting|[from] ability: Libero
|-damage|p1a: Cinderace|0 fnt
|-damage|p2a: Hestia|91/100|[from] item: Life Orb
|faint|p1a: Cinderace
|
|upkeep
|j| Leo
|l| Leo
|
|t:|1595870563
|switch|p1a: Rhyperior|Rhyperior, F|100/100
|-damage|p1a: Rhyperior|94/100|[from] Stealth Rock
|turn|12
|
|t:|1595870567
|move|p2a: Hestia|High Jump Kick|p1a: Rhyperior
|-supereffective|p1a: Rhyperior
|-damage|p1a: Rhyperior|17/100
|-damage|p2a: Hestia|81/100|[from] item: Life Orb
|move|p1a: Rhyperior|Stealth Rock|p2a: Hestia
|-sidestart|p2: Im on fire!|move: Stealth Rock
|
|-heal|p1a: Rhyperior|23/100|[from] item: Leftovers
|upkeep
|turn|13
|
|t:|1595870576
|switch|p1a: Toxapex|Toxapex, M|100/100 brn
|-damage|p1a: Toxapex|88/100 brn|[from] Stealth Rock
|move|p2a: Hestia|High Jump Kick|p1a: Toxapex
|-resisted|p1a: Toxapex
|-damage|p1a: Toxapex|63/100 brn
|-damage|p2a: Hestia|71/100|[from] item: Life Orb
|
|-damage|p1a: Toxapex|57/100 brn|[from] brn
|upkeep
|turn|14
|
|t:|1595870583
|move|p1a: Toxapex|Baneful Bunker|p1a: Toxapex
|-singleturn|p1a: Toxapex|move: Protect
|move|p2a: Hestia|Electro Ball|p1a: Toxapex
|-start|p2a: Hestia|typechange|Electric|[from] ability: Libero
|-activate|p1a: Toxapex|move: Protect
|
|-damage|p1a: Toxapex|51/100 brn|[from] brn
|upkeep
|turn|15
|
|t:|1595870587
|switch|p1a: Rhyperior|Rhyperior, F|23/100
|-damage|p1a: Rhyperior|17/100|[from] Stealth Rock
|move|p2a: Hestia|High Jump Kick|p1a: Rhyperior
|-start|p2a: Hestia|typechange|Fighting|[from] ability: Libero
|-supereffective|p1a: Rhyperior
|-damage|p1a: Rhyperior|0 fnt
|-damage|p2a: Hestia|61/100|[from] item: Life Orb
|faint|p1a: Rhyperior
|
|upkeep
|
|t:|1595870589
|switch|p1a: Toxapex|Toxapex, M|84/100 brn
|-damage|p1a: Toxapex|72/100 brn|[from] Stealth Rock
|turn|16
|
|t:|1595870592
|move|p2a: Hestia|Electro Ball|p1a: Toxapex
|-start|p2a: Hestia|typechange|Electric|[from] ability: Libero
|-supereffective|p1a: Toxapex
|-damage|p1a: Toxapex|0 fnt
|-damage|p2a: Hestia|51/100|[from] item: Life Orb
|faint|p1a: Toxapex
|
|upkeep
|
|t:|1595870596
|switch|p1a: Sylveon|Sylveon, M|100/100
|-damage|p1a: Sylveon|88/100|[from] Stealth Rock
|turn|17
|
|t:|1595870603
|switch|p2a: Maldita|Ninetales, F, shiny|100/100
|-damage|p2a: Maldita|76/100|[from] Stealth Rock
|-weather|SunnyDay|[from] ability: Drought|[of] p2a: Maldita
|move|p1a: Sylveon|Hyper Voice|p2a: Maldita
|-resisted|p2a: Maldita
|-damage|p2a: Maldita|61/100
|
|-weather|SunnyDay|[upkeep]
|-heal|p1a: Sylveon|94/100|[from] item: Leftovers
|upkeep
|turn|18
|
|t:|1595870607
|move|p2a: Maldita|Flamethrower|p1a: Sylveon
|-damage|p1a: Sylveon|75/100
|move|p1a: Sylveon|Calm Mind|p1a: Sylveon
|-boost|p1a: Sylveon|spa|1
|-boost|p1a: Sylveon|spd|1
|
|-weather|SunnyDay|[upkeep]
|-heal|p1a: Sylveon|81/100|[from] item: Leftovers
|upkeep
|turn|19
|
|t:|1595870611
|move|p2a: Maldita|Encore|p1a: Sylveon
|-start|p1a: Sylveon|Encore
|move|p1a: Sylveon|Calm Mind|p1a: Sylveon
|-boost|p1a: Sylveon|spa|1
|-boost|p1a: Sylveon|spd|1
|
|-weather|SunnyDay|[upkeep]
|-heal|p1a: Sylveon|87/100|[from] item: Leftovers
|upkeep
|turn|20
|
|t:|1595870616
|switch|p2a: Hefesto|Rotom-Heat|100/100
|-damage|p2a: Hefesto|76/100|[from] Stealth Rock
|move|p1a: Sylveon|Calm Mind|p1a: Sylveon
|-boost|p1a: Sylveon|spa|1
|-boost|p1a: Sylveon|spd|1
|
|-weather|SunnyDay|[upkeep]
|-heal|p1a: Sylveon|93/100|[from] item: Leftovers
|upkeep
|turn|21
|
|t:|1595870619
|move|p2a: Hefesto|Trick|p1a: Sylveon
|-activate|p2a: Hefesto|move: Trick|[of] p1a: Sylveon
|-item|p1a: Sylveon|Choice Scarf|[from] move: Trick
|-item|p2a: Hefesto|Leftovers|[from] move: Trick
|move|p1a: Sylveon|Calm Mind|p1a: Sylveon
|-boost|p1a: Sylveon|spa|1
|-boost|p1a: Sylveon|spd|1
|
|-weather|SunnyDay|[upkeep]
|-heal|p2a: Hefesto|82/100|[from] item: Leftovers
|-end|p1a: Sylveon|Encore
|upkeep
|turn|22
|
|t:|1595870628
|move|p2a: Hefesto|Overheat|p1a: Sylveon
|-damage|p1a: Sylveon|77/100
|-unboost|p2a: Hefesto|spa|2
|move|p1a: Sylveon|Calm Mind|p1a: Sylveon
|-boost|p1a: Sylveon|spa|1
|-boost|p1a: Sylveon|spd|1
|
|-weather|SunnyDay|[upkeep]
|-heal|p2a: Hefesto|88/100|[from] item: Leftovers
|upkeep
|turn|23
|-message|Lenape forfeited.
|
|win|Im on fire!
|l|☆Lenape
|l| hawk2775
|l| Chans3y
|l| Mitchellenwebb
||Ladder (probably) updated, but score could not be retrieved (Request timeout).
