|j|☆Rorschach I
|j|☆x_Arhamis_x
|player|p1|Rorschach I|cynthia|1757
|player|p2|x_Arhamis_x|palmer|1677
|teamsize|p1|6
|teamsize|p2|6
|gametype|singles
|gen|8
|tier|[Gen 8] OU
|rated|
|clearpoke
|poke|p1|Terrakion|
|poke|p1|Aegislash, F|
|poke|p1|Crawdaunt, M|
|poke|p1|Zeraora|
|poke|p1|Kyurem|
|poke|p1|Togekiss, M|
|poke|p2|Cinderace, F|
|poke|p2|Rillaboom, F|
|poke|p2|Hawlucha, F|
|poke|p2|Terrakion|
|poke|p2|Cloyster, F|
|poke|p2|Rotom-Heat|
|rule|Sleep Clause Mod: Limit one foe put to sleep
|rule|Species Clause: Limit one of each Pokémon
|rule|OHKO Clause: OHKO moves are banned
|rule|Evasion Moves Clause: Evasion moves are banned
|rule|Endless Battle Clause: Forcing endless battles is banned
|rule|HP Percentage Mod: HP is shown in percentages
|rule|Dynamax Clause: You cannot dynamax
|teampreview
|
|start
|switch|p1a: Terrakion|Terrakion|100/100
|switch|p2a: Rillaboom|Rillaboom, F|100/100
|-fieldstart|move: Grassy Terrain|[from] ability: Grassy Surge|[of] p2a: Rillaboom
|turn|1
|
|move|p2a: Rillaboom|Wood Hammer|p1a: Terrakion
|-supereffective|p1a: Terrakion
|-enditem|p1a: Terrakion|Focus Sash
|-damage|p1a: Terrakion|1/100
|-damage|p2a: Rillaboom|69/100|[from] Recoil
|move|p1a: Terrakion|Stealth Rock|p2a: Rillaboom
|-sidestart|p2: x_Arhamis_x|move: Stealth Rock
|
|-heal|p2a: Rillaboom|76/100|[from] Grassy Terrain
|-heal|p1a: Terrakion|7/100|[from] Grassy Terrain
|upkeep
|turn|2
|inactive|Battle timer is ON: inactive players will automatically lose when time's up. (requested by x_Arhamis_x)
|
|switch|p1a: Togekiss|Togekiss, M|100/100
|move|p2a: Rillaboom|Wood Hammer|p1a: Togekiss
|-resisted|p1a: Togekiss
|-damage|p1a: Togekiss|54/100
|-damage|p2a: Rillaboom|61/100|[from] Recoil
|
|-heal|p2a: Rillaboom|68/100|[from] Grassy Terrain
|upkeep
|turn|3
|
|switch|p2a: Cinderace|Cinderace, F|100/100
|move|p1a: Togekiss|Air Slash|p2a: Cinderace
|-damage|p2a: Cinderace|51/100
|
|-heal|p2a: Cinderace|57/100|[from] Grassy Terrain
|upkeep
|turn|4
|
|move|p1a: Togekiss|Air Slash|p2a: Cinderace
|-damage|p2a: Cinderace|8/100
|cant|p2a: Cinderace|flinch
|
|-heal|p2a: Cinderace|14/100|[from] Grassy Terrain
|upkeep
|turn|5
|
|switch|p2a: Rotom|Rotom-Heat|100/100
|-damage|p2a: Rotom|76/100|[from] Stealth Rock
|move|p1a: Togekiss|Air Slash|p2a: Rotom
|-resisted|p2a: Rotom
|-damage|p2a: Rotom|49/100
|
|-fieldend|move: Grassy Terrain
|upkeep
|turn|6
|
|move|p2a: Rotom|Volt Switch|p1a: Togekiss
|-supereffective|p1a: Togekiss
|-damage|p1a: Togekiss|0 fnt
|faint|p1a: Togekiss
|
|switch|p2a: Rillaboom|Rillaboom, F|68/100|[from]move: Volt Switch
|-damage|p2a: Rillaboom|55/100|[from] Stealth Rock
|-fieldstart|move: Grassy Terrain|[from] ability: Grassy Surge|[of] p2a: Rillaboom
|
|-heal|p2a: Rillaboom|61/100|[from] Grassy Terrain
|upkeep
|
|switch|p1a: Kyurem|Kyurem|100/100
|-ability|p1a: Kyurem|Pressure
|turn|7
|
|switch|p1a: Terrakion|Terrakion|7/100
|move|p2a: Rillaboom|Knock Off|p1a: Terrakion
|-resisted|p1a: Terrakion
|-damage|p1a: Terrakion|0 fnt
|faint|p1a: Terrakion
|
|-heal|p2a: Rillaboom|68/100|[from] Grassy Terrain
|upkeep
|
|switch|p1a: Crawdaunt|Crawdaunt, M|100/100
|turn|8
|
|switch|p2a: Rotom|Rotom-Heat|49/100
|-damage|p2a: Rotom|25/100|[from] Stealth Rock
|move|p1a: Crawdaunt|Knock Off|p2a: Rotom
|-damage|p2a: Rotom|0 fnt
|-enditem|p2a: Rotom|Choice Scarf|[from] move: Knock Off|[of] p1a: Crawdaunt
|-damage|p1a: Crawdaunt|91/100|[from] item: Life Orb
|faint|p2a: Rotom
|
|-heal|p1a: Crawdaunt|97/100|[from] Grassy Terrain
|upkeep
|
|switch|p2a: Rillaboom|Rillaboom, F|68/100
|-damage|p2a: Rillaboom|55/100|[from] Stealth Rock
|turn|9
|
|switch|p1a: Kyurem|Kyurem|100/100
|-ability|p1a: Kyurem|Pressure
|move|p2a: Rillaboom|U-turn|p1a: Kyurem
|-damage|p1a: Kyurem|78/100
|
|switch|p2a: Cinderace|Cinderace, F|14/100|[from]move: U-turn
|
|-heal|p2a: Cinderace|20/100|[from] Grassy Terrain
|-heal|p1a: Kyurem|84/100|[from] Grassy Terrain
|upkeep
|turn|10
|
|move|p2a: Cinderace|Court Change|p2a: Cinderace
|-start|p2a: Cinderace|typechange|Normal|[from] ability: Libero
|-sideend|p2: x_Arhamis_x|Stealth Rock|[silent]
|-sidestart|p1: Rorschach I|Stealth Rock|[silent]
|-activate|p2a: Cinderace|move: Court Change
|move|p1a: Kyurem|Freeze-Dry|p2a: Cinderace
|-damage|p2a: Cinderace|0 fnt
|faint|p2a: Cinderace
|
|-heal|p1a: Kyurem|90/100|[from] Grassy Terrain
|-fieldend|move: Grassy Terrain
|upkeep
|
|switch|p2a: Terrakion|Terrakion|100/100
|turn|11
|
|move|p2a: Terrakion|Stone Edge|p1a: Kyurem
|-supereffective|p1a: Kyurem
|-damage|p1a: Kyurem|0 fnt
|faint|p1a: Kyurem
|
|upkeep
|inactive|Rorschach I has 120 seconds left.
|
|switch|p1a: Aegislash|Aegislash, F|100/100
|-damage|p1a: Aegislash|94/100|[from] Stealth Rock
|-item|p1a: Aegislash|Air Balloon
|turn|12
|
|move|p2a: Terrakion|Taunt|p1a: Aegislash
|-start|p1a: Aegislash|move: Taunt
|cant|p1a: Aegislash|move: Taunt|Swords Dance
|
|upkeep
|turn|13
|
|move|p2a: Terrakion|Stone Edge|p1a: Aegislash
|-resisted|p1a: Aegislash
|-damage|p1a: Aegislash|69/100
|-enditem|p1a: Aegislash|Air Balloon
|-formechange|p1a: Aegislash|Aegislash-Blade||[from] ability: Stance Change
|move|p1a: Aegislash|Iron Head|p2a: Terrakion
|-supereffective|p2a: Terrakion
|-crit|p2a: Terrakion
|-enditem|p2a: Terrakion|Focus Sash
|-damage|p2a: Terrakion|1/100
|
|upkeep
|turn|14
|
|move|p1a: Aegislash|Shadow Sneak|p2a: Terrakion
|-damage|p2a: Terrakion|0 fnt
|faint|p2a: Terrakion
|
|-end|p1a: Aegislash|move: Taunt
|upkeep
|
|switch|p2a: Rillaboom|Rillaboom, F|55/100
|-fieldstart|move: Grassy Terrain|[from] ability: Grassy Surge|[of] p2a: Rillaboom
|turn|15
|
|switch|p1a: Crawdaunt|Crawdaunt, M|97/100
|-damage|p1a: Crawdaunt|84/100|[from] Stealth Rock
|move|p2a: Rillaboom|Knock Off|p1a: Crawdaunt
|-resisted|p1a: Crawdaunt
|-damage|p1a: Crawdaunt|61/100
|-enditem|p1a: Crawdaunt|Life Orb|[from] move: Knock Off|[of] p2a: Rillaboom
|
|-heal|p2a: Rillaboom|61/100|[from] Grassy Terrain
|-heal|p1a: Crawdaunt|67/100|[from] Grassy Terrain
|upkeep
|turn|16
|j| HeavenStar
|
|switch|p2a: Cloyster|Cloyster, F|100/100
|move|p1a: Crawdaunt|Crabhammer|p2a: Cloyster
|-resisted|p2a: Cloyster
|-crit|p2a: Cloyster
|-damage|p2a: Cloyster|62/100
|
|-heal|p2a: Cloyster|69/100|[from] Grassy Terrain
|-heal|p1a: Crawdaunt|73/100|[from] Grassy Terrain
|upkeep
|turn|17
|
|move|p2a: Cloyster|Rock Blast|p1a: Crawdaunt
|-damage|p1a: Crawdaunt|60/100
|-damage|p1a: Crawdaunt|48/100
|-damage|p1a: Crawdaunt|36/100
|-damage|p1a: Crawdaunt|24/100
|-damage|p1a: Crawdaunt|12/100
|-hitcount|p1a: Crawdaunt|5
|cant|p1a: Crawdaunt|flinch
|
|-heal|p2a: Cloyster|75/100|[from] Grassy Terrain
|-heal|p1a: Crawdaunt|18/100|[from] Grassy Terrain
|upkeep
|turn|18
|
|move|p2a: Cloyster|Shell Smash|p2a: Cloyster
|-unboost|p2a: Cloyster|def|1
|-unboost|p2a: Cloyster|spd|1
|-boost|p2a: Cloyster|atk|2
|-boost|p2a: Cloyster|spa|2
|-boost|p2a: Cloyster|spe|2
|move|p1a: Crawdaunt|Knock Off|p2a: Cloyster
|-damage|p2a: Cloyster|0 fnt
|-enditem|p2a: Cloyster|King's Rock|[from] move: Knock Off|[of] p1a: Crawdaunt
|faint|p2a: Cloyster
|
|-heal|p1a: Crawdaunt|24/100|[from] Grassy Terrain
|upkeep
|
|switch|p2a: Rillaboom|Rillaboom, F|61/100
|turn|19
|
|move|p1a: Crawdaunt|Aqua Jet|p2a: Rillaboom
|-resisted|p2a: Rillaboom
|-damage|p2a: Rillaboom|47/100
|move|p2a: Rillaboom|U-turn|p1a: Crawdaunt
|-supereffective|p1a: Crawdaunt
|-damage|p1a: Crawdaunt|0 fnt
|faint|p1a: Crawdaunt
|
|switch|p2a: Hawlucha|Hawlucha, F|100/100|[from]move: U-turn
|-enditem|p2a: Hawlucha|Grassy Seed
|-boost|p2a: Hawlucha|def|1|[from] item: Grassy Seed
|
|-fieldend|move: Grassy Terrain
|upkeep
|
|switch|p1a: Aegislash|Aegislash, F|69/100
|-damage|p1a: Aegislash|63/100|[from] Stealth Rock
|turn|20
|
|move|p2a: Hawlucha|Swords Dance|p2a: Hawlucha
|-boost|p2a: Hawlucha|atk|2
|move|p1a: Aegislash|Swords Dance|p1a: Aegislash
|-boost|p1a: Aegislash|atk|2
|
|upkeep
|turn|21
|
|move|p2a: Hawlucha|Acrobatics|p1a: Aegislash
|-resisted|p1a: Aegislash
|-damage|p1a: Aegislash|11/100
|-formechange|p1a: Aegislash|Aegislash-Blade||[from] ability: Stance Change
|move|p1a: Aegislash|Iron Head|p2a: Hawlucha
|-damage|p2a: Hawlucha|6/100
|
|upkeep
|turn|22
|
|move|p1a: Aegislash|Shadow Sneak|p2a: Hawlucha
|-damage|p2a: Hawlucha|0 fnt
|faint|p2a: Hawlucha
|
|upkeep
|
|switch|p2a: Rillaboom|Rillaboom, F|47/100
|-fieldstart|move: Grassy Terrain|[from] ability: Grassy Surge|[of] p2a: Rillaboom
|turn|23
|
|move|p1a: Aegislash|Shadow Sneak|p2a: Rillaboom
|-damage|p2a: Rillaboom|0 fnt
|faint|p2a: Rillaboom
|
|win|Rorschach I
|l|☆x_Arhamis_x
|l|☆Rorschach I
||Ladder (probably) updated, but score could not be retrieved (Response not received).
