|raw|<div class="broadcast-blue"><strong>This battle is required to be public due to a player having a name starting with 'lt93oq'.</div>
|j|‽LT93OQ Bee
|j|‽kinetic chain
|t:|1660430775
|gametype|singles
|player|p1|LT93OQ Bee|cynthia-masters|1830
|player|p2|kinetic chain|silver-gen2|1839
|teamsize|p1|6
|teamsize|p2|6
|gen|8
|tier|[Gen 8] OU
|rated|
|rule|Sleep Clause Mod: Limit one foe put to sleep
|rule|Species Clause: Limit one of each Pokémon
|rule|OHKO Clause: OHKO moves are banned
|rule|Evasion Items Clause: Evasion items are banned
|rule|Evasion Moves Clause: Evasion moves are banned
|rule|Endless Battle Clause: Forcing endless battles is banned
|rule|HP Percentage Mod: HP is shown in percentages
|rule|Dynamax Clause: You cannot dynamax
|clearpoke
|poke|p1|Dragapult, M|
|poke|p1|Zapdos|
|poke|p1|Urshifu-*, F|
|poke|p1|Tapu Lele|
|poke|p1|Landorus-Therian, M|
|poke|p1|Melmetal|
|poke|p2|Zeraora|
|poke|p2|Tapu Koko|
|poke|p2|Tyranitar, M|
|poke|p2|Slowbro, M|
|poke|p2|Ferrothorn, F|
|poke|p2|Landorus-Therian, M|
|teampreview
|inactive|Battle timer is ON: inactive players will automatically lose when time's up. (requested by LT93OQ Bee)
|j| simplegent
|
|t:|1660430787
|start
|switch|p1a: Urshifu|Urshifu-Rapid-Strike, F|100/100
|switch|p2a: Slowbro|Slowbro, M|100/100
|turn|1
|
|t:|1660430792
|move|p1a: Urshifu|U-turn|p2a: Slowbro
|-supereffective|p2a: Slowbro
|-damage|p2a: Slowbro|42/100
|j| LT93OQ Vegeto
|
|t:|1660430804
|switch|p1a: Landorus|Landorus-Therian, M|100/100|[from]move: U-turn
|-ability|p1a: Landorus|Intimidate|boost
|-unboost|p2a: Slowbro|atk|1
|move|p2a: Slowbro|Scald|p1a: Landorus
|-supereffective|p1a: Landorus
|-damage|p1a: Landorus|47/100
|-status|p1a: Landorus|brn
|
|-heal|p1a: Landorus|53/100 brn|[from] item: Leftovers
|-damage|p1a: Landorus|47/100 brn|[from] brn
|upkeep
|turn|2
|j| isabela000◥▶_◀◤
|l| LT93OQ Vegeto
|
|t:|1660430812
|move|p1a: Landorus|Stealth Rock|p2a: Slowbro
|-sidestart|p2: kinetic chain|move: Stealth Rock
|move|p2a: Slowbro|Ice Beam|p1a: Landorus
|-supereffective|p1a: Landorus
|-damage|p1a: Landorus|0 fnt
|faint|p1a: Landorus
|
|upkeep
|j| LT93OQ EG JHONX
|
|t:|1660430817
|switch|p1a: Urshifu|Urshifu-Rapid-Strike, F|100/100
|turn|3
|j| Skyrio
|l| LT93OQ EG JHONX
|
|t:|1660430821
|switch|p2a: Ferrothorn|Ferrothorn, F|100/100
|-damage|p2a: Ferrothorn|95/100|[from] Stealth Rock
|move|p1a: Urshifu|Close Combat|p2a: Ferrothorn
|-supereffective|p2a: Ferrothorn
|-damage|p2a: Ferrothorn|0 fnt
|-unboost|p1a: Urshifu|def|1
|-unboost|p1a: Urshifu|spd|1
|-damage|p1a: Urshifu|88/100|[from] ability: Iron Barbs|[of] p2a: Ferrothorn
|faint|p2a: Ferrothorn
|
|upkeep
|
|t:|1660430827
|switch|p2a: Landorus|Landorus-Therian, M|100/100
|-damage|p2a: Landorus|88/100|[from] Stealth Rock
|-ability|p2a: Landorus|Intimidate|boost
|-unboost|p1a: Urshifu|atk|1
|turn|4
|
|t:|1660430830
|switch|p1a: Zapdos|Zapdos|100/100
|move|p2a: Landorus|Defog|p1a: Zapdos
|-unboost|p1a: Zapdos|evasion|1
|-sideend|p2: kinetic chain|Stealth Rock|[from] move: Defog|[of] p2a: Landorus
|
|-heal|p2a: Landorus|94/100|[from] item: Leftovers
|upkeep
|turn|5
|
|t:|1660430835
|switch|p1a: Urshifu|Urshifu-Rapid-Strike, F|88/100
|move|p2a: Landorus|Knock Off|p1a: Urshifu
|-resisted|p1a: Urshifu
|-crit|p1a: Urshifu
|-damage|p1a: Urshifu|65/100
|-enditem|p1a: Urshifu|Choice Band|[from] move: Knock Off|[of] p2a: Landorus
|
|-heal|p2a: Landorus|99/100|[from] item: Leftovers
|upkeep
|turn|6
|
|t:|1660430842
|switch|p2a: Slowbro|Slowbro, M|75/100
|move|p1a: Urshifu|U-turn|p2a: Slowbro
|-supereffective|p2a: Slowbro
|-damage|p2a: Slowbro|38/100
|
|t:|1660430846
|switch|p1a: Tapu Lele|Tapu Lele|100/100|[from]move: U-turn
|-fieldstart|move: Psychic Terrain|[from] ability: Psychic Surge|[of] p1a: Tapu Lele
|
|upkeep
|turn|7
|j| lt92pf pieds
|
|t:|1660430851
|switch|p2a: Landorus|Landorus-Therian, M|99/100
|-ability|p2a: Landorus|Intimidate|boost
|-unboost|p1a: Tapu Lele|atk|1
|move|p1a: Tapu Lele|Moonblast|p2a: Landorus
|-damage|p2a: Landorus|63/100
|
|-heal|p2a: Landorus|69/100|[from] item: Leftovers
|upkeep
|turn|8
|
|t:|1660430857
|switch|p1a: Urshifu|Urshifu-Rapid-Strike, F|65/100
|move|p2a: Landorus|U-turn|p1a: Urshifu
|-resisted|p1a: Urshifu
|-damage|p1a: Urshifu|54/100
|
|t:|1660430860
|switch|p2a: Tapu Koko|Tapu Koko|100/100|[from]move: U-turn
|-fieldstart|move: Electric Terrain|[from] ability: Electric Surge|[of] p2a: Tapu Koko
|
|upkeep
|turn|9
|
|t:|1660430866
|switch|p1a: Melmetal|Melmetal|100/100
|move|p2a: Tapu Koko|Volt Switch|p1a: Melmetal
|-damage|p1a: Melmetal|63/100
|
|t:|1660430871
|switch|p2a: Landorus|Landorus-Therian, M|69/100|[from]move: Volt Switch
|-ability|p2a: Landorus|Intimidate|boost
|-unboost|p1a: Melmetal|atk|1
|
|-heal|p2a: Landorus|75/100|[from] item: Leftovers
|-heal|p1a: Melmetal|69/100|[from] item: Leftovers
|upkeep
|turn|10
|
|t:|1660430877
|move|p1a: Melmetal|Protect|p1a: Melmetal
|-singleturn|p1a: Melmetal|Protect
|move|p2a: Landorus|Earthquake|p1a: Melmetal
|-activate|p1a: Melmetal|move: Protect
|
|-heal|p2a: Landorus|81/100|[from] item: Leftovers
|-heal|p1a: Melmetal|75/100|[from] item: Leftovers
|upkeep
|turn|11
|j|+Dragonillis
|
|t:|1660430884
|switch|p1a: Zapdos|Zapdos|100/100
|move|p2a: Landorus|Earthquake|p1a: Zapdos
|-immune|p1a: Zapdos
|
|-heal|p2a: Landorus|87/100|[from] item: Leftovers
|upkeep
|turn|12
|
|t:|1660430894
|move|p1a: Zapdos|Hurricane|p2a: Landorus
|-damage|p2a: Landorus|46/100
|move|p2a: Landorus|U-turn|p1a: Zapdos
|-resisted|p1a: Zapdos
|-crit|p1a: Zapdos
|-damage|p1a: Zapdos|81/100
|
|t:|1660430903
|switch|p2a: Tyranitar|Tyranitar, M|100/100|[from]move: U-turn
|-weather|Sandstorm|[from] ability: Sand Stream|[of] p2a: Tyranitar
|
|-weather|Sandstorm|[upkeep]
|-damage|p1a: Zapdos|75/100|[from] Sandstorm
|-fieldend|move: Electric Terrain
|upkeep
|turn|13
|j| flash1115
|
|t:|1660430909
|switch|p1a: Urshifu|Urshifu-Rapid-Strike, F|54/100
|move|p2a: Tyranitar|Crunch|p1a: Urshifu
|-resisted|p1a: Urshifu
|-damage|p1a: Urshifu|17/100
|
|-weather|Sandstorm|[upkeep]
|-damage|p1a: Urshifu|10/100|[from] Sandstorm
|upkeep
|turn|14
|j| Keldeo!
|
|t:|1660430914
|switch|p2a: Slowbro|Slowbro, M|71/100
|move|p1a: Urshifu|U-turn|p2a: Slowbro
|-supereffective|p2a: Slowbro
|-damage|p2a: Slowbro|33/100
|l| flash1115
|
|t:|1660430919
|switch|p1a: Tapu Lele|Tapu Lele|100/100|[from]move: U-turn
|-fieldstart|move: Psychic Terrain|[from] ability: Psychic Surge|[of] p1a: Tapu Lele
|
|-weather|Sandstorm|[upkeep]
|-damage|p1a: Tapu Lele|94/100|[from] Sandstorm
|-damage|p2a: Slowbro|27/100|[from] Sandstorm
|upkeep
|turn|15
|
|t:|1660430923
|move|p1a: Tapu Lele|Moonblast|p2a: Slowbro
|-damage|p2a: Slowbro|0 fnt
|faint|p2a: Slowbro
|
|-weather|Sandstorm|[upkeep]
|-damage|p1a: Tapu Lele|88/100|[from] Sandstorm
|upkeep
|
|t:|1660430939
|switch|p2a: Tyranitar|Tyranitar, M|100/100
|turn|16
|j| oiuoauiaiouaoa
|l| oiuoauiaiouaoa
|
|t:|1660430949
|switch|p1a: Dragapult|Dragapult, M|100/100
|move|p2a: Tyranitar|Crunch|p1a: Dragapult
|-supereffective|p1a: Dragapult
|-damage|p1a: Dragapult|0 fnt
|faint|p1a: Dragapult
|
|-weather|none
|upkeep
|
|t:|1660430953
|switch|p1a: Urshifu|Urshifu-Rapid-Strike, F|10/100
|turn|17
|j| LT93OQ Templario
|j| un nouveau depart.
|
|t:|1660430967
|switch|p2a: Landorus|Landorus-Therian, M|46/100
|-ability|p2a: Landorus|Intimidate|boost
|-unboost|p1a: Urshifu|atk|1
|move|p1a: Urshifu|Surging Strikes|p2a: Landorus
|-supereffective|p2a: Landorus
|-crit|p2a: Landorus
|-damage|p2a: Landorus|8/100
|-supereffective|p2a: Landorus
|-crit|p2a: Landorus
|-damage|p2a: Landorus|0 fnt
|faint|p2a: Landorus
|-hitcount|p2: Landorus|2
|
|upkeep
|
|t:|1660430970
|switch|p2a: Tapu Koko|Tapu Koko|100/100
|-fieldstart|move: Electric Terrain|[from] ability: Electric Surge|[of] p2a: Tapu Koko
|turn|18
|
|t:|1660430977
|switch|p1a: Zapdos|Zapdos|75/100
|move|p2a: Tapu Koko|Volt Switch|p1a: Zapdos
|-damage|p1a: Zapdos|25/100
|
|t:|1660430979
|switch|p2a: Zeraora|Zeraora|100/100|[from]move: Volt Switch
|
|upkeep
|turn|19
|
|t:|1660430984
|move|p2a: Zeraora|Plasma Fists|p1a: Zapdos
|-crit|p1a: Zapdos
|-damage|p1a: Zapdos|0 fnt
|-fieldactivate|move: Ion Deluge
|-hint|Normal-type moves become Electric-type after using Plasma Fists.
|faint|p1a: Zapdos
|
|upkeep
|
|t:|1660431002
|switch|p1a: Melmetal|Melmetal|75/100
|turn|20
|
|t:|1660431015
|move|p2a: Zeraora|Bulk Up|p2a: Zeraora
|-boost|p2a: Zeraora|atk|1
|-boost|p2a: Zeraora|def|1
|move|p1a: Melmetal|Earthquake|p2a: Zeraora
|-supereffective|p2a: Zeraora
|-crit|p2a: Zeraora
|-damage|p2a: Zeraora|0 fnt
|faint|p2a: Zeraora
|
|-heal|p1a: Melmetal|82/100|[from] item: Leftovers
|upkeep
|
|t:|1660431025
|switch|p2a: Tyranitar|Tyranitar, M|100/100
|-weather|Sandstorm|[from] ability: Sand Stream|[of] p2a: Tyranitar
|turn|21
|l| lt92pf pieds
|
|t:|1660431030
|move|p1a: Melmetal|Protect|p1a: Melmetal
|-singleturn|p1a: Melmetal|Protect
|move|p2a: Tyranitar|Fire Punch|p1a: Melmetal
|-activate|p1a: Melmetal|move: Protect
|
|-weather|Sandstorm|[upkeep]
|-heal|p1a: Melmetal|88/100|[from] item: Leftovers
|upkeep
|turn|22
|
|t:|1660431043
|move|p2a: Tyranitar|Fire Punch|p1a: Melmetal
|-supereffective|p1a: Melmetal
|-damage|p1a: Melmetal|30/100
|move|p1a: Melmetal|Double Iron Bash|p2a: Tyranitar
|-supereffective|p2a: Tyranitar
|-damage|p2a: Tyranitar|24/100
|-supereffective|p2a: Tyranitar
|-damage|p2a: Tyranitar|0 fnt
|faint|p2a: Tyranitar
|-hitcount|p2: Tyranitar|2
|
|-weather|Sandstorm|[upkeep]
|-heal|p1a: Melmetal|36/100|[from] item: Leftovers
|-fieldend|move: Electric Terrain
|upkeep
|
|t:|1660431047
|switch|p2a: Tapu Koko|Tapu Koko|100/100
|-fieldstart|move: Electric Terrain|[from] ability: Electric Surge|[of] p2a: Tapu Koko
|turn|23
|
|t:|1660431057
|move|p1a: Melmetal|Protect|p1a: Melmetal
|-singleturn|p1a: Melmetal|Protect
|move|p2a: Tapu Koko|Volt Switch|p1a: Melmetal
|-activate|p1a: Melmetal|move: Protect
|
|-weather|Sandstorm|[upkeep]
|-damage|p2a: Tapu Koko|94/100|[from] Sandstorm
|-heal|p1a: Melmetal|42/100|[from] item: Leftovers
|upkeep
|turn|24
|
|t:|1660431059
|move|p2a: Tapu Koko|Volt Switch|p1a: Melmetal
|-crit|p1a: Melmetal
|-damage|p1a: Melmetal|0 fnt
|faint|p1a: Melmetal
|
|-weather|Sandstorm|[upkeep]
|-damage|p2a: Tapu Koko|88/100|[from] Sandstorm
|upkeep
|j| corperate n
|
|t:|1660431064
|switch|p1a: Urshifu|Urshifu-Rapid-Strike, F|10/100
|turn|25
|
|t:|1660431066
|move|p1a: Urshifu|Aqua Jet|p2a: Tapu Koko
|-damage|p2a: Tapu Koko|61/100
|move|p2a: Tapu Koko|Dazzling Gleam|p1a: Urshifu
|-supereffective|p1a: Urshifu
|-damage|p1a: Urshifu|0 fnt
|faint|p1a: Urshifu
|
|-weather|none
|upkeep
|
|t:|1660431068
|switch|p1a: Tapu Lele|Tapu Lele|88/100
|-fieldstart|move: Psychic Terrain|[from] ability: Psychic Surge|[of] p1a: Tapu Lele
|turn|26
|
|t:|1660431070
|move|p1a: Tapu Lele|Moonblast|p2a: Tapu Koko
|-damage|p2a: Tapu Koko|0 fnt
|faint|p2a: Tapu Koko
|
|win|LT93OQ Bee
|raw|LT93OQ Bee's rating: 1830 &rarr; <strong>1851</strong><br />(+21 for winning)
|raw|kinetic chain's rating: 1839 &rarr; <strong>1818</strong><br />(-21 for losing)
|l|‽LT93OQ Bee
|l| corperate n
|l| LT93OQ Templario
|l|‽kinetic chain
||Ladder isn't responding, score probably updated but might not have (Request timeout).
|l| isabela000◥▶_◀◤
|j| craig italian
|l| un nouveau depart.
|l| simplegent
|l| craig italian
|l| Skyrio
|l| Keldeo!
