|j|☆Terry kloak
|j|☆Delibird Heart
|t:|1667918916
|gametype|singles
|player|p1|Terry kloak|266|1704
|player|p2|Delibird Heart|guitarist-gen4|1800
|teamsize|p1|6
|teamsize|p2|6
|gen|8
|tier|[Gen 8] OU
|rated|
|rule|Sleep Clause Mod: Limit one foe put to sleep
|rule|Species Clause: Limit one of each Pokémon
|rule|OHKO Clause: OHKO moves are banned
|rule|Evasion Items Clause: Evasion items are banned
|rule|Evasion Moves Clause: Evasion moves are banned
|rule|Endless Battle Clause: Forcing endless battles is banned
|rule|HP Percentage Mod: HP is shown in percentages
|rule|Dynamax Clause: You cannot dynamax
|clearpoke
|poke|p1|Ferrothorn, F|
|poke|p1|Landorus-Therian, M|
|poke|p1|Volcarona, F|
|poke|p1|Dracozolt|
|poke|p1|Urshifu-*, F|
|poke|p1|Tyranitar, M|
|poke|p2|Slowbro-Galar, M|
|poke|p2|Togekiss, M|
|poke|p2|Jirachi|
|poke|p2|Corviknight, M|
|poke|p2|Sandaconda, M|
|poke|p2|Melmetal|
|teampreview
|inactive|Battle timer is ON: inactive players will automatically lose when time's up. (requested by Delibird Heart)
|j| g2 fyssure
|
|t:|1667918932
|start
|switch|p1a: Volcarona|Volcarona, F|100/100
|switch|p2a: Sandaconda|Sandaconda, M|100/100
|turn|1
|j| blu3
|
|t:|1667918940
|switch|p1a: Landorus|Landorus-Therian, M|100/100
|-ability|p1a: Landorus|Intimidate|boost
|-unboost|p2a: Sandaconda|atk|1
|move|p2a: Sandaconda|Glare|p1a: Landorus
|-status|p1a: Landorus|par
|
|upkeep
|turn|2
|
|t:|1667918959
|move|p2a: Sandaconda|Stealth Rock|p1a: Landorus
|-sidestart|p1: Terry kloak|move: Stealth Rock
|cant|p1a: Landorus|par
|
|upkeep
|turn|3
|
|t:|1667918964
|switch|p2a: Polaris|Jirachi|100/100
|cant|p1a: Landorus|par
|
|upkeep
|turn|4
|
|t:|1667918971
|move|p2a: Polaris|Iron Head|p1a: Landorus
|-damage|p1a: Landorus|59/100 par
|cant|p1a: Landorus|flinch
|
|-heal|p1a: Landorus|65/100 par|[from] item: Leftovers
|upkeep
|turn|5
|
|t:|1667918980
|switch|p1a: Volcarona|Volcarona, F|100/100
|move|p2a: Polaris|Iron Head|p1a: Volcarona
|-resisted|p1a: Volcarona
|-damage|p1a: Volcarona|69/100
|
|upkeep
|turn|6
|
|t:|1667918987
|switch|p2a: Sandaconda|Sandaconda, M|100/100
|move|p1a: Volcarona|Quiver Dance|p1a: Volcarona
|-boost|p1a: Volcarona|spa|1
|-boost|p1a: Volcarona|spd|1
|-boost|p1a: Volcarona|spe|1
|
|upkeep
|turn|7
|
|t:|1667918995
|switch|p1a: Tyranitar|Tyranitar, M|100/100
|-damage|p1a: Tyranitar|88/100|[from] Stealth Rock
|-weather|Sandstorm|[from] ability: Sand Stream|[of] p1a: Tyranitar
|move|p2a: Sandaconda|Glare|p1a: Tyranitar
|-status|p1a: Tyranitar|par
|
|-weather|Sandstorm|[upkeep]
|upkeep
|turn|8
|
|t:|1667919007
|switch|p1a: Landorus|Landorus-Therian, M|65/100 par
|-damage|p1a: Landorus|53/100 par|[from] Stealth Rock
|-ability|p1a: Landorus|Intimidate|boost
|-unboost|p2a: Sandaconda|atk|1
|move|p2a: Sandaconda|Earthquake|p1a: Landorus
|-immune|p1a: Landorus
|
|-weather|Sandstorm|[upkeep]
|-heal|p1a: Landorus|59/100 par|[from] item: Leftovers
|upkeep
|turn|9
|
|t:|1667919018
|switch|p2a: Dove|Togekiss, M|100/100
|switch|p1a: Ferrothorn|Ferrothorn, F|100/100
|-damage|p1a: Ferrothorn|94/100|[from] Stealth Rock
|
|-weather|Sandstorm|[upkeep]
|-damage|p2a: Dove|94/100|[from] Sandstorm
|-heal|p2a: Dove|100/100|[from] item: Leftovers
|upkeep
|turn|10
|j| Syste
|l| Syste
|
|t:|1667919038
|move|p2a: Dove|Thunder Wave|p1a: Ferrothorn
|-status|p1a: Ferrothorn|par
|move|p1a: Ferrothorn|Gyro Ball|p2a: Dove
|-supereffective|p2a: Dove
|-damage|p2a: Dove|0 fnt
|faint|p2a: Dove
|
|-weather|Sandstorm|[upkeep]
|upkeep
|
|t:|1667919043
|switch|p2a: Polaris|Jirachi|100/100
|turn|11
|
|t:|1667919050
|move|p2a: Polaris|Iron Head|p1a: Ferrothorn
|-resisted|p1a: Ferrothorn
|-damage|p1a: Ferrothorn|80/100 par
|-activate|p1a: Ferrothorn|ability: Iron Barbs
|-activate|p2a: Polaris|item: Protective Pads
|cant|p1a: Ferrothorn|flinch
|
|-weather|Sandstorm|[upkeep]
|upkeep
|turn|12
|
|t:|1667919059
|move|p2a: Polaris|Iron Head|p1a: Ferrothorn
|-resisted|p1a: Ferrothorn
|-damage|p1a: Ferrothorn|68/100 par
|-activate|p1a: Ferrothorn|ability: Iron Barbs
|-activate|p2a: Polaris|item: Protective Pads
|move|p1a: Ferrothorn|Stealth Rock|p2a: Polaris
|-sidestart|p2: Delibird Heart|move: Stealth Rock
|
|-weather|Sandstorm|[upkeep]
|upkeep
|turn|13
|
|t:|1667919068
|move|p2a: Polaris|Iron Head|p1a: Ferrothorn
|-resisted|p1a: Ferrothorn
|-damage|p1a: Ferrothorn|55/100 par
|-activate|p1a: Ferrothorn|ability: Iron Barbs
|-activate|p2a: Polaris|item: Protective Pads
|cant|p1a: Ferrothorn|flinch
|
|-weather|Sandstorm|[upkeep]
|upkeep
|turn|14
|
|t:|1667919077
|move|p2a: Polaris|Iron Head|p1a: Ferrothorn
|-resisted|p1a: Ferrothorn
|-damage|p1a: Ferrothorn|40/100 par
|-activate|p1a: Ferrothorn|ability: Iron Barbs
|-activate|p2a: Polaris|item: Protective Pads
|move|p1a: Ferrothorn|Knock Off|p2a: Polaris
|-supereffective|p2a: Polaris
|-damage|p2a: Polaris|66/100
|-enditem|p2a: Polaris|Protective Pads|[from] move: Knock Off|[of] p1a: Ferrothorn
|
|-weather|none
|upkeep
|turn|15
|j| Lougarick22
|
|t:|1667919088
|move|p2a: Polaris|Wish|p2a: Polaris
|move|p1a: Ferrothorn|Knock Off|p2a: Polaris
|-supereffective|p2a: Polaris
|-damage|p2a: Polaris|43/100
|
|upkeep
|turn|16
|
|t:|1667919094
|switch|p1a: Volcarona|Volcarona, F|69/100
|move|p2a: Polaris|Iron Head|p1a: Volcarona
|-resisted|p1a: Volcarona
|-damage|p1a: Volcarona|42/100
|
|-heal|p2a: Polaris|92/100|[from] move: Wish|[wisher] Polaris
|upkeep
|turn|17
|
|t:|1667919103
|move|p1a: Volcarona|Fiery Dance|p2a: Polaris
|-supereffective|p2a: Polaris
|-damage|p2a: Polaris|16/100
|-boost|p1a: Volcarona|spa|1
|move|p2a: Polaris|Body Slam|p1a: Volcarona
|-damage|p1a: Volcarona|0 fnt
|-status|p2a: Polaris|brn|[from] ability: Flame Body|[of] p1a: Volcarona
|faint|p1a: Volcarona
|
|-damage|p2a: Polaris|10/100 brn|[from] brn
|upkeep
|
|t:|1667919116
|switch|p1a: Urshifu|Urshifu-Rapid-Strike, F|100/100
|-damage|p1a: Urshifu|94/100|[from] Stealth Rock
|turn|18
|
|t:|1667919121
|move|p1a: Urshifu|U-turn|p2a: Polaris
|-damage|p2a: Polaris|0 fnt
|faint|p2a: Polaris
|
|t:|1667919125
|switch|p1a: Tyranitar|Tyranitar, M|88/100 par|[from]move: U-turn
|-damage|p1a: Tyranitar|76/100 par|[from] Stealth Rock
|-weather|Sandstorm|[from] ability: Sand Stream|[of] p1a: Tyranitar
|
|-weather|Sandstorm|[upkeep]
|upkeep
|l| Lougarick22
|
|t:|1667919139
|switch|p2a: Emo Dove|Corviknight, M|100/100
|-damage|p2a: Emo Dove|88/100|[from] Stealth Rock
|-ability|p2a: Emo Dove|Pressure
|turn|19
|
|t:|1667919145
|move|p2a: Emo Dove|Iron Head|p1a: Tyranitar
|-supereffective|p1a: Tyranitar
|-damage|p1a: Tyranitar|31/100 par
|cant|p1a: Tyranitar|par
|
|-weather|Sandstorm|[upkeep]
|-heal|p2a: Emo Dove|94/100|[from] item: Leftovers
|upkeep
|turn|20
|
|t:|1667919154
|switch|p1a: Ferrothorn|Ferrothorn, F|40/100 par
|-damage|p1a: Ferrothorn|34/100 par|[from] Stealth Rock
|move|p2a: Emo Dove|Iron Head|p1a: Ferrothorn
|-resisted|p1a: Ferrothorn
|-damage|p1a: Ferrothorn|25/100 par
|-damage|p2a: Emo Dove|82/100|[from] ability: Iron Barbs|[of] p1a: Ferrothorn
|-damage|p2a: Emo Dove|65/100|[from] item: Rocky Helmet|[of] p1a: Ferrothorn
|
|-weather|Sandstorm|[upkeep]
|-heal|p2a: Emo Dove|71/100|[from] item: Leftovers
|upkeep
|turn|21
|j| broked on bricks
|
|t:|1667919173
|switch|p2a: Melmetal|Melmetal|100/100
|-damage|p2a: Melmetal|94/100|[from] Stealth Rock
|move|p1a: Ferrothorn|Knock Off|p2a: Melmetal
|-damage|p2a: Melmetal|84/100
|-enditem|p2a: Melmetal|Quick Claw|[from] move: Knock Off|[of] p1a: Ferrothorn
|
|-weather|Sandstorm|[upkeep]
|upkeep
|turn|22
|
|t:|1667919183
|switch|p1a: Landorus|Landorus-Therian, M|59/100 par
|-damage|p1a: Landorus|47/100 par|[from] Stealth Rock
|-ability|p1a: Landorus|Intimidate|boost
|-unboost|p2a: Melmetal|atk|1
|move|p2a: Melmetal|Earthquake|p1a: Landorus
|-immune|p1a: Landorus
|
|-weather|Sandstorm|[upkeep]
|-heal|p1a: Landorus|53/100 par|[from] item: Leftovers
|upkeep
|turn|23
|
|t:|1667919194
|switch|p2a: Emo Dove|Corviknight, M|71/100
|-damage|p2a: Emo Dove|59/100|[from] Stealth Rock
|-ability|p2a: Emo Dove|Pressure
|cant|p1a: Landorus|par
|
|-weather|Sandstorm|[upkeep]
|-heal|p2a: Emo Dove|65/100|[from] item: Leftovers
|-heal|p1a: Landorus|59/100 par|[from] item: Leftovers
|upkeep
|turn|24
|
|t:|1667919206
|move|p2a: Emo Dove|Roost|p2a: Emo Dove
|-heal|p2a: Emo Dove|100/100
|-singleturn|p2a: Emo Dove|move: Roost
|move|p1a: Landorus|Earthquake|p2a: Emo Dove
|-supereffective|p2a: Emo Dove
|-damage|p2a: Emo Dove|20/100
|
|-weather|Sandstorm|[upkeep]
|-heal|p2a: Emo Dove|27/100|[from] item: Leftovers
|-heal|p1a: Landorus|65/100 par|[from] item: Leftovers
|upkeep
|turn|25
|
|t:|1667919217
|move|p2a: Emo Dove|Iron Head|p1a: Landorus
|-damage|p1a: Landorus|38/100 par
|cant|p1a: Landorus|flinch
|
|-weather|none
|-heal|p2a: Emo Dove|33/100|[from] item: Leftovers
|-heal|p1a: Landorus|44/100 par|[from] item: Leftovers
|upkeep
|turn|26
|
|t:|1667919227
|move|p2a: Emo Dove|Roost|p2a: Emo Dove
|-heal|p2a: Emo Dove|83/100
|-singleturn|p2a: Emo Dove|move: Roost
|move|p1a: Landorus|Rock Polish|p1a: Landorus
|-boost|p1a: Landorus|spe|2
|
|-heal|p1a: Landorus|50/100 par|[from] item: Leftovers
|-heal|p2a: Emo Dove|89/100|[from] item: Leftovers
|upkeep
|turn|27
|
|t:|1667919238
|switch|p1a: Ferrothorn|Ferrothorn, F|25/100 par
|-damage|p1a: Ferrothorn|19/100 par|[from] Stealth Rock
|move|p2a: Emo Dove|Iron Head|p1a: Ferrothorn
|-resisted|p1a: Ferrothorn
|-damage|p1a: Ferrothorn|11/100 par
|-damage|p2a: Emo Dove|77/100|[from] ability: Iron Barbs|[of] p1a: Ferrothorn
|-damage|p2a: Emo Dove|60/100|[from] item: Rocky Helmet|[of] p1a: Ferrothorn
|
|-heal|p2a: Emo Dove|66/100|[from] item: Leftovers
|upkeep
|turn|28
|
|t:|1667919257
|switch|p1a: Dracozolt|Dracozolt|100/100
|-damage|p1a: Dracozolt|88/100|[from] Stealth Rock
|move|p2a: Emo Dove|Roost|p2a: Emo Dove
|-heal|p2a: Emo Dove|100/100
|-singleturn|p2a: Emo Dove|move: Roost
|
|upkeep
|turn|29
|
|t:|1667919269
|switch|p2a: Melmetal|Melmetal|84/100
|-damage|p2a: Melmetal|78/100|[from] Stealth Rock
|move|p1a: Dracozolt|Fire Blast|p2a: Melmetal
|-supereffective|p2a: Melmetal
|-damage|p2a: Melmetal|12/100
|-damage|p1a: Dracozolt|78/100|[from] item: Life Orb
|
|upkeep
|turn|30
|
|t:|1667919280
|move|p1a: Dracozolt|Bolt Beak|p2a: Melmetal
|-damage|p2a: Melmetal|0 fnt
|faint|p2a: Melmetal
|-damage|p1a: Dracozolt|68/100|[from] item: Life Orb
|
|upkeep
|
|t:|1667919282
|switch|p2a: Lucky Luke|Slowbro-Galar, M, shiny|100/100
|-damage|p2a: Lucky Luke|88/100|[from] Stealth Rock
|turn|31
|-activate|p2a: Lucky Luke|item: Quick Claw
|
|t:|1667919289
|move|p2a: Lucky Luke|Ice Beam|p1a: Dracozolt
|-supereffective|p1a: Dracozolt
|-damage|p1a: Dracozolt|0 fnt
|faint|p1a: Dracozolt
|
|upkeep
|
|t:|1667919299
|switch|p1a: Urshifu|Urshifu-Rapid-Strike, F|94/100
|-damage|p1a: Urshifu|88/100|[from] Stealth Rock
|turn|32
|-activate|p2a: Lucky Luke|ability: Quick Draw
|
|t:|1667919308
|move|p2a: Lucky Luke|Psyshock|p1a: Urshifu
|-supereffective|p1a: Urshifu
|-crit|p1a: Urshifu
|-damage|p1a: Urshifu|0 fnt
|faint|p1a: Urshifu
|
|upkeep
|
|t:|1667919317
|switch|p1a: Tyranitar|Tyranitar, M|31/100 par
|-damage|p1a: Tyranitar|19/100 par|[from] Stealth Rock
|-weather|Sandstorm|[from] ability: Sand Stream|[of] p1a: Tyranitar
|turn|33
|
|t:|1667919323
|switch|p2a: Emo Dove|Corviknight, M|100/100
|-damage|p2a: Emo Dove|88/100|[from] Stealth Rock
|-ability|p2a: Emo Dove|Pressure
|move|p1a: Tyranitar|Crunch|p2a: Emo Dove
|-damage|p2a: Emo Dove|64/100
|
|-weather|Sandstorm|[upkeep]
|-heal|p2a: Emo Dove|70/100|[from] item: Leftovers
|upkeep
|turn|34
|-message|Terry kloak forfeited.
|
|win|Delibird Heart
|raw|Terry kloak's rating: 1704 &rarr; <strong>1689</strong><br />(-15 for losing)
|raw|Delibird Heart's rating: 1800 &rarr; <strong>1815</strong><br />(+15 for winning)
|l|☆Terry kloak
|c| g2 fyssure|this is so disgusting
|c|☆Delibird Heart|this shit really be evil
|c|☆Delibird Heart|lmaoooo
|c| g2 fyssure|do u need corv really
||Ladder isn't responding, score probably updated but might not have (Request timeout).
