|raw|<div class="broadcast-blue"><strong>This battle is required to be public due to a player having a name starting with 'lt81yl'.</div>
|j|☆LT81YL Highv0ltag3
|j|☆supersam10001
|t:|1625331947
|gametype|singles
|player|p1|LT81YL Highv0ltag3|veteran|1583
|player|p2|supersam10001|169|1629
|teamsize|p1|6
|teamsize|p2|6
|gen|8
|tier|[Gen 8] OU
|rated|
|rule|Sleep Clause Mod: Limit one foe put to sleep
|rule|Species Clause: Limit one of each Pokémon
|rule|OHKO Clause: OHKO moves are banned
|rule|Evasion Moves Clause: Evasion moves are banned
|rule|Endless Battle Clause: Forcing endless battles is banned
|rule|HP Percentage Mod: HP is shown in percentages
|rule|Dynamax Clause: You cannot dynamax
|clearpoke
|poke|p1|Tangrowth, F|
|poke|p1|Blissey, F|
|poke|p1|Toxapex, F|
|poke|p1|Corviknight, M|
|poke|p1|Gastrodon, F|
|poke|p1|Jirachi|
|poke|p2|Tyranitar, M|
|poke|p2|Excadrill, F|
|poke|p2|Latios, M|
|poke|p2|Slowbro, M|
|poke|p2|Zapdos|
|poke|p2|Urshifu-*, F|
|teampreview
|
|t:|1625331959
|start
|switch|p1a: Beautiful creature|Toxapex, F|100/100
|switch|p2a: Tyranitar|Tyranitar, M|100/100
|-weather|Sandstorm|[from] ability: Sand Stream|[of] p2a: Tyranitar
|turn|1
|
|t:|1625331964
|switch|p2a: Slowbro|Slowbro, M|100/100
|move|p1a: Beautiful creature|Toxic|p2a: Slowbro
|-status|p2a: Slowbro|tox
|
|-weather|Sandstorm|[upkeep]
|-damage|p1a: Beautiful creature|94/100|[from] Sandstorm
|-damage|p2a: Slowbro|94/100 tox|[from] Sandstorm
|-damage|p2a: Slowbro|88/100 tox|[from] psn
|upkeep
|turn|2
|
|t:|1625331967
|switch|p1a: Uhhh|Jirachi|100/100
|move|p2a: Slowbro|Teleport|p2a: Slowbro
|
|t:|1625331973
|switch|p2a: Excadrill|Excadrill, F|100/100|[from]move: Teleport
|
|-weather|Sandstorm|[upkeep]
|upkeep
|turn|3
|
|t:|1625331977
|switch|p2a: Zapdos|Zapdos|100/100
|switch|p1a: Fuck fire fang|Corviknight, M|100/100
|-ability|p1a: Fuck fire fang|Pressure
|
|-weather|Sandstorm|[upkeep]
|-damage|p2a: Zapdos|94/100|[from] Sandstorm
|upkeep
|turn|4
|
|t:|1625331990
|switch|p1a: Ran out of nicks|Gastrodon, F|100/100
|move|p2a: Zapdos|Hurricane|p1a: Ran out of nicks|[miss]
|-miss|p2a: Zapdos|p1a: Ran out of nicks
|
|-weather|Sandstorm|[upkeep]
|-damage|p2a: Zapdos|88/100|[from] Sandstorm
|upkeep
|turn|5
|j| Seucra
|inactive|Battle timer is ON: inactive players will automatically lose when time's up. (requested by LT81YL Highv0ltag3)
|l| Seucra
|c|☆supersam10001|I feel the name of the gastro lmao
|
|t:|1625332010
|switch|p2a: Slowbro|Slowbro, M|100/100 tox
|move|p1a: Ran out of nicks|Scald|p2a: Slowbro
|-resisted|p2a: Slowbro
|-damage|p2a: Slowbro|88/100 tox
|
|-weather|none
|-damage|p2a: Slowbro|81/100 tox|[from] psn
|upkeep
|turn|6
|
|t:|1625332016
|switch|p1a: Uhhh|Jirachi|100/100
|move|p2a: Slowbro|Future Sight|p1a: Uhhh
|-start|p2a: Slowbro|move: Future Sight
|
|-damage|p2a: Slowbro|69/100 tox|[from] psn
|upkeep
|turn|7
|
|t:|1625332020
|move|p1a: Uhhh|Wish|p1a: Uhhh
|move|p2a: Slowbro|Teleport|p2a: Slowbro
|
|t:|1625332025
|switch|p2a: Tyranitar|Tyranitar, M|100/100|[from]move: Teleport
|-weather|Sandstorm|[from] ability: Sand Stream|[of] p2a: Tyranitar
|
|-weather|Sandstorm|[upkeep]
|upkeep
|turn|8
|
|t:|1625332031
|move|p1a: Uhhh|Iron Head|p2a: Tyranitar
|-supereffective|p2a: Tyranitar
|-damage|p2a: Tyranitar|59/100
|move|p2a: Tyranitar|Crunch|p1a: Uhhh
|-supereffective|p1a: Uhhh
|-damage|p1a: Uhhh|0 fnt
|faint|p1a: Uhhh
|
|-weather|Sandstorm|[upkeep]
|-hint|Future Sight did not hit because the target is fainted.
|upkeep
|c|☆LT81YL Highv0ltag3|Fr
|c|☆LT81YL Highv0ltag3|Lol
|-message|LT81YL Highv0ltag3 forfeited.
|
|win|supersam10001
|raw|LT81YL Highv0ltag3's rating: 1583 &rarr; <strong>1566</strong><br />(-17 for losing)
|raw|supersam10001's rating: 1629 &rarr; <strong>1646</strong><br />(+17 for winning)
|l|☆LT81YL Highv0ltag3
