|j|☆NeoNaruto®++
|j|☆jajajj
|t:|1662964644
|gametype|singles
|player|p1|NeoNaruto®++|burglar-gen1rb|1754
|player|p2|jajajj|169|1791
|teamsize|p1|6
|teamsize|p2|6
|gen|8
|tier|[Gen 8] OU
|rated|
|rule|Sleep Clause Mod: Limit one foe put to sleep
|rule|Species Clause: Limit one of each Pokémon
|rule|OHKO Clause: OHKO moves are banned
|rule|Evasion Items Clause: Evasion items are banned
|rule|Evasion Moves Clause: Evasion moves are banned
|rule|Endless Battle Clause: Forcing endless battles is banned
|rule|HP Percentage Mod: HP is shown in percentages
|rule|Dynamax Clause: You cannot dynamax
|clearpoke
|poke|p1|Landorus-Therian, M|
|poke|p1|Ferrothorn, M|
|poke|p1|Tapu Koko|
|poke|p1|Dragonite, F|
|poke|p1|Darmanitan, M|
|poke|p1|Tyranitar, F|
|poke|p2|Zapdos|
|poke|p2|Weavile, M|
|poke|p2|Kartana|
|poke|p2|Landorus-Therian, M|
|poke|p2|Volcanion|
|poke|p2|Melmetal|
|teampreview
|inactive|Battle timer is ON: inactive players will automatically lose when time's up. (requested by NeoNaruto®++)
|
|t:|1662964661
|start
|switch|p1a: VODECi|Tapu Koko|100/100
|switch|p2a: Weavile|Weavile, M|100/100
|-ability|p2a: Weavile|Pressure
|-fieldstart|move: Electric Terrain|[from] ability: Electric Surge|[of] p1a: VODECi
|turn|1
|j| tapu moxo
|inactive|NeoNaruto®++ has 120 seconds left.
|
|t:|1662964704
|move|p2a: Weavile|Triple Axel|p1a: VODECi|[miss]
|-miss|p2a: Weavile|p1a: VODECi
|move|p1a: VODECi|Dazzling Gleam|p2a: Weavile
|-supereffective|p2a: Weavile
|-damage|p2a: Weavile|0 fnt
|faint|p2a: Weavile
|
|upkeep
|
|t:|1662964708
|switch|p2a: Landorus|Landorus-Therian, M|100/100
|-ability|p2a: Landorus|Intimidate|boost
|-unboost|p1a: VODECi|atk|1
|turn|2
|inactive|NeoNaruto®++ has 120 seconds left.
|c|☆jajajj|6
|
|t:|1662964720
|switch|p1a: Bernie Landers|Landorus-Therian, M|100/100
|-ability|p1a: Bernie Landers|Intimidate|boost
|-unboost|p2a: Landorus|atk|1
|move|p2a: Landorus|Stealth Rock|p1a: Bernie Landers
|-sidestart|p1: NeoNaruto®++|move: Stealth Rock
|
|upkeep
|turn|3
|
|t:|1662964723
|move|p2a: Landorus|U-turn|p1a: Bernie Landers
|-resisted|p1a: Bernie Landers
|-damage|p1a: Bernie Landers|96/100
|-damage|p2a: Landorus|84/100|[from] item: Rocky Helmet|[of] p1a: Bernie Landers
|
|t:|1662964727
|switch|p2a: Volcanion|Volcanion|100/100|[from]move: U-turn
|move|p1a: Bernie Landers|Stealth Rock|p2a: Volcanion
|-sidestart|p2: jajajj|move: Stealth Rock
|
|upkeep
|turn|4
|
|t:|1662964733
|switch|p1a: DA LAST REX(3005)|Tyranitar, F|100/100
|-damage|p1a: DA LAST REX(3005)|88/100|[from] Stealth Rock
|-weather|Sandstorm|[from] ability: Sand Stream|[of] p1a: DA LAST REX(3005)
|move|p2a: Volcanion|Flamethrower|p1a: DA LAST REX(3005)
|-resisted|p1a: DA LAST REX(3005)
|-damage|p1a: DA LAST REX(3005)|78/100
|
|-weather|Sandstorm|[upkeep]
|-damage|p2a: Volcanion|95/100|[from] Sandstorm
|upkeep
|turn|5
|
|t:|1662964738
|switch|p2a: Landorus|Landorus-Therian, M|84/100
|-damage|p2a: Landorus|72/100|[from] Stealth Rock
|-ability|p2a: Landorus|Intimidate|boost
|-unboost|p1a: DA LAST REX(3005)|atk|1
|move|p1a: DA LAST REX(3005)|Stone Edge|p2a: Landorus|[miss]
|-miss|p1a: DA LAST REX(3005)|p2a: Landorus
|
|-weather|Sandstorm|[upkeep]
|-heal|p2a: Landorus|78/100|[from] item: Leftovers
|-fieldend|move: Electric Terrain
|upkeep
|turn|6
|
|t:|1662964743
|switch|p1a: RX PAPi|Ferrothorn, M|100/100
|-damage|p1a: RX PAPi|94/100|[from] Stealth Rock
|move|p2a: Landorus|U-turn|p1a: RX PAPi
|-damage|p1a: RX PAPi|81/100
|-damage|p2a: Landorus|65/100|[from] ability: Iron Barbs|[of] p1a: RX PAPi
|-damage|p2a: Landorus|49/100|[from] item: Rocky Helmet|[of] p1a: RX PAPi
|
|t:|1662964745
|switch|p2a: Volcanion|Volcanion|95/100|[from]move: U-turn
|-damage|p2a: Volcanion|70/100|[from] Stealth Rock
|
|-weather|Sandstorm|[upkeep]
|-damage|p2a: Volcanion|64/100|[from] Sandstorm
|upkeep
|turn|7
|
|t:|1662964754
|switch|p1a: DA LAST REX(3005)|Tyranitar, F|78/100
|-damage|p1a: DA LAST REX(3005)|65/100|[from] Stealth Rock
|move|p2a: Volcanion|Steam Eruption|p1a: DA LAST REX(3005)
|-supereffective|p1a: DA LAST REX(3005)
|-damage|p1a: DA LAST REX(3005)|13/100
|
|-weather|Sandstorm|[upkeep]
|-damage|p2a: Volcanion|58/100|[from] Sandstorm
|upkeep
|turn|8
|j| EhViewer
|
|t:|1662964756
|move|p2a: Volcanion|Steam Eruption|p1a: DA LAST REX(3005)
|-supereffective|p1a: DA LAST REX(3005)
|-damage|p1a: DA LAST REX(3005)|0 fnt
|faint|p1a: DA LAST REX(3005)
|
|-weather|none
|upkeep
|
|t:|1662964773
|switch|p1a: VODECi|Tapu Koko|100/100
|-damage|p1a: VODECi|88/100|[from] Stealth Rock
|-fieldstart|move: Electric Terrain|[from] ability: Electric Surge|[of] p1a: VODECi
|turn|9
|
|t:|1662964777
|move|p1a: VODECi|Volt Switch|p2a: Volcanion
|-supereffective|p2a: Volcanion
|-damage|p2a: Volcanion|0 fnt
|faint|p2a: Volcanion
|-message|NeoNaruto®++ forfeited.
|
|win|jajajj
|raw|NeoNaruto®++'s rating: 1734 &rarr; <strong>1717</strong><br />(-17 for losing)
|raw|jajajj's rating: 1791 &rarr; <strong>1808</strong><br />(+17 for winning)
|l|☆NeoNaruto®++
|c|☆jajajj|？
