|j|‽hypervortexreturns
|j|☆noudle soop
|t:|1658771612
|gametype|singles
|player|p1|hypervortexreturns|169|1786
|player|p2|noudle soop|ghetsis|1886
|teamsize|p1|6
|teamsize|p2|6
|gen|8
|tier|[Gen 8] OU
|rated|
|rule|Sleep Clause Mod: Limit one foe put to sleep
|rule|Species Clause: Limit one of each Pokémon
|rule|OHKO Clause: OHKO moves are banned
|rule|Evasion Moves Clause: Evasion moves are banned
|rule|Endless Battle Clause: Forcing endless battles is banned
|rule|HP Percentage Mod: HP is shown in percentages
|rule|Dynamax Clause: You cannot dynamax
|clearpoke
|poke|p1|Hydreigon, M|
|poke|p1|Zapdos|
|poke|p1|Tangrowth, M|
|poke|p1|Corviknight, M|
|poke|p1|Excadrill, M|
|poke|p1|Azumarill, F|
|poke|p2|Aegislash, M|
|poke|p2|Ferrothorn, M|
|poke|p2|Landorus-Therian, M|
|poke|p2|Blacephalon|
|poke|p2|Rotom-Wash|
|poke|p2|Hydreigon, M|
|teampreview
|inactive|Battle timer is ON: inactive players will automatically lose when time's up. (requested by noudle soop)
|inactive|hypervortexreturns has 120 seconds left.
|inactive|noudle soop has 120 seconds left.
|j| emo705
|c|☆noudle soop|ive played you a million times and i still can't remember a single set on the team lmao
|c|☆noudle soop|gl hf
|l| emo705
|inactive|noudle soop has 90 seconds left.
|
|t:|1658771672
|start
|switch|p1a: Zapdos|Zapdos|100/100
|switch|p2a: Landorus|Landorus-Therian, M|100/100
|-ability|p2a: Landorus|Intimidate|boost
|-unboost|p1a: Zapdos|atk|1
|turn|1
|
|t:|1658771683
|move|p1a: Zapdos|Toxic|p2a: Landorus|[miss]
|-miss|p1a: Zapdos|p2a: Landorus
|move|p2a: Landorus|Knock Off|p1a: Zapdos
|-crit|p1a: Zapdos
|-damage|p1a: Zapdos|50/100
|-status|p2a: Landorus|par|[from] ability: Static|[of] p1a: Zapdos
|-enditem|p1a: Zapdos|Heavy-Duty Boots|[from] move: Knock Off|[of] p2a: Landorus
|
|upkeep
|turn|2
|j| emo705
|
|t:|1658771692
|move|p1a: Zapdos|Hurricane|p2a: Landorus
|-damage|p2a: Landorus|63/100 par
|move|p2a: Landorus|Earthquake|p1a: Zapdos
|-immune|p1a: Zapdos
|
|-heal|p2a: Landorus|70/100 par|[from] item: Leftovers
|upkeep
|turn|3
|j| tYtYuI
|
|t:|1658771702
|move|p1a: Zapdos|Hurricane|p2a: Landorus
|-damage|p2a: Landorus|34/100 par
|cant|p2a: Landorus|par
|
|-heal|p2a: Landorus|40/100 par|[from] item: Leftovers
|upkeep
|turn|4
|
|t:|1658771710
|move|p1a: Zapdos|Hurricane|p2a: Landorus
|-damage|p2a: Landorus|3/100 par
|move|p2a: Landorus|U-turn|p1a: Zapdos
|-resisted|p1a: Zapdos
|-damage|p1a: Zapdos|40/100
|
|t:|1658771714
|switch|p2a: Storm|Blacephalon, shiny|100/100|[from]move: U-turn
|
|upkeep
|turn|5
|
|t:|1658771722
|switch|p1a: Hydreigon|Hydreigon, M|100/100
|move|p2a: Storm|Flamethrower|p1a: Hydreigon
|-resisted|p1a: Hydreigon
|-damage|p1a: Hydreigon|61/100
|
|-heal|p1a: Hydreigon|67/100|[from] item: Leftovers
|upkeep
|turn|6
|
|t:|1658771734
|switch|p2a: Hydreigon|Hydreigon, M|100/100
|move|p1a: Hydreigon|Roost|p1a: Hydreigon
|-heal|p1a: Hydreigon|100/100
|-singleturn|p1a: Hydreigon|move: Roost
|
|upkeep
|turn|7
|
|t:|1658771744
|switch|p2a: Ferrothorn|Ferrothorn, M|100/100
|switch|p1a: Azumarill|Azumarill, F|100/100
|
|upkeep
|turn|8
|
|t:|1658771756
|switch|p1a: Excadrill|Excadrill, M|100/100
|move|p2a: Ferrothorn|Stealth Rock|p1a: Excadrill
|-sidestart|p1: hypervortexreturns|move: Stealth Rock
|
|upkeep
|turn|9
|
|t:|1658771762
|move|p1a: Excadrill|Stealth Rock|p2a: Ferrothorn
|-sidestart|p2: noudle soop|move: Stealth Rock
|move|p2a: Ferrothorn|Body Press|p1a: Excadrill
|-supereffective|p1a: Excadrill
|-damage|p1a: Excadrill|7/100
|
|-heal|p1a: Excadrill|13/100|[from] item: Leftovers
|upkeep
|turn|10
|
|t:|1658771774
|switch|p1a: Tangrowth|Tangrowth, M|100/100
|-damage|p1a: Tangrowth|88/100|[from] Stealth Rock
|move|p2a: Ferrothorn|Body Press|p1a: Tangrowth
|-damage|p1a: Tangrowth|71/100
|-damage|p2a: Ferrothorn|84/100|[from] item: Rocky Helmet|[of] p1a: Tangrowth
|
|upkeep
|turn|11
|
|t:|1658771784
|switch|p2a: Landorus|Landorus-Therian, M|3/100 par
|-damage|p2a: Landorus|0 fnt|[from] Stealth Rock
|faint|p2a: Landorus
|move|p1a: Tangrowth|Knock Off|p2: Landorus|[notarget]
|-fail|p1a: Tangrowth
|
|upkeep
|inactive|noudle soop has 120 seconds left.
|
|t:|1658771842
|switch|p2a: Aegislash|Aegislash, M|100/100
|-damage|p2a: Aegislash|94/100|[from] Stealth Rock
|turn|12
|
|t:|1658771860
|switch|p1a: Excadrill|Excadrill, M|13/100
|-damage|p1a: Excadrill|10/100|[from] Stealth Rock
|move|p2a: Aegislash|Swords Dance|p2a: Aegislash
|-boost|p2a: Aegislash|atk|2
|
|-heal|p1a: Excadrill|16/100|[from] item: Leftovers
|upkeep
|turn|13
|
|t:|1658771871
|move|p1a: Excadrill|Earthquake|p2a: Aegislash
|-supereffective|p2a: Aegislash
|-damage|p2a: Aegislash|6/100
|-enditem|p2a: Aegislash|Weakness Policy
|-boost|p2a: Aegislash|atk|2|[from] item: Weakness Policy
|-boost|p2a: Aegislash|spa|2|[from] item: Weakness Policy
|-formechange|p2a: Aegislash|Aegislash-Blade||[from] ability: Stance Change
|move|p2a: Aegislash|Iron Head|p1a: Excadrill
|-resisted|p1a: Excadrill
|-damage|p1a: Excadrill|0 fnt
|faint|p1a: Excadrill
|
|upkeep
|j| PainInTheS
|j| LuckyBombVoyage
|inactive|hypervortexreturns has 120 seconds left.
|
|t:|1658771893
|switch|p1a: Tangrowth|Tangrowth, M|100/100
|-damage|p1a: Tangrowth|88/100|[from] Stealth Rock
|turn|14
|
|t:|1658771898
|move|p2a: Aegislash|Iron Head|p1a: Tangrowth
|-damage|p1a: Tangrowth|15/100
|-damage|p2a: Aegislash|0 fnt|[from] item: Rocky Helmet|[of] p1a: Tangrowth
|faint|p2a: Aegislash
|move|p1a: Tangrowth|Knock Off|p2: Aegislash|[notarget]
|-fail|p1a: Tangrowth
|
|upkeep
|inactive|noudle soop has 120 seconds left.
|
|t:|1658771904
|switch|p2a: Rotom|Rotom-Wash, shiny|100/100
|-damage|p2a: Rotom|88/100|[from] Stealth Rock
|turn|15
|j| Hella Rare Pepe
|l| LuckyBombVoyage
|
|t:|1658771918
|switch|p1a: Hydreigon|Hydreigon, M|100/100
|-damage|p1a: Hydreigon|88/100|[from] Stealth Rock
|move|p2a: Rotom|Volt Switch|p1a: Hydreigon
|-resisted|p1a: Hydreigon
|-damage|p1a: Hydreigon|75/100
|
|t:|1658771921
|switch|p2a: Hydreigon|Hydreigon, M|100/100|[from]move: Volt Switch
|-damage|p2a: Hydreigon|88/100|[from] Stealth Rock
|
|-heal|p1a: Hydreigon|82/100|[from] item: Leftovers
|upkeep
|turn|16
|j| LuckyBombVoyage
|
|t:|1658771933
|switch|p2a: Rotom|Rotom-Wash, shiny|88/100
|-damage|p2a: Rotom|76/100|[from] Stealth Rock
|switch|p1a: Azumarill|Azumarill, F|100/100
|-damage|p1a: Azumarill|88/100|[from] Stealth Rock
|
|-heal|p2a: Rotom|82/100|[from] item: Leftovers
|upkeep
|turn|17
|l| emo705
|inactive|hypervortexreturns has 120 seconds left.
|j| emo705
|l| tYtYuI
|j| joeding
|inactive|hypervortexreturns has 90 seconds left.
|l| joeding
|
|t:|1658772001
|switch|p1a: Tangrowth|Tangrowth, M|48/100
|-damage|p1a: Tangrowth|35/100|[from] Stealth Rock
|move|p2a: Rotom|Volt Switch|p1a: Tangrowth
|-resisted|p1a: Tangrowth
|-damage|p1a: Tangrowth|18/100
|l| emo705
|
|t:|1658772018
|switch|p2a: Storm|Blacephalon, shiny|100/100|[from]move: Volt Switch
|-damage|p2a: Storm|76/100|[from] Stealth Rock
|
|upkeep
|turn|18
|inactive|hypervortexreturns has 90 seconds left.
|
|t:|1658772034
|move|p2a: Storm|Flamethrower|p1a: Tangrowth
|-supereffective|p1a: Tangrowth
|-damage|p1a: Tangrowth|0 fnt
|faint|p1a: Tangrowth
|-ability|p2a: Storm|Beast Boost|boost
|-boost|p2a: Storm|spa|1
|
|upkeep
|j| tonyz97
|
|t:|1658772046
|switch|p1a: Hydreigon|Hydreigon, M|82/100
|-damage|p1a: Hydreigon|69/100|[from] Stealth Rock
|turn|19
|
|t:|1658772052
|switch|p2a: Hydreigon|Hydreigon, M|88/100
|-damage|p2a: Hydreigon|76/100|[from] Stealth Rock
|move|p1a: Hydreigon|Dark Pulse|p2a: Hydreigon
|-resisted|p2a: Hydreigon
|-damage|p2a: Hydreigon|57/100
|
|-heal|p1a: Hydreigon|75/100|[from] item: Leftovers
|upkeep
|turn|20
|j| MPEKAS
|j| emo705
|
|t:|1658772066
|switch|p1a: Zapdos|Zapdos|40/100
|-damage|p1a: Zapdos|15/100|[from] Stealth Rock
|move|p2a: Hydreigon|Draco Meteor|p1a: Zapdos
|-damage|p1a: Zapdos|0 fnt
|-unboost|p2a: Hydreigon|spa|2
|faint|p1a: Zapdos
|
|upkeep
|
|t:|1658772077
|switch|p1a: Azumarill|Azumarill, F|88/100
|-damage|p1a: Azumarill|76/100|[from] Stealth Rock
|turn|21
|l| Hella Rare Pepe
|
|t:|1658772087
|switch|p2a: Ferrothorn|Ferrothorn, M|84/100
|-damage|p2a: Ferrothorn|78/100|[from] Stealth Rock
|move|p1a: Azumarill|Belly Drum|p1a: Azumarill
|-damage|p1a: Azumarill|26/100
|-setboost|p1a: Azumarill|atk|6|[from] move: Belly Drum
|-enditem|p1a: Azumarill|Sitrus Berry|[eat]
|-heal|p1a: Azumarill|51/100|[from] item: Sitrus Berry
|
|upkeep
|turn|22
|
|t:|1658772098
|move|p1a: Azumarill|Knock Off|p2a: Ferrothorn
|-damage|p2a: Ferrothorn|0 fnt
|-damage|p1a: Azumarill|39/100|[from] ability: Iron Barbs|[of] p2a: Ferrothorn
|-damage|p1a: Azumarill|22/100|[from] item: Rocky Helmet|[of] p2a: Ferrothorn
|-enditem|p2a: Ferrothorn|Rocky Helmet|[from] move: Knock Off|[of] p1a: Azumarill
|faint|p2a: Ferrothorn
|
|upkeep
|
|t:|1658772109
|switch|p2a: Hydreigon|Hydreigon, M|57/100
|-damage|p2a: Hydreigon|45/100|[from] Stealth Rock
|turn|23
|
|t:|1658772114
|move|p1a: Azumarill|Aqua Jet|p2a: Hydreigon
|-resisted|p2a: Hydreigon
|-damage|p2a: Hydreigon|0 fnt
|faint|p2a: Hydreigon
|
|upkeep
|
|t:|1658772116
|switch|p2a: Rotom|Rotom-Wash, shiny|82/100
|-damage|p2a: Rotom|70/100|[from] Stealth Rock
|turn|24
|
|t:|1658772122
|move|p1a: Azumarill|Aqua Jet|p2a: Rotom
|-resisted|p2a: Rotom
|-damage|p2a: Rotom|21/100
|move|p2a: Rotom|Volt Switch|p1a: Azumarill
|-supereffective|p1a: Azumarill
|-damage|p1a: Azumarill|0 fnt
|faint|p1a: Azumarill
|
|t:|1658772125
|switch|p2a: Storm|Blacephalon, shiny|76/100|[from]move: Volt Switch
|-damage|p2a: Storm|51/100|[from] Stealth Rock
|
|upkeep
|
|t:|1658772135
|switch|p1a: Hydreigon|Hydreigon, M|75/100
|-damage|p1a: Hydreigon|63/100|[from] Stealth Rock
|turn|25
|
|t:|1658772144
|move|p2a: Storm|Overheat|p1a: Hydreigon
|-resisted|p1a: Hydreigon
|-damage|p1a: Hydreigon|4/100
|-unboost|p2a: Storm|spa|2
|move|p1a: Hydreigon|Dark Pulse|p2a: Storm
|-supereffective|p2a: Storm
|-damage|p2a: Storm|0 fnt
|faint|p2a: Storm
|
|-heal|p1a: Hydreigon|11/100|[from] item: Leftovers
|upkeep
|c|☆noudle soop|gg
|c|☆noudle soop|that was a roll
|inactive|noudle soop has 120 seconds left.
|j| tYtYuI
|-message|noudle soop forfeited.
|
|win|hypervortexreturns
|raw|hypervortexreturns's rating: 1769 &rarr; <strong>1795</strong><br />(+26 for winning)
|raw|noudle soop's rating: 1886 &rarr; <strong>1860</strong><br />(-26 for losing)
|l|☆noudle soop
|j| Ferja99
|l| emo705
|l|‽hypervortexreturns
|l| PainInTheS
||Ladder isn't responding, score probably updated but might not have (Request timeout).
|l| LuckyBombVoyage
