|j|☆AFCarmona
|j|☆ezwz
|t:|1643568556
|gametype|singles
|player|p1|AFCarmona|lance|1803
|player|p2|ezwz|youngster-gen4dp|1764
|teamsize|p1|6
|teamsize|p2|6
|gen|8
|tier|[Gen 8] OU
|rated|
|rule|Sleep Clause Mod: Limit one foe put to sleep
|rule|Species Clause: Limit one of each Pokémon
|rule|OHKO Clause: OHKO moves are banned
|rule|Evasion Moves Clause: Evasion moves are banned
|rule|Endless Battle Clause: Forcing endless battles is banned
|rule|HP Percentage Mod: HP is shown in percentages
|rule|Dynamax Clause: You cannot dynamax
|clearpoke
|poke|p1|Tyranitar, M|
|poke|p1|Zapdos|
|poke|p1|Kartana|
|poke|p1|Mamoswine, F|
|poke|p1|Blacephalon|
|poke|p1|Victini|
|poke|p2|Landorus-Therian, M|
|poke|p2|Weavile, M|
|poke|p2|Ferrothorn, M|
|poke|p2|Heatran, F|
|poke|p2|Tapu Fini|
|poke|p2|Tornadus-Therian, M|
|teampreview
|j| Nylez
|j| DA COME UP
|inactive|Battle timer is ON: inactive players will automatically lose when time's up. (requested by ezwz)
|inactive|AFCarmona has 120 seconds left.
|inactive|AFCarmona has 90 seconds left.
|inactive|AFCarmona has 60 seconds left.
|inactive|AFCarmona has 30 seconds left.
|
|t:|1643568737
|start
|switch|p1a: Victini|Victini|100/100
|switch|p2a: Landorus|Landorus-Therian, M|100/100
|-ability|p2a: Landorus|Intimidate|boost
|-unboost|p1a: Victini|atk|1
|turn|1
|inactive|AFCarmona has 90 seconds left.
|j| gloibib
|inactive|ezwz has 120 seconds left.
|
|t:|1643568787
|switch|p2a: Tapu Fini|Tapu Fini|100/100
|-fieldstart|move: Misty Terrain|[from] ability: Misty Surge|[of] p2a: Tapu Fini
|move|p1a: Victini|Final Gambit|p2a: Tapu Fini
|-damage|p2a: Tapu Fini|0 fnt
|faint|p1a: Victini
|faint|p2a: Tapu Fini
|
|upkeep
|
|t:|1643568801
|switch|p1a: Tyranitar|Tyranitar, M|100/100
|switch|p2a: Landorus|Landorus-Therian, M|100/100
|-ability|p2a: Landorus|Intimidate|boost
|-unboost|p1a: Tyranitar|atk|1
|-weather|Sandstorm|[from] ability: Sand Stream|[of] p1a: Tyranitar
|turn|2
|
|t:|1643568809
|switch|p2a: Ferrothorn|Ferrothorn, M|100/100
|move|p1a: Tyranitar|Ice Punch|p2a: Ferrothorn
|-damage|p2a: Ferrothorn|84/100
|-damage|p1a: Tyranitar|88/100|[from] ability: Iron Barbs|[of] p2a: Ferrothorn
|
|-weather|Sandstorm|[upkeep]
|-heal|p2a: Ferrothorn|90/100|[from] item: Leftovers
|upkeep
|turn|3
|
|t:|1643568814
|switch|p1a: Blacephalon|Blacephalon|100/100
|move|p2a: Ferrothorn|Spikes|p1a: Blacephalon
|-sidestart|p1: AFCarmona|Spikes
|
|-weather|Sandstorm|[upkeep]
|-damage|p1a: Blacephalon|94/100|[from] Sandstorm
|-heal|p2a: Ferrothorn|97/100|[from] item: Leftovers
|upkeep
|turn|4
|
|t:|1643568818
|switch|p2a: Heatran|Heatran, F|100/100
|move|p1a: Blacephalon|Shadow Ball|p2a: Heatran
|-damage|p2a: Heatran|61/100
|
|-weather|Sandstorm|[upkeep]
|-damage|p1a: Blacephalon|88/100|[from] Sandstorm
|-heal|p2a: Heatran|67/100|[from] item: Leftovers
|upkeep
|turn|5
|
|t:|1643568822
|switch|p1a: Tyranitar|Tyranitar, M|88/100
|-damage|p1a: Tyranitar|76/100|[from] Spikes
|move|p2a: Heatran|Earth Power|p1a: Tyranitar
|-supereffective|p1a: Tyranitar
|-damage|p1a: Tyranitar|48/100
|
|-weather|Sandstorm|[upkeep]
|-heal|p2a: Heatran|73/100|[from] item: Leftovers
|-fieldend|Misty Terrain
|upkeep
|turn|6
|
|t:|1643568829
|switch|p2a: Landorus|Landorus-Therian, M|100/100
|-ability|p2a: Landorus|Intimidate|boost
|-unboost|p1a: Tyranitar|atk|1
|move|p1a: Tyranitar|Ice Punch|p2a: Landorus
|-supereffective|p2a: Landorus
|-damage|p2a: Landorus|18/100
|
|-weather|none
|-heal|p2a: Landorus|24/100|[from] item: Leftovers
|upkeep
|turn|7
|
|t:|1643568838
|switch|p2a: Heatran|Heatran, F|73/100
|switch|p1a: Zapdos|Zapdos|100/100
|
|-heal|p2a: Heatran|79/100|[from] item: Leftovers
|upkeep
|turn|8
|
|t:|1643568848
|move|p1a: Zapdos|Defog|p2a: Heatran
|-unboost|p2a: Heatran|evasion|1
|-sideend|p1: AFCarmona|Spikes|[from] move: Defog|[of] p1a: Zapdos
|move|p2a: Heatran|Toxic|p1a: Zapdos
|-status|p1a: Zapdos|tox
|
|-heal|p2a: Heatran|85/100|[from] item: Leftovers
|-damage|p1a: Zapdos|94/100 tox|[from] psn
|upkeep
|turn|9
|
|t:|1643568853
|move|p1a: Zapdos|Volt Switch|p2a: Heatran
|-damage|p2a: Heatran|66/100
|
|t:|1643568856
|switch|p1a: Tyranitar|Tyranitar, M|48/100|[from]move: Volt Switch
|-weather|Sandstorm|[from] ability: Sand Stream|[of] p1a: Tyranitar
|move|p2a: Heatran|Stealth Rock|p1a: Tyranitar
|-sidestart|p1: AFCarmona|move: Stealth Rock
|
|-weather|Sandstorm|[upkeep]
|-heal|p2a: Heatran|72/100|[from] item: Leftovers
|upkeep
|turn|10
|
|t:|1643568863
|switch|p2a: Ferrothorn|Ferrothorn, M|97/100
|move|p1a: Tyranitar|Crunch|p2a: Ferrothorn
|-damage|p2a: Ferrothorn|56/100
|-damage|p1a: Tyranitar|35/100|[from] ability: Iron Barbs|[of] p2a: Ferrothorn
|
|-weather|Sandstorm|[upkeep]
|-heal|p2a: Ferrothorn|62/100|[from] item: Leftovers
|upkeep
|turn|11
|
|t:|1643568884
|switch|p2a: Weavile|Weavile, M|100/100
|-ability|p2a: Weavile|Pressure
|move|p1a: Tyranitar|Crunch|p2a: Weavile
|-resisted|p2a: Weavile
|-damage|p2a: Weavile|39/100
|
|-weather|Sandstorm|[upkeep]
|-damage|p2a: Weavile|33/100|[from] Sandstorm
|upkeep
|turn|12
|
|t:|1643568892
|move|p2a: Weavile|Triple Axel|p1a: Tyranitar
|-crit|p1a: Tyranitar
|-damage|p1a: Tyranitar|22/100
|-crit|p1a: Tyranitar
|-damage|p1a: Tyranitar|0 fnt
|faint|p1a: Tyranitar
|-hitcount|p1: Tyranitar|2
|
|-weather|Sandstorm|[upkeep]
|-damage|p2a: Weavile|26/100|[from] Sandstorm
|upkeep
|
|t:|1643568903
|switch|p1a: Kartana|Kartana|100/100
|-damage|p1a: Kartana|94/100|[from] Stealth Rock
|turn|13
|
|t:|1643568907
|switch|p2a: Tornadus|Tornadus-Therian, M|100/100
|move|p1a: Kartana|Knock Off|p2a: Tornadus
|-damage|p2a: Tornadus|47/100
|-enditem|p2a: Tornadus|Heavy-Duty Boots|[from] move: Knock Off|[of] p1a: Kartana
|
|-weather|none
|upkeep
|turn|14
|
|t:|1643568911
|switch|p1a: Zapdos|Zapdos|94/100 tox
|move|p2a: Tornadus|U-turn|p1a: Zapdos
|-resisted|p1a: Zapdos
|-damage|p1a: Zapdos|88/100 tox
|
|t:|1643568927
|switch|p2a: Weavile|Weavile, M|26/100|[from]move: U-turn
|-ability|p2a: Weavile|Pressure
|
|-damage|p1a: Zapdos|82/100 tox|[from] psn
|upkeep
|turn|15
|
|t:|1643568933
|move|p2a: Weavile|Triple Axel|p1a: Zapdos
|-supereffective|p1a: Zapdos
|-damage|p1a: Zapdos|65/100 tox
|-status|p2a: Weavile|par|[from] ability: Static|[of] p1a: Zapdos
|-supereffective|p1a: Zapdos
|-damage|p1a: Zapdos|30/100 tox
|-supereffective|p1a: Zapdos
|-damage|p1a: Zapdos|0 fnt
|faint|p1a: Zapdos
|-hitcount|p1: Zapdos|3
|
|upkeep
|
|t:|1643568945
|switch|p1a: Blacephalon|Blacephalon|88/100
|-damage|p1a: Blacephalon|64/100|[from] Stealth Rock
|turn|16
|
|t:|1643568947
|cant|p2a: Weavile|par
|move|p1a: Blacephalon|Shadow Ball|p2a: Weavile
|-resisted|p2a: Weavile
|-damage|p2a: Weavile|0 fnt
|faint|p2a: Weavile
|-ability|p1a: Blacephalon|Beast Boost|boost
|-boost|p1a: Blacephalon|spa|1
|
|upkeep
|j| ololo mola
|inactive|ezwz has 120 seconds left.
|
|t:|1643568978
|switch|p2a: Tornadus|Tornadus-Therian, M|81/100
|turn|17
|
|t:|1643568981
|switch|p1a: Mamoswine|Mamoswine, F|100/100
|-damage|p1a: Mamoswine|88/100|[from] Stealth Rock
|move|p2a: Tornadus|Knock Off|p1a: Mamoswine
|-damage|p1a: Mamoswine|64/100
|-enditem|p1a: Mamoswine|Focus Sash|[from] move: Knock Off|[of] p2a: Tornadus
|
|upkeep
|turn|18
|
|t:|1643568999
|move|p2a: Tornadus|U-turn|p1a: Mamoswine
|-damage|p1a: Mamoswine|47/100
|inactive|ezwz has 120 seconds left.
|
|t:|1643569014
|switch|p2a: Heatran|Heatran, F|72/100|[from]move: U-turn
|move|p1a: Mamoswine|Icicle Crash|p2a: Heatran
|-resisted|p2a: Heatran
|-damage|p2a: Heatran|62/100
|
|-heal|p2a: Heatran|68/100|[from] item: Leftovers
|upkeep
|turn|19
|
|t:|1643569018
|switch|p2a: Landorus|Landorus-Therian, M|24/100
|-ability|p2a: Landorus|Intimidate|boost
|-fail|p1a: Mamoswine|unboost|Attack|[from] ability: Oblivious|[of] p1a: Mamoswine
|move|p1a: Mamoswine|Earthquake|p2a: Landorus
|-immune|p2a: Landorus
|
|-heal|p2a: Landorus|30/100|[from] item: Leftovers
|upkeep
|turn|20
|inactive|ezwz has 120 seconds left.
|
|t:|1643569039
|move|p1a: Mamoswine|Icicle Crash|p2a: Landorus
|-supereffective|p2a: Landorus
|-damage|p2a: Landorus|0 fnt
|faint|p2a: Landorus
|
|upkeep
|
|t:|1643569040
|switch|p2a: Ferrothorn|Ferrothorn, M|62/100
|turn|21
|
|t:|1643569054
|move|p1a: Mamoswine|Stealth Rock|p2a: Ferrothorn
|-sidestart|p2: ezwz|move: Stealth Rock
|move|p2a: Ferrothorn|Body Press|p1a: Mamoswine
|-supereffective|p1a: Mamoswine
|-damage|p1a: Mamoswine|0 fnt
|faint|p1a: Mamoswine
|
|-heal|p2a: Ferrothorn|68/100|[from] item: Leftovers
|upkeep
|
|t:|1643569057
|switch|p1a: Blacephalon|Blacephalon|64/100
|-damage|p1a: Blacephalon|39/100|[from] Stealth Rock
|turn|22
|inactive|ezwz has 120 seconds left.
|
|t:|1643569092
|move|p1a: Blacephalon|Shadow Ball|p2a: Ferrothorn
|-damage|p2a: Ferrothorn|11/100
|move|p2a: Ferrothorn|Knock Off|p1a: Blacephalon
|-supereffective|p1a: Blacephalon
|-damage|p1a: Blacephalon|0 fnt
|-enditem|p1a: Blacephalon|Choice Specs|[from] move: Knock Off|[of] p2a: Ferrothorn
|faint|p1a: Blacephalon
|
|-heal|p2a: Ferrothorn|17/100|[from] item: Leftovers
|upkeep
|
|t:|1643569096
|switch|p1a: Kartana|Kartana|94/100
|-damage|p1a: Kartana|88/100|[from] Stealth Rock
|turn|23
|
|t:|1643569117
|move|p1a: Kartana|Knock Off|p2a: Ferrothorn
|-damage|p2a: Ferrothorn|0 fnt
|-damage|p1a: Kartana|76/100|[from] ability: Iron Barbs|[of] p2a: Ferrothorn
|-enditem|p2a: Ferrothorn|Leftovers|[from] move: Knock Off|[of] p1a: Kartana
|faint|p2a: Ferrothorn
|-ability|p1a: Kartana|Beast Boost|boost
|-boost|p1a: Kartana|atk|1
|
|upkeep
|inactive|ezwz has 120 seconds left.
|
|t:|1643569145
|switch|p2a: Tornadus|Tornadus-Therian, M|100/100
|-damage|p2a: Tornadus|76/100|[from] Stealth Rock
|turn|24
|
|t:|1643569151
|move|p1a: Kartana|Knock Off|p2a: Tornadus
|-damage|p2a: Tornadus|27/100
|move|p2a: Tornadus|Hurricane|p1a: Kartana
|-damage|p1a: Kartana|0 fnt
|faint|p1a: Kartana
|
|win|ezwz
|raw|AFCarmona's rating: 1803 &rarr; <strong>1781</strong><br />(-22 for losing)
|raw|ezwz's rating: 1764 &rarr; <strong>1786</strong><br />(+22 for winning)
|l| DA COME UP
|l| gloibib
|l|☆AFCarmona
|l|☆ezwz
