|j|☆Acey 2B!
|j|☆rigmortus
|t:|1634673470
|gametype|singles
|player|p1|Acey 2B!|winona-gen6|1810
|player|p2|rigmortus|lucas|1859
|teamsize|p1|6
|teamsize|p2|6
|gen|8
|tier|[Gen 8] OU
|rated|
|rule|Sleep Clause Mod: Limit one foe put to sleep
|rule|Species Clause: Limit one of each Pokémon
|rule|OHKO Clause: OHKO moves are banned
|rule|Evasion Moves Clause: Evasion moves are banned
|rule|Endless Battle Clause: Forcing endless battles is banned
|rule|HP Percentage Mod: HP is shown in percentages
|rule|Dynamax Clause: You cannot dynamax
|clearpoke
|poke|p1|Clefable, F|
|poke|p1|Ferrothorn, M|
|poke|p1|Toxapex, M|
|poke|p1|Tornadus-Therian, M|
|poke|p1|Hippowdon, F|
|poke|p1|Dragapult, F|
|poke|p2|Skarmory, F|
|poke|p2|Rotom-Wash|
|poke|p2|Heatran, M|
|poke|p2|Landorus-Therian, M|
|poke|p2|Tapu Lele|
|poke|p2|Dragapult, M|
|teampreview
|inactive|Battle timer is ON: inactive players will automatically lose when time's up. (requested by rigmortus)
|inactive|Acey 2B! has 120 seconds left.
|j| dying breath
|
|t:|1634673522
|start
|switch|p1a: Wraith|Dragapult, F|100/100
|switch|p2a: Rotom|Rotom-Wash|100/100
|turn|1
|l| dying breath
|j| Shofu1234
|
|t:|1634673530
|switch|p1a: Psamathe|Hippowdon, F, shiny|100/100
|-weather|Sandstorm|[from] ability: Sand Stream|[of] p1a: Psamathe
|switch|p2a: Heatran|Heatran, M|100/100
|
|-weather|Sandstorm|[upkeep]
|upkeep
|turn|2
|j| dying breath
|
|t:|1634673541
|switch|p2a: Skarmory|Skarmory, F|100/100
|switch|p1a: Raiden|Tornadus-Therian, M, shiny|100/100
|
|-weather|Sandstorm|[upkeep]
|-damage|p1a: Raiden|94/100|[from] Sandstorm
|upkeep
|turn|3
|
|t:|1634673548
|switch|p2a: Rotom|Rotom-Wash|100/100
|move|p1a: Raiden|Knock Off|p2a: Rotom
|-damage|p2a: Rotom|81/100
|-enditem|p2a: Rotom|Choice Scarf|[from] move: Knock Off|[of] p1a: Raiden
|
|-weather|Sandstorm|[upkeep]
|-damage|p1a: Raiden|88/100|[from] Sandstorm
|-damage|p2a: Rotom|75/100|[from] Sandstorm
|upkeep
|turn|4
|
|t:|1634673553
|move|p1a: Raiden|U-turn|p2a: Rotom
|-damage|p2a: Rotom|63/100
|
|t:|1634673555
|switch|p1a: Meruem|Ferrothorn, M|100/100|[from]move: U-turn
|move|p2a: Rotom|Trick|p1a: Meruem
|-activate|p2a: Rotom|move: Trick|[of] p1a: Meruem
|-enditem|p1a: Meruem|Leftovers|[silent]|[from] move: Trick
|-item|p2a: Rotom|Leftovers|[from] move: Trick
|
|-weather|Sandstorm|[upkeep]
|-damage|p2a: Rotom|57/100|[from] Sandstorm
|-heal|p2a: Rotom|63/100|[from] item: Leftovers
|upkeep
|turn|5
|
|t:|1634673561
|move|p2a: Rotom|Volt Switch|p1a: Meruem
|-resisted|p1a: Meruem
|-damage|p1a: Meruem|92/100
|
|t:|1634673568
|switch|p2a: Skarmory|Skarmory, F|100/100|[from]move: Volt Switch
|move|p1a: Meruem|Knock Off|p2a: Skarmory
|-damage|p2a: Skarmory|88/100
|-damage|p1a: Meruem|75/100|[from] item: Rocky Helmet|[of] p2a: Skarmory
|-enditem|p2a: Skarmory|Rocky Helmet|[from] move: Knock Off|[of] p1a: Meruem
|
|-weather|none
|upkeep
|turn|6
|
|t:|1634673576
|switch|p1a: Raiden|Tornadus-Therian, M, shiny|100/100
|move|p2a: Skarmory|Body Press|p1a: Raiden
|-resisted|p1a: Raiden
|-damage|p1a: Raiden|84/100
|
|upkeep
|turn|7
|
|t:|1634673579
|switch|p2a: Rotom|Rotom-Wash|63/100
|move|p1a: Raiden|Knock Off|p2a: Rotom
|-damage|p2a: Rotom|45/100
|-enditem|p2a: Rotom|Leftovers|[from] move: Knock Off|[of] p1a: Raiden
|
|upkeep
|turn|8
|
|t:|1634673585
|move|p1a: Raiden|U-turn|p2a: Rotom
|-damage|p2a: Rotom|31/100
|
|t:|1634673587
|switch|p1a: Carnage|Toxapex, M, shiny|100/100|[from]move: U-turn
|move|p2a: Rotom|Pain Split|p1a: Carnage
|-sethp|p1a: Carnage|66/100|[from] move: Pain Split|[silent]
|-sethp|p2a: Rotom|66/100|[from] move: Pain Split
|
|upkeep
|turn|9
|c|☆Acey 2B!|mislcick
|
|t:|1634673596
|move|p2a: Rotom|Volt Switch|p1a: Carnage
|-supereffective|p1a: Carnage
|-damage|p1a: Carnage|29/100
|
|t:|1634673599
|switch|p2a: Heatran|Heatran, M|100/100|[from]move: Volt Switch
|move|p1a: Carnage|Toxic Spikes|p2a: Heatran
|-sidestart|p2: rigmortus|move: Toxic Spikes
|
|upkeep
|turn|10
|
|t:|1634673605
|switch|p1a: Psamathe|Hippowdon, F, shiny|100/100
|-weather|Sandstorm|[from] ability: Sand Stream|[of] p1a: Psamathe
|move|p2a: Heatran|Stealth Rock|p1a: Psamathe
|-sidestart|p1: Acey 2B!|move: Stealth Rock
|
|-weather|Sandstorm|[upkeep]
|upkeep
|turn|11
|
|t:|1634673614
|switch|p2a: Skarmory|Skarmory, F|88/100
|switch|p1a: Raiden|Tornadus-Therian, M, shiny|100/100
|
|-weather|Sandstorm|[upkeep]
|-damage|p1a: Raiden|94/100|[from] Sandstorm
|upkeep
|turn|12
|
|t:|1634673620
|switch|p2a: Rotom|Rotom-Wash|66/100
|move|p1a: Raiden|Knock Off|p2a: Rotom
|-damage|p2a: Rotom|53/100
|
|-weather|Sandstorm|[upkeep]
|-damage|p1a: Raiden|88/100|[from] Sandstorm
|-damage|p2a: Rotom|47/100|[from] Sandstorm
|upkeep
|turn|13
|
|t:|1634673625
|move|p1a: Raiden|U-turn|p2a: Rotom
|-damage|p2a: Rotom|33/100
|
|t:|1634673626
|switch|p1a: Meruem|Ferrothorn, M|75/100|[from]move: U-turn
|-damage|p1a: Meruem|69/100|[from] Stealth Rock
|move|p2a: Rotom|Pain Split|p1a: Meruem
|-sethp|p1a: Meruem|49/100|[from] move: Pain Split|[silent]
|-sethp|p2a: Rotom|56/100|[from] move: Pain Split
|
|-weather|Sandstorm|[upkeep]
|-damage|p2a: Rotom|50/100|[from] Sandstorm
|upkeep
|turn|14
|
|t:|1634673633
|move|p2a: Rotom|Volt Switch|p1a: Meruem
|-resisted|p1a: Meruem
|-damage|p1a: Meruem|41/100
|
|t:|1634673637
|switch|p2a: Skarmory|Skarmory, F|88/100|[from]move: Volt Switch
|move|p1a: Meruem|Leech Seed|p2a: Skarmory
|-start|p2a: Skarmory|move: Leech Seed
|
|-weather|none
|-damage|p2a: Skarmory|76/100|[from] Leech Seed|[of] p1a: Meruem
|-heal|p1a: Meruem|53/100|[silent]
|upkeep
|turn|15
|
|t:|1634673643
|switch|p2a: Heatran|Heatran, M|100/100
|switch|p1a: Raiden|Tornadus-Therian, M, shiny|100/100
|
|upkeep
|turn|16
|
|t:|1634673647
|switch|p2a: Rotom|Rotom-Wash|50/100
|move|p1a: Raiden|Knock Off|p2a: Rotom
|-damage|p2a: Rotom|38/100
|
|upkeep
|turn|17
|
|t:|1634673654
|move|p1a: Raiden|U-turn|p2a: Rotom
|-damage|p2a: Rotom|26/100
|
|t:|1634673656
|switch|p1a: Meruem|Ferrothorn, M|53/100|[from]move: U-turn
|-damage|p1a: Meruem|47/100|[from] Stealth Rock
|move|p2a: Rotom|Pain Split|p1a: Meruem
|-sethp|p1a: Meruem|34/100|[from] move: Pain Split|[silent]
|-sethp|p2a: Rotom|40/100|[from] move: Pain Split
|
|upkeep
|turn|18
|
|t:|1634673663
|move|p2a: Rotom|Volt Switch|p1a: Meruem
|-resisted|p1a: Meruem
|-damage|p1a: Meruem|26/100
|
|t:|1634673667
|switch|p2a: Skarmory|Skarmory, F|76/100|[from]move: Volt Switch
|move|p1a: Meruem|Leech Seed|p2a: Skarmory
|-start|p2a: Skarmory|move: Leech Seed
|
|-damage|p2a: Skarmory|64/100|[from] Leech Seed|[of] p1a: Meruem
|-heal|p1a: Meruem|38/100|[silent]
|upkeep
|turn|19
|
|t:|1634673688
|switch|p2a: Heatran|Heatran, M|100/100
|move|p1a: Meruem|Spikes|p2a: Heatran
|-sidestart|p2: rigmortus|Spikes
|
|upkeep
|turn|20
|
|t:|1634673695
|switch|p1a: Psamathe|Hippowdon, F, shiny|100/100
|-weather|Sandstorm|[from] ability: Sand Stream|[of] p1a: Psamathe
|move|p2a: Heatran|Magma Storm|p1a: Psamathe
|-damage|p1a: Psamathe|70/100
|-activate|p1a: Psamathe|move: Magma Storm|[of] p2a: Heatran
|
|-weather|Sandstorm|[upkeep]
|-damage|p1a: Psamathe|57/100|[from] move: Magma Storm|[partiallytrapped]
|upkeep
|turn|21
|
|t:|1634673707
|switch|p2a: Skarmory|Skarmory, F|64/100
|move|p1a: Psamathe|Slack Off|p1a: Psamathe
|-heal|p1a: Psamathe|100/100
|
|-weather|Sandstorm|[upkeep]
|-end|p1a: Psamathe|Magma Storm|[partiallytrapped]|[silent]
|upkeep
|turn|22
|
|t:|1634673711
|move|p2a: Skarmory|Spikes|p1a: Psamathe
|-sidestart|p1: Acey 2B!|Spikes
|move|p1a: Psamathe|Stealth Rock|p2a: Skarmory
|-sidestart|p2: rigmortus|move: Stealth Rock
|
|-weather|Sandstorm|[upkeep]
|upkeep
|turn|23
|j| meatybawls
|
|t:|1634673719
|switch|p2a: Rotom|Rotom-Wash|40/100
|-damage|p2a: Rotom|27/100|[from] Stealth Rock
|switch|p1a: Raiden|Tornadus-Therian, M, shiny|100/100
|
|-weather|Sandstorm|[upkeep]
|-damage|p1a: Raiden|94/100|[from] Sandstorm
|-damage|p2a: Rotom|21/100|[from] Sandstorm
|upkeep
|turn|24
|
|t:|1634673732
|move|p1a: Raiden|U-turn|p2a: Rotom
|-damage|p2a: Rotom|7/100
|
|t:|1634673734
|switch|p1a: Meruem|Ferrothorn, M|38/100|[from]move: U-turn
|-damage|p1a: Meruem|32/100|[from] Stealth Rock
|-damage|p1a: Meruem|19/100|[from] Spikes
|move|p2a: Rotom|Volt Switch|p1a: Meruem
|-resisted|p1a: Meruem
|-damage|p1a: Meruem|12/100
|
|t:|1634673742
|switch|p2a: Landorus|Landorus-Therian, M|100/100|[from]move: Volt Switch
|-damage|p2a: Landorus|88/100|[from] Stealth Rock
|-ability|p2a: Landorus|Intimidate|boost
|-unboost|p1a: Meruem|atk|1
|
|-weather|none
|-heal|p2a: Landorus|94/100|[from] item: Leftovers
|upkeep
|turn|25
|
|t:|1634673751
|move|p2a: Landorus|Earthquake|p1a: Meruem
|-damage|p1a: Meruem|0 fnt
|faint|p1a: Meruem
|
|-heal|p2a: Landorus|99/100|[from] item: Leftovers
|upkeep
|
|t:|1634673761
|switch|p1a: Psamathe|Hippowdon, F, shiny|100/100
|-weather|Sandstorm|[from] ability: Sand Stream|[of] p1a: Psamathe
|turn|26
|
|t:|1634673766
|move|p2a: Landorus|U-turn|p1a: Psamathe
|-damage|p1a: Psamathe|83/100
|
|t:|1634673769
|switch|p2a: Skarmory|Skarmory, F|64/100|[from]move: U-turn
|-damage|p2a: Skarmory|51/100|[from] Stealth Rock
|move|p1a: Psamathe|Toxic|p2a: Skarmory
|-immune|p2a: Skarmory
|
|-weather|Sandstorm|[upkeep]
|upkeep
|turn|27
|
|t:|1634673778
|switch|p2a: Landorus|Landorus-Therian, M|99/100
|-damage|p2a: Landorus|88/100|[from] Stealth Rock
|-ability|p2a: Landorus|Intimidate|boost
|-unboost|p1a: Psamathe|atk|1
|move|p1a: Psamathe|Earthquake|p2a: Landorus
|-immune|p2a: Landorus
|
|-weather|Sandstorm|[upkeep]
|-heal|p2a: Landorus|94/100|[from] item: Leftovers
|upkeep
|turn|28
|
|t:|1634673781
|move|p2a: Landorus|U-turn|p1a: Psamathe
|-damage|p1a: Psamathe|68/100
|
|t:|1634673783
|switch|p2a: Skarmory|Skarmory, F|51/100|[from]move: U-turn
|-damage|p2a: Skarmory|39/100|[from] Stealth Rock
|move|p1a: Psamathe|Toxic|p2a: Skarmory
|-immune|p2a: Skarmory
|
|-weather|Sandstorm|[upkeep]
|upkeep
|turn|29
|
|t:|1634673786
|switch|p2a: Landorus|Landorus-Therian, M|94/100
|-damage|p2a: Landorus|82/100|[from] Stealth Rock
|-ability|p2a: Landorus|Intimidate|boost
|-unboost|p1a: Psamathe|atk|1
|move|p1a: Psamathe|Slack Off|p1a: Psamathe
|-heal|p1a: Psamathe|100/100
|
|-weather|Sandstorm|[upkeep]
|-heal|p2a: Landorus|88/100|[from] item: Leftovers
|upkeep
|turn|30
|
|t:|1634673790
|move|p2a: Landorus|U-turn|p1a: Psamathe
|-damage|p1a: Psamathe|85/100
|
|t:|1634673791
|switch|p2a: Skarmory|Skarmory, F|39/100|[from]move: U-turn
|-damage|p2a: Skarmory|27/100|[from] Stealth Rock
|move|p1a: Psamathe|Toxic|p2a: Skarmory
|-immune|p2a: Skarmory
|
|-weather|none
|upkeep
|turn|31
|
|t:|1634673793
|switch|p1a: Raiden|Tornadus-Therian, M, shiny|100/100
|move|p2a: Skarmory|Roost|p2a: Skarmory
|-heal|p2a: Skarmory|77/100
|-singleturn|p2a: Skarmory|move: Roost
|
|upkeep
|turn|32
|
|t:|1634673798
|switch|p2a: Landorus|Landorus-Therian, M|88/100
|-damage|p2a: Landorus|75/100|[from] Stealth Rock
|-ability|p2a: Landorus|Intimidate|boost
|-unboost|p1a: Raiden|atk|1
|move|p1a: Raiden|Heat Wave|p2a: Landorus|[miss]
|-miss|p1a: Raiden|p2a: Landorus
|
|-heal|p2a: Landorus|81/100|[from] item: Leftovers
|upkeep
|turn|33
|
|t:|1634673802
|move|p1a: Raiden|U-turn|p2a: Landorus
|-resisted|p2a: Landorus
|-damage|p2a: Landorus|76/100
|
|t:|1634673804
|switch|p1a: Gwyndolin|Clefable, F|100/100|[from]move: U-turn
|move|p2a: Landorus|Knock Off|p1a: Gwyndolin
|-resisted|p1a: Gwyndolin
|-damage|p1a: Gwyndolin|88/100
|-enditem|p1a: Gwyndolin|Life Orb|[from] move: Knock Off|[of] p2a: Landorus
|
|-heal|p2a: Landorus|82/100|[from] item: Leftovers
|upkeep
|turn|34
|
|t:|1634673811
|move|p2a: Landorus|Defog|p1a: Gwyndolin
|-unboost|p1a: Gwyndolin|evasion|1
|-sideend|p1: Acey 2B!|Spikes|[from] move: Defog|[of] p2a: Landorus
|-sideend|p1: Acey 2B!|Stealth Rock|[from] move: Defog|[of] p2a: Landorus
|-sideend|p2: rigmortus|Spikes|[from] move: Defog|[of] p2a: Landorus
|-sideend|p2: rigmortus|Toxic Spikes|[from] move: Defog|[of] p2a: Landorus
|-sideend|p2: rigmortus|Stealth Rock|[from] move: Defog|[of] p2a: Landorus
|move|p1a: Gwyndolin|Soft-Boiled|p1a: Gwyndolin
|-heal|p1a: Gwyndolin|100/100
|
|-heal|p2a: Landorus|88/100|[from] item: Leftovers
|upkeep
|turn|35
|
|t:|1634673815
|switch|p1a: Raiden|Tornadus-Therian, M, shiny|100/100
|move|p2a: Landorus|U-turn|p1a: Raiden
|-resisted|p1a: Raiden
|-damage|p1a: Raiden|88/100
|
|t:|1634673831
|switch|p2a: Heatran|Heatran, M|100/100|[from]move: U-turn
|
|upkeep
|turn|36
|
|t:|1634673837
|move|p1a: Raiden|Knock Off|p2a: Heatran
|-damage|p2a: Heatran|82/100
|-enditem|p2a: Heatran|Leftovers|[from] move: Knock Off|[of] p1a: Raiden
|move|p2a: Heatran|Magma Storm|p1a: Raiden
|-damage|p1a: Raiden|42/100
|-activate|p1a: Raiden|move: Magma Storm|[of] p2a: Heatran
|
|-damage|p1a: Raiden|30/100|[from] move: Magma Storm|[partiallytrapped]
|upkeep
|turn|37
|
|t:|1634673845
|move|p1a: Raiden|U-turn|p2a: Heatran
|-resisted|p2a: Heatran
|-damage|p2a: Heatran|79/100
|
|t:|1634673847
|switch|p1a: Psamathe|Hippowdon, F, shiny|85/100|[from]move: U-turn
|-weather|Sandstorm|[from] ability: Sand Stream|[of] p1a: Psamathe
|move|p2a: Heatran|Stealth Rock|p1a: Psamathe
|-sidestart|p1: Acey 2B!|move: Stealth Rock
|
|-weather|Sandstorm|[upkeep]
|upkeep
|turn|38
|
|t:|1634673859
|switch|p2a: Skarmory|Skarmory, F|77/100
|move|p1a: Psamathe|Stealth Rock|p2a: Skarmory
|-sidestart|p2: rigmortus|move: Stealth Rock
|
|-weather|Sandstorm|[upkeep]
|upkeep
|turn|39
|
|t:|1634673863
|switch|p1a: Raiden|Tornadus-Therian, M, shiny|63/100
|move|p2a: Skarmory|Spikes|p1a: Raiden
|-sidestart|p1: Acey 2B!|Spikes
|
|-weather|Sandstorm|[upkeep]
|-damage|p1a: Raiden|57/100|[from] Sandstorm
|upkeep
|turn|40
|
|t:|1634673870
|move|p1a: Raiden|U-turn|p2a: Skarmory
|-resisted|p2a: Skarmory
|-damage|p2a: Skarmory|75/100
|
|t:|1634673873
|switch|p1a: Gwyndolin|Clefable, F|100/100|[from]move: U-turn
|move|p2a: Skarmory|Roost|p2a: Skarmory
|-heal|p2a: Skarmory|100/100
|-singleturn|p2a: Skarmory|move: Roost
|
|-weather|Sandstorm|[upkeep]
|upkeep
|turn|41
|
|t:|1634673878
|switch|p2a: Heatran|Heatran, M|79/100
|-damage|p2a: Heatran|67/100|[from] Stealth Rock
|move|p1a: Gwyndolin|Moonblast|p2a: Heatran
|-resisted|p2a: Heatran
|-damage|p2a: Heatran|62/100
|
|-weather|none
|upkeep
|turn|42
|
|t:|1634673884
|switch|p1a: Psamathe|Hippowdon, F, shiny|85/100
|-weather|Sandstorm|[from] ability: Sand Stream|[of] p1a: Psamathe
|move|p2a: Heatran|Magma Storm|p1a: Psamathe
|-damage|p1a: Psamathe|54/100
|-activate|p1a: Psamathe|move: Magma Storm|[of] p2a: Heatran
|
|-weather|Sandstorm|[upkeep]
|-damage|p1a: Psamathe|41/100|[from] move: Magma Storm|[partiallytrapped]
|upkeep
|turn|43
|l| dying breath
|j| dying breath
|
|t:|1634673897
|switch|p2a: Landorus|Landorus-Therian, M|88/100
|-damage|p2a: Landorus|76/100|[from] Stealth Rock
|-ability|p2a: Landorus|Intimidate|boost
|-unboost|p1a: Psamathe|atk|1
|move|p1a: Psamathe|Slack Off|p1a: Psamathe
|-heal|p1a: Psamathe|91/100
|
|-weather|Sandstorm|[upkeep]
|-heal|p2a: Landorus|82/100|[from] item: Leftovers
|-end|p1a: Psamathe|Magma Storm|[partiallytrapped]|[silent]
|upkeep
|turn|44
|
|t:|1634673900
|switch|p1a: Gwyndolin|Clefable, F|100/100
|move|p2a: Landorus|Knock Off|p1a: Gwyndolin
|-resisted|p1a: Gwyndolin
|-damage|p1a: Gwyndolin|92/100
|
|-weather|Sandstorm|[upkeep]
|-heal|p2a: Landorus|88/100|[from] item: Leftovers
|upkeep
|turn|45
|
|t:|1634673905
|move|p2a: Landorus|Earthquake|p1a: Gwyndolin
|-damage|p1a: Gwyndolin|50/100
|move|p1a: Gwyndolin|Moonblast|p2a: Landorus
|-damage|p2a: Landorus|65/100
|
|-weather|Sandstorm|[upkeep]
|-heal|p2a: Landorus|71/100|[from] item: Leftovers
|upkeep
|turn|46
|
|t:|1634673911
|move|p2a: Landorus|Defog|p1a: Gwyndolin
|-unboost|p1a: Gwyndolin|evasion|1
|-sideend|p1: Acey 2B!|Spikes|[from] move: Defog|[of] p2a: Landorus
|-sideend|p1: Acey 2B!|Stealth Rock|[from] move: Defog|[of] p2a: Landorus
|-sideend|p2: rigmortus|Stealth Rock|[from] move: Defog|[of] p2a: Landorus
|move|p1a: Gwyndolin|Soft-Boiled|p1a: Gwyndolin
|-heal|p1a: Gwyndolin|100/100
|
|-weather|none
|-heal|p2a: Landorus|77/100|[from] item: Leftovers
|upkeep
|turn|47
|
|t:|1634673915
|move|p2a: Landorus|Earthquake|p1a: Gwyndolin
|-damage|p1a: Gwyndolin|61/100
|move|p1a: Gwyndolin|Moonblast|p2a: Landorus
|-damage|p2a: Landorus|53/100
|
|-heal|p2a: Landorus|59/100|[from] item: Leftovers
|upkeep
|turn|48
|
|t:|1634673919
|move|p2a: Landorus|Earthquake|p1a: Gwyndolin
|-damage|p1a: Gwyndolin|22/100
|move|p1a: Gwyndolin|Soft-Boiled|p1a: Gwyndolin
|-heal|p1a: Gwyndolin|72/100
|
|-heal|p2a: Landorus|65/100|[from] item: Leftovers
|upkeep
|turn|49
|
|t:|1634673921
|move|p2a: Landorus|Earthquake|p1a: Gwyndolin
|-damage|p1a: Gwyndolin|33/100
|move|p1a: Gwyndolin|Soft-Boiled|p1a: Gwyndolin
|-heal|p1a: Gwyndolin|83/100
|
|-heal|p2a: Landorus|71/100|[from] item: Leftovers
|upkeep
|turn|50
|
|t:|1634673924
|move|p2a: Landorus|U-turn|p1a: Gwyndolin
|-resisted|p1a: Gwyndolin
|-damage|p1a: Gwyndolin|75/100
|
|t:|1634673927
|switch|p2a: Heatran|Heatran, M|62/100|[from]move: U-turn
|move|p1a: Gwyndolin|Soft-Boiled|p1a: Gwyndolin
|-heal|p1a: Gwyndolin|100/100
|
|upkeep
|turn|51
|
|t:|1634673931
|switch|p2a: Landorus|Landorus-Therian, M|71/100
|-ability|p2a: Landorus|Intimidate|boost
|-unboost|p1a: Gwyndolin|atk|1
|switch|p1a: Psamathe|Hippowdon, F, shiny|91/100
|-weather|Sandstorm|[from] ability: Sand Stream|[of] p1a: Psamathe
|
|-weather|Sandstorm|[upkeep]
|-heal|p2a: Landorus|77/100|[from] item: Leftovers
|upkeep
|turn|52
|
|t:|1634673935
|move|p2a: Landorus|Knock Off|p1a: Psamathe
|-damage|p1a: Psamathe|71/100
|-enditem|p1a: Psamathe|Heavy-Duty Boots|[from] move: Knock Off|[of] p2a: Landorus
|move|p1a: Psamathe|Toxic|p2a: Landorus|[miss]
|-miss|p1a: Psamathe|p2a: Landorus
|
|-weather|Sandstorm|[upkeep]
|-heal|p2a: Landorus|83/100|[from] item: Leftovers
|upkeep
|turn|53
|
|t:|1634673939
|move|p2a: Landorus|U-turn|p1a: Psamathe
|-damage|p1a: Psamathe|56/100
|
|t:|1634673941
|switch|p2a: Skarmory|Skarmory, F|100/100|[from]move: U-turn
|move|p1a: Psamathe|Slack Off|p1a: Psamathe
|-heal|p1a: Psamathe|100/100
|
|-weather|Sandstorm|[upkeep]
|upkeep
|turn|54
|
|t:|1634673946
|move|p2a: Skarmory|Spikes|p1a: Psamathe
|-sidestart|p1: Acey 2B!|Spikes
|move|p1a: Psamathe|Stealth Rock|p2a: Skarmory
|-sidestart|p2: rigmortus|move: Stealth Rock
|
|-weather|Sandstorm|[upkeep]
|upkeep
|turn|55
|
|t:|1634673953
|switch|p1a: Raiden|Tornadus-Therian, M, shiny|90/100
|move|p2a: Skarmory|Spikes|p1a: Raiden
|-sidestart|p1: Acey 2B!|Spikes
|
|-weather|none
|upkeep
|turn|56
|
|t:|1634673961
|move|p1a: Raiden|Knock Off|p2a: Skarmory
|-damage|p2a: Skarmory|92/100
|move|p2a: Skarmory|Roost|p2a: Skarmory
|-heal|p2a: Skarmory|100/100
|-singleturn|p2a: Skarmory|move: Roost
|
|upkeep
|turn|57
|
|t:|1634673966
|move|p1a: Raiden|Knock Off|p2a: Skarmory
|-damage|p2a: Skarmory|93/100
|move|p2a: Skarmory|Spikes|p1a: Raiden
|-sidestart|p1: Acey 2B!|Spikes
|
|upkeep
|turn|58
|l| meatybawls
|
|t:|1634673974
|switch|p2a: Rotom|Rotom-Wash|7/100
|-damage|p2a: Rotom|0 fnt|[from] Stealth Rock
|faint|p2a: Rotom
|move|p1a: Raiden|Knock Off|p2: Rotom|[notarget]
|-fail|p1a: Raiden
|
|upkeep
|
|t:|1634673976
|switch|p2a: Heatran|Heatran, M|62/100
|-damage|p2a: Heatran|49/100|[from] Stealth Rock
|turn|59
|
|t:|1634673980
|move|p1a: Raiden|Defog|p2a: Heatran
|-unboost|p2a: Heatran|evasion|1
|-sideend|p2: rigmortus|Stealth Rock|[from] move: Defog|[of] p1a: Raiden
|-sideend|p1: Acey 2B!|Spikes|[from] move: Defog|[of] p1a: Raiden
|move|p2a: Heatran|Magma Storm|p1a: Raiden
|-damage|p1a: Raiden|47/100
|-activate|p1a: Raiden|move: Magma Storm|[of] p2a: Heatran
|
|-damage|p1a: Raiden|34/100|[from] move: Magma Storm|[partiallytrapped]
|upkeep
|turn|60
|
|t:|1634673988
|move|p1a: Raiden|U-turn|p2a: Heatran
|-resisted|p2a: Heatran
|-damage|p2a: Heatran|46/100
|
|t:|1634673991
|switch|p1a: Psamathe|Hippowdon, F, shiny|100/100|[from]move: U-turn
|-weather|Sandstorm|[from] ability: Sand Stream|[of] p1a: Psamathe
|move|p2a: Heatran|Stealth Rock|p1a: Psamathe
|-sidestart|p1: Acey 2B!|move: Stealth Rock
|
|-weather|Sandstorm|[upkeep]
|upkeep
|turn|61
|
|t:|1634673995
|switch|p2a: Skarmory|Skarmory, F|93/100
|move|p1a: Psamathe|Toxic|p2a: Skarmory
|-immune|p2a: Skarmory
|
|-weather|Sandstorm|[upkeep]
|upkeep
|turn|62
|j| jkljkljklbnm
|
|t:|1634674003
|move|p2a: Skarmory|Spikes|p1a: Psamathe
|-sidestart|p1: Acey 2B!|Spikes
|move|p1a: Psamathe|Stealth Rock|p2a: Skarmory
|-sidestart|p2: rigmortus|move: Stealth Rock
|
|-weather|Sandstorm|[upkeep]
|upkeep
|turn|63
|
|t:|1634674009
|switch|p2a: Landorus|Landorus-Therian, M|83/100
|-damage|p2a: Landorus|71/100|[from] Stealth Rock
|-ability|p2a: Landorus|Intimidate|boost
|-unboost|p1a: Psamathe|atk|1
|switch|p1a: Raiden|Tornadus-Therian, M, shiny|67/100
|
|-weather|Sandstorm|[upkeep]
|-damage|p1a: Raiden|61/100|[from] Sandstorm
|-heal|p2a: Landorus|77/100|[from] item: Leftovers
|upkeep
|turn|64
|
|t:|1634674018
|move|p1a: Raiden|U-turn|p2a: Landorus
|-resisted|p2a: Landorus
|-damage|p2a: Landorus|70/100
|
|t:|1634674021
|switch|p1a: Gwyndolin|Clefable, F|100/100|[from]move: U-turn
|move|p2a: Landorus|Knock Off|p1a: Gwyndolin
|-resisted|p1a: Gwyndolin
|-damage|p1a: Gwyndolin|92/100
|
|-weather|none
|-heal|p2a: Landorus|76/100|[from] item: Leftovers
|upkeep
|turn|65
|
|t:|1634674026
|move|p2a: Landorus|Earthquake|p1a: Gwyndolin
|-damage|p1a: Gwyndolin|54/100
|move|p1a: Gwyndolin|Soft-Boiled|p1a: Gwyndolin
|-heal|p1a: Gwyndolin|100/100
|
|-heal|p2a: Landorus|82/100|[from] item: Leftovers
|upkeep
|turn|66
|l| jkljkljklbnm
|
|t:|1634674030
|move|p2a: Landorus|Earthquake|p1a: Gwyndolin
|-damage|p1a: Gwyndolin|62/100
|move|p1a: Gwyndolin|Moonblast|p2a: Landorus
|-damage|p2a: Landorus|58/100
|
|-heal|p2a: Landorus|64/100|[from] item: Leftovers
|upkeep
|turn|67
|
|t:|1634674033
|move|p2a: Landorus|Earthquake|p1a: Gwyndolin
|-damage|p1a: Gwyndolin|21/100
|move|p1a: Gwyndolin|Soft-Boiled|p1a: Gwyndolin
|-heal|p1a: Gwyndolin|71/100
|
|-heal|p2a: Landorus|70/100|[from] item: Leftovers
|upkeep
|turn|68
|
|t:|1634674036
|move|p2a: Landorus|Earthquake|p1a: Gwyndolin
|-damage|p1a: Gwyndolin|35/100
|move|p1a: Gwyndolin|Soft-Boiled|p1a: Gwyndolin
|-heal|p1a: Gwyndolin|85/100
|
|-heal|p2a: Landorus|76/100|[from] item: Leftovers
|upkeep
|turn|69
|
|t:|1634674040
|switch|p1a: Raiden|Tornadus-Therian, M, shiny|95/100
|move|p2a: Landorus|Earthquake|p1a: Raiden
|-immune|p1a: Raiden
|
|-heal|p2a: Landorus|82/100|[from] item: Leftovers
|upkeep
|turn|70
|
|t:|1634674042
|move|p1a: Raiden|U-turn|p2a: Landorus
|-resisted|p2a: Landorus
|-damage|p2a: Landorus|75/100
|
|t:|1634674045
|switch|p1a: Carnage|Toxapex, M, shiny|63/100|[from]move: U-turn
|-damage|p1a: Carnage|50/100|[from] Spikes
|-damage|p1a: Carnage|38/100|[from] Stealth Rock
|move|p2a: Landorus|Knock Off|p1a: Carnage
|-damage|p1a: Carnage|17/100
|-damage|p2a: Landorus|59/100|[from] item: Rocky Helmet|[of] p1a: Carnage
|-enditem|p1a: Carnage|Rocky Helmet|[from] move: Knock Off|[of] p2a: Landorus
|
|-heal|p2a: Landorus|65/100|[from] item: Leftovers
|upkeep
|turn|71
|j| quantumalchemist
|
|t:|1634674050
|switch|p1a: Gwyndolin|Clefable, F|85/100
|move|p2a: Landorus|Knock Off|p1a: Gwyndolin
|-resisted|p1a: Gwyndolin
|-damage|p1a: Gwyndolin|77/100
|
|-heal|p2a: Landorus|71/100|[from] item: Leftovers
|upkeep
|turn|72
|
|t:|1634674054
|switch|p1a: Raiden|Tornadus-Therian, M, shiny|100/100
|move|p2a: Landorus|Earthquake|p1a: Raiden
|-immune|p1a: Raiden
|
|-heal|p2a: Landorus|77/100|[from] item: Leftovers
|upkeep
|turn|73
|
|t:|1634674056
|move|p1a: Raiden|U-turn|p2a: Landorus
|-resisted|p2a: Landorus
|-damage|p2a: Landorus|69/100
|
|t:|1634674057
|switch|p1a: Carnage|Toxapex, M, shiny|50/100|[from]move: U-turn
|-damage|p1a: Carnage|37/100|[from] Spikes
|-damage|p1a: Carnage|25/100|[from] Stealth Rock
|move|p2a: Landorus|Knock Off|p1a: Carnage
|-damage|p1a: Carnage|10/100
|
|-heal|p2a: Landorus|75/100|[from] item: Leftovers
|upkeep
|turn|74
|
|t:|1634674062
|switch|p1a: Gwyndolin|Clefable, F|77/100
|move|p2a: Landorus|Earthquake|p1a: Gwyndolin
|-damage|p1a: Gwyndolin|38/100
|
|-heal|p2a: Landorus|81/100|[from] item: Leftovers
|upkeep
|turn|75
|j| azruf
|
|t:|1634674069
|move|p2a: Landorus|Earthquake|p1a: Gwyndolin
|-damage|p1a: Gwyndolin|0 fnt
|faint|p1a: Gwyndolin
|
|-heal|p2a: Landorus|87/100|[from] item: Leftovers
|upkeep
|
|t:|1634674073
|switch|p1a: Wraith|Dragapult, F|100/100
|-damage|p1a: Wraith|88/100|[from] Spikes
|-damage|p1a: Wraith|76/100|[from] Stealth Rock
|turn|76
|
|t:|1634674077
|move|p1a: Wraith|Hydro Pump|p2a: Landorus
|-supereffective|p2a: Landorus
|-damage|p2a: Landorus|16/100
|move|p2a: Landorus|Knock Off|p1a: Wraith
|-supereffective|p1a: Wraith
|-damage|p1a: Wraith|0 fnt
|-enditem|p1a: Wraith|Choice Specs|[from] move: Knock Off|[of] p2a: Landorus
|faint|p1a: Wraith
|
|-heal|p2a: Landorus|22/100|[from] item: Leftovers
|upkeep
|
|t:|1634674084
|switch|p1a: Raiden|Tornadus-Therian, M, shiny|100/100
|turn|77
|
|t:|1634674089
|move|p1a: Raiden|Knock Off|p2a: Landorus
|-damage|p2a: Landorus|4/100
|-enditem|p2a: Landorus|Leftovers|[from] move: Knock Off|[of] p1a: Raiden
|move|p2a: Landorus|Knock Off|p1a: Raiden
|-damage|p1a: Raiden|65/100
|-enditem|p1a: Raiden|Heavy-Duty Boots|[from] move: Knock Off|[of] p2a: Landorus
|
|upkeep
|turn|78
|
|t:|1634674102
|move|p1a: Raiden|Defog|p2a: Landorus
|-unboost|p2a: Landorus|evasion|1
|-sideend|p2: rigmortus|Stealth Rock|[from] move: Defog|[of] p1a: Raiden
|-sideend|p1: Acey 2B!|Spikes|[from] move: Defog|[of] p1a: Raiden
|-sideend|p1: Acey 2B!|Stealth Rock|[from] move: Defog|[of] p1a: Raiden
|move|p2a: Landorus|U-turn|p1a: Raiden
|-resisted|p1a: Raiden
|-damage|p1a: Raiden|52/100
|
|t:|1634674107
|switch|p2a: Tapu Lele|Tapu Lele|100/100|[from]move: U-turn
|-fieldstart|move: Psychic Terrain|[from] ability: Psychic Surge|[of] p2a: Tapu Lele
|
|upkeep
|turn|79
|
|t:|1634674112
|move|p1a: Raiden|U-turn|p2a: Tapu Lele
|-damage|p2a: Tapu Lele|78/100
|
|t:|1634674113
|switch|p1a: Psamathe|Hippowdon, F, shiny|100/100|[from]move: U-turn
|-weather|Sandstorm|[from] ability: Sand Stream|[of] p1a: Psamathe
|move|p2a: Tapu Lele|Psyshock|p1a: Psamathe
|-damage|p1a: Psamathe|59/100
|
|-weather|Sandstorm|[upkeep]
|-damage|p2a: Tapu Lele|72/100|[from] Sandstorm
|upkeep
|turn|80
|
|t:|1634674121
|switch|p2a: Skarmory|Skarmory, F|93/100
|move|p1a: Psamathe|Slack Off|p1a: Psamathe
|-heal|p1a: Psamathe|100/100
|
|-weather|Sandstorm|[upkeep]
|upkeep
|turn|81
|
|t:|1634674125
|switch|p1a: Carnage|Toxapex, M, shiny|44/100
|move|p2a: Skarmory|Spikes|p1a: Carnage
|-sidestart|p1: Acey 2B!|Spikes
|
|-weather|Sandstorm|[upkeep]
|-damage|p1a: Carnage|37/100|[from] Sandstorm
|upkeep
|turn|82
|j| OU make me yawn ½
|j| ds des chats
|
|t:|1634674132
|switch|p2a: Tapu Lele|Tapu Lele|72/100
|move|p1a: Carnage|Toxic Spikes|p2a: Tapu Lele
|-sidestart|p2: rigmortus|move: Toxic Spikes
|
|-weather|Sandstorm|[upkeep]
|-damage|p2a: Tapu Lele|66/100|[from] Sandstorm
|-damage|p1a: Carnage|31/100|[from] Sandstorm
|-fieldend|move: Psychic Terrain
|upkeep
|turn|83
|
|t:|1634674136
|switch|p1a: Psamathe|Hippowdon, F, shiny|100/100
|-damage|p1a: Psamathe|88/100|[from] Spikes
|move|p2a: Tapu Lele|Moonblast|p1a: Psamathe
|-damage|p1a: Psamathe|49/100
|
|-weather|none
|upkeep
|turn|84
|
|t:|1634674145
|move|p2a: Tapu Lele|Moonblast|p1a: Psamathe
|-damage|p1a: Psamathe|11/100
|move|p1a: Psamathe|Slack Off|p1a: Psamathe
|-heal|p1a: Psamathe|61/100
|
|upkeep
|turn|85
|
|t:|1634674147
|move|p2a: Tapu Lele|Moonblast|p1a: Psamathe
|-crit|p1a: Psamathe
|-damage|p1a: Psamathe|5/100
|move|p1a: Psamathe|Slack Off|p1a: Psamathe
|-heal|p1a: Psamathe|55/100
|
|upkeep
|turn|86
|
|t:|1634674153
|move|p2a: Tapu Lele|Moonblast|p1a: Psamathe
|-damage|p1a: Psamathe|18/100
|move|p1a: Psamathe|Slack Off|p1a: Psamathe
|-heal|p1a: Psamathe|68/100
|
|upkeep
|turn|87
|
|t:|1634674155
|move|p2a: Tapu Lele|Moonblast|p1a: Psamathe
|-damage|p1a: Psamathe|30/100
|move|p1a: Psamathe|Slack Off|p1a: Psamathe
|-heal|p1a: Psamathe|80/100
|
|upkeep
|turn|88
|j| AgentJojo
|
|t:|1634674157
|move|p2a: Tapu Lele|Moonblast|p1a: Psamathe
|-damage|p1a: Psamathe|38/100
|-unboost|p1a: Psamathe|spa|1
|move|p1a: Psamathe|Slack Off|p1a: Psamathe
|-heal|p1a: Psamathe|88/100
|
|upkeep
|turn|89
|
|t:|1634674160
|move|p2a: Tapu Lele|Moonblast|p1a: Psamathe
|-damage|p1a: Psamathe|47/100
|move|p1a: Psamathe|Earthquake|p2a: Tapu Lele
|-damage|p2a: Tapu Lele|10/100
|
|upkeep
|turn|90
|
|t:|1634674163
|move|p2a: Tapu Lele|Moonblast|p1a: Psamathe
|-damage|p1a: Psamathe|9/100
|-unboost|p1a: Psamathe|spa|1
|move|p1a: Psamathe|Slack Off|p1a: Psamathe
|-heal|p1a: Psamathe|59/100
|
|upkeep
|turn|91
|
|t:|1634674168
|move|p2a: Tapu Lele|Moonblast|p1a: Psamathe
|-damage|p1a: Psamathe|21/100
|move|p1a: Psamathe|Slack Off|p1a: Psamathe
|-heal|p1a: Psamathe|71/100
|
|upkeep
|turn|92
|l| azruf
|
|t:|1634674170
|move|p2a: Tapu Lele|Moonblast|p1a: Psamathe
|-damage|p1a: Psamathe|29/100
|move|p1a: Psamathe|Slack Off|p1a: Psamathe
|-heal|p1a: Psamathe|79/100
|
|upkeep
|turn|93
|
|t:|1634674172
|move|p2a: Tapu Lele|Moonblast|p1a: Psamathe
|-damage|p1a: Psamathe|42/100
|move|p1a: Psamathe|Slack Off|p1a: Psamathe
|-heal|p1a: Psamathe|92/100
|
|upkeep
|turn|94
|
|t:|1634674180
|switch|p2a: Landorus|Landorus-Therian, M|4/100
|-ability|p2a: Landorus|Intimidate|boost
|-unboost|p1a: Psamathe|atk|1
|move|p1a: Psamathe|Slack Off|p1a: Psamathe
|-heal|p1a: Psamathe|100/100
|
|upkeep
|turn|95
|
|t:|1634674185
|move|p2a: Landorus|Earthquake|p1a: Psamathe
|-damage|p1a: Psamathe|67/100
|move|p1a: Psamathe|Stealth Rock|p2a: Landorus
|-sidestart|p2: rigmortus|move: Stealth Rock
|
|upkeep
|turn|96
|
|t:|1634674188
|switch|p1a: Raiden|Tornadus-Therian, M, shiny|85/100
|move|p2a: Landorus|Defog|p1a: Raiden
|-unboost|p1a: Raiden|evasion|1
|-sideend|p1: Acey 2B!|Spikes|[from] move: Defog|[of] p2a: Landorus
|-sideend|p2: rigmortus|Toxic Spikes|[from] move: Defog|[of] p2a: Landorus
|-sideend|p2: rigmortus|Stealth Rock|[from] move: Defog|[of] p2a: Landorus
|
|upkeep
|turn|97
|j| a123123321321a
|
|t:|1634674191
|switch|p2a: Heatran|Heatran, M|46/100
|move|p1a: Raiden|U-turn|p2a: Heatran
|-resisted|p2a: Heatran
|-damage|p2a: Heatran|43/100
|
|t:|1634674192
|switch|p1a: Psamathe|Hippowdon, F, shiny|67/100|[from]move: U-turn
|-weather|Sandstorm|[from] ability: Sand Stream|[of] p1a: Psamathe
|
|-weather|Sandstorm|[upkeep]
|upkeep
|turn|98
|
|t:|1634674200
|move|p2a: Heatran|Magma Storm|p1a: Psamathe
|-damage|p1a: Psamathe|34/100
|-activate|p1a: Psamathe|move: Magma Storm|[of] p2a: Heatran
|move|p1a: Psamathe|Stealth Rock|p2a: Heatran
|-sidestart|p2: rigmortus|move: Stealth Rock
|
|-weather|Sandstorm|[upkeep]
|-damage|p1a: Psamathe|21/100|[from] move: Magma Storm|[partiallytrapped]
|upkeep
|turn|99
|
|t:|1634674213
|move|p2a: Heatran|Stealth Rock|p1a: Psamathe
|-sidestart|p1: Acey 2B!|move: Stealth Rock
|move|p1a: Psamathe|Earthquake|p2a: Heatran
|-supereffective|p2a: Heatran
|-damage|p2a: Heatran|0 fnt
|faint|p2a: Heatran
|
|-weather|Sandstorm|[upkeep]
|-end|p1a: Psamathe|Magma Storm|[partiallytrapped]|[silent]
|upkeep
|
|t:|1634674219
|switch|p2a: Dragapult|Dragapult, M|100/100
|-damage|p2a: Dragapult|88/100|[from] Stealth Rock
|turn|100
|
|t:|1634674223
|move|p2a: Dragapult|Shadow Ball|p1a: Psamathe
|-damage|p1a: Psamathe|0 fnt
|faint|p1a: Psamathe
|
|-weather|Sandstorm|[upkeep]
|-damage|p2a: Dragapult|82/100|[from] Sandstorm
|upkeep
|
|t:|1634674224
|switch|p1a: Carnage|Toxapex, M, shiny|64/100
|-damage|p1a: Carnage|52/100|[from] Stealth Rock
|turn|101
|
|t:|1634674234
|switch|p2a: Landorus|Landorus-Therian, M|4/100
|-damage|p2a: Landorus|0 fnt|[from] Stealth Rock
|faint|p2a: Landorus
|move|p1a: Carnage|Recover|p1a: Carnage
|-heal|p1a: Carnage|100/100
|
|-weather|none
|upkeep
|
|t:|1634674236
|switch|p2a: Tapu Lele|Tapu Lele|10/100
|-damage|p2a: Tapu Lele|0 fnt|[from] Stealth Rock
|faint|p2a: Tapu Lele
|
|t:|1634674244
|switch|p2a: Skarmory|Skarmory, F|93/100
|-damage|p2a: Skarmory|80/100|[from] Stealth Rock
|turn|102
|
|t:|1634674246
|move|p2a: Skarmory|Iron Defense|p2a: Skarmory
|-boost|p2a: Skarmory|def|2
|move|p1a: Carnage|Toxic Spikes|p2a: Skarmory
|-sidestart|p2: rigmortus|move: Toxic Spikes
|
|upkeep
|turn|103
|
|t:|1634674248
|move|p2a: Skarmory|Iron Defense|p2a: Skarmory
|-boost|p2a: Skarmory|def|2
|move|p1a: Carnage|Scald|p2a: Skarmory
|-damage|p2a: Skarmory|59/100
|
|upkeep
|turn|104
|
|t:|1634674250
|move|p2a: Skarmory|Iron Defense|p2a: Skarmory
|-boost|p2a: Skarmory|def|2
|move|p1a: Carnage|Scald|p2a: Skarmory
|-damage|p2a: Skarmory|35/100
|
|upkeep
|turn|105
|
|t:|1634674252
|move|p2a: Skarmory|Body Press|p1a: Carnage
|-resisted|p1a: Carnage
|-damage|p1a: Carnage|62/100
|move|p1a: Carnage|Scald|p2a: Skarmory
|-damage|p2a: Skarmory|12/100
|-status|p2a: Skarmory|brn
|
|-damage|p2a: Skarmory|6/100 brn|[from] brn
|upkeep
|turn|106
|
|t:|1634674257
|move|p2a: Skarmory|Spikes|p1a: Carnage
|-sidestart|p1: Acey 2B!|Spikes
|move|p1a: Carnage|Haze|p1a: Carnage
|-clearallboost
|
|-damage|p2a: Skarmory|0 fnt|[from] brn
|faint|p2a: Skarmory
|upkeep
|
|t:|1634674260
|switch|p2a: Dragapult|Dragapult, M|82/100
|-status|p2a: Dragapult|psn
|-damage|p2a: Dragapult|70/100 psn|[from] Stealth Rock
|turn|107
|
|t:|1634674265
|move|p2a: Dragapult|Shadow Ball|p1a: Carnage
|-damage|p1a: Carnage|19/100
|move|p1a: Carnage|Recover|p1a: Carnage
|-heal|p1a: Carnage|69/100
|
|-damage|p2a: Dragapult|58/100 psn|[from] psn
|upkeep
|turn|108
|
|t:|1634674268
|move|p2a: Dragapult|Shadow Ball|p1a: Carnage
|-damage|p1a: Carnage|29/100
|move|p1a: Carnage|Recover|p1a: Carnage
|-heal|p1a: Carnage|79/100
|
|-damage|p2a: Dragapult|45/100 psn|[from] psn
|upkeep
|turn|109
|
|t:|1634674271
|move|p2a: Dragapult|Shadow Ball|p1a: Carnage
|-damage|p1a: Carnage|42/100
|move|p1a: Carnage|Recover|p1a: Carnage
|-heal|p1a: Carnage|92/100
|
|-damage|p2a: Dragapult|33/100 psn|[from] psn
|upkeep
|turn|110
|
|t:|1634674273
|move|p2a: Dragapult|Shadow Ball|p1a: Carnage
|-damage|p1a: Carnage|49/100
|move|p1a: Carnage|Recover|p1a: Carnage
|-heal|p1a: Carnage|99/100
|
|-damage|p2a: Dragapult|21/100 psn|[from] psn
|upkeep
|turn|111
|-message|rigmortus forfeited.
|
|win|Acey 2B!
|raw|Acey 2B!'s rating: 1810 &rarr; <strong>1833</strong><br />(+23 for winning)
|raw|rigmortus's rating: 1859 &rarr; <strong>1836</strong><br />(-23 for losing)
|l|☆rigmortus
|l| OU make me yawn ½
||Ladder isn't responding, score probably updated but might not have (Request timeout).
|l|☆Acey 2B!
|l| dying breath
|l| ds des chats
