|raw|<div class="broadcast-blue"><strong>This battle is required to be public due to a player having a name starting with 'lt93oq'.</div>
|j|☆ripreckful
|j|☆LT93OQ Lio
|t:|1660976123
|gametype|singles
|player|p1|ripreckful|hilbert|1881
|player|p2|LT93OQ Lio|169|1964
|teamsize|p1|6
|teamsize|p2|6
|gen|8
|tier|[Gen 8] OU
|rated|
|rule|Sleep Clause Mod: Limit one foe put to sleep
|rule|Species Clause: Limit one of each Pokémon
|rule|OHKO Clause: OHKO moves are banned
|rule|Evasion Items Clause: Evasion items are banned
|rule|Evasion Moves Clause: Evasion moves are banned
|rule|Endless Battle Clause: Forcing endless battles is banned
|rule|HP Percentage Mod: HP is shown in percentages
|rule|Dynamax Clause: You cannot dynamax
|clearpoke
|poke|p1|Mew|
|poke|p1|Weavile, F|
|poke|p1|Celesteela|
|poke|p1|Garchomp, F|
|poke|p1|Blacephalon|
|poke|p1|Crawdaunt, F|
|poke|p2|Victini|
|poke|p2|Dragapult, M|
|poke|p2|Dragonite, M|
|poke|p2|Ferrothorn, F|
|poke|p2|Landorus-Therian, M|
|poke|p2|Clefable, M|
|teampreview
|inactive|Battle timer is ON: inactive players will automatically lose when time's up. (requested by ripreckful)
|inactive|ripreckful has 120 seconds left.
|
|t:|1660976174
|start
|switch|p1a: Mew|Mew|100/100
|switch|p2a: Victini|Victini|100/100
|turn|1
|
|t:|1660976178
|move|p2a: Victini|Taunt|p1a: Mew
|-start|p1a: Mew|move: Taunt
|-enditem|p1a: Mew|Mental Herb
|-end|p1a: Mew|move: Taunt
|move|p1a: Mew|Stealth Rock|p2a: Victini
|-sidestart|p2: LT93OQ Lio|move: Stealth Rock
|
|upkeep
|turn|2
|j| hamiltonion
|
|t:|1660976184
|move|p2a: Victini|Taunt|p1a: Mew
|-start|p1a: Mew|move: Taunt
|cant|p1a: Mew|move: Taunt|Taunt
|
|upkeep
|turn|3
|
|t:|1660976189
|switch|p1a: Garchomp|Garchomp, F|100/100
|move|p2a: Victini|U-turn|p1a: Garchomp
|-damage|p1a: Garchomp|81/100
|-damage|p2a: Victini|88/100|[from] ability: Rough Skin|[of] p1a: Garchomp
|j| LT93OQ T
|
|t:|1660976193
|switch|p2a: Dragapult|Dragapult, M|100/100|[from]move: U-turn
|
|upkeep
|turn|4
|j| gerald.jones061
|j| MANNAT
|
|t:|1660976196
|switch|p1a: Mew|Mew|100/100
|move|p2a: Dragapult|Draco Meteor|p1a: Mew
|-damage|p1a: Mew|53/100
|-unboost|p2a: Dragapult|spa|2
|
|upkeep
|turn|5
|
|t:|1660976200
|move|p2a: Dragapult|U-turn|p1a: Mew
|-supereffective|p1a: Mew
|-damage|p1a: Mew|23/100
|
|t:|1660976202
|switch|p2a: Victini|Victini|88/100|[from]move: U-turn
|move|p1a: Mew|Spikes|p2a: Victini
|-sidestart|p2: LT93OQ Lio|Spikes
|
|upkeep
|turn|6
|
|t:|1660976206
|move|p1a: Mew|Spikes|p2a: Victini
|-sidestart|p2: LT93OQ Lio|Spikes
|move|p2a: Victini|U-turn|p1a: Mew
|-supereffective|p1a: Mew
|-damage|p1a: Mew|0 fnt
|faint|p1a: Mew
|
|t:|1660976215
|switch|p2a: Clefable|Clefable, M|100/100|[from]move: U-turn
|
|upkeep
|j| LT93OQ tj
|
|t:|1660976228
|switch|p1a: Crawdaunt|Crawdaunt, F|100/100
|turn|7
|
|t:|1660976238
|switch|p2a: Dragonite|Dragonite, M|100/100
|move|p1a: Crawdaunt|Crabhammer|p2a: Dragonite
|-resisted|p2a: Dragonite
|-damage|p2a: Dragonite|76/100
|-damage|p1a: Crawdaunt|91/100|[from] item: Life Orb
|
|upkeep
|turn|8
|
|t:|1660976248
|move|p2a: Dragonite|Earthquake|p1a: Crawdaunt
|-damage|p1a: Crawdaunt|36/100
|move|p1a: Crawdaunt|Knock Off|p2a: Dragonite
|-damage|p2a: Dragonite|0 fnt
|-enditem|p2a: Dragonite|Heavy-Duty Boots|[from] move: Knock Off|[of] p1a: Crawdaunt
|faint|p2a: Dragonite
|-damage|p1a: Crawdaunt|27/100|[from] item: Life Orb
|
|upkeep
|
|t:|1660976253
|switch|p2a: Dragapult|Dragapult, M|100/100
|turn|9
|j| pulsar512b
|
|t:|1660976263
|move|p2a: Dragapult|U-turn|p1a: Crawdaunt
|-supereffective|p1a: Crawdaunt
|-damage|p1a: Crawdaunt|0 fnt
|faint|p1a: Crawdaunt
|
|t:|1660976267
|switch|p2a: Clefable|Clefable, M|100/100|[from]move: U-turn
|
|upkeep
|inactive|ripreckful has 120 seconds left.
|j| Hayburner
|j| LT93oq asiancy
|l| pulsar512b
|inactive|ripreckful has 90 seconds left.
|
|t:|1660976346
|switch|p1a: Celesteela|Celesteela|100/100
|turn|10
|
|t:|1660976349
|move|p1a: Celesteela|Meteor Beam||[still]
|-prepare|p1a: Celesteela|Meteor Beam
|-boost|p1a: Celesteela|spa|1
|-enditem|p1a: Celesteela|Power Herb
|-anim|p1a: Celesteela|Meteor Beam|p2a: Clefable
|-damage|p2a: Clefable|55/100
|move|p2a: Clefable|Thunder Wave|p1a: Celesteela
|-status|p1a: Celesteela|par
|
|-heal|p2a: Clefable|61/100|[from] item: Leftovers
|upkeep
|turn|11
|c|☆ripreckful|sry was pissing
|inactive|ripreckful has 90 seconds left.
|
|t:|1660976355
|move|p2a: Clefable|Soft-Boiled|p2a: Clefable
|-heal|p2a: Clefable|100/100
|move|p1a: Celesteela|Air Slash|p2a: Clefable
|-damage|p2a: Clefable|56/100
|
|-heal|p2a: Clefable|62/100|[from] item: Leftovers
|upkeep
|turn|12
|
|t:|1660976358
|move|p2a: Clefable|Calm Mind|p2a: Clefable
|-boost|p2a: Clefable|spa|1
|-boost|p2a: Clefable|spd|1
|move|p1a: Celesteela|Air Slash|p2a: Clefable
|-damage|p2a: Clefable|36/100
|
|-heal|p2a: Clefable|42/100|[from] item: Leftovers
|upkeep
|turn|13
|
|t:|1660976360
|move|p2a: Clefable|Soft-Boiled|p2a: Clefable
|-heal|p2a: Clefable|92/100
|cant|p1a: Celesteela|par
|
|-heal|p2a: Clefable|98/100|[from] item: Leftovers
|upkeep
|turn|14
|
|t:|1660976362
|move|p2a: Clefable|Calm Mind|p2a: Clefable
|-boost|p2a: Clefable|spa|1
|-boost|p2a: Clefable|spd|1
|move|p1a: Celesteela|Meteor Beam||[still]
|-prepare|p1a: Celesteela|Meteor Beam
|-boost|p1a: Celesteela|spa|1
|
|-heal|p2a: Clefable|100/100|[from] item: Leftovers
|upkeep
|turn|15
|
|t:|1660976364
|move|p2a: Clefable|Calm Mind|p2a: Clefable
|-boost|p2a: Clefable|spa|1
|-boost|p2a: Clefable|spd|1
|move|p1a: Celesteela|Meteor Beam|p2a: Clefable|[from]lockedmove
|-damage|p2a: Clefable|76/100
|
|-heal|p2a: Clefable|82/100|[from] item: Leftovers
|upkeep
|turn|16
|
|t:|1660976367
|move|p2a: Clefable|Calm Mind|p2a: Clefable
|-boost|p2a: Clefable|spa|1
|-boost|p2a: Clefable|spd|1
|move|p1a: Celesteela|Air Slash|p2a: Clefable
|-damage|p2a: Clefable|63/100
|
|-heal|p2a: Clefable|69/100|[from] item: Leftovers
|upkeep
|turn|17
|
|t:|1660976370
|move|p2a: Clefable|Soft-Boiled|p2a: Clefable
|-heal|p2a: Clefable|100/100
|move|p1a: Celesteela|Air Slash|p2a: Clefable
|-damage|p2a: Clefable|81/100
|
|-heal|p2a: Clefable|87/100|[from] item: Leftovers
|upkeep
|turn|18
|
|t:|1660976374
|move|p2a: Clefable|Calm Mind|p2a: Clefable
|-boost|p2a: Clefable|spa|1
|-boost|p2a: Clefable|spd|1
|move|p1a: Celesteela|Autotomize|p1a: Celesteela
|-boost|p1a: Celesteela|spe|2
|-start|p1a: Celesteela|Autotomize
|
|-heal|p2a: Clefable|93/100|[from] item: Leftovers
|upkeep
|turn|19
|j| lt93oq im garbage
|
|t:|1660976378
|move|p1a: Celesteela|Meteor Beam||[still]
|-prepare|p1a: Celesteela|Meteor Beam
|-boost|p1a: Celesteela|spa|1
|move|p2a: Clefable|Calm Mind|p2a: Clefable
|-boost|p2a: Clefable|spa|1
|-boost|p2a: Clefable|spd|1
|
|-heal|p2a: Clefable|99/100|[from] item: Leftovers
|upkeep
|turn|20
|j| anique
|
|t:|1660976381
|move|p1a: Celesteela|Meteor Beam|p2a: Clefable|[from]lockedmove
|-damage|p2a: Clefable|79/100
|move|p2a: Clefable|Moonblast|p1a: Celesteela
|-resisted|p1a: Celesteela
|-damage|p1a: Celesteela|38/100 par
|
|-heal|p2a: Clefable|85/100|[from] item: Leftovers
|upkeep
|turn|21
|
|t:|1660976386
|move|p1a: Celesteela|Air Slash|p2a: Clefable
|-damage|p2a: Clefable|67/100
|cant|p2a: Clefable|flinch
|
|-heal|p2a: Clefable|73/100|[from] item: Leftovers
|upkeep
|turn|22
|
|t:|1660976388
|move|p1a: Celesteela|Meteor Beam||[still]
|-prepare|p1a: Celesteela|Meteor Beam
|-boost|p1a: Celesteela|spa|1
|move|p2a: Clefable|Soft-Boiled|p2a: Clefable
|-heal|p2a: Clefable|100/100
|
|upkeep
|turn|23
|
|t:|1660976390
|move|p1a: Celesteela|Meteor Beam|p2a: Clefable|[from]lockedmove|[miss]
|-miss|p1a: Celesteela|p2a: Clefable
|move|p2a: Clefable|Moonblast|p1a: Celesteela
|-resisted|p1a: Celesteela
|-damage|p1a: Celesteela|0 fnt
|faint|p1a: Celesteela
|
|upkeep
|c|☆ripreckful|ah
|j| Teletubby Watcher
|
|t:|1660976404
|switch|p1a: Weavile|Weavile, F|100/100
|-ability|p1a: Weavile|Pressure
|turn|24
|
|t:|1660976407
|move|p1a: Weavile|Triple Axel|p2a: Clefable
|-crit|p2a: Clefable
|-damage|p2a: Clefable|82/100
|-damage|p2a: Clefable|56/100
|-hitcount|p2a: Clefable|2
|-damage|p1a: Weavile|91/100|[from] item: Life Orb
|move|p2a: Clefable|Moonblast|p1a: Weavile
|-supereffective|p1a: Weavile
|-damage|p1a: Weavile|0 fnt
|faint|p1a: Weavile
|
|-heal|p2a: Clefable|62/100|[from] item: Leftovers
|upkeep
|
|t:|1660976412
|switch|p1a: Garchomp|Garchomp, F|81/100
|turn|25
|
|t:|1660976414
|move|p1a: Garchomp|Earthquake|p2a: Clefable
|-damage|p2a: Clefable|4/100
|-damage|p1a: Garchomp|71/100|[from] item: Life Orb
|move|p2a: Clefable|Moonblast|p1a: Garchomp
|-supereffective|p1a: Garchomp
|-damage|p1a: Garchomp|0 fnt
|faint|p1a: Garchomp
|
|-heal|p2a: Clefable|10/100|[from] item: Leftovers
|upkeep
|j| cteaming?
|
|t:|1660976417
|switch|p1a: Blacephalon|Blacephalon|100/100
|turn|26
|
|t:|1660976419
|move|p1a: Blacephalon|Flamethrower|p2a: Clefable
|-damage|p2a: Clefable|0 fnt
|faint|p2a: Clefable
|-ability|p1a: Blacephalon|Beast Boost|boost
|-boost|p1a: Blacephalon|spa|1
|
|upkeep
|j| BrothaOptions
|
|t:|1660976424
|switch|p2a: Dragapult|Dragapult, M|100/100
|turn|27
|c|☆ripreckful|awesome
|c|☆ripreckful|gg
|
|t:|1660976427
|move|p1a: Blacephalon|Flamethrower|p2a: Dragapult
|-resisted|p2a: Dragapult
|-damage|p2a: Dragapult|41/100
|move|p2a: Dragapult|Hex|p1a: Blacephalon
|-supereffective|p1a: Blacephalon
|-damage|p1a: Blacephalon|0 fnt
|faint|p1a: Blacephalon
|
|win|LT93OQ Lio
|raw|ripreckful's rating: 1881 &rarr; <strong>1866</strong><br />(-15 for losing)
|raw|LT93OQ Lio's rating: 1964 &rarr; <strong>1979</strong><br />(+15 for winning)
|l|☆ripreckful
|l| cteaming?
|l|☆LT93OQ Lio
|l| LT93OQ T
|j| Opninja 3
|l| Opninja 3
|l| anique
