|raw|<div class="broadcast-blue"><strong>This battle is required to be public due to a player having a name starting with 'lt93oq'.</div>
|j|☆Mimikyu Stardust
|j|☆lt93oq sakana
|t:|1660832714
|gametype|singles
|player|p1|Mimikyu Stardust|#wcop2022asia|1773
|player|p2|lt93oq sakana|sabrina|1792
|teamsize|p1|6
|teamsize|p2|6
|gen|8
|tier|[Gen 8] OU
|rated|
|rule|Sleep Clause Mod: Limit one foe put to sleep
|rule|Species Clause: Limit one of each Pokémon
|rule|OHKO Clause: OHKO moves are banned
|rule|Evasion Items Clause: Evasion items are banned
|rule|Evasion Moves Clause: Evasion moves are banned
|rule|Endless Battle Clause: Forcing endless battles is banned
|rule|HP Percentage Mod: HP is shown in percentages
|rule|Dynamax Clause: You cannot dynamax
|clearpoke
|poke|p1|Mew|
|poke|p1|Lycanroc-Dusk, M|
|poke|p1|Garchomp, F|
|poke|p1|Blacephalon|
|poke|p1|Nihilego|
|poke|p1|Kartana|
|poke|p2|Toxapex, F|
|poke|p2|Tornadus-Therian, M|
|poke|p2|Hippowdon, M|
|poke|p2|Clefable, M|
|poke|p2|Corviknight, F|
|poke|p2|Blissey, F|
|teampreview
|inactive|Battle timer is ON: inactive players will automatically lose when time's up. (requested by lt93oq sakana)
|
|t:|1660832723
|start
|switch|p1a: Lycanroc|Lycanroc-Dusk, M|100/100
|switch|p2a: Tornadus|Tornadus-Therian, M|100/100
|turn|1
|j| antistalldestroye
|
|t:|1660832734
|switch|p2a: Toxapex|Toxapex, F|100/100
|move|p1a: Lycanroc|Stone Edge|p2a: Toxapex|[miss]
|-miss|p1a: Lycanroc|p2a: Toxapex
|
|upkeep
|turn|2
|
|t:|1660832740
|move|p1a: Lycanroc|Swords Dance|p1a: Lycanroc
|-boost|p1a: Lycanroc|atk|2
|move|p2a: Toxapex|Toxic Spikes|p1a: Lycanroc
|-sidestart|p1: Mimikyu Stardust|move: Toxic Spikes
|
|upkeep
|turn|3
|
|t:|1660832746
|switch|p2a: Clefable|Clefable, M|100/100
|move|p1a: Lycanroc|Stone Edge|p2a: Clefable
|-damage|p2a: Clefable|59/100
|
|upkeep
|turn|4
|
|t:|1660832751
|move|p1a: Lycanroc|Stone Edge|p2a: Clefable
|-damage|p2a: Clefable|19/100
|move|p2a: Clefable|Soft-Boiled|p2a: Clefable
|-heal|p2a: Clefable|69/100
|
|upkeep
|turn|5
|
|t:|1660832754
|switch|p1a: Nihilego|Nihilego|100/100
|-sideend|p1: Mimikyu Stardust|move: Toxic Spikes|[of] p1a: Nihilego
|move|p2a: Clefable|Soft-Boiled|p2a: Clefable
|-heal|p2a: Clefable|100/100
|
|upkeep
|turn|6
|
|t:|1660832759
|switch|p1a: Mew|Mew|100/100
|switch|p2a: Blissey|Blissey, F|100/100
|
|upkeep
|turn|7
|
|t:|1660832766
|switch|p2a: Tornadus|Tornadus-Therian, M|100/100
|move|p1a: Mew|Close Combat|p2a: Tornadus
|-resisted|p2a: Tornadus
|-damage|p2a: Tornadus|80/100
|-unboost|p1a: Mew|def|1
|-unboost|p1a: Mew|spd|1
|
|upkeep
|turn|8
|
|t:|1660832772
|switch|p2a: Toxapex|Toxapex, F|100/100
|move|p1a: Mew|Stealth Rock|p2a: Toxapex
|-sidestart|p2: lt93oq sakana|move: Stealth Rock
|
|upkeep
|turn|9
|
|t:|1660832777
|move|p1a: Mew|Taunt|p2a: Toxapex
|-start|p2a: Toxapex|move: Taunt
|cant|p2a: Toxapex|move: Taunt|Light Screen
|
|upkeep
|turn|10
|
|t:|1660832784
|move|p1a: Mew|Spikes|p2a: Toxapex
|-sidestart|p2: lt93oq sakana|Spikes
|move|p2a: Toxapex|Knock Off|p1a: Mew
|-supereffective|p1a: Mew
|-damage|p1a: Mew|58/100
|-enditem|p1a: Mew|Focus Sash|[from] move: Knock Off|[of] p2a: Toxapex
|
|upkeep
|turn|11
|
|t:|1660832789
|switch|p2a: Tornadus|Tornadus-Therian, M|100/100
|move|p1a: Mew|Taunt|p2a: Tornadus
|-start|p2a: Tornadus|move: Taunt
|
|upkeep
|turn|12
|
|t:|1660832794
|move|p2a: Tornadus|Hurricane|p1a: Mew|[miss]
|-miss|p2a: Tornadus|p1a: Mew
|move|p1a: Mew|Spikes|p2a: Tornadus
|-sidestart|p2: lt93oq sakana|Spikes
|
|upkeep
|turn|13
|
|t:|1660832801
|switch|p1a: Nihilego|Nihilego|100/100
|move|p2a: Tornadus|Hurricane|p1a: Nihilego
|-resisted|p1a: Nihilego
|-damage|p1a: Nihilego|85/100
|
|-end|p2a: Tornadus|move: Taunt
|upkeep
|turn|14
|
|t:|1660832811
|move|p2a: Tornadus|Hurricane|p1a: Nihilego|[miss]
|-miss|p2a: Tornadus|p1a: Nihilego
|move|p1a: Nihilego|Meteor Beam||[still]
|-prepare|p1a: Nihilego|Meteor Beam
|-boost|p1a: Nihilego|spa|1
|-enditem|p1a: Nihilego|Power Herb
|-anim|p1a: Nihilego|Meteor Beam|p2a: Tornadus
|-supereffective|p2a: Tornadus
|-crit|p2a: Tornadus
|-damage|p2a: Tornadus|0 fnt
|faint|p2a: Tornadus
|-ability|p1a: Nihilego|Beast Boost|boost
|-boost|p1a: Nihilego|spe|1
|
|upkeep
|-message|lt93oq sakana forfeited.
|
|win|Mimikyu Stardust
|raw|Mimikyu Stardust's rating: 1773 &rarr; <strong>1794</strong><br />(+21 for winning)
|raw|lt93oq sakana's rating: 1792 &rarr; <strong>1771</strong><br />(-21 for losing)
|l|☆lt93oq sakana
