|html|<div class="broadcast-blue"><strong>[Gen 8] OU is currently suspecting Melmetal! For information on how to participate check out the <a href="https://www.smogon.com/forums/threads/np-ss-ou-suspect-process-round-12-monster-mash.3709234/">suspect thread</a>.</strong></div>
|j|☆EMEXDD悦加
|j|☆Elite4Donovan
|t:|1666491459
|gametype|singles
|player|p1|EMEXDD悦加|102|1522
|player|p2|Elite4Donovan|lucas|1621
|teamsize|p1|6
|teamsize|p2|6
|gen|8
|tier|[Gen 8] OU
|rated|
|rule|Sleep Clause Mod: Limit one foe put to sleep
|rule|Species Clause: Limit one of each Pokémon
|rule|OHKO Clause: OHKO moves are banned
|rule|Evasion Items Clause: Evasion items are banned
|rule|Evasion Moves Clause: Evasion moves are banned
|rule|Endless Battle Clause: Forcing endless battles is banned
|rule|HP Percentage Mod: HP is shown in percentages
|rule|Dynamax Clause: You cannot dynamax
|clearpoke
|poke|p1|Tyranitar, M|
|poke|p1|Tapu Koko|
|poke|p1|Corviknight, F|
|poke|p1|Landorus-Therian, M|
|poke|p1|Dragapult, M|
|poke|p1|Melmetal|
|poke|p2|Shuckle, M|
|poke|p2|Umbreon, F|
|poke|p2|Garchomp, M|
|poke|p2|Volcanion|
|poke|p2|Zapdos|
|poke|p2|Buzzwole|
|teampreview
|
|t:|1666491475
|start
|switch|p1a: Tyranitar|Tyranitar, M|100/100
|switch|p2a: Umbreon|Umbreon, F|100/100
|-weather|Sandstorm|[from] ability: Sand Stream|[of] p1a: Tyranitar
|turn|1
|
|t:|1666491479
|move|p2a: Umbreon|Protect|p2a: Umbreon
|-singleturn|p2a: Umbreon|Protect
|move|p1a: Tyranitar|Stone Edge|p2a: Umbreon
|-activate|p2a: Umbreon|move: Protect
|
|-weather|Sandstorm|[upkeep]
|-damage|p2a: Umbreon|94/100|[from] Sandstorm
|-heal|p2a: Umbreon|100/100|[from] item: Leftovers
|upkeep
|turn|2
|
|t:|1666491481
|switch|p1a: Corviknight|Corviknight, F|100/100
|-ability|p1a: Corviknight|Pressure
|switch|p2a: Garchomp|Garchomp, M|100/100
|
|-weather|Sandstorm|[upkeep]
|upkeep
|turn|3
|
|t:|1666491488
|move|p2a: Garchomp|Stealth Rock|p1a: Corviknight
|-sidestart|p1: EMEXDD悦加|move: Stealth Rock
|move|p1a: Corviknight|U-turn|p2a: Garchomp
|-damage|p2a: Garchomp|85/100
|-damage|p1a: Corviknight|88/100|[from] ability: Rough Skin|[of] p2a: Garchomp
|
|t:|1666491492
|switch|p1a: Dragapult|Dragapult, M|100/100|[from]move: U-turn
|-damage|p1a: Dragapult|88/100|[from] Stealth Rock
|
|-weather|Sandstorm|[upkeep]
|-damage|p1a: Dragapult|82/100|[from] Sandstorm
|upkeep
|turn|4
|
|t:|1666491500
|switch|p2a: Umbreon|Umbreon, F|100/100
|move|p1a: Dragapult|Draco Meteor|p2a: Umbreon
|-damage|p2a: Umbreon|58/100
|-unboost|p1a: Dragapult|spa|2
|
|-weather|Sandstorm|[upkeep]
|-damage|p1a: Dragapult|76/100|[from] Sandstorm
|-damage|p2a: Umbreon|52/100|[from] Sandstorm
|-heal|p2a: Umbreon|58/100|[from] item: Leftovers
|upkeep
|turn|5
|
|t:|1666491504
|switch|p1a: Corviknight|Corviknight, F|88/100
|-damage|p1a: Corviknight|75/100|[from] Stealth Rock
|-ability|p1a: Corviknight|Pressure
|move|p2a: Umbreon|Wish|p2a: Umbreon
|
|-weather|none
|-heal|p2a: Umbreon|64/100|[from] item: Leftovers
|upkeep
|turn|6
|
|t:|1666491509
|switch|p2a: Garchomp|Garchomp, M|85/100
|move|p1a: Corviknight|Defog|p2a: Garchomp
|-unboost|p2a: Garchomp|evasion|1
|-sideend|p1: EMEXDD悦加|Stealth Rock|[from] move: Defog|[of] p1a: Corviknight
|
|-heal|p2a: Garchomp|100/100|[from] move: Wish|[wisher] Umbreon
|upkeep
|turn|7
|
|t:|1666491515
|switch|p1a: Landorus|Landorus-Therian, M|100/100
|-ability|p1a: Landorus|Intimidate|boost
|-unboost|p2a: Garchomp|atk|1
|move|p2a: Garchomp|Stealth Rock|p1a: Landorus
|-sidestart|p1: EMEXDD悦加|move: Stealth Rock
|
|upkeep
|turn|8
|
|t:|1666491523
|move|p2a: Garchomp|Swords Dance|p2a: Garchomp
|-boost|p2a: Garchomp|atk|2
|move|p1a: Landorus|Stealth Rock|p2a: Garchomp
|-sidestart|p2: Elite4Donovan|move: Stealth Rock
|
|upkeep
|turn|9
|
|t:|1666491527
|move|p2a: Garchomp|Stone Edge|p1a: Landorus
|-crit|p1a: Landorus
|-damage|p1a: Landorus|31/100
|move|p1a: Landorus|Toxic|p2a: Garchomp
|-status|p2a: Garchomp|tox
|
|-heal|p1a: Landorus|37/100|[from] item: Leftovers
|-damage|p2a: Garchomp|94/100 tox|[from] psn
|upkeep
|turn|10
|
|t:|1666491531
|switch|p1a: Corviknight|Corviknight, F|75/100
|-damage|p1a: Corviknight|63/100|[from] Stealth Rock
|-ability|p1a: Corviknight|Pressure
|move|p2a: Garchomp|Stone Edge|p1a: Corviknight|[miss]
|-miss|p2a: Garchomp|p1a: Corviknight
|
|-damage|p2a: Garchomp|82/100 tox|[from] psn
|upkeep
|turn|11
|
|t:|1666491537
|switch|p2a: Umbreon|Umbreon, F|64/100
|-damage|p2a: Umbreon|51/100|[from] Stealth Rock
|move|p1a: Corviknight|Roost|p1a: Corviknight
|-heal|p1a: Corviknight|100/100
|-singleturn|p1a: Corviknight|move: Roost
|
|-heal|p2a: Umbreon|57/100|[from] item: Leftovers
|upkeep
|turn|12
|
|t:|1666491540
|move|p1a: Corviknight|Body Press|p2a: Umbreon
|-supereffective|p2a: Umbreon
|-damage|p2a: Umbreon|18/100
|move|p2a: Umbreon|Wish|p2a: Umbreon
|
|-heal|p2a: Umbreon|24/100|[from] item: Leftovers
|upkeep
|turn|13
|
|t:|1666491546
|move|p2a: Umbreon|Protect|p2a: Umbreon
|-singleturn|p2a: Umbreon|Protect
|move|p1a: Corviknight|U-turn|p2a: Umbreon
|-activate|p2a: Umbreon|move: Protect
|
|-heal|p2a: Umbreon|74/100|[from] move: Wish|[wisher] Umbreon
|-heal|p2a: Umbreon|80/100|[from] item: Leftovers
|upkeep
|turn|14
|
|t:|1666491555
|move|p1a: Corviknight|U-turn|p2a: Umbreon
|-supereffective|p2a: Umbreon
|-damage|p2a: Umbreon|55/100
|
|t:|1666491564
|switch|p1a: Melmetal|Melmetal|100/100|[from]move: U-turn
|-damage|p1a: Melmetal|94/100|[from] Stealth Rock
|move|p2a: Umbreon|Heal Bell|p2a: Umbreon
|-activate|p2a: Umbreon|move: Heal Bell
|-curestatus|p2: Garchomp|tox|[msg]
|
|-heal|p2a: Umbreon|61/100|[from] item: Leftovers
|upkeep
|turn|15
|
|t:|1666491577
|move|p2a: Umbreon|Protect|p2a: Umbreon
|-singleturn|p2a: Umbreon|Protect
|move|p1a: Melmetal|Double Iron Bash|p2a: Umbreon
|-activate|p2a: Umbreon|move: Protect
|
|-heal|p2a: Umbreon|67/100|[from] item: Leftovers
|upkeep
|turn|16
|
|t:|1666491580
|switch|p2a: Buzzwole|Buzzwole|100/100
|-damage|p2a: Buzzwole|88/100|[from] Stealth Rock
|move|p1a: Melmetal|Double Iron Bash|p2a: Buzzwole
|-damage|p2a: Buzzwole|57/100
|-damage|p2a: Buzzwole|30/100
|-hitcount|p2a: Buzzwole|2
|
|upkeep
|turn|17
|
|t:|1666491591
|move|p2a: Buzzwole|Roost|p2a: Buzzwole
|-heal|p2a: Buzzwole|80/100
|-singleturn|p2a: Buzzwole|move: Roost
|move|p1a: Melmetal|Thunder Wave|p2a: Buzzwole
|-status|p2a: Buzzwole|par
|
|upkeep
|turn|18
|
|t:|1666491595
|move|p2a: Buzzwole|Close Combat|p1a: Melmetal
|-supereffective|p1a: Melmetal
|-damage|p1a: Melmetal|18/100
|-unboost|p2a: Buzzwole|def|1
|-unboost|p2a: Buzzwole|spd|1
|move|p1a: Melmetal|Double Iron Bash|p2a: Buzzwole
|-damage|p2a: Buzzwole|34/100 par
|-damage|p2a: Buzzwole|0 fnt
|faint|p2a: Buzzwole
|-hitcount|p2: Buzzwole|2
|
|upkeep
|
|t:|1666491606
|switch|p2a: Volcanion|Volcanion|100/100
|turn|19
|
|t:|1666491610
|move|p2a: Volcanion|Steam Eruption|p1a: Melmetal
|-damage|p1a: Melmetal|0 fnt
|faint|p1a: Melmetal
|
|upkeep
|
|t:|1666491614
|switch|p1a: Tyranitar|Tyranitar, M|100/100
|-damage|p1a: Tyranitar|88/100|[from] Stealth Rock
|-weather|Sandstorm|[from] ability: Sand Stream|[of] p1a: Tyranitar
|turn|20
|
|t:|1666491634
|switch|p2a: Garchomp|Garchomp, M|82/100
|-damage|p2a: Garchomp|76/100|[from] Stealth Rock
|move|p1a: Tyranitar|Stone Edge|p2a: Garchomp
|-resisted|p2a: Garchomp
|-crit|p2a: Garchomp
|-damage|p2a: Garchomp|5/100
|
|-weather|Sandstorm|[upkeep]
|upkeep
|turn|21
|
|t:|1666491641
|switch|p1a: Corviknight|Corviknight, F|100/100
|-damage|p1a: Corviknight|88/100|[from] Stealth Rock
|-ability|p1a: Corviknight|Pressure
|move|p2a: Garchomp|Swords Dance|p2a: Garchomp
|-boost|p2a: Garchomp|atk|2
|
|-weather|Sandstorm|[upkeep]
|upkeep
|turn|22
|
|t:|1666491644
|move|p2a: Garchomp|Stone Edge|p1a: Corviknight
|-crit|p1a: Corviknight
|-damage|p1a: Corviknight|27/100
|move|p1a: Corviknight|Body Press|p2a: Garchomp
|-damage|p2a: Garchomp|0 fnt
|-damage|p1a: Corviknight|15/100|[from] ability: Rough Skin|[of] p2a: Garchomp
|faint|p2a: Garchomp
|
|-weather|Sandstorm|[upkeep]
|upkeep
|
|t:|1666491648
|switch|p2a: Volcanion|Volcanion|100/100
|turn|23
|
|t:|1666491657
|move|p2a: Volcanion|Flamethrower|p1a: Corviknight
|-supereffective|p1a: Corviknight
|-damage|p1a: Corviknight|0 fnt
|faint|p1a: Corviknight
|
|-weather|Sandstorm|[upkeep]
|-damage|p2a: Volcanion|95/100|[from] Sandstorm
|upkeep
|
|t:|1666491658
|switch|p1a: Tyranitar|Tyranitar, M|88/100
|-damage|p1a: Tyranitar|76/100|[from] Stealth Rock
|turn|24
|
|t:|1666491662
|move|p2a: Volcanion|Steam Eruption|p1a: Tyranitar
|-supereffective|p1a: Tyranitar
|-damage|p1a: Tyranitar|4/100
|-status|p1a: Tyranitar|brn
|move|p1a: Tyranitar|Stone Edge|p2a: Volcanion|[miss]
|-miss|p1a: Tyranitar|p2a: Volcanion
|
|-weather|none
|-damage|p1a: Tyranitar|0 fnt|[from] brn
|faint|p1a: Tyranitar
|upkeep
|
|t:|1666491668
|switch|p1a: Tapu Koko|Tapu Koko|100/100
|-fieldstart|move: Electric Terrain|[from] ability: Electric Surge|[of] p1a: Tapu Koko
|turn|25
|
|t:|1666491674
|switch|p2a: Zapdos|Zapdos|100/100
|move|p1a: Tapu Koko|Thunderbolt|p2a: Zapdos
|-damage|p2a: Zapdos|48/100
|
|upkeep
|turn|26
|
|t:|1666491679
|move|p1a: Tapu Koko|Thunderbolt|p2a: Zapdos
|-damage|p2a: Zapdos|0 fnt
|faint|p2a: Zapdos
|
|upkeep
|
|t:|1666491681
|switch|p2a: Umbreon|Umbreon, F|67/100
|-damage|p2a: Umbreon|54/100|[from] Stealth Rock
|turn|27
|
|t:|1666491684
|move|p1a: Tapu Koko|Dazzling Gleam|p2a: Umbreon
|-supereffective|p2a: Umbreon
|-damage|p2a: Umbreon|21/100
|move|p2a: Umbreon|Wish|p2a: Umbreon
|
|-heal|p2a: Umbreon|27/100|[from] item: Leftovers
|upkeep
|turn|28
|
|t:|1666491692
|move|p2a: Umbreon|Protect|p2a: Umbreon
|-singleturn|p2a: Umbreon|Protect
|move|p1a: Tapu Koko|Volt Switch|p2a: Umbreon
|-activate|p2a: Umbreon|move: Protect
|
|-heal|p2a: Umbreon|77/100|[from] move: Wish|[wisher] Umbreon
|-heal|p2a: Umbreon|83/100|[from] item: Leftovers
|upkeep
|turn|29
|
|t:|1666491695
|move|p1a: Tapu Koko|Volt Switch|p2a: Umbreon
|-damage|p2a: Umbreon|64/100
|
|t:|1666491698
|switch|p1a: Landorus|Landorus-Therian, M|37/100|[from]move: Volt Switch
|-damage|p1a: Landorus|25/100|[from] Stealth Rock
|-ability|p1a: Landorus|Intimidate|boost
|-unboost|p2a: Umbreon|atk|1
|move|p2a: Umbreon|Wish|p2a: Umbreon
|
|-heal|p1a: Landorus|31/100|[from] item: Leftovers
|-heal|p2a: Umbreon|71/100|[from] item: Leftovers
|-fieldend|move: Electric Terrain
|upkeep
|turn|30
|
|t:|1666491705
|move|p2a: Umbreon|Protect|p2a: Umbreon
|-singleturn|p2a: Umbreon|Protect
|move|p1a: Landorus|U-turn|p2a: Umbreon
|-activate|p2a: Umbreon|move: Protect
|
|-heal|p2a: Umbreon|100/100|[from] move: Wish|[wisher] Umbreon
|-heal|p1a: Landorus|37/100|[from] item: Leftovers
|upkeep
|turn|31
|
|t:|1666491715
|move|p1a: Landorus|Earthquake|p2a: Umbreon
|-damage|p2a: Umbreon|65/100
|move|p2a: Umbreon|Wish|p2a: Umbreon
|
|-heal|p1a: Landorus|43/100|[from] item: Leftovers
|-heal|p2a: Umbreon|71/100|[from] item: Leftovers
|upkeep
|turn|32
|
|t:|1666491719
|switch|p2a: Volcanion|Volcanion|95/100
|move|p1a: Landorus|Earthquake|p2a: Volcanion
|-supereffective|p2a: Volcanion
|-damage|p2a: Volcanion|1/100
|
|-heal|p2a: Volcanion|66/100|[from] move: Wish|[wisher] Umbreon
|-heal|p1a: Landorus|49/100|[from] item: Leftovers
|upkeep
|turn|33
|
|t:|1666491725
|move|p2a: Volcanion|Defog|p1a: Landorus
|-unboost|p1a: Landorus|evasion|1
|-sideend|p1: EMEXDD悦加|Stealth Rock|[from] move: Defog|[of] p2a: Volcanion
|-sideend|p2: Elite4Donovan|Stealth Rock|[from] move: Defog|[of] p2a: Volcanion
|move|p1a: Landorus|Earthquake|p2a: Volcanion
|-supereffective|p2a: Volcanion
|-damage|p2a: Volcanion|0 fnt
|faint|p2a: Volcanion
|
|-heal|p1a: Landorus|55/100|[from] item: Leftovers
|upkeep
|
|t:|1666491727
|switch|p2a: Shuckle|Shuckle, M|100/100
|turn|34
|
|t:|1666491732
|move|p1a: Landorus|Toxic|p2a: Shuckle
|-status|p2a: Shuckle|tox
|move|p2a: Shuckle|Defense Curl|p2a: Shuckle
|-boost|p2a: Shuckle|def|1
|
|-heal|p1a: Landorus|61/100|[from] item: Leftovers
|-damage|p2a: Shuckle|94/100 tox|[from] psn
|upkeep
|turn|35
|
|t:|1666491738
|move|p1a: Landorus|Stealth Rock|p2a: Shuckle
|-sidestart|p2: Elite4Donovan|move: Stealth Rock
|move|p2a: Shuckle|Power Split|p1a: Landorus
|-activate|p2a: Shuckle|move: Power Split|[of] p1a: Landorus
|
|-heal|p1a: Landorus|67/100|[from] item: Leftovers
|-damage|p2a: Shuckle|82/100 tox|[from] psn
|upkeep
|turn|36
|
|t:|1666491745
|move|p1a: Landorus|U-turn|p2a: Shuckle
|-damage|p2a: Shuckle|76/100 tox
|
|t:|1666491747
|switch|p1a: Dragapult|Dragapult, M|76/100|[from]move: U-turn
|move|p2a: Shuckle|Power Split|p1a: Dragapult
|-activate|p2a: Shuckle|move: Power Split|[of] p1a: Dragapult
|
|-damage|p2a: Shuckle|57/100 tox|[from] psn
|upkeep
|turn|37
|
|t:|1666491754
|move|p1a: Dragapult|Shadow Ball|p2a: Shuckle
|-crit|p2a: Shuckle
|-damage|p2a: Shuckle|25/100 tox
|-enditem|p2a: Shuckle|Maranga Berry|[eat]
|-boost|p2a: Shuckle|spd|1|[from] item: Maranga Berry
|move|p2a: Shuckle|Rest|p2a: Shuckle
|-status|p2a: Shuckle|slp|[from] move: Rest
|-heal|p2a: Shuckle|100/100 slp|[silent]
|
|upkeep
|turn|38
|
|t:|1666491762
|move|p1a: Dragapult|Shadow Ball|p2a: Shuckle
|-damage|p2a: Shuckle|88/100 slp
|cant|p2a: Shuckle|slp
|
|upkeep
|turn|39
|
|t:|1666491765
|move|p1a: Dragapult|Shadow Ball|p2a: Shuckle
|-damage|p2a: Shuckle|75/100 slp
|cant|p2a: Shuckle|slp
|
|upkeep
|turn|40
|
|t:|1666491768
|move|p1a: Dragapult|Shadow Ball|p2a: Shuckle
|-damage|p2a: Shuckle|60/100 slp
|-curestatus|p2a: Shuckle|slp|[msg]
|move|p2a: Shuckle|Rollout|p1a: Dragapult
|-damage|p1a: Dragapult|47/100
|
|upkeep
|turn|41
|
|t:|1666491771
|move|p1a: Dragapult|Shadow Ball|p2a: Shuckle
|-damage|p2a: Shuckle|48/100
|move|p2a: Shuckle|Rollout|p1a: Dragapult|[from]lockedmove
|-damage|p1a: Dragapult|0 fnt
|faint|p1a: Dragapult
|
|upkeep
|
|t:|1666491779
|switch|p1a: Tapu Koko|Tapu Koko|100/100
|-fieldstart|move: Electric Terrain|[from] ability: Electric Surge|[of] p1a: Tapu Koko
|turn|42
|
|t:|1666491781
|move|p1a: Tapu Koko|Thunderbolt|p2a: Shuckle
|-damage|p2a: Shuckle|29/100
|move|p2a: Shuckle|Rollout|p1a: Tapu Koko|[from]lockedmove
|-damage|p1a: Tapu Koko|1/100
|
|upkeep
|turn|43
|
|t:|1666491786
|move|p1a: Tapu Koko|Thunderbolt|p2a: Shuckle
|-damage|p2a: Shuckle|10/100
|move|p2a: Shuckle|Rollout|p1a: Tapu Koko|[from]lockedmove
|-damage|p1a: Tapu Koko|0 fnt
|faint|p1a: Tapu Koko
|
|upkeep
|
|t:|1666491789
|switch|p1a: Landorus|Landorus-Therian, M|67/100
|-ability|p1a: Landorus|Intimidate|boost
|-unboost|p2a: Shuckle|atk|1
|turn|44
|
|t:|1666491791
|move|p1a: Landorus|Earthquake|p2a: Shuckle
|-damage|p2a: Shuckle|0 fnt
|faint|p2a: Shuckle
|
|-heal|p1a: Landorus|73/100|[from] item: Leftovers
|upkeep
|
|t:|1666491793
|switch|p2a: Umbreon|Umbreon, F|71/100
|-damage|p2a: Umbreon|58/100|[from] Stealth Rock
|turn|45
|
|t:|1666491796
|move|p2a: Umbreon|Protect|p2a: Umbreon
|-singleturn|p2a: Umbreon|Protect
|move|p1a: Landorus|Earthquake|p2a: Umbreon
|-activate|p2a: Umbreon|move: Protect
|
|-heal|p1a: Landorus|79/100|[from] item: Leftovers
|-heal|p2a: Umbreon|64/100|[from] item: Leftovers
|upkeep
|turn|46
|
|t:|1666491798
|move|p1a: Landorus|Earthquake|p2a: Umbreon
|-damage|p2a: Umbreon|25/100
|move|p2a: Umbreon|Wish|p2a: Umbreon
|
|-heal|p1a: Landorus|85/100|[from] item: Leftovers
|-heal|p2a: Umbreon|31/100|[from] item: Leftovers
|-fieldend|move: Electric Terrain
|upkeep
|turn|47
|
|t:|1666491805
|move|p2a: Umbreon|Protect|p2a: Umbreon
|-singleturn|p2a: Umbreon|Protect
|move|p1a: Landorus|Earthquake|p2a: Umbreon
|-activate|p2a: Umbreon|move: Protect
|
|-heal|p2a: Umbreon|81/100|[from] move: Wish|[wisher] Umbreon
|-heal|p1a: Landorus|91/100|[from] item: Leftovers
|-heal|p2a: Umbreon|88/100|[from] item: Leftovers
|upkeep
|turn|48
|
|t:|1666491810
|move|p1a: Landorus|Earthquake|p2a: Umbreon
|-damage|p2a: Umbreon|48/100
|move|p2a: Umbreon|Wish|p2a: Umbreon
|
|-heal|p1a: Landorus|97/100|[from] item: Leftovers
|-heal|p2a: Umbreon|54/100|[from] item: Leftovers
|upkeep
|turn|49
|
|t:|1666491814
|move|p1a: Landorus|U-turn|p2a: Umbreon
|-supereffective|p2a: Umbreon
|-damage|p2a: Umbreon|15/100
|move|p2a: Umbreon|Foul Play|p1a: Landorus
|-damage|p1a: Landorus|55/100
|
|-heal|p2a: Umbreon|65/100|[from] move: Wish|[wisher] Umbreon
|-heal|p1a: Landorus|61/100|[from] item: Leftovers
|-heal|p2a: Umbreon|71/100|[from] item: Leftovers
|upkeep
|turn|50
|
|t:|1666491820
|move|p2a: Umbreon|Protect|p2a: Umbreon
|-singleturn|p2a: Umbreon|Protect
|move|p1a: Landorus|U-turn|p2a: Umbreon
|-activate|p2a: Umbreon|move: Protect
|
|-heal|p1a: Landorus|67/100|[from] item: Leftovers
|-heal|p2a: Umbreon|77/100|[from] item: Leftovers
|upkeep
|turn|51
|
|t:|1666491822
|move|p1a: Landorus|U-turn|p2a: Umbreon
|-supereffective|p2a: Umbreon
|-damage|p2a: Umbreon|43/100
|move|p2a: Umbreon|Wish|p2a: Umbreon
|
|-heal|p1a: Landorus|73/100|[from] item: Leftovers
|-heal|p2a: Umbreon|49/100|[from] item: Leftovers
|upkeep
|turn|52
|
|t:|1666491825
|move|p1a: Landorus|Earthquake|p2a: Umbreon
|-damage|p2a: Umbreon|11/100
|move|p2a: Umbreon|Foul Play|p1a: Landorus
|-damage|p1a: Landorus|35/100
|
|-heal|p2a: Umbreon|61/100|[from] move: Wish|[wisher] Umbreon
|-heal|p1a: Landorus|41/100|[from] item: Leftovers
|-heal|p2a: Umbreon|67/100|[from] item: Leftovers
|upkeep
|turn|53
|
|t:|1666491831
|move|p1a: Landorus|Earthquake|p2a: Umbreon
|-damage|p2a: Umbreon|28/100
|move|p2a: Umbreon|Wish|p2a: Umbreon
|
|-heal|p1a: Landorus|47/100|[from] item: Leftovers
|-heal|p2a: Umbreon|35/100|[from] item: Leftovers
|upkeep
|turn|54
|
|t:|1666491834
|move|p2a: Umbreon|Protect|p2a: Umbreon
|-singleturn|p2a: Umbreon|Protect
|move|p1a: Landorus|Earthquake|p2a: Umbreon
|-activate|p2a: Umbreon|move: Protect
|
|-heal|p2a: Umbreon|85/100|[from] move: Wish|[wisher] Umbreon
|-heal|p1a: Landorus|53/100|[from] item: Leftovers
|-heal|p2a: Umbreon|91/100|[from] item: Leftovers
|upkeep
|turn|55
|
|t:|1666491836
|move|p1a: Landorus|U-turn|p2a: Umbreon
|-supereffective|p2a: Umbreon
|-damage|p2a: Umbreon|56/100
|move|p2a: Umbreon|Wish|p2a: Umbreon
|
|-heal|p1a: Landorus|59/100|[from] item: Leftovers
|-heal|p2a: Umbreon|62/100|[from] item: Leftovers
|upkeep
|turn|56
|
|t:|1666491839
|move|p1a: Landorus|Earthquake|p2a: Umbreon
|-damage|p2a: Umbreon|20/100
|move|p2a: Umbreon|Foul Play|p1a: Landorus
|-damage|p1a: Landorus|20/100
|
|-heal|p2a: Umbreon|70/100|[from] move: Wish|[wisher] Umbreon
|-heal|p1a: Landorus|26/100|[from] item: Leftovers
|-heal|p2a: Umbreon|76/100|[from] item: Leftovers
|upkeep
|turn|57
|
|t:|1666491842
|move|p1a: Landorus|Earthquake|p2a: Umbreon
|-damage|p2a: Umbreon|37/100
|move|p2a: Umbreon|Foul Play|p1a: Landorus
|-damage|p1a: Landorus|0 fnt
|faint|p1a: Landorus
|
|win|Elite4Donovan
|raw|EMEXDD悦加's rating: 1522 &rarr; <strong>1508</strong><br />(-14 for losing)
|raw|Elite4Donovan's rating: 1621 &rarr; <strong>1635</strong><br />(+14 for winning)
|l|☆EMEXDD悦加
||Ladder isn't responding, score probably updated but might not have (Request timeout).
