|j|☆Storm Zone
|j|☆Rorschach I
|player|p1|Storm Zone|zinnia|1879
|player|p2|Rorschach I|cynthia|1786
|teamsize|p1|6
|teamsize|p2|6
|gametype|singles
|gen|8
|tier|[Gen 8] OU
|rated|
|clearpoke
|poke|p1|Toxtricity, M|
|poke|p1|Kommo-o, M|
|poke|p1|Bisharp, M|
|poke|p1|Necrozma|
|poke|p1|Seismitoad, M|
|poke|p1|Togekiss, M|
|poke|p2|Terrakion|
|poke|p2|Aegislash, M|
|poke|p2|Crawdaunt, F|
|poke|p2|Zeraora|
|poke|p2|Kyurem|
|poke|p2|Togekiss, M|
|rule|Sleep Clause Mod: Limit one foe put to sleep
|rule|Species Clause: Limit one of each Pokémon
|rule|OHKO Clause: OHKO moves are banned
|rule|Evasion Moves Clause: Evasion moves are banned
|rule|Endless Battle Clause: Forcing endless battles is banned
|rule|HP Percentage Mod: HP is shown in percentages
|rule|Dynamax Clause: You cannot dynamax
|teampreview
|j| koyarno
|
|start
|switch|p1a: Descendant|Necrozma|100/100
|switch|p2a: Terrakion|Terrakion|100/100
|turn|1
|j| kleiner racker
|j| cancer02
|j| fdsgjkhj
|l| cancer02
|
|move|p2a: Terrakion|Taunt|p1a: Descendant
|-start|p1a: Descendant|move: Taunt
|move|p1a: Descendant|Photon Geyser|p2a: Terrakion
|-supereffective|p2a: Terrakion
|-damage|p2a: Terrakion|6/100
|
|upkeep
|turn|2
|
|switch|p1a: Globox|Seismitoad, M|100/100
|move|p2a: Terrakion|Stealth Rock|p1a: Globox
|-sidestart|p1: Storm Zone|move: Stealth Rock
|
|upkeep
|turn|3
|j| ban gen 8 pls
|
|move|p1a: Globox|Earthquake|p2a: Terrakion
|-supereffective|p2a: Terrakion
|-damage|p2a: Terrakion|0 fnt
|faint|p2a: Terrakion
|
|upkeep
|
|switch|p2a: Kyurem|Kyurem|100/100
|-ability|p2a: Kyurem|Pressure
|turn|4
|
|move|p1a: Globox|Earthquake|p2a: Kyurem
|-damage|p2a: Kyurem|61/100
|move|p2a: Kyurem|Ice Beam|p1a: Globox
|-damage|p1a: Globox|7/100
|
|upkeep
|turn|5
|
|switch|p2a: Togekiss|Togekiss, M|100/100
|move|p1a: Globox|Earthquake|p2a: Togekiss
|-immune|p2a: Togekiss
|
|upkeep
|turn|6
|
|switch|p1a: Kurt Cobain|Toxtricity, M|100/100
|-damage|p1a: Kurt Cobain|88/100|[from] Stealth Rock
|move|p2a: Togekiss|Air Slash|p1a: Kurt Cobain
|-resisted|p1a: Kurt Cobain
|-damage|p1a: Kurt Cobain|58/100
|
|upkeep
|turn|7
|j| quixana
|
|move|p2a: Togekiss|Air Slash|p1a: Kurt Cobain
|-resisted|p1a: Kurt Cobain
|-damage|p1a: Kurt Cobain|27/100
|cant|p1a: Kurt Cobain|flinch
|
|upkeep
|turn|8
|
|move|p2a: Togekiss|Air Slash|p1a: Kurt Cobain
|-resisted|p1a: Kurt Cobain
|-damage|p1a: Kurt Cobain|1/100
|move|p1a: Kurt Cobain|Overdrive|p2a: Togekiss
|-supereffective|p2a: Togekiss
|-damage|p2a: Togekiss|0 fnt
|-enditem|p1a: Kurt Cobain|Throat Spray
|-boost|p1a: Kurt Cobain|spa|1|[from] item: Throat Spray
|faint|p2a: Togekiss
|
|upkeep
|
|switch|p2a: Kyurem|Kyurem|61/100
|-ability|p2a: Kyurem|Pressure
|turn|9
|
|move|p2a: Kyurem|Ice Beam|p1a: Kurt Cobain
|-damage|p1a: Kurt Cobain|0 fnt
|faint|p1a: Kurt Cobain
|
|upkeep
|
|switch|p1a: Messenger|Togekiss, M|100/100
|-damage|p1a: Messenger|76/100|[from] Stealth Rock
|turn|10
|c| kleiner racker|cloud nine
|
|move|p1a: Messenger|Dazzling Gleam|p2a: Kyurem
|-supereffective|p2a: Kyurem
|-damage|p2a: Kyurem|0 fnt
|faint|p2a: Kyurem
|
|upkeep
|j| Hiken1926
|
|switch|p2a: Zeraora|Zeraora|100/100
|turn|11
|j| hell yeah! HYper
|l| hell yeah! HYper
|
|switch|p1a: Descendant|Necrozma|100/100
|-damage|p1a: Descendant|88/100|[from] Stealth Rock
|move|p2a: Zeraora|Plasma Fists|p1a: Descendant
|-damage|p1a: Descendant|53/100
|-fieldactivate|move: Ion Deluge
|-damage|p2a: Zeraora|91/100|[from] item: Life Orb
|
|-heal|p1a: Descendant|59/100|[from] item: Leftovers
|upkeep
|turn|12
|
|move|p2a: Zeraora|Bulk Up|p2a: Zeraora
|-boost|p2a: Zeraora|atk|1
|-boost|p2a: Zeraora|def|1
|move|p1a: Descendant|Moonlight|p1a: Descendant
|-heal|p1a: Descendant|100/100
|
|upkeep
|turn|13
|
|move|p2a: Zeraora|Bulk Up|p2a: Zeraora
|-boost|p2a: Zeraora|atk|1
|-boost|p2a: Zeraora|def|1
|move|p1a: Descendant|Photon Geyser|p2a: Zeraora
|-damage|p2a: Zeraora|35/100
|
|upkeep
|turn|14
|
|switch|p1a: Globox|Seismitoad, M|7/100
|-damage|p1a: Globox|0 fnt|[from] Stealth Rock
|faint|p1a: Globox
|move|p2a: Zeraora|Plasma Fists|p1: Globox|[notarget]
|-fail|p2a: Zeraora
|
|upkeep
|
|switch|p1a: Messenger|Togekiss, M|76/100
|-damage|p1a: Messenger|51/100|[from] Stealth Rock
|turn|15
|
|switch|p2a: Crawdaunt|Crawdaunt, F|100/100
|move|p1a: Messenger|Dazzling Gleam|p2a: Crawdaunt
|-supereffective|p2a: Crawdaunt
|-damage|p2a: Crawdaunt|0 fnt
|faint|p2a: Crawdaunt
|
|upkeep
|
|switch|p2a: Aegislash|Aegislash, M|100/100
|-item|p2a: Aegislash|Air Balloon
|turn|16
|-message|Rorschach I forfeited.
|
|win|Storm Zone
|l|☆Rorschach I
|l| kleiner racker
|l| koyarno
|l| Hiken1926
|l|☆Storm Zone
||Ladder (probably) updated, but score could not be retrieved (Response not received).
|l| ban gen 8 pls
