|html|<div class="broadcast-blue"><strong>[Gen 8] OU is currently suspecting Urshifu-S! For information on how to participate check out the <a href="https://www.smogon.com/forums/threads/np-ss-ou-suspect-process-round-8-aint-no-rest-for-the-wicked.3675310/">suspect thread</a>.</strong></div>
|j|☆I'M AT MY LIMIT
|j|☆BillyTheFlash
|t:|1610128065
|player|p1|I'M AT MY LIMIT|hilda|
|player|p2|BillyTheFlash|hiker-gen4|
|teamsize|p1|6
|teamsize|p2|6
|gametype|singles
|gen|8
|tier|[Gen 8] OU
|clearpoke
|poke|p1|Cinderace, F|
|poke|p1|Magearna-Original|
|poke|p1|Grimmsnarl, M|
|poke|p1|Volcarona, F|
|poke|p1|Victini|
|poke|p1|Tapu Fini|
|poke|p2|Slowking-Galar, M|
|poke|p2|Quagsire, M|
|poke|p2|Hydreigon, F|
|poke|p2|Urshifu-*, F|
|poke|p2|Tangrowth, M|
|poke|p2|Blissey, F|
|rule|Sleep Clause Mod: Limit one foe put to sleep
|rule|Species Clause: Limit one of each Pokémon
|rule|OHKO Clause: OHKO moves are banned
|rule|Evasion Moves Clause: Evasion moves are banned
|rule|Endless Battle Clause: Forcing endless battles is banned
|rule|HP Percentage Mod: HP is shown in percentages
|rule|Dynamax Clause: You cannot dynamax
|teampreview
|inactive|Battle timer is ON: inactive players will automatically lose when time's up. (requested by I'M AT MY LIMIT)
|
|t:|1610128080
|start
|switch|p1a: trick shot|Victini|100/100
|switch|p2a: 11 days|Urshifu, F|100/100
|turn|1
|
|t:|1610128086
|switch|p1a: tony hawk|Tapu Fini|100/100
|-fieldstart|move: Misty Terrain|[from] ability: Misty Surge|[of] p1a: tony hawk
|move|p2a: 11 days|Wicked Blow|p1a: tony hawk
|-resisted|p1a: tony hawk
|-crit|p1a: tony hawk
|-damage|p1a: tony hawk|56/100
|
|-heal|p1a: tony hawk|62/100|[from] item: Leftovers
|upkeep
|turn|2
|
|t:|1610128098
|switch|p2a: B|Slowking-Galar, M, shiny|100/100
|move|p1a: tony hawk|Draining Kiss|p2a: B
|-resisted|p2a: B
|-damage|p2a: B|97/100
|-heal|p1a: tony hawk|65/100|[from] drain|[of] p2a: B
|
|-heal|p1a: tony hawk|71/100|[from] item: Leftovers
|upkeep
|turn|3
|
|t:|1610128103
|switch|p1a: trick shot|Victini|100/100
|move|p2a: B|Future Sight|p1a: trick shot
|-start|p2a: B|move: Future Sight
|
|upkeep
|turn|4
|
|t:|1610128112
|move|p1a: trick shot|V-create|p2a: B
|-damage|p2a: B|30/100
|-unboost|p1a: trick shot|spe|1
|-unboost|p1a: trick shot|def|1
|-unboost|p1a: trick shot|spd|1
|move|p2a: B|Sludge Bomb|p1a: trick shot
|-damage|p1a: trick shot|55/100
|
|upkeep
|turn|5
|
|t:|1610128121
|switch|p2a: 11 days|Urshifu, F|100/100
|move|p1a: trick shot|V-create|p2a: 11 days
|-damage|p2a: 11 days|37/100
|-unboost|p1a: trick shot|spe|1
|-unboost|p1a: trick shot|def|1
|-unboost|p1a: trick shot|spd|1
|
|-end|p1a: trick shot|move: Future Sight
|-resisted|p1a: trick shot
|-damage|p1a: trick shot|11/100
|-fieldend|Misty Terrain
|upkeep
|turn|6
|
|t:|1610128131
|switch|p1a: tony hawk|Tapu Fini|71/100
|-fieldstart|move: Misty Terrain|[from] ability: Misty Surge|[of] p1a: tony hawk
|move|p2a: 11 days|Sucker Punch||[still]
|-fail|p2a: 11 days
|
|-heal|p1a: tony hawk|78/100|[from] item: Leftovers
|upkeep
|turn|7
|
|t:|1610128140
|switch|p2a: Walter white|Quagsire, M, shiny|100/100
|move|p1a: tony hawk|Draining Kiss|p2a: Walter white
|-damage|p2a: Walter white|81/100
|-heal|p1a: tony hawk|94/100|[from] drain|[of] p2a: Walter white
|
|-heal|p1a: tony hawk|99/100|[from] item: Leftovers
|-heal|p2a: Walter white|87/100|[from] item: Leftovers
|upkeep
|turn|8
|
|t:|1610128143
|move|p1a: tony hawk|Taunt|p2a: Walter white
|-start|p2a: Walter white|move: Taunt
|move|p2a: Walter white|Infestation|p1a: tony hawk
|-resisted|p1a: tony hawk
|-crit|p1a: tony hawk
|-damage|p1a: tony hawk|98/100
|-activate|p1a: tony hawk|move: Infestation|[of] p2a: Walter white
|
|-heal|p1a: tony hawk|100/100|[from] item: Leftovers
|-heal|p2a: Walter white|93/100|[from] item: Leftovers
|-damage|p1a: tony hawk|88/100|[from] move: Infestation|[partiallytrapped]
|upkeep
|turn|9
|
|t:|1610128145
|move|p1a: tony hawk|Whirlpool|p2a: Walter white
|-damage|p2a: Walter white|79/100
|-activate|p2a: Walter white|move: Whirlpool|[of] p1a: tony hawk
|move|p2a: Walter white|Seismic Toss|p1a: tony hawk
|-damage|p1a: tony hawk|59/100
|
|-heal|p1a: tony hawk|65/100|[from] item: Leftovers
|-heal|p2a: Walter white|86/100|[from] item: Leftovers
|-damage|p1a: tony hawk|53/100|[from] move: Infestation|[partiallytrapped]
|-damage|p2a: Walter white|73/100|[from] move: Whirlpool|[partiallytrapped]
|upkeep
|turn|10
|
|t:|1610128149
|move|p1a: tony hawk|Nature's Madness|p2a: Walter white
|-damage|p2a: Walter white|37/100
|move|p2a: Walter white|Seismic Toss|p1a: tony hawk
|-damage|p1a: tony hawk|23/100
|
|-heal|p1a: tony hawk|30/100|[from] item: Leftovers
|-heal|p2a: Walter white|43/100|[from] item: Leftovers
|-damage|p1a: tony hawk|17/100|[from] move: Infestation|[partiallytrapped]
|-damage|p2a: Walter white|30/100|[from] move: Whirlpool|[partiallytrapped]
|-end|p2a: Walter white|move: Taunt
|-fieldend|Misty Terrain
|upkeep
|turn|11
|
|t:|1610128153
|move|p1a: tony hawk|Draining Kiss|p2a: Walter white
|-damage|p2a: Walter white|10/100
|-heal|p1a: tony hawk|35/100|[from] drain|[of] p2a: Walter white
|move|p2a: Walter white|Seismic Toss|p1a: tony hawk
|-damage|p1a: tony hawk|6/100
|
|-heal|p1a: tony hawk|12/100|[from] item: Leftovers
|-heal|p2a: Walter white|16/100|[from] item: Leftovers
|-damage|p1a: tony hawk|0 fnt|[from] move: Infestation|[partiallytrapped]
|faint|p1a: tony hawk
|-end|p2a: Walter white|Whirlpool|[partiallytrapped]|[silent]
|upkeep
|
|t:|1610128167
|switch|p1a: trick shot|Victini|11/100
|turn|12
|
|t:|1610128174
|switch|p2a: Skooler|Tangrowth, M, shiny|100/100
|move|p1a: trick shot|V-create|p2a: Skooler
|-supereffective|p2a: Skooler
|-damage|p2a: Skooler|33/100
|-unboost|p1a: trick shot|spe|1
|-unboost|p1a: trick shot|def|1
|-unboost|p1a: trick shot|spd|1
|-damage|p1a: trick shot|0 fnt|[from] item: Rocky Helmet|[of] p2a: Skooler
|faint|p1a: trick shot
|
|upkeep
|
|t:|1610128181
|switch|p1a: kevin durant|Grimmsnarl, M|100/100
|turn|13
|
|t:|1610128192
|switch|p2a: FUCKK|Blissey, F|100/100
|move|p1a: kevin durant|Taunt|p2a: FUCKK
|-start|p2a: FUCKK|move: Taunt
|
|upkeep
|turn|14
|
|t:|1610128194
|move|p1a: kevin durant|Reflect|p1a: kevin durant
|-sidestart|p1: I'M AT MY LIMIT|Reflect
|move|p2a: FUCKK|Seismic Toss|p1a: kevin durant
|-damage|p1a: kevin durant|75/100
|
|upkeep
|turn|15
|
|t:|1610128198
|move|p1a: kevin durant|Light Screen|p1a: kevin durant
|-sidestart|p1: I'M AT MY LIMIT|move: Light Screen
|move|p2a: FUCKK|Seismic Toss|p1a: kevin durant
|-damage|p1a: kevin durant|50/100
|
|-end|p2a: FUCKK|move: Taunt
|upkeep
|turn|16
|
|t:|1610128203
|move|p1a: kevin durant|Thunder Wave|p2a: FUCKK|[miss]
|-miss|p1a: kevin durant|p2a: FUCKK
|move|p2a: FUCKK|Toxic|p1a: kevin durant
|-status|p1a: kevin durant|tox
|
|-damage|p1a: kevin durant|44/100 tox|[from] psn
|upkeep
|turn|17
|
|t:|1610128206
|move|p1a: kevin durant|Thunder Wave|p2a: FUCKK
|-status|p2a: FUCKK|par
|move|p2a: FUCKK|Seismic Toss|p1a: kevin durant
|-damage|p1a: kevin durant|18/100 tox
|
|-damage|p1a: kevin durant|6/100 tox|[from] psn
|upkeep
|turn|18
|
|t:|1610128214
|switch|p2a: Walter white|Quagsire, M, shiny|16/100
|move|p1a: kevin durant|Taunt|p2a: Walter white
|-start|p2a: Walter white|move: Taunt
|
|-heal|p2a: Walter white|22/100|[from] item: Leftovers
|-damage|p1a: kevin durant|0 fnt|[from] psn
|faint|p1a: kevin durant
|upkeep
|
|t:|1610128217
|switch|p1a: alex morgan|Cinderace, F|100/100
|turn|19
|
|t:|1610128225
|switch|p2a: FUCKK|Blissey, F|100/100
|move|p1a: alex morgan|High Jump Kick|p2a: FUCKK
|-start|p1a: alex morgan|typechange|Fighting|[from] ability: Libero
|-supereffective|p2a: FUCKK
|-damage|p2a: FUCKK|0 fnt
|faint|p2a: FUCKK
|
|upkeep
|
|t:|1610128229
|switch|p2a: Skooler|Tangrowth, M, shiny|66/100
|turn|20
|
|t:|1610128234
|switch|p2a: B|Slowking-Galar, M, shiny|63/100
|move|p1a: alex morgan|Pyro Ball|p2a: B|[miss]
|-start|p1a: alex morgan|typechange|Fire|[from] ability: Libero
|-miss|p1a: alex morgan|p2a: B
|
|upkeep
|turn|21
|
|t:|1610128240
|switch|p2a: Skooler|Tangrowth, M, shiny|99/100
|move|p1a: alex morgan|Pyro Ball|p2a: Skooler
|-supereffective|p2a: Skooler
|-damage|p2a: Skooler|38/100
|
|-sideend|p1: I'M AT MY LIMIT|Reflect
|upkeep
|turn|22
|
|t:|1610128243
|switch|p2a: B|Slowking-Galar, M, shiny|96/100
|move|p1a: alex morgan|Pyro Ball|p2a: B
|-damage|p2a: B|33/100
|
|-sideend|p1: I'M AT MY LIMIT|move: Light Screen
|upkeep
|turn|23
|
|t:|1610128246
|switch|p2a: Skooler|Tangrowth, M, shiny|71/100
|move|p1a: alex morgan|Pyro Ball|p2a: Skooler
|-supereffective|p2a: Skooler
|-damage|p2a: Skooler|9/100
|
|upkeep
|turn|24
|
|t:|1610128264
|move|p1a: alex morgan|Pyro Ball|p2a: Skooler
|-supereffective|p2a: Skooler
|-damage|p2a: Skooler|0 fnt
|faint|p2a: Skooler
|
|upkeep
|
|t:|1610128268
|switch|p2a: 11 days|Urshifu, F|37/100
|turn|25
|
|t:|1610128285
|move|p2a: 11 days|Sucker Punch|p1a: alex morgan
|-damage|p1a: alex morgan|24/100
|move|p1a: alex morgan|High Jump Kick|p2a: 11 days
|-start|p1a: alex morgan|typechange|Fighting|[from] ability: Libero
|-supereffective|p2a: 11 days
|-damage|p2a: 11 days|0 fnt
|faint|p2a: 11 days
|
|upkeep
|
|t:|1610128289
|switch|p2a: Hisenberg|Hydreigon, F|100/100
|turn|26
|
|t:|1610128291
|move|p1a: alex morgan|High Jump Kick|p2a: Hisenberg
|-supereffective|p2a: Hisenberg
|-damage|p2a: Hisenberg|0 fnt
|faint|p2a: Hisenberg
|
|upkeep
|
|t:|1610128294
|switch|p2a: Walter white|Quagsire, M, shiny|22/100
|turn|27
|
|t:|1610128296
|move|p1a: alex morgan|High Jump Kick|p2a: Walter white
|-damage|p2a: Walter white|0 fnt
|faint|p2a: Walter white
|
|upkeep
|
|t:|1610128298
|switch|p2a: B|Slowking-Galar, M, shiny|66/100
|turn|28
|
|t:|1610128305
|move|p1a: alex morgan|Pyro Ball|p2a: B
|-start|p1a: alex morgan|typechange|Fire|[from] ability: Libero
|-damage|p2a: B|8/100
|move|p2a: B|Sludge Bomb|p1a: alex morgan
|-damage|p1a: alex morgan|0 fnt
|faint|p1a: alex morgan
|
|upkeep
|
|t:|1610128310
|switch|p1a: That one bitch|Volcarona, F|100/100
|turn|29
|
|t:|1610128314
|move|p1a: That one bitch|Fiery Dance|p2a: B
|-damage|p2a: B|0 fnt
|faint|p2a: B
|
|win|I'M AT MY LIMIT
|l|☆BillyTheFlash
