|j|‽okaybears
|j|☆cogonahorse
|t:|1659730334
|gametype|singles
|player|p1|okaybears|265|1697
|player|p2|cogonahorse|workerice|1607
|teamsize|p1|6
|teamsize|p2|6
|gen|8
|tier|[Gen 8] OU
|rated|
|rule|Sleep Clause Mod: Limit one foe put to sleep
|rule|Species Clause: Limit one of each Pokémon
|rule|OHKO Clause: OHKO moves are banned
|rule|Evasion Items Clause: Evasion items are banned
|rule|Evasion Moves Clause: Evasion moves are banned
|rule|Endless Battle Clause: Forcing endless battles is banned
|rule|HP Percentage Mod: HP is shown in percentages
|rule|Dynamax Clause: You cannot dynamax
|clearpoke
|poke|p1|Obstagoon, M|
|poke|p1|Rillaboom, M|
|poke|p1|Slowking-Galar, F|
|poke|p1|Landorus-Therian, M|
|poke|p1|Melmetal|
|poke|p1|Dragapult, M|
|poke|p2|Dragapult, M|
|poke|p2|Tapu Fini|
|poke|p2|Aegislash, M|
|poke|p2|Tapu Lele|
|poke|p2|Landorus-Therian, M|
|poke|p2|Buzzwole|
|teampreview
|
|t:|1659730349
|start
|switch|p1a: Landorus|Landorus-Therian, M|100/100
|switch|p2a: Tapu Fini|Tapu Fini, shiny|100/100
|-ability|p1a: Landorus|Intimidate|boost
|-unboost|p2a: Tapu Fini|atk|1
|-fieldstart|move: Misty Terrain|[from] ability: Misty Surge|[of] p2a: Tapu Fini
|turn|1
|inactive|Battle timer is ON: inactive players will automatically lose when time's up. (requested by okaybears)
|
|t:|1659730370
|switch|p2a: Buzzwole|Buzzwole|100/100
|move|p1a: Landorus|U-turn|p2a: Buzzwole
|-resisted|p2a: Buzzwole
|-damage|p2a: Buzzwole|95/100
|
|t:|1659730376
|switch|p1a: Dragapult|Dragapult, M|100/100|[from]move: U-turn
|
|-heal|p2a: Buzzwole|100/100|[from] item: Leftovers
|upkeep
|turn|2
|
|t:|1659730380
|switch|p2a: Tapu Fini|Tapu Fini, shiny|100/100
|move|p1a: Dragapult|U-turn|p2a: Tapu Fini
|-resisted|p2a: Tapu Fini
|-damage|p2a: Tapu Fini|94/100
|
|t:|1659730393
|switch|p1a: Melmetal|Melmetal|100/100|[from]move: U-turn
|
|-heal|p2a: Tapu Fini|100/100|[from] item: Leftovers
|upkeep
|turn|3
|inactive|cogonahorse has 120 seconds left.
|
|t:|1659730441
|switch|p2a: Buzzwole|Buzzwole|100/100
|move|p1a: Melmetal|Double Iron Bash|p2a: Buzzwole
|-damage|p2a: Buzzwole|78/100
|-damage|p2a: Buzzwole|52/100
|-hitcount|p2a: Buzzwole|2
|
|-heal|p2a: Buzzwole|59/100|[from] item: Leftovers
|upkeep
|turn|4
|
|t:|1659730453
|switch|p1a: Slowking|Slowking-Galar, F|100/100
|move|p2a: Buzzwole|Roost|p2a: Buzzwole
|-heal|p2a: Buzzwole|100/100
|-singleturn|p2a: Buzzwole|move: Roost
|
|upkeep
|turn|5
|
|t:|1659730458
|move|p2a: Buzzwole|Earthquake|p1a: Slowking
|-supereffective|p1a: Slowking
|-damage|p1a: Slowking|38/100
|move|p1a: Slowking|Future Sight|p2a: Buzzwole
|-start|p1a: Slowking|move: Future Sight
|
|-fieldend|Misty Terrain
|upkeep
|turn|6
|
|t:|1659730471
|switch|p2a: Aegislash|Aegislash, M|100/100
|switch|p1a: Dragapult|Dragapult, M|100/100
|
|upkeep
|turn|7
|inactive|cogonahorse has 120 seconds left.
|
|t:|1659730509
|-formechange|p2a: Aegislash|Aegislash-Blade||[from] ability: Stance Change
|move|p2a: Aegislash|Shadow Sneak|p1a: Dragapult
|-supereffective|p1a: Dragapult
|-damage|p1a: Dragapult|57/100
|move|p1a: Dragapult|U-turn|p2a: Aegislash
|-resisted|p2a: Aegislash
|-damage|p2a: Aegislash|91/100
|
|t:|1659730516
|switch|p1a: Obstagoon|Obstagoon, M|100/100|[from]move: U-turn
|
|-end|p2a: Aegislash|move: Future Sight
|-resisted|p2a: Aegislash
|-damage|p2a: Aegislash|38/100
|-status|p1a: Obstagoon|brn|[from] item: Flame Orb
|upkeep
|turn|8
|
|t:|1659730522
|switch|p2a: Tapu Fini|Tapu Fini, shiny|100/100
|-fieldstart|move: Misty Terrain|[from] ability: Misty Surge|[of] p2a: Tapu Fini
|move|p1a: Obstagoon|Knock Off|p2a: Tapu Fini
|-resisted|p2a: Tapu Fini
|-damage|p2a: Tapu Fini|79/100
|-enditem|p2a: Tapu Fini|Leftovers|[from] move: Knock Off|[of] p1a: Obstagoon
|
|-damage|p1a: Obstagoon|94/100 brn|[from] brn
|upkeep
|turn|9
|
|t:|1659730529
|switch|p1a: Slowking|Slowking-Galar, F|71/100
|move|p2a: Tapu Fini|Moonblast|p1a: Slowking
|-resisted|p1a: Slowking
|-damage|p1a: Slowking|63/100
|-unboost|p1a: Slowking|spa|1
|
|upkeep
|turn|10
|
|t:|1659730534
|move|p2a: Tapu Fini|Knock Off|p1a: Slowking
|-supereffective|p1a: Slowking
|-crit|p1a: Slowking
|-damage|p1a: Slowking|11/100
|-enditem|p1a: Slowking|Assault Vest|[from] move: Knock Off|[of] p2a: Tapu Fini
|move|p1a: Slowking|Future Sight|p2a: Tapu Fini
|-start|p1a: Slowking|move: Future Sight
|
|upkeep
|turn|11
|
|t:|1659730539
|switch|p1a: Rillaboom|Rillaboom, M|100/100
|-fieldstart|move: Grassy Terrain|[from] ability: Grassy Surge|[of] p1a: Rillaboom
|move|p2a: Tapu Fini|Knock Off|p1a: Rillaboom
|-damage|p1a: Rillaboom|84/100
|-enditem|p1a: Rillaboom|Choice Band|[from] move: Knock Off|[of] p2a: Tapu Fini
|
|-heal|p1a: Rillaboom|90/100|[from] Grassy Terrain
|-heal|p2a: Tapu Fini|85/100|[from] Grassy Terrain
|upkeep
|turn|12
|
|t:|1659730546
|switch|p2a: Aegislash|Aegislash, M|38/100
|move|p1a: Rillaboom|Wood Hammer|p2a: Aegislash
|-resisted|p2a: Aegislash
|-damage|p2a: Aegislash|0 fnt
|faint|p2a: Aegislash
|-damage|p1a: Rillaboom|81/100|[from] Recoil
|
|-hint|Future Sight did not hit because the target is fainted.
|-heal|p1a: Rillaboom|87/100|[from] Grassy Terrain
|upkeep
|
|t:|1659730554
|switch|p2a: Dragapult|Dragapult, M|100/100
|turn|13
|
|t:|1659730559
|switch|p1a: Melmetal|Melmetal|100/100
|move|p2a: Dragapult|Draco Meteor|p1a: Melmetal
|-resisted|p1a: Melmetal
|-damage|p1a: Melmetal|65/100
|-unboost|p2a: Dragapult|spa|2
|
|-heal|p1a: Melmetal|72/100|[from] Grassy Terrain
|-heal|p1a: Melmetal|78/100|[from] item: Leftovers
|upkeep
|turn|14
|
|t:|1659730572
|switch|p2a: Buzzwole|Buzzwole|100/100
|move|p1a: Melmetal|Iron Defense|p1a: Melmetal
|-boost|p1a: Melmetal|def|2
|
|-heal|p1a: Melmetal|84/100|[from] Grassy Terrain
|-heal|p1a: Melmetal|90/100|[from] item: Leftovers
|upkeep
|turn|15
|
|t:|1659730579
|move|p2a: Buzzwole|Close Combat|p1a: Melmetal
|-supereffective|p1a: Melmetal
|-damage|p1a: Melmetal|57/100
|-unboost|p2a: Buzzwole|def|1
|-unboost|p2a: Buzzwole|spd|1
|move|p1a: Melmetal|Double Iron Bash|p2a: Buzzwole
|-damage|p2a: Buzzwole|67/100
|-damage|p2a: Buzzwole|31/100
|-hitcount|p2a: Buzzwole|2
|
|-heal|p2a: Buzzwole|38/100|[from] Grassy Terrain
|-heal|p2a: Buzzwole|44/100|[from] item: Leftovers
|-heal|p1a: Melmetal|63/100|[from] Grassy Terrain
|-heal|p1a: Melmetal|69/100|[from] item: Leftovers
|-fieldend|move: Grassy Terrain
|upkeep
|turn|16
|
|t:|1659730593
|switch|p2a: Landorus|Landorus-Therian, M|100/100
|-ability|p2a: Landorus|Intimidate|boost
|-unboost|p1a: Melmetal|atk|1
|move|p1a: Melmetal|Iron Defense|p1a: Melmetal
|-boost|p1a: Melmetal|def|2
|
|-heal|p1a: Melmetal|75/100|[from] item: Leftovers
|upkeep
|turn|17
|
|t:|1659730602
|move|p2a: Landorus|Earthquake|p1a: Melmetal
|-supereffective|p1a: Melmetal
|-crit|p1a: Melmetal
|-damage|p1a: Melmetal|0 fnt
|faint|p1a: Melmetal
|
|upkeep
|c|☆cogonahorse|oh my bad
|
|t:|1659730615
|switch|p1a: Obstagoon|Obstagoon, M|94/100 brn
|turn|18
|
|t:|1659730623
|move|p1a: Obstagoon|Facade|p2a: Landorus
|-crit|p2a: Landorus
|-damage|p2a: Landorus|0 fnt
|faint|p2a: Landorus
|
|-damage|p1a: Obstagoon|88/100 brn|[from] brn
|upkeep
|
|t:|1659730627
|switch|p2a: Tapu Lele|Tapu Lele|100/100
|-fieldstart|move: Psychic Terrain|[from] ability: Psychic Surge|[of] p2a: Tapu Lele
|turn|19
|
|t:|1659730632
|switch|p1a: Slowking|Slowking-Galar, F|45/100
|move|p2a: Tapu Lele|Moonblast|p1a: Slowking
|-resisted|p1a: Slowking
|-damage|p1a: Slowking|29/100
|-unboost|p1a: Slowking|spa|1
|
|upkeep
|turn|20
|
|t:|1659730636
|switch|p2a: Dragapult|Dragapult, M|100/100
|move|p1a: Slowking|Sludge Bomb|p2a: Dragapult
|-resisted|p2a: Dragapult
|-damage|p2a: Dragapult|82/100
|
|upkeep
|turn|21
|
|t:|1659730647
|switch|p1a: Landorus|Landorus-Therian, M|100/100
|-ability|p1a: Landorus|Intimidate|boost
|-unboost|p2a: Dragapult|atk|1
|move|p2a: Dragapult|Draco Meteor|p1a: Landorus
|-damage|p1a: Landorus|7/100
|-unboost|p2a: Dragapult|spa|2
|
|-heal|p1a: Landorus|13/100|[from] item: Leftovers
|upkeep
|turn|22
|
|t:|1659730656
|switch|p1a: Slowking|Slowking-Galar, F|63/100
|move|p2a: Dragapult|Draco Meteor|p1a: Slowking
|-damage|p1a: Slowking|37/100
|-unboost|p2a: Dragapult|spa|2
|
|upkeep
|turn|23
|
|t:|1659730668
|switch|p2a: Tapu Lele|Tapu Lele|100/100
|move|p1a: Slowking|Sludge Bomb|p2a: Tapu Lele
|-supereffective|p2a: Tapu Lele
|-crit|p2a: Tapu Lele
|-damage|p2a: Tapu Lele|0 fnt
|faint|p2a: Tapu Lele
|
|-fieldend|move: Psychic Terrain
|upkeep
|
|t:|1659730670
|switch|p2a: Dragapult|Dragapult, M|82/100
|turn|24
|
|t:|1659730673
|switch|p1a: Landorus|Landorus-Therian, M|13/100
|-ability|p1a: Landorus|Intimidate|boost
|-unboost|p2a: Dragapult|atk|1
|move|p2a: Dragapult|Draco Meteor|p1a: Landorus
|-damage|p1a: Landorus|0 fnt
|-unboost|p2a: Dragapult|spa|2
|faint|p1a: Landorus
|
|upkeep
|
|t:|1659730677
|switch|p1a: Slowking|Slowking-Galar, F|71/100
|turn|25
|
|t:|1659730680
|switch|p2a: Tapu Fini|Tapu Fini, shiny|85/100
|-fieldstart|move: Misty Terrain|[from] ability: Misty Surge|[of] p2a: Tapu Fini
|move|p1a: Slowking|Flamethrower|p2a: Tapu Fini
|-resisted|p2a: Tapu Fini
|-damage|p2a: Tapu Fini|76/100
|
|upkeep
|turn|26
|
|t:|1659730685
|move|p2a: Tapu Fini|Knock Off|p1a: Slowking
|-supereffective|p1a: Slowking
|-damage|p1a: Slowking|48/100
|move|p1a: Slowking|Future Sight|p2a: Tapu Fini
|-start|p1a: Slowking|move: Future Sight
|
|upkeep
|turn|27
|
|t:|1659730689
|move|p2a: Tapu Fini|Knock Off|p1a: Slowking
|-supereffective|p1a: Slowking
|-damage|p1a: Slowking|26/100
|move|p1a: Slowking|Sludge Bomb|p2a: Tapu Fini
|-supereffective|p2a: Tapu Fini
|-damage|p2a: Tapu Fini|21/100
|
|upkeep
|turn|28
|
|t:|1659730694
|switch|p1a: Rillaboom|Rillaboom, M|87/100
|-fieldstart|move: Grassy Terrain|[from] ability: Grassy Surge|[of] p1a: Rillaboom
|move|p2a: Tapu Fini|Knock Off|p1a: Rillaboom
|-damage|p1a: Rillaboom|75/100
|
|-end|p2a: Tapu Fini|move: Future Sight
|-damage|p2a: Tapu Fini|0 fnt
|faint|p2a: Tapu Fini
|-heal|p1a: Rillaboom|81/100|[from] Grassy Terrain
|upkeep
|
|t:|1659730696
|switch|p2a: Buzzwole|Buzzwole|44/100
|turn|29
|
|t:|1659730700
|move|p1a: Rillaboom|U-turn|p2a: Buzzwole
|-resisted|p2a: Buzzwole
|-damage|p2a: Buzzwole|37/100
|
|t:|1659730704
|switch|p1a: Obstagoon|Obstagoon, M|88/100 brn|[from]move: U-turn
|move|p2a: Buzzwole|Roost|p2a: Buzzwole
|-heal|p2a: Buzzwole|87/100
|-singleturn|p2a: Buzzwole|move: Roost
|
|-heal|p1a: Obstagoon|94/100 brn|[from] Grassy Terrain
|-heal|p2a: Buzzwole|93/100|[from] Grassy Terrain
|-heal|p2a: Buzzwole|99/100|[from] item: Leftovers
|-damage|p1a: Obstagoon|88/100 brn|[from] brn
|upkeep
|turn|30
|
|t:|1659730707
|move|p1a: Obstagoon|Switcheroo|p2a: Buzzwole
|-activate|p1a: Obstagoon|move: Trick|[of] p2a: Buzzwole
|-item|p2a: Buzzwole|Flame Orb|[from] move: Switcheroo
|-item|p1a: Obstagoon|Leftovers|[from] move: Switcheroo
|move|p2a: Buzzwole|Close Combat|p1a: Obstagoon
|-supereffective|p1a: Obstagoon
|-damage|p1a: Obstagoon|0 fnt
|-unboost|p2a: Buzzwole|def|1
|-unboost|p2a: Buzzwole|spd|1
|faint|p1a: Obstagoon
|-ability|p2a: Buzzwole|Beast Boost|boost
|-boost|p2a: Buzzwole|def|1
|
|-heal|p2a: Buzzwole|100/100|[from] Grassy Terrain
|-status|p2a: Buzzwole|brn|[from] item: Flame Orb
|upkeep
|
|t:|1659730712
|switch|p1a: Dragapult|Dragapult, M|57/100
|turn|31
|
|t:|1659730717
|move|p1a: Dragapult|Hex|p2a: Buzzwole
|-damage|p2a: Buzzwole|8/100 brn
|move|p2a: Buzzwole|Ice Punch|p1a: Dragapult
|-supereffective|p1a: Dragapult
|-damage|p1a: Dragapult|27/100
|
|-heal|p1a: Dragapult|33/100|[from] Grassy Terrain
|-heal|p2a: Buzzwole|15/100 brn|[from] Grassy Terrain
|-damage|p2a: Buzzwole|8/100 brn|[from] brn
|upkeep
|turn|32
|
|t:|1659730726
|move|p1a: Dragapult|Hex|p2a: Buzzwole
|-damage|p2a: Buzzwole|0 fnt
|faint|p2a: Buzzwole
|
|-heal|p1a: Dragapult|39/100|[from] Grassy Terrain
|-fieldend|move: Grassy Terrain
|upkeep
|
|t:|1659730728
|switch|p2a: Dragapult|Dragapult, M|82/100
|turn|33
|
|t:|1659730731
|move|p1a: Dragapult|Draco Meteor|p2a: Dragapult
|-supereffective|p2a: Dragapult
|-damage|p2a: Dragapult|0 fnt
|-unboost|p1a: Dragapult|spa|2
|faint|p2a: Dragapult
|
|win|okaybears
|raw|okaybears's rating: 1697 &rarr; <strong>1712</strong><br />(+15 for winning)
|raw|cogonahorse's rating: 1607 &rarr; <strong>1592</strong><br />(-15 for losing)
|l|‽okaybears
