|j|☆TasteOfApes
|j|☆ArcanineSquad
|t:|1620808031
|gametype|singles
|player|p1|TasteOfApes|battlegirl-gen4|1624
|player|p2|ArcanineSquad|cynthia-gen4|1617
|teamsize|p1|6
|teamsize|p2|6
|gen|8
|tier|[Gen 8] OU
|rated|
|rule|Sleep Clause Mod: Limit one foe put to sleep
|rule|Species Clause: Limit one of each Pokémon
|rule|OHKO Clause: OHKO moves are banned
|rule|Evasion Moves Clause: Evasion moves are banned
|rule|Endless Battle Clause: Forcing endless battles is banned
|rule|HP Percentage Mod: HP is shown in percentages
|rule|Dynamax Clause: You cannot dynamax
|clearpoke
|poke|p1|Landorus-Therian, M|
|poke|p1|Garchomp, F|
|poke|p1|Excadrill, M|
|poke|p1|Tapu Fini|
|poke|p1|Blissey, F|
|poke|p1|Flapple, F|
|poke|p2|Heatran, F|
|poke|p2|Zeraora|
|poke|p2|Corviknight, M|
|poke|p2|Slowking, F|
|poke|p2|Landorus-Therian, M|
|poke|p2|Clefable, F|
|teampreview
|inactive|Battle timer is ON: inactive players will automatically lose when time's up. (requested by ArcanineSquad)
|
|t:|1620808081
|start
|switch|p1a: Landorus|Landorus-Therian, M|100/100
|switch|p2a: Zeraora|Zeraora|100/100
|-ability|p1a: Landorus|Intimidate|boost
|-unboost|p2a: Zeraora|atk|1
|turn|1
|
|t:|1620808101
|switch|p2a: Corviknight|Corviknight, M|100/100
|-ability|p2a: Corviknight|Pressure
|move|p1a: Landorus|Stealth Rock|p2a: Corviknight
|-sidestart|p2: ArcanineSquad|move: Stealth Rock
|
|upkeep
|turn|2
|inactive|ArcanineSquad has 120 seconds left.
|
|t:|1620808132
|move|p1a: Landorus|Gravity|p1a: Landorus
|-fieldstart|move: Gravity
|move|p2a: Corviknight|Defog|p1a: Landorus
|-unboost|p1a: Landorus|evasion|1
|-sideend|p2: ArcanineSquad|Stealth Rock|[from] move: Defog|[of] p2a: Corviknight
|
|upkeep
|turn|3
|
|t:|1620808137
|switch|p2a: Clefable|Clefable, F|100/100
|move|p1a: Landorus|Earthquake|p2a: Clefable
|-damage|p2a: Clefable|51/100
|
|-heal|p2a: Clefable|57/100|[from] item: Leftovers
|upkeep
|turn|4
|
|t:|1620808149
|move|p1a: Landorus|Swords Dance|p1a: Landorus
|-boost|p1a: Landorus|atk|2
|move|p2a: Clefable|Soft-Boiled|p2a: Clefable
|-heal|p2a: Clefable|100/100
|
|upkeep
|turn|5
|
|t:|1620808156
|switch|p2a: Corviknight|Corviknight, M|100/100
|-ability|p2a: Corviknight|Pressure
|move|p1a: Landorus|Earthquake|p2a: Corviknight
|-supereffective|p2a: Corviknight
|-damage|p2a: Corviknight|0 fnt
|faint|p2a: Corviknight
|
|upkeep
|
|t:|1620808165
|switch|p2a: Landorus|Landorus-Therian, M|100/100
|-ability|p2a: Landorus|Intimidate|boost
|-unboost|p1a: Landorus|atk|1
|turn|6
|
|t:|1620808169
|move|p2a: Landorus|Swords Dance|p2a: Landorus
|-boost|p2a: Landorus|atk|2
|move|p1a: Landorus|Earthquake|p2a: Landorus
|-damage|p2a: Landorus|6/100
|
|-fieldend|move: Gravity
|upkeep
|turn|7
|
|t:|1620808181
|move|p2a: Landorus|Stone Edge|p1a: Landorus
|-damage|p1a: Landorus|7/100
|move|p1a: Landorus|Gravity|p1a: Landorus
|-fieldstart|move: Gravity
|
|upkeep
|turn|8
|
|t:|1620808189
|move|p2a: Landorus|Stone Edge|p1a: Landorus
|-damage|p1a: Landorus|0 fnt
|faint|p1a: Landorus
|
|upkeep
|
|t:|1620808197
|switch|p1a: Flapple|Flapple, F|100/100
|turn|9
|
|t:|1620808208
|move|p1a: Flapple|Sucker Punch|p2a: Landorus
|-damage|p2a: Landorus|0 fnt
|faint|p2a: Landorus
|
|upkeep
|
|t:|1620808212
|switch|p2a: Clefable|Clefable, F|100/100
|turn|10
|
|t:|1620808226
|switch|p1a: Blissey|Blissey, F|100/100
|move|p2a: Clefable|Knock Off|p1a: Blissey
|-damage|p1a: Blissey|88/100
|-enditem|p1a: Blissey|Heavy-Duty Boots|[from] move: Knock Off|[of] p2a: Clefable
|
|upkeep
|turn|11
|
|t:|1620808234
|move|p2a: Clefable|Stealth Rock|p1a: Blissey
|-sidestart|p1: TasteOfApes|move: Stealth Rock
|move|p1a: Blissey|Seismic Toss|p2a: Clefable
|-damage|p2a: Clefable|75/100
|
|-heal|p2a: Clefable|81/100|[from] item: Leftovers
|-fieldend|move: Gravity
|upkeep
|turn|12
|
|t:|1620808241
|switch|p2a: Slowking|Slowking, F|100/100
|move|p1a: Blissey|Gravity|p1a: Blissey
|-fieldstart|move: Gravity
|
|upkeep
|turn|13
|
|t:|1620808247
|move|p1a: Blissey|Teleport|p1a: Blissey
|inactive|TasteOfApes has 120 seconds left.
|
|t:|1620808295
|switch|p1a: Tapu Fini|Tapu Fini|100/100|[from]move: Teleport
|-damage|p1a: Tapu Fini|88/100|[from] Stealth Rock
|-fieldstart|move: Misty Terrain|[from] ability: Misty Surge|[of] p1a: Tapu Fini
|move|p2a: Slowking|Teleport|p2a: Slowking
|j| Xephix
|inactive|ArcanineSquad has 120 seconds left.
|j| Shofu1234
|inactive|ArcanineSquad has 90 seconds left.
|
|t:|1620808360
|switch|p2a: Zeraora|Zeraora|100/100|[from]move: Teleport
|
|upkeep
|turn|14
|j| HicHac
|
|t:|1620808375
|move|p1a: Tapu Fini|Surf|p2a: Zeraora
|-damage|p2a: Zeraora|53/100
|move|p2a: Zeraora|Knock Off|p1a: Tapu Fini
|-resisted|p1a: Tapu Fini
|-damage|p1a: Tapu Fini|73/100
|-enditem|p1a: Tapu Fini|Choice Scarf|[from] move: Knock Off|[of] p2a: Zeraora
|
|upkeep
|turn|15
|l| HicHac
|
|t:|1620808388
|switch|p1a: Garchomp|Garchomp, F|100/100
|-damage|p1a: Garchomp|94/100|[from] Stealth Rock
|move|p2a: Zeraora|Plasma Fists|p1a: Garchomp
|-immune|p1a: Garchomp
|
|upkeep
|turn|16
|
|t:|1620808400
|switch|p2a: Slowking|Slowking, F|100/100
|move|p1a: Garchomp|Swords Dance|p1a: Garchomp
|-boost|p1a: Garchomp|atk|2
|
|-fieldend|move: Gravity
|upkeep
|turn|17
|
|t:|1620808406
|move|p1a: Garchomp|Earthquake|p2a: Slowking
|-damage|p2a: Slowking|0 fnt
|faint|p2a: Slowking
|-damage|p1a: Garchomp|85/100|[from] item: Life Orb
|
|-fieldend|Misty Terrain
|upkeep
|
|t:|1620808411
|switch|p2a: Clefable|Clefable, F|81/100
|turn|18
|
|t:|1620808414
|move|p1a: Garchomp|Earthquake|p2a: Clefable
|-damage|p2a: Clefable|0 fnt
|faint|p2a: Clefable
|-damage|p1a: Garchomp|75/100|[from] item: Life Orb
|
|upkeep
|
|t:|1620808416
|switch|p2a: Zeraora|Zeraora|53/100
|turn|19
|
|t:|1620808421
|move|p2a: Zeraora|Close Combat|p1a: Garchomp
|-damage|p1a: Garchomp|36/100
|-unboost|p2a: Zeraora|def|1
|-unboost|p2a: Zeraora|spd|1
|-damage|p2a: Zeraora|41/100|[from] ability: Rough Skin|[of] p1a: Garchomp
|move|p1a: Garchomp|Earthquake|p2a: Zeraora
|-supereffective|p2a: Zeraora
|-damage|p2a: Zeraora|0 fnt
|faint|p2a: Zeraora
|-damage|p1a: Garchomp|26/100|[from] item: Life Orb
|
|upkeep
|-message|ArcanineSquad forfeited.
|
|win|TasteOfApes
|raw|TasteOfApes's rating: 1624 &rarr; <strong>1644</strong><br />(+20 for winning)
|raw|ArcanineSquad's rating: 1617 &rarr; <strong>1597</strong><br />(-20 for losing)
|l|☆ArcanineSquad
|c|☆TasteOfApes|gg
|l| Xephix
