|j|☆stopthreat
|j|☆Dallyranks
|t:|1650727733
|gametype|singles
|player|p1|stopthreat|skier|1789
|player|p2|Dallyranks|170|1883
|teamsize|p1|6
|teamsize|p2|6
|gen|8
|tier|[Gen 8] OU
|rated|
|rule|Sleep Clause Mod: Limit one foe put to sleep
|rule|Species Clause: Limit one of each Pokémon
|rule|OHKO Clause: OHKO moves are banned
|rule|Evasion Moves Clause: Evasion moves are banned
|rule|Endless Battle Clause: Forcing endless battles is banned
|rule|HP Percentage Mod: HP is shown in percentages
|rule|Dynamax Clause: You cannot dynamax
|clearpoke
|poke|p1|Dragapult, M|
|poke|p1|Clefable, F|
|poke|p1|Crawdaunt, M|
|poke|p1|Corviknight, M|
|poke|p1|Heatran, M|
|poke|p1|Gastrodon, M|
|poke|p2|Tornadus-Therian, M|
|poke|p2|Slowking-Galar, F|
|poke|p2|Slowbro, M|
|poke|p2|Buzzwole|
|poke|p2|Marowak-Alola, F|
|poke|p2|Diggersby, F|
|teampreview
|
|t:|1650727747
|start
|switch|p1a: Corviknight|Corviknight, M|100/100
|switch|p2a: Zeus|Tornadus-Therian, M|100/100
|-ability|p1a: Corviknight|Pressure
|turn|1
|inactive|Battle timer is ON: inactive players will automatically lose when time's up. (requested by stopthreat)
|j| yb is BETTER
|
|t:|1650727757
|move|p2a: Zeus|Hurricane|p1a: Corviknight
|-resisted|p1a: Corviknight
|-damage|p1a: Corviknight|87/100
|move|p1a: Corviknight|Brave Bird|p2a: Zeus
|-damage|p2a: Zeus|62/100
|-damage|p1a: Corviknight|75/100|[from] Recoil
|
|upkeep
|turn|2
|
|t:|1650727766
|move|p2a: Zeus|U-turn|p1a: Corviknight
|-resisted|p1a: Corviknight
|-damage|p1a: Corviknight|72/100
|-damage|p2a: Zeus|45/100|[from] item: Rocky Helmet|[of] p1a: Corviknight
|
|t:|1650727770
|switch|p2a: Poseidon|Slowbro, M|100/100|[from]move: U-turn
|move|p1a: Corviknight|U-turn|p2a: Poseidon
|-supereffective|p2a: Poseidon
|-damage|p2a: Poseidon|82/100
|
|t:|1650727781
|switch|p1a: Crawdaunt|Crawdaunt, M|100/100|[from]move: U-turn
|
|upkeep
|turn|3
|
|t:|1650727791
|switch|p2a: Hercules|Buzzwole|100/100
|move|p1a: Crawdaunt|Knock Off|p2a: Hercules
|-resisted|p2a: Hercules
|-damage|p2a: Hercules|73/100
|-damage|p1a: Crawdaunt|84/100|[from] item: Rocky Helmet|[of] p2a: Hercules
|-enditem|p2a: Hercules|Rocky Helmet|[from] move: Knock Off|[of] p1a: Crawdaunt
|
|upkeep
|turn|4
|
|t:|1650727802
|switch|p1a: Clefable|Clefable, F|100/100
|move|p2a: Hercules|Roost|p2a: Hercules
|-heal|p2a: Hercules|100/100
|-singleturn|p2a: Hercules|move: Roost
|
|upkeep
|turn|5
|
|t:|1650727811
|switch|p2a: Slowking-Valar|Slowking-Galar, F|100/100
|switch|p1a: Crawdaunt|Crawdaunt, M|84/100
|
|upkeep
|turn|6
|j| El papa Francisco
|
|t:|1650727819
|switch|p2a: Hercules|Buzzwole|100/100
|move|p1a: Crawdaunt|Crabhammer|p2a: Hercules|[miss]
|-miss|p1a: Crawdaunt|p2a: Hercules
|
|upkeep
|turn|7
|
|t:|1650727827
|switch|p2a: Hermes|Diggersby, F|100/100
|switch|p1a: Dragapult|Dragapult, M|100/100
|
|upkeep
|turn|8
|
|t:|1650727839
|switch|p2a: Slowking-Valar|Slowking-Galar, F|100/100
|move|p1a: Dragapult|Draco Meteor|p2a: Slowking-Valar
|-damage|p2a: Slowking-Valar|69/100
|-unboost|p1a: Dragapult|spa|2
|
|upkeep
|turn|9
|
|t:|1650727853
|switch|p1a: Gastrodon|Gastrodon, M|100/100
|switch|p2a: Hermes|Diggersby, F|100/100
|
|upkeep
|turn|10
|
|t:|1650727860
|move|p2a: Hermes|U-turn|p1a: Gastrodon
|-damage|p1a: Gastrodon|66/100
|
|t:|1650727874
|switch|p2a: Zeus|Tornadus-Therian, M|78/100|[from]move: U-turn
|move|p1a: Gastrodon|Scald|p2a: Zeus
|-damage|p2a: Zeus|52/100
|-status|p2a: Zeus|brn
|
|-heal|p1a: Gastrodon|72/100|[from] item: Leftovers
|-damage|p2a: Zeus|46/100 brn|[from] brn
|upkeep
|turn|11
|
|t:|1650727886
|switch|p1a: Corviknight|Corviknight, M|72/100
|-ability|p1a: Corviknight|Pressure
|move|p2a: Zeus|U-turn|p1a: Corviknight
|-resisted|p1a: Corviknight
|-damage|p1a: Corviknight|71/100
|-damage|p2a: Zeus|30/100 brn|[from] item: Rocky Helmet|[of] p1a: Corviknight
|
|t:|1650727895
|switch|p2a: Hades|Marowak-Alola, F|100/100|[from]move: U-turn
|
|upkeep
|turn|12
|
|t:|1650727904
|move|p2a: Hades|Flare Blitz|p1a: Corviknight
|-supereffective|p1a: Corviknight
|-damage|p1a: Corviknight|0 fnt
|-damage|p2a: Hades|84/100|[from] item: Rocky Helmet|[of] p1a: Corviknight
|faint|p1a: Corviknight
|
|upkeep
|j| Hong_Vn
|
|t:|1650727909
|switch|p1a: Crawdaunt|Crawdaunt, M|84/100
|turn|13
|
|t:|1650727913
|switch|p2a: Hercules|Buzzwole|100/100
|move|p1a: Crawdaunt|Crabhammer|p2a: Hercules
|-damage|p2a: Hercules|46/100
|
|upkeep
|turn|14
|
|t:|1650727920
|move|p2a: Hercules|Roost|p2a: Hercules
|-heal|p2a: Hercules|96/100
|-singleturn|p2a: Hercules|move: Roost
|move|p1a: Crawdaunt|Crabhammer|p2a: Hercules
|-damage|p2a: Hercules|45/100
|
|upkeep
|turn|15
|
|t:|1650727927
|switch|p1a: Dragapult|Dragapult, M|100/100
|move|p2a: Hercules|Roost|p2a: Hercules
|-heal|p2a: Hercules|95/100
|-singleturn|p2a: Hercules|move: Roost
|
|upkeep
|turn|16
|
|t:|1650727937
|switch|p2a: Slowking-Valar|Slowking-Galar, F|100/100
|move|p1a: Dragapult|Shadow Ball|p2a: Slowking-Valar
|-supereffective|p2a: Slowking-Valar
|-damage|p2a: Slowking-Valar|62/100
|-unboost|p2a: Slowking-Valar|spd|1
|
|upkeep
|turn|17
|
|t:|1650727945
|switch|p1a: Gastrodon|Gastrodon, M|72/100
|switch|p2a: Hermes|Diggersby, F|100/100
|
|-heal|p1a: Gastrodon|78/100|[from] item: Leftovers
|upkeep
|turn|18
|
|t:|1650727954
|move|p2a: Hermes|Mega Kick|p1a: Gastrodon
|-damage|p1a: Gastrodon|0 fnt
|faint|p1a: Gastrodon
|
|upkeep
|
|t:|1650727958
|switch|p1a: Dragapult|Dragapult, M|100/100
|turn|19
|
|t:|1650727963
|switch|p2a: Slowking-Valar|Slowking-Galar, F|95/100
|move|p1a: Dragapult|Shadow Ball|p2a: Slowking-Valar
|-supereffective|p2a: Slowking-Valar
|-damage|p2a: Slowking-Valar|57/100
|
|upkeep
|turn|20
|
|t:|1650727973
|switch|p1a: Crawdaunt|Crawdaunt, M|84/100
|switch|p2a: Hermes|Diggersby, F|100/100
|
|upkeep
|turn|21
|
|t:|1650727982
|switch|p2a: Hercules|Buzzwole|95/100
|move|p1a: Crawdaunt|Aqua Jet|p2a: Hercules
|-damage|p2a: Hercules|75/100
|
|upkeep
|turn|22
|
|t:|1650727989
|switch|p1a: Clefable|Clefable, F|100/100
|move|p2a: Hercules|Roost|p2a: Hercules
|-heal|p2a: Hercules|100/100
|-singleturn|p2a: Hercules|move: Roost
|
|upkeep
|turn|23
|
|t:|1650727997
|switch|p2a: Slowking-Valar|Slowking-Galar, F|90/100
|switch|p1a: Heatran|Heatran, M|100/100
|
|upkeep
|turn|24
|
|t:|1650728004
|move|p1a: Heatran|Magma Storm|p2a: Slowking-Valar
|-damage|p2a: Slowking-Valar|74/100
|-activate|p2a: Slowking-Valar|move: Magma Storm|[of] p1a: Heatran
|move|p2a: Slowking-Valar|Earthquake|p1a: Heatran
|-supereffective|p1a: Heatran
|-damage|p1a: Heatran|46/100
|
|-heal|p1a: Heatran|52/100|[from] item: Leftovers
|-damage|p2a: Slowking-Valar|61/100|[from] move: Magma Storm|[partiallytrapped]
|upkeep
|turn|25
|
|t:|1650728014
|move|p1a: Heatran|Protect|p1a: Heatran
|-singleturn|p1a: Heatran|Protect
|move|p2a: Slowking-Valar|Earthquake|p1a: Heatran
|-activate|p1a: Heatran|move: Protect
|
|-heal|p1a: Heatran|58/100|[from] item: Leftovers
|-damage|p2a: Slowking-Valar|49/100|[from] move: Magma Storm|[partiallytrapped]
|upkeep
|turn|26
|inactive|stopthreat has 120 seconds left.
|
|t:|1650728069
|move|p1a: Heatran|Earth Power|p2a: Slowking-Valar
|-supereffective|p2a: Slowking-Valar
|-damage|p2a: Slowking-Valar|28/100
|move|p2a: Slowking-Valar|Earthquake|p1a: Heatran
|-supereffective|p1a: Heatran
|-damage|p1a: Heatran|1/100
|
|-heal|p1a: Heatran|7/100|[from] item: Leftovers
|-damage|p2a: Slowking-Valar|15/100|[from] move: Magma Storm|[partiallytrapped]
|upkeep
|turn|27
|
|t:|1650728082
|move|p1a: Heatran|Earth Power|p2a: Slowking-Valar
|-supereffective|p2a: Slowking-Valar
|-damage|p2a: Slowking-Valar|0 fnt
|faint|p2a: Slowking-Valar
|
|-heal|p1a: Heatran|13/100|[from] item: Leftovers
|upkeep
|l| El papa Francisco
|
|t:|1650728103
|switch|p2a: Hermes|Diggersby, F|100/100
|turn|28
|j| Prauzi
|
|t:|1650728119
|move|p1a: Heatran|Protect|p1a: Heatran
|-singleturn|p1a: Heatran|Protect
|move|p2a: Hermes|Earthquake|p1a: Heatran
|-activate|p1a: Heatran|move: Protect
|
|-heal|p1a: Heatran|19/100|[from] item: Leftovers
|upkeep
|turn|29
|
|t:|1650728131
|switch|p1a: Clefable|Clefable, F|100/100
|move|p2a: Hermes|Earthquake|p1a: Clefable
|-damage|p1a: Clefable|0 fnt
|faint|p1a: Clefable
|
|upkeep
|
|t:|1650728136
|switch|p1a: Crawdaunt|Crawdaunt, M|84/100
|turn|30
|
|t:|1650728142
|move|p1a: Crawdaunt|Aqua Jet|p2a: Hermes
|-supereffective|p2a: Hermes
|-damage|p2a: Hermes|0 fnt
|faint|p2a: Hermes
|
|upkeep
|
|t:|1650728164
|switch|p2a: Poseidon|Slowbro, M|100/100
|turn|31
|inactive|stopthreat has 120 seconds left.
|
|t:|1650728173
|switch|p1a: Heatran|Heatran, M|19/100
|move|p2a: Poseidon|Trick Room|p2a: Poseidon
|-fieldstart|move: Trick Room|[of] p2a: Poseidon
|
|-heal|p1a: Heatran|25/100|[from] item: Leftovers
|upkeep
|turn|32
|
|t:|1650728180
|move|p1a: Heatran|Taunt|p2a: Poseidon
|-start|p2a: Poseidon|move: Taunt
|cant|p2a: Poseidon|move: Taunt|Teleport
|
|-heal|p1a: Heatran|31/100|[from] item: Leftovers
|upkeep
|turn|33
|
|t:|1650728188
|switch|p2a: Hades|Marowak-Alola, F|84/100
|move|p1a: Heatran|Magma Storm|p2a: Hades
|-resisted|p2a: Hades
|-damage|p2a: Hades|49/100
|-activate|p2a: Hades|move: Magma Storm|[of] p1a: Heatran
|
|-heal|p1a: Heatran|37/100|[from] item: Leftovers
|-damage|p2a: Hades|37/100|[from] move: Magma Storm|[partiallytrapped]
|upkeep
|turn|34
|
|t:|1650728202
|move|p1a: Heatran|Protect|p1a: Heatran
|-singleturn|p1a: Heatran|Protect
|move|p2a: Hades|Low Kick|p1a: Heatran
|-activate|p1a: Heatran|move: Protect
|
|-heal|p1a: Heatran|43/100|[from] item: Leftovers
|-damage|p2a: Hades|25/100|[from] move: Magma Storm|[partiallytrapped]
|upkeep
|turn|35
|
|t:|1650728211
|switch|p1a: Crawdaunt|Crawdaunt, M|84/100
|move|p2a: Hades|Flare Blitz|p1a: Crawdaunt
|-resisted|p1a: Crawdaunt
|-damage|p1a: Crawdaunt|6/100
|
|-end|p2a: Hades|Magma Storm|[partiallytrapped]|[silent]
|-fieldend|move: Trick Room
|upkeep
|turn|36
|
|t:|1650728234
|switch|p2a: Poseidon|Slowbro, M|100/100
|move|p1a: Crawdaunt|Knock Off|p2a: Poseidon
|-supereffective|p2a: Poseidon
|-damage|p2a: Poseidon|0 fnt
|-enditem|p2a: Poseidon|Eviolite|[from] move: Knock Off|[of] p1a: Crawdaunt
|faint|p2a: Poseidon
|
|upkeep
|inactive|Dallyranks has 120 seconds left.
|c|☆Dallyranks|Wtf do I have eviolite
|c|☆Dallyranks|Huhhh
|inactive|Dallyranks has 90 seconds left.
|c| yb is BETTER|hacked
|-message|Dallyranks forfeited.
|
|win|stopthreat
|raw|stopthreat's rating: 1789 &rarr; <strong>1814</strong><br />(+25 for winning)
|raw|Dallyranks's rating: 1883 &rarr; <strong>1858</strong><br />(-25 for losing)
|l|☆stopthreat
|l|☆Dallyranks
