|j|☆Lunar Neo
|j|☆Hassin627
|player|p1|Lunar Neo|248|1624
|player|p2|Hassin627|109|1506
|teamsize|p1|6
|teamsize|p2|6
|gametype|singles
|gen|8
|tier|[Gen 8] OU
|rated|
|rule|Sleep Clause Mod: Limit one foe put to sleep
|rule|Species Clause: Limit one of each Pokémon
|rule|OHKO Clause: OHKO moves are banned
|rule|Evasion Moves Clause: Evasion moves are banned
|rule|Endless Battle Clause: Forcing endless battles is banned
|rule|HP Percentage Mod: HP is shown in percentages
|clearpoke
|poke|p1|Hydreigon, M|
|poke|p1|Mamoswine, F|
|poke|p1|Aegislash, F|
|poke|p1|Clefable, F|
|poke|p1|Rotom-Wash|
|poke|p1|Toxtricity, F|
|poke|p2|Clefable, M|
|poke|p2|Kommo-o, F|
|poke|p2|Aegislash, M|
|poke|p2|Corviknight, F|
|poke|p2|Cinderace, F|
|poke|p2|Ditto|
|teampreview
|inactive|Battle timer is ON: inactive players will automatically lose when time's up. (requested by Hassin627)
|
|start
|switch|p1a: Mamoswine|Mamoswine, F|100/100
|switch|p2a: Clefable|Clefable, M|100/100
|turn|1
|
|move|p1a: Mamoswine|Stealth Rock|p2a: Clefable
|-sidestart|p2: Hassin627|move: Stealth Rock
|move|p2a: Clefable|Moonblast|p1a: Mamoswine
|-damage|p1a: Mamoswine|35/100
|
|upkeep
|turn|2
|
|switch|p2a: Corviknight|Corviknight, F|100/100
|-damage|p2a: Corviknight|88/100|[from] Stealth Rock
|-ability|p2a: Corviknight|Pressure
|move|p1a: Mamoswine|Earthquake|p2a: Corviknight
|-immune|p2a: Corviknight
|
|-heal|p2a: Corviknight|94/100|[from] item: Leftovers
|upkeep
|turn|3
|
|switch|p1a: Toxtricity|Toxtricity, F|100/100
|switch|p2a: Cinderace|Cinderace, F|100/100
|
|upkeep
|turn|4
|
|switch|p2a: Kommo-o|Kommo-o, F|100/100
|-damage|p2a: Kommo-o|94/100|[from] Stealth Rock
|move|p1a: Toxtricity|Overdrive|p2a: Kommo-o
|-immune|p2a: Kommo-o|[from] ability: Soundproof
|
|-heal|p2a: Kommo-o|100/100|[from] item: Leftovers
|upkeep
|turn|5
|
|switch|p1a: Clefable|Clefable, F|100/100
|move|p2a: Kommo-o|Stealth Rock|p1a: Clefable
|-sidestart|p1: Lunar Neo|move: Stealth Rock
|
|upkeep
|turn|6
|
|move|p2a: Kommo-o|Protect|p2a: Kommo-o
|-singleturn|p2a: Kommo-o|Protect
|move|p1a: Clefable|Flamethrower|p2a: Kommo-o
|-activate|p2a: Kommo-o|move: Protect
|
|upkeep
|turn|7
|
|switch|p2a: Cinderace|Cinderace, F|100/100
|move|p1a: Clefable|Flamethrower|p2a: Cinderace
|-resisted|p2a: Cinderace
|-damage|p2a: Cinderace|85/100
|
|upkeep
|turn|8
|
|move|p2a: Cinderace|Pyro Ball|p1a: Clefable
|-damage|p1a: Clefable|48/100
|move|p1a: Clefable|Thunderbolt|p2a: Cinderace
|-damage|p2a: Cinderace|57/100
|
|-heal|p1a: Clefable|54/100|[from] item: Leftovers
|upkeep
|turn|9
|
|move|p2a: Cinderace|Pyro Ball|p1a: Clefable
|-damage|p1a: Clefable|7/100
|move|p1a: Clefable|Moonlight|p1a: Clefable
|-heal|p1a: Clefable|57/100
|
|-heal|p1a: Clefable|63/100|[from] item: Leftovers
|upkeep
|turn|10
|
|switch|p1a: Rotom|Rotom-Wash|100/100
|-damage|p1a: Rotom|88/100|[from] Stealth Rock
|move|p2a: Cinderace|Pyro Ball|p1a: Rotom
|-resisted|p1a: Rotom
|-damage|p1a: Rotom|64/100
|
|-heal|p1a: Rotom|71/100|[from] item: Leftovers
|upkeep
|turn|11
|
|move|p2a: Cinderace|High Jump Kick|p1a: Rotom
|-damage|p1a: Rotom|40/100
|move|p1a: Rotom|Thunder Wave|p2a: Cinderace
|-status|p2a: Cinderace|par
|
|-heal|p1a: Rotom|46/100|[from] item: Leftovers
|upkeep
|turn|12
|
|switch|p2a: Clefable|Clefable, M|100/100
|move|p1a: Rotom|Hydro Pump|p2a: Clefable
|-damage|p2a: Clefable|64/100
|
|-heal|p1a: Rotom|52/100|[from] item: Leftovers
|upkeep
|turn|13
|
|move|p1a: Rotom|Volt Switch|p2a: Clefable
|-damage|p2a: Clefable|41/100
|
|switch|p1a: Aegislash|Aegislash, F|100/100|[from]move: Volt Switch
|-damage|p1a: Aegislash|94/100|[from] Stealth Rock
|move|p2a: Clefable|Moonblast|p1a: Aegislash
|-resisted|p1a: Aegislash
|-damage|p1a: Aegislash|74/100
|
|-heal|p1a: Aegislash|80/100|[from] item: Leftovers
|upkeep
|turn|14
|
|move|p2a: Clefable|Flamethrower|p1a: Aegislash
|-supereffective|p1a: Aegislash
|-damage|p1a: Aegislash|31/100
|-status|p1a: Aegislash|brn
|-formechange|p1a: Aegislash|Aegislash-Blade||[from] ability: Stance Change
|move|p1a: Aegislash|Flash Cannon|p2a: Clefable
|-supereffective|p2a: Clefable
|-damage|p2a: Clefable|0 fnt
|faint|p2a: Clefable
|
|-heal|p1a: Aegislash|38/100 brn|[from] item: Leftovers
|-damage|p1a: Aegislash|31/100 brn|[from] brn
|upkeep
|
|switch|p2a: Cinderace|Cinderace, F|57/100 par
|turn|15
|
|switch|p1a: Hydreigon|Hydreigon, M|100/100
|-damage|p1a: Hydreigon|88/100|[from] Stealth Rock
|move|p2a: Cinderace|Pyro Ball|p1a: Hydreigon
|-resisted|p1a: Hydreigon
|-damage|p1a: Hydreigon|54/100
|
|-heal|p1a: Hydreigon|60/100|[from] item: Leftovers
|upkeep
|turn|16
|
|move|p1a: Hydreigon|Dark Pulse|p2a: Cinderace
|-damage|p2a: Cinderace|2/100 par
|move|p2a: Cinderace|High Jump Kick|p1a: Hydreigon
|-supereffective|p1a: Hydreigon
|-damage|p1a: Hydreigon|0 fnt
|faint|p1a: Hydreigon
|
|upkeep
|
|switch|p1a: Toxtricity|Toxtricity, F|100/100
|-damage|p1a: Toxtricity|88/100|[from] Stealth Rock
|turn|17
|
|switch|p2a: Kommo-o|Kommo-o, F|100/100
|-damage|p2a: Kommo-o|94/100|[from] Stealth Rock
|move|p1a: Toxtricity|Volt Switch|p2a: Kommo-o
|-resisted|p2a: Kommo-o
|-damage|p2a: Kommo-o|70/100
|
|switch|p1a: Clefable|Clefable, F|63/100|[from]move: Volt Switch
|
|-heal|p2a: Kommo-o|77/100|[from] item: Leftovers
|-heal|p1a: Clefable|69/100|[from] item: Leftovers
|upkeep
|turn|18
|
|switch|p2a: Aegislash|Aegislash, M|100/100
|-damage|p2a: Aegislash|94/100|[from] Stealth Rock
|move|p1a: Clefable|Moonblast|p2a: Aegislash
|-resisted|p2a: Aegislash
|-damage|p2a: Aegislash|85/100
|
|-heal|p1a: Clefable|75/100|[from] item: Leftovers
|-heal|p2a: Aegislash|92/100|[from] item: Leftovers
|upkeep
|turn|19
|
|switch|p1a: Aegislash|Aegislash, F|31/100 brn
|-damage|p1a: Aegislash|25/100 brn|[from] Stealth Rock
|-formechange|p2a: Aegislash|Aegislash-Blade||[from] ability: Stance Change
|move|p2a: Aegislash|Shadow Ball|p1a: Aegislash
|-supereffective|p1a: Aegislash
|-damage|p1a: Aegislash|0 fnt
|faint|p1a: Aegislash
|
|-heal|p2a: Aegislash|98/100|[from] item: Leftovers
|upkeep
|
|switch|p1a: Toxtricity|Toxtricity, F|88/100
|-damage|p1a: Toxtricity|76/100|[from] Stealth Rock
|turn|20
|
|-formechange|p2a: Aegislash|Aegislash||[from] ability: Stance Change
|move|p2a: Aegislash|King's Shield|p2a: Aegislash
|-singleturn|p2a: Aegislash|Protect
|move|p1a: Toxtricity|Volt Switch|p2a: Aegislash
|-activate|p2a: Aegislash|move: Protect
|
|-heal|p2a: Aegislash|100/100|[from] item: Leftovers
|upkeep
|turn|21
|
|move|p1a: Toxtricity|Volt Switch|p2a: Aegislash
|-damage|p2a: Aegislash|66/100
|
|switch|p1a: Rotom|Rotom-Wash|52/100|[from]move: Volt Switch
|-damage|p1a: Rotom|40/100|[from] Stealth Rock
|-formechange|p2a: Aegislash|Aegislash-Blade||[from] ability: Stance Change
|move|p2a: Aegislash|Shadow Ball|p1a: Rotom
|-damage|p1a: Rotom|0 fnt
|faint|p1a: Rotom
|
|-heal|p2a: Aegislash|72/100|[from] item: Leftovers
|upkeep
|
|switch|p1a: Clefable|Clefable, F|75/100
|turn|22
|
|move|p1a: Clefable|Flamethrower|p2a: Aegislash
|-supereffective|p2a: Aegislash
|-damage|p2a: Aegislash|28/100
|move|p2a: Aegislash|Shadow Ball|p1a: Clefable
|-damage|p1a: Clefable|43/100
|
|-heal|p1a: Clefable|49/100|[from] item: Leftovers
|-heal|p2a: Aegislash|34/100|[from] item: Leftovers
|upkeep
|turn|23
|
|move|p1a: Clefable|Moonlight|p1a: Clefable
|-heal|p1a: Clefable|99/100
|move|p2a: Aegislash|Shadow Ball|p1a: Clefable
|-crit|p1a: Clefable
|-damage|p1a: Clefable|55/100
|-unboost|p1a: Clefable|spd|1
|
|-heal|p1a: Clefable|61/100|[from] item: Leftovers
|-heal|p2a: Aegislash|40/100|[from] item: Leftovers
|upkeep
|turn|24
|
|-formechange|p2a: Aegislash|Aegislash||[from] ability: Stance Change
|move|p2a: Aegislash|King's Shield|p2a: Aegislash
|-singleturn|p2a: Aegislash|Protect
|move|p1a: Clefable|Flamethrower|p2a: Aegislash
|-activate|p2a: Aegislash|move: Protect
|
|-heal|p1a: Clefable|67/100|[from] item: Leftovers
|-heal|p2a: Aegislash|46/100|[from] item: Leftovers
|upkeep
|turn|25
|
|switch|p1a: Mamoswine|Mamoswine, F|35/100
|-damage|p1a: Mamoswine|22/100|[from] Stealth Rock
|-formechange|p2a: Aegislash|Aegislash-Blade||[from] ability: Stance Change
|move|p2a: Aegislash|Shadow Ball|p1a: Mamoswine
|-damage|p1a: Mamoswine|0 fnt
|faint|p1a: Mamoswine
|
|-heal|p2a: Aegislash|53/100|[from] item: Leftovers
|upkeep
|
|switch|p1a: Clefable|Clefable, F|67/100
|turn|26
|
|move|p1a: Clefable|Flamethrower|p2a: Aegislash
|-supereffective|p2a: Aegislash
|-damage|p2a: Aegislash|5/100
|move|p2a: Aegislash|Shadow Ball|p1a: Clefable
|-damage|p1a: Clefable|36/100
|
|-heal|p1a: Clefable|42/100|[from] item: Leftovers
|-heal|p2a: Aegislash|12/100|[from] item: Leftovers
|upkeep
|turn|27
|
|move|p2a: Aegislash|Shadow Sneak|p1a: Clefable
|-damage|p1a: Clefable|25/100
|move|p1a: Clefable|Flamethrower|p2a: Aegislash
|-supereffective|p2a: Aegislash
|-damage|p2a: Aegislash|0 fnt
|faint|p2a: Aegislash
|
|-heal|p1a: Clefable|31/100|[from] item: Leftovers
|upkeep
|
|switch|p2a: Corviknight|Corviknight, F|94/100
|-damage|p2a: Corviknight|82/100|[from] Stealth Rock
|-ability|p2a: Corviknight|Pressure
|turn|28
|
|switch|p1a: Toxtricity|Toxtricity, F|76/100
|-damage|p1a: Toxtricity|63/100|[from] Stealth Rock
|-start|p2a: Corviknight|Dynamax
|-heal|p2a: Corviknight|82/100|[silent]
|move|p2a: Corviknight|Max Airstream|p1a: Toxtricity
|-resisted|p1a: Toxtricity
|-damage|p1a: Toxtricity|32/100
|-boost|p2a: Corviknight|spe|1
|
|-heal|p2a: Corviknight|85/100|[from] item: Leftovers
|upkeep
|turn|29
|
|move|p2a: Corviknight|Max Airstream|p1a: Toxtricity
|-resisted|p1a: Toxtricity
|-damage|p1a: Toxtricity|0 fnt
|-boost|p2a: Corviknight|spe|1
|faint|p1a: Toxtricity
|
|-heal|p2a: Corviknight|88/100|[from] item: Leftovers
|upkeep
|-message|Lunar Neo forfeited.
|
|win|Hassin627
|l|☆Lunar Neo
|inactive|Lunar Neo disconnected and has a minute to reconnect!
|player|p1|
