|j|☆crockerrocker
|j|☆quixana
|t:|1667191482
|gametype|singles
|player|p1|crockerrocker|twins-gen4dp|1631
|player|p2|quixana|ethan-pokeathlon|1719
|teamsize|p1|6
|teamsize|p2|6
|gen|8
|tier|[Gen 8] OU
|rated|
|rule|Sleep Clause Mod: Limit one foe put to sleep
|rule|Species Clause: Limit one of each Pokémon
|rule|OHKO Clause: OHKO moves are banned
|rule|Evasion Items Clause: Evasion items are banned
|rule|Evasion Moves Clause: Evasion moves are banned
|rule|Endless Battle Clause: Forcing endless battles is banned
|rule|HP Percentage Mod: HP is shown in percentages
|rule|Dynamax Clause: You cannot dynamax
|clearpoke
|poke|p1|Pelipper, M|
|poke|p1|Barraskewda, M|
|poke|p1|Regieleki|
|poke|p1|Tapu Lele|
|poke|p1|Landorus-Therian, M|
|poke|p1|Ferrothorn, M|
|poke|p2|Slowking-Galar, F|
|poke|p2|Tapu Koko|
|poke|p2|Hippowdon, F|
|poke|p2|Urshifu-*, M|
|poke|p2|Hydreigon, F|
|poke|p2|Corviknight, F|
|teampreview
|j| Congwuyu
|j| durarararara
|j| Dumindu
|c| Dumindu|Lets have a good clean battle here fellas
|
|t:|1667191512
|start
|switch|p1a: Barraskewda|Barraskewda, M|100/100
|switch|p2a: Hippowdon|Hippowdon, F|100/100
|-weather|Sandstorm|[from] ability: Sand Stream|[of] p2a: Hippowdon
|turn|1
|
|t:|1667191527
|switch|p2a: Corviknight|Corviknight, F|100/100
|-ability|p2a: Corviknight|Pressure
|move|p1a: Barraskewda|Flip Turn|p2a: Corviknight
|-damage|p2a: Corviknight|69/100
|-damage|p1a: Barraskewda|84/100|[from] item: Rocky Helmet|[of] p2a: Corviknight
|
|t:|1667191529
|switch|p1a: Pelipper|Pelipper, M, shiny|100/100|[from]move: Flip Turn
|-weather|RainDance|[from] ability: Drizzle|[of] p1a: Pelipper
|
|-weather|RainDance|[upkeep]
|upkeep
|turn|2
|l| Congwuyu
|inactive|Battle timer is ON: inactive players will automatically lose when time's up. (requested by crockerrocker)
|
|t:|1667191573
|switch|p2a: Slowking|Slowking-Galar, F|100/100
|move|p1a: Pelipper|Surf|p2a: Slowking
|-damage|p2a: Slowking|52/100
|
|-weather|RainDance|[upkeep]
|upkeep
|turn|3
|
|t:|1667191584
|move|p1a: Pelipper|Surf|p2a: Slowking
|-damage|p2a: Slowking|9/100
|move|p2a: Slowking|Sludge Bomb|p1a: Pelipper
|-damage|p1a: Pelipper|46/100
|-status|p1a: Pelipper|psn
|
|-weather|RainDance|[upkeep]
|-damage|p1a: Pelipper|34/100 psn|[from] psn
|upkeep
|turn|4
|
|t:|1667191602
|switch|p2a: Hydreigon|Hydreigon, F|100/100
|move|p1a: Pelipper|Surf|p2a: Hydreigon
|-resisted|p2a: Hydreigon
|-damage|p2a: Hydreigon|45/100
|
|-weather|RainDance|[upkeep]
|-damage|p1a: Pelipper|22/100 psn|[from] psn
|upkeep
|turn|5
|
|t:|1667191608
|switch|p1a: Ferrothorn|Ferrothorn, M|100/100
|move|p2a: Hydreigon|Dark Pulse|p1a: Ferrothorn
|-damage|p1a: Ferrothorn|60/100
|
|-weather|none
|-heal|p1a: Ferrothorn|66/100|[from] item: Leftovers
|upkeep
|turn|6
|
|t:|1667191626
|switch|p2a: Corviknight|Corviknight, F|69/100
|-ability|p2a: Corviknight|Pressure
|move|p1a: Ferrothorn|Spikes|p2a: Corviknight
|-sidestart|p2: quixana|Spikes
|
|-heal|p1a: Ferrothorn|72/100|[from] item: Leftovers
|upkeep
|turn|7
|
|t:|1667191633
|move|p2a: Corviknight|Body Press|p1a: Ferrothorn
|-supereffective|p1a: Ferrothorn
|-damage|p1a: Ferrothorn|34/100
|-damage|p2a: Corviknight|56/100|[from] ability: Iron Barbs|[of] p1a: Ferrothorn
|move|p1a: Ferrothorn|Leech Seed|p2a: Corviknight|[miss]
|-miss|p1a: Ferrothorn|p2a: Corviknight
|
|-heal|p1a: Ferrothorn|40/100|[from] item: Leftovers
|upkeep
|turn|8
|
|t:|1667191642
|move|p2a: Corviknight|Body Press|p1a: Ferrothorn
|-supereffective|p1a: Ferrothorn
|-damage|p1a: Ferrothorn|1/100
|-damage|p2a: Corviknight|44/100|[from] ability: Iron Barbs|[of] p1a: Ferrothorn
|move|p1a: Ferrothorn|Leech Seed|p2a: Corviknight
|-start|p2a: Corviknight|move: Leech Seed
|
|-heal|p1a: Ferrothorn|7/100|[from] item: Leftovers
|-damage|p2a: Corviknight|32/100|[from] Leech Seed|[of] p1a: Ferrothorn
|-heal|p1a: Ferrothorn|21/100|[silent]
|upkeep
|turn|9
|inactive|quixana has 120 seconds left.
|c| Dumindu|Freakin meta slaves
|l| Dumindu
|inactive|quixana has 90 seconds left.
|
|t:|1667191716
|move|p2a: Corviknight|U-turn|p1a: Ferrothorn
|-damage|p1a: Ferrothorn|9/100
|-damage|p2a: Corviknight|20/100|[from] ability: Iron Barbs|[of] p1a: Ferrothorn
|
|t:|1667191727
|switch|p2a: Tapu Koko|Tapu Koko|100/100|[from]move: U-turn
|-fieldstart|move: Electric Terrain|[from] ability: Electric Surge|[of] p2a: Tapu Koko
|move|p1a: Ferrothorn|Spikes|p2a: Tapu Koko
|-sidestart|p2: quixana|Spikes
|
|-heal|p1a: Ferrothorn|15/100|[from] item: Leftovers
|upkeep
|turn|10
|
|t:|1667191737
|switch|p1a: Landorus|Landorus-Therian, M|100/100
|-ability|p1a: Landorus|Intimidate|boost
|-unboost|p2a: Tapu Koko|atk|1
|move|p2a: Tapu Koko|Dazzling Gleam|p1a: Landorus
|-damage|p1a: Landorus|75/100
|
|-heal|p1a: Landorus|81/100|[from] item: Leftovers
|upkeep
|turn|11
|
|t:|1667191749
|switch|p2a: Corviknight|Corviknight, F|20/100
|-ability|p2a: Corviknight|Pressure
|move|p1a: Landorus|U-turn|p2a: Corviknight
|-resisted|p2a: Corviknight
|-damage|p2a: Corviknight|16/100
|-damage|p1a: Landorus|64/100|[from] item: Rocky Helmet|[of] p2a: Corviknight
|l| durarararara
|
|t:|1667191764
|switch|p1a: Barraskewda|Barraskewda, M|84/100|[from]move: U-turn
|
|upkeep
|turn|12
|inactive|quixana has 60 seconds left.
|
|t:|1667191803
|switch|p2a: Tapu Koko|Tapu Koko|100/100
|move|p1a: Barraskewda|Flip Turn|p2a: Tapu Koko
|-damage|p2a: Tapu Koko|29/100
|
|t:|1667191808
|switch|p1a: Tapu Lele|Tapu Lele|100/100|[from]move: Flip Turn
|-fieldstart|move: Psychic Terrain|[from] ability: Psychic Surge|[of] p1a: Tapu Lele
|
|upkeep
|turn|13
|inactive|quixana has 60 seconds left.
|
|t:|1667191846
|switch|p2a: Hippowdon|Hippowdon, F|100/100
|-damage|p2a: Hippowdon|84/100|[from] Spikes
|-weather|Sandstorm|[from] ability: Sand Stream|[of] p2a: Hippowdon
|move|p1a: Tapu Lele|Moonblast|p2a: Hippowdon
|-damage|p2a: Hippowdon|43/100
|
|-weather|Sandstorm|[upkeep]
|-damage|p1a: Tapu Lele|94/100|[from] Sandstorm
|-heal|p2a: Hippowdon|49/100|[from] item: Leftovers
|upkeep
|turn|14
|
|t:|1667191861
|move|p1a: Tapu Lele|Moonblast|p2a: Hippowdon
|-damage|p2a: Hippowdon|10/100
|move|p2a: Hippowdon|Heavy Slam|p1a: Tapu Lele
|-supereffective|p1a: Tapu Lele
|-damage|p1a: Tapu Lele|0 fnt
|faint|p1a: Tapu Lele
|
|-weather|Sandstorm|[upkeep]
|-heal|p2a: Hippowdon|17/100|[from] item: Leftovers
|upkeep
|
|t:|1667191871
|switch|p1a: Barraskewda|Barraskewda, M|84/100
|turn|15
|
|t:|1667191889
|switch|p2a: Slowking|Slowking-Galar, F|42/100
|-damage|p2a: Slowking|26/100|[from] Spikes
|move|p1a: Barraskewda|Flip Turn|p2a: Slowking
|-crit|p2a: Slowking
|-damage|p2a: Slowking|0 fnt
|faint|p2a: Slowking
|
|t:|1667191901
|switch|p1a: Regieleki|Regieleki, shiny|100/100|[from]move: Flip Turn
|
|-weather|Sandstorm|[upkeep]
|-damage|p1a: Regieleki|94/100|[from] Sandstorm
|upkeep
|j| emo705
|inactive|quixana has 30 seconds left.
|inactive|quixana has 20 seconds left.
|inactive|quixana has 15 seconds left.
|inactive|quixana has 10 seconds left.
|inactive|quixana has 5 seconds left.
|
|t:|1667191943
|switch|p2a: Hydreigon|Hydreigon, F|45/100
|turn|16
|inactive|quixana has 15 seconds left this turn.
|inactive|quixana has 10 seconds left.
|
|t:|1667191951
|move|p1a: Regieleki|Volt Switch|p2a: Hydreigon
|-resisted|p2a: Hydreigon
|-damage|p2a: Hydreigon|17/100
|inactive|quixana has 15 seconds left this turn.
|j| Tegalik
|
|t:|1667191958
|switch|p1a: Ferrothorn|Ferrothorn, M|15/100|[from]move: Volt Switch
|move|p2a: Hydreigon|Dark Pulse|p1a: Ferrothorn
|-damage|p1a: Ferrothorn|0 fnt
|faint|p1a: Ferrothorn
|
|-weather|Sandstorm|[upkeep]
|-damage|p2a: Hydreigon|11/100|[from] Sandstorm
|-fieldend|move: Psychic Terrain
|upkeep
|inactive|quixana has 20 seconds left this turn.
|
|t:|1667191967
|switch|p1a: Barraskewda|Barraskewda, M|84/100
|turn|17
|inactive|quixana has 30 seconds left this turn.
|inactive|quixana has 20 seconds left.
|
|t:|1667191978
|move|p1a: Barraskewda|Flip Turn|p2a: Hydreigon
|-resisted|p2a: Hydreigon
|-damage|p2a: Hydreigon|0 fnt
|faint|p2a: Hydreigon
|inactive|quixana has 25 seconds left this turn.
|
|t:|1667191980
|switch|p1a: Regieleki|Regieleki, shiny|94/100|[from]move: Flip Turn
|
|-weather|none
|upkeep
|inactive|quixana has 30 seconds left this turn.
|inactive|quixana has 20 seconds left.
|
|t:|1667191994
|switch|p2a: Tapu Koko|Tapu Koko|29/100
|-fieldstart|move: Electric Terrain|[from] ability: Electric Surge|[of] p2a: Tapu Koko
|turn|18
|inactive|quixana has 30 seconds left this turn.
|
|t:|1667192004
|move|p1a: Regieleki|Ancient Power|p2a: Tapu Koko
|-damage|p2a: Tapu Koko|3/100
|move|p2a: Tapu Koko|Dazzling Gleam|p1a: Regieleki
|-damage|p1a: Regieleki|36/100
|
|upkeep
|turn|19
|inactive|quixana has 30 seconds left.
|inactive|quixana has 20 seconds left.
|
|t:|1667192028
|switch|p2a: Hippowdon|Hippowdon, F|17/100
|-damage|p2a: Hippowdon|0 fnt|[from] Spikes
|faint|p2a: Hippowdon
|move|p1a: Regieleki|Ancient Power|p2: Hippowdon|[notarget]
|-fail|p1a: Regieleki
|
|upkeep
|inactive|quixana has 25 seconds left this turn.
|
|t:|1667192031
|switch|p2a: Urshifu|Urshifu-Rapid-Strike, M|100/100
|-damage|p2a: Urshifu|84/100|[from] Spikes
|turn|20
|inactive|quixana has 30 seconds left.
|inactive|quixana has 20 seconds left.
|inactive|quixana has 15 seconds left.
|inactive|quixana has 10 seconds left.
|
|t:|1667192056
|move|p2a: Urshifu|Aqua Jet|p1a: Regieleki
|-damage|p1a: Regieleki|0 fnt
|faint|p1a: Regieleki
|
|upkeep
|inactive|quixana has 15 seconds left this turn.
|
|t:|1667192063
|switch|p1a: Landorus|Landorus-Therian, M|64/100
|-ability|p1a: Landorus|Intimidate|boost
|-unboost|p2a: Urshifu|atk|1
|turn|21
|inactive|quixana has 25 seconds left this turn.
|inactive|quixana has 20 seconds left.
|inactive|quixana has 15 seconds left.
|
|t:|1667192075
|switch|p2a: Corviknight|Corviknight, F|16/100
|-ability|p2a: Corviknight|Pressure
|move|p1a: Landorus|U-turn|p2a: Corviknight
|-resisted|p2a: Corviknight
|-damage|p2a: Corviknight|13/100
|-damage|p1a: Landorus|47/100|[from] item: Rocky Helmet|[of] p2a: Corviknight
|inactive|quixana has 20 seconds left this turn.
|
|t:|1667192087
|switch|p1a: Pelipper|Pelipper, M, shiny|22/100 psn|[from]move: U-turn
|-weather|RainDance|[from] ability: Drizzle|[of] p1a: Pelipper
|
|-weather|RainDance|[upkeep]
|-damage|p1a: Pelipper|10/100 psn|[from] psn
|upkeep
|turn|22
|inactive|quixana has 30 seconds left this turn.
|inactive|quixana has 20 seconds left.
|inactive|quixana has 15 seconds left.
|inactive|quixana has 10 seconds left.
|inactive|quixana has 5 seconds left.
|
|t:|1667192116
|move|p1a: Pelipper|Weather Ball|p2a: Corviknight
|-damage|p2a: Corviknight|0 fnt
|faint|p2a: Corviknight
|
|-weather|RainDance|[upkeep]
|-damage|p1a: Pelipper|0 fnt|[from] psn
|faint|p1a: Pelipper
|-fieldend|move: Electric Terrain
|upkeep
|inactive|quixana has 15 seconds left this turn.
|inactive|quixana has 10 seconds left.
|inactive|quixana has 5 seconds left.
|
|t:|1667192127
|switch|p1a: Barraskewda|Barraskewda, M|84/100
|switch|p2a: Tapu Koko|Tapu Koko|3/100
|-fieldstart|move: Electric Terrain|[from] ability: Electric Surge|[of] p2a: Tapu Koko
|turn|23
|inactive|quixana has 15 seconds left this turn.
|inactive|quixana has 10 seconds left.
|
|t:|1667192138
|move|p1a: Barraskewda|Flip Turn|p2a: Tapu Koko
|-damage|p2a: Tapu Koko|0 fnt
|faint|p2a: Tapu Koko
|inactive|quixana has 15 seconds left this turn.
|
|t:|1667192140
|switch|p1a: Landorus|Landorus-Therian, M|47/100|[from]move: Flip Turn
|
|-weather|RainDance|[upkeep]
|-heal|p1a: Landorus|54/100|[from] item: Leftovers
|upkeep
|inactive|quixana has 20 seconds left this turn.
|inactive|quixana has 15 seconds left.
|
|t:|1667192146
|switch|p2a: Urshifu|Urshifu-Rapid-Strike, M|84/100
|-damage|p2a: Urshifu|68/100|[from] Spikes
|turn|24
|inactive|quixana has 25 seconds left this turn.
|inactive|quixana has 20 seconds left.
|
|t:|1667192153
|move|p2a: Urshifu|Surging Strikes|p1a: Landorus
|-supereffective|p1a: Landorus
|-crit|p1a: Landorus
|-damage|p1a: Landorus|0 fnt
|faint|p1a: Landorus
|-hitcount|p1: Landorus|1
|
|-weather|RainDance|[upkeep]
|upkeep
|inactive|quixana has 25 seconds left this turn.
|
|t:|1667192156
|switch|p1a: Barraskewda|Barraskewda, M|84/100
|turn|25
|
|t:|1667192158
|move|p1a: Barraskewda|Close Combat|p2a: Urshifu
|-damage|p2a: Urshifu|3/100
|-unboost|p1a: Barraskewda|def|1
|-unboost|p1a: Barraskewda|spd|1
|move|p2a: Urshifu|Surging Strikes|p1a: Barraskewda
|-resisted|p1a: Barraskewda
|-crit|p1a: Barraskewda
|-damage|p1a: Barraskewda|18/100
|-resisted|p1a: Barraskewda
|-crit|p1a: Barraskewda
|-damage|p1a: Barraskewda|0 fnt
|faint|p1a: Barraskewda
|-hitcount|p1: Barraskewda|2
|
|win|quixana
|raw|crockerrocker's rating: 1631 &rarr; <strong>1616</strong><br />(-15 for losing)
|raw|quixana's rating: 1719 &rarr; <strong>1734</strong><br />(+15 for winning)
|l|☆crockerrocker
|l| emo705
