|j|☆ayevon
|j|☆SuperTheoryBros
|t:|1636590103
|gametype|singles
|player|p1|ayevon|2|1744
|player|p2|SuperTheoryBros|2|1727
|teamsize|p1|6
|teamsize|p2|6
|gen|8
|tier|[Gen 8] OU
|rated|
|rule|Sleep Clause Mod: Limit one foe put to sleep
|rule|Species Clause: Limit one of each Pokémon
|rule|OHKO Clause: OHKO moves are banned
|rule|Evasion Moves Clause: Evasion moves are banned
|rule|Endless Battle Clause: Forcing endless battles is banned
|rule|HP Percentage Mod: HP is shown in percentages
|rule|Dynamax Clause: You cannot dynamax
|clearpoke
|poke|p1|Slowbro, F|
|poke|p1|Weavile, M|
|poke|p1|Heatran, M|
|poke|p1|Landorus-Therian, M|
|poke|p1|Buzzwole|
|poke|p1|Zeraora|
|poke|p2|Shedinja|
|poke|p2|Avalugg, F|
|poke|p2|Landorus-Therian, M|
|poke|p2|Tapu Fini|
|poke|p2|Skarmory, F|
|poke|p2|Blissey, F|
|teampreview
|inactive|Battle timer is ON: inactive players will automatically lose when time's up. (requested by SuperTheoryBros)
|inactive|SuperTheoryBros has 120 seconds left.
|
|t:|1636590153
|start
|switch|p1a: Landorus|Landorus-Therian, M|100/100
|switch|p2a: Skarmory|Skarmory, F|100/100
|-ability|p1a: Landorus|Intimidate|boost
|-unboost|p2a: Skarmory|atk|1
|turn|1
|
|t:|1636590159
|move|p1a: Landorus|U-turn|p2a: Skarmory
|-resisted|p2a: Skarmory
|-damage|p2a: Skarmory|97/100
|
|t:|1636590160
|switch|p1a: HATE HATE HATE|Heatran, M|100/100|[from]move: U-turn
|move|p2a: Skarmory|Spikes|p1a: HATE HATE HATE
|-sidestart|p1: ayevon|Spikes
|
|upkeep
|turn|2
|j| BastosLeBoloss
|
|t:|1636590171
|switch|p2a: Tapu Fini|Tapu Fini|100/100
|-fieldstart|move: Misty Terrain|[from] ability: Misty Surge|[of] p2a: Tapu Fini
|move|p1a: HATE HATE HATE|Stealth Rock|p2a: Tapu Fini
|-sidestart|p2: SuperTheoryBros|move: Stealth Rock
|
|upkeep
|turn|3
|
|t:|1636590182
|switch|p1a: I|Slowbro, F|100/100
|move|p2a: Tapu Fini|Trick|p1a: I
|-activate|p2a: Tapu Fini|move: Trick|[of] p1a: I
|-item|p1a: I|Choice Scarf|[from] move: Trick
|-item|p2a: Tapu Fini|Heavy-Duty Boots|[from] move: Trick
|
|upkeep
|turn|4
|
|t:|1636590199
|move|p2a: Tapu Fini|Taunt|p1a: I
|-start|p1a: I|move: Taunt
|cant|p1a: I|move: Taunt|Teleport
|
|upkeep
|turn|5
|
|t:|1636590214
|switch|p1a: awful kicker smh|Zeraora|100/100
|move|p2a: Tapu Fini|Nature's Madness|p1a: awful kicker smh
|-damage|p1a: awful kicker smh|51/100
|
|upkeep
|turn|6
|
|t:|1636590230
|switch|p2a: Landorus|Landorus-Therian, M|100/100
|-damage|p2a: Landorus|88/100|[from] Stealth Rock
|-ability|p2a: Landorus|Intimidate|boost
|-unboost|p1a: awful kicker smh|atk|1
|move|p1a: awful kicker smh|Knock Off|p2a: Landorus
|-damage|p2a: Landorus|67/100
|-enditem|p2a: Landorus|Scope Lens|[from] move: Knock Off|[of] p1a: awful kicker smh
|
|-fieldend|Misty Terrain
|upkeep
|turn|7
|j| Ernest the Duck
|
|t:|1636590239
|switch|p1a: Buzzwole|Buzzwole|100/100
|move|p2a: Landorus|Stealth Rock|p1a: Buzzwole
|-sidestart|p1: ayevon|move: Stealth Rock
|
|upkeep
|turn|8
|
|t:|1636590254
|switch|p2a: Tapu Fini|Tapu Fini|100/100
|-fieldstart|move: Misty Terrain|[from] ability: Misty Surge|[of] p2a: Tapu Fini
|move|p1a: Buzzwole|Ice Punch|p2a: Tapu Fini
|-resisted|p2a: Tapu Fini
|-damage|p2a: Tapu Fini|91/100
|
|upkeep
|turn|9
|
|t:|1636590263
|switch|p1a: I|Slowbro, F|100/100
|-damage|p1a: I|88/100|[from] Stealth Rock
|-damage|p1a: I|76/100|[from] Spikes
|move|p2a: Tapu Fini|Nature's Madness|p1a: I
|-damage|p1a: I|38/100
|
|upkeep
|turn|10
|j| Clemzerovitch
|
|t:|1636590280
|move|p2a: Tapu Fini|Taunt|p1a: I
|-start|p1a: I|move: Taunt
|move|p1a: I|Future Sight|p2a: Tapu Fini
|-start|p1a: I|move: Future Sight
|
|upkeep
|turn|11
|
|t:|1636590292
|move|p2a: Tapu Fini|Nature's Madness|p1a: I|[miss]
|-miss|p2a: Tapu Fini|p1a: I
|move|p1a: I|Future Sight||[still]
|-fail|p1a: I
|
|upkeep
|turn|12
|
|t:|1636590307
|move|p2a: Tapu Fini|Nature's Madness|p1a: I
|-damage|p1a: I|19/100
|move|p1a: I|Future Sight||[still]
|-fail|p1a: I
|
|-end|p2a: Tapu Fini|move: Future Sight
|-damage|p2a: Tapu Fini|59/100
|-end|p1a: I|move: Taunt
|-fieldend|Misty Terrain
|upkeep
|turn|13
|
|t:|1636590318
|move|p2a: Tapu Fini|Brine|p1a: I
|-resisted|p1a: I
|-damage|p1a: I|0 fnt
|faint|p1a: I
|
|upkeep
|
|t:|1636590321
|switch|p1a: awful kicker smh|Zeraora|51/100
|turn|14
|j| AquaVanilla
|l| AquaVanilla
|
|t:|1636590331
|move|p1a: awful kicker smh|Plasma Fists|p2a: Tapu Fini
|-supereffective|p2a: Tapu Fini
|-damage|p2a: Tapu Fini|0 fnt
|faint|p2a: Tapu Fini
|
|upkeep
|inactive|SuperTheoryBros has 120 seconds left.
|
|t:|1636590357
|switch|p2a: Landorus|Landorus-Therian, M|67/100
|-damage|p2a: Landorus|55/100|[from] Stealth Rock
|-ability|p2a: Landorus|Intimidate|boost
|-unboost|p1a: awful kicker smh|atk|1
|turn|15
|j| bncbxcf
|inactive|SuperTheoryBros has 120 seconds left.
|j| vidachu
|
|t:|1636590394
|switch|p1a: Landorus|Landorus-Therian, M|100/100
|-damage|p1a: Landorus|88/100|[from] Stealth Rock
|-ability|p1a: Landorus|Intimidate|boost
|-unboost|p2a: Landorus|atk|1
|switch|p2a: Shedinja|Shedinja|100/100
|
|-heal|p1a: Landorus|94/100|[from] item: Leftovers
|upkeep
|turn|16
|
|t:|1636590404
|move|p2a: Shedinja|Protect|p2a: Shedinja
|-singleturn|p2a: Shedinja|Protect
|move|p1a: Landorus|Toxic|p2a: Shedinja
|-activate|p2a: Shedinja|move: Protect
|
|-heal|p1a: Landorus|99/100|[from] item: Leftovers
|upkeep
|turn|17
|
|t:|1636590411
|move|p1a: Landorus|Defog|p2a: Shedinja
|-unboost|p2a: Shedinja|evasion|1
|-sideend|p2: SuperTheoryBros|Stealth Rock|[from] move: Defog|[of] p1a: Landorus
|-sideend|p1: ayevon|Spikes|[from] move: Defog|[of] p1a: Landorus
|-sideend|p1: ayevon|Stealth Rock|[from] move: Defog|[of] p1a: Landorus
|move|p2a: Shedinja|Will-O-Wisp|p1a: Landorus
|-status|p1a: Landorus|brn
|
|-heal|p1a: Landorus|100/100 brn|[from] item: Leftovers
|-damage|p1a: Landorus|94/100 brn|[from] brn
|upkeep
|turn|18
|
|t:|1636590419
|switch|p1a: HATE HATE HATE|Heatran, M|100/100
|switch|p2a: Skarmory|Skarmory, F|97/100
|
|upkeep
|turn|19
|
|t:|1636590431
|switch|p2a: Blissey|Blissey, F|100/100
|move|p1a: HATE HATE HATE|Lava Plume|p2a: Blissey
|-damage|p2a: Blissey|89/100
|
|upkeep
|turn|20
|
|t:|1636590436
|move|p1a: HATE HATE HATE|Stealth Rock|p2a: Blissey
|-sidestart|p2: SuperTheoryBros|move: Stealth Rock
|move|p2a: Blissey|Seismic Toss|p1a: HATE HATE HATE
|-damage|p1a: HATE HATE HATE|75/100
|
|-heal|p1a: HATE HATE HATE|81/100|[from] item: Leftovers
|upkeep
|turn|21
|inactive|SuperTheoryBros has 120 seconds left.
|
|t:|1636590444
|move|p1a: HATE HATE HATE|Heavy Slam|p2a: Blissey
|-damage|p2a: Blissey|55/100
|move|p2a: Blissey|Seismic Toss|p1a: HATE HATE HATE
|-damage|p1a: HATE HATE HATE|55/100
|
|-heal|p1a: HATE HATE HATE|61/100|[from] item: Leftovers
|upkeep
|turn|22
|
|t:|1636590451
|switch|p1a: Buzzwole|Buzzwole|100/100
|move|p2a: Blissey|Soft-Boiled|p2a: Blissey
|-heal|p2a: Blissey|100/100
|
|upkeep
|turn|23
|j| AquaVanilla
|inactive|SuperTheoryBros has 120 seconds left.
|
|t:|1636590475
|switch|p2a: Skarmory|Skarmory, F|97/100
|-damage|p2a: Skarmory|85/100|[from] Stealth Rock
|move|p1a: Buzzwole|Close Combat|p2a: Skarmory
|-damage|p2a: Skarmory|54/100
|-unboost|p1a: Buzzwole|def|1
|-unboost|p1a: Buzzwole|spd|1
|
|upkeep
|turn|24
|l| AquaVanilla
|inactive|SuperTheoryBros has 120 seconds left.
|
|t:|1636590484
|switch|p1a: HATE HATE HATE|Heatran, M|61/100
|move|p2a: Skarmory|Roost|p2a: Skarmory
|-heal|p2a: Skarmory|100/100
|-singleturn|p2a: Skarmory|move: Roost
|
|-heal|p1a: HATE HATE HATE|67/100|[from] item: Leftovers
|upkeep
|turn|25
|
|t:|1636590488
|switch|p2a: Blissey|Blissey, F|100/100
|move|p1a: HATE HATE HATE|Heavy Slam|p2a: Blissey
|-damage|p2a: Blissey|66/100
|
|-heal|p1a: HATE HATE HATE|74/100|[from] item: Leftovers
|upkeep
|turn|26
|
|t:|1636590492
|switch|p1a: Weavile|Weavile, M|100/100
|-ability|p1a: Weavile|Pressure
|move|p2a: Blissey|Soft-Boiled|p2a: Blissey
|-heal|p2a: Blissey|100/100
|
|upkeep
|turn|27
|
|t:|1636590512
|switch|p2a: Avalugg|Avalugg, F|100/100
|move|p1a: Weavile|Knock Off|p2a: Avalugg
|-damage|p2a: Avalugg|79/100
|-enditem|p2a: Avalugg|Heavy-Duty Boots|[from] move: Knock Off|[of] p1a: Weavile
|
|upkeep
|turn|28
|c|☆ayevon|i gotta go ur awful tho
|-message|ayevon forfeited.
|
|win|SuperTheoryBros
|raw|ayevon's rating: 1744 &rarr; <strong>1723</strong><br />(-21 for losing)
|raw|SuperTheoryBros's rating: 1727 &rarr; <strong>1748</strong><br />(+21 for winning)
|l|☆ayevon
|l| Clemzerovitch
|l| BastosLeBoloss
|l| vidachu
||Ladder isn't responding, score probably updated but might not have (Request timeout).
|l| Ernest the Duck
|j| DA COME UP
