|html|<div class="broadcast-blue"><strong>[Gen 8] OU is currently suspecting Melmetal! For information on how to participate check out the <a href="https://www.smogon.com/forums/threads/np-ss-ou-suspect-process-round-12-monster-mash.3709234/">suspect thread</a>.</strong></div>
|j|☆nervo2103
|j|☆tawny's alt
|t:|1666659270
|gametype|singles
|player|p1|nervo2103|170|1412
|player|p2|tawny's alt|2|1467
|teamsize|p1|6
|teamsize|p2|6
|gen|8
|tier|[Gen 8] OU
|rated|
|rule|Sleep Clause Mod: Limit one foe put to sleep
|rule|Species Clause: Limit one of each Pokémon
|rule|OHKO Clause: OHKO moves are banned
|rule|Evasion Items Clause: Evasion items are banned
|rule|Evasion Moves Clause: Evasion moves are banned
|rule|Endless Battle Clause: Forcing endless battles is banned
|rule|HP Percentage Mod: HP is shown in percentages
|rule|Dynamax Clause: You cannot dynamax
|clearpoke
|poke|p1|Ferrothorn, F|
|poke|p1|Rotom-Wash|
|poke|p1|Tyranitar, F|
|poke|p1|Excadrill, F|
|poke|p1|Clefable, M|
|poke|p1|Dragapult, F|
|poke|p2|Kartana|
|poke|p2|Garchomp, M|
|poke|p2|Dragapult, M|
|poke|p2|Ferrothorn, F|
|poke|p2|Toxapex, F|
|poke|p2|Mandibuzz, F|
|teampreview
|inactive|Battle timer is ON: inactive players will automatically lose when time's up. (requested by nervo2103)
|
|t:|1666659290
|start
|switch|p1a: Dragapult|Dragapult, F|100/100
|switch|p2a: Kartana|Kartana|100/100
|turn|1
|
|t:|1666659299
|switch|p1a: Clefable|Clefable, M|100/100
|move|p2a: Kartana|Knock Off|p1a: Clefable
|-resisted|p1a: Clefable
|-damage|p1a: Clefable|76/100
|-damage|p2a: Kartana|84/100|[from] item: Rocky Helmet|[of] p1a: Clefable
|-enditem|p1a: Clefable|Rocky Helmet|[from] move: Knock Off|[of] p2a: Kartana
|
|upkeep
|turn|2
|
|t:|1666659315
|switch|p2a: Toxapex|Toxapex, F|100/100
|move|p1a: Clefable|Knock Off|p2a: Toxapex
|-damage|p2a: Toxapex|90/100
|-enditem|p2a: Toxapex|Black Sludge|[from] move: Knock Off|[of] p1a: Clefable
|
|upkeep
|turn|3
|
|t:|1666659324
|move|p1a: Clefable|Stealth Rock|p2a: Toxapex
|-sidestart|p2: tawny's alt|move: Stealth Rock
|move|p2a: Toxapex|Scald|p1a: Clefable
|-damage|p1a: Clefable|61/100
|
|upkeep
|turn|4
|
|t:|1666659330
|move|p1a: Clefable|Soft-Boiled|p1a: Clefable
|-heal|p1a: Clefable|100/100
|move|p2a: Toxapex|Scald|p1a: Clefable
|-damage|p1a: Clefable|84/100
|
|upkeep
|turn|5
|
|t:|1666659337
|switch|p1a: Rotom|Rotom-Wash|100/100
|move|p2a: Toxapex|Scald|p1a: Rotom
|-resisted|p1a: Rotom
|-damage|p1a: Rotom|92/100
|
|-heal|p1a: Rotom|99/100|[from] item: Leftovers
|upkeep
|turn|6
|
|t:|1666659344
|move|p1a: Rotom|Volt Switch|p2a: Toxapex
|-supereffective|p2a: Toxapex
|-damage|p2a: Toxapex|57/100
|
|t:|1666659351
|switch|p1a: Ferrothorn|Ferrothorn, F|100/100|[from]move: Volt Switch
|move|p2a: Toxapex|Toxic Spikes|p1a: Ferrothorn
|-sidestart|p1: nervo2103|move: Toxic Spikes
|
|upkeep
|turn|7
|
|t:|1666659358
|move|p2a: Toxapex|Scald|p1a: Ferrothorn
|-resisted|p1a: Ferrothorn
|-damage|p1a: Ferrothorn|93/100
|move|p1a: Ferrothorn|Leech Seed|p2a: Toxapex
|-start|p2a: Toxapex|move: Leech Seed
|
|-heal|p1a: Ferrothorn|99/100|[from] item: Leftovers
|-damage|p2a: Toxapex|45/100|[from] Leech Seed|[of] p1a: Ferrothorn
|-heal|p1a: Ferrothorn|100/100|[silent]
|upkeep
|turn|8
|
|t:|1666659366
|move|p2a: Toxapex|Scald|p1a: Ferrothorn
|-resisted|p1a: Ferrothorn
|-damage|p1a: Ferrothorn|94/100
|-status|p1a: Ferrothorn|brn
|move|p1a: Ferrothorn|Iron Defense|p1a: Ferrothorn
|-boost|p1a: Ferrothorn|def|2
|
|-heal|p1a: Ferrothorn|99/100 brn|[from] item: Leftovers
|-damage|p2a: Toxapex|32/100|[from] Leech Seed|[of] p1a: Ferrothorn
|-heal|p1a: Ferrothorn|100/100 brn|[silent]
|-damage|p1a: Ferrothorn|94/100 brn|[from] brn
|upkeep
|turn|9
|
|t:|1666659374
|move|p2a: Toxapex|Recover|p2a: Toxapex
|-heal|p2a: Toxapex|82/100
|move|p1a: Ferrothorn|Spikes|p2a: Toxapex
|-sidestart|p2: tawny's alt|Spikes
|
|-heal|p1a: Ferrothorn|100/100 brn|[from] item: Leftovers
|-damage|p2a: Toxapex|70/100|[from] Leech Seed|[of] p1a: Ferrothorn
|-damage|p1a: Ferrothorn|94/100 brn|[from] brn
|upkeep
|turn|10
|
|t:|1666659380
|switch|p2a: Mandibuzz|Mandibuzz, F|100/100
|move|p1a: Ferrothorn|Iron Defense|p1a: Ferrothorn
|-boost|p1a: Ferrothorn|def|2
|
|-heal|p1a: Ferrothorn|100/100 brn|[from] item: Leftovers
|-damage|p1a: Ferrothorn|94/100 brn|[from] brn
|upkeep
|turn|11
|
|t:|1666659385
|move|p2a: Mandibuzz|Defog|p1a: Ferrothorn
|-unboost|p1a: Ferrothorn|evasion|1
|-sideend|p1: nervo2103|Toxic Spikes|[from] move: Defog|[of] p2a: Mandibuzz
|-sideend|p2: tawny's alt|Spikes|[from] move: Defog|[of] p2a: Mandibuzz
|-sideend|p2: tawny's alt|Stealth Rock|[from] move: Defog|[of] p2a: Mandibuzz
|move|p1a: Ferrothorn|Body Press|p2a: Mandibuzz
|-damage|p2a: Mandibuzz|76/100
|
|-heal|p1a: Ferrothorn|100/100 brn|[from] item: Leftovers
|-damage|p1a: Ferrothorn|94/100 brn|[from] brn
|upkeep
|turn|12
|
|t:|1666659393
|switch|p2a: Ferrothorn|Ferrothorn, F|100/100
|move|p1a: Ferrothorn|Leech Seed|p2a: Ferrothorn
|-immune|p2a: Ferrothorn
|
|-heal|p1a: Ferrothorn|100/100 brn|[from] item: Leftovers
|-damage|p1a: Ferrothorn|94/100 brn|[from] brn
|upkeep
|turn|13
|
|t:|1666659396
|switch|p2a: Dragapult|Dragapult, M|100/100
|move|p1a: Ferrothorn|Iron Defense|p1a: Ferrothorn
|-boost|p1a: Ferrothorn|def|2
|
|-heal|p1a: Ferrothorn|100/100 brn|[from] item: Leftovers
|-damage|p1a: Ferrothorn|94/100 brn|[from] brn
|upkeep
|turn|14
|
|t:|1666659400
|switch|p1a: Tyranitar|Tyranitar, F|100/100
|-weather|Sandstorm|[from] ability: Sand Stream|[of] p1a: Tyranitar
|move|p2a: Dragapult|Fire Blast|p1a: Tyranitar
|-resisted|p1a: Tyranitar
|-damage|p1a: Tyranitar|92/100
|
|-weather|Sandstorm|[upkeep]
|-damage|p2a: Dragapult|95/100|[from] Sandstorm
|-heal|p2a: Dragapult|100/100|[from] item: Leftovers
|upkeep
|turn|15
|
|t:|1666659418
|switch|p2a: Toxapex|Toxapex, F|100/100
|move|p1a: Tyranitar|Superpower|p2a: Toxapex
|-resisted|p2a: Toxapex
|-damage|p2a: Toxapex|75/100
|-unboost|p1a: Tyranitar|atk|1
|-unboost|p1a: Tyranitar|def|1
|
|-weather|Sandstorm|[upkeep]
|-damage|p2a: Toxapex|69/100|[from] Sandstorm
|upkeep
|turn|16
|
|t:|1666659426
|switch|p1a: Rotom|Rotom-Wash|99/100
|switch|p2a: Kartana|Kartana|84/100
|
|-weather|Sandstorm|[upkeep]
|-damage|p1a: Rotom|92/100|[from] Sandstorm
|-heal|p1a: Rotom|99/100|[from] item: Leftovers
|upkeep
|turn|17
|
|t:|1666659434
|switch|p1a: Ferrothorn|Ferrothorn, F|94/100 brn
|move|p2a: Kartana|Knock Off|p1a: Ferrothorn
|-damage|p1a: Ferrothorn|58/100 brn
|-damage|p2a: Kartana|72/100|[from] ability: Iron Barbs|[of] p1a: Ferrothorn
|-enditem|p1a: Ferrothorn|Leftovers|[from] move: Knock Off|[of] p2a: Kartana
|
|-weather|Sandstorm|[upkeep]
|-damage|p1a: Ferrothorn|52/100 brn|[from] brn
|upkeep
|turn|18
|
|t:|1666659443
|move|p2a: Kartana|Knock Off|p1a: Ferrothorn
|-damage|p1a: Ferrothorn|24/100 brn
|-damage|p2a: Kartana|59/100|[from] ability: Iron Barbs|[of] p1a: Ferrothorn
|move|p1a: Ferrothorn|Leech Seed|p2a: Kartana
|-immune|p2a: Kartana
|
|-weather|none
|-damage|p1a: Ferrothorn|18/100 brn|[from] brn
|upkeep
|turn|19
|
|t:|1666659453
|switch|p1a: Clefable|Clefable, M|84/100
|move|p2a: Kartana|Knock Off|p1a: Clefable
|-resisted|p1a: Clefable
|-crit|p1a: Clefable
|-damage|p1a: Clefable|60/100
|
|upkeep
|turn|20
|
|t:|1666659460
|switch|p2a: Ferrothorn|Ferrothorn, F|100/100
|move|p1a: Clefable|Soft-Boiled|p1a: Clefable
|-heal|p1a: Clefable|100/100
|
|upkeep
|turn|21
|
|t:|1666659467
|switch|p1a: Rotom|Rotom-Wash|99/100
|switch|p2a: Toxapex|Toxapex, F|100/100
|
|-heal|p1a: Rotom|100/100|[from] item: Leftovers
|upkeep
|turn|22
|
|t:|1666659476
|move|p1a: Rotom|Volt Switch|p2a: Toxapex
|-supereffective|p2a: Toxapex
|-damage|p2a: Toxapex|66/100
|
|t:|1666659481
|switch|p1a: Ferrothorn|Ferrothorn, F|18/100 brn|[from]move: Volt Switch
|move|p2a: Toxapex|Scald|p1a: Ferrothorn
|-resisted|p1a: Ferrothorn
|-damage|p1a: Ferrothorn|11/100 brn
|
|-damage|p1a: Ferrothorn|4/100 brn|[from] brn
|upkeep
|turn|23
|
|t:|1666659487
|move|p2a: Toxapex|Scald|p1a: Ferrothorn
|-resisted|p1a: Ferrothorn
|-damage|p1a: Ferrothorn|0 fnt
|faint|p1a: Ferrothorn
|
|upkeep
|
|t:|1666659490
|switch|p1a: Excadrill|Excadrill, F|100/100
|turn|24
|
|t:|1666659499
|switch|p2a: Mandibuzz|Mandibuzz, F|76/100
|move|p1a: Excadrill|Rapid Spin|p2a: Mandibuzz
|-damage|p2a: Mandibuzz|65/100
|-boost|p1a: Excadrill|spe|1
|
|upkeep
|turn|25
|
|t:|1666659505
|move|p1a: Excadrill|Swords Dance|p1a: Excadrill
|-boost|p1a: Excadrill|atk|2
|move|p2a: Mandibuzz|Roost|p2a: Mandibuzz
|-heal|p2a: Mandibuzz|100/100
|-singleturn|p2a: Mandibuzz|move: Roost
|
|upkeep
|turn|26
|
|t:|1666659508
|move|p1a: Excadrill|Iron Head|p2a: Mandibuzz
|-damage|p2a: Mandibuzz|44/100
|move|p2a: Mandibuzz|Foul Play|p1a: Excadrill
|-damage|p1a: Excadrill|0 fnt
|faint|p1a: Excadrill
|
|upkeep
|
|t:|1666659513
|switch|p1a: Dragapult|Dragapult, F|100/100
|turn|27
|
|t:|1666659526
|switch|p2a: Toxapex|Toxapex, F|99/100
|move|p1a: Dragapult|Flamethrower|p2a: Toxapex
|-resisted|p2a: Toxapex
|-damage|p2a: Toxapex|85/100
|
|upkeep
|turn|28
|
|t:|1666659531
|switch|p1a: Rotom|Rotom-Wash|100/100
|move|p2a: Toxapex|Scald|p1a: Rotom
|-resisted|p1a: Rotom
|-damage|p1a: Rotom|92/100
|-status|p1a: Rotom|brn
|
|-heal|p1a: Rotom|98/100 brn|[from] item: Leftovers
|-damage|p1a: Rotom|92/100 brn|[from] brn
|upkeep
|turn|29
|
|t:|1666659543
|switch|p2a: Garchomp|Garchomp, M|100/100
|move|p1a: Rotom|Volt Switch|p2a: Garchomp
|-immune|p2a: Garchomp
|
|-heal|p1a: Rotom|98/100 brn|[from] item: Leftovers
|-damage|p1a: Rotom|92/100 brn|[from] brn
|upkeep
|turn|30
|
|t:|1666659548
|move|p1a: Rotom|Toxic|p2a: Garchomp
|-status|p2a: Garchomp|tox
|move|p2a: Garchomp|Stealth Rock|p1a: Rotom
|-sidestart|p1: nervo2103|move: Stealth Rock
|
|-heal|p1a: Rotom|98/100 brn|[from] item: Leftovers
|-damage|p2a: Garchomp|94/100 tox|[from] psn
|-damage|p1a: Rotom|92/100 brn|[from] brn
|upkeep
|turn|31
|
|t:|1666659556
|switch|p2a: Ferrothorn|Ferrothorn, F|100/100
|move|p1a: Rotom|Hydro Pump|p2a: Ferrothorn
|-resisted|p2a: Ferrothorn
|-damage|p2a: Ferrothorn|88/100
|
|-heal|p1a: Rotom|98/100 brn|[from] item: Leftovers
|-heal|p2a: Ferrothorn|94/100|[from] item: Leftovers
|-damage|p1a: Rotom|92/100 brn|[from] brn
|upkeep
|turn|32
|
|t:|1666659561
|move|p1a: Rotom|Volt Switch|p2a: Ferrothorn
|-resisted|p2a: Ferrothorn
|-damage|p2a: Ferrothorn|85/100
|
|t:|1666659573
|switch|p1a: Dragapult|Dragapult, F|100/100|[from]move: Volt Switch
|-damage|p1a: Dragapult|88/100|[from] Stealth Rock
|move|p2a: Ferrothorn|Leech Seed|p1a: Dragapult|[miss]
|-miss|p2a: Ferrothorn|p1a: Dragapult
|
|-heal|p2a: Ferrothorn|91/100|[from] item: Leftovers
|upkeep
|turn|33
|
|t:|1666659583
|switch|p2a: Toxapex|Toxapex, F|100/100
|move|p1a: Dragapult|Shadow Ball|p2a: Toxapex
|-damage|p2a: Toxapex|64/100
|
|upkeep
|turn|34
|
|t:|1666659592
|move|p1a: Dragapult|Shadow Ball|p2a: Toxapex
|-damage|p2a: Toxapex|23/100
|move|p2a: Toxapex|Recover|p2a: Toxapex
|-heal|p2a: Toxapex|73/100
|
|upkeep
|turn|35
|
|t:|1666659597
|switch|p2a: Dragapult|Dragapult, M|100/100
|move|p1a: Dragapult|Shadow Ball|p2a: Dragapult
|-supereffective|p2a: Dragapult
|-crit|p2a: Dragapult
|-damage|p2a: Dragapult|0 fnt
|faint|p2a: Dragapult
|
|upkeep
|
|t:|1666659599
|switch|p2a: Mandibuzz|Mandibuzz, F|44/100
|turn|36
|
|t:|1666659608
|switch|p1a: Rotom|Rotom-Wash|92/100 brn
|-damage|p1a: Rotom|79/100 brn|[from] Stealth Rock
|move|p2a: Mandibuzz|Roost|p2a: Mandibuzz
|-heal|p2a: Mandibuzz|95/100
|-singleturn|p2a: Mandibuzz|move: Roost
|
|-heal|p1a: Rotom|85/100 brn|[from] item: Leftovers
|-damage|p1a: Rotom|79/100 brn|[from] brn
|upkeep
|turn|37
|
|t:|1666659613
|move|p1a: Rotom|Toxic|p2a: Mandibuzz
|-status|p2a: Mandibuzz|tox
|move|p2a: Mandibuzz|U-turn|p1a: Rotom
|-damage|p1a: Rotom|66/100 brn
|
|t:|1666659615
|switch|p2a: Kartana|Kartana|59/100|[from]move: U-turn
|
|-heal|p1a: Rotom|73/100 brn|[from] item: Leftovers
|-damage|p1a: Rotom|66/100 brn|[from] brn
|upkeep
|turn|38
|
|t:|1666659628
|move|p2a: Kartana|Leaf Blade|p1a: Rotom
|-supereffective|p1a: Rotom
|-damage|p1a: Rotom|0 fnt
|faint|p1a: Rotom
|-ability|p2a: Kartana|Beast Boost|boost
|-boost|p2a: Kartana|atk|1
|
|upkeep
|
|t:|1666659634
|switch|p1a: Clefable|Clefable, M|100/100
|turn|39
|
|t:|1666659638
|move|p2a: Kartana|Leaf Blade|p1a: Clefable
|-damage|p1a: Clefable|0 fnt
|faint|p1a: Clefable
|-ability|p2a: Kartana|Beast Boost|boost
|-boost|p2a: Kartana|atk|1
|
|upkeep
|
|t:|1666659644
|switch|p1a: Dragapult|Dragapult, F|88/100
|-damage|p1a: Dragapult|76/100|[from] Stealth Rock
|turn|40
|
|t:|1666659648
|switch|p2a: Toxapex|Toxapex, F|100/100
|move|p1a: Dragapult|Flamethrower|p2a: Toxapex
|-resisted|p2a: Toxapex
|-damage|p2a: Toxapex|87/100
|
|upkeep
|turn|41
|
|t:|1666659652
|switch|p1a: Tyranitar|Tyranitar, F|92/100
|-damage|p1a: Tyranitar|80/100|[from] Stealth Rock
|-weather|Sandstorm|[from] ability: Sand Stream|[of] p1a: Tyranitar
|move|p2a: Toxapex|Toxic Spikes|p1a: Tyranitar
|-sidestart|p1: nervo2103|move: Toxic Spikes
|
|-weather|Sandstorm|[upkeep]
|-damage|p2a: Toxapex|81/100|[from] Sandstorm
|upkeep
|turn|42
|
|t:|1666659657
|switch|p2a: Garchomp|Garchomp, M|94/100 tox
|move|p1a: Tyranitar|Crunch|p2a: Garchomp
|-damage|p2a: Garchomp|39/100 tox
|-damage|p1a: Tyranitar|68/100|[from] ability: Rough Skin|[of] p2a: Garchomp
|
|-weather|Sandstorm|[upkeep]
|-heal|p2a: Garchomp|45/100 tox|[from] item: Leftovers
|-damage|p2a: Garchomp|39/100 tox|[from] psn
|upkeep
|turn|43
|
|t:|1666659663
|move|p2a: Garchomp|Earthquake|p1a: Tyranitar
|-supereffective|p1a: Tyranitar
|-damage|p1a: Tyranitar|0 fnt
|faint|p1a: Tyranitar
|
|-weather|Sandstorm|[upkeep]
|-heal|p2a: Garchomp|45/100 tox|[from] item: Leftovers
|-damage|p2a: Garchomp|33/100 tox|[from] psn
|upkeep
|
|t:|1666659665
|switch|p1a: Dragapult|Dragapult, F|76/100
|-damage|p1a: Dragapult|64/100|[from] Stealth Rock
|-status|p1a: Dragapult|psn
|turn|44
|
|t:|1666659668
|switch|p2a: Toxapex|Toxapex, F|100/100
|move|p1a: Dragapult|Shadow Ball|p2a: Toxapex
|-damage|p2a: Toxapex|64/100
|
|-weather|Sandstorm|[upkeep]
|-damage|p1a: Dragapult|58/100 psn|[from] Sandstorm
|-damage|p2a: Toxapex|57/100|[from] Sandstorm
|-damage|p1a: Dragapult|45/100 psn|[from] psn
|upkeep
|turn|45
|
|t:|1666659673
|move|p1a: Dragapult|Shadow Ball|p2a: Toxapex
|-damage|p2a: Toxapex|18/100
|move|p2a: Toxapex|Recover|p2a: Toxapex
|-heal|p2a: Toxapex|68/100
|
|-weather|none
|-damage|p1a: Dragapult|33/100 psn|[from] psn
|upkeep
|turn|46
|
|t:|1666659677
|move|p1a: Dragapult|Shadow Ball|p2a: Toxapex
|-damage|p2a: Toxapex|32/100
|move|p2a: Toxapex|Scald|p1a: Dragapult
|-resisted|p1a: Dragapult
|-damage|p1a: Dragapult|21/100 psn
|
|-damage|p1a: Dragapult|9/100 psn|[from] psn
|upkeep
|turn|47
|
|t:|1666659681
|switch|p2a: Mandibuzz|Mandibuzz, F|95/100 tox
|move|p1a: Dragapult|Shadow Ball|p2a: Mandibuzz
|-resisted|p2a: Mandibuzz
|-damage|p2a: Mandibuzz|69/100 tox
|
|-damage|p1a: Dragapult|0 fnt|[from] psn
|faint|p1a: Dragapult
|
|win|tawny's alt
|upkeep
|raw|nervo2103's rating: 1412 &rarr; <strong>1395</strong><br />(-17 for losing)
|raw|tawny&apos;s alt's rating: 1467 &rarr; <strong>1484</strong><br />(+17 for winning)
|l|☆nervo2103
