|j|☆Steelix Fusion
|j|☆ArtofHeatSunTzu
|t:|1653369038
|gametype|singles
|player|p1|Steelix Fusion|marshal|1614
|player|p2|ArtofHeatSunTzu|brock-gen2|1576
|teamsize|p1|6
|teamsize|p2|6
|gen|8
|tier|[Gen 8] OU
|rated|
|rule|Sleep Clause Mod: Limit one foe put to sleep
|rule|Species Clause: Limit one of each Pokémon
|rule|OHKO Clause: OHKO moves are banned
|rule|Evasion Moves Clause: Evasion moves are banned
|rule|Endless Battle Clause: Forcing endless battles is banned
|rule|HP Percentage Mod: HP is shown in percentages
|rule|Dynamax Clause: You cannot dynamax
|clearpoke
|poke|p1|Ninetales-Alola, M|
|poke|p1|Klefki, F|
|poke|p1|Scolipede, M|
|poke|p1|Weavile, M|
|poke|p1|Steelix, M|
|poke|p1|Gyarados, M|
|poke|p2|Buzzwole|
|poke|p2|Melmetal|
|poke|p2|Tapu Fini|
|poke|p2|Zapdos|
|poke|p2|Seismitoad, M|
|poke|p2|Blacephalon|
|teampreview
|inactive|Battle timer is ON: inactive players will automatically lose when time's up. (requested by Steelix Fusion)
|
|t:|1653369054
|start
|switch|p1a: Klefki|Klefki, F|100/100
|switch|p2a: Labor Day|Tapu Fini, shiny|100/100
|-fieldstart|move: Misty Terrain|[from] ability: Misty Surge|[of] p2a: Labor Day
|turn|1
|
|t:|1653369059
|move|p1a: Klefki|Light Screen|p1a: Klefki
|-sidestart|p1: Steelix Fusion|move: Light Screen
|move|p2a: Labor Day|Trick|p1a: Klefki
|-activate|p2a: Labor Day|move: Trick|[of] p1a: Klefki
|-item|p1a: Klefki|Choice Scarf|[from] move: Trick
|-item|p2a: Labor Day|Light Clay|[from] move: Trick
|
|upkeep
|turn|2
|
|t:|1653369065
|switch|p2a: +1 Static|Zapdos|100/100
|switch|p1a: Ninetales|Ninetales-Alola, M|100/100
|-weather|Hail|[from] ability: Snow Warning|[of] p1a: Ninetales
|
|-weather|Hail|[upkeep]
|-damage|p2a: +1 Static|94/100|[from] Hail
|upkeep
|turn|3
|
|t:|1653369072
|move|p1a: Ninetales|Freeze-Dry|p2a: +1 Static
|-supereffective|p2a: +1 Static
|-damage|p2a: +1 Static|53/100
|move|p2a: +1 Static|Defog|p1a: Ninetales
|-unboost|p1a: Ninetales|evasion|1
|-sideend|p1: Steelix Fusion|move: Light Screen
|-fieldend|Misty Terrain
|
|-weather|Hail|[upkeep]
|-damage|p2a: +1 Static|47/100|[from] Hail
|upkeep
|turn|4
|
|t:|1653369081
|switch|p2a: These Iron Fists|Melmetal|100/100
|move|p1a: Ninetales|Hypnosis|p2a: These Iron Fists|[miss]
|-miss|p1a: Ninetales|p2a: These Iron Fists
|
|-weather|Hail|[upkeep]
|-damage|p2a: These Iron Fists|94/100|[from] Hail
|-heal|p2a: These Iron Fists|100/100|[from] item: Leftovers
|upkeep
|turn|5
|
|t:|1653369106
|move|p1a: Ninetales|Aurora Veil|p1a: Ninetales
|-sidestart|p1: Steelix Fusion|move: Aurora Veil
|move|p2a: These Iron Fists|Double Iron Bash|p1a: Ninetales
|-supereffective|p1a: Ninetales
|-damage|p1a: Ninetales|14/100
|-supereffective|p1a: Ninetales
|-damage|p1a: Ninetales|0 fnt
|faint|p1a: Ninetales
|-hitcount|p1: Ninetales|2
|
|-weather|Hail|[upkeep]
|-damage|p2a: These Iron Fists|94/100|[from] Hail
|-heal|p2a: These Iron Fists|100/100|[from] item: Leftovers
|upkeep
|
|t:|1653369115
|switch|p1a: Gyarados|Gyarados, M, shiny|100/100
|turn|6
|
|t:|1653369129
|move|p1a: Gyarados|Dragon Dance|p1a: Gyarados
|-boost|p1a: Gyarados|atk|1
|-boost|p1a: Gyarados|spe|1
|move|p2a: These Iron Fists|Toxic|p1a: Gyarados
|-status|p1a: Gyarados|tox
|
|-weather|none
|-damage|p1a: Gyarados|94/100 tox|[from] psn
|upkeep
|turn|7
|
|t:|1653369139
|switch|p2a: Tuff Lightyear|Buzzwole, shiny|100/100
|move|p1a: Gyarados|Dragon Dance|p1a: Gyarados
|-boost|p1a: Gyarados|atk|1
|-boost|p1a: Gyarados|spe|1
|
|-heal|p1a: Gyarados|100/100 tox|[from] item: Leftovers
|-damage|p1a: Gyarados|88/100 tox|[from] psn
|upkeep
|turn|8
|
|t:|1653369146
|move|p1a: Gyarados|Bounce||[still]
|-prepare|p1a: Gyarados|Bounce
|move|p2a: Tuff Lightyear|Leech Life|p1a: Gyarados|[miss]
|-miss|p2a: Tuff Lightyear|p1a: Gyarados
|
|-heal|p1a: Gyarados|94/100 tox|[from] item: Leftovers
|-damage|p1a: Gyarados|76/100 tox|[from] psn
|upkeep
|turn|9
|
|t:|1653369156
|switch|p2a: These Iron Fists|Melmetal|100/100
|move|p1a: Gyarados|Bounce|p2a: These Iron Fists|[from]lockedmove
|-resisted|p2a: These Iron Fists
|-damage|p2a: These Iron Fists|73/100
|-status|p2a: These Iron Fists|par
|
|-heal|p1a: Gyarados|82/100 tox|[from] item: Leftovers
|-heal|p2a: These Iron Fists|80/100 par|[from] item: Leftovers
|-damage|p1a: Gyarados|58/100 tox|[from] psn
|upkeep
|turn|10
|
|t:|1653369166
|switch|p2a: Tuff Lightyear|Buzzwole, shiny|100/100
|move|p1a: Gyarados|Waterfall|p2a: Tuff Lightyear
|-damage|p2a: Tuff Lightyear|49/100
|-damage|p1a: Gyarados|42/100 tox|[from] item: Rocky Helmet|[of] p2a: Tuff Lightyear
|
|-heal|p1a: Gyarados|48/100 tox|[from] item: Leftovers
|-damage|p1a: Gyarados|17/100 tox|[from] psn
|upkeep
|turn|11
|
|t:|1653369174
|switch|p2a: Frogger Adventure|Seismitoad, M, shiny|100/100
|move|p1a: Gyarados|Waterfall|p2a: Frogger Adventure
|-immune|p2a: Frogger Adventure|[from] ability: Water Absorb
|
|-heal|p1a: Gyarados|23/100 tox|[from] item: Leftovers
|-damage|p1a: Gyarados|0 fnt|[from] psn
|faint|p1a: Gyarados
|upkeep
|
|t:|1653369188
|switch|p1a: Weavile|Weavile, M|100/100
|-ability|p1a: Weavile|Pressure
|turn|12
|
|t:|1653369200
|switch|p2a: Labor Day|Tapu Fini, shiny|100/100
|-fieldstart|move: Misty Terrain|[from] ability: Misty Surge|[of] p2a: Labor Day
|move|p1a: Weavile|Swords Dance|p1a: Weavile
|-boost|p1a: Weavile|atk|2
|
|-sideend|p1: Steelix Fusion|move: Aurora Veil
|upkeep
|turn|13
|
|t:|1653369207
|move|p1a: Weavile|Knock Off|p2a: Labor Day
|-resisted|p2a: Labor Day
|-crit|p2a: Labor Day
|-damage|p2a: Labor Day|4/100
|-enditem|p2a: Labor Day|Light Clay|[from] move: Knock Off|[of] p1a: Weavile
|-damage|p1a: Weavile|91/100|[from] item: Life Orb
|move|p2a: Labor Day|Moonblast|p1a: Weavile
|-supereffective|p1a: Weavile
|-damage|p1a: Weavile|9/100
|
|upkeep
|turn|14
|
|t:|1653369217
|switch|p2a: Tuff Lightyear|Buzzwole, shiny|49/100
|move|p1a: Weavile|Knock Off|p2a: Tuff Lightyear
|-resisted|p2a: Tuff Lightyear
|-damage|p2a: Tuff Lightyear|7/100
|-damage|p1a: Weavile|0 fnt|[from] item: Rocky Helmet|[of] p2a: Tuff Lightyear
|faint|p1a: Weavile
|
|upkeep
|
|t:|1653369224
|switch|p1a: Scolipede|Scolipede, M|100/100
|turn|15
|
|t:|1653369228
|move|p1a: Scolipede|Swords Dance|p1a: Scolipede
|-boost|p1a: Scolipede|atk|2
|move|p2a: Tuff Lightyear|Roost|p2a: Tuff Lightyear
|-heal|p2a: Tuff Lightyear|57/100
|-singleturn|p2a: Tuff Lightyear|move: Roost
|
|-ability|p1a: Scolipede|Speed Boost|boost
|-boost|p1a: Scolipede|spe|1
|upkeep
|turn|16
|
|t:|1653369234
|move|p1a: Scolipede|Swords Dance|p1a: Scolipede
|-boost|p1a: Scolipede|atk|2
|move|p2a: Tuff Lightyear|Roost|p2a: Tuff Lightyear
|-heal|p2a: Tuff Lightyear|100/100
|-singleturn|p2a: Tuff Lightyear|move: Roost
|
|-fieldend|Misty Terrain
|-ability|p1a: Scolipede|Speed Boost|boost
|-boost|p1a: Scolipede|spe|1
|upkeep
|turn|17
|
|t:|1653369241
|move|p1a: Scolipede|Swords Dance|p1a: Scolipede
|-boost|p1a: Scolipede|atk|2
|move|p2a: Tuff Lightyear|Ice Punch|p1a: Scolipede
|-damage|p1a: Scolipede|69/100
|
|-ability|p1a: Scolipede|Speed Boost|boost
|-boost|p1a: Scolipede|spe|1
|upkeep
|turn|18
|
|t:|1653369247
|move|p1a: Scolipede|Poison Jab|p2a: Tuff Lightyear
|-damage|p2a: Tuff Lightyear|0 fnt
|-damage|p1a: Scolipede|53/100|[from] item: Rocky Helmet|[of] p2a: Tuff Lightyear
|faint|p2a: Tuff Lightyear
|-damage|p1a: Scolipede|43/100|[from] item: Life Orb
|
|-ability|p1a: Scolipede|Speed Boost|boost
|-boost|p1a: Scolipede|spe|1
|upkeep
|
|t:|1653369251
|switch|p2a: These Iron Fists|Melmetal|80/100 par
|turn|19
|
|t:|1653369266
|switch|p2a: +1 Static|Zapdos|47/100
|move|p1a: Scolipede|Earthquake|p2a: +1 Static
|-immune|p2a: +1 Static
|
|-ability|p1a: Scolipede|Speed Boost|boost
|-boost|p1a: Scolipede|spe|1
|upkeep
|turn|20
|
|t:|1653369273
|switch|p2a: These Iron Fists|Melmetal|80/100 par
|move|p1a: Scolipede|Earthquake|p2a: These Iron Fists
|-supereffective|p2a: These Iron Fists
|-damage|p2a: These Iron Fists|0 fnt
|faint|p2a: These Iron Fists
|-damage|p1a: Scolipede|33/100|[from] item: Life Orb
|
|-ability|p1a: Scolipede|Speed Boost|boost
|-boost|p1a: Scolipede|spe|1
|upkeep
|
|t:|1653369286
|switch|p2a: Frogger Adventure|Seismitoad, M, shiny|100/100
|turn|21
|
|t:|1653369293
|move|p2a: Frogger Adventure|Protect|p2a: Frogger Adventure
|-singleturn|p2a: Frogger Adventure|Protect
|move|p1a: Scolipede|Earthquake|p2a: Frogger Adventure
|-activate|p2a: Frogger Adventure|move: Protect
|
|upkeep
|turn|22
|
|t:|1653369300
|switch|p2a: +1 Static|Zapdos|47/100
|move|p1a: Scolipede|Earthquake|p2a: +1 Static
|-immune|p2a: +1 Static
|
|upkeep
|turn|23
|
|t:|1653369307
|switch|p2a: Frogger Adventure|Seismitoad, M, shiny|100/100
|move|p1a: Scolipede|Poison Jab|p2a: Frogger Adventure
|-resisted|p2a: Frogger Adventure
|-damage|p2a: Frogger Adventure|6/100
|-damage|p1a: Scolipede|23/100|[from] item: Life Orb
|
|-heal|p2a: Frogger Adventure|12/100|[from] item: Leftovers
|upkeep
|turn|24
|
|t:|1653369314
|move|p2a: Frogger Adventure|Protect|p2a: Frogger Adventure
|-singleturn|p2a: Frogger Adventure|Protect
|move|p1a: Scolipede|Poison Jab|p2a: Frogger Adventure
|-activate|p2a: Frogger Adventure|move: Protect
|
|-heal|p2a: Frogger Adventure|19/100|[from] item: Leftovers
|upkeep
|turn|25
|
|t:|1653369320
|switch|p2a: Labor Day|Tapu Fini, shiny|4/100
|-fieldstart|move: Misty Terrain|[from] ability: Misty Surge|[of] p2a: Labor Day
|move|p1a: Scolipede|Poison Jab|p2a: Labor Day
|-supereffective|p2a: Labor Day
|-damage|p2a: Labor Day|0 fnt
|faint|p2a: Labor Day
|-damage|p1a: Scolipede|13/100|[from] item: Life Orb
|
|upkeep
|
|t:|1653369326
|switch|p2a: Frogger Adventure|Seismitoad, M, shiny|19/100
|turn|26
|
|t:|1653369332
|move|p2a: Frogger Adventure|Protect|p2a: Frogger Adventure
|-singleturn|p2a: Frogger Adventure|Protect
|move|p1a: Scolipede|Earthquake|p2a: Frogger Adventure
|-activate|p2a: Frogger Adventure|move: Protect
|
|-heal|p2a: Frogger Adventure|25/100|[from] item: Leftovers
|upkeep
|turn|27
|
|t:|1653369339
|switch|p2a: +1 Static|Zapdos|47/100
|move|p1a: Scolipede|Earthquake|p2a: +1 Static
|-immune|p2a: +1 Static
|
|upkeep
|turn|28
|
|t:|1653369345
|move|p1a: Scolipede|Poison Jab|p2a: +1 Static
|-damage|p2a: +1 Static|0 fnt
|faint|p2a: +1 Static
|-damage|p1a: Scolipede|3/100|[from] item: Life Orb
|
|upkeep
|
|t:|1653369350
|switch|p2a: Frogger Adventure|Seismitoad, M, shiny|25/100
|turn|29
|
|t:|1653369355
|move|p1a: Scolipede|Earthquake|p2a: Frogger Adventure
|-damage|p2a: Frogger Adventure|0 fnt
|faint|p2a: Frogger Adventure
|-damage|p1a: Scolipede|0 fnt|[from] item: Life Orb
|faint|p1a: Scolipede
|
|-fieldend|Misty Terrain
|upkeep
|
|t:|1653369361
|switch|p1a: Klefki|Klefki, F|100/100
|switch|p2a: Suspense/Thriller|Blacephalon, shiny|100/100
|turn|30
|
|t:|1653369366
|move|p1a: Klefki|Light Screen|p1a: Klefki
|-sidestart|p1: Steelix Fusion|move: Light Screen
|move|p2a: Suspense/Thriller|Substitute|p2a: Suspense/Thriller
|-start|p2a: Suspense/Thriller|Substitute
|-damage|p2a: Suspense/Thriller|76/100
|
|-heal|p2a: Suspense/Thriller|82/100|[from] item: Leftovers
|upkeep
|turn|31
|
|t:|1653369372
|switch|p1a: Steelix|Steelix, M, shiny|100/100
|move|p2a: Suspense/Thriller|Calm Mind|p2a: Suspense/Thriller
|-boost|p2a: Suspense/Thriller|spa|1
|-boost|p2a: Suspense/Thriller|spd|1
|
|-heal|p2a: Suspense/Thriller|88/100|[from] item: Leftovers
|upkeep
|turn|32
|
|t:|1653369379
|move|p2a: Suspense/Thriller|Flamethrower|p1a: Steelix
|-supereffective|p1a: Steelix
|-damage|p1a: Steelix|40/100
|move|p1a: Steelix|Heavy Slam|p2a: Suspense/Thriller
|-resisted|p2a: Suspense/Thriller
|-crit|p2a: Suspense/Thriller
|-end|p2a: Suspense/Thriller|Substitute
|
|-heal|p2a: Suspense/Thriller|94/100|[from] item: Leftovers
|-heal|p1a: Steelix|47/100|[from] item: Leftovers
|upkeep
|turn|33
|
|t:|1653369389
|switch|p1a: Klefki|Klefki, F|100/100
|move|p2a: Suspense/Thriller|Flamethrower|p1a: Klefki
|-supereffective|p1a: Klefki
|-damage|p1a: Klefki|17/100
|
|-heal|p2a: Suspense/Thriller|100/100|[from] item: Leftovers
|upkeep
|turn|34
|
|t:|1653369395
|move|p1a: Klefki|Thunder Wave|p2a: Suspense/Thriller
|-status|p2a: Suspense/Thriller|par
|move|p2a: Suspense/Thriller|Substitute|p2a: Suspense/Thriller
|-start|p2a: Suspense/Thriller|Substitute
|-damage|p2a: Suspense/Thriller|76/100 par
|
|-heal|p2a: Suspense/Thriller|82/100 par|[from] item: Leftovers
|-sideend|p1: Steelix Fusion|move: Light Screen
|upkeep
|turn|35
|
|t:|1653369405
|move|p1a: Klefki|Thunder Wave||[still]
|-fail|p1a: Klefki
|move|p2a: Suspense/Thriller|Flamethrower|p1a: Klefki
|-supereffective|p1a: Klefki
|-damage|p1a: Klefki|0 fnt
|faint|p1a: Klefki
|-ability|p2a: Suspense/Thriller|Beast Boost|boost
|-boost|p2a: Suspense/Thriller|spe|1
|
|-heal|p2a: Suspense/Thriller|88/100 par|[from] item: Leftovers
|upkeep
|
|t:|1653369413
|switch|p1a: Steelix|Steelix, M, shiny|47/100
|turn|36
|
|t:|1653369416
|move|p2a: Suspense/Thriller|Flamethrower|p1a: Steelix
|-supereffective|p1a: Steelix
|-damage|p1a: Steelix|0 fnt
|faint|p1a: Steelix
|
|win|ArtofHeatSunTzu
|raw|Steelix Fusion's rating: 1614 &rarr; <strong>1592</strong><br />(-22 for losing)
|raw|ArtofHeatSunTzu's rating: 1576 &rarr; <strong>1598</strong><br />(+22 for winning)
|c|☆Steelix Fusion|trash
|c|☆Steelix Fusion|played that hard vs my noob team
|c|☆Steelix Fusion|lmfaoooo
|c|☆Steelix Fusion|almost lost too
|l|☆Steelix Fusion
