|j|☆LT94JE Allistair
|j|☆knexhawk2
|t:|1666977532
|gametype|singles
|player|p1|LT94JE Allistair|169|1845
|player|p2|knexhawk2|red-masters|1859
|teamsize|p1|6
|teamsize|p2|6
|gen|8
|tier|[Gen 8] OU
|rated|
|rule|Sleep Clause Mod: Limit one foe put to sleep
|rule|Species Clause: Limit one of each Pokémon
|rule|OHKO Clause: OHKO moves are banned
|rule|Evasion Items Clause: Evasion items are banned
|rule|Evasion Moves Clause: Evasion moves are banned
|rule|Endless Battle Clause: Forcing endless battles is banned
|rule|HP Percentage Mod: HP is shown in percentages
|rule|Dynamax Clause: You cannot dynamax
|clearpoke
|poke|p1|Mew|
|poke|p1|Slurpuff, F|
|poke|p1|Vanilluxe, M|
|poke|p1|Jirachi|
|poke|p1|Weavile, F|
|poke|p1|Tapu Fini|
|poke|p2|Hippowdon, M|
|poke|p2|Blissey, F|
|poke|p2|Corviknight, F|
|poke|p2|Quagsire, M|
|poke|p2|Toxapex, M|
|poke|p2|Tornadus-Therian, M|
|teampreview
|j| 0SiegeWarfare
|inactive|Battle timer is ON: inactive players will automatically lose when time's up. (requested by knexhawk2)
|
|t:|1666977589
|start
|switch|p1a: Vanilluxe|Vanilluxe, M|100/100
|switch|p2a: Toxapex|Toxapex, M|100/100
|-weather|Hail|[from] ability: Snow Warning|[of] p1a: Vanilluxe
|turn|1
|
|t:|1666977592
|move|p1a: Vanilluxe|Taunt|p2a: Toxapex
|-start|p2a: Toxapex|move: Taunt
|cant|p2a: Toxapex|move: Taunt|Light Screen
|
|-weather|Hail|[upkeep]
|-damage|p2a: Toxapex|94/100|[from] Hail
|upkeep
|turn|2
|
|t:|1666977595
|move|p1a: Vanilluxe|Aurora Veil|p1a: Vanilluxe
|-sidestart|p1: LT94JE Allistair|move: Aurora Veil
|move|p2a: Toxapex|Knock Off|p1a: Vanilluxe
|-damage|p1a: Vanilluxe|89/100
|-enditem|p1a: Vanilluxe|Light Clay|[from] move: Knock Off|[of] p2a: Toxapex
|
|-weather|Hail|[upkeep]
|-damage|p2a: Toxapex|88/100|[from] Hail
|upkeep
|turn|3
|
|t:|1666977599
|switch|p2a: Hippowdon|Hippowdon, M|100/100
|-weather|Sandstorm|[from] ability: Sand Stream|[of] p2a: Hippowdon
|move|p1a: Vanilluxe|Explosion|p2a: Hippowdon
|-damage|p2a: Hippowdon|51/100
|faint|p1a: Vanilluxe
|
|-weather|Sandstorm|[upkeep]
|-heal|p2a: Hippowdon|57/100|[from] item: Leftovers
|upkeep
|
|t:|1666977605
|switch|p1a: Mew|Mew|100/100
|turn|4
|
|t:|1666977609
|move|p1a: Mew|Taunt|p2a: Hippowdon
|-start|p2a: Hippowdon|move: Taunt
|move|p2a: Hippowdon|Earthquake|p1a: Mew
|-damage|p1a: Mew|83/100
|
|-weather|Sandstorm|[upkeep]
|-damage|p1a: Mew|77/100|[from] Sandstorm
|-heal|p2a: Hippowdon|63/100|[from] item: Leftovers
|upkeep
|turn|5
|
|t:|1666977614
|switch|p2a: Blissey|Blissey, F|100/100
|move|p1a: Mew|Cosmic Power|p1a: Mew
|-boost|p1a: Mew|def|1
|-boost|p1a: Mew|spd|1
|
|-weather|Sandstorm|[upkeep]
|-damage|p1a: Mew|71/100|[from] Sandstorm
|-damage|p2a: Blissey|94/100|[from] Sandstorm
|-heal|p2a: Blissey|100/100|[from] item: Leftovers
|upkeep
|turn|6
|
|t:|1666977617
|move|p1a: Mew|Taunt|p2a: Blissey
|-start|p2a: Blissey|move: Taunt
|move|p2a: Blissey|Seismic Toss|p1a: Mew
|-damage|p1a: Mew|41/100
|
|-weather|Sandstorm|[upkeep]
|-damage|p1a: Mew|35/100|[from] Sandstorm
|-damage|p2a: Blissey|94/100|[from] Sandstorm
|-heal|p2a: Blissey|100/100|[from] item: Leftovers
|upkeep
|turn|7
|
|t:|1666977619
|move|p1a: Mew|Roost|p1a: Mew
|-heal|p1a: Mew|85/100
|-singleturn|p1a: Mew|move: Roost
|move|p2a: Blissey|Seismic Toss|p1a: Mew
|-damage|p1a: Mew|56/100
|
|-weather|none
|upkeep
|turn|8
|
|t:|1666977623
|move|p1a: Mew|Roost|p1a: Mew
|-heal|p1a: Mew|100/100
|-singleturn|p1a: Mew|move: Roost
|move|p2a: Blissey|Seismic Toss|p1a: Mew
|-damage|p1a: Mew|71/100
|
|-end|p2a: Blissey|move: Taunt
|upkeep
|turn|9
|
|t:|1666977625
|move|p1a: Mew|Taunt|p2a: Blissey
|-start|p2a: Blissey|move: Taunt
|move|p2a: Blissey|Seismic Toss|p1a: Mew
|-damage|p1a: Mew|42/100
|
|-sideend|p1: LT94JE Allistair|move: Aurora Veil
|upkeep
|turn|10
|
|t:|1666977627
|move|p1a: Mew|Roost|p1a: Mew
|-heal|p1a: Mew|92/100
|-singleturn|p1a: Mew|move: Roost
|move|p2a: Blissey|Seismic Toss|p1a: Mew
|-damage|p1a: Mew|63/100
|
|upkeep
|turn|11
|
|t:|1666977633
|move|p1a: Mew|Cosmic Power|p1a: Mew
|-boost|p1a: Mew|def|1
|-boost|p1a: Mew|spd|1
|move|p2a: Blissey|Seismic Toss|p1a: Mew
|-damage|p1a: Mew|33/100
|
|-end|p2a: Blissey|move: Taunt
|upkeep
|turn|12
|
|t:|1666977636
|move|p1a: Mew|Taunt|p2a: Blissey
|-start|p2a: Blissey|move: Taunt
|move|p2a: Blissey|Seismic Toss|p1a: Mew
|-damage|p1a: Mew|4/100
|
|upkeep
|turn|13
|
|t:|1666977637
|move|p1a: Mew|Roost|p1a: Mew
|-heal|p1a: Mew|54/100
|-singleturn|p1a: Mew|move: Roost
|move|p2a: Blissey|Seismic Toss|p1a: Mew
|-damage|p1a: Mew|25/100
|
|upkeep
|turn|14
|
|t:|1666977639
|move|p1a: Mew|Roost|p1a: Mew
|-heal|p1a: Mew|75/100
|-singleturn|p1a: Mew|move: Roost
|move|p2a: Blissey|Seismic Toss|p1a: Mew
|-damage|p1a: Mew|46/100
|
|-end|p2a: Blissey|move: Taunt
|upkeep
|turn|15
|
|t:|1666977642
|move|p1a: Mew|Taunt|p2a: Blissey
|-start|p2a: Blissey|move: Taunt
|move|p2a: Blissey|Seismic Toss|p1a: Mew
|-damage|p1a: Mew|16/100
|
|upkeep
|turn|16
|
|t:|1666977644
|move|p1a: Mew|Roost|p1a: Mew
|-heal|p1a: Mew|66/100
|-singleturn|p1a: Mew|move: Roost
|move|p2a: Blissey|Seismic Toss|p1a: Mew
|-damage|p1a: Mew|37/100
|
|upkeep
|turn|17
|
|t:|1666977647
|move|p1a: Mew|Roost|p1a: Mew
|-heal|p1a: Mew|87/100
|-singleturn|p1a: Mew|move: Roost
|move|p2a: Blissey|Seismic Toss|p1a: Mew
|-damage|p1a: Mew|58/100
|
|-end|p2a: Blissey|move: Taunt
|upkeep
|turn|18
|
|t:|1666977651
|move|p1a: Mew|Taunt|p2a: Blissey
|-start|p2a: Blissey|move: Taunt
|move|p2a: Blissey|Seismic Toss|p1a: Mew
|-damage|p1a: Mew|29/100
|
|upkeep
|turn|19
|
|t:|1666977652
|move|p1a: Mew|Roost|p1a: Mew
|-heal|p1a: Mew|79/100
|-singleturn|p1a: Mew|move: Roost
|move|p2a: Blissey|Seismic Toss|p1a: Mew
|-damage|p1a: Mew|49/100
|
|upkeep
|turn|20
|
|t:|1666977655
|move|p1a: Mew|Roost|p1a: Mew
|-heal|p1a: Mew|99/100
|-singleturn|p1a: Mew|move: Roost
|move|p2a: Blissey|Seismic Toss|p1a: Mew
|-damage|p1a: Mew|70/100
|
|-end|p2a: Blissey|move: Taunt
|upkeep
|turn|21
|
|t:|1666977657
|move|p1a: Mew|Taunt|p2a: Blissey
|-start|p2a: Blissey|move: Taunt
|move|p2a: Blissey|Seismic Toss|p1a: Mew
|-damage|p1a: Mew|41/100
|
|upkeep
|turn|22
|
|t:|1666977658
|move|p1a: Mew|Roost|p1a: Mew
|-heal|p1a: Mew|91/100
|-singleturn|p1a: Mew|move: Roost
|move|p2a: Blissey|Seismic Toss|p1a: Mew
|-damage|p1a: Mew|62/100
|
|upkeep
|turn|23
|
|t:|1666977663
|move|p1a: Mew|Cosmic Power|p1a: Mew
|-boost|p1a: Mew|def|1
|-boost|p1a: Mew|spd|1
|move|p2a: Blissey|Seismic Toss|p1a: Mew
|-damage|p1a: Mew|32/100
|
|-end|p2a: Blissey|move: Taunt
|upkeep
|turn|24
|
|t:|1666977665
|move|p1a: Mew|Taunt|p2a: Blissey
|-start|p2a: Blissey|move: Taunt
|move|p2a: Blissey|Seismic Toss|p1a: Mew
|-damage|p1a: Mew|3/100
|
|upkeep
|turn|25
|
|t:|1666977667
|move|p1a: Mew|Roost|p1a: Mew
|-heal|p1a: Mew|53/100
|-singleturn|p1a: Mew|move: Roost
|move|p2a: Blissey|Seismic Toss|p1a: Mew
|-damage|p1a: Mew|24/100
|
|upkeep
|turn|26
|
|t:|1666977670
|move|p1a: Mew|Roost|p1a: Mew
|-heal|p1a: Mew|74/100
|-singleturn|p1a: Mew|move: Roost
|move|p2a: Blissey|Seismic Toss|p1a: Mew
|-damage|p1a: Mew|45/100
|
|-end|p2a: Blissey|move: Taunt
|upkeep
|turn|27
|
|t:|1666977673
|move|p1a: Mew|Taunt|p2a: Blissey
|-start|p2a: Blissey|move: Taunt
|move|p2a: Blissey|Seismic Toss|p1a: Mew
|-damage|p1a: Mew|15/100
|
|upkeep
|turn|28
|
|t:|1666977675
|move|p1a: Mew|Roost|p1a: Mew
|-heal|p1a: Mew|66/100
|-singleturn|p1a: Mew|move: Roost
|move|p2a: Blissey|Seismic Toss|p1a: Mew
|-damage|p1a: Mew|36/100
|
|upkeep
|turn|29
|
|t:|1666977678
|move|p1a: Mew|Roost|p1a: Mew
|-heal|p1a: Mew|86/100
|-singleturn|p1a: Mew|move: Roost
|move|p2a: Blissey|Seismic Toss|p1a: Mew
|-damage|p1a: Mew|57/100
|
|-end|p2a: Blissey|move: Taunt
|upkeep
|turn|30
|
|t:|1666977681
|move|p1a: Mew|Taunt|p2a: Blissey
|-start|p2a: Blissey|move: Taunt
|move|p2a: Blissey|Seismic Toss|p1a: Mew
|-damage|p1a: Mew|28/100
|
|upkeep
|turn|31
|
|t:|1666977682
|move|p1a: Mew|Roost|p1a: Mew
|-heal|p1a: Mew|78/100
|-singleturn|p1a: Mew|move: Roost
|move|p2a: Blissey|Seismic Toss|p1a: Mew
|-damage|p1a: Mew|49/100
|
|upkeep
|turn|32
|j| charge Q
|
|t:|1666977685
|move|p1a: Mew|Roost|p1a: Mew
|-heal|p1a: Mew|99/100
|-singleturn|p1a: Mew|move: Roost
|move|p2a: Blissey|Seismic Toss|p1a: Mew
|-damage|p1a: Mew|69/100
|
|-end|p2a: Blissey|move: Taunt
|upkeep
|turn|33
|j| Corporate Sponsors
|
|t:|1666977691
|move|p1a: Mew|Stored Power|p2a: Blissey
|-damage|p2a: Blissey|83/100
|move|p2a: Blissey|Seismic Toss|p1a: Mew
|-damage|p1a: Mew|40/100
|
|-heal|p2a: Blissey|89/100|[from] item: Leftovers
|upkeep
|turn|34
|
|t:|1666977694
|move|p1a: Mew|Taunt|p2a: Blissey
|-start|p2a: Blissey|move: Taunt
|cant|p2a: Blissey|move: Taunt|Toxic
|
|-heal|p2a: Blissey|96/100|[from] item: Leftovers
|upkeep
|turn|35
|j| CanUrepeat
|
|t:|1666977697
|move|p1a: Mew|Stored Power|p2a: Blissey
|-damage|p2a: Blissey|77/100
|move|p2a: Blissey|Seismic Toss|p1a: Mew
|-damage|p1a: Mew|11/100
|
|-heal|p2a: Blissey|83/100|[from] item: Leftovers
|upkeep
|turn|36
|
|t:|1666977700
|move|p1a: Mew|Stored Power|p2a: Blissey
|-damage|p2a: Blissey|65/100
|move|p2a: Blissey|Seismic Toss|p1a: Mew
|-damage|p1a: Mew|0 fnt
|faint|p1a: Mew
|
|-heal|p2a: Blissey|71/100|[from] item: Leftovers
|-end|p2a: Blissey|move: Taunt
|upkeep
|
|t:|1666977704
|switch|p1a: Weavile|Weavile, F|100/100
|-ability|p1a: Weavile|Pressure
|turn|37
|
|t:|1666977705
|switch|p2a: Toxapex|Toxapex, M|100/100
|move|p1a: Weavile|Swords Dance|p1a: Weavile
|-boost|p1a: Weavile|atk|2
|
|upkeep
|turn|38
|
|t:|1666977709
|switch|p2a: God|Quagsire, M|100/100
|move|p1a: Weavile|Triple Axel|p2a: God
|-damage|p2a: God|90/100
|-damage|p2a: God|70/100
|-damage|p2a: God|41/100
|-hitcount|p2a: God|3
|-damage|p1a: Weavile|91/100|[from] item: Life Orb
|
|-heal|p2a: God|47/100|[from] item: Leftovers
|upkeep
|turn|39
|
|t:|1666977714
|move|p2a: God|Protect|p2a: God
|-singleturn|p2a: God|Protect
|move|p1a: Weavile|Knock Off|p2a: God
|-activate|p2a: God|move: Protect
|
|-heal|p2a: God|54/100|[from] item: Leftovers
|upkeep
|turn|40
|
|t:|1666977718
|switch|p2a: Toxapex|Toxapex, M|100/100
|move|p1a: Weavile|Knock Off|p2a: Toxapex
|-damage|p2a: Toxapex|9/100
|-damage|p1a: Weavile|74/100|[from] item: Rocky Helmet|[of] p2a: Toxapex
|-enditem|p2a: Toxapex|Rocky Helmet|[from] move: Knock Off|[of] p1a: Weavile
|-damage|p1a: Weavile|64/100|[from] item: Life Orb
|
|upkeep
|turn|41
|
|t:|1666977724
|move|p1a: Weavile|Knock Off|p2a: Toxapex
|-crit|p2a: Toxapex
|-damage|p2a: Toxapex|0 fnt
|faint|p2a: Toxapex
|-damage|p1a: Weavile|54/100|[from] item: Life Orb
|
|upkeep
|
|t:|1666977726
|switch|p2a: God|Quagsire, M|54/100
|turn|42
|
|t:|1666977731
|move|p2a: God|Protect|p2a: God
|-singleturn|p2a: God|Protect
|move|p1a: Weavile|Knock Off|p2a: God
|-activate|p2a: God|move: Protect
|
|-heal|p2a: God|60/100|[from] item: Leftovers
|upkeep
|turn|43
|
|t:|1666977741
|move|p1a: Weavile|Knock Off|p2a: God
|-damage|p2a: God|14/100
|-enditem|p2a: God|Leftovers|[from] move: Knock Off|[of] p1a: Weavile
|-damage|p1a: Weavile|44/100|[from] item: Life Orb
|move|p2a: God|Toxic|p1a: Weavile
|-status|p1a: Weavile|tox
|
|-damage|p1a: Weavile|38/100 tox|[from] psn
|upkeep
|turn|44
|
|t:|1666977748
|move|p2a: God|Protect|p2a: God
|-singleturn|p2a: God|Protect
|move|p1a: Weavile|Swords Dance|p1a: Weavile
|-boost|p1a: Weavile|atk|2
|
|-damage|p1a: Weavile|26/100 tox|[from] psn
|upkeep
|turn|45
|
|t:|1666977759
|move|p1a: Weavile|Knock Off|p2a: God
|-damage|p2a: God|0 fnt
|faint|p2a: God
|-damage|p1a: Weavile|16/100 tox|[from] item: Life Orb
|
|-damage|p1a: Weavile|0 fnt|[from] psn
|faint|p1a: Weavile
|upkeep
|
|t:|1666977771
|switch|p1a: Slurpuff|Slurpuff, F|100/100
|switch|p2a: Hippowdon|Hippowdon, M|63/100
|-weather|Sandstorm|[from] ability: Sand Stream|[of] p2a: Hippowdon
|turn|46
|
|t:|1666977775
|move|p1a: Slurpuff|Magic Coat|p1a: Slurpuff
|-singleturn|p1a: Slurpuff|move: Magic Coat
|move|p2a: Hippowdon|Slack Off|p2a: Hippowdon
|-heal|p2a: Hippowdon|100/100
|
|-weather|Sandstorm|[upkeep]
|-damage|p1a: Slurpuff|94/100|[from] Sandstorm
|upkeep
|turn|47
|
|t:|1666977778
|switch|p2a: Blissey|Blissey, F|71/100
|move|p1a: Slurpuff|Magic Coat|p1a: Slurpuff
|-singleturn|p1a: Slurpuff|move: Magic Coat
|
|-weather|Sandstorm|[upkeep]
|-damage|p1a: Slurpuff|88/100|[from] Sandstorm
|-damage|p2a: Blissey|65/100|[from] Sandstorm
|-heal|p2a: Blissey|71/100|[from] item: Leftovers
|upkeep
|turn|48
|
|t:|1666977781
|move|p1a: Slurpuff|Sticky Web|p2a: Blissey
|-sidestart|p2: knexhawk2|move: Sticky Web
|move|p2a: Blissey|Soft-Boiled|p2a: Blissey
|-heal|p2a: Blissey|100/100
|
|-weather|Sandstorm|[upkeep]
|-damage|p1a: Slurpuff|82/100|[from] Sandstorm
|-damage|p2a: Blissey|94/100|[from] Sandstorm
|-heal|p2a: Blissey|100/100|[from] item: Leftovers
|upkeep
|turn|49
|
|t:|1666977785
|switch|p2a: Corviknight|Corviknight, F|100/100
|-ability|p2a: Corviknight|Pressure
|move|p1a: Slurpuff|Magic Coat|p1a: Slurpuff
|-singleturn|p1a: Slurpuff|move: Magic Coat
|
|-weather|Sandstorm|[upkeep]
|-damage|p1a: Slurpuff|76/100|[from] Sandstorm
|upkeep
|turn|50
|
|t:|1666977788
|move|p1a: Slurpuff|Yawn|p2a: Corviknight
|-start|p2a: Corviknight|move: Yawn|[of] p1a: Slurpuff
|move|p2a: Corviknight|Defog|p1a: Slurpuff
|-unboost|p1a: Slurpuff|evasion|1
|-sideend|p2: knexhawk2|Sticky Web|[from] move: Defog|[of] p2a: Corviknight
|
|-weather|none
|upkeep
|turn|51
|
|t:|1666977791
|switch|p2a: Tornadus|Tornadus-Therian, M|100/100
|move|p1a: Slurpuff|Sticky Web|p2a: Tornadus
|-sidestart|p2: knexhawk2|move: Sticky Web
|
|upkeep
|turn|52
|
|t:|1666977793
|move|p2a: Tornadus|Defog|p1a: Slurpuff
|-unboost|p1a: Slurpuff|evasion|1
|-sideend|p2: knexhawk2|Sticky Web|[from] move: Defog|[of] p2a: Tornadus
|move|p1a: Slurpuff|Yawn|p2a: Tornadus
|-start|p2a: Tornadus|move: Yawn|[of] p1a: Slurpuff
|
|upkeep
|turn|53
|
|t:|1666977795
|switch|p2a: Corviknight|Corviknight, F|100/100
|-ability|p2a: Corviknight|Pressure
|move|p1a: Slurpuff|Sticky Web|p2a: Corviknight
|-sidestart|p2: knexhawk2|move: Sticky Web
|
|upkeep
|turn|54
|
|t:|1666977797
|move|p1a: Slurpuff|Misty Explosion|p2a: Corviknight
|-resisted|p2a: Corviknight
|-damage|p2a: Corviknight|87/100
|faint|p1a: Slurpuff
|move|p2a: Corviknight|Defog|p1: Slurpuff|[notarget]
|-fail|p2a: Corviknight
|
|-heal|p2a: Corviknight|93/100|[from] item: Leftovers
|upkeep
|
|t:|1666977803
|switch|p1a: Tapu Fini|Tapu Fini|100/100
|turn|55
|
|t:|1666977806
|switch|p2a: Tornadus|Tornadus-Therian, M|100/100
|move|p1a: Tapu Fini|Calm Mind|p1a: Tapu Fini
|-boost|p1a: Tapu Fini|spa|1
|-boost|p1a: Tapu Fini|spd|1
|
|upkeep
|turn|56
|
|t:|1666977810
|move|p2a: Tornadus|Knock Off|p1a: Tapu Fini
|-resisted|p1a: Tapu Fini
|-damage|p1a: Tapu Fini|90/100
|-enditem|p1a: Tapu Fini|Weakness Policy|[from] move: Knock Off|[of] p2a: Tornadus
|move|p1a: Tapu Fini|Calm Mind|p1a: Tapu Fini
|-boost|p1a: Tapu Fini|spa|1
|-boost|p1a: Tapu Fini|spd|1
|
|upkeep
|turn|57
|
|t:|1666977814
|move|p2a: Tornadus|U-turn|p1a: Tapu Fini
|-resisted|p1a: Tapu Fini
|-damage|p1a: Tapu Fini|82/100
|
|t:|1666977815
|switch|p2a: Hippowdon|Hippowdon, M|100/100|[from]move: U-turn
|-activate|p2a: Hippowdon|move: Sticky Web
|-unboost|p2a: Hippowdon|spe|1
|-weather|Sandstorm|[from] ability: Sand Stream|[of] p2a: Hippowdon
|move|p1a: Tapu Fini|Calm Mind|p1a: Tapu Fini
|-boost|p1a: Tapu Fini|spa|1
|-boost|p1a: Tapu Fini|spd|1
|
|-weather|Sandstorm|[upkeep]
|-damage|p1a: Tapu Fini|76/100|[from] Sandstorm
|upkeep
|turn|58
|l| CanUrepeat
|
|t:|1666977819
|switch|p2a: Blissey|Blissey, F|100/100
|-activate|p2a: Blissey|move: Sticky Web
|-unboost|p2a: Blissey|spe|1
|move|p1a: Tapu Fini|Surf|p2a: Blissey
|-crit|p2a: Blissey
|-damage|p2a: Blissey|48/100
|
|-weather|Sandstorm|[upkeep]
|-damage|p1a: Tapu Fini|70/100|[from] Sandstorm
|-damage|p2a: Blissey|42/100|[from] Sandstorm
|-heal|p2a: Blissey|48/100|[from] item: Leftovers
|upkeep
|turn|59
|
|t:|1666977823
|move|p1a: Tapu Fini|Taunt|p2a: Blissey
|-start|p2a: Blissey|move: Taunt
|cant|p2a: Blissey|move: Taunt|Soft-Boiled
|
|-weather|Sandstorm|[upkeep]
|-damage|p1a: Tapu Fini|64/100|[from] Sandstorm
|-damage|p2a: Blissey|42/100|[from] Sandstorm
|-heal|p2a: Blissey|48/100|[from] item: Leftovers
|upkeep
|turn|60
|
|t:|1666977825
|move|p1a: Tapu Fini|Draining Kiss|p2a: Blissey
|-damage|p2a: Blissey|29/100
|-heal|p1a: Tapu Fini|99/100|[from] drain|[of] p2a: Blissey
|move|p2a: Blissey|Seismic Toss|p1a: Tapu Fini
|-damage|p1a: Tapu Fini|65/100
|
|-weather|Sandstorm|[upkeep]
|-damage|p1a: Tapu Fini|59/100|[from] Sandstorm
|-damage|p2a: Blissey|23/100|[from] Sandstorm
|-heal|p2a: Blissey|29/100|[from] item: Leftovers
|upkeep
|turn|61
|
|t:|1666977828
|move|p1a: Tapu Fini|Draining Kiss|p2a: Blissey
|-damage|p2a: Blissey|11/100
|-heal|p1a: Tapu Fini|94/100|[from] drain|[of] p2a: Blissey
|move|p2a: Blissey|Seismic Toss|p1a: Tapu Fini
|-damage|p1a: Tapu Fini|58/100
|
|-weather|none
|-heal|p2a: Blissey|17/100|[from] item: Leftovers
|-end|p2a: Blissey|move: Taunt
|upkeep
|turn|62
|
|t:|1666977836
|switch|p2a: Corviknight|Corviknight, F|93/100
|-ability|p2a: Corviknight|Pressure
|move|p1a: Tapu Fini|Taunt|p2a: Corviknight
|-start|p2a: Corviknight|move: Taunt
|
|-heal|p2a: Corviknight|99/100|[from] item: Leftovers
|upkeep
|turn|63
|
|t:|1666977842
|move|p1a: Tapu Fini|Surf|p2a: Corviknight
|-damage|p2a: Corviknight|13/100
|move|p2a: Corviknight|Brave Bird|p1a: Tapu Fini
|-damage|p1a: Tapu Fini|20/100
|-damage|p2a: Corviknight|4/100|[from] Recoil
|
|-heal|p2a: Corviknight|10/100|[from] item: Leftovers
|upkeep
|turn|64
|
|t:|1666977850
|move|p1a: Tapu Fini|Draining Kiss|p2a: Corviknight
|-resisted|p2a: Corviknight
|-damage|p2a: Corviknight|0 fnt
|-heal|p1a: Tapu Fini|31/100|[from] drain|[of] p2a: Corviknight
|faint|p2a: Corviknight
|
|upkeep
|
|t:|1666977853
|switch|p2a: Tornadus|Tornadus-Therian, M|100/100
|turn|65
|
|t:|1666977855
|move|p2a: Tornadus|Heat Wave|p1a: Tapu Fini
|-resisted|p1a: Tapu Fini
|-damage|p1a: Tapu Fini|26/100
|move|p1a: Tapu Fini|Draining Kiss|p2a: Tornadus
|-damage|p2a: Tornadus|47/100
|-heal|p1a: Tapu Fini|78/100|[from] drain|[of] p2a: Tornadus
|
|upkeep
|turn|66
|-message|knexhawk2 forfeited.
|
|win|LT94JE Allistair
|raw|LT94JE Allistair's rating: 1845 &rarr; <strong>1866</strong><br />(+21 for winning)
|raw|knexhawk2's rating: 1859 &rarr; <strong>1838</strong><br />(-21 for losing)
|l|☆knexhawk2
|l|☆LT94JE Allistair
||Ladder isn't responding, score probably updated but might not have (Request timeout).
|l| Corporate Sponsors
