|j|☆Crogoze
|j|☆Trogba Trogba
|inactive|Battle timer is ON: inactive players will automatically lose when time's up.
|t:|1667750235
|gametype|singles
|player|p1|Crogoze|ash-kalos|
|player|p2|Trogba Trogba|lance|
|teamsize|p1|6
|teamsize|p2|6
|gen|8
|tier|[Gen 8] OU
|rated|Tournament battle
|rule|Sleep Clause Mod: Limit one foe put to sleep
|rule|Species Clause: Limit one of each Pokémon
|rule|OHKO Clause: OHKO moves are banned
|rule|Evasion Items Clause: Evasion items are banned
|rule|Evasion Moves Clause: Evasion moves are banned
|rule|Endless Battle Clause: Forcing endless battles is banned
|rule|HP Percentage Mod: HP is shown in percentages
|rule|Dynamax Clause: You cannot dynamax
|clearpoke
|poke|p1|Xatu, M|
|poke|p1|Golisopod, M|
|poke|p1|Quagsire, M|
|poke|p1|Slowking, M|
|poke|p1|Hydreigon, M|
|poke|p1|Escavalier, F|
|poke|p2|Xatu, F|
|poke|p2|Golisopod, M|
|poke|p2|Quagsire, M|
|poke|p2|Slowking, M|
|poke|p2|Hydreigon, M|
|poke|p2|Escavalier, M|
|teampreview
|j|*Lady Monita ☽
|c|☆Trogba Trogba|glhf
|
|t:|1667750244
|start
|switch|p1a: Quagsire|Quagsire, M|100/100
|switch|p2a: Xatu|Xatu, F|100/100
|turn|1
|j| chimechoo ♫
|
|t:|1667750248
|move|p2a: Xatu|Toxic|p1a: Quagsire
|-status|p1a: Quagsire|tox
|move|p1a: Quagsire|Liquidation|p2a: Xatu
|-crit|p2a: Xatu
|-damage|p2a: Xatu|49/100
|
|-damage|p1a: Quagsire|94/100 tox|[from] psn
|upkeep
|turn|2
|
|t:|1667750251
|move|p2a: Xatu|Roost|p2a: Xatu
|-heal|p2a: Xatu|99/100
|-singleturn|p2a: Xatu|move: Roost
|move|p1a: Quagsire|Liquidation|p2a: Xatu
|-damage|p2a: Xatu|66/100
|-unboost|p2a: Xatu|def|1
|
|-heal|p1a: Quagsire|100/100 tox|[from] item: Leftovers
|-damage|p1a: Quagsire|88/100 tox|[from] psn
|upkeep
|turn|3
|l| chimechoo ♫
|
|t:|1667750255
|move|p1a: Quagsire|Liquidation|p2a: Xatu
|-damage|p2a: Xatu|11/100
|move|p2a: Xatu|Trick Room|p2a: Xatu
|-fieldstart|move: Trick Room|[of] p2a: Xatu
|
|-heal|p1a: Quagsire|94/100 tox|[from] item: Leftovers
|-damage|p1a: Quagsire|76/100 tox|[from] psn
|upkeep
|turn|4
|j| Anyatriesvgc
|
|t:|1667750258
|switch|p2a: Golisopod|Golisopod, M|100/100
|move|p1a: Quagsire|Liquidation|p2a: Golisopod
|-resisted|p2a: Golisopod
|-damage|p2a: Golisopod|91/100
|
|-heal|p1a: Quagsire|82/100 tox|[from] item: Leftovers
|-damage|p1a: Quagsire|58/100 tox|[from] psn
|upkeep
|turn|5
|
|t:|1667750267
|switch|p1a: Escavalier|Escavalier, F|100/100
|move|p2a: Golisopod|First Impression|p1a: Escavalier
|-resisted|p1a: Escavalier
|-damage|p1a: Escavalier|78/100
|
|upkeep
|turn|6
|
|t:|1667750280
|move|p1a: Escavalier|Megahorn|p2a: Golisopod
|-damage|p2a: Golisopod|38/100
|-activate|p2a: Golisopod|ability: Emergency Exit
|
|t:|1667750290
|switch|p2a: Slowking|Slowking, M|100/100
|
|upkeep
|turn|7
|
|t:|1667750296
|move|p2a: Slowking|Flamethrower|p1a: Escavalier
|-supereffective|p1a: Escavalier
|-damage|p1a: Escavalier|22/100
|move|p1a: Escavalier|Megahorn|p2a: Slowking|[miss]
|-miss|p1a: Escavalier|p2a: Slowking
|
|-fieldend|move: Trick Room
|upkeep
|turn|8
|
|t:|1667750307
|switch|p1a: Quagsire|Quagsire, M|58/100 tox
|switch|p2a: Golisopod|Golisopod, M|38/100
|
|-heal|p1a: Quagsire|64/100 tox|[from] item: Leftovers
|-damage|p1a: Quagsire|58/100 tox|[from] psn
|upkeep
|turn|9
|
|t:|1667750310
|move|p2a: Golisopod|First Impression|p1a: Quagsire
|-damage|p1a: Quagsire|23/100 tox
|move|p1a: Quagsire|Recover|p1a: Quagsire
|-heal|p1a: Quagsire|73/100 tox
|
|-heal|p1a: Quagsire|79/100 tox|[from] item: Leftovers
|-damage|p1a: Quagsire|67/100 tox|[from] psn
|upkeep
|turn|10
|
|t:|1667750314
|move|p1a: Quagsire|Recover|p1a: Quagsire
|-heal|p1a: Quagsire|100/100 tox
|move|p2a: Golisopod|Leech Life|p1a: Quagsire
|-damage|p1a: Quagsire|72/100 tox
|-heal|p2a: Golisopod|54/100|[from] drain|[of] p1a: Quagsire
|
|-heal|p1a: Quagsire|78/100 tox|[from] item: Leftovers
|-damage|p1a: Quagsire|59/100 tox|[from] psn
|upkeep
|turn|11
|
|t:|1667750315
|move|p1a: Quagsire|Liquidation|p2a: Golisopod
|-resisted|p2a: Golisopod
|-crit|p2a: Golisopod
|-damage|p2a: Golisopod|40/100
|-activate|p2a: Golisopod|ability: Emergency Exit
|
|t:|1667750319
|switch|p2a: Hydreigon|Hydreigon, M|100/100
|
|-heal|p1a: Quagsire|65/100 tox|[from] item: Leftovers
|-damage|p1a: Quagsire|41/100 tox|[from] psn
|upkeep
|turn|12
|
|t:|1667750330
|switch|p1a: Escavalier|Escavalier, F|22/100
|move|p2a: Hydreigon|Dark Pulse|p1a: Escavalier
|-damage|p1a: Escavalier|0 fnt
|faint|p1a: Escavalier
|
|upkeep
|
|t:|1667750335
|switch|p1a: Golisopod|Golisopod, M|100/100
|turn|13
|
|t:|1667750342
|switch|p2a: Xatu|Xatu, F|11/100
|move|p1a: Golisopod|First Impression|p2a: Xatu
|-damage|p2a: Xatu|0 fnt
|faint|p2a: Xatu
|
|upkeep
|
|t:|1667750344
|switch|p2a: Hydreigon|Hydreigon, M|100/100
|turn|14
|
|t:|1667750349
|switch|p1a: Quagsire|Quagsire, M|41/100 tox
|move|p2a: Hydreigon|Draco Meteor|p1a: Quagsire
|-damage|p1a: Quagsire|0 fnt
|-unboost|p2a: Hydreigon|spa|2
|faint|p1a: Quagsire
|
|upkeep
|
|t:|1667750352
|switch|p1a: Golisopod|Golisopod, M|100/100
|turn|15
|j| MakarBacon
|
|t:|1667750359
|switch|p2a: Quagsire|Quagsire, M|100/100
|move|p1a: Golisopod|First Impression|p2a: Quagsire
|-damage|p2a: Quagsire|52/100
|
|-heal|p2a: Quagsire|58/100|[from] item: Leftovers
|upkeep
|turn|16
|
|t:|1667750367
|switch|p1a: Slowking|Slowking, M|100/100
|move|p2a: Quagsire|Recover|p2a: Quagsire
|-heal|p2a: Quagsire|100/100
|
|upkeep
|turn|17
|l| MakarBacon
|
|t:|1667750370
|switch|p2a: Slowking|Slowking, M|100/100
|move|p1a: Slowking|Protect||[still]
|-fail|p1a: Slowking
|
|upkeep
|turn|18
|
|t:|1667750372
|move|p1a: Slowking|Toxic|p2a: Slowking
|-status|p2a: Slowking|tox
|move|p2a: Slowking|Trick Room|p2a: Slowking
|-fieldstart|move: Trick Room|[of] p2a: Slowking
|
|-damage|p2a: Slowking|94/100 tox|[from] psn
|upkeep
|turn|19
|
|t:|1667750375
|move|p1a: Slowking|Protect|p1a: Slowking
|-singleturn|p1a: Slowking|Protect
|move|p2a: Slowking|Teleport|p2a: Slowking
|
|t:|1667750380
|switch|p2a: Escavalier|Escavalier, M|100/100|[from]move: Teleport
|
|upkeep
|turn|20
|
|t:|1667750387
|switch|p1a: Xatu|Xatu, M|100/100
|move|p2a: Escavalier|Megahorn|p1a: Xatu
|-damage|p1a: Xatu|0 fnt
|faint|p1a: Xatu
|-damage|p2a: Escavalier|91/100|[from] item: Life Orb
|
|upkeep
|j| jdois
|
|t:|1667750400
|switch|p1a: Slowking|Slowking, M|100/100
|turn|21
|
|t:|1667750405
|move|p2a: Escavalier|Megahorn|p1a: Slowking
|-supereffective|p1a: Slowking
|-damage|p1a: Slowking|0 fnt
|faint|p1a: Slowking
|-damage|p2a: Escavalier|81/100|[from] item: Life Orb
|
|upkeep
|
|t:|1667750415
|switch|p1a: Golisopod|Golisopod, M|100/100
|turn|22
|
|t:|1667750421
|move|p1a: Golisopod|First Impression|p2a: Escavalier
|-resisted|p2a: Escavalier
|-damage|p2a: Escavalier|57/100
|move|p2a: Escavalier|Knock Off|p1a: Golisopod
|-damage|p1a: Golisopod|63/100
|-enditem|p1a: Golisopod|Focus Sash|[from] move: Knock Off|[of] p2a: Escavalier
|-damage|p2a: Escavalier|47/100|[from] item: Life Orb
|
|-fieldend|move: Trick Room
|upkeep
|turn|23
|
|t:|1667750428
|switch|p2a: Quagsire|Quagsire, M|100/100
|move|p1a: Golisopod|Close Combat|p2a: Quagsire
|-damage|p2a: Quagsire|58/100
|-unboost|p1a: Golisopod|def|1
|-unboost|p1a: Golisopod|spd|1
|
|-heal|p2a: Quagsire|64/100|[from] item: Leftovers
|upkeep
|turn|24
|j| Dddddsf
|
|t:|1667750441
|switch|p1a: Hydreigon|Hydreigon, M|100/100
|move|p2a: Quagsire|Recover|p2a: Quagsire
|-heal|p2a: Quagsire|100/100
|
|upkeep
|turn|25
|l| Dddddsf
|
|t:|1667750447
|switch|p2a: Slowking|Slowking, M|100/100 tox
|move|p1a: Hydreigon|Dark Pulse|p2a: Slowking
|-supereffective|p2a: Slowking
|-damage|p2a: Slowking|35/100 tox
|-damage|p1a: Hydreigon|91/100|[from] item: Life Orb
|
|-damage|p2a: Slowking|29/100 tox|[from] psn
|upkeep
|turn|26
|
|t:|1667750452
|move|p1a: Hydreigon|Dark Pulse|p2a: Slowking
|-supereffective|p2a: Slowking
|-damage|p2a: Slowking|0 fnt
|faint|p2a: Slowking
|-damage|p1a: Hydreigon|81/100|[from] item: Life Orb
|
|upkeep
|
|t:|1667750454
|switch|p2a: Golisopod|Golisopod, M|40/100
|turn|27
|
|t:|1667750457
|switch|p1a: Golisopod|Golisopod, M|63/100
|move|p2a: Golisopod|First Impression|p1a: Golisopod
|-damage|p1a: Golisopod|30/100
|-activate|p1a: Golisopod|ability: Emergency Exit
|
|t:|1667750462
|switch|p1a: Hydreigon|Hydreigon, M|81/100
|
|upkeep
|turn|28
|
|t:|1667750471
|switch|p2a: Escavalier|Escavalier, M|47/100
|move|p1a: Hydreigon|Dark Pulse|p2a: Escavalier
|-damage|p2a: Escavalier|0 fnt
|faint|p2a: Escavalier
|-damage|p1a: Hydreigon|71/100|[from] item: Life Orb
|
|upkeep
|
|t:|1667750473
|switch|p2a: Golisopod|Golisopod, M|40/100
|turn|29
|j| Aaallldddooo
|c|☆Trogba Trogba|gg
|
|t:|1667750478
|switch|p1a: Golisopod|Golisopod, M|30/100
|move|p2a: Golisopod|First Impression|p1a: Golisopod
|-damage|p1a: Golisopod|0 fnt
|faint|p1a: Golisopod
|
|upkeep
|
|t:|1667750480
|switch|p1a: Hydreigon|Hydreigon, M|71/100
|turn|30
|
|t:|1667750489
|switch|p2a: Quagsire|Quagsire, M|100/100
|move|p1a: Hydreigon|Dark Pulse|p2a: Quagsire
|-damage|p2a: Quagsire|59/100
|-damage|p1a: Hydreigon|61/100|[from] item: Life Orb
|
|-heal|p2a: Quagsire|65/100|[from] item: Leftovers
|upkeep
|turn|31
|
|t:|1667750491
|move|p1a: Hydreigon|Dark Pulse|p2a: Quagsire
|-damage|p2a: Quagsire|22/100
|-damage|p1a: Hydreigon|51/100|[from] item: Life Orb
|move|p2a: Quagsire|Recover|p2a: Quagsire
|-heal|p2a: Quagsire|72/100
|
|-heal|p2a: Quagsire|78/100|[from] item: Leftovers
|upkeep
|turn|32
|c| jdois|There's no way you can win this what are you tryign to pull?
|
|t:|1667750495
|move|p1a: Hydreigon|Dark Pulse|p2a: Quagsire
|-damage|p2a: Quagsire|32/100
|-damage|p1a: Hydreigon|41/100|[from] item: Life Orb
|move|p2a: Quagsire|Recover|p2a: Quagsire
|-heal|p2a: Quagsire|82/100
|
|-heal|p2a: Quagsire|89/100|[from] item: Leftovers
|upkeep
|turn|33
|
|t:|1667750498
|move|p1a: Hydreigon|Dark Pulse|p2a: Quagsire
|-damage|p2a: Quagsire|48/100
|-damage|p1a: Hydreigon|32/100|[from] item: Life Orb
|move|p2a: Quagsire|Ice Punch|p1a: Hydreigon
|-supereffective|p1a: Hydreigon
|-crit|p1a: Hydreigon
|-damage|p1a: Hydreigon|0 fnt
|faint|p1a: Hydreigon
|
|win|Trogba Trogba
|n|☆Crogoze|crogoze
|n|☆Trogba Trogba|trogbatrogba
|n|*Lady Monita ☽|ladymonita
|n| Anyatriesvgc|anyatriesvgc
|n| jdois|jdois
|n| Aaallldddooo|aaallldddooo
