|raw|<div class="broadcast-blue"><strong>This battle is required to be public due to a player having a name starting with 'lt93oq'.</div>
|j|☆Sww-Suwa
|j|☆lt93oq lily
|t:|1660350462
|gametype|singles
|player|p1|Sww-Suwa|dawn-masters|1762
|player|p2|lt93oq lily|rosa-masters|1799
|teamsize|p1|6
|teamsize|p2|6
|gen|8
|tier|[Gen 8] OU
|rated|
|rule|Sleep Clause Mod: Limit one foe put to sleep
|rule|Species Clause: Limit one of each Pokémon
|rule|OHKO Clause: OHKO moves are banned
|rule|Evasion Items Clause: Evasion items are banned
|rule|Evasion Moves Clause: Evasion moves are banned
|rule|Endless Battle Clause: Forcing endless battles is banned
|rule|HP Percentage Mod: HP is shown in percentages
|rule|Dynamax Clause: You cannot dynamax
|clearpoke
|poke|p1|Mew|
|poke|p1|Blaziken, M|
|poke|p1|Scizor, F|
|poke|p1|Garchomp, F|
|poke|p1|Ninetales-Alola, F|
|poke|p1|Dragapult, M|
|poke|p2|Clefable, F|
|poke|p2|Dragonite, M|
|poke|p2|Ferrothorn, M|
|poke|p2|Landorus-Therian, M|
|poke|p2|Tapu Koko|
|poke|p2|Urshifu-*, M|
|teampreview
|c|☆Sww-Suwa|hf
|c|☆lt93oq lily|hf
|inactive|Battle timer is ON: inactive players will automatically lose when time's up. (requested by Sww-Suwa)
|
|t:|1660350473
|start
|switch|p1a: Mew|Mew|100/100
|switch|p2a: Tapu Koko|Tapu Koko|100/100
|-fieldstart|move: Electric Terrain|[from] ability: Electric Surge|[of] p2a: Tapu Koko
|turn|1
|j| MAGAO2020
|
|t:|1660350477
|move|p2a: Tapu Koko|Thunderbolt|p1a: Mew
|-damage|p1a: Mew|56/100
|move|p1a: Mew|Stealth Rock|p2a: Tapu Koko
|-sidestart|p2: lt93oq lily|move: Stealth Rock
|
|upkeep
|turn|2
|j| OMLC2 Big Bad Mans
|
|t:|1660350483
|move|p2a: Tapu Koko|Thunderbolt|p1a: Mew
|-damage|p1a: Mew|10/100
|move|p1a: Mew|Explosion|p2a: Tapu Koko
|-damage|p2a: Tapu Koko|24/100
|faint|p1a: Mew
|
|upkeep
|
|t:|1660350487
|switch|p1a: Ninetales|Ninetales-Alola, F, shiny|100/100
|-weather|Hail|[from] ability: Snow Warning|[of] p1a: Ninetales
|turn|3
|
|t:|1660350489
|move|p1a: Ninetales|Blizzard|p2a: Tapu Koko
|-damage|p2a: Tapu Koko|0 fnt
|faint|p2a: Tapu Koko
|
|-weather|Hail|[upkeep]
|upkeep
|c|☆lt93oq lily|oh shit
|
|t:|1660350506
|switch|p2a: Clefable|Clefable, F|100/100
|turn|4
|j| dpultfan69 uwu
|
|t:|1660350509
|switch|p1a: Blaziken|Blaziken, M|100/100
|-item|p1a: Blaziken|Air Balloon
|move|p2a: Clefable|Thunder Wave|p1a: Blaziken
|-status|p1a: Blaziken|par
|
|-weather|Hail|[upkeep]
|-damage|p1a: Blaziken|95/100 par|[from] Hail
|upkeep
|turn|5
|j| throwback jerseys
|j| tytyui↻
|
|t:|1660350514
|switch|p2a: Urshifu|Urshifu-Rapid-Strike, M|100/100
|-damage|p2a: Urshifu|94/100|[from] Stealth Rock
|move|p1a: Blaziken|Swords Dance|p1a: Blaziken
|-boost|p1a: Blaziken|atk|2
|
|-weather|Hail|[upkeep]
|-damage|p2a: Urshifu|88/100|[from] Hail
|-damage|p1a: Blaziken|89/100 par|[from] Hail
|-fieldend|move: Electric Terrain
|-ability|p1a: Blaziken|Speed Boost|boost
|-boost|p1a: Blaziken|spe|1
|upkeep
|turn|6
|
|t:|1660350519
|move|p2a: Urshifu|Surging Strikes|p1a: Blaziken
|-supereffective|p1a: Blaziken
|-crit|p1a: Blaziken
|-damage|p1a: Blaziken|27/100 par
|-enditem|p1a: Blaziken|Air Balloon
|-supereffective|p1a: Blaziken
|-crit|p1a: Blaziken
|-damage|p1a: Blaziken|0 fnt
|faint|p1a: Blaziken
|-hitcount|p1: Blaziken|2
|
|-weather|Hail|[upkeep]
|-damage|p2a: Urshifu|82/100|[from] Hail
|upkeep
|
|t:|1660350522
|switch|p1a: Scizor|Scizor, F|100/100
|turn|7
|
|t:|1660350525
|move|p2a: Urshifu|U-turn|p1a: Scizor
|-resisted|p1a: Scizor
|-damage|p1a: Scizor|84/100
|
|t:|1660350528
|switch|p2a: Ferrothorn|Ferrothorn, M|100/100|[from]move: U-turn
|-damage|p2a: Ferrothorn|94/100|[from] Stealth Rock
|move|p1a: Scizor|Dual Wingbeat|p2a: Ferrothorn
|-damage|p2a: Ferrothorn|78/100
|-damage|p1a: Scizor|72/100|[from] ability: Iron Barbs|[of] p2a: Ferrothorn
|-damage|p1a: Scizor|56/100|[from] item: Rocky Helmet|[of] p2a: Ferrothorn
|-damage|p2a: Ferrothorn|60/100
|-damage|p1a: Scizor|43/100|[from] ability: Iron Barbs|[of] p2a: Ferrothorn
|-damage|p1a: Scizor|27/100|[from] item: Rocky Helmet|[of] p2a: Ferrothorn
|-hitcount|p2a: Ferrothorn|2
|-damage|p1a: Scizor|17/100|[from] item: Life Orb
|
|-weather|none
|upkeep
|turn|8
|
|t:|1660350531
|switch|p2a: Landorus|Landorus-Therian, M|100/100
|-damage|p2a: Landorus|88/100|[from] Stealth Rock
|-ability|p2a: Landorus|Intimidate|boost
|-unboost|p1a: Scizor|atk|1
|move|p1a: Scizor|Superpower|p2a: Landorus
|-resisted|p2a: Landorus
|-damage|p2a: Landorus|69/100
|-unboost|p1a: Scizor|atk|1
|-unboost|p1a: Scizor|def|1
|-damage|p1a: Scizor|7/100|[from] item: Life Orb
|
|-heal|p2a: Landorus|75/100|[from] item: Leftovers
|upkeep
|turn|9
|
|t:|1660350535
|switch|p1a: Ninetales|Ninetales-Alola, F, shiny|100/100
|-weather|Hail|[from] ability: Snow Warning|[of] p1a: Ninetales
|move|p2a: Landorus|Stealth Rock|p1a: Ninetales
|-sidestart|p1: Sww-Suwa|move: Stealth Rock
|
|-weather|Hail|[upkeep]
|-damage|p2a: Landorus|69/100|[from] Hail
|-heal|p2a: Landorus|75/100|[from] item: Leftovers
|upkeep
|turn|10
|
|t:|1660350542
|switch|p2a: Ferrothorn|Ferrothorn, M|60/100
|-damage|p2a: Ferrothorn|54/100|[from] Stealth Rock
|move|p1a: Ninetales|Blizzard|p2a: Ferrothorn
|-damage|p2a: Ferrothorn|21/100
|
|-weather|Hail|[upkeep]
|-damage|p2a: Ferrothorn|15/100|[from] Hail
|upkeep
|turn|11
|j| playa13
|j| Luka Troncic
|
|t:|1660350545
|move|p1a: Ninetales|Blizzard|p2a: Ferrothorn
|-damage|p2a: Ferrothorn|0 fnt
|faint|p2a: Ferrothorn
|
|-weather|Hail|[upkeep]
|upkeep
|
|t:|1660350549
|switch|p2a: Urshifu|Urshifu-Rapid-Strike, M|82/100
|-damage|p2a: Urshifu|76/100|[from] Stealth Rock
|turn|12
|
|t:|1660350552
|switch|p1a: Scizor|Scizor, F|7/100
|-damage|p1a: Scizor|0 fnt|[from] Stealth Rock
|faint|p1a: Scizor
|move|p2a: Urshifu|Surging Strikes|p1: Scizor|[notarget]
|-fail|p2a: Urshifu
|
|-weather|Hail|[upkeep]
|-damage|p2a: Urshifu|70/100|[from] Hail
|upkeep
|
|t:|1660350562
|switch|p1a: Dragapult|Dragapult, M|100/100
|turn|13
|
|t:|1660350565
|move|p1a: Dragapult|Dragon Dance|p1a: Dragapult
|-boost|p1a: Dragapult|atk|1
|-boost|p1a: Dragapult|spe|1
|move|p2a: Urshifu|U-turn|p1a: Dragapult
|-resisted|p1a: Dragapult
|-damage|p1a: Dragapult|85/100
|
|t:|1660350568
|switch|p2a: Clefable|Clefable, F|100/100|[from]move: U-turn
|
|-weather|none
|upkeep
|turn|14
|
|t:|1660350571
|move|p1a: Dragapult|Phantom Force||[still]
|-prepare|p1a: Dragapult|Phantom Force
|move|p2a: Clefable|Moonblast|p1a: Dragapult|[miss]
|-miss|p2a: Clefable|p1a: Dragapult
|
|upkeep
|turn|15
|
|t:|1660350573
|move|p1a: Dragapult|Phantom Force|p2a: Clefable|[from]lockedmove
|-damage|p2a: Clefable|48/100
|move|p2a: Clefable|Moonblast|p1a: Dragapult
|-supereffective|p1a: Dragapult
|-damage|p1a: Dragapult|0 fnt
|faint|p1a: Dragapult
|
|-heal|p2a: Clefable|54/100|[from] item: Leftovers
|upkeep
|
|t:|1660350582
|switch|p1a: Garchomp|Garchomp, F|100/100
|-damage|p1a: Garchomp|94/100|[from] Stealth Rock
|turn|16
|
|t:|1660350584
|move|p1a: Garchomp|Swords Dance|p1a: Garchomp
|-boost|p1a: Garchomp|atk|2
|move|p2a: Clefable|Moonblast|p1a: Garchomp
|-supereffective|p1a: Garchomp
|-enditem|p1a: Garchomp|Roseli Berry|[eat]
|-enditem|p1a: Garchomp|Roseli Berry|[weaken]
|-damage|p1a: Garchomp|61/100
|-unboost|p1a: Garchomp|spa|1
|
|-heal|p2a: Clefable|60/100|[from] item: Leftovers
|upkeep
|turn|17
|
|t:|1660350587
|switch|p2a: Landorus|Landorus-Therian, M|75/100
|-damage|p2a: Landorus|63/100|[from] Stealth Rock
|-ability|p2a: Landorus|Intimidate|boost
|-unboost|p1a: Garchomp|atk|1
|move|p1a: Garchomp|Earthquake|p2a: Landorus
|-immune|p2a: Landorus
|
|-heal|p2a: Landorus|69/100|[from] item: Leftovers
|upkeep
|turn|18
|
|t:|1660350596
|switch|p2a: Clefable|Clefable, F|60/100
|move|p1a: Garchomp|Swords Dance|p1a: Garchomp
|-boost|p1a: Garchomp|atk|2
|
|-heal|p2a: Clefable|66/100|[from] item: Leftovers
|upkeep
|turn|19
|
|t:|1660350600
|switch|p2a: Landorus|Landorus-Therian, M|69/100
|-damage|p2a: Landorus|56/100|[from] Stealth Rock
|-ability|p2a: Landorus|Intimidate|boost
|-unboost|p1a: Garchomp|atk|1
|move|p1a: Garchomp|Fire Fang|p2a: Landorus
|-damage|p2a: Landorus|15/100
|
|-heal|p2a: Landorus|21/100|[from] item: Leftovers
|upkeep
|turn|20
|
|t:|1660350603
|switch|p2a: Clefable|Clefable, F|66/100
|move|p1a: Garchomp|Fire Fang|p2a: Clefable
|-damage|p2a: Clefable|30/100
|
|-heal|p2a: Clefable|36/100|[from] item: Leftovers
|upkeep
|turn|21
|
|t:|1660350609
|switch|p2a: Landorus|Landorus-Therian, M|21/100
|-damage|p2a: Landorus|9/100|[from] Stealth Rock
|-ability|p2a: Landorus|Intimidate|boost
|-unboost|p1a: Garchomp|atk|1
|move|p1a: Garchomp|Fire Fang|p2a: Landorus
|-damage|p2a: Landorus|0 fnt
|faint|p2a: Landorus
|
|upkeep
|
|t:|1660350616
|switch|p2a: Urshifu|Urshifu-Rapid-Strike, M|70/100
|-damage|p2a: Urshifu|64/100|[from] Stealth Rock
|turn|22
|
|t:|1660350618
|move|p1a: Garchomp|Earthquake|p2a: Urshifu
|-damage|p2a: Urshifu|0 fnt
|faint|p2a: Urshifu
|
|upkeep
|
|t:|1660350623
|switch|p2a: Dragonite|Dragonite, M|100/100
|turn|23
|
|t:|1660350625
|move|p1a: Garchomp|Scale Shot|p2a: Dragonite
|-supereffective|p2a: Dragonite
|-damage|p2a: Dragonite|85/100
|-supereffective|p2a: Dragonite
|-damage|p2a: Dragonite|51/100
|-supereffective|p2a: Dragonite
|-damage|p2a: Dragonite|19/100
|-hitcount|p2a: Dragonite|3
|-unboost|p1a: Garchomp|def|1
|-boost|p1a: Garchomp|spe|1
|move|p2a: Dragonite|Flamethrower|p1a: Garchomp
|-resisted|p1a: Garchomp
|-damage|p1a: Garchomp|50/100
|-status|p1a: Garchomp|brn
|
|-damage|p1a: Garchomp|44/100 brn|[from] brn
|upkeep
|turn|24
|
|t:|1660350629
|switch|p2a: Clefable|Clefable, F|36/100
|move|p1a: Garchomp|Scale Shot|p2a: Clefable
|-immune|p2a: Clefable
|
|-heal|p2a: Clefable|42/100|[from] item: Leftovers
|-damage|p1a: Garchomp|38/100 brn|[from] brn
|upkeep
|turn|25
|
|t:|1660350632
|move|p1a: Garchomp|Earthquake|p2a: Clefable
|-damage|p2a: Clefable|15/100
|move|p2a: Clefable|Soft-Boiled|p2a: Clefable
|-heal|p2a: Clefable|65/100
|
|-heal|p2a: Clefable|71/100|[from] item: Leftovers
|-damage|p1a: Garchomp|32/100 brn|[from] brn
|upkeep
|turn|26
|j| clicko
|
|t:|1660350636
|move|p1a: Garchomp|Swords Dance|p1a: Garchomp
|-boost|p1a: Garchomp|atk|2
|move|p2a: Clefable|Soft-Boiled|p2a: Clefable
|-heal|p2a: Clefable|100/100
|
|-damage|p1a: Garchomp|26/100 brn|[from] brn
|upkeep
|turn|27
|
|t:|1660350639
|move|p1a: Garchomp|Earthquake|p2a: Clefable
|-damage|p2a: Clefable|53/100
|move|p2a: Clefable|Calm Mind|p2a: Clefable
|-boost|p2a: Clefable|spa|1
|-boost|p2a: Clefable|spd|1
|
|-heal|p2a: Clefable|59/100|[from] item: Leftovers
|-damage|p1a: Garchomp|20/100 brn|[from] brn
|upkeep
|turn|28
|
|t:|1660350642
|move|p1a: Garchomp|Swords Dance|p1a: Garchomp
|-boost|p1a: Garchomp|atk|2
|move|p2a: Clefable|Soft-Boiled|p2a: Clefable
|-heal|p2a: Clefable|100/100
|
|-damage|p1a: Garchomp|13/100 brn|[from] brn
|upkeep
|turn|29
|
|t:|1660350644
|move|p1a: Garchomp|Earthquake|p2a: Clefable
|-damage|p2a: Clefable|34/100
|move|p2a: Clefable|Soft-Boiled|p2a: Clefable
|-heal|p2a: Clefable|84/100
|
|-heal|p2a: Clefable|90/100|[from] item: Leftovers
|-damage|p1a: Garchomp|7/100 brn|[from] brn
|upkeep
|turn|30
|
|t:|1660350648
|move|p1a: Garchomp|Earthquake|p2a: Clefable
|-damage|p2a: Clefable|19/100
|move|p2a: Clefable|Soft-Boiled|p2a: Clefable
|-heal|p2a: Clefable|69/100
|
|-heal|p2a: Clefable|75/100|[from] item: Leftovers
|-damage|p1a: Garchomp|1/100 brn|[from] brn
|upkeep
|turn|31
|
|t:|1660350651
|move|p1a: Garchomp|Earthquake|p2a: Clefable
|-damage|p2a: Clefable|2/100
|move|p2a: Clefable|Soft-Boiled|p2a: Clefable
|-heal|p2a: Clefable|52/100
|
|-heal|p2a: Clefable|58/100|[from] item: Leftovers
|-damage|p1a: Garchomp|0 fnt|[from] brn
|faint|p1a: Garchomp
|upkeep
|c|☆Sww-Suwa|man
|
|t:|1660350661
|switch|p1a: Ninetales|Ninetales-Alola, F, shiny|100/100
|-damage|p1a: Ninetales|76/100|[from] Stealth Rock
|-weather|Hail|[from] ability: Snow Warning|[of] p1a: Ninetales
|turn|32
|c|☆lt93oq lily|yea i super robbed this
|c|☆lt93oq lily|sry
|
|t:|1660350666
|move|p1a: Ninetales|Blizzard|p2a: Clefable
|-damage|p2a: Clefable|29/100
|-status|p2a: Clefable|frz
|-curestatus|p2a: Clefable|frz|[msg]
|move|p2a: Clefable|Soft-Boiled|p2a: Clefable
|-heal|p2a: Clefable|79/100
|
|-weather|Hail|[upkeep]
|-heal|p2a: Clefable|86/100|[from] item: Leftovers
|upkeep
|turn|33
|
|t:|1660350669
|move|p1a: Ninetales|Blizzard|p2a: Clefable
|-damage|p2a: Clefable|57/100
|move|p2a: Clefable|Moonblast|p1a: Ninetales
|-damage|p1a: Ninetales|15/100
|
|-weather|Hail|[upkeep]
|-heal|p2a: Clefable|63/100|[from] item: Leftovers
|upkeep
|turn|34
|
|t:|1660350671
|move|p1a: Ninetales|Blizzard|p2a: Clefable
|-damage|p2a: Clefable|34/100
|move|p2a: Clefable|Moonblast|p1a: Ninetales
|-damage|p1a: Ninetales|0 fnt
|faint|p1a: Ninetales
|
|win|lt93oq lily
|raw|Sww-Suwa's rating: 1762 &rarr; <strong>1744</strong><br />(-18 for losing)
|raw|lt93oq lily's rating: 1799 &rarr; <strong>1817</strong><br />(+18 for winning)
|l| clicko
|l|☆Sww-Suwa
|l|☆lt93oq lily
|l| Luka Troncic
||Ladder isn't responding, score probably updated but might not have (Request timeout).
|j| egal★vanc
|l| egal★vanc
|l| OMLC2 Big Bad Mans
|j| egal★vanc
|l| egal★vanc
