|j|☆brettfavreinnocent
|j|☆Tapu Tagovailoa
|t:|1665531847
|gametype|singles
|player|p1|brettfavreinnocent|pokemaniac|1729
|player|p2|Tapu Tagovailoa|harlequin|1755
|teamsize|p1|6
|teamsize|p2|6
|gen|8
|tier|[Gen 8] OU
|rated|
|rule|Sleep Clause Mod: Limit one foe put to sleep
|rule|Species Clause: Limit one of each Pokémon
|rule|OHKO Clause: OHKO moves are banned
|rule|Evasion Items Clause: Evasion items are banned
|rule|Evasion Moves Clause: Evasion moves are banned
|rule|Endless Battle Clause: Forcing endless battles is banned
|rule|HP Percentage Mod: HP is shown in percentages
|rule|Dynamax Clause: You cannot dynamax
|clearpoke
|poke|p1|Zapdos|
|poke|p1|Pelipper, F|
|poke|p1|Ferrothorn, F|
|poke|p1|Barraskewda, F|
|poke|p1|Urshifu-*, F|
|poke|p1|Seismitoad, M|
|poke|p2|Weavile, M|
|poke|p2|Silvally-*|
|poke|p2|Magnezone|
|poke|p2|Rillaboom, M|
|poke|p2|Landorus-Therian, M|
|poke|p2|Swampert, F|
|teampreview
|inactive|Battle timer is ON: inactive players will automatically lose when time's up. (requested by Tapu Tagovailoa)
|c|☆Tapu Tagovailoa|wtf
|c|☆Tapu Tagovailoa|who is this
|j| 10 Million Voices
|inactive|brettfavreinnocent has 120 seconds left.
|inactive|Tapu Tagovailoa has 120 seconds left.
|c|☆Tapu Tagovailoa|G?
|j| user141
|l| 10 Million Voices
|l|☆Tapu Tagovailoa
|inactive|Tapu Tagovailoa disconnected and has a minute to reconnect!
|player|p2|
|inactive|brettfavreinnocent has 90 seconds left.
|j|☆Tapu Tagovailoa
|inactive|Tapu Tagovailoa reconnected.
|player|p2|Tapu Tagovailoa|harlequin
|j| emo705
|c|☆brettfavreinnocent|hi
|c|☆brettfavreinnocent|who dis
|c|☆Tapu Tagovailoa|who’s on this rn
|c|☆Tapu Tagovailoa|hitman
|inactive|brettfavreinnocent has 60 seconds left.
|c|☆brettfavreinnocent|im g
|c|☆brettfavreinnocent|oh
|c|☆brettfavreinnocent|LOL
|c|☆Tapu Tagovailoa|LOL
|c|☆brettfavreinnocent|we are the same
|c|☆Tapu Tagovailoa|let’s brawl
|c|☆brettfavreinnocent|join vc
|inactive|brettfavreinnocent has 30 seconds left.
|c|☆Tapu Tagovailoa|can’t
|c|☆Tapu Tagovailoa|in class lol
|inactive|brettfavreinnocent has 20 seconds left.
|c|☆brettfavreinnocent|oh lol
|inactive|brettfavreinnocent has 15 seconds left.
|
|t:|1665531982
|start
|switch|p1a: Ferrothorn|Ferrothorn, F|100/100
|switch|p2a: Weavile|Weavile, M|100/100
|-ability|p2a: Weavile|Pressure
|turn|1
|
|t:|1665531988
|switch|p2a: Magnezone|Magnezone|100/100
|move|p1a: Ferrothorn|Stealth Rock|p2a: Magnezone
|-sidestart|p2: Tapu Tagovailoa|move: Stealth Rock
|
|upkeep
|turn|2
|inactive|brettfavreinnocent has 90 seconds left.
|c|☆brettfavreinnocent|ive been draped
|
|t:|1665531997
|move|p2a: Magnezone|Iron Defense|p2a: Magnezone
|-boost|p2a: Magnezone|def|2
|move|p1a: Ferrothorn|Leech Seed|p2a: Magnezone
|-start|p2a: Magnezone|move: Leech Seed
|
|-damage|p2a: Magnezone|88/100|[from] Leech Seed|[of] p1a: Ferrothorn
|upkeep
|turn|3
|c|☆Tapu Tagovailoa|the drapist
|
|t:|1665532005
|move|p2a: Magnezone|Iron Defense|p2a: Magnezone
|-boost|p2a: Magnezone|def|2
|move|p1a: Ferrothorn|Knock Off|p2a: Magnezone
|-damage|p2a: Magnezone|83/100
|-damage|p1a: Ferrothorn|84/100|[from] item: Rocky Helmet|[of] p2a: Magnezone
|-enditem|p2a: Magnezone|Rocky Helmet|[from] move: Knock Off|[of] p1a: Ferrothorn
|
|-heal|p1a: Ferrothorn|90/100|[from] item: Leftovers
|-damage|p2a: Magnezone|70/100|[from] Leech Seed|[of] p1a: Ferrothorn
|-heal|p1a: Ferrothorn|100/100|[silent]
|upkeep
|turn|4
|
|t:|1665532011
|move|p2a: Magnezone|Body Press|p1a: Ferrothorn
|-supereffective|p1a: Ferrothorn
|-damage|p1a: Ferrothorn|0 fnt
|-damage|p2a: Magnezone|58/100|[from] ability: Iron Barbs|[of] p1a: Ferrothorn
|faint|p1a: Ferrothorn
|
|upkeep
|
|t:|1665532018
|switch|p1a: Urshifu|Urshifu-Rapid-Strike, F|100/100
|turn|5
|
|t:|1665532026
|move|p1a: Urshifu|Surging Strikes|p2a: Magnezone
|-crit|p2a: Magnezone
|-damage|p2a: Magnezone|32/100
|-crit|p2a: Magnezone
|-damage|p2a: Magnezone|8/100
|-crit|p2a: Magnezone
|-damage|p2a: Magnezone|0 fnt
|faint|p2a: Magnezone
|-hitcount|p2: Magnezone|3
|
|upkeep
|
|t:|1665532030
|switch|p2a: Rillaboom|Rillaboom, M|100/100
|-damage|p2a: Rillaboom|88/100|[from] Stealth Rock
|-fieldstart|move: Grassy Terrain|[from] ability: Grassy Surge|[of] p2a: Rillaboom
|turn|6
|inactive|brettfavreinnocent has 120 seconds left.
|
|t:|1665532036
|switch|p2a: Swampert|Swampert, F|100/100
|-damage|p2a: Swampert|94/100|[from] Stealth Rock
|move|p1a: Urshifu|Surging Strikes|p2a: Swampert
|-crit|p2a: Swampert
|-damage|p2a: Swampert|65/100
|-damage|p1a: Urshifu|84/100|[from] item: Rocky Helmet|[of] p2a: Swampert
|-crit|p2a: Swampert
|-damage|p2a: Swampert|38/100
|-damage|p1a: Urshifu|68/100|[from] item: Rocky Helmet|[of] p2a: Swampert
|-crit|p2a: Swampert
|-damage|p2a: Swampert|11/100
|-damage|p1a: Urshifu|51/100|[from] item: Rocky Helmet|[of] p2a: Swampert
|-hitcount|p2a: Swampert|3
|
|-heal|p1a: Urshifu|57/100|[from] Grassy Terrain
|-heal|p2a: Swampert|17/100|[from] Grassy Terrain
|upkeep
|turn|7
|
|t:|1665532041
|move|p1a: Urshifu|Surging Strikes|p2a: Swampert
|-crit|p2a: Swampert
|-damage|p2a: Swampert|0 fnt
|-damage|p1a: Urshifu|41/100|[from] item: Rocky Helmet|[of] p2a: Swampert
|faint|p2a: Swampert
|-hitcount|p2: Swampert|1
|
|-heal|p1a: Urshifu|47/100|[from] Grassy Terrain
|upkeep
|
|t:|1665532045
|switch|p2a: Weavile|Weavile, M|100/100
|-damage|p2a: Weavile|76/100|[from] Stealth Rock
|-ability|p2a: Weavile|Pressure
|turn|8
|
|t:|1665532054
|switch|p1a: Weatherman|Seismitoad, M, shiny|100/100
|move|p2a: Weavile|Triple Axel|p1a: Weatherman
|-damage|p1a: Weatherman|80/100
|-damage|p1a: Weatherman|38/100
|-damage|p1a: Weatherman|0 fnt
|faint|p1a: Weatherman
|-hitcount|p1: Weatherman|3
|
|-heal|p2a: Weavile|82/100|[from] Grassy Terrain
|upkeep
|
|t:|1665532064
|switch|p1a: Pelipper|Pelipper, F|100/100
|-weather|RainDance|[from] ability: Drizzle|[of] p1a: Pelipper
|turn|9
|c|☆Tapu Tagovailoa|weatherman got POPPED
|
|t:|1665532073
|move|p2a: Weavile|Triple Axel|p1a: Pelipper
|-damage|p1a: Pelipper|87/100
|-damage|p1a: Pelipper|64/100
|-damage|p1a: Pelipper|27/100
|-hitcount|p1a: Pelipper|3
|move|p1a: Pelipper|U-turn|p2a: Weavile
|-supereffective|p2a: Weavile
|-damage|p2a: Weavile|47/100
|
|t:|1665532080
|switch|p1a: Barraskewda|Barraskewda, F|100/100|[from]move: U-turn
|
|-weather|RainDance|[upkeep]
|-heal|p2a: Weavile|53/100|[from] Grassy Terrain
|upkeep
|turn|10
|
|t:|1665532084
|switch|p2a: Landorus|Landorus-Therian, M|100/100
|-damage|p2a: Landorus|88/100|[from] Stealth Rock
|-ability|p2a: Landorus|Intimidate|boost
|-unboost|p1a: Barraskewda|atk|1
|move|p1a: Barraskewda|Flip Turn|p2a: Landorus
|-supereffective|p2a: Landorus
|-damage|p2a: Landorus|0 fnt
|faint|p2a: Landorus
|
|t:|1665532091
|switch|p1a: Zapdos|Zapdos|100/100|[from]move: Flip Turn
|
|-weather|RainDance|[upkeep]
|-fieldend|move: Grassy Terrain
|upkeep
|
|t:|1665532097
|switch|p2a: Weavile|Weavile, M|53/100
|-damage|p2a: Weavile|28/100|[from] Stealth Rock
|-ability|p2a: Weavile|Pressure
|turn|11
|inactive|brettfavreinnocent has 120 seconds left.
|j| jly8
|
|t:|1665532133
|switch|p1a: Pelipper|Pelipper, F|27/100
|move|p2a: Weavile|Triple Axel|p1a: Pelipper
|-damage|p1a: Pelipper|14/100
|-damage|p1a: Pelipper|0 fnt
|faint|p1a: Pelipper
|-hitcount|p1: Pelipper|2
|
|-weather|RainDance|[upkeep]
|upkeep
|
|t:|1665532136
|switch|p1a: Barraskewda|Barraskewda, F|100/100
|turn|12
|
|t:|1665532140
|switch|p2a: Rillaboom|Rillaboom, M|88/100
|-damage|p2a: Rillaboom|76/100|[from] Stealth Rock
|-fieldstart|move: Grassy Terrain|[from] ability: Grassy Surge|[of] p2a: Rillaboom
|move|p1a: Barraskewda|Flip Turn|p2a: Rillaboom
|-resisted|p2a: Rillaboom
|-damage|p2a: Rillaboom|37/100
|
|t:|1665532142
|switch|p1a: Zapdos|Zapdos|100/100|[from]move: Flip Turn
|
|-weather|RainDance|[upkeep]
|-heal|p2a: Rillaboom|43/100|[from] Grassy Terrain
|upkeep
|turn|13
|inactive|Tapu Tagovailoa has 120 seconds left.
|
|t:|1665532181
|switch|p2a: Weavile|Weavile, M|28/100
|-damage|p2a: Weavile|3/100|[from] Stealth Rock
|-ability|p2a: Weavile|Pressure
|move|p1a: Zapdos|Hurricane|p2a: Weavile
|-damage|p2a: Weavile|0 fnt
|faint|p2a: Weavile
|
|-weather|RainDance|[upkeep]
|upkeep
|
|t:|1665532183
|switch|p2a: Silvally|Silvally-Fairy|100/100
|-damage|p2a: Silvally|88/100|[from] Stealth Rock
|turn|14
|inactive|Tapu Tagovailoa has 120 seconds left.
|
|t:|1665532196
|switch|p1a: Urshifu|Urshifu-Rapid-Strike, F|47/100
|move|p2a: Silvally|Multi-Attack|p1a: Urshifu
|-supereffective|p1a: Urshifu
|-damage|p1a: Urshifu|0 fnt
|faint|p1a: Urshifu
|
|-weather|RainDance|[upkeep]
|-heal|p2a: Silvally|94/100|[from] Grassy Terrain
|upkeep
|
|t:|1665532200
|switch|p1a: Barraskewda|Barraskewda, F|100/100
|turn|15
|
|t:|1665532204
|move|p1a: Barraskewda|Liquidation|p2a: Silvally
|-damage|p2a: Silvally|0 fnt
|faint|p2a: Silvally
|
|-weather|RainDance|[upkeep]
|upkeep
|
|t:|1665532207
|switch|p2a: Rillaboom|Rillaboom, M|43/100
|-damage|p2a: Rillaboom|31/100|[from] Stealth Rock
|turn|16
|
|t:|1665532209
|move|p2a: Rillaboom|Grassy Glide|p1a: Barraskewda
|-supereffective|p1a: Barraskewda
|-crit|p1a: Barraskewda
|-damage|p1a: Barraskewda|0 fnt
|faint|p1a: Barraskewda
|-damage|p2a: Rillaboom|21/100|[from] item: Life Orb
|
|-weather|none
|-heal|p2a: Rillaboom|27/100|[from] Grassy Terrain
|-fieldend|move: Grassy Terrain
|upkeep
|
|t:|1665532211
|switch|p1a: Zapdos|Zapdos|100/100
|turn|17
|
|t:|1665532222
|move|p1a: Zapdos|Weather Ball|p2a: Rillaboom
|-damage|p2a: Rillaboom|5/100
|move|p2a: Rillaboom|Swords Dance|p2a: Rillaboom
|-boost|p2a: Rillaboom|atk|2
|
|upkeep
|turn|18
|c| user141|no way
|c|☆brettfavreinnocent|DRAPED
|j| garbagetrashplayer
|c|☆brettfavreinnocent|WEATHA BALLED
|
|t:|1665532240
|move|p1a: Zapdos|Weather Ball|p2a: Rillaboom
|-damage|p2a: Rillaboom|0 fnt
|faint|p2a: Rillaboom
|
|win|brettfavreinnocent
|raw|brettfavreinnocent's rating: 1729 &rarr; <strong>1750</strong><br />(+21 for winning)
|raw|Tapu Tagovailoa's rating: 1755 &rarr; <strong>1734</strong><br />(-21 for losing)
|c|☆Tapu Tagovailoa|lucky n bad
|l| user141
|l| garbagetrashplayer
|c|☆brettfavreinnocent|how
|c|☆brettfavreinnocent|clapped
|c|☆brettfavreinnocent|draped
|l| jly8
|l|☆Tapu Tagovailoa
||Ladder isn't responding, score probably updated but might not have (Request timeout).
