|j|☆Unviabriel
|j|☆Staticz the Spewpa
|t:|1667492746
|gametype|singles
|player|p1|Unviabriel|shauntal|1585
|player|p2|Staticz the Spewpa|iris|1543
|teamsize|p1|6
|teamsize|p2|6
|gen|8
|tier|[Gen 8] OU
|rated|
|rule|Sleep Clause Mod: Limit one foe put to sleep
|rule|Species Clause: Limit one of each Pokémon
|rule|OHKO Clause: OHKO moves are banned
|rule|Evasion Items Clause: Evasion items are banned
|rule|Evasion Moves Clause: Evasion moves are banned
|rule|Endless Battle Clause: Forcing endless battles is banned
|rule|HP Percentage Mod: HP is shown in percentages
|rule|Dynamax Clause: You cannot dynamax
|clearpoke
|poke|p1|Rillaboom, F|
|poke|p1|Suicune|
|poke|p1|Clefable, F|
|poke|p1|Garchomp, F|
|poke|p1|Tornadus-Therian, M|
|poke|p1|Melmetal|
|poke|p2|Golurk|
|poke|p2|Thundurus-Therian, M|
|poke|p2|Corviknight, M|
|poke|p2|Tapu Fini|
|poke|p2|Obstagoon, M|
|poke|p2|Garchomp, M|
|teampreview
|inactive|Battle timer is ON: inactive players will automatically lose when time's up. (requested by Staticz the Spewpa)
|inactive|Unviabriel has 120 seconds left.
|
|t:|1667492779
|start
|switch|p1a: Rillaboom|Rillaboom, F|100/100
|switch|p2a: Tapu Fini|Tapu Fini|100/100
|-fieldstart|move: Grassy Terrain|[from] ability: Grassy Surge|[of] p1a: Rillaboom
|-fieldstart|move: Misty Terrain|[from] ability: Misty Surge|[of] p2a: Tapu Fini
|turn|1
|
|t:|1667492805
|switch|p2a: Corviknight|Corviknight, M|100/100
|-ability|p2a: Corviknight|Pressure
|move|p1a: Rillaboom|Knock Off|p2a: Corviknight
|-damage|p2a: Corviknight|77/100
|-damage|p1a: Rillaboom|84/100|[from] item: Rocky Helmet|[of] p2a: Corviknight
|-enditem|p2a: Corviknight|Rocky Helmet|[from] move: Knock Off|[of] p1a: Rillaboom
|
|-heal|p1a: Rillaboom|90/100|[from] item: Leftovers
|upkeep
|turn|2
|inactive|Unviabriel has 120 seconds left.
|
|t:|1667492824
|switch|p1a: Garchomp|Garchomp, F|100/100
|move|p2a: Corviknight|U-turn|p1a: Garchomp
|-damage|p1a: Garchomp|89/100
|-damage|p2a: Corviknight|65/100|[from] ability: Rough Skin|[of] p1a: Garchomp
|
|t:|1667492829
|switch|p2a: Tapu Fini|Tapu Fini|100/100|[from]move: U-turn
|
|-heal|p1a: Garchomp|95/100|[from] item: Leftovers
|upkeep
|turn|3
|
|t:|1667492841
|switch|p1a: Melmetal|Melmetal|100/100
|move|p2a: Tapu Fini|Moonblast|p1a: Melmetal
|-resisted|p1a: Melmetal
|-damage|p1a: Melmetal|88/100
|
|-heal|p1a: Melmetal|94/100|[from] item: Leftovers
|upkeep
|turn|4
|
|t:|1667492849
|switch|p2a: Corviknight|Corviknight, M|65/100
|-ability|p2a: Corviknight|Pressure
|move|p1a: Melmetal|Double Iron Bash|p2a: Corviknight
|-resisted|p2a: Corviknight
|-damage|p2a: Corviknight|53/100
|-resisted|p2a: Corviknight
|-damage|p2a: Corviknight|40/100
|-hitcount|p2a: Corviknight|2
|
|-heal|p1a: Melmetal|99/100|[from] item: Leftovers
|upkeep
|turn|5
|
|t:|1667492863
|move|p2a: Corviknight|Roost|p2a: Corviknight
|-heal|p2a: Corviknight|90/100
|-singleturn|p2a: Corviknight|move: Roost
|move|p1a: Melmetal|Superpower|p2a: Corviknight
|-supereffective|p2a: Corviknight
|-damage|p2a: Corviknight|30/100
|-unboost|p1a: Melmetal|atk|1
|-unboost|p1a: Melmetal|def|1
|
|-heal|p1a: Melmetal|100/100|[from] item: Leftovers
|-fieldend|Misty Terrain
|upkeep
|turn|6
|
|t:|1667492881
|switch|p1a: Suicune|Suicune|100/100
|-ability|p1a: Suicune|Pressure
|move|p2a: Corviknight|Roost|p2a: Corviknight
|-heal|p2a: Corviknight|80/100
|-singleturn|p2a: Corviknight|move: Roost
|
|upkeep
|turn|7
|
|t:|1667492885
|move|p1a: Suicune|Scald|p2a: Corviknight
|-damage|p2a: Corviknight|55/100
|move|p2a: Corviknight|U-turn|p1a: Suicune
|-damage|p1a: Suicune|89/100
|
|t:|1667492886
|switch|p2a: Thundurus|Thundurus-Therian, M|100/100|[from]move: U-turn
|
|-heal|p1a: Suicune|95/100|[from] item: Leftovers
|upkeep
|turn|8
|
|t:|1667492894
|switch|p1a: Garchomp|Garchomp, F|95/100
|move|p2a: Thundurus|Sludge Bomb|p1a: Garchomp
|-resisted|p1a: Garchomp
|-damage|p1a: Garchomp|78/100
|
|-heal|p1a: Garchomp|84/100|[from] item: Leftovers
|upkeep
|turn|9
|
|t:|1667492899
|switch|p2a: Tapu Fini|Tapu Fini|100/100
|-fieldstart|move: Misty Terrain|[from] ability: Misty Surge|[of] p2a: Tapu Fini
|move|p1a: Garchomp|Toxic|p2a: Tapu Fini
|-activate|p2a: Tapu Fini|move: Misty Terrain
|
|-heal|p1a: Garchomp|90/100|[from] item: Leftovers
|upkeep
|turn|10
|
|t:|1667492908
|move|p1a: Garchomp|Protect|p1a: Garchomp
|-singleturn|p1a: Garchomp|Protect
|move|p2a: Tapu Fini|Knock Off|p1a: Garchomp
|-activate|p1a: Garchomp|move: Protect
|
|-heal|p1a: Garchomp|97/100|[from] item: Leftovers
|upkeep
|turn|11
|
|t:|1667492918
|switch|p1a: Clefable|Clefable, F|100/100
|move|p2a: Tapu Fini|Moonblast|p1a: Clefable
|-damage|p1a: Clefable|77/100
|
|upkeep
|turn|12
|
|t:|1667492923
|move|p2a: Tapu Fini|Knock Off|p1a: Clefable
|-resisted|p1a: Clefable
|-damage|p1a: Clefable|70/100
|-damage|p2a: Tapu Fini|84/100|[from] item: Rocky Helmet|[of] p1a: Clefable
|-enditem|p1a: Clefable|Rocky Helmet|[from] move: Knock Off|[of] p2a: Tapu Fini
|move|p1a: Clefable|Knock Off|p2a: Tapu Fini
|-resisted|p2a: Tapu Fini
|-damage|p2a: Tapu Fini|78/100
|-enditem|p2a: Tapu Fini|Leftovers|[from] move: Knock Off|[of] p1a: Clefable
|
|upkeep
|turn|13
|
|t:|1667492937
|switch|p2a: Golurk|Golurk, shiny|100/100
|move|p1a: Clefable|Soft-Boiled|p1a: Clefable
|-heal|p1a: Clefable|100/100
|
|-fieldend|Misty Terrain
|upkeep
|turn|14
|
|t:|1667492956
|switch|p1a: Tornadus|Tornadus-Therian, M|100/100
|move|p2a: Golurk|Earthquake|p1a: Tornadus
|-immune|p1a: Tornadus
|
|upkeep
|turn|15
|
|t:|1667492968
|switch|p2a: Garchomp|Garchomp, M|100/100
|move|p1a: Tornadus|U-turn|p2a: Garchomp
|-damage|p2a: Garchomp|87/100
|-damage|p1a: Tornadus|88/100|[from] ability: Rough Skin|[of] p2a: Garchomp
|inactive|Unviabriel has 120 seconds left.
|
|t:|1667492994
|switch|p1a: Rillaboom|Rillaboom, F|90/100|[from]move: U-turn
|-fieldstart|move: Grassy Terrain|[from] ability: Grassy Surge|[of] p1a: Rillaboom
|
|-heal|p2a: Garchomp|94/100|[from] Grassy Terrain
|-heal|p2a: Garchomp|99/100|[from] item: Leftovers
|-heal|p1a: Rillaboom|96/100|[from] Grassy Terrain
|-heal|p1a: Rillaboom|100/100|[from] item: Leftovers
|upkeep
|turn|16
|
|t:|1667493004
|move|p2a: Garchomp|Stealth Rock|p1a: Rillaboom
|-sidestart|p1: Unviabriel|move: Stealth Rock
|move|p1a: Rillaboom|Swords Dance|p1a: Rillaboom
|-boost|p1a: Rillaboom|atk|2
|
|-heal|p2a: Garchomp|100/100|[from] Grassy Terrain
|upkeep
|turn|17
|
|t:|1667493018
|move|p1a: Rillaboom|Grassy Glide|p2a: Garchomp
|-damage|p2a: Garchomp|18/100
|-damage|p1a: Rillaboom|88/100|[from] ability: Rough Skin|[of] p2a: Garchomp
|move|p2a: Garchomp|Toxic|p1a: Rillaboom
|-status|p1a: Rillaboom|tox
|
|-heal|p2a: Garchomp|24/100|[from] Grassy Terrain
|-heal|p2a: Garchomp|30/100|[from] item: Leftovers
|-heal|p1a: Rillaboom|94/100 tox|[from] Grassy Terrain
|-heal|p1a: Rillaboom|100/100 tox|[from] item: Leftovers
|-damage|p1a: Rillaboom|94/100 tox|[from] psn
|upkeep
|turn|18
|inactive|Unviabriel has 120 seconds left.
|
|t:|1667493033
|move|p2a: Garchomp|Rock Tomb|p1a: Rillaboom
|-damage|p1a: Rillaboom|79/100 tox
|-unboost|p1a: Rillaboom|spe|1
|move|p1a: Rillaboom|Knock Off|p2a: Garchomp
|-damage|p2a: Garchomp|0 fnt
|-damage|p1a: Rillaboom|66/100 tox|[from] ability: Rough Skin|[of] p2a: Garchomp
|-enditem|p2a: Garchomp|Leftovers|[from] move: Knock Off|[of] p1a: Rillaboom
|faint|p2a: Garchomp
|
|-heal|p1a: Rillaboom|73/100 tox|[from] Grassy Terrain
|-heal|p1a: Rillaboom|79/100 tox|[from] item: Leftovers
|-damage|p1a: Rillaboom|66/100 tox|[from] psn
|upkeep
|
|t:|1667493050
|switch|p2a: Corviknight|Corviknight, M|55/100
|-ability|p2a: Corviknight|Pressure
|turn|19
|
|t:|1667493058
|move|p2a: Corviknight|Brave Bird|p1a: Rillaboom
|-supereffective|p1a: Rillaboom
|-damage|p1a: Rillaboom|0 fnt
|faint|p1a: Rillaboom
|-damage|p2a: Corviknight|33/100|[from] Recoil
|
|-fieldend|move: Grassy Terrain
|upkeep
|
|t:|1667493067
|switch|p1a: Tornadus|Tornadus-Therian, M|100/100
|turn|20
|inactive|Staticz the Spewpa has 120 seconds left.
|
|t:|1667493103
|switch|p2a: Thundurus|Thundurus-Therian, M|100/100
|move|p1a: Tornadus|Heat Wave|p2a: Thundurus
|-damage|p2a: Thundurus|69/100
|
|upkeep
|turn|21
|inactive|Staticz the Spewpa has 120 seconds left.
|
|t:|1667493115
|move|p1a: Tornadus|U-turn|p2a: Thundurus
|-resisted|p2a: Thundurus
|-damage|p2a: Thundurus|57/100
|
|t:|1667493121
|switch|p1a: Garchomp|Garchomp, F|97/100|[from]move: U-turn
|-damage|p1a: Garchomp|90/100|[from] Stealth Rock
|move|p2a: Thundurus|Focus Blast|p1a: Garchomp
|-crit|p1a: Garchomp
|-damage|p1a: Garchomp|19/100
|
|-heal|p1a: Garchomp|25/100|[from] item: Leftovers
|upkeep
|turn|22
|
|t:|1667493129
|switch|p2a: Corviknight|Corviknight, M|33/100
|-ability|p2a: Corviknight|Pressure
|move|p1a: Garchomp|Protect||[still]
|-fail|p1a: Garchomp
|
|-heal|p1a: Garchomp|32/100|[from] item: Leftovers
|upkeep
|turn|23
|
|t:|1667493135
|move|p1a: Garchomp|Stealth Rock|p2a: Corviknight
|-sidestart|p2: Staticz the Spewpa|move: Stealth Rock
|move|p2a: Corviknight|Roost|p2a: Corviknight
|-heal|p2a: Corviknight|83/100
|-singleturn|p2a: Corviknight|move: Roost
|
|-heal|p1a: Garchomp|38/100|[from] item: Leftovers
|upkeep
|turn|24
|
|t:|1667493142
|move|p1a: Garchomp|Protect|p1a: Garchomp
|-singleturn|p1a: Garchomp|Protect
|move|p2a: Corviknight|Defog|p1a: Garchomp
|-activate|p1a: Garchomp|move: Protect
|
|-heal|p1a: Garchomp|44/100|[from] item: Leftovers
|upkeep
|turn|25
|
|t:|1667493152
|switch|p1a: Suicune|Suicune|95/100
|-damage|p1a: Suicune|83/100|[from] Stealth Rock
|-ability|p1a: Suicune|Pressure
|move|p2a: Corviknight|Defog|p1a: Suicune
|-unboost|p1a: Suicune|evasion|1
|-sideend|p1: Unviabriel|Stealth Rock|[from] move: Defog|[of] p2a: Corviknight
|-sideend|p2: Staticz the Spewpa|Stealth Rock|[from] move: Defog|[of] p2a: Corviknight
|
|-heal|p1a: Suicune|89/100|[from] item: Leftovers
|upkeep
|turn|26
|
|t:|1667493163
|switch|p2a: Obstagoon|Obstagoon, M|100/100
|move|p1a: Suicune|Scald|p2a: Obstagoon
|-damage|p2a: Obstagoon|69/100
|
|-heal|p1a: Suicune|95/100|[from] item: Leftovers
|upkeep
|turn|27
|
|t:|1667493172
|move|p1a: Suicune|Protect|p1a: Suicune
|-singleturn|p1a: Suicune|Protect
|move|p2a: Obstagoon|Switcheroo|p1a: Suicune
|-activate|p1a: Suicune|move: Protect
|
|-heal|p1a: Suicune|100/100|[from] item: Leftovers
|upkeep
|turn|28
|
|t:|1667493197
|switch|p1a: Tornadus|Tornadus-Therian, M|100/100
|move|p2a: Obstagoon|Switcheroo|p1a: Tornadus
|-activate|p2a: Obstagoon|move: Trick|[of] p1a: Tornadus
|-item|p1a: Tornadus|Choice Scarf|[from] move: Switcheroo
|-item|p2a: Obstagoon|Heavy-Duty Boots|[from] move: Switcheroo
|
|upkeep
|turn|29
|
|t:|1667493205
|move|p1a: Tornadus|U-turn|p2a: Obstagoon
|-supereffective|p2a: Obstagoon
|-crit|p2a: Obstagoon
|-damage|p2a: Obstagoon|26/100
|
|t:|1667493214
|switch|p1a: Clefable|Clefable, F|100/100|[from]move: U-turn
|move|p2a: Obstagoon|Body Slam|p1a: Clefable
|-damage|p1a: Clefable|68/100
|
|upkeep
|turn|30
|
|t:|1667493225
|move|p2a: Obstagoon|Body Slam|p1a: Clefable
|-damage|p1a: Clefable|35/100
|move|p1a: Clefable|Moonblast|p2a: Obstagoon
|-supereffective|p2a: Obstagoon
|-damage|p2a: Obstagoon|0 fnt
|faint|p2a: Obstagoon
|
|upkeep
|
|t:|1667493233
|switch|p2a: Thundurus|Thundurus-Therian, M|57/100
|turn|31
|j| flying poly
|l| flying poly
|
|t:|1667493260
|move|p2a: Thundurus|Sludge Bomb|p1a: Clefable
|-supereffective|p1a: Clefable
|-damage|p1a: Clefable|0 fnt
|faint|p1a: Clefable
|
|upkeep
|inactive|Unviabriel has 120 seconds left.
|
|t:|1667493280
|switch|p1a: Melmetal|Melmetal|100/100
|turn|32
|
|t:|1667493283
|switch|p2a: Corviknight|Corviknight, M|83/100
|-ability|p2a: Corviknight|Pressure
|move|p1a: Melmetal|Double Iron Bash|p2a: Corviknight
|-resisted|p2a: Corviknight
|-damage|p2a: Corviknight|70/100
|-resisted|p2a: Corviknight
|-damage|p2a: Corviknight|57/100
|-hitcount|p2a: Corviknight|2
|
|upkeep
|turn|33
|
|t:|1667493286
|move|p2a: Corviknight|Roost|p2a: Corviknight
|-heal|p2a: Corviknight|100/100
|-singleturn|p2a: Corviknight|move: Roost
|move|p1a: Melmetal|Thunder Punch|p2a: Corviknight
|-damage|p2a: Corviknight|77/100
|
|upkeep
|turn|34
|
|t:|1667493299
|move|p2a: Corviknight|U-turn|p1a: Melmetal
|-resisted|p1a: Melmetal
|-damage|p1a: Melmetal|96/100
|
|t:|1667493301
|switch|p2a: Thundurus|Thundurus-Therian, M|57/100|[from]move: U-turn
|move|p1a: Melmetal|Thunder Punch|p2a: Thundurus
|-heal|p2a: Thundurus|82/100|[from] ability: Volt Absorb|[of] p1a: Melmetal
|
|-heal|p1a: Melmetal|100/100|[from] item: Leftovers
|upkeep
|turn|35
|
|t:|1667493305
|move|p1a: Melmetal|Protect|p1a: Melmetal
|-singleturn|p1a: Melmetal|Protect
|move|p2a: Thundurus|Focus Blast|p1a: Melmetal
|-activate|p1a: Melmetal|move: Protect
|
|upkeep
|turn|36
|
|t:|1667493321
|switch|p1a: Tornadus|Tornadus-Therian, M|100/100
|move|p2a: Thundurus|Focus Blast|p1a: Tornadus|[miss]
|-miss|p2a: Thundurus|p1a: Tornadus
|
|upkeep
|turn|37
|
|t:|1667493336
|switch|p2a: Corviknight|Corviknight, M|77/100
|-ability|p2a: Corviknight|Pressure
|move|p1a: Tornadus|U-turn|p2a: Corviknight
|-resisted|p2a: Corviknight
|-damage|p2a: Corviknight|74/100
|
|t:|1667493341
|switch|p1a: Suicune|Suicune|100/100|[from]move: U-turn
|-ability|p1a: Suicune|Pressure
|
|upkeep
|turn|38
|
|t:|1667493349
|move|p1a: Suicune|Scald|p2a: Corviknight
|-damage|p2a: Corviknight|49/100
|move|p2a: Corviknight|U-turn|p1a: Suicune
|-damage|p1a: Suicune|89/100
|
|t:|1667493353
|switch|p2a: Thundurus|Thundurus-Therian, M|82/100|[from]move: U-turn
|
|-heal|p1a: Suicune|95/100|[from] item: Leftovers
|upkeep
|turn|39
|
|t:|1667493376
|move|p1a: Suicune|Protect|p1a: Suicune
|-singleturn|p1a: Suicune|Protect
|move|p2a: Thundurus|Volt Switch|p1a: Suicune
|-activate|p1a: Suicune|move: Protect
|
|-heal|p1a: Suicune|100/100|[from] item: Leftovers
|upkeep
|turn|40
|
|t:|1667493384
|switch|p2a: Corviknight|Corviknight, M|49/100
|-ability|p2a: Corviknight|Pressure
|switch|p1a: Garchomp|Garchomp, F|44/100
|
|-heal|p1a: Garchomp|50/100|[from] item: Leftovers
|upkeep
|turn|41
|
|t:|1667493391
|move|p1a: Garchomp|Stealth Rock|p2a: Corviknight
|-sidestart|p2: Staticz the Spewpa|move: Stealth Rock
|move|p2a: Corviknight|Roost|p2a: Corviknight
|-heal|p2a: Corviknight|99/100
|-singleturn|p2a: Corviknight|move: Roost
|
|-heal|p1a: Garchomp|57/100|[from] item: Leftovers
|upkeep
|turn|42
|
|t:|1667493396
|move|p1a: Garchomp|Protect|p1a: Garchomp
|-singleturn|p1a: Garchomp|Protect
|move|p2a: Corviknight|Defog|p1a: Garchomp
|-activate|p1a: Garchomp|move: Protect
|
|-heal|p1a: Garchomp|63/100|[from] item: Leftovers
|upkeep
|turn|43
|
|t:|1667493400
|switch|p1a: Suicune|Suicune|100/100
|-ability|p1a: Suicune|Pressure
|move|p2a: Corviknight|Defog|p1a: Suicune
|-unboost|p1a: Suicune|evasion|1
|-sideend|p2: Staticz the Spewpa|Stealth Rock|[from] move: Defog|[of] p2a: Corviknight
|
|upkeep
|turn|44
|
|t:|1667493407
|switch|p2a: Tapu Fini|Tapu Fini|78/100
|-fieldstart|move: Misty Terrain|[from] ability: Misty Surge|[of] p2a: Tapu Fini
|move|p1a: Suicune|Calm Mind|p1a: Suicune
|-boost|p1a: Suicune|spa|1
|-boost|p1a: Suicune|spd|1
|
|upkeep
|turn|45
|
|t:|1667493409
|move|p1a: Suicune|Substitute|p1a: Suicune
|-start|p1a: Suicune|Substitute
|-damage|p1a: Suicune|75/100
|move|p2a: Tapu Fini|Haze|p2a: Tapu Fini
|-clearallboost
|
|-heal|p1a: Suicune|82/100|[from] item: Leftovers
|upkeep
|turn|46
|
|t:|1667493415
|move|p1a: Suicune|Calm Mind|p1a: Suicune
|-boost|p1a: Suicune|spa|1
|-boost|p1a: Suicune|spd|1
|move|p2a: Tapu Fini|Moonblast|p1a: Suicune
|-activate|p1a: Suicune|move: Substitute|[damage]
|
|-heal|p1a: Suicune|88/100|[from] item: Leftovers
|upkeep
|turn|47
|
|t:|1667493424
|move|p1a: Suicune|Protect|p1a: Suicune
|-singleturn|p1a: Suicune|Protect
|move|p2a: Tapu Fini|Moonblast|p1a: Suicune
|-activate|p1a: Suicune|move: Protect
|
|-heal|p1a: Suicune|94/100|[from] item: Leftovers
|upkeep
|turn|48
|
|t:|1667493432
|move|p1a: Suicune|Scald|p2a: Tapu Fini
|-resisted|p2a: Tapu Fini
|-damage|p2a: Tapu Fini|64/100
|move|p2a: Tapu Fini|Haze|p2a: Tapu Fini
|-clearallboost
|
|-heal|p1a: Suicune|99/100|[from] item: Leftovers
|-fieldend|Misty Terrain
|upkeep
|turn|49
|
|t:|1667493441
|switch|p2a: Thundurus|Thundurus-Therian, M|82/100
|move|p1a: Suicune|Calm Mind|p1a: Suicune
|-boost|p1a: Suicune|spa|1
|-boost|p1a: Suicune|spd|1
|
|-heal|p1a: Suicune|100/100|[from] item: Leftovers
|upkeep
|turn|50
|
|t:|1667493454
|move|p2a: Thundurus|Discharge|p1a: Suicune
|-supereffective|p1a: Suicune
|-end|p1a: Suicune|Substitute
|move|p1a: Suicune|Calm Mind|p1a: Suicune
|-boost|p1a: Suicune|spa|1
|-boost|p1a: Suicune|spd|1
|
|upkeep
|turn|51
|
|t:|1667493462
|switch|p1a: Garchomp|Garchomp, F|63/100
|move|p2a: Thundurus|Discharge|p1a: Garchomp
|-immune|p1a: Garchomp
|
|-heal|p1a: Garchomp|69/100|[from] item: Leftovers
|upkeep
|turn|52
|
|t:|1667493469
|switch|p2a: Golurk|Golurk, shiny|100/100
|move|p1a: Garchomp|Stealth Rock|p2a: Golurk
|-sidestart|p2: Staticz the Spewpa|move: Stealth Rock
|
|-heal|p1a: Garchomp|75/100|[from] item: Leftovers
|upkeep
|turn|53
|
|t:|1667493473
|move|p1a: Garchomp|Protect|p1a: Garchomp
|-singleturn|p1a: Garchomp|Protect
|move|p2a: Golurk|Poltergeist|p1a: Garchomp
|-activate|p1a: Garchomp|move: Protect
|
|-heal|p1a: Garchomp|82/100|[from] item: Leftovers
|upkeep
|turn|54
|
|t:|1667493484
|move|p1a: Garchomp|Toxic|p2a: Golurk
|-status|p2a: Golurk|tox
|move|p2a: Golurk|Poltergeist|p1a: Garchomp
|-activate|p1a: Garchomp|move: Poltergeist|Leftovers
|-damage|p1a: Garchomp|0 fnt
|faint|p1a: Garchomp
|
|-damage|p2a: Golurk|94/100 tox|[from] psn
|upkeep
|
|t:|1667493494
|switch|p1a: Suicune|Suicune|100/100
|-ability|p1a: Suicune|Pressure
|turn|55
|
|t:|1667493498
|move|p1a: Suicune|Substitute|p1a: Suicune
|-start|p1a: Suicune|Substitute
|-damage|p1a: Suicune|75/100
|move|p2a: Golurk|Poltergeist|p1a: Suicune
|-activate|p1a: Suicune|move: Poltergeist|Leftovers
|-end|p1a: Suicune|Substitute
|
|-heal|p1a: Suicune|82/100|[from] item: Leftovers
|-damage|p2a: Golurk|82/100 tox|[from] psn
|upkeep
|turn|56
|
|t:|1667493503
|switch|p2a: Thundurus|Thundurus-Therian, M|82/100
|-damage|p2a: Thundurus|57/100|[from] Stealth Rock
|move|p1a: Suicune|Protect||[still]
|-fail|p1a: Suicune
|
|-heal|p1a: Suicune|88/100|[from] item: Leftovers
|upkeep
|turn|57
|
|t:|1667493509
|move|p1a: Suicune|Protect|p1a: Suicune
|-singleturn|p1a: Suicune|Protect
|move|p2a: Thundurus|Discharge|p1a: Suicune
|-activate|p1a: Suicune|move: Protect
|
|-heal|p1a: Suicune|94/100|[from] item: Leftovers
|upkeep
|turn|58
|
|t:|1667493515
|switch|p1a: Melmetal|Melmetal|100/100
|move|p2a: Thundurus|Discharge|p1a: Melmetal
|-damage|p1a: Melmetal|36/100
|
|-heal|p1a: Melmetal|43/100|[from] item: Leftovers
|upkeep
|turn|59
|
|t:|1667493523
|move|p1a: Melmetal|Protect|p1a: Melmetal
|-singleturn|p1a: Melmetal|Protect
|move|p2a: Thundurus|Discharge|p1a: Melmetal
|-activate|p1a: Melmetal|move: Protect
|
|-heal|p1a: Melmetal|49/100|[from] item: Leftovers
|upkeep
|turn|60
|
|t:|1667493549
|switch|p1a: Tornadus|Tornadus-Therian, M|100/100
|move|p2a: Thundurus|Discharge|p1a: Tornadus
|-supereffective|p1a: Tornadus
|-damage|p1a: Tornadus|0 fnt
|faint|p1a: Tornadus
|
|upkeep
|
|t:|1667493558
|switch|p1a: Melmetal|Melmetal|49/100
|turn|61
|
|t:|1667493569
|switch|p2a: Golurk|Golurk, shiny|82/100 tox
|-damage|p2a: Golurk|75/100 tox|[from] Stealth Rock
|move|p1a: Melmetal|Protect||[still]
|-fail|p1a: Melmetal
|
|-heal|p1a: Melmetal|55/100|[from] item: Leftovers
|-damage|p2a: Golurk|69/100 tox|[from] psn
|upkeep
|turn|62
|
|t:|1667493585
|move|p1a: Melmetal|Protect|p1a: Melmetal
|-singleturn|p1a: Melmetal|Protect
|move|p2a: Golurk|Earthquake|p1a: Melmetal
|-activate|p1a: Melmetal|move: Protect
|
|-heal|p1a: Melmetal|61/100|[from] item: Leftovers
|-damage|p2a: Golurk|57/100 tox|[from] psn
|upkeep
|turn|63
|
|t:|1667493604
|move|p2a: Golurk|Earthquake|p1a: Melmetal
|-supereffective|p1a: Melmetal
|-damage|p1a: Melmetal|0 fnt
|faint|p1a: Melmetal
|
|-damage|p2a: Golurk|38/100 tox|[from] psn
|upkeep
|inactive|Unviabriel has 120 seconds left.
|
|t:|1667493616
|switch|p1a: Suicune|Suicune|94/100
|-ability|p1a: Suicune|Pressure
|turn|64
|
|t:|1667493619
|move|p1a: Suicune|Scald|p2a: Golurk
|-supereffective|p2a: Golurk
|-damage|p2a: Golurk|0 fnt
|faint|p2a: Golurk
|
|-heal|p1a: Suicune|99/100|[from] item: Leftovers
|upkeep
|
|t:|1667493621
|switch|p2a: Thundurus|Thundurus-Therian, M|57/100
|-damage|p2a: Thundurus|33/100|[from] Stealth Rock
|turn|65
|
|t:|1667493626
|move|p1a: Suicune|Protect|p1a: Suicune
|-singleturn|p1a: Suicune|Protect
|move|p2a: Thundurus|Discharge|p1a: Suicune
|-activate|p1a: Suicune|move: Protect
|
|-heal|p1a: Suicune|100/100|[from] item: Leftovers
|upkeep
|turn|66
|
|t:|1667493631
|move|p2a: Thundurus|Discharge|p1a: Suicune
|-supereffective|p1a: Suicune
|-damage|p1a: Suicune|6/100
|move|p1a: Suicune|Scald|p2a: Thundurus
|-damage|p2a: Thundurus|0 fnt
|faint|p2a: Thundurus
|
|-heal|p1a: Suicune|13/100|[from] item: Leftovers
|upkeep
|
|t:|1667493637
|switch|p2a: Tapu Fini|Tapu Fini|64/100
|-damage|p2a: Tapu Fini|52/100|[from] Stealth Rock
|-fieldstart|move: Misty Terrain|[from] ability: Misty Surge|[of] p2a: Tapu Fini
|turn|67
|
|t:|1667493640
|move|p1a: Suicune|Protect|p1a: Suicune
|-singleturn|p1a: Suicune|Protect
|move|p2a: Tapu Fini|Moonblast|p1a: Suicune
|-activate|p1a: Suicune|move: Protect
|
|-heal|p1a: Suicune|19/100|[from] item: Leftovers
|upkeep
|turn|68
|
|t:|1667493651
|move|p1a: Suicune|Calm Mind|p1a: Suicune
|-boost|p1a: Suicune|spa|1
|-boost|p1a: Suicune|spd|1
|move|p2a: Tapu Fini|Moonblast|p1a: Suicune
|-damage|p1a: Suicune|4/100
|-unboost|p1a: Suicune|spa|1
|
|-heal|p1a: Suicune|10/100|[from] item: Leftovers
|upkeep
|turn|69
|
|t:|1667493657
|move|p1a: Suicune|Protect|p1a: Suicune
|-singleturn|p1a: Suicune|Protect
|move|p2a: Tapu Fini|Moonblast|p1a: Suicune
|-activate|p1a: Suicune|move: Protect
|
|-heal|p1a: Suicune|16/100|[from] item: Leftovers
|upkeep
|turn|70
|
|t:|1667493671
|move|p1a: Suicune|Calm Mind|p1a: Suicune
|-boost|p1a: Suicune|spa|1
|-boost|p1a: Suicune|spd|1
|move|p2a: Tapu Fini|Moonblast|p1a: Suicune
|-damage|p1a: Suicune|5/100
|
|-heal|p1a: Suicune|11/100|[from] item: Leftovers
|upkeep
|turn|71
|
|t:|1667493677
|move|p1a: Suicune|Protect|p1a: Suicune
|-singleturn|p1a: Suicune|Protect
|move|p2a: Tapu Fini|Haze|p2a: Tapu Fini
|-clearallboost
|
|-heal|p1a: Suicune|17/100|[from] item: Leftovers
|-fieldend|Misty Terrain
|upkeep
|turn|72
|
|t:|1667493688
|move|p1a: Suicune|Calm Mind|p1a: Suicune
|-boost|p1a: Suicune|spa|1
|-boost|p1a: Suicune|spd|1
|move|p2a: Tapu Fini|Knock Off|p1a: Suicune
|-damage|p1a: Suicune|5/100
|-enditem|p1a: Suicune|Leftovers|[from] move: Knock Off|[of] p2a: Tapu Fini
|
|upkeep
|turn|73
|
|t:|1667493694
|move|p1a: Suicune|Protect|p1a: Suicune
|-singleturn|p1a: Suicune|Protect
|move|p2a: Tapu Fini|Moonblast|p1a: Suicune
|-activate|p1a: Suicune|move: Protect
|
|upkeep
|turn|74
|-message|Unviabriel forfeited.
|
|win|Staticz the Spewpa
|raw|Unviabriel's rating: 1585 &rarr; <strong>1563</strong><br />(-22 for losing)
|raw|Staticz the Spewpa's rating: 1543 &rarr; <strong>1565</strong><br />(+22 for winning)
|l|☆Unviabriel
||Ladder isn't responding, score probably updated but might not have (Request timeout).
