|j|☆Ferrothornail草钢甲
|j|☆bramitoboy
|t:|1661083859
|gametype|singles
|player|p1|Ferrothornail草钢甲|grimsley|1641
|player|p2|bramitoboy|1|1928
|teamsize|p1|6
|teamsize|p2|6
|gen|8
|tier|[Gen 8] OU
|rated|
|rule|Sleep Clause Mod: Limit one foe put to sleep
|rule|Species Clause: Limit one of each Pokémon
|rule|OHKO Clause: OHKO moves are banned
|rule|Evasion Items Clause: Evasion items are banned
|rule|Evasion Moves Clause: Evasion moves are banned
|rule|Endless Battle Clause: Forcing endless battles is banned
|rule|HP Percentage Mod: HP is shown in percentages
|rule|Dynamax Clause: You cannot dynamax
|clearpoke
|poke|p1|Hatterene, F|
|poke|p1|Porygon2|
|poke|p1|Cresselia, F|
|poke|p1|Marowak-Alola, M|
|poke|p1|Crawdaunt, F|
|poke|p1|Melmetal|
|poke|p2|Zarude-Dada|
|poke|p2|Keldeo-Resolute|
|poke|p2|Tapu Lele|
|poke|p2|Tapu Koko|
|poke|p2|Heatran, M|
|poke|p2|Landorus-Therian, M|
|teampreview
|j| Idontcomefrommoney
|j| Neverladding
|j| wuminKenken
|j| 0SiegeWarfare
|inactive|Battle timer is ON: inactive players will automatically lose when time's up. (requested by Ferrothornail草钢甲)
|c| 0SiegeWarfare|trick rooms
|
|t:|1661083966
|start
|switch|p1a: Hatterene|Hatterene, F|100/100
|switch|p2a: Heatran|Heatran, M|100/100
|-item|p2a: Heatran|Air Balloon
|turn|1
|inactive|bramitoboy has 120 seconds left.
|
|t:|1661083999
|move|p2a: Heatran|Magma Storm|p1a: Hatterene
|-damage|p1a: Hatterene|42/100
|-activate|p1a: Hatterene|move: Magma Storm|[of] p2a: Heatran
|move|p1a: Hatterene|Trick Room|p1a: Hatterene
|-fieldstart|move: Trick Room|[of] p1a: Hatterene
|
|-damage|p1a: Hatterene|30/100|[from] move: Magma Storm|[partiallytrapped]
|upkeep
|turn|2
|inactive|bramitoboy has 120 seconds left.
|
|t:|1661084012
|move|p1a: Hatterene|Psychic|p2a: Heatran
|-resisted|p2a: Heatran
|-damage|p2a: Heatran|81/100
|-unboost|p2a: Heatran|spd|1
|-enditem|p2a: Heatran|Air Balloon
|move|p2a: Heatran|Earth Power|p1a: Hatterene
|-damage|p1a: Hatterene|0 fnt
|faint|p1a: Hatterene
|
|upkeep
|
|t:|1661084018
|switch|p1a: Crawdaunt|Crawdaunt, F|100/100
|turn|3
|j| yhysyyds
|inactive|bramitoboy has 120 seconds left.
|
|t:|1661084041
|switch|p2a: Zarude|Zarude-Dada|100/100
|move|p1a: Crawdaunt|Swords Dance|p1a: Crawdaunt
|-boost|p1a: Crawdaunt|atk|2
|
|upkeep
|turn|4
|inactive|bramitoboy has 120 seconds left.
|j| Theodort.300
|c| 0SiegeWarfare|what dies
|c|☆bramitoboy|I don't need koko
|
|t:|1661084064
|switch|p2a: Tapu Koko|Tapu Koko|100/100
|-fieldstart|move: Electric Terrain|[from] ability: Electric Surge|[of] p2a: Tapu Koko
|move|p1a: Crawdaunt|Crabhammer|p2a: Tapu Koko
|-damage|p2a: Tapu Koko|0 fnt
|faint|p2a: Tapu Koko
|-damage|p1a: Crawdaunt|90/100|[from] item: Life Orb
|
|upkeep
|
|t:|1661084071
|switch|p2a: Landorus|Landorus-Therian, M|100/100
|-ability|p2a: Landorus|Intimidate|boost
|-unboost|p1a: Crawdaunt|atk|1
|turn|5
|
|t:|1661084076
|switch|p2a: Zarude|Zarude-Dada|100/100
|move|p1a: Crawdaunt|Crabhammer|p2a: Zarude
|-resisted|p2a: Zarude
|-damage|p2a: Zarude|30/100
|-damage|p1a: Crawdaunt|80/100|[from] item: Life Orb
|
|-fieldend|move: Trick Room
|upkeep
|turn|6
|
|t:|1661084088
|switch|p1a: Porygon2|Porygon2|100/100
|-ability|p1a: Porygon2|Download|boost
|-boost|p1a: Porygon2|spa|1
|move|p2a: Zarude|Synthesis|p2a: Zarude
|-heal|p2a: Zarude|80/100
|
|upkeep
|turn|7
|inactive|bramitoboy has 120 seconds left.
|
|t:|1661084093
|switch|p2a: Heatran|Heatran, M|81/100
|move|p1a: Porygon2|Ice Beam|p2a: Heatran
|-resisted|p2a: Heatran
|-damage|p2a: Heatran|73/100
|
|upkeep
|turn|8
|
|t:|1661084099
|move|p2a: Heatran|Taunt|p1a: Porygon2
|-start|p1a: Porygon2|move: Taunt
|move|p1a: Porygon2|Thunderbolt|p2a: Heatran
|-damage|p2a: Heatran|36/100
|
|-fieldend|move: Electric Terrain
|upkeep
|turn|9
|
|t:|1661084111
|move|p2a: Heatran|Stealth Rock|p1a: Porygon2
|-sidestart|p1: Ferrothornail草钢甲|move: Stealth Rock
|move|p1a: Porygon2|Thunderbolt|p2a: Heatran
|-damage|p2a: Heatran|9/100
|
|upkeep
|turn|10
|
|t:|1661084117
|move|p2a: Heatran|Magma Storm|p1a: Porygon2
|-damage|p1a: Porygon2|74/100
|-activate|p1a: Porygon2|move: Magma Storm|[of] p2a: Heatran
|move|p1a: Porygon2|Thunderbolt|p2a: Heatran
|-damage|p2a: Heatran|0 fnt
|faint|p2a: Heatran
|
|-end|p1a: Porygon2|Magma Storm|[partiallytrapped]|[silent]
|-end|p1a: Porygon2|move: Taunt
|upkeep
|
|t:|1661084124
|switch|p2a: Keldeo|Keldeo-Resolute|100/100
|turn|11
|j| 123456789eee
|
|t:|1661084128
|move|p2a: Keldeo|Calm Mind|p2a: Keldeo
|-boost|p2a: Keldeo|spa|1
|-boost|p2a: Keldeo|spd|1
|move|p1a: Porygon2|Trick Room|p1a: Porygon2
|-fieldstart|move: Trick Room|[of] p1a: Porygon2
|
|upkeep
|turn|12
|j| fuyuzu
|
|t:|1661084141
|move|p2a: Keldeo|Secret Sword|p1a: Porygon2
|-supereffective|p1a: Porygon2
|-damage|p1a: Porygon2|0 fnt
|faint|p1a: Porygon2
|
|upkeep
|
|t:|1661084144
|switch|p1a: Marowak|Marowak-Alola, M|100/100
|-damage|p1a: Marowak|76/100|[from] Stealth Rock
|turn|13
|
|t:|1661084149
|switch|p2a: Zarude|Zarude-Dada|80/100
|move|p1a: Marowak|Poltergeist|p2a: Zarude
|-activate|p2a: Zarude|move: Poltergeist|Life Orb
|-resisted|p2a: Zarude
|-damage|p2a: Zarude|39/100
|
|upkeep
|turn|14
|
|t:|1661084158
|switch|p2a: Landorus|Landorus-Therian, M|100/100
|-ability|p2a: Landorus|Intimidate|boost
|-unboost|p1a: Marowak|atk|1
|move|p1a: Marowak|Poltergeist|p2a: Landorus
|-activate|p2a: Landorus|move: Poltergeist|Rocky Helmet
|-damage|p2a: Landorus|56/100
|
|upkeep
|turn|15
|l| 123456789eee
|
|t:|1661084169
|move|p1a: Marowak|Flare Blitz|p2a: Landorus
|-damage|p2a: Landorus|9/100
|-damage|p1a: Marowak|59/100|[from] item: Rocky Helmet|[of] p2a: Landorus
|move|p2a: Landorus|Swords Dance|p2a: Landorus
|-boost|p2a: Landorus|atk|2
|
|-fieldend|move: Trick Room
|upkeep
|turn|16
|
|t:|1661084176
|move|p2a: Landorus|Knock Off|p1a: Marowak
|-supereffective|p1a: Marowak
|-crit|p1a: Marowak
|-damage|p1a: Marowak|0 fnt
|-enditem|p1a: Marowak|Thick Club|[from] move: Knock Off|[of] p2a: Landorus
|faint|p1a: Marowak
|
|upkeep
|
|t:|1661084192
|switch|p1a: Cresselia|Cresselia, F|100/100
|-damage|p1a: Cresselia|88/100|[from] Stealth Rock
|turn|17
|j| lt94je ACII
|
|t:|1661084207
|move|p2a: Landorus|Knock Off|p1a: Cresselia
|-supereffective|p1a: Cresselia
|-damage|p1a: Cresselia|25/100
|-enditem|p1a: Cresselia|Mental Herb|[from] move: Knock Off|[of] p2a: Landorus
|move|p1a: Cresselia|Ice Beam|p2a: Landorus
|-supereffective|p2a: Landorus
|-damage|p2a: Landorus|0 fnt
|faint|p2a: Landorus
|
|upkeep
|
|t:|1661084220
|switch|p2a: Keldeo|Keldeo-Resolute|100/100
|turn|18
|
|t:|1661084222
|move|p2a: Keldeo|Substitute|p2a: Keldeo
|-start|p2a: Keldeo|Substitute
|-damage|p2a: Keldeo|75/100
|move|p1a: Cresselia|Trick Room|p1a: Cresselia
|-fieldstart|move: Trick Room|[of] p1a: Cresselia
|
|-heal|p2a: Keldeo|82/100|[from] item: Leftovers
|upkeep
|turn|19
|
|t:|1661084229
|move|p1a: Cresselia|Lunar Dance|p1a: Cresselia
|faint|p1a: Cresselia
|move|p2a: Keldeo|Calm Mind|p2a: Keldeo
|-boost|p2a: Keldeo|spa|1
|-boost|p2a: Keldeo|spd|1
|
|-heal|p2a: Keldeo|88/100|[from] item: Leftovers
|upkeep
|
|t:|1661084231
|switch|p1a: Melmetal|Melmetal|100/100
|-damage|p1a: Melmetal|94/100|[from] Stealth Rock
|turn|20
|
|t:|1661084238
|move|p1a: Melmetal|Double Iron Bash|p2a: Keldeo
|-resisted|p2a: Keldeo
|-end|p2a: Keldeo|Substitute
|-resisted|p2a: Keldeo
|-damage|p2a: Keldeo|48/100
|-hitcount|p2a: Keldeo|2
|move|p2a: Keldeo|Secret Sword|p1a: Melmetal
|-supereffective|p1a: Melmetal
|-crit|p1a: Melmetal
|-damage|p1a: Melmetal|0 fnt
|faint|p1a: Melmetal
|
|-heal|p2a: Keldeo|55/100|[from] item: Leftovers
|upkeep
|
|t:|1661084246
|switch|p1a: Crawdaunt|Crawdaunt, F|80/100
|-heal|p1a: Crawdaunt|100/100|[from] move: Lunar Dance
|-damage|p1a: Crawdaunt|88/100|[from] Stealth Rock
|turn|21
|c| fuyuzu|gg man
|c|☆bramitoboy|gg
|
|t:|1661084255
|move|p1a: Crawdaunt|Crabhammer|p2a: Keldeo
|-resisted|p2a: Keldeo
|-damage|p2a: Keldeo|0 fnt
|faint|p2a: Keldeo
|-damage|p1a: Crawdaunt|78/100|[from] item: Life Orb
|
|upkeep
|
|t:|1661084259
|switch|p2a: Zarude|Zarude-Dada|39/100
|turn|22
|j| mew2629
|
|t:|1661084262
|move|p1a: Crawdaunt|Crabhammer|p2a: Zarude
|-resisted|p2a: Zarude
|-damage|p2a: Zarude|0 fnt
|faint|p2a: Zarude
|-damage|p1a: Crawdaunt|68/100|[from] item: Life Orb
|
|-fieldend|move: Trick Room
|upkeep
|j| 123456789eee
|
|t:|1661084265
|switch|p2a: Tapu Lele|Tapu Lele|100/100
|-fieldstart|move: Psychic Terrain|[from] ability: Psychic Surge|[of] p2a: Tapu Lele
|turn|23
|
|t:|1661084268
|move|p2a: Tapu Lele|Thunderbolt|p1a: Crawdaunt
|-supereffective|p1a: Crawdaunt
|-damage|p1a: Crawdaunt|0 fnt
|faint|p1a: Crawdaunt
|
|win|bramitoboy
|raw|Ferrothornail草钢甲's rating: 1641 &rarr; <strong>1635</strong><br />(-6 for losing)
|raw|bramitoboy's rating: 1928 &rarr; <strong>1934</strong><br />(+6 for winning)
|l|☆bramitoboy
|l| Idontcomefrommoney
|c| 0SiegeWarfare|1 turn from winnin
|l| Theodort.300
|j| LT91BB color
|l| 0SiegeWarfare
|l| lt94je ACII
