|html|<div class="broadcast-blue"><strong>[Gen 8] OU is currently suspecting Melmetal! For information on how to participate check out the <a href="https://www.smogon.com/forums/threads/np-ss-ou-suspect-process-round-12-monster-mash.3709234/">suspect thread</a>.</strong></div>
|j|☆minimax_ai
|j|☆cump1
|t:|1666055267
|gametype|singles
|player|p1|minimax_ai|lusamine-nihilego|1670
|player|p2|cump1|schoolkid-gen4|1770
|teamsize|p1|6
|teamsize|p2|6
|gen|8
|tier|[Gen 8] OU
|rated|
|rule|Sleep Clause Mod: Limit one foe put to sleep
|rule|Species Clause: Limit one of each Pokémon
|rule|OHKO Clause: OHKO moves are banned
|rule|Evasion Items Clause: Evasion items are banned
|rule|Evasion Moves Clause: Evasion moves are banned
|rule|Endless Battle Clause: Forcing endless battles is banned
|rule|HP Percentage Mod: HP is shown in percentages
|rule|Dynamax Clause: You cannot dynamax
|clearpoke
|poke|p1|Rotom-Wash|
|poke|p1|Weavile, F|
|poke|p1|Landorus-Therian, M|
|poke|p1|Heatran, M|
|poke|p1|Tangrowth, F|
|poke|p1|Melmetal|
|poke|p2|Clefable, F|
|poke|p2|Ferrothorn, M|
|poke|p2|Landorus-Therian, M|
|poke|p2|Magnezone|
|poke|p2|Umbreon, M|
|poke|p2|Latias, F|
|teampreview
|c|☆minimax_ai|hf
|c|☆cump1|hf
|inactive|Battle timer is ON: inactive players will automatically lose when time's up. (requested by minimax_ai)
|
|t:|1666055274
|start
|switch|p1a: Heatran|Heatran, M|100/100
|switch|p2a: Landorus|Landorus-Therian, M|100/100
|-item|p1a: Heatran|Air Balloon
|-ability|p2a: Landorus|Intimidate|boost
|-unboost|p1a: Heatran|atk|1
|turn|1
|
|t:|1666055275
|move|p1a: Heatran|Eruption|p2a: Landorus
|-damage|p2a: Landorus|44/100
|move|p2a: Landorus|U-turn|p1a: Heatran
|-resisted|p1a: Heatran
|-damage|p1a: Heatran|95/100
|-enditem|p1a: Heatran|Air Balloon
|
|t:|1666055279
|switch|p2a: Latias|Latias, F|100/100|[from]move: U-turn
|
|upkeep
|turn|2
|
|t:|1666055281
|switch|p1a: Melmetal|Melmetal|100/100
|move|p2a: Latias|Psyshock|p1a: Melmetal
|-resisted|p1a: Melmetal
|-damage|p1a: Melmetal|90/100
|
|upkeep
|turn|3
|
|t:|1666055286
|switch|p2a: Ferrothorn|Ferrothorn, M|100/100
|move|p1a: Melmetal|Ice Punch|p2a: Ferrothorn
|-damage|p2a: Ferrothorn|76/100
|-damage|p1a: Melmetal|77/100|[from] ability: Iron Barbs|[of] p2a: Ferrothorn
|
|-heal|p2a: Ferrothorn|82/100|[from] item: Leftovers
|upkeep
|turn|4
|
|t:|1666055288
|switch|p1a: landorustherian|Landorus-Therian, M|100/100
|-ability|p1a: landorustherian|Intimidate|boost
|-unboost|p2a: Ferrothorn|atk|1
|move|p2a: Ferrothorn|Knock Off|p1a: landorustherian
|-damage|p1a: landorustherian|87/100
|-enditem|p1a: landorustherian|Leftovers|[from] move: Knock Off|[of] p2a: Ferrothorn
|
|-heal|p2a: Ferrothorn|89/100|[from] item: Leftovers
|upkeep
|turn|5
|
|t:|1666055290
|move|p1a: landorustherian|U-turn|p2a: Ferrothorn
|-damage|p2a: Ferrothorn|72/100
|-damage|p1a: landorustherian|75/100|[from] ability: Iron Barbs|[of] p2a: Ferrothorn
|
|t:|1666055290
|switch|p1a: Tangrowth|Tangrowth, F|100/100|[from]move: U-turn
|move|p2a: Ferrothorn|Leech Seed|p1a: Tangrowth
|-immune|p1a: Tangrowth
|
|-heal|p2a: Ferrothorn|78/100|[from] item: Leftovers
|upkeep
|turn|6
|
|t:|1666055291
|move|p1a: Tangrowth|Focus Blast|p2a: Ferrothorn
|-supereffective|p2a: Ferrothorn
|-damage|p2a: Ferrothorn|43/100
|move|p2a: Ferrothorn|Knock Off|p1a: Tangrowth
|-damage|p1a: Tangrowth|93/100
|-damage|p2a: Ferrothorn|26/100|[from] item: Rocky Helmet|[of] p1a: Tangrowth
|-enditem|p1a: Tangrowth|Rocky Helmet|[from] move: Knock Off|[of] p2a: Ferrothorn
|
|-heal|p2a: Ferrothorn|33/100|[from] item: Leftovers
|upkeep
|turn|7
|j| Jongruenwald
|
|t:|1666055295
|switch|p2a: Umbreon|Umbreon, M|100/100
|move|p1a: Tangrowth|Focus Blast|p2a: Umbreon
|-supereffective|p2a: Umbreon
|-damage|p2a: Umbreon|58/100
|
|-heal|p2a: Umbreon|64/100|[from] item: Leftovers
|upkeep
|turn|8
|
|t:|1666055296
|move|p2a: Umbreon|Wish|p2a: Umbreon
|move|p1a: Tangrowth|Sleep Powder|p2a: Umbreon
|-status|p2a: Umbreon|slp|[from] move: Sleep Powder
|
|-heal|p2a: Umbreon|71/100 slp|[from] item: Leftovers
|upkeep
|turn|9
|
|t:|1666055299
|switch|p2a: Ferrothorn|Ferrothorn, M|33/100
|move|p1a: Tangrowth|Giga Drain|p2a: Ferrothorn
|-resisted|p2a: Ferrothorn
|-damage|p2a: Ferrothorn|28/100
|-heal|p1a: Tangrowth|95/100|[from] drain|[of] p2a: Ferrothorn
|
|-heal|p2a: Ferrothorn|84/100|[from] move: Wish|[wisher] Umbreon
|-heal|p2a: Ferrothorn|90/100|[from] item: Leftovers
|upkeep
|turn|10
|
|t:|1666055305
|switch|p2a: Umbreon|Umbreon, M|71/100 slp
|move|p1a: Tangrowth|Focus Blast|p2a: Umbreon
|-supereffective|p2a: Umbreon
|-damage|p2a: Umbreon|31/100 slp
|
|-heal|p2a: Umbreon|38/100 slp|[from] item: Leftovers
|upkeep
|turn|11
|
|t:|1666055307
|switch|p2a: Clefable|Clefable, F|100/100
|switch|p1a: Heatran|Heatran, M|95/100
|
|upkeep
|turn|12
|
|t:|1666055312
|switch|p2a: Latias|Latias, F|100/100
|move|p1a: Heatran|Eruption|p2a: Latias
|-resisted|p2a: Latias
|-damage|p2a: Latias|67/100
|
|upkeep
|turn|13
|
|t:|1666055314
|move|p2a: Latias|Psyshock|p1a: Heatran
|-resisted|p1a: Heatran
|-damage|p1a: Heatran|77/100
|move|p1a: Heatran|Magma Storm|p2a: Latias
|-resisted|p2a: Latias
|-damage|p2a: Latias|45/100
|-activate|p2a: Latias|move: Magma Storm|[of] p1a: Heatran
|
|-damage|p2a: Latias|32/100|[from] move: Magma Storm|[partiallytrapped]
|upkeep
|turn|14
|j| monkaSaur
|
|t:|1666055317
|move|p2a: Latias|Psyshock|p1a: Heatran
|-resisted|p1a: Heatran
|-damage|p1a: Heatran|60/100
|move|p1a: Heatran|Stealth Rock|p2a: Latias
|-sidestart|p2: cump1|move: Stealth Rock
|
|-damage|p2a: Latias|20/100|[from] move: Magma Storm|[partiallytrapped]
|upkeep
|turn|15
|
|t:|1666055319
|move|p2a: Latias|Psyshock|p1a: Heatran
|-resisted|p1a: Heatran
|-damage|p1a: Heatran|43/100
|move|p1a: Heatran|Magma Storm|p2a: Latias|[miss]
|-miss|p1a: Heatran|p2a: Latias
|
|-damage|p2a: Latias|8/100|[from] move: Magma Storm|[partiallytrapped]
|upkeep
|turn|16
|
|t:|1666055320
|move|p2a: Latias|Psyshock|p1a: Heatran
|-resisted|p1a: Heatran
|-damage|p1a: Heatran|24/100
|move|p1a: Heatran|Magma Storm|p2a: Latias
|-resisted|p2a: Latias
|-damage|p2a: Latias|0 fnt
|faint|p2a: Latias
|
|upkeep
|
|t:|1666055325
|switch|p2a: Clefable|Clefable, F|100/100
|turn|17
|
|t:|1666055327
|move|p1a: Heatran|Magma Storm|p2a: Clefable
|-damage|p2a: Clefable|55/100
|-activate|p2a: Clefable|move: Magma Storm|[of] p1a: Heatran
|move|p2a: Clefable|Thunder Wave|p1a: Heatran
|-status|p1a: Heatran|par
|
|-heal|p2a: Clefable|61/100|[from] item: Leftovers
|upkeep
|turn|18
|
|t:|1666055328
|move|p2a: Clefable|Soft-Boiled|p2a: Clefable
|-heal|p2a: Clefable|100/100
|move|p1a: Heatran|Magma Storm|p2a: Clefable
|-damage|p2a: Clefable|48/100
|
|-heal|p2a: Clefable|54/100|[from] item: Leftovers
|upkeep
|turn|19
|
|t:|1666055330
|move|p2a: Clefable|Soft-Boiled|p2a: Clefable
|-heal|p2a: Clefable|100/100
|move|p1a: Heatran|Magma Storm|p2a: Clefable
|-damage|p2a: Clefable|55/100
|
|-heal|p2a: Clefable|61/100|[from] item: Leftovers
|upkeep
|turn|20
|
|t:|1666055331
|move|p2a: Clefable|Soft-Boiled|p2a: Clefable
|-heal|p2a: Clefable|100/100
|move|p1a: Heatran|Magma Storm|p2a: Clefable|[miss]
|-miss|p1a: Heatran|p2a: Clefable
|
|upkeep
|turn|21
|
|t:|1666055337
|move|p2a: Clefable|Moonblast|p1a: Heatran
|-resisted|p1a: Heatran
|-damage|p1a: Heatran|16/100 par
|move|p1a: Heatran|Magma Storm|p2a: Clefable
|-damage|p2a: Clefable|49/100
|
|-heal|p2a: Clefable|55/100|[from] item: Leftovers
|-end|p2a: Clefable|Magma Storm|[partiallytrapped]
|upkeep
|turn|22
|
|t:|1666055340
|switch|p1a: Melmetal|Melmetal|77/100
|move|p2a: Clefable|Soft-Boiled|p2a: Clefable
|-heal|p2a: Clefable|100/100
|
|upkeep
|turn|23
|
|t:|1666055344
|switch|p2a: Ferrothorn|Ferrothorn, M|90/100
|-damage|p2a: Ferrothorn|84/100|[from] Stealth Rock
|move|p1a: Melmetal|Ice Punch|p2a: Ferrothorn
|-damage|p2a: Ferrothorn|58/100
|-damage|p1a: Melmetal|65/100|[from] ability: Iron Barbs|[of] p2a: Ferrothorn
|
|-heal|p2a: Ferrothorn|65/100|[from] item: Leftovers
|upkeep
|turn|24
|
|t:|1666055346
|move|p1a: Melmetal|Ice Punch|p2a: Ferrothorn
|-damage|p2a: Ferrothorn|38/100
|-damage|p1a: Melmetal|52/100|[from] ability: Iron Barbs|[of] p2a: Ferrothorn
|move|p2a: Ferrothorn|Leech Seed|p1a: Melmetal
|-start|p1a: Melmetal|move: Leech Seed
|
|-heal|p2a: Ferrothorn|44/100|[from] item: Leftovers
|-damage|p1a: Melmetal|40/100|[from] Leech Seed|[of] p2a: Ferrothorn
|-heal|p2a: Ferrothorn|60/100|[silent]
|upkeep
|turn|25
|
|t:|1666055349
|switch|p1a: Heatran|Heatran, M|16/100 par
|move|p2a: Ferrothorn|Knock Off|p1a: Heatran
|-damage|p1a: Heatran|2/100 par
|
|-heal|p2a: Ferrothorn|66/100|[from] item: Leftovers
|upkeep
|turn|26
|
|t:|1666055352
|switch|p1a: Tangrowth|Tangrowth, F|100/100
|switch|p2a: Clefable|Clefable, F|100/100
|
|upkeep
|turn|27
|
|t:|1666055353
|move|p2a: Clefable|Knock Off|p1a: Tangrowth
|-damage|p1a: Tangrowth|95/100
|move|p1a: Tangrowth|Knock Off|p2a: Clefable
|-resisted|p2a: Clefable
|-damage|p2a: Clefable|92/100
|-enditem|p2a: Clefable|Leftovers|[from] move: Knock Off|[of] p1a: Tangrowth
|
|upkeep
|turn|28
|
|t:|1666055355
|move|p2a: Clefable|Thunder Wave|p1a: Tangrowth
|-status|p1a: Tangrowth|par
|move|p1a: Tangrowth|Giga Drain|p2a: Clefable
|-damage|p2a: Clefable|67/100
|-heal|p1a: Tangrowth|100/100 par|[from] drain|[of] p2a: Clefable
|
|upkeep
|turn|29
|
|t:|1666055357
|move|p2a: Clefable|Moonblast|p1a: Tangrowth
|-damage|p1a: Tangrowth|56/100 par
|move|p1a: Tangrowth|Giga Drain|p2a: Clefable
|-damage|p2a: Clefable|42/100
|-heal|p1a: Tangrowth|68/100 par|[from] drain|[of] p2a: Clefable
|
|upkeep
|turn|30
|
|t:|1666055359
|switch|p1a: Melmetal|Melmetal|40/100
|move|p2a: Clefable|Soft-Boiled|p2a: Clefable
|-heal|p2a: Clefable|92/100
|
|upkeep
|turn|31
|
|t:|1666055365
|switch|p2a: Ferrothorn|Ferrothorn, M|66/100
|-damage|p2a: Ferrothorn|60/100|[from] Stealth Rock
|move|p1a: Melmetal|Ice Punch|p2a: Ferrothorn
|-damage|p2a: Ferrothorn|35/100
|-damage|p1a: Melmetal|27/100|[from] ability: Iron Barbs|[of] p2a: Ferrothorn
|
|-heal|p2a: Ferrothorn|41/100|[from] item: Leftovers
|upkeep
|turn|32
|
|t:|1666055367
|move|p1a: Melmetal|Earthquake|p2a: Ferrothorn
|-damage|p2a: Ferrothorn|14/100
|move|p2a: Ferrothorn|Leech Seed|p1a: Melmetal
|-start|p1a: Melmetal|move: Leech Seed
|
|-heal|p2a: Ferrothorn|21/100|[from] item: Leftovers
|-damage|p1a: Melmetal|15/100|[from] Leech Seed|[of] p2a: Ferrothorn
|-heal|p2a: Ferrothorn|36/100|[silent]
|upkeep
|turn|33
|
|t:|1666055372
|switch|p1a: Heatran|Heatran, M|2/100 par
|switch|p2a: Landorus|Landorus-Therian, M|44/100
|-damage|p2a: Landorus|32/100|[from] Stealth Rock
|-ability|p2a: Landorus|Intimidate|boost
|-unboost|p1a: Heatran|atk|1
|
|-heal|p2a: Landorus|38/100|[from] item: Leftovers
|upkeep
|turn|34
|
|t:|1666055375
|switch|p1a: rotomwash|Rotom-Wash|100/100
|move|p2a: Landorus|Earthquake|p1a: rotomwash
|-immune|p1a: rotomwash|[from] ability: Levitate
|
|-heal|p2a: Landorus|44/100|[from] item: Leftovers
|upkeep
|turn|35
|
|t:|1666055379
|switch|p2a: Ferrothorn|Ferrothorn, M|36/100
|-damage|p2a: Ferrothorn|30/100|[from] Stealth Rock
|move|p1a: rotomwash|Hydro Pump|p2a: Ferrothorn
|-resisted|p2a: Ferrothorn
|-damage|p2a: Ferrothorn|17/100
|
|-heal|p2a: Ferrothorn|23/100|[from] item: Leftovers
|upkeep
|turn|36
|
|t:|1666055380
|switch|p1a: Tangrowth|Tangrowth, F|100/100 par
|move|p2a: Ferrothorn|Leech Seed|p1a: Tangrowth
|-immune|p1a: Tangrowth
|
|-heal|p2a: Ferrothorn|29/100|[from] item: Leftovers
|upkeep
|turn|37
|
|t:|1666055385
|switch|p2a: Clefable|Clefable, F|92/100
|cant|p1a: Tangrowth|par
|
|upkeep
|turn|38
|
|t:|1666055388
|move|p2a: Clefable|Moonblast|p1a: Tangrowth
|-damage|p1a: Tangrowth|54/100 par
|move|p1a: Tangrowth|Giga Drain|p2a: Clefable
|-damage|p2a: Clefable|66/100
|-heal|p1a: Tangrowth|67/100 par|[from] drain|[of] p2a: Clefable
|
|upkeep
|turn|39
|
|t:|1666055391
|switch|p2a: Landorus|Landorus-Therian, M|44/100
|-damage|p2a: Landorus|32/100|[from] Stealth Rock
|-ability|p2a: Landorus|Intimidate|boost
|-unboost|p1a: Tangrowth|atk|1
|switch|p1a: landorustherian|Landorus-Therian, M|75/100
|-ability|p1a: landorustherian|Intimidate|boost
|-unboost|p2a: Landorus|atk|1
|
|-heal|p2a: Landorus|38/100|[from] item: Leftovers
|upkeep
|turn|40
|
|t:|1666055393
|move|p1a: landorustherian|Toxic|p2a: Landorus|[miss]
|-miss|p1a: landorustherian|p2a: Landorus
|move|p2a: Landorus|Defog|p1a: landorustherian
|-unboost|p1a: landorustherian|evasion|1
|-sideend|p2: cump1|Stealth Rock|[from] move: Defog|[of] p2a: Landorus
|
|-heal|p2a: Landorus|44/100|[from] item: Leftovers
|upkeep
|turn|41
|
|t:|1666055398
|move|p1a: landorustherian|U-turn|p2a: Landorus
|-resisted|p2a: Landorus
|-damage|p2a: Landorus|33/100
|
|t:|1666055398
|switch|p1a: Tangrowth|Tangrowth, F|99/100 par|[from]move: U-turn
|move|p2a: Landorus|Toxic||[still]
|-fail|p2a: Landorus
|
|-heal|p2a: Landorus|39/100|[from] item: Leftovers
|upkeep
|turn|42
|
|t:|1666055400
|switch|p2a: Clefable|Clefable, F|66/100
|move|p1a: Tangrowth|Focus Blast|p2a: Clefable|[miss]
|-miss|p1a: Tangrowth|p2a: Clefable
|
|upkeep
|turn|43
|
|t:|1666055402
|move|p2a: Clefable|Soft-Boiled|p2a: Clefable
|-heal|p2a: Clefable|100/100
|move|p1a: Tangrowth|Giga Drain|p2a: Clefable
|-damage|p2a: Clefable|76/100
|-heal|p1a: Tangrowth|100/100 par|[from] drain|[of] p2a: Clefable
|
|upkeep
|turn|44
|
|t:|1666055404
|move|p2a: Clefable|Moonblast|p1a: Tangrowth
|-damage|p1a: Tangrowth|56/100 par
|move|p1a: Tangrowth|Giga Drain|p2a: Clefable
|-damage|p2a: Clefable|51/100
|-heal|p1a: Tangrowth|69/100 par|[from] drain|[of] p2a: Clefable
|
|upkeep
|turn|45
|
|t:|1666055406
|switch|p1a: landorustherian|Landorus-Therian, M|75/100
|-ability|p1a: landorustherian|Intimidate|boost
|-unboost|p2a: Clefable|atk|1
|move|p2a: Clefable|Soft-Boiled|p2a: Clefable
|-heal|p2a: Clefable|100/100
|
|upkeep
|turn|46
|
|t:|1666055409
|move|p1a: landorustherian|Toxic|p2a: Clefable
|-status|p2a: Clefable|tox
|move|p2a: Clefable|Moonblast|p1a: landorustherian
|-damage|p1a: landorustherian|50/100
|
|upkeep
|turn|47
|
|t:|1666055411
|move|p1a: landorustherian|Defog|p2a: Clefable
|-unboost|p2a: Clefable|evasion|1
|move|p2a: Clefable|Moonblast|p1a: landorustherian
|-damage|p1a: landorustherian|29/100
|-unboost|p1a: landorustherian|spa|1
|
|upkeep
|turn|48
|
|t:|1666055413
|move|p1a: landorustherian|Earthquake|p2a: Clefable
|-damage|p2a: Clefable|64/100 tox
|move|p2a: Clefable|Moonblast|p1a: landorustherian
|-damage|p1a: landorustherian|7/100
|
|upkeep
|turn|49
|
|t:|1666055414
|move|p1a: landorustherian|Earthquake|p2a: Clefable
|-damage|p2a: Clefable|28/100 tox
|move|p2a: Clefable|Soft-Boiled|p2a: Clefable
|-heal|p2a: Clefable|78/100 tox
|
|upkeep
|turn|50
|
|t:|1666055415
|move|p1a: landorustherian|Earthquake|p2a: Clefable
|-damage|p2a: Clefable|40/100 tox
|move|p2a: Clefable|Soft-Boiled|p2a: Clefable
|-heal|p2a: Clefable|90/100 tox
|
|upkeep
|turn|51
|
|t:|1666055417
|switch|p2a: Landorus|Landorus-Therian, M|39/100
|-ability|p2a: Landorus|Intimidate|boost
|-unboost|p1a: landorustherian|atk|1
|move|p1a: landorustherian|Earthquake|p2a: Landorus
|-immune|p2a: Landorus
|
|-heal|p2a: Landorus|45/100|[from] item: Leftovers
|upkeep
|turn|52
|
|t:|1666055420
|switch|p1a: Tangrowth|Tangrowth, F|100/100 par
|switch|p2a: Clefable|Clefable, F|90/100 tox
|
|upkeep
|turn|53
|
|t:|1666055422
|move|p2a: Clefable|Moonblast|p1a: Tangrowth
|-damage|p1a: Tangrowth|52/100 par
|cant|p1a: Tangrowth|par
|
|upkeep
|turn|54
|
|t:|1666055424
|move|p2a: Clefable|Moonblast|p1a: Tangrowth
|-crit|p1a: Tangrowth
|-damage|p1a: Tangrowth|0 fnt
|faint|p1a: Tangrowth
|
|upkeep
|
|t:|1666055424
|switch|p1a: Melmetal|Melmetal|15/100
|turn|55
|
|t:|1666055429
|switch|p2a: Ferrothorn|Ferrothorn, M|29/100
|switch|p1a: Heatran|Heatran, M|2/100 par
|
|-heal|p2a: Ferrothorn|35/100|[from] item: Leftovers
|upkeep
|turn|56
|
|t:|1666055432
|switch|p2a: Landorus|Landorus-Therian, M|45/100
|-ability|p2a: Landorus|Intimidate|boost
|-unboost|p1a: Heatran|atk|1
|move|p1a: Heatran|Stealth Rock|p2a: Landorus
|-sidestart|p2: cump1|move: Stealth Rock
|
|-heal|p2a: Landorus|51/100|[from] item: Leftovers
|upkeep
|turn|57
|
|t:|1666055435
|move|p2a: Landorus|U-turn|p1a: Heatran
|-resisted|p1a: Heatran
|-damage|p1a: Heatran|0 fnt
|faint|p1a: Heatran
|
|t:|1666055439
|switch|p2a: Clefable|Clefable, F|90/100 tox|[from]move: U-turn
|
|upkeep
|
|t:|1666055439
|switch|p1a: Melmetal|Melmetal|15/100
|turn|58
|
|t:|1666055441
|switch|p2a: Ferrothorn|Ferrothorn, M|35/100
|-damage|p2a: Ferrothorn|29/100|[from] Stealth Rock
|move|p1a: Melmetal|Earthquake|p2a: Ferrothorn
|-damage|p2a: Ferrothorn|0 fnt
|faint|p2a: Ferrothorn
|
|upkeep
|
|t:|1666055444
|switch|p2a: Landorus|Landorus-Therian, M|51/100
|-damage|p2a: Landorus|39/100|[from] Stealth Rock
|-ability|p2a: Landorus|Intimidate|boost
|-unboost|p1a: Melmetal|atk|1
|turn|59
|
|t:|1666055445
|switch|p1a: rotomwash|Rotom-Wash|100/100
|move|p2a: Landorus|Toxic|p1a: rotomwash
|-status|p1a: rotomwash|tox
|
|-heal|p2a: Landorus|45/100|[from] item: Leftovers
|-damage|p1a: rotomwash|94/100 tox|[from] psn
|upkeep
|turn|60
|
|t:|1666055448
|switch|p2a: Clefable|Clefable, F|90/100 tox
|move|p1a: rotomwash|Hydro Pump|p2a: Clefable
|-damage|p2a: Clefable|51/100 tox
|
|-heal|p1a: rotomwash|100/100 tox|[from] item: Leftovers
|-damage|p1a: rotomwash|88/100 tox|[from] psn
|upkeep
|turn|61
|
|t:|1666055450
|move|p1a: rotomwash|Thunderbolt|p2a: Clefable
|-damage|p2a: Clefable|16/100 tox
|move|p2a: Clefable|Moonblast|p1a: rotomwash
|-damage|p1a: rotomwash|52/100 tox
|
|-heal|p1a: rotomwash|58/100 tox|[from] item: Leftovers
|-damage|p1a: rotomwash|40/100 tox|[from] psn
|upkeep
|turn|62
|
|t:|1666055453
|switch|p2a: Landorus|Landorus-Therian, M|45/100
|-damage|p2a: Landorus|33/100|[from] Stealth Rock
|-ability|p2a: Landorus|Intimidate|boost
|-unboost|p1a: rotomwash|atk|1
|move|p1a: rotomwash|Hydro Pump|p2a: Landorus
|-supereffective|p2a: Landorus
|-damage|p2a: Landorus|0 fnt
|faint|p2a: Landorus
|
|-heal|p1a: rotomwash|46/100 tox|[from] item: Leftovers
|-damage|p1a: rotomwash|21/100 tox|[from] psn
|upkeep
|
|t:|1666055457
|switch|p2a: Umbreon|Umbreon, M|38/100 slp
|-damage|p2a: Umbreon|25/100 slp|[from] Stealth Rock
|turn|63
|
|t:|1666055458
|cant|p2a: Umbreon|slp
|move|p1a: rotomwash|Hydro Pump|p2a: Umbreon
|-damage|p2a: Umbreon|0 fnt
|faint|p2a: Umbreon
|
|-heal|p1a: rotomwash|27/100 tox|[from] item: Leftovers
|-damage|p1a: rotomwash|0 fnt|[from] psn
|faint|p1a: rotomwash
|upkeep
|
|t:|1666055463
|switch|p1a: Weavile|Weavile, F|100/100
|switch|p2a: Magnezone|Magnezone, shiny|100/100
|-ability|p1a: Weavile|Pressure
|-damage|p2a: Magnezone|94/100|[from] Stealth Rock
|turn|64
|
|t:|1666055468
|switch|p1a: landorustherian|Landorus-Therian, M|7/100
|-ability|p1a: landorustherian|Intimidate|boost
|-unboost|p2a: Magnezone|atk|1
|move|p2a: Magnezone|Flash Cannon|p1a: landorustherian
|-damage|p1a: landorustherian|0 fnt
|faint|p1a: landorustherian
|
|upkeep
|
|t:|1666055468
|switch|p1a: Melmetal|Melmetal|15/100
|turn|65
|
|t:|1666055469
|move|p2a: Magnezone|Flash Cannon|p1a: Melmetal
|-resisted|p1a: Melmetal
|-damage|p1a: Melmetal|0 fnt
|faint|p1a: Melmetal
|
|upkeep
|
|t:|1666055469
|switch|p1a: Weavile|Weavile, F|100/100
|-ability|p1a: Weavile|Pressure
|turn|66
|
|t:|1666055471
|move|p1a: Weavile|Low Kick|p2a: Magnezone
|-supereffective|p2a: Magnezone
|-damage|p2a: Magnezone|0 fnt
|faint|p2a: Magnezone
|
|upkeep
|
|t:|1666055472
|switch|p2a: Clefable|Clefable, F|16/100 tox
|turn|67
|
|t:|1666055474
|move|p1a: Weavile|Low Kick|p2a: Clefable
|-resisted|p2a: Clefable
|-damage|p2a: Clefable|5/100 tox
|move|p2a: Clefable|Moonblast|p1a: Weavile
|-supereffective|p1a: Weavile
|-damage|p1a: Weavile|14/100
|-unboost|p1a: Weavile|spa|1
|
|upkeep
|turn|68
|
|t:|1666055476
|move|p1a: Weavile|Low Kick|p2a: Clefable
|-resisted|p2a: Clefable
|-damage|p2a: Clefable|0 fnt
|faint|p2a: Clefable
|
|win|minimax_ai
|raw|minimax_ai's rating: 1670 &rarr; <strong>1696</strong><br />(+26 for winning)
|raw|cump1's rating: 1770 &rarr; <strong>1744</strong><br />(-26 for losing)
|c|☆minimax_ai|gg
