|raw|<div class="broadcast-blue"><strong>This battle is required to be public due to a player having a name starting with 'lt94je'.</div>
|j|☆Redemption
|j|☆LT94JE Ahsan
|t:|1661520673
|gametype|singles
|player|p1|Redemption|#redemption|1705
|player|p2|LT94JE Ahsan|clemont|1880
|teamsize|p1|6
|teamsize|p2|6
|gen|8
|tier|[Gen 8] OU
|rated|
|rule|Sleep Clause Mod: Limit one foe put to sleep
|rule|Species Clause: Limit one of each Pokémon
|rule|OHKO Clause: OHKO moves are banned
|rule|Evasion Items Clause: Evasion items are banned
|rule|Evasion Moves Clause: Evasion moves are banned
|rule|Endless Battle Clause: Forcing endless battles is banned
|rule|HP Percentage Mod: HP is shown in percentages
|rule|Dynamax Clause: You cannot dynamax
|clearpoke
|poke|p1|Raichu-Alola, M|
|poke|p1|Tapu Koko|
|poke|p1|Landorus-Therian, M|
|poke|p1|Urshifu-*, F|
|poke|p1|Melmetal|
|poke|p1|Hydreigon, F|
|poke|p2|Tapu Lele|
|poke|p2|Lycanroc-Dusk, F|
|poke|p2|Ferrothorn, F|
|poke|p2|Hydreigon, F|
|poke|p2|Toxapex, M|
|poke|p2|Regieleki|
|teampreview
|inactive|Battle timer is ON: inactive players will automatically lose when time's up. (requested by LT94JE Ahsan)
|
|t:|1661520698
|start
|switch|p1a: Ed|Landorus-Therian, M|100/100
|switch|p2a: Toxapex|Toxapex, M|100/100
|-ability|p1a: Ed|Intimidate|boost
|-unboost|p2a: Toxapex|atk|1
|turn|1
|j| SICKO MODE INDER
|
|t:|1661520704
|move|p1a: Ed|Earthquake|p2a: Toxapex
|-supereffective|p2a: Toxapex
|-damage|p2a: Toxapex|25/100
|move|p2a: Toxapex|Knock Off|p1a: Ed
|-damage|p1a: Ed|90/100
|-enditem|p1a: Ed|Leftovers|[from] move: Knock Off|[of] p2a: Toxapex
|
|-heal|p2a: Toxapex|32/100|[from] item: Black Sludge
|upkeep
|turn|2
|
|t:|1661520709
|switch|p2a: Ferrothorn|Ferrothorn, F|100/100
|move|p1a: Ed|Stealth Rock|p2a: Ferrothorn
|-sidestart|p2: LT94JE Ahsan|move: Stealth Rock
|
|upkeep
|turn|3
|
|t:|1661520718
|switch|p1a: Survivor|Urshifu-Rapid-Strike, F|100/100
|move|p2a: Ferrothorn|Stealth Rock|p1a: Survivor
|-sidestart|p1: Redemption|move: Stealth Rock
|
|upkeep
|turn|4
|
|t:|1661520721
|switch|p2a: Toxapex|Toxapex, M|65/100
|-damage|p2a: Toxapex|52/100|[from] Stealth Rock
|move|p1a: Survivor|U-turn|p2a: Toxapex
|-resisted|p2a: Toxapex
|-damage|p2a: Toxapex|43/100
|
|t:|1661520725
|switch|p1a: Daft Punk|Tapu Koko|100/100|[from]move: U-turn
|-damage|p1a: Daft Punk|88/100|[from] Stealth Rock
|-fieldstart|move: Electric Terrain|[from] ability: Electric Surge|[of] p1a: Daft Punk
|
|-heal|p2a: Toxapex|49/100|[from] item: Black Sludge
|upkeep
|turn|5
|
|t:|1661520734
|switch|p2a: Ferrothorn|Ferrothorn, F|100/100
|-damage|p2a: Ferrothorn|95/100|[from] Stealth Rock
|move|p1a: Daft Punk|U-turn|p2a: Ferrothorn
|-damage|p2a: Ferrothorn|84/100
|-damage|p1a: Daft Punk|76/100|[from] ability: Iron Barbs|[of] p2a: Ferrothorn
|
|t:|1661520746
|switch|p1a: Iron Maiden|Melmetal|100/100|[from]move: U-turn
|-damage|p1a: Iron Maiden|94/100|[from] Stealth Rock
|
|-heal|p2a: Ferrothorn|90/100|[from] item: Leftovers
|upkeep
|turn|6
|
|t:|1661520750
|move|p1a: Iron Maiden|Superpower|p2a: Ferrothorn
|-supereffective|p2a: Ferrothorn
|-damage|p2a: Ferrothorn|41/100
|-unboost|p1a: Iron Maiden|atk|1
|-unboost|p1a: Iron Maiden|def|1
|-damage|p1a: Iron Maiden|82/100|[from] ability: Iron Barbs|[of] p2a: Ferrothorn
|move|p2a: Ferrothorn|Body Press|p1a: Iron Maiden
|-supereffective|p1a: Iron Maiden
|-damage|p1a: Iron Maiden|31/100
|
|-heal|p2a: Ferrothorn|47/100|[from] item: Leftovers
|upkeep
|turn|7
|
|t:|1661520759
|move|p1a: Iron Maiden|Superpower|p2a: Ferrothorn
|-supereffective|p2a: Ferrothorn
|-damage|p2a: Ferrothorn|12/100
|-unboost|p1a: Iron Maiden|atk|1
|-unboost|p1a: Iron Maiden|def|1
|-damage|p1a: Iron Maiden|19/100|[from] ability: Iron Barbs|[of] p2a: Ferrothorn
|move|p2a: Ferrothorn|Spikes|p1a: Iron Maiden
|-sidestart|p1: Redemption|Spikes
|
|-heal|p2a: Ferrothorn|18/100|[from] item: Leftovers
|upkeep
|turn|8
|
|t:|1661520766
|switch|p2a: Toxapex|Toxapex, M|82/100
|-damage|p2a: Toxapex|70/100|[from] Stealth Rock
|move|p1a: Iron Maiden|Superpower|p2a: Toxapex
|-resisted|p2a: Toxapex
|-damage|p2a: Toxapex|62/100
|-unboost|p1a: Iron Maiden|atk|1
|-unboost|p1a: Iron Maiden|def|1
|
|-heal|p2a: Toxapex|69/100|[from] item: Black Sludge
|upkeep
|turn|9
|
|t:|1661520771
|move|p2a: Toxapex|Toxic|p1a: Iron Maiden
|-immune|p1a: Iron Maiden
|move|p1a: Iron Maiden|Thunder Punch|p2a: Toxapex
|-supereffective|p2a: Toxapex
|-damage|p2a: Toxapex|42/100
|
|-heal|p2a: Toxapex|49/100|[from] item: Black Sludge
|upkeep
|turn|10
|
|t:|1661520783
|switch|p1a: Tryo|Hydreigon, F|100/100
|-damage|p1a: Tryo|88/100|[from] Stealth Rock
|move|p2a: Toxapex|Knock Off|p1a: Tryo
|-resisted|p1a: Tryo
|-damage|p1a: Tryo|79/100
|-enditem|p1a: Tryo|Leftovers|[from] move: Knock Off|[of] p2a: Toxapex
|
|-heal|p2a: Toxapex|55/100|[from] item: Black Sludge
|upkeep
|turn|11
|j| Carmin
|
|t:|1661520791
|move|p1a: Tryo|Dark Pulse|p2a: Toxapex
|-damage|p2a: Toxapex|28/100
|move|p2a: Toxapex|Toxic|p1a: Tryo
|-status|p1a: Tryo|tox
|
|-heal|p2a: Toxapex|34/100|[from] item: Black Sludge
|-damage|p1a: Tryo|73/100 tox|[from] psn
|-fieldend|move: Electric Terrain
|upkeep
|turn|12
|
|t:|1661520801
|move|p1a: Tryo|Earth Power|p2a: Toxapex
|-supereffective|p2a: Toxapex
|-damage|p2a: Toxapex|0 fnt
|faint|p2a: Toxapex
|
|-damage|p1a: Tryo|60/100 tox|[from] psn
|upkeep
|
|t:|1661520803
|switch|p2a: Tapu Lele|Tapu Lele|100/100
|-damage|p2a: Tapu Lele|88/100|[from] Stealth Rock
|-fieldstart|move: Psychic Terrain|[from] ability: Psychic Surge|[of] p2a: Tapu Lele
|turn|13
|
|t:|1661520809
|switch|p1a: Iron Maiden|Melmetal|19/100
|-damage|p1a: Iron Maiden|13/100|[from] Stealth Rock
|-damage|p1a: Iron Maiden|0 fnt|[from] Spikes
|faint|p1a: Iron Maiden
|move|p2a: Tapu Lele|Moonblast|p1: Iron Maiden|[notarget]
|-fail|p2a: Tapu Lele
|
|upkeep
|
|t:|1661520815
|switch|p1a: Daft Punk|Tapu Koko|76/100
|-damage|p1a: Daft Punk|63/100|[from] Stealth Rock
|-damage|p1a: Daft Punk|51/100|[from] Spikes
|-fieldstart|move: Electric Terrain|[from] ability: Electric Surge|[of] p1a: Daft Punk
|turn|14
|
|t:|1661520821
|move|p2a: Tapu Lele|Moonblast|p1a: Daft Punk
|-damage|p1a: Daft Punk|0 fnt
|faint|p1a: Daft Punk
|
|upkeep
|
|t:|1661520822
|switch|p1a: Beach Boys|Raichu-Alola, M|100/100
|-damage|p1a: Beach Boys|88/100|[from] Stealth Rock
|-damage|p1a: Beach Boys|76/100|[from] Spikes
|turn|15
|
|t:|1661520826
|switch|p2a: Ferrothorn|Ferrothorn, F|18/100
|-damage|p2a: Ferrothorn|12/100|[from] Stealth Rock
|move|p1a: Beach Boys|Rising Voltage|p2a: Ferrothorn
|-hint|Rising Voltage's BP doubled on grounded target.
|-resisted|p2a: Ferrothorn
|-damage|p2a: Ferrothorn|0 fnt
|faint|p2a: Ferrothorn
|-damage|p1a: Beach Boys|66/100|[from] item: Life Orb
|
|upkeep
|
|t:|1661520829
|switch|p2a: Tapu Lele|Tapu Lele|88/100
|-damage|p2a: Tapu Lele|76/100|[from] Stealth Rock
|-fieldstart|move: Psychic Terrain|[from] ability: Psychic Surge|[of] p2a: Tapu Lele
|turn|16
|
|t:|1661520836
|switch|p1a: Tryo|Hydreigon, F|60/100 tox
|-damage|p1a: Tryo|48/100 tox|[from] Stealth Rock
|move|p2a: Tapu Lele|Moonblast|p1a: Tryo
|-supereffective|p1a: Tryo
|-damage|p1a: Tryo|0 fnt
|faint|p1a: Tryo
|
|upkeep
|
|t:|1661520841
|switch|p1a: Ed|Landorus-Therian, M|90/100
|-damage|p1a: Ed|78/100|[from] Stealth Rock
|-ability|p1a: Ed|Intimidate|boost
|-unboost|p2a: Tapu Lele|atk|1
|turn|17
|
|t:|1661520846
|switch|p2a: Hydreigon|Hydreigon, F|100/100
|-damage|p2a: Hydreigon|88/100|[from] Stealth Rock
|move|p1a: Ed|Earthquake|p2a: Hydreigon
|-immune|p2a: Hydreigon|[from] ability: Levitate
|
|-heal|p2a: Hydreigon|94/100|[from] item: Leftovers
|upkeep
|turn|18
|j| Neverladding
|
|t:|1661520850
|switch|p1a: Survivor|Urshifu-Rapid-Strike, F|100/100
|-damage|p1a: Survivor|94/100|[from] Stealth Rock
|-damage|p1a: Survivor|82/100|[from] Spikes
|move|p2a: Hydreigon|Draco Meteor|p1a: Survivor
|-damage|p1a: Survivor|0 fnt
|-unboost|p2a: Hydreigon|spa|2
|faint|p1a: Survivor
|
|-heal|p2a: Hydreigon|100/100|[from] item: Leftovers
|upkeep
|
|t:|1661520851
|switch|p1a: Beach Boys|Raichu-Alola, M|66/100
|-damage|p1a: Beach Boys|54/100|[from] Stealth Rock
|-damage|p1a: Beach Boys|41/100|[from] Spikes
|turn|19
|
|t:|1661520855
|switch|p2a: Regieleki|Regieleki|100/100
|move|p1a: Beach Boys|Focus Blast|p2a: Regieleki
|-damage|p2a: Regieleki|0 fnt
|faint|p2a: Regieleki
|-damage|p1a: Beach Boys|32/100|[from] item: Life Orb
|
|upkeep
|
|t:|1661520860
|switch|p2a: Tapu Lele|Tapu Lele|76/100
|-damage|p2a: Tapu Lele|63/100|[from] Stealth Rock
|turn|20
|
|t:|1661520864
|move|p2a: Tapu Lele|Moonblast|p1a: Beach Boys
|-crit|p1a: Beach Boys
|-damage|p1a: Beach Boys|0 fnt
|faint|p1a: Beach Boys
|
|-fieldend|move: Psychic Terrain
|upkeep
|-message|Redemption forfeited.
|
|win|LT94JE Ahsan
|raw|Redemption's rating: 1705 &rarr; <strong>1694</strong><br />(-11 for losing)
|raw|LT94JE Ahsan's rating: 1880 &rarr; <strong>1891</strong><br />(+11 for winning)
