|j|☆Le-Perpetrator
|j|☆Gurtrant
|t:|1634147435
|gametype|singles
|player|p1|Le-Perpetrator|170|1842
|player|p2|Gurtrant|238|1760
|teamsize|p1|6
|teamsize|p2|6
|gen|8
|tier|[Gen 8] OU
|rated|
|rule|Sleep Clause Mod: Limit one foe put to sleep
|rule|Species Clause: Limit one of each Pokémon
|rule|OHKO Clause: OHKO moves are banned
|rule|Evasion Moves Clause: Evasion moves are banned
|rule|Endless Battle Clause: Forcing endless battles is banned
|rule|HP Percentage Mod: HP is shown in percentages
|rule|Dynamax Clause: You cannot dynamax
|clearpoke
|poke|p1|Rhyperior, M|
|poke|p1|Togekiss, F|
|poke|p1|Toxapex, F|
|poke|p1|Ferrothorn, M|
|poke|p1|Hatterene, F|
|poke|p1|Dragapult, M|
|poke|p2|Pelipper, M|
|poke|p2|Heliolisk, M|
|poke|p2|Seismitoad, M|
|poke|p2|Barraskewda, M|
|poke|p2|Ferrothorn, F|
|poke|p2|Zapdos|
|teampreview
|inactive|Battle timer is ON: inactive players will automatically lose when time's up. (requested by Gurtrant)
|j| Nyuyy
|j| salmonelephant
|
|t:|1634147461
|start
|switch|p1a: NastyInsertion|Toxapex, F|100/100
|switch|p2a: Pelipper|Pelipper, M|100/100
|-weather|RainDance|[from] ability: Drizzle|[of] p2a: Pelipper
|turn|1
|
|t:|1634147467
|move|p1a: NastyInsertion|Baneful Bunker|p1a: NastyInsertion
|-singleturn|p1a: NastyInsertion|move: Protect
|move|p2a: Pelipper|U-turn|p1a: NastyInsertion
|-activate|p1a: NastyInsertion|move: Protect
|-status|p2a: Pelipper|psn
|
|-weather|RainDance|[upkeep]
|-damage|p2a: Pelipper|88/100 psn|[from] psn
|upkeep
|turn|2
|
|t:|1634147475
|move|p2a: Pelipper|U-turn|p1a: NastyInsertion
|-resisted|p1a: NastyInsertion
|-damage|p1a: NastyInsertion|98/100
|
|t:|1634147477
|switch|p2a: Ferrothorn|Ferrothorn, F|100/100|[from]move: U-turn
|move|p1a: NastyInsertion|Toxic Spikes|p2a: Ferrothorn
|-sidestart|p2: Gurtrant|move: Toxic Spikes
|
|-weather|RainDance|[upkeep]
|-heal|p1a: NastyInsertion|100/100|[from] item: Black Sludge
|upkeep
|turn|3
|j| Frank Lopez
|j| OU make me yawn
|
|t:|1634147484
|switch|p1a: NickleBack|Ferrothorn, M|100/100
|move|p2a: Ferrothorn|Knock Off|p1a: NickleBack
|-damage|p1a: NickleBack|85/100
|-damage|p2a: Ferrothorn|88/100|[from] ability: Iron Barbs|[of] p1a: NickleBack
|-damage|p2a: Ferrothorn|72/100|[from] item: Rocky Helmet|[of] p1a: NickleBack
|-enditem|p1a: NickleBack|Rocky Helmet|[from] move: Knock Off|[of] p2a: Ferrothorn
|
|-weather|RainDance|[upkeep]
|-heal|p2a: Ferrothorn|78/100|[from] item: Leftovers
|upkeep
|turn|4
|c| Nyuyy|Do any of you guys have pet fish?
|
|t:|1634147497
|switch|p1a: Condom|Hatterene, F|100/100
|move|p2a: Ferrothorn|Leech Seed|p1a: Condom
|move|p1a: Condom|Leech Seed|p2a: Ferrothorn|[from]ability: Magic Bounce
|-immune|p2a: Ferrothorn
|
|-weather|RainDance|[upkeep]
|-heal|p2a: Ferrothorn|84/100|[from] item: Leftovers
|upkeep
|turn|5
|
|t:|1634147506
|move|p1a: Condom|Mystical Fire|p2a: Ferrothorn
|-supereffective|p2a: Ferrothorn
|-damage|p2a: Ferrothorn|26/100
|-unboost|p2a: Ferrothorn|spa|1
|move|p2a: Ferrothorn|Knock Off|p1a: Condom
|-damage|p1a: Condom|75/100
|-enditem|p1a: Condom|Choice Specs|[from] move: Knock Off|[of] p2a: Ferrothorn
|
|-weather|RainDance|[upkeep]
|-heal|p2a: Ferrothorn|32/100|[from] item: Leftovers
|upkeep
|turn|6
|j| dibbon
|l| dibbon
|j| dibbon
|
|t:|1634147519
|switch|p2a: Zapdos|Zapdos|100/100
|move|p1a: Condom|Dazzling Gleam|p2a: Zapdos
|-damage|p2a: Zapdos|54/100
|
|-weather|RainDance|[upkeep]
|upkeep
|turn|7
|c| dibbon|no
|c|☆Le-Perpetrator|no
|
|t:|1634147531
|move|p2a: Zapdos|Defog|p1a: Condom
|move|p1a: Condom|Defog|p2a: Zapdos|[from]ability: Magic Bounce
|-unboost|p2a: Zapdos|evasion|1
|-sideend|p2: Gurtrant|Toxic Spikes|[from] move: Defog|[of] p1a: Condom
|move|p1a: Condom|Draining Kiss|p2a: Zapdos
|-damage|p2a: Zapdos|25/100
|-heal|p1a: Condom|100/100|[from] drain|[of] p2a: Zapdos
|
|-weather|RainDance|[upkeep]
|upkeep
|turn|8
|c| Nyuyy|F
|
|t:|1634147540
|move|p2a: Zapdos|Roost|p2a: Zapdos
|-heal|p2a: Zapdos|75/100
|-singleturn|p2a: Zapdos|move: Roost
|move|p1a: Condom|Mystical Fire|p2a: Zapdos
|-damage|p2a: Zapdos|61/100
|-unboost|p2a: Zapdos|spa|1
|
|-weather|none
|upkeep
|turn|9
|l| dibbon
|
|t:|1634147551
|move|p2a: Zapdos|U-turn|p1a: Condom
|-damage|p1a: Condom|85/100
|
|t:|1634147557
|switch|p2a: Pelipper|Pelipper, M|88/100 psn|[from]move: U-turn
|-weather|RainDance|[from] ability: Drizzle|[of] p2a: Pelipper
|move|p1a: Condom|Dazzling Gleam|p2a: Pelipper
|-damage|p2a: Pelipper|20/100 psn
|
|-weather|RainDance|[upkeep]
|-damage|p2a: Pelipper|7/100 psn|[from] psn
|upkeep
|turn|10
|
|t:|1634147566
|switch|p2a: Ferrothorn|Ferrothorn, F|32/100
|switch|p1a: NickleBack|Ferrothorn, M|85/100
|
|-weather|RainDance|[upkeep]
|-heal|p2a: Ferrothorn|39/100|[from] item: Leftovers
|upkeep
|turn|11
|j| Edgar Allan Poem
|
|t:|1634147572
|move|p2a: Ferrothorn|Spikes|p1a: NickleBack
|-sidestart|p1: Le-Perpetrator|Spikes
|move|p1a: NickleBack|Stealth Rock|p2a: Ferrothorn
|-sidestart|p2: Gurtrant|move: Stealth Rock
|
|-weather|RainDance|[upkeep]
|-heal|p2a: Ferrothorn|45/100|[from] item: Leftovers
|upkeep
|turn|12
|
|t:|1634147578
|switch|p1a: Condom|Hatterene, F|85/100
|-damage|p1a: Condom|73/100|[from] Spikes
|move|p2a: Ferrothorn|Gyro Ball|p1a: Condom
|-supereffective|p1a: Condom
|-damage|p1a: Condom|33/100
|
|-weather|RainDance|[upkeep]
|-heal|p2a: Ferrothorn|51/100|[from] item: Leftovers
|upkeep
|turn|13
|j| yiyue
|
|t:|1634147587
|move|p1a: Condom|Mystical Fire|p2a: Ferrothorn
|-supereffective|p2a: Ferrothorn
|-damage|p2a: Ferrothorn|11/100
|-unboost|p2a: Ferrothorn|spa|1
|move|p2a: Ferrothorn|Gyro Ball|p1a: Condom
|-supereffective|p1a: Condom
|-damage|p1a: Condom|0 fnt
|faint|p1a: Condom
|
|-weather|RainDance|[upkeep]
|-heal|p2a: Ferrothorn|18/100|[from] item: Leftovers
|upkeep
|
|t:|1634147596
|switch|p1a: TwinkleToes|Togekiss, F|100/100
|turn|14
|
|t:|1634147599
|move|p1a: TwinkleToes|Aura Sphere|p2a: Ferrothorn
|-supereffective|p2a: Ferrothorn
|-damage|p2a: Ferrothorn|0 fnt
|faint|p2a: Ferrothorn
|
|-weather|RainDance|[upkeep]
|upkeep
|
|t:|1634147603
|switch|p2a: Heliolisk|Heliolisk, M, shiny|100/100
|-damage|p2a: Heliolisk|88/100|[from] Stealth Rock
|turn|15
|
|t:|1634147607
|switch|p1a: NickleBack|Ferrothorn, M|85/100
|-damage|p1a: NickleBack|73/100|[from] Spikes
|move|p2a: Heliolisk|Thunder|p1a: NickleBack
|-resisted|p1a: NickleBack
|-damage|p1a: NickleBack|50/100
|-damage|p2a: Heliolisk|78/100|[from] item: Life Orb
|
|-weather|RainDance|[upkeep]
|-heal|p2a: Heliolisk|91/100|[from] ability: Dry Skin
|upkeep
|turn|16
|
|t:|1634147617
|move|p2a: Heliolisk|Focus Blast|p1a: NickleBack|[miss]
|-miss|p2a: Heliolisk|p1a: NickleBack
|move|p1a: NickleBack|Leech Seed|p2a: Heliolisk
|-start|p2a: Heliolisk|move: Leech Seed
|
|-weather|none
|-damage|p2a: Heliolisk|78/100|[from] Leech Seed|[of] p1a: NickleBack
|-heal|p1a: NickleBack|59/100|[silent]
|upkeep
|turn|17
|-message|Gurtrant forfeited.
|
|win|Le-Perpetrator
|raw|Le-Perpetrator's rating: 1842 &rarr; <strong>1857</strong><br />(+15 for winning)
|raw|Gurtrant's rating: 1760 &rarr; <strong>1745</strong><br />(-15 for losing)
|l|☆Gurtrant
|j| Tabata Tyrogue
|l| Nyuyy
|l| salmonelephant
