|html|<div class="broadcast-blue"><strong>[Gen 8] OU is currently suspecting Melmetal! For information on how to participate check out the <a href="https://www.smogon.com/forums/threads/np-ss-ou-suspect-process-round-12-monster-mash.3709234/">suspect thread</a>.</strong></div>
|j|☆wintrmint
|j|☆IIIodyne
|inactive|Battle timer is ON: inactive players will automatically lose when time's up.
|t:|1666573194
|gametype|singles
|player|p1|wintrmint|pokekid|
|player|p2|IIIodyne|169|
|teamsize|p1|6
|teamsize|p2|6
|gen|8
|tier|[Gen 8] OU
|rated|Tournament battle
|rule|Sleep Clause Mod: Limit one foe put to sleep
|rule|Species Clause: Limit one of each Pokémon
|rule|OHKO Clause: OHKO moves are banned
|rule|Evasion Items Clause: Evasion items are banned
|rule|Evasion Moves Clause: Evasion moves are banned
|rule|Endless Battle Clause: Forcing endless battles is banned
|rule|HP Percentage Mod: HP is shown in percentages
|rule|Dynamax Clause: You cannot dynamax
|clearpoke
|poke|p1|Mienshao, M|
|poke|p1|Krookodile, M|
|poke|p1|Tapu Fini|
|poke|p1|Heatran, M|
|poke|p1|Ferrothorn, M|
|poke|p1|Zapdos|
|poke|p2|Snorlax, M|
|poke|p2|Suicune|
|poke|p2|Melmetal|
|poke|p2|Victini|
|poke|p2|Landorus-Therian, M|
|poke|p2|Zapdos|
|teampreview
|j| Pikablu007
|c|☆IIIodyne|hf
|c|☆wintrmint|glhf
|
|t:|1666573216
|start
|switch|p1a: Tapu Fini|Tapu Fini|100/100
|switch|p2a: Landorus|Landorus-Therian, M|100/100
|-ability|p2a: Landorus|Intimidate|boost
|-unboost|p1a: Tapu Fini|atk|1
|-fieldstart|move: Misty Terrain|[from] ability: Misty Surge|[of] p1a: Tapu Fini
|turn|1
|inactive|IIIodyne has 120 seconds left.
|inactive|wintrmint has 120 seconds left.
|l| Pikablu007
|inactive|wintrmint has 90 seconds left.
|
|t:|1666573281
|switch|p2a: Melmetal|Melmetal|100/100
|move|p1a: Tapu Fini|Scald|p2a: Melmetal
|-damage|p2a: Melmetal|83/100
|
|upkeep
|turn|2
|inactive|wintrmint has 90 seconds left.
|inactive|IIIodyne has 120 seconds left.
|inactive|wintrmint has 60 seconds left.
|
|t:|1666573321
|switch|p1a: Zapdos|Zapdos|100/100
|move|p2a: Melmetal|Thunder Punch|p1a: Zapdos
|-damage|p1a: Zapdos|70/100
|
|upkeep
|turn|3
|
|t:|1666573329
|switch|p2a: Snorlax|Snorlax, M|100/100
|move|p1a: Zapdos|Volt Switch|p2a: Snorlax
|-damage|p2a: Snorlax|87/100
|
|t:|1666573335
|switch|p1a: Mienshao|Mienshao, M|100/100|[from]move: Volt Switch
|
|-heal|p2a: Snorlax|93/100|[from] item: Leftovers
|upkeep
|turn|4
|inactive|wintrmint has 60 seconds left.
|
|t:|1666573357
|switch|p2a: Zapdos|Zapdos|100/100
|move|p1a: Mienshao|Close Combat|p2a: Zapdos
|-resisted|p2a: Zapdos
|-damage|p2a: Zapdos|54/100
|-unboost|p1a: Mienshao|def|1
|-unboost|p1a: Mienshao|spd|1
|-damage|p1a: Mienshao|91/100|[from] item: Life Orb
|
|upkeep
|turn|5
|inactive|wintrmint has 60 seconds left.
|
|t:|1666573370
|switch|p2a: Suicune|Suicune|100/100
|-ability|p2a: Suicune|Pressure
|move|p1a: Mienshao|U-turn|p2a: Suicune
|-damage|p2a: Suicune|83/100
|-damage|p1a: Mienshao|81/100|[from] item: Life Orb
|inactive|wintrmint has 60 seconds left.
|
|t:|1666573399
|switch|p1a: Ferrothorn|Ferrothorn, M|100/100|[from]move: U-turn
|
|-heal|p2a: Suicune|90/100|[from] item: Leftovers
|-fieldend|Misty Terrain
|upkeep
|turn|6
|
|t:|1666573405
|switch|p2a: Zapdos|Zapdos|54/100
|move|p1a: Ferrothorn|Power Whip|p2a: Zapdos
|-resisted|p2a: Zapdos
|-damage|p2a: Zapdos|32/100
|
|upkeep
|turn|7
|
|t:|1666573414
|switch|p1a: Heatran|Heatran, M|100/100
|move|p2a: Zapdos|Volt Switch|p1a: Heatran
|-damage|p1a: Heatran|75/100
|
|t:|1666573417
|switch|p2a: Landorus|Landorus-Therian, M|100/100|[from]move: Volt Switch
|-ability|p2a: Landorus|Intimidate|boost
|-unboost|p1a: Heatran|atk|1
|
|-heal|p1a: Heatran|81/100|[from] item: Leftovers
|upkeep
|turn|8
|inactive|wintrmint has 60 seconds left.
|
|t:|1666573426
|switch|p1a: Tapu Fini|Tapu Fini|100/100
|-fieldstart|move: Misty Terrain|[from] ability: Misty Surge|[of] p1a: Tapu Fini
|move|p2a: Landorus|Knock Off|p1a: Tapu Fini
|-resisted|p1a: Tapu Fini
|-damage|p1a: Tapu Fini|87/100
|-enditem|p1a: Tapu Fini|Leftovers|[from] move: Knock Off|[of] p2a: Landorus
|
|upkeep
|turn|9
|inactive|wintrmint has 60 seconds left.
|
|t:|1666573436
|switch|p2a: Melmetal|Melmetal|83/100
|move|p1a: Tapu Fini|Scald|p2a: Melmetal
|-damage|p2a: Melmetal|67/100
|
|upkeep
|turn|10
|
|t:|1666573445
|switch|p1a: Zapdos|Zapdos|70/100
|move|p2a: Melmetal|Ice Punch|p1a: Zapdos
|-supereffective|p1a: Zapdos
|-damage|p1a: Zapdos|11/100
|
|upkeep
|turn|11
|
|t:|1666573457
|move|p1a: Zapdos|Roost|p1a: Zapdos
|-heal|p1a: Zapdos|61/100
|-singleturn|p1a: Zapdos|move: Roost
|move|p2a: Melmetal|Earthquake|p1a: Zapdos
|-supereffective|p1a: Zapdos
|-damage|p1a: Zapdos|0 fnt
|faint|p1a: Zapdos
|
|upkeep
|c|☆wintrmint|nice play
|c|☆IIIodyne|ty
|inactive|wintrmint has 60 seconds left.
|
|t:|1666573489
|switch|p1a: Heatran|Heatran, M|81/100
|turn|12
|
|t:|1666573493
|switch|p2a: Snorlax|Snorlax, M|93/100
|move|p1a: Heatran|Magma Storm|p2a: Snorlax
|-damage|p2a: Snorlax|83/100
|-activate|p2a: Snorlax|move: Magma Storm|[of] p1a: Heatran
|
|-heal|p1a: Heatran|87/100|[from] item: Leftovers
|-heal|p2a: Snorlax|89/100|[from] item: Leftovers
|-damage|p2a: Snorlax|76/100|[from] move: Magma Storm|[partiallytrapped]
|-fieldend|Misty Terrain
|upkeep
|turn|13
|c|☆wintrmint|10% is crazy sheesh
|
|t:|1666573509
|move|p1a: Heatran|Taunt|p2a: Snorlax
|-start|p2a: Snorlax|move: Taunt
|move|p2a: Snorlax|Body Slam|p1a: Heatran
|-resisted|p1a: Heatran
|-damage|p1a: Heatran|73/100
|
|-heal|p1a: Heatran|79/100|[from] item: Leftovers
|-heal|p2a: Snorlax|82/100|[from] item: Leftovers
|-damage|p2a: Snorlax|70/100|[from] move: Magma Storm|[partiallytrapped]
|upkeep
|turn|14
|c|☆IIIodyne|fat
|
|t:|1666573527
|move|p1a: Heatran|Stealth Rock|p2a: Snorlax
|-sidestart|p2: IIIodyne|move: Stealth Rock
|move|p2a: Snorlax|Body Slam|p1a: Heatran
|-resisted|p1a: Heatran
|-damage|p1a: Heatran|67/100
|
|-heal|p1a: Heatran|73/100|[from] item: Leftovers
|-heal|p2a: Snorlax|76/100|[from] item: Leftovers
|-damage|p2a: Snorlax|64/100|[from] move: Magma Storm|[partiallytrapped]
|upkeep
|turn|15
|
|t:|1666573542
|switch|p1a: Ferrothorn|Ferrothorn, M|100/100
|move|p2a: Snorlax|Body Slam|p1a: Ferrothorn
|-resisted|p1a: Ferrothorn
|-damage|p1a: Ferrothorn|91/100
|-damage|p2a: Snorlax|51/100|[from] ability: Iron Barbs|[of] p1a: Ferrothorn
|
|-heal|p2a: Snorlax|57/100|[from] item: Leftovers
|-heal|p1a: Ferrothorn|97/100|[from] item: Leftovers
|-end|p2a: Snorlax|Magma Storm|[partiallytrapped]|[silent]
|-end|p2a: Snorlax|move: Taunt
|upkeep
|turn|16
|inactive|wintrmint has 30 seconds left.
|
|t:|1666573581
|switch|p1a: Krookodile|Krookodile, M|100/100
|-ability|p1a: Krookodile|Intimidate|boost
|-unboost|p2a: Snorlax|atk|1
|move|p2a: Snorlax|Curse|p2a: Snorlax
|-unboost|p2a: Snorlax|spe|1
|-boost|p2a: Snorlax|atk|1
|-boost|p2a: Snorlax|def|1
|
|-heal|p2a: Snorlax|63/100|[from] item: Leftovers
|upkeep
|turn|17
|inactive|wintrmint has 30 seconds left.
|
|t:|1666573590
|switch|p2a: Landorus|Landorus-Therian, M|100/100
|-damage|p2a: Landorus|88/100|[from] Stealth Rock
|-ability|p2a: Landorus|Intimidate|boost
|-unboost|p1a: Krookodile|atk|1
|move|p1a: Krookodile|Close Combat|p2a: Landorus
|-resisted|p2a: Landorus
|-damage|p2a: Landorus|74/100
|-unboost|p1a: Krookodile|def|1
|-unboost|p1a: Krookodile|spd|1
|
|upkeep
|turn|18
|inactive|wintrmint has 30 seconds left.
|inactive|wintrmint has 20 seconds left.
|
|t:|1666573613
|switch|p1a: Ferrothorn|Ferrothorn, M|97/100
|move|p2a: Landorus|Earthquake|p1a: Ferrothorn
|-damage|p1a: Ferrothorn|63/100
|
|-heal|p1a: Ferrothorn|69/100|[from] item: Leftovers
|upkeep
|turn|19
|inactive|wintrmint has 30 seconds left this turn.
|inactive|wintrmint has 20 seconds left.
|
|t:|1666573623
|switch|p2a: Zapdos|Zapdos|32/100
|move|p1a: Ferrothorn|Leech Seed|p2a: Zapdos
|-start|p2a: Zapdos|move: Leech Seed
|
|-heal|p1a: Ferrothorn|75/100|[from] item: Leftovers
|-damage|p2a: Zapdos|20/100|[from] Leech Seed|[of] p1a: Ferrothorn
|-heal|p1a: Ferrothorn|88/100|[silent]
|upkeep
|turn|20
|inactive|wintrmint has 30 seconds left this turn.
|
|t:|1666573633
|move|p1a: Ferrothorn|Protect|p1a: Ferrothorn
|-singleturn|p1a: Ferrothorn|Protect
|move|p2a: Zapdos|Defog|p1a: Ferrothorn
|-activate|p1a: Ferrothorn|move: Protect
|
|-heal|p1a: Ferrothorn|94/100|[from] item: Leftovers
|-damage|p2a: Zapdos|8/100|[from] Leech Seed|[of] p1a: Ferrothorn
|-heal|p1a: Ferrothorn|100/100|[silent]
|upkeep
|turn|21
|inactive|wintrmint has 30 seconds left.
|inactive|wintrmint has 20 seconds left.
|inactive|wintrmint has 15 seconds left.
|
|t:|1666573654
|switch|p1a: Krookodile|Krookodile, M|100/100
|-ability|p1a: Krookodile|Intimidate|boost
|-unboost|p2a: Zapdos|atk|1
|move|p2a: Zapdos|Heat Wave|p1a: Krookodile
|-damage|p1a: Krookodile|57/100
|
|-damage|p2a: Zapdos|0 fnt|[from] Leech Seed|[of] p1a: Krookodile
|-heal|p1a: Krookodile|64/100|[silent]
|faint|p2a: Zapdos
|upkeep
|inactive|wintrmint has 20 seconds left this turn.
|
|t:|1666573663
|switch|p2a: Victini|Victini|100/100
|-damage|p2a: Victini|76/100|[from] Stealth Rock
|turn|22
|inactive|wintrmint has 30 seconds left this turn.
|
|t:|1666573672
|switch|p1a: Heatran|Heatran, M|73/100
|move|p2a: Victini|Bolt Strike|p1a: Heatran
|-damage|p1a: Heatran|29/100
|
|-heal|p1a: Heatran|35/100|[from] item: Leftovers
|upkeep
|turn|23
|inactive|wintrmint has 30 seconds left.
|inactive|wintrmint has 20 seconds left.
|inactive|wintrmint has 15 seconds left.
|inactive|wintrmint has 10 seconds left.
|
|t:|1666573699
|switch|p2a: Snorlax|Snorlax, M|63/100
|-damage|p2a: Snorlax|51/100|[from] Stealth Rock
|switch|p1a: Krookodile|Krookodile, M|64/100
|-ability|p1a: Krookodile|Intimidate|boost
|-unboost|p2a: Snorlax|atk|1
|
|-heal|p2a: Snorlax|57/100|[from] item: Leftovers
|upkeep
|turn|24
|inactive|wintrmint has 20 seconds left this turn.
|inactive|wintrmint has 15 seconds left.
|inactive|wintrmint has 10 seconds left.
|
|t:|1666573710
|switch|p2a: Suicune|Suicune|90/100
|-damage|p2a: Suicune|77/100|[from] Stealth Rock
|-ability|p2a: Suicune|Pressure
|move|p1a: Krookodile|Close Combat|p2a: Suicune
|-damage|p2a: Suicune|57/100
|-unboost|p1a: Krookodile|def|1
|-unboost|p1a: Krookodile|spd|1
|
|-heal|p2a: Suicune|63/100|[from] item: Leftovers
|upkeep
|turn|25
|inactive|wintrmint has 20 seconds left this turn.
|inactive|wintrmint has 15 seconds left.
|inactive|wintrmint has 10 seconds left.
|
|t:|1666573721
|switch|p1a: Ferrothorn|Ferrothorn, M|100/100
|move|p2a: Suicune|Scald|p1a: Ferrothorn
|-resisted|p1a: Ferrothorn
|-damage|p1a: Ferrothorn|90/100
|
|-heal|p2a: Suicune|70/100|[from] item: Leftovers
|-heal|p1a: Ferrothorn|96/100|[from] item: Leftovers
|upkeep
|turn|26
|inactive|wintrmint has 20 seconds left this turn.
|inactive|wintrmint has 15 seconds left.
|
|t:|1666573733
|switch|p2a: Victini|Victini|76/100
|-damage|p2a: Victini|51/100|[from] Stealth Rock
|switch|p1a: Tapu Fini|Tapu Fini|87/100
|-fieldstart|move: Misty Terrain|[from] ability: Misty Surge|[of] p1a: Tapu Fini
|
|upkeep
|turn|27
|inactive|wintrmint has 25 seconds left this turn.
|inactive|wintrmint has 20 seconds left.
|
|t:|1666573741
|switch|p1a: Heatran|Heatran, M|35/100
|move|p2a: Victini|Trick|p1a: Heatran
|-activate|p2a: Victini|move: Trick|[of] p1a: Heatran
|-item|p1a: Heatran|Choice Band|[from] move: Trick
|-item|p2a: Victini|Leftovers|[from] move: Trick
|
|-heal|p2a: Victini|57/100|[from] item: Leftovers
|upkeep
|turn|28
|inactive|wintrmint has 30 seconds left this turn.
|
|t:|1666573750
|move|p2a: Victini|Bolt Strike|p1a: Heatran
|-damage|p1a: Heatran|5/100
|move|p1a: Heatran|Earth Power|p2a: Victini
|-supereffective|p2a: Victini
|-damage|p2a: Victini|9/100
|
|-heal|p2a: Victini|15/100|[from] item: Leftovers
|upkeep
|turn|29
|inactive|wintrmint has 30 seconds left.
|
|t:|1666573759
|move|p2a: Victini|Bolt Strike|p1a: Heatran
|-damage|p1a: Heatran|0 fnt
|faint|p1a: Heatran
|
|-heal|p2a: Victini|21/100|[from] item: Leftovers
|upkeep
|inactive|wintrmint has 30 seconds left.
|
|t:|1666573765
|switch|p1a: Mienshao|Mienshao, M|100/100
|turn|30
|
|t:|1666573772
|move|p1a: Mienshao|Knock Off|p2a: Victini
|-supereffective|p2a: Victini
|-damage|p2a: Victini|0 fnt
|-enditem|p2a: Victini|Leftovers|[from] move: Knock Off|[of] p1a: Mienshao
|faint|p2a: Victini
|-damage|p1a: Mienshao|91/100|[from] item: Life Orb
|
|-fieldend|Misty Terrain
|upkeep
|
|t:|1666573785
|switch|p2a: Landorus|Landorus-Therian, M|74/100
|-damage|p2a: Landorus|62/100|[from] Stealth Rock
|-ability|p2a: Landorus|Intimidate|boost
|-unboost|p1a: Mienshao|atk|1
|turn|31
|
|t:|1666573792
|move|p2a: Landorus|Earthquake|p1a: Mienshao
|-damage|p1a: Mienshao|0 fnt
|faint|p1a: Mienshao
|
|upkeep
|j|@Sww-Suwa
|
|t:|1666573818
|switch|p1a: Krookodile|Krookodile, M|64/100
|-ability|p1a: Krookodile|Intimidate|boost
|-unboost|p2a: Landorus|atk|1
|turn|32
|
|t:|1666573827
|switch|p2a: Suicune|Suicune|70/100
|-damage|p2a: Suicune|57/100|[from] Stealth Rock
|-ability|p2a: Suicune|Pressure
|move|p1a: Krookodile|Knock Off|p2a: Suicune
|-damage|p2a: Suicune|30/100
|-enditem|p2a: Suicune|Leftovers|[from] move: Knock Off|[of] p1a: Krookodile
|
|upkeep
|turn|33
|
|t:|1666573836
|switch|p1a: Ferrothorn|Ferrothorn, M|96/100
|move|p2a: Suicune|Rest|p2a: Suicune
|-status|p2a: Suicune|slp|[from] move: Rest
|-heal|p2a: Suicune|100/100 slp|[silent]
|
|-heal|p1a: Ferrothorn|100/100|[from] item: Leftovers
|upkeep
|turn|34
|l|@Sww-Suwa
|
|t:|1666573848
|switch|p2a: Landorus|Landorus-Therian, M|62/100
|-damage|p2a: Landorus|50/100|[from] Stealth Rock
|-ability|p2a: Landorus|Intimidate|boost
|-unboost|p1a: Ferrothorn|atk|1
|move|p1a: Ferrothorn|Spikes|p2a: Landorus
|-sidestart|p2: IIIodyne|Spikes
|
|upkeep
|turn|35
|
|t:|1666573857
|move|p2a: Landorus|Knock Off|p1a: Ferrothorn
|-damage|p1a: Ferrothorn|78/100
|-damage|p2a: Landorus|38/100|[from] ability: Iron Barbs|[of] p1a: Ferrothorn
|-enditem|p1a: Ferrothorn|Leftovers|[from] move: Knock Off|[of] p2a: Landorus
|move|p1a: Ferrothorn|Leech Seed|p2a: Landorus
|-start|p2a: Landorus|move: Leech Seed
|
|-damage|p2a: Landorus|26/100|[from] Leech Seed|[of] p1a: Ferrothorn
|-heal|p1a: Ferrothorn|89/100|[silent]
|upkeep
|turn|36
|inactive|wintrmint has 60 seconds left.
|
|t:|1666573868
|switch|p2a: Snorlax|Snorlax, M|57/100
|-damage|p2a: Snorlax|45/100|[from] Stealth Rock
|-damage|p2a: Snorlax|32/100|[from] Spikes
|move|p1a: Ferrothorn|Protect||[still]
|-fail|p1a: Ferrothorn
|
|-heal|p2a: Snorlax|38/100|[from] item: Leftovers
|upkeep
|turn|37
|inactive|wintrmint has 60 seconds left.
|
|t:|1666573881
|switch|p1a: Krookodile|Krookodile, M|64/100
|-ability|p1a: Krookodile|Intimidate|boost
|-unboost|p2a: Snorlax|atk|1
|move|p2a: Snorlax|Curse|p2a: Snorlax
|-unboost|p2a: Snorlax|spe|1
|-boost|p2a: Snorlax|atk|1
|-boost|p2a: Snorlax|def|1
|
|-heal|p2a: Snorlax|45/100|[from] item: Leftovers
|upkeep
|turn|38
|inactive|wintrmint has 60 seconds left.
|
|t:|1666573898
|switch|p2a: Suicune|Suicune|100/100 slp
|-damage|p2a: Suicune|88/100 slp|[from] Stealth Rock
|-damage|p2a: Suicune|76/100 slp|[from] Spikes
|-ability|p2a: Suicune|Pressure
|move|p1a: Krookodile|Close Combat|p2a: Suicune
|-damage|p2a: Suicune|55/100 slp
|-unboost|p1a: Krookodile|def|1
|-unboost|p1a: Krookodile|spd|1
|
|upkeep
|turn|39
|inactive|wintrmint has 60 seconds left.
|
|t:|1666573911
|switch|p1a: Ferrothorn|Ferrothorn, M|89/100
|cant|p2a: Suicune|slp
|
|upkeep
|turn|40
|
|t:|1666573921
|cant|p2a: Suicune|slp
|move|p1a: Ferrothorn|Power Whip|p2a: Suicune
|-supereffective|p2a: Suicune
|-damage|p2a: Suicune|10/100 slp
|
|upkeep
|turn|41
|
|t:|1666573926
|-curestatus|p2a: Suicune|slp|[msg]
|move|p2a: Suicune|Rest|p2a: Suicune
|-status|p2a: Suicune|slp|[from] move: Rest
|-heal|p2a: Suicune|100/100 slp|[silent]
|move|p1a: Ferrothorn|Power Whip|p2a: Suicune
|-supereffective|p2a: Suicune
|-damage|p2a: Suicune|54/100 slp
|
|upkeep
|turn|42
|
|t:|1666573935
|switch|p2a: Melmetal|Melmetal|67/100
|-damage|p2a: Melmetal|61/100|[from] Stealth Rock
|-damage|p2a: Melmetal|49/100|[from] Spikes
|move|p1a: Ferrothorn|Spikes|p2a: Melmetal
|-sidestart|p2: IIIodyne|Spikes
|
|upkeep
|turn|43
|
|t:|1666573951
|move|p1a: Ferrothorn|Protect|p1a: Ferrothorn
|-singleturn|p1a: Ferrothorn|Protect
|move|p2a: Melmetal|Earthquake|p1a: Ferrothorn
|-activate|p1a: Ferrothorn|move: Protect
|
|upkeep
|turn|44
|
|t:|1666573959
|move|p2a: Melmetal|Earthquake|p1a: Ferrothorn
|-damage|p1a: Ferrothorn|65/100
|move|p1a: Ferrothorn|Leech Seed|p2a: Melmetal
|-start|p2a: Melmetal|move: Leech Seed
|
|-damage|p2a: Melmetal|36/100|[from] Leech Seed|[of] p1a: Ferrothorn
|-heal|p1a: Ferrothorn|80/100|[silent]
|upkeep
|turn|45
|
|t:|1666573966
|move|p2a: Melmetal|Earthquake|p1a: Ferrothorn
|-damage|p1a: Ferrothorn|58/100
|move|p1a: Ferrothorn|Spikes|p2a: Melmetal
|-sidestart|p2: IIIodyne|Spikes
|
|-damage|p2a: Melmetal|24/100|[from] Leech Seed|[of] p1a: Ferrothorn
|-heal|p1a: Ferrothorn|72/100|[silent]
|upkeep
|turn|46
|
|t:|1666573977
|move|p1a: Ferrothorn|Protect|p1a: Ferrothorn
|-singleturn|p1a: Ferrothorn|Protect
|move|p2a: Melmetal|Earthquake|p1a: Ferrothorn
|-activate|p1a: Ferrothorn|move: Protect
|
|-damage|p2a: Melmetal|11/100|[from] Leech Seed|[of] p1a: Ferrothorn
|-heal|p1a: Ferrothorn|87/100|[silent]
|upkeep
|turn|47
|
|t:|1666573984
|move|p2a: Melmetal|Earthquake|p1a: Ferrothorn
|-damage|p1a: Ferrothorn|65/100
|move|p1a: Ferrothorn|Power Whip|p2a: Melmetal|[miss]
|-miss|p1a: Ferrothorn|p2a: Melmetal
|
|-damage|p2a: Melmetal|0 fnt|[from] Leech Seed|[of] p1a: Ferrothorn
|-heal|p1a: Ferrothorn|77/100|[silent]
|faint|p2a: Melmetal
|upkeep
|
|t:|1666573987
|switch|p2a: Snorlax|Snorlax, M|45/100
|-damage|p2a: Snorlax|32/100|[from] Stealth Rock
|-damage|p2a: Snorlax|7/100|[from] Spikes
|turn|48
|inactive|wintrmint has 90 seconds left.
|
|t:|1666573997
|move|p2a: Snorlax|Rest|p2a: Snorlax
|-status|p2a: Snorlax|slp|[from] move: Rest
|-heal|p2a: Snorlax|100/100 slp|[silent]
|move|p1a: Ferrothorn|Leech Seed|p2a: Snorlax|[miss]
|-miss|p1a: Ferrothorn|p2a: Snorlax
|
|upkeep
|turn|49
|
|t:|1666574004
|switch|p1a: Krookodile|Krookodile, M|64/100
|-ability|p1a: Krookodile|Intimidate|boost
|-unboost|p2a: Snorlax|atk|1
|cant|p2a: Snorlax|slp
|
|upkeep
|turn|50
|
|t:|1666574010
|switch|p2a: Suicune|Suicune|54/100 slp
|-damage|p2a: Suicune|41/100 slp|[from] Stealth Rock
|-damage|p2a: Suicune|16/100 slp|[from] Spikes
|-ability|p2a: Suicune|Pressure
|move|p1a: Krookodile|Close Combat|p2a: Suicune
|-damage|p2a: Suicune|0 fnt
|-unboost|p1a: Krookodile|def|1
|-unboost|p1a: Krookodile|spd|1
|faint|p2a: Suicune
|
|upkeep
|
|t:|1666574019
|switch|p2a: Landorus|Landorus-Therian, M|26/100
|-damage|p2a: Landorus|13/100|[from] Stealth Rock
|-ability|p2a: Landorus|Intimidate|boost
|-unboost|p1a: Krookodile|atk|1
|turn|51
|
|t:|1666574024
|switch|p1a: Tapu Fini|Tapu Fini|87/100
|-fieldstart|move: Misty Terrain|[from] ability: Misty Surge|[of] p1a: Tapu Fini
|move|p2a: Landorus|Earthquake|p1a: Tapu Fini
|-damage|p1a: Tapu Fini|46/100
|
|upkeep
|turn|52
|
|t:|1666574035
|move|p2a: Landorus|Earthquake|p1a: Tapu Fini
|-damage|p1a: Tapu Fini|7/100
|move|p1a: Tapu Fini|Draining Kiss|p2a: Landorus
|-damage|p2a: Landorus|0 fnt
|-heal|p1a: Tapu Fini|16/100|[from] drain|[of] p2a: Landorus
|faint|p2a: Landorus
|
|upkeep
|
|t:|1666574037
|switch|p2a: Snorlax|Snorlax, M|100/100 slp
|-damage|p2a: Snorlax|88/100 slp|[from] Stealth Rock
|-damage|p2a: Snorlax|63/100 slp|[from] Spikes
|turn|53
|inactive|wintrmint has 120 seconds left.
|
|t:|1666574046
|switch|p1a: Krookodile|Krookodile, M|64/100
|-ability|p1a: Krookodile|Intimidate|boost
|-unboost|p2a: Snorlax|atk|1
|cant|p2a: Snorlax|slp
|
|-heal|p2a: Snorlax|69/100 slp|[from] item: Leftovers
|upkeep
|turn|54
|c|☆IIIodyne|gg
|
|t:|1666574055
|move|p1a: Krookodile|Close Combat|p2a: Snorlax
|-supereffective|p2a: Snorlax
|-damage|p2a: Snorlax|0 fnt
|-unboost|p1a: Krookodile|def|1
|-unboost|p1a: Krookodile|spd|1
|faint|p2a: Snorlax
|
|win|wintrmint
|n|☆wintrmint|wintrmint
|n|☆IIIodyne|iiiodyne
|c|☆wintrmint|gg
|c|☆IIIodyne|i had a surprise for ferro
|c|☆wintrmint|fire punch
|c|☆IIIodyne|but you didnt stay in :(
|c|☆wintrmint|?
|c|☆IIIodyne|heat crash
|c|☆wintrmint|LMAO
|c|☆wintrmint|i knew it had that
|c|☆wintrmint|shivered me timbers
