|raw|<div class="broadcast-blue"><strong>This battle is required to be public due to a player having a name prefixed by 'LT71LX'.</div>
|j|☆LT71LX Kappucci
|j|‽BOUGHT A BIG K
|t:|1597297153
|player|p1|LT71LX Kappucci|twins|2154
|player|p2|BOUGHT A BIG K|#wcop2020usmidwest|2115
|teamsize|p1|6
|teamsize|p2|6
|gametype|singles
|gen|8
|tier|[Gen 8] OU
|rated|
|clearpoke
|poke|p1|Magnezone|
|poke|p1|Urshifu-*, M|
|poke|p1|Dragapult, M|
|poke|p1|Tangrowth, F|
|poke|p1|Clefable, M|
|poke|p1|Slowking, F|
|poke|p2|Magnezone|
|poke|p2|Urshifu-*, F|
|poke|p2|Dragapult, M|
|poke|p2|Tangrowth, F|
|poke|p2|Clefable, M|
|poke|p2|Slowking, F|
|rule|Sleep Clause Mod: Limit one foe put to sleep
|rule|Species Clause: Limit one of each Pokémon
|rule|OHKO Clause: OHKO moves are banned
|rule|Evasion Moves Clause: Evasion moves are banned
|rule|Endless Battle Clause: Forcing endless battles is banned
|rule|HP Percentage Mod: HP is shown in percentages
|rule|Dynamax Clause: You cannot dynamax
|teampreview
|j| Insult
|j| OUTU Hide And Seek
|j| LT71LX PJ
|j| IPF
|j| melancholy hills
|j| ez
|c|☆LT71LX Kappucci|zzz
|j| James110489
|c|☆LT71LX Kappucci|h f
|j| BoomBoomBoo
|j| Tace
|j| lt71lx bfl
|
|t:|1597297179
|start
|switch|p1a: Magnezone|Magnezone|100/100
|switch|p2a: Magnezone|Magnezone|100/100
|turn|1
|
|t:|1597297186
|move|p2a: Magnezone|Volt Switch|p1a: Magnezone
|-resisted|p1a: Magnezone
|-damage|p1a: Magnezone|57/100
|j| Devil Patchy
|j| sir guap
|j| Crack in time
|j| plkordcfojiugv
|
|t:|1597297196
|switch|p2a: Tangrowth|Tangrowth, F|100/100|[from]move: Volt Switch
|move|p1a: Magnezone|Volt Switch|p2a: Tangrowth
|-resisted|p2a: Tangrowth
|-damage|p2a: Tangrowth|41/100
|j| King Kdot
|l| sir guap
|
|t:|1597297204
|switch|p1a: Clefable|Clefable, M|100/100|[from]move: Volt Switch
|
|upkeep
|turn|2
|
|t:|1597297211
|switch|p2a: Clefable|Clefable, M|100/100
|move|p1a: Clefable|Stealth Rock|p2a: Clefable
|-sidestart|p2: BOUGHT A BIG K|move: Stealth Rock
|
|upkeep
|turn|3
|l| plkordcfojiugv
|
|t:|1597297216
|switch|p1a: Magnezone|Magnezone|57/100
|move|p2a: Clefable|Stealth Rock|p1a: Magnezone
|-sidestart|p1: LT71LX Kappucci|move: Stealth Rock
|
|upkeep
|turn|4
|l| Insult
|
|t:|1597297226
|switch|p2a: Dragapult|Dragapult, M|100/100
|move|p1a: Magnezone|Volt Switch|p2a: Dragapult
|-resisted|p2a: Dragapult
|-damage|p2a: Dragapult|46/100
|j| TuanNguyen
|
|t:|1597297232
|switch|p1a: Clefable|Clefable, M|100/100|[from]move: Volt Switch
|
|upkeep
|turn|5
|
|t:|1597297239
|move|p2a: Dragapult|U-turn|p1a: Clefable
|-resisted|p1a: Clefable
|-damage|p1a: Clefable|94/100
|
|t:|1597297244
|switch|p2a: Slowking|Slowking, F|100/100|[from]move: U-turn
|-damage|p2a: Slowking|88/100|[from] Stealth Rock
|move|p1a: Clefable|Moonblast|p2a: Slowking
|-crit|p2a: Slowking
|-damage|p2a: Slowking|63/100
|
|upkeep
|turn|6
|
|t:|1597297250
|move|p1a: Clefable|Moonblast|p2a: Slowking
|-damage|p2a: Slowking|47/100
|move|p2a: Slowking|Zap Cannon|p1a: Clefable|[miss]
|-miss|p2a: Slowking|p1a: Clefable
|
|upkeep
|turn|7
|
|t:|1597297254
|switch|p1a: Tangrowth|Tangrowth, F|100/100
|-damage|p1a: Tangrowth|88/100|[from] Stealth Rock
|move|p2a: Slowking|Zap Cannon|p1a: Tangrowth
|-resisted|p1a: Tangrowth
|-damage|p1a: Tangrowth|62/100
|-status|p1a: Tangrowth|par
|
|upkeep
|turn|8
|
|t:|1597297259
|switch|p1a: Dragapult|Dragapult, M|100/100
|move|p2a: Slowking|Zap Cannon|p1a: Dragapult
|-resisted|p1a: Dragapult
|-damage|p1a: Dragapult|72/100
|-status|p1a: Dragapult|par
|
|upkeep
|turn|9
|
|t:|1597297270
|switch|p2a: Clefable|Clefable, M|100/100
|cant|p1a: Dragapult|par
|
|upkeep
|turn|10
|j| LT71LXKANAHANAZAWA
|j| sir guap
|j| Lt71lx gray
|
|t:|1597297282
|switch|p1a: Slowking|Slowking, F|100/100
|-damage|p1a: Slowking|88/100|[from] Stealth Rock
|move|p2a: Clefable|Moonblast|p1a: Slowking
|-damage|p1a: Slowking|71/100
|-unboost|p1a: Slowking|spa|1
|
|upkeep
|turn|11
|l| lt71lx bfl
|j| Lightchanseyy
|j| TanishqTrainer
|
|t:|1597297287
|move|p2a: Clefable|Moonblast|p1a: Slowking
|-damage|p1a: Slowking|54/100
|-unboost|p1a: Slowking|spa|1
|move|p1a: Slowking|Future Sight|p2a: Clefable
|-start|p1a: Slowking|move: Future Sight
|
|upkeep
|turn|12
|
|t:|1597297294
|switch|p1a: Clefable|Clefable, M|94/100
|move|p2a: Clefable|Moonblast|p1a: Clefable
|-damage|p1a: Clefable|66/100
|-unboost|p1a: Clefable|spa|1
|
|upkeep
|turn|13
|j| myjava
|
|t:|1597297312
|switch|p2a: Slowking|Slowking, F|80/100
|-damage|p2a: Slowking|68/100|[from] Stealth Rock
|move|p1a: Clefable|Moonblast|p2a: Slowking
|-damage|p2a: Slowking|55/100
|
|-end|p2a: Slowking|move: Future Sight
|-resisted|p2a: Slowking
|-damage|p2a: Slowking|41/100
|upkeep
|turn|14
|j| Peachy Sweet
|j| RULT2at Aqua
|
|t:|1597297321
|switch|p1a: Dragapult|Dragapult, M|72/100 par
|switch|p2a: Magnezone|Magnezone|100/100
|-damage|p2a: Magnezone|94/100|[from] Stealth Rock
|
|upkeep
|turn|15
|
|t:|1597297332
|switch|p1a: Slowking|Slowking, F|88/100
|-damage|p1a: Slowking|75/100|[from] Stealth Rock
|move|p2a: Magnezone|Flash Cannon|p1a: Slowking
|-resisted|p1a: Slowking
|-damage|p1a: Slowking|50/100
|
|upkeep
|turn|16
|
|t:|1597297339
|switch|p2a: Slowking|Slowking, F|74/100
|-damage|p2a: Slowking|62/100|[from] Stealth Rock
|move|p1a: Slowking|Future Sight|p2a: Slowking
|-start|p1a: Slowking|move: Future Sight
|
|upkeep
|turn|17
|
|t:|1597297344
|switch|p1a: Dragapult|Dragapult, M|72/100 par
|move|p2a: Slowking|Scald|p1a: Dragapult
|-resisted|p1a: Dragapult
|-damage|p1a: Dragapult|47/100 par
|
|upkeep
|turn|18
|j| aahadhrsdyasry
|j| Sisaria
|
|t:|1597297355
|move|p1a: Dragapult|U-turn|p2a: Slowking
|-supereffective|p2a: Slowking
|-damage|p2a: Slowking|27/100
|
|t:|1597297362
|switch|p1a: Slowking|Slowking, F|83/100|[from]move: U-turn
|-damage|p1a: Slowking|71/100|[from] Stealth Rock
|move|p2a: Slowking|Power Gem|p1a: Slowking
|-crit|p1a: Slowking
|-damage|p1a: Slowking|49/100
|
|-end|p2a: Slowking|move: Future Sight
|-resisted|p2a: Slowking
|-damage|p2a: Slowking|13/100
|upkeep
|turn|19
|
|t:|1597297378
|move|p2a: Slowking|Zap Cannon|p1a: Slowking
|-supereffective|p1a: Slowking
|-damage|p1a: Slowking|8/100
|-status|p1a: Slowking|par
|move|p1a: Slowking|Scald|p2a: Slowking
|-resisted|p2a: Slowking
|-damage|p2a: Slowking|3/100
|
|upkeep
|turn|20
|inactive|Battle timer is ON: inactive players will automatically lose when time's up. (requested by LT71LX Kappucci)
|
|t:|1597297429
|switch|p1a: Dragapult|Dragapult, M|47/100 par
|move|p2a: Slowking|Scald|p1a: Dragapult
|-resisted|p1a: Dragapult
|-damage|p1a: Dragapult|24/100 par
|
|upkeep
|turn|21
|j| bigyayay
|j| trisew
|
|t:|1597297434
|switch|p2a: Clefable|Clefable, M|100/100
|move|p1a: Dragapult|U-turn|p2a: Clefable
|-resisted|p2a: Clefable
|-damage|p2a: Clefable|94/100
|
|t:|1597297438
|switch|p1a: Magnezone|Magnezone|57/100|[from]move: U-turn
|-damage|p1a: Magnezone|51/100|[from] Stealth Rock
|
|upkeep
|turn|22
|j| Vertex
|j| camus382
|
|t:|1597297450
|switch|p2a: Slowking|Slowking, F|37/100
|-damage|p2a: Slowking|24/100|[from] Stealth Rock
|move|p1a: Magnezone|Flash Cannon|p2a: Slowking
|-resisted|p2a: Slowking
|-damage|p2a: Slowking|1/100
|
|upkeep
|turn|23
|
|t:|1597297453
|switch|p2a: Magnezone|Magnezone|94/100
|-damage|p2a: Magnezone|88/100|[from] Stealth Rock
|move|p1a: Magnezone|Flash Cannon|p2a: Magnezone
|-resisted|p2a: Magnezone
|-damage|p2a: Magnezone|61/100
|-unboost|p2a: Magnezone|spd|1
|
|upkeep
|turn|24
|l| camus382
|
|t:|1597297467
|move|p2a: Magnezone|Thunderbolt|p1a: Magnezone
|-resisted|p1a: Magnezone
|-damage|p1a: Magnezone|0 fnt
|faint|p1a: Magnezone
|
|upkeep
|
|t:|1597297472
|switch|p1a: Urshifu|Urshifu, M|100/100
|-damage|p1a: Urshifu|94/100|[from] Stealth Rock
|turn|25
|
|t:|1597297482
|switch|p2a: Urshifu|Urshifu, F|100/100
|-damage|p2a: Urshifu|94/100|[from] Stealth Rock
|move|p1a: Urshifu|Wicked Blow|p2a: Urshifu
|-resisted|p2a: Urshifu
|-crit|p2a: Urshifu
|-damage|p2a: Urshifu|73/100
|
|upkeep
|turn|26
|l| Crack in time
|
|t:|1597297492
|move|p2a: Urshifu|Iron Head|p1a: Urshifu
|-damage|p1a: Urshifu|56/100
|cant|p1a: Urshifu|flinch
|
|upkeep
|turn|27
|j| lt71lx juuls
|j| Mannat
|
|t:|1597297513
|switch|p1a: Tangrowth|Tangrowth, F|95/100 par
|-damage|p1a: Tangrowth|83/100 par|[from] Stealth Rock
|switch|p2a: Clefable|Clefable, M|94/100
|
|upkeep
|turn|28
|
|t:|1597297520
|switch|p2a: Magnezone|Magnezone|61/100
|-damage|p2a: Magnezone|55/100|[from] Stealth Rock
|move|p1a: Tangrowth|Stun Spore|p2a: Magnezone
|-immune|p2a: Magnezone
|
|upkeep
|turn|29
|
|t:|1597297529
|move|p2a: Magnezone|Flash Cannon|p1a: Tangrowth
|-damage|p1a: Tangrowth|0 fnt
|faint|p1a: Tangrowth
|
|upkeep
|-message|LT71LX Kappucci forfeited.
|
|win|BOUGHT A BIG K
|l|☆LT71LX Kappucci
|j| lt71lx bfl
|raw|LT71LX Kappucci's rating: 2154 &rarr; <strong>2132</strong><br />(-22 for losing)
|raw|BOUGHT A BIG K's rating: 2115 &rarr; <strong>2137</strong><br />(+22 for winning)
|l| Mannat
|l| James110489
|l| aahadhrsdyasry
|l| ez
|l| Lt71lx gray
|l| IPF
