|j|‽30orless
|j|☆Candice
|t:|1667756247
|gametype|singles
|player|p1|30orless|102|1802
|player|p2|Candice|psychicf-gen4|1741
|teamsize|p1|6
|teamsize|p2|6
|gen|8
|tier|[Gen 8] OU
|rated|
|rule|Sleep Clause Mod: Limit one foe put to sleep
|rule|Species Clause: Limit one of each Pokémon
|rule|OHKO Clause: OHKO moves are banned
|rule|Evasion Items Clause: Evasion items are banned
|rule|Evasion Moves Clause: Evasion moves are banned
|rule|Endless Battle Clause: Forcing endless battles is banned
|rule|HP Percentage Mod: HP is shown in percentages
|rule|Dynamax Clause: You cannot dynamax
|clearpoke
|poke|p1|Moltres|
|poke|p1|Hydreigon, M|
|poke|p1|Blaziken, F|
|poke|p1|Volcanion|
|poke|p1|Zapdos|
|poke|p1|Mamoswine, F|
|poke|p2|Landorus-Therian, M|
|poke|p2|Tyranitar, F|
|poke|p2|Zeraora|
|poke|p2|Dragapult, F|
|poke|p2|Volcanion|
|poke|p2|Corviknight, F|
|teampreview
|inactive|Battle timer is ON: inactive players will automatically lose when time's up. (requested by 30orless)
|
|t:|1667756265
|start
|switch|p1a: Mamoswine|Mamoswine, F|100/100
|switch|p2a: Opal|Corviknight, F|100/100
|-ability|p2a: Opal|Pressure
|turn|1
|j| Itotio
|
|t:|1667756268
|switch|p1a: Moltres|Moltres|100/100
|move|p2a: Opal|U-turn|p1a: Moltres
|-resisted|p1a: Moltres
|-damage|p1a: Moltres|97/100
|l| Itotio
|
|t:|1667756281
|switch|p2a: Merupi|Volcanion|100/100|[from]move: U-turn
|
|upkeep
|turn|2
|
|t:|1667756284
|switch|p1a: Hydreigon|Hydreigon, M|100/100
|move|p2a: Merupi|Steam Eruption|p1a: Hydreigon
|-resisted|p1a: Hydreigon
|-damage|p1a: Hydreigon|57/100
|-status|p1a: Hydreigon|brn
|
|-damage|p1a: Hydreigon|51/100 brn|[from] brn
|upkeep
|turn|3
|
|t:|1667756299
|move|p1a: Hydreigon|Earth Power|p2a: Merupi
|-supereffective|p2a: Merupi
|-damage|p2a: Merupi|62/100
|move|p2a: Merupi|Sludge Bomb|p1a: Hydreigon
|-damage|p1a: Hydreigon|7/100 brn
|
|-damage|p1a: Hydreigon|0 fnt|[from] brn
|faint|p1a: Hydreigon
|upkeep
|
|t:|1667756311
|switch|p1a: Mamoswine|Mamoswine, F|100/100
|turn|4
|
|t:|1667756315
|switch|p2a: Opal|Corviknight, F|100/100
|-ability|p2a: Opal|Pressure
|move|p1a: Mamoswine|Earthquake|p2a: Opal
|-immune|p2a: Opal
|
|upkeep
|turn|5
|
|t:|1667756320
|move|p1a: Mamoswine|Stealth Rock|p2a: Opal
|-sidestart|p2: Candice|move: Stealth Rock
|move|p2a: Opal|U-turn|p1a: Mamoswine
|-damage|p1a: Mamoswine|85/100
|j| cypherstest
|
|t:|1667756330
|switch|p2a: Icare|Zeraora|100/100|[from]move: U-turn
|
|upkeep
|turn|6
|j| httpsww7io3wEEV3
|j| zgiata 创世神
|
|t:|1667756352
|move|p2a: Icare|Close Combat|p1a: Mamoswine
|-supereffective|p1a: Mamoswine
|-damage|p1a: Mamoswine|6/100
|-unboost|p2a: Icare|def|1
|-unboost|p2a: Icare|spd|1
|move|p1a: Mamoswine|Earthquake|p2a: Icare
|-supereffective|p2a: Icare
|-damage|p2a: Icare|0 fnt
|faint|p2a: Icare
|
|upkeep
|
|t:|1667756360
|switch|p2a: Opal|Corviknight, F|100/100
|-damage|p2a: Opal|88/100|[from] Stealth Rock
|-ability|p2a: Opal|Pressure
|turn|7
|
|t:|1667756365
|switch|p1a: Moltres|Moltres|97/100
|move|p2a: Opal|Defog|p1a: Moltres
|-unboost|p1a: Moltres|evasion|1
|-sideend|p2: Candice|Stealth Rock|[from] move: Defog|[of] p2a: Opal
|
|upkeep
|turn|8
|
|t:|1667756367
|switch|p2a: Merupi|Volcanion|62/100
|move|p1a: Moltres|Mystical Fire|p2a: Merupi
|-resisted|p2a: Merupi
|-damage|p2a: Merupi|56/100
|-unboost|p2a: Merupi|spa|1
|
|upkeep
|turn|9
|j| tricks av
|
|t:|1667756373
|move|p1a: Moltres|Brave Bird|p2a: Merupi
|-damage|p2a: Merupi|7/100
|-damage|p1a: Moltres|82/100|[from] Recoil
|move|p2a: Merupi|Sludge Bomb|p1a: Moltres
|-damage|p1a: Moltres|59/100
|-status|p1a: Moltres|psn
|
|-damage|p1a: Moltres|47/100 psn|[from] psn
|upkeep
|turn|10
|
|t:|1667756382
|move|p1a: Moltres|Scorching Sands|p2a: Merupi
|-supereffective|p2a: Merupi
|-damage|p2a: Merupi|0 fnt
|faint|p2a: Merupi
|
|-damage|p1a: Moltres|34/100 psn|[from] psn
|upkeep
|
|t:|1667756389
|switch|p2a: Evinrude|Dragapult, F|100/100
|turn|11
|
|t:|1667756391
|move|p2a: Evinrude|Shadow Ball|p1a: Moltres
|-damage|p1a: Moltres|0 fnt
|faint|p1a: Moltres
|
|upkeep
|
|t:|1667756403
|switch|p1a: Volcanion|Volcanion|100/100
|turn|12
|
|t:|1667756408
|move|p2a: Evinrude|Shadow Ball|p1a: Volcanion
|-damage|p1a: Volcanion|40/100
|-unboost|p1a: Volcanion|spd|1
|move|p1a: Volcanion|Steam Eruption|p2a: Evinrude
|-resisted|p2a: Evinrude
|-damage|p2a: Evinrude|60/100
|
|upkeep
|turn|13
|
|t:|1667756414
|move|p2a: Evinrude|Shadow Ball|p1a: Volcanion
|-damage|p1a: Volcanion|0 fnt
|faint|p1a: Volcanion
|
|upkeep
|
|t:|1667756416
|switch|p1a: Mamoswine|Mamoswine, F|6/100
|turn|14
|
|t:|1667756425
|switch|p2a: Opal|Corviknight, F|88/100
|-ability|p2a: Opal|Pressure
|move|p1a: Mamoswine|Ice Shard|p2a: Opal
|-damage|p2a: Opal|74/100
|
|upkeep
|turn|15
|
|t:|1667756431
|switch|p1a: Zapdos|Zapdos|100/100
|move|p2a: Opal|U-turn|p1a: Zapdos
|-resisted|p1a: Zapdos
|-damage|p1a: Zapdos|94/100
|
|t:|1667756435
|switch|p2a: Lillith|Tyranitar, F|100/100|[from]move: U-turn
|-weather|Sandstorm|[from] ability: Sand Stream|[of] p2a: Lillith
|
|-weather|Sandstorm|[upkeep]
|-damage|p1a: Zapdos|88/100|[from] Sandstorm
|upkeep
|turn|16
|
|t:|1667756440
|move|p1a: Zapdos|Discharge|p2a: Lillith
|-damage|p2a: Lillith|72/100
|move|p2a: Lillith|Stone Edge|p1a: Zapdos|[miss]
|-miss|p2a: Lillith|p1a: Zapdos
|
|-weather|Sandstorm|[upkeep]
|-damage|p1a: Zapdos|82/100|[from] Sandstorm
|upkeep
|turn|17
|
|t:|1667756445
|move|p1a: Zapdos|Discharge|p2a: Lillith
|-damage|p2a: Lillith|41/100
|move|p2a: Lillith|Stone Edge|p1a: Zapdos
|-supereffective|p1a: Zapdos
|-crit|p1a: Zapdos
|-damage|p1a: Zapdos|0 fnt
|faint|p1a: Zapdos
|
|-weather|Sandstorm|[upkeep]
|upkeep
|j| RedCharonKnight
|
|t:|1667756452
|switch|p1a: Mamoswine|Mamoswine, F|6/100
|turn|18
|
|t:|1667756454
|move|p1a: Mamoswine|Icicle Crash|p2a: Lillith
|-damage|p2a: Lillith|0 fnt
|faint|p2a: Lillith
|
|-weather|Sandstorm|[upkeep]
|upkeep
|
|t:|1667756459
|switch|p2a: Opal|Corviknight, F|74/100
|-ability|p2a: Opal|Pressure
|turn|19
|c| httpsww7io3wEEV3|damn that crit hurt
|
|t:|1667756468
|switch|p1a: Blaziken|Blaziken, F|100/100
|move|p2a: Opal|U-turn|p1a: Blaziken
|-resisted|p1a: Blaziken
|-damage|p1a: Blaziken|95/100
|
|t:|1667756477
|switch|p2a: Lapérouse|Landorus-Therian, M|100/100|[from]move: U-turn
|-ability|p2a: Lapérouse|Intimidate|boost
|-unboost|p1a: Blaziken|atk|1
|
|-weather|none
|upkeep
|turn|20
|
|t:|1667756480
|move|p1a: Blaziken|Knock Off|p2a: Lapérouse
|-damage|p2a: Lapérouse|82/100
|-enditem|p2a: Lapérouse|Leftovers|[from] move: Knock Off|[of] p1a: Blaziken
|-damage|p1a: Blaziken|85/100|[from] item: Life Orb
|move|p2a: Lapérouse|Earth Power|p1a: Blaziken
|-supereffective|p1a: Blaziken
|-damage|p1a: Blaziken|0 fnt
|faint|p1a: Blaziken
|
|upkeep
|
|t:|1667756484
|switch|p1a: Mamoswine|Mamoswine, F|6/100
|turn|21
|
|t:|1667756491
|switch|p2a: Evinrude|Dragapult, F|60/100
|move|p1a: Mamoswine|Icicle Crash|p2a: Evinrude
|-supereffective|p2a: Evinrude
|-damage|p2a: Evinrude|0 fnt
|faint|p2a: Evinrude
|
|upkeep
|
|t:|1667756493
|switch|p2a: Lapérouse|Landorus-Therian, M|82/100
|-ability|p2a: Lapérouse|Intimidate|boost
|-fail|p1a: Mamoswine|unboost|Attack|[from] ability: Oblivious|[of] p1a: Mamoswine
|turn|22
|
|t:|1667756496
|move|p1a: Mamoswine|Icicle Crash|p2a: Lapérouse
|-supereffective|p2a: Lapérouse
|-damage|p2a: Lapérouse|0 fnt
|faint|p2a: Lapérouse
|
|upkeep
|
|t:|1667756498
|switch|p2a: Opal|Corviknight, F|74/100
|-ability|p2a: Opal|Pressure
|turn|23
|
|t:|1667756500
|move|p1a: Mamoswine|Icicle Crash|p2a: Opal
|-damage|p2a: Opal|46/100
|cant|p2a: Opal|flinch
|
|upkeep
|turn|24
|
|t:|1667756504
|move|p1a: Mamoswine|Icicle Crash|p2a: Opal
|-damage|p2a: Opal|16/100
|move|p2a: Opal|Roost|p2a: Opal
|-heal|p2a: Opal|66/100
|-singleturn|p2a: Opal|move: Roost
|
|upkeep
|turn|25
|
|t:|1667756507
|move|p1a: Mamoswine|Icicle Crash|p2a: Opal
|-damage|p2a: Opal|39/100
|move|p2a: Opal|Roost|p2a: Opal
|-heal|p2a: Opal|89/100
|-singleturn|p2a: Opal|move: Roost
|
|upkeep
|turn|26
|
|t:|1667756509
|move|p1a: Mamoswine|Icicle Crash|p2a: Opal
|-damage|p2a: Opal|58/100
|cant|p2a: Opal|flinch
|
|upkeep
|turn|27
|
|t:|1667756513
|move|p1a: Mamoswine|Icicle Crash|p2a: Opal
|-damage|p2a: Opal|31/100
|move|p2a: Opal|Roost|p2a: Opal
|-heal|p2a: Opal|81/100
|-singleturn|p2a: Opal|move: Roost
|
|upkeep
|turn|28
|
|t:|1667756515
|move|p1a: Mamoswine|Icicle Crash|p2a: Opal
|-crit|p2a: Opal
|-damage|p2a: Opal|41/100
|cant|p2a: Opal|flinch
|
|upkeep
|turn|29
|j| HereForFrens
|
|t:|1667756531
|move|p1a: Mamoswine|Icicle Crash|p2a: Opal
|-damage|p2a: Opal|13/100
|cant|p2a: Opal|flinch
|
|upkeep
|turn|30
|c| httpsww7io3wEEV3|damn fowl
|
|t:|1667756534
|move|p1a: Mamoswine|Ice Shard|p2a: Opal
|-damage|p2a: Opal|0 fnt
|faint|p2a: Opal
|
|win|30orless
|raw|30orless's rating: 1802 &rarr; <strong>1819</strong><br />(+17 for winning)
|raw|Candice's rating: 1741 &rarr; <strong>1724</strong><br />(-17 for losing)
|c| HereForFrens|dang
|c| httpsww7io3wEEV3|gg
|c|☆Candice|gg
|l| HereForFrens
