|j|☆30orless
|j|☆d18l
|t:|1661825708
|gametype|singles
|player|p1|30orless|265|1711
|player|p2|d18l|backpacker|1700
|teamsize|p1|6
|teamsize|p2|6
|gen|8
|tier|[Gen 8] OU
|rated|
|rule|Sleep Clause Mod: Limit one foe put to sleep
|rule|Species Clause: Limit one of each Pokémon
|rule|OHKO Clause: OHKO moves are banned
|rule|Evasion Items Clause: Evasion items are banned
|rule|Evasion Moves Clause: Evasion moves are banned
|rule|Endless Battle Clause: Forcing endless battles is banned
|rule|HP Percentage Mod: HP is shown in percentages
|rule|Dynamax Clause: You cannot dynamax
|clearpoke
|poke|p1|Zeraora|
|poke|p1|Hydreigon, M|
|poke|p1|Blaziken, M|
|poke|p1|Volcanion|
|poke|p1|Zapdos|
|poke|p1|Mamoswine, F|
|poke|p2|Tapu Koko|
|poke|p2|Victini|
|poke|p2|Landorus-Therian, M|
|poke|p2|Tornadus-Therian, M|
|poke|p2|Rotom-Wash|
|poke|p2|Ferrothorn, F|
|teampreview
|
|t:|1661825723
|start
|switch|p1a: Hydreigon|Hydreigon, M|100/100
|switch|p2a: Rotom|Rotom-Wash|100/100
|turn|1
|
|t:|1661825730
|switch|p2a: Tapu Koko|Tapu Koko|100/100
|-fieldstart|move: Electric Terrain|[from] ability: Electric Surge|[of] p2a: Tapu Koko
|move|p1a: Hydreigon|Draco Meteor|p2a: Tapu Koko
|-immune|p2a: Tapu Koko
|
|upkeep
|turn|2
|
|t:|1661825736
|switch|p1a: Mamoswine|Mamoswine, F|100/100
|move|p2a: Tapu Koko|Dazzling Gleam|p1a: Mamoswine
|-damage|p1a: Mamoswine|27/100
|
|upkeep
|turn|3
|j| Smash Time steez
|
|t:|1661825740
|switch|p1a: Volcanion|Volcanion|100/100
|move|p2a: Tapu Koko|Dazzling Gleam|p1a: Volcanion
|-resisted|p1a: Volcanion
|-damage|p1a: Volcanion|75/100
|
|upkeep
|turn|4
|
|t:|1661825751
|switch|p2a: Tornadus|Tornadus-Therian, M|100/100
|move|p1a: Volcanion|Steam Eruption|p2a: Tornadus
|-damage|p2a: Tornadus|57/100
|-status|p2a: Tornadus|brn
|
|-damage|p2a: Tornadus|50/100 brn|[from] brn
|upkeep
|turn|5
|
|t:|1661825761
|move|p2a: Tornadus|Knock Off|p1a: Volcanion
|-damage|p1a: Volcanion|65/100
|-enditem|p1a: Volcanion|Heavy-Duty Boots|[from] move: Knock Off|[of] p2a: Tornadus
|move|p1a: Volcanion|Steam Eruption|p2a: Tornadus
|-damage|p2a: Tornadus|6/100 brn
|
|-damage|p2a: Tornadus|0 fnt|[from] brn
|faint|p2a: Tornadus
|-fieldend|move: Electric Terrain
|upkeep
|
|t:|1661825781
|switch|p2a: Rotom|Rotom-Wash|100/100
|turn|6
|
|t:|1661825786
|switch|p1a: Mamoswine|Mamoswine, F|27/100
|move|p2a: Rotom|Volt Switch|p1a: Mamoswine
|-immune|p1a: Mamoswine
|
|upkeep
|turn|7
|
|t:|1661825789
|move|p1a: Mamoswine|Stealth Rock|p2a: Rotom
|-sidestart|p2: d18l|move: Stealth Rock
|move|p2a: Rotom|Hydro Pump|p1a: Mamoswine
|-supereffective|p1a: Mamoswine
|-damage|p1a: Mamoswine|0 fnt
|faint|p1a: Mamoswine
|
|upkeep
|
|t:|1661825804
|switch|p1a: Zapdos|Zapdos|100/100
|turn|8
|
|t:|1661825814
|move|p1a: Zapdos|Discharge|p2a: Rotom
|-damage|p2a: Rotom|56/100
|move|p2a: Rotom|Volt Switch|p1a: Zapdos
|-damage|p1a: Zapdos|78/100
|l| Smash Time steez
|
|t:|1661825852
|switch|p2a: Tapu Koko|Tapu Koko|100/100|[from]move: Volt Switch
|-damage|p2a: Tapu Koko|88/100|[from] Stealth Rock
|-fieldstart|move: Electric Terrain|[from] ability: Electric Surge|[of] p2a: Tapu Koko
|
|upkeep
|turn|9
|
|t:|1661825878
|move|p2a: Tapu Koko|Thunderbolt|p1a: Zapdos
|-damage|p1a: Zapdos|12/100
|move|p1a: Zapdos|Discharge|p2a: Tapu Koko
|-resisted|p2a: Tapu Koko
|-damage|p2a: Tapu Koko|52/100
|
|upkeep
|turn|10
|
|t:|1661825883
|switch|p1a: Zeraora|Zeraora|100/100
|-item|p1a: Zeraora|Air Balloon
|move|p2a: Tapu Koko|Thunderbolt|p1a: Zeraora
|-immune|p1a: Zeraora|[from] ability: Volt Absorb
|
|upkeep
|turn|11
|
|t:|1661825886
|switch|p2a: Landorus|Landorus-Therian, M|100/100
|-damage|p2a: Landorus|88/100|[from] Stealth Rock
|-ability|p2a: Landorus|Intimidate|boost
|-unboost|p1a: Zeraora|atk|1
|move|p1a: Zeraora|Bulk Up|p1a: Zeraora
|-boost|p1a: Zeraora|atk|1
|-boost|p1a: Zeraora|def|1
|
|-heal|p2a: Landorus|94/100|[from] item: Leftovers
|upkeep
|turn|12
|
|t:|1661825890
|switch|p1a: Zapdos|Zapdos|12/100
|move|p2a: Landorus|Toxic|p1a: Zapdos
|-status|p1a: Zapdos|tox
|
|-heal|p2a: Landorus|99/100|[from] item: Leftovers
|-damage|p1a: Zapdos|6/100 tox|[from] psn
|-fieldend|move: Electric Terrain
|upkeep
|turn|13
|
|t:|1661825899
|switch|p2a: Tapu Koko|Tapu Koko|52/100
|-damage|p2a: Tapu Koko|40/100|[from] Stealth Rock
|-fieldstart|move: Electric Terrain|[from] ability: Electric Surge|[of] p2a: Tapu Koko
|move|p1a: Zapdos|Roost|p1a: Zapdos
|-heal|p1a: Zapdos|56/100 tox
|-singleturn|p1a: Zapdos|move: Roost
|
|-damage|p1a: Zapdos|44/100 tox|[from] psn
|upkeep
|turn|14
|
|t:|1661825909
|move|p2a: Tapu Koko|Thunderbolt|p1a: Zapdos
|-damage|p1a: Zapdos|0 fnt
|faint|p1a: Zapdos
|
|upkeep
|
|t:|1661825916
|switch|p1a: Hydreigon|Hydreigon, M|100/100
|turn|15
|
|t:|1661825926
|switch|p2a: Ferrothorn|Ferrothorn, F|100/100
|-damage|p2a: Ferrothorn|95/100|[from] Stealth Rock
|move|p1a: Hydreigon|Dark Pulse|p2a: Ferrothorn
|-damage|p2a: Ferrothorn|56/100
|
|upkeep
|turn|16
|
|t:|1661825942
|switch|p1a: Blaziken|Blaziken, M|100/100
|move|p2a: Ferrothorn|Stealth Rock|p1a: Blaziken
|-sidestart|p1: 30orless|move: Stealth Rock
|
|upkeep
|turn|17
|
|t:|1661825952
|move|p1a: Blaziken|Knock Off|p2a: Ferrothorn
|-damage|p2a: Ferrothorn|35/100
|-damage|p1a: Blaziken|88/100|[from] ability: Iron Barbs|[of] p2a: Ferrothorn
|-damage|p1a: Blaziken|72/100|[from] item: Rocky Helmet|[of] p2a: Ferrothorn
|-enditem|p2a: Ferrothorn|Rocky Helmet|[from] move: Knock Off|[of] p1a: Blaziken
|-damage|p1a: Blaziken|62/100|[from] item: Life Orb
|move|p2a: Ferrothorn|Body Press|p1a: Blaziken
|-damage|p1a: Blaziken|16/100
|
|-fieldend|move: Electric Terrain
|-ability|p1a: Blaziken|Speed Boost|boost
|-boost|p1a: Blaziken|spe|1
|upkeep
|turn|18
|
|t:|1661825958
|move|p1a: Blaziken|Overheat|p2a: Ferrothorn|[miss]
|-miss|p1a: Blaziken|p2a: Ferrothorn
|move|p2a: Ferrothorn|Body Press|p1a: Blaziken
|-damage|p1a: Blaziken|0 fnt
|faint|p1a: Blaziken
|
|upkeep
|
|t:|1661825961
|switch|p1a: Zeraora|Zeraora|100/100
|-damage|p1a: Zeraora|88/100|[from] Stealth Rock
|-item|p1a: Zeraora|Air Balloon
|turn|19
|inactive|Battle timer is ON: inactive players will automatically lose when time's up. (requested by 30orless)
|
|t:|1661825972
|switch|p1a: Volcanion|Volcanion|65/100
|-damage|p1a: Volcanion|40/100|[from] Stealth Rock
|switch|p2a: Landorus|Landorus-Therian, M|99/100
|-damage|p2a: Landorus|88/100|[from] Stealth Rock
|-ability|p2a: Landorus|Intimidate|boost
|-unboost|p1a: Volcanion|atk|1
|
|-heal|p2a: Landorus|94/100|[from] item: Leftovers
|upkeep
|turn|20
|
|t:|1661825981
|switch|p2a: Ferrothorn|Ferrothorn, F|35/100
|-damage|p2a: Ferrothorn|29/100|[from] Stealth Rock
|move|p1a: Volcanion|Steam Eruption|p2a: Ferrothorn
|-resisted|p2a: Ferrothorn
|-damage|p2a: Ferrothorn|5/100
|
|upkeep
|turn|21
|
|t:|1661825984
|move|p1a: Volcanion|Earth Power|p2a: Ferrothorn
|-damage|p2a: Ferrothorn|0 fnt
|faint|p2a: Ferrothorn
|
|upkeep
|
|t:|1661825988
|switch|p2a: Victini|Victini|100/100
|turn|22
|
|t:|1661825991
|move|p2a: Victini|Bolt Strike|p1a: Volcanion
|-supereffective|p1a: Volcanion
|-damage|p1a: Volcanion|0 fnt
|faint|p1a: Volcanion
|
|upkeep
|
|t:|1661826002
|switch|p1a: Hydreigon|Hydreigon, M|100/100
|-damage|p1a: Hydreigon|88/100|[from] Stealth Rock
|turn|23
|
|t:|1661826009
|move|p1a: Hydreigon|Dark Pulse|p2a: Victini
|-supereffective|p2a: Victini
|-damage|p2a: Victini|13/100
|move|p2a: Victini|U-turn|p1a: Hydreigon
|-supereffective|p1a: Hydreigon
|-damage|p1a: Hydreigon|43/100
|
|t:|1661826017
|switch|p2a: Tapu Koko|Tapu Koko|40/100|[from]move: U-turn
|-damage|p2a: Tapu Koko|28/100|[from] Stealth Rock
|-fieldstart|move: Electric Terrain|[from] ability: Electric Surge|[of] p2a: Tapu Koko
|
|upkeep
|turn|24
|j| Fangripper
|
|t:|1661826044
|move|p1a: Hydreigon|Dark Pulse|p2a: Tapu Koko
|-resisted|p2a: Tapu Koko
|-damage|p2a: Tapu Koko|0 fnt
|faint|p2a: Tapu Koko
|
|upkeep
|
|t:|1661826068
|switch|p2a: Landorus|Landorus-Therian, M|94/100
|-damage|p2a: Landorus|82/100|[from] Stealth Rock
|-ability|p2a: Landorus|Intimidate|boost
|-unboost|p1a: Hydreigon|atk|1
|turn|25
|
|t:|1661826071
|move|p1a: Hydreigon|Dark Pulse|p2a: Landorus
|-damage|p2a: Landorus|47/100
|move|p2a: Landorus|U-turn|p1a: Hydreigon
|-supereffective|p1a: Hydreigon
|-damage|p1a: Hydreigon|0 fnt
|faint|p1a: Hydreigon
|
|t:|1661826074
|switch|p2a: Victini|Victini|13/100|[from]move: U-turn
|
|upkeep
|
|t:|1661826076
|switch|p1a: Zeraora|Zeraora|88/100
|-damage|p1a: Zeraora|76/100|[from] Stealth Rock
|-item|p1a: Zeraora|Air Balloon
|turn|26
|
|t:|1661826081
|move|p1a: Zeraora|Bulk Up|p1a: Zeraora
|-boost|p1a: Zeraora|atk|1
|-boost|p1a: Zeraora|def|1
|move|p2a: Victini|V-create|p1a: Zeraora
|-damage|p1a: Zeraora|0 fnt
|-unboost|p2a: Victini|spe|1
|-unboost|p2a: Victini|def|1
|-unboost|p2a: Victini|spd|1
|-enditem|p1a: Zeraora|Air Balloon
|faint|p1a: Zeraora
|
|win|d18l
|raw|30orless's rating: 1711 &rarr; <strong>1690</strong><br />(-21 for losing)
|raw|d18l's rating: 1700 &rarr; <strong>1721</strong><br />(+21 for winning)
