|raw|<div class="broadcast-blue"><strong>This battle is required to be public due to a player having a name prefixed by 'LT72MS'.</div>
|j|☆LT72MS life
|j|☆The Last Hero
|t:|1597424675
|player|p1|LT72MS life|ethan|1858
|player|p2|The Last Hero|acetrainersnow|1930
|teamsize|p1|6
|teamsize|p2|6
|gametype|singles
|gen|8
|tier|[Gen 8] OU
|rated|
|clearpoke
|poke|p1|Toxtricity, M|
|poke|p1|Rillaboom, M|
|poke|p1|Volcarona, M|
|poke|p1|Primarina, M|
|poke|p1|Urshifu-*, M|
|poke|p1|Excadrill, M|
|poke|p2|Sandaconda, M|
|poke|p2|Kyurem|
|poke|p2|Toxapex, F|
|poke|p2|Clefable, F|
|poke|p2|Corviknight, M|
|poke|p2|Blissey, F|
|rule|Sleep Clause Mod: Limit one foe put to sleep
|rule|Species Clause: Limit one of each Pokémon
|rule|OHKO Clause: OHKO moves are banned
|rule|Evasion Moves Clause: Evasion moves are banned
|rule|Endless Battle Clause: Forcing endless battles is banned
|rule|HP Percentage Mod: HP is shown in percentages
|rule|Dynamax Clause: You cannot dynamax
|teampreview
|inactive|Battle timer is ON: inactive players will automatically lose when time's up. (requested by LT72MS life)
|j| thesupercooldude
|j| Enzonana
|j| lt71lx croo
|j| Chrolloxlucifer
|j| CptnPenguiny
|j| gb uu alt
|j| LT72MS Jacked
|inactive|LT72MS life has 120 seconds left.
|j| ElectricityCat
|j| Morris_Pepijn
|j| LT72MS Kimrin
|j| dynaclimax
|j| ZardY2K
|j| bmy
|inactive|LT72MS life has 90 seconds left.
|
|t:|1597424743
|start
|switch|p1a: Excadrill|Excadrill, M, shiny|100/100
|switch|p2a: Sand Snake|Sandaconda, M|100/100
|-ability|p1a: Excadrill|Mold Breaker
|turn|1
|j| tytyui
|j| Swamp_Fox90
|
|t:|1597424748
|move|p1a: Excadrill|Stealth Rock|p2a: Sand Snake
|-sidestart|p2: The Last Hero|move: Stealth Rock
|move|p2a: Sand Snake|Earthquake|p1a: Excadrill
|-supereffective|p1a: Excadrill
|-damage|p1a: Excadrill|14/100
|
|-heal|p1a: Excadrill|20/100|[from] item: Leftovers
|upkeep
|turn|2
|j| allskillnolucker
|j| sdsff
|
|t:|1597424754
|switch|p2a: Crow Of Judgement|Corviknight, M|100/100
|-damage|p2a: Crow Of Judgement|88/100|[from] Stealth Rock
|-ability|p2a: Crow Of Judgement|Pressure
|move|p1a: Excadrill|Earthquake|p2a: Crow Of Judgement
|-immune|p2a: Crow Of Judgement
|
|-heal|p1a: Excadrill|26/100|[from] item: Leftovers
|-heal|p2a: Crow Of Judgement|94/100|[from] item: Leftovers
|upkeep
|turn|3
|
|t:|1597424761
|switch|p1a: Toxtricity|Toxtricity, M|100/100
|move|p2a: Crow Of Judgement|Defog|p1a: Toxtricity
|-unboost|p1a: Toxtricity|evasion|1
|-sideend|p2: The Last Hero|Stealth Rock|[from] move: Defog|[of] p2a: Crow Of Judgement
|
|-heal|p2a: Crow Of Judgement|100/100|[from] item: Leftovers
|upkeep
|turn|4
|j| Cipher Peon JB
|l| Chrolloxlucifer
|
|t:|1597424763
|switch|p2a: Crown|Toxapex, F|100/100
|move|p1a: Toxtricity|Shift Gear|p1a: Toxtricity
|-boost|p1a: Toxtricity|spe|2
|-boost|p1a: Toxtricity|atk|1
|
|upkeep
|turn|5
|
|t:|1597424766
|move|p1a: Toxtricity|Overdrive|p2a: Crown
|-supereffective|p2a: Crown
|-damage|p2a: Crown|18/100
|-damage|p1a: Toxtricity|91/100|[from] item: Life Orb
|move|p2a: Crown|Knock Off|p1a: Toxtricity
|-damage|p1a: Toxtricity|62/100
|-enditem|p1a: Toxtricity|Life Orb|[from] move: Knock Off|[of] p2a: Crown
|
|upkeep
|turn|6
|j| mind_frayer
|j| LT72MS bstn
|
|t:|1597424772
|switch|p2a: Bliss|Blissey, F|100/100
|move|p1a: Toxtricity|Boomburst|p2a: Bliss
|-damage|p2a: Bliss|78/100
|
|upkeep
|turn|7
|l| tytyui
|j| LT72MS raf
|
|t:|1597424774
|switch|p2a: Sand Snake|Sandaconda, M|100/100
|move|p1a: Toxtricity|Drain Punch|p2a: Sand Snake
|-crit|p2a: Sand Snake
|-damage|p2a: Sand Snake|70/100
|-heal|p1a: Toxtricity|80/100|[from] drain|[of] p2a: Sand Snake
|
|-heal|p2a: Sand Snake|76/100|[from] item: Leftovers
|upkeep
|turn|8
|j| JOZEVILLA
|
|t:|1597424787
|switch|p1a: Excadrill|Excadrill, M, shiny|26/100
|-ability|p1a: Excadrill|Mold Breaker
|move|p2a: Sand Snake|Earthquake|p1a: Excadrill
|-supereffective|p1a: Excadrill
|-damage|p1a: Excadrill|0 fnt
|faint|p1a: Excadrill
|
|-heal|p2a: Sand Snake|82/100|[from] item: Leftovers
|upkeep
|j| Luigi over mario
|
|t:|1597424789
|switch|p1a: Rillaboom|Rillaboom, M|100/100
|-fieldstart|move: Grassy Terrain|[from] ability: Grassy Surge|[of] p1a: Rillaboom
|turn|9
|
|t:|1597424799
|switch|p2a: Crow Of Judgement|Corviknight, M|100/100
|-ability|p2a: Crow Of Judgement|Pressure
|move|p1a: Rillaboom|Grassy Glide|p2a: Crow Of Judgement
|-resisted|p2a: Crow Of Judgement
|-damage|p2a: Crow Of Judgement|90/100
|-damage|p1a: Rillaboom|91/100|[from] item: Life Orb
|
|-heal|p1a: Rillaboom|97/100|[from] Grassy Terrain
|-heal|p2a: Crow Of Judgement|96/100|[from] item: Leftovers
|upkeep
|turn|10
|
|t:|1597424813
|switch|p1a: Volcarona|Volcarona, M, shiny|100/100
|move|p2a: Crow Of Judgement|Iron Head|p1a: Volcarona
|-resisted|p1a: Volcarona
|-crit|p1a: Volcarona
|-damage|p1a: Volcarona|84/100
|
|-heal|p1a: Volcarona|91/100|[from] Grassy Terrain
|-heal|p2a: Crow Of Judgement|100/100|[from] item: Leftovers
|upkeep
|turn|11
|j| LT72MS Sigma
|
|t:|1597424821
|switch|p2a: Bliss|Blissey, F|78/100
|move|p1a: Volcarona|Quiver Dance|p1a: Volcarona
|-boost|p1a: Volcarona|spa|1
|-boost|p1a: Volcarona|spd|1
|-boost|p1a: Volcarona|spe|1
|
|-heal|p1a: Volcarona|97/100|[from] Grassy Terrain
|-heal|p2a: Bliss|84/100|[from] Grassy Terrain
|upkeep
|turn|12
|j| LT72MS EGC
|
|t:|1597424827
|move|p1a: Volcarona|Safeguard|p1a: Volcarona
|-sidestart|p1: LT72MS life|Safeguard
|move|p2a: Bliss|Toxic|p1a: Volcarona
|-activate|p1a: Volcarona|move: Safeguard
|
|-heal|p1a: Volcarona|100/100|[from] Grassy Terrain
|-heal|p2a: Bliss|90/100|[from] Grassy Terrain
|upkeep
|turn|13
|l| LT72MS bstn
|
|t:|1597424830
|switch|p2a: Crown|Toxapex, F|51/100
|move|p1a: Volcarona|Quiver Dance|p1a: Volcarona
|-boost|p1a: Volcarona|spa|1
|-boost|p1a: Volcarona|spd|1
|-boost|p1a: Volcarona|spe|1
|
|-heal|p2a: Crown|57/100|[from] Grassy Terrain
|-fieldend|move: Grassy Terrain
|upkeep
|turn|14
|
|t:|1597424833
|move|p1a: Volcarona|Flamethrower|p2a: Crown
|-resisted|p2a: Crown
|-damage|p2a: Crown|35/100
|move|p2a: Crown|Knock Off|p1a: Volcarona
|-damage|p1a: Volcarona|86/100
|-status|p2a: Crown|brn|[from] ability: Flame Body|[of] p1a: Volcarona
|-enditem|p1a: Volcarona|Heavy-Duty Boots|[from] move: Knock Off|[of] p2a: Crown
|
|-damage|p2a: Crown|29/100 brn|[from] brn
|upkeep
|turn|15
|
|t:|1597424836
|switch|p2a: Bliss|Blissey, F|90/100
|move|p1a: Volcarona|Flamethrower|p2a: Bliss
|-crit|p2a: Bliss
|-damage|p2a: Bliss|48/100
|-status|p2a: Bliss|brn
|
|-damage|p2a: Bliss|42/100 brn|[from] brn
|upkeep
|turn|16
|l| JOZEVILLA
|
|t:|1597424839
|move|p1a: Volcarona|Quiver Dance|p1a: Volcarona
|-boost|p1a: Volcarona|spa|1
|-boost|p1a: Volcarona|spd|1
|-boost|p1a: Volcarona|spe|1
|move|p2a: Bliss|Soft-Boiled|p2a: Bliss
|-heal|p2a: Bliss|92/100 brn
|
|-damage|p2a: Bliss|86/100 brn|[from] brn
|-sideend|p1: LT72MS life|Safeguard
|upkeep
|turn|17
|
|t:|1597424842
|switch|p2a: Sand Snake|Sandaconda, M|82/100
|move|p1a: Volcarona|Safeguard|p1a: Volcarona
|-sidestart|p1: LT72MS life|Safeguard
|
|-heal|p2a: Sand Snake|88/100|[from] item: Leftovers
|upkeep
|turn|18
|l| dynaclimax
|
|t:|1597424845
|move|p1a: Volcarona|Flamethrower|p2a: Sand Snake
|-damage|p2a: Sand Snake|4/100
|move|p2a: Sand Snake|Rock Blast|p1a: Volcarona
|-supereffective|p1a: Volcarona
|-damage|p1a: Volcarona|63/100
|-supereffective|p1a: Volcarona
|-damage|p1a: Volcarona|41/100
|-supereffective|p1a: Volcarona
|-damage|p1a: Volcarona|21/100
|-hitcount|p1a: Volcarona|3
|
|-heal|p2a: Sand Snake|10/100|[from] item: Leftovers
|upkeep
|turn|19
|
|t:|1597424853
|switch|p2a: Crown|Toxapex, F|62/100 brn
|move|p1a: Volcarona|Flamethrower|p2a: Crown
|-resisted|p2a: Crown
|-damage|p2a: Crown|34/100 brn
|
|-damage|p2a: Crown|28/100 brn|[from] brn
|upkeep
|turn|20
|
|t:|1597424856
|switch|p2a: Bliss|Blissey, F|86/100
|move|p1a: Volcarona|Flamethrower|p2a: Bliss
|-damage|p2a: Bliss|51/100
|
|upkeep
|turn|21
|
|t:|1597424859
|move|p1a: Volcarona|Roost|p1a: Volcarona
|-heal|p1a: Volcarona|71/100
|-singleturn|p1a: Volcarona|move: Roost
|move|p2a: Bliss|Soft-Boiled|p2a: Bliss
|-heal|p2a: Bliss|100/100
|
|-sideend|p1: LT72MS life|Safeguard
|upkeep
|turn|22
|
|t:|1597424866
|move|p1a: Volcarona|Safeguard|p1a: Volcarona
|-sidestart|p1: LT72MS life|Safeguard
|move|p2a: Bliss|Seismic Toss|p1a: Volcarona
|-damage|p1a: Volcarona|44/100
|
|upkeep
|turn|23
|-message|The Last Hero forfeited.
|
|win|LT72MS life
|l|☆The Last Hero
|j| usernae
|j| Bdlc
|l| LT72MS Sigma
|l| usernae
