|raw|<div class="broadcast-blue"><strong>This battle is required to be public due to a player having a name prefixed by 'LT71LX'.</div>
|j|‽LT71LX EGC
|j|☆LT71LX Guilt
|t:|1597366175
|player|p1|LT71LX EGC|unknown|2161
|player|p2|LT71LX Guilt|beauty-gen2jp|2156
|teamsize|p1|6
|teamsize|p2|6
|gametype|singles
|gen|8
|tier|[Gen 8] OU
|rated|
|clearpoke
|poke|p1|Skarmory, M|
|poke|p1|Clefable, F|
|poke|p1|Bisharp, M|
|poke|p1|Dragapult, F|
|poke|p1|Togekiss, M|
|poke|p1|Seismitoad, F|
|poke|p2|Hydreigon, M|
|poke|p2|Rillaboom, M|
|poke|p2|Dragapult, F|
|poke|p2|Clefable, M|
|poke|p2|Volcarona, M|
|poke|p2|Zeraora|
|rule|Sleep Clause Mod: Limit one foe put to sleep
|rule|Species Clause: Limit one of each Pokémon
|rule|OHKO Clause: OHKO moves are banned
|rule|Evasion Moves Clause: Evasion moves are banned
|rule|Endless Battle Clause: Forcing endless battles is banned
|rule|HP Percentage Mod: HP is shown in percentages
|rule|Dynamax Clause: You cannot dynamax
|teampreview
|j| Lunarr
|inactive|Battle timer is ON: inactive players will automatically lose when time's up. (requested by LT71LX Guilt)
|j| Kory2600
|j| LT71LX Sks
|j| Squirtell
|j| pizza
|j| RNN YasuKe
|j| Kiichikos
|j|+Cdumas
|j| Gym socks!
|j| LT71LXJaggermaster
|j| Nalorium
|j| lucario737
|j| Phantom㋡Hurious ✈
|j| dumdumpoopyface
|j| dragaputo
|j| Congwuyu
|j| lt71lx cuzzie
|l| Gym socks!
|j| LT71LX Ciudadanos
|j| golden009
|l| Congwuyu
|j| Kyundai
|j| bynum
|j| Congwuyu
|j| Justamente
|j| I must lose
|
|t:|1597366207
|start
|switch|p1a: Seismitoad|Seismitoad, F|100/100
|switch|p2a: Zeraora|Zeraora|100/100
|turn|1
|j| Urshifu Ftw
|j|@Finchinator
|
|t:|1597366212
|move|p2a: Zeraora|Grass Knot|p1a: Seismitoad
|-supereffective|p1a: Seismitoad
|-damage|p1a: Seismitoad|32/100
|-damage|p2a: Zeraora|91/100|[from] item: Life Orb
|move|p1a: Seismitoad|Earthquake|p2a: Zeraora
|-supereffective|p2a: Zeraora
|-damage|p2a: Zeraora|0 fnt
|faint|p2a: Zeraora
|
|-heal|p1a: Seismitoad|39/100|[from] item: Leftovers
|upkeep
|j| Destro16
|j| LT71LX ismail
|j| agenS
|j| Nonante huit
|j| Sagiri I.
|
|t:|1597366220
|switch|p2a: Hydreigon|Hydreigon, M|100/100
|turn|2
|j| acupofjc
|
|t:|1597366239
|switch|p1a: Clefable|Clefable, F|100/100
|move|p2a: Hydreigon|Draco Meteor|p1a: Clefable
|-immune|p1a: Clefable
|
|upkeep
|turn|3
|
|t:|1597366243
|move|p2a: Hydreigon|Flash Cannon|p1a: Clefable
|-supereffective|p1a: Clefable
|-damage|p1a: Clefable|33/100
|-damage|p2a: Hydreigon|91/100|[from] item: Life Orb
|move|p1a: Clefable|Moonblast|p2a: Hydreigon
|-supereffective|p2a: Hydreigon
|-damage|p2a: Hydreigon|0 fnt
|faint|p2a: Hydreigon
|
|-heal|p1a: Clefable|39/100|[from] item: Leftovers
|upkeep
|j| Pikachu563
|j| Holis D
|
|t:|1597366248
|switch|p2a: Volcarona|Volcarona, M|100/100
|turn|4
|j|+McMeghan
|j| LT71LX Teleport
|l| Kiichikos
|j| watashi
|j| Devil Patchy
|j| stableprince569
|j| xray
|j|+Ruft
|
|t:|1597366263
|move|p2a: Volcarona|Flamethrower|p1a: Clefable
|-damage|p1a: Clefable|0 fnt
|faint|p1a: Clefable
|
|upkeep
|j|@Tony
|j| outu23
|
|t:|1597366265
|switch|p1a: Dragapult|Dragapult, F|100/100
|turn|5
|j|+Primal Unova
|j| BailaodoRobyssao
|j| teller88
|
|t:|1597366268
|switch|p2a: Clefable|Clefable, M|100/100
|move|p1a: Dragapult|Thunder Wave|p2a: Clefable
|-status|p2a: Clefable|par
|
|upkeep
|turn|6
|j| AwesomeAdams
|j| tyurtjddtutdtutd
|j| OU DIETY
|j| strealet❄
|j| elesa's coat
|j| Jey2
|inactive|LT71LX EGC has 120 seconds left.
|j| babyboyblues
|j| OUTU devans2048
|j| Spl4sh
|j| LT71LX Newal
|
|t:|1597366314
|switch|p2a: Volcarona|Volcarona, M|100/100
|move|p1a: Dragapult|U-turn|p2a: Volcarona
|-resisted|p2a: Volcarona
|-damage|p2a: Volcarona|89/100
|
|t:|1597366318
|switch|p1a: Seismitoad|Seismitoad, F|39/100|[from]move: U-turn
|
|-heal|p1a: Seismitoad|45/100|[from] item: Leftovers
|upkeep
|turn|7
|j| whyad
|
|t:|1597366320
|move|p2a: Volcarona|Giga Drain|p1a: Seismitoad
|-supereffective|p1a: Seismitoad
|-damage|p1a: Seismitoad|0 fnt
|-heal|p2a: Volcarona|100/100|[from] drain|[of] p1a: Seismitoad
|faint|p1a: Seismitoad
|
|upkeep
|j| Endill
|l| lucario737
|
|t:|1597366323
|switch|p1a: Dragapult|Dragapult, F|100/100
|turn|8
|
|t:|1597366326
|switch|p2a: Clefable|Clefable, M|100/100 par
|move|p1a: Dragapult|Thunder Wave|p2a: Clefable
|-fail|p2a: Clefable|par
|
|upkeep
|turn|9
|
|t:|1597366333
|move|p1a: Dragapult|U-turn|p2a: Clefable
|-resisted|p2a: Clefable
|-damage|p2a: Clefable|94/100 par
|
|t:|1597366334
|switch|p1a: Bisharp|Bisharp, M|100/100|[from]move: U-turn
|cant|p2a: Clefable|par
|
|upkeep
|turn|10
|j| wyn
|j| meatybawls
|j|+Chaitanya
|j| fangui
|
|t:|1597366346
|switch|p2a: Rillaboom|Rillaboom, M|100/100
|-fieldstart|move: Grassy Terrain|[from] ability: Grassy Surge|[of] p2a: Rillaboom
|-enditem|p2a: Rillaboom|Grassy Seed
|-boost|p2a: Rillaboom|def|1|[from] item: Grassy Seed
|move|p1a: Bisharp|Swords Dance|p1a: Bisharp
|-boost|p1a: Bisharp|atk|2
|
|upkeep
|turn|11
|j| LT71LX ZIIM
|j| lt71lx bfl
|j| LT71LX Mister Mime
|j| Jytcampbell
|j| Boulicrok
|
|t:|1597366370
|switch|p1a: Togekiss|Togekiss, M|100/100
|move|p2a: Rillaboom|High Horsepower|p1a: Togekiss
|-immune|p1a: Togekiss
|
|upkeep
|turn|12
|j| LT71LX sacw
|j| Sigil123
|
|t:|1597366384
|move|p1a: Togekiss|Air Slash|p2a: Rillaboom
|-supereffective|p2a: Rillaboom
|-damage|p2a: Rillaboom|26/100
|cant|p2a: Rillaboom|flinch
|
|-heal|p2a: Rillaboom|32/100|[from] Grassy Terrain
|upkeep
|turn|13
|l| Congwuyu
|j|+ShinyAzelf
|j| Mara Sattei
|n| Yashyashashketchjm|lt71lxmistermime
|
|t:|1597366400
|move|p2a: Rillaboom|Grassy Glide|p1a: Togekiss
|-resisted|p1a: Togekiss
|-damage|p1a: Togekiss|79/100
|move|p1a: Togekiss|Air Slash|p2a: Rillaboom
|-supereffective|p2a: Rillaboom
|-damage|p2a: Rillaboom|0 fnt
|faint|p2a: Rillaboom
|
|upkeep
|j| avarice
|j| lucario737
|j|+rozes
|j| FerZs
|l| Yashyashashketchjm
|j| melancholy hills
|j|+Hootie
|
|t:|1597366419
|switch|p2a: Volcarona|Volcarona, M|100/100
|turn|14
|j| lt71lx tace
|c| Mara Sattei|a
|l| lucario737
|j| BBK
|l| melancholy hills
|
|t:|1597366431
|switch|p1a: Dragapult|Dragapult, F|100/100
|move|p2a: Volcarona|Quiver Dance|p2a: Volcarona
|-boost|p2a: Volcarona|spa|1
|-boost|p2a: Volcarona|spd|1
|-boost|p2a: Volcarona|spe|1
|
|-fieldend|move: Grassy Terrain
|upkeep
|turn|15
|
|t:|1597366433
|switch|p2a: Clefable|Clefable, M|94/100 par
|move|p1a: Dragapult|Thunder Wave|p2a: Clefable
|-fail|p2a: Clefable|par
|
|upkeep
|turn|16
|j| Brayz
|
|t:|1597366436
|move|p1a: Dragapult|U-turn|p2a: Clefable
|-resisted|p2a: Clefable
|-damage|p2a: Clefable|87/100 par
|
|t:|1597366438
|switch|p1a: Bisharp|Bisharp, M|100/100|[from]move: U-turn
|cant|p2a: Clefable|par
|
|upkeep
|turn|17
|j| Staxi
|j|+Roseybear
|j| Jyph
|
|t:|1597366441
|move|p1a: Bisharp|Swords Dance|p1a: Bisharp
|-boost|p1a: Bisharp|atk|2
|move|p2a: Clefable|Moonblast|p1a: Bisharp
|-damage|p1a: Bisharp|39/100
|-unboost|p1a: Bisharp|spa|1
|-ability|p1a: Bisharp|Defiant
|-boost|p1a: Bisharp|atk|2
|
|-heal|p1a: Bisharp|45/100|[from] item: Leftovers
|upkeep
|turn|18
|j| Sauromon
|j| lucario737
|l| lt71lx bfl
|j| melancholy hills
|c|☆LT71LX Guilt|f
|j| MS3D
|j| prosecut0r
|l| xray
|j| goao
|
|t:|1597366465
|switch|p2a: Volcarona|Volcarona, M|100/100
|move|p1a: Bisharp|Iron Head|p2a: Volcarona
|-resisted|p2a: Volcarona
|-damage|p2a: Volcarona|2/100
|-status|p1a: Bisharp|brn|[from] ability: Flame Body|[of] p2a: Volcarona
|
|-heal|p1a: Bisharp|51/100 brn|[from] item: Leftovers
|-damage|p1a: Bisharp|45/100 brn|[from] brn
|upkeep
|turn|19
|l| elesa's coat
|j| Freeroamer
|j| maskun
|j| abriel gabram
|l| prosecut0r
|j| Lalalan
|j| i like cute things
|j| Mxchine
|j| lt71lx vaboh
|l| maskun
|inactive|LT71LX Guilt has 120 seconds left.
|j|&Aeonic
|
|t:|1597366505
|move|p1a: Bisharp|Sucker Punch||[still]
|-fail|p1a: Bisharp
|move|p2a: Volcarona|Quiver Dance|p2a: Volcarona
|-boost|p2a: Volcarona|spa|1
|-boost|p2a: Volcarona|spd|1
|-boost|p2a: Volcarona|spe|1
|
|-heal|p1a: Bisharp|51/100 brn|[from] item: Leftovers
|-damage|p1a: Bisharp|45/100 brn|[from] brn
|upkeep
|turn|20
|j| OUTU Hide And Seek
|
|t:|1597366509
|move|p1a: Bisharp|Sucker Punch||[still]
|-fail|p1a: Bisharp
|move|p2a: Volcarona|Quiver Dance|p2a: Volcarona
|-boost|p2a: Volcarona|spa|1
|-boost|p2a: Volcarona|spd|1
|-boost|p2a: Volcarona|spe|1
|
|-heal|p1a: Bisharp|51/100 brn|[from] item: Leftovers
|-damage|p1a: Bisharp|45/100 brn|[from] brn
|upkeep
|turn|21
|
|t:|1597366515
|move|p1a: Bisharp|Sucker Punch||[still]
|-fail|p1a: Bisharp
|move|p2a: Volcarona|Quiver Dance|p2a: Volcarona
|-boost|p2a: Volcarona|spa|1
|-boost|p2a: Volcarona|spd|1
|-boost|p2a: Volcarona|spe|1
|
|-heal|p1a: Bisharp|51/100 brn|[from] item: Leftovers
|-damage|p1a: Bisharp|45/100 brn|[from] brn
|upkeep
|turn|22
|j| yuzmv
|c| Nalorium|6
|c| Nalorium|5
|j| duppyduppy
|
|t:|1597366525
|move|p1a: Bisharp|Sucker Punch||[still]
|-fail|p1a: Bisharp
|move|p2a: Volcarona|Quiver Dance|p2a: Volcarona
|-boost|p2a: Volcarona|spa|1
|-boost|p2a: Volcarona|spd|1
|-boost|p2a: Volcarona|spe|1
|
|-heal|p1a: Bisharp|51/100 brn|[from] item: Leftovers
|-damage|p1a: Bisharp|45/100 brn|[from] brn
|upkeep
|turn|23
|c|+Primal Unova|will it happen
|j| broken crit move
|c| Nalorium|4
|j| Dunca
|c|+Primal Unova|will someone outplay all 8
|j| As gus
|
|t:|1597366534
|move|p1a: Bisharp|Sucker Punch||[still]
|-fail|p1a: Bisharp
|move|p2a: Volcarona|Quiver Dance|p2a: Volcarona
|-boost|p2a: Volcarona|spa|1
|-boost|p2a: Volcarona|spd|1
|-boost|p2a: Volcarona|spe|1
|
|-heal|p1a: Bisharp|51/100 brn|[from] item: Leftovers
|-damage|p1a: Bisharp|45/100 brn|[from] brn
|upkeep
|turn|24
|c| Nalorium|3
|j| lt71lx croo
|
|t:|1597366539
|move|p1a: Bisharp|Sucker Punch||[still]
|-fail|p1a: Bisharp
|move|p2a: Volcarona|Quiver Dance|p2a: Volcarona
|-boost|p2a: Volcarona|spa|1
|-boost|p2a: Volcarona|spd|1
|-boost|p2a: Volcarona|spe|1
|
|-heal|p1a: Bisharp|51/100 brn|[from] item: Leftovers
|-damage|p1a: Bisharp|45/100 brn|[from] brn
|upkeep
|turn|25
|j| LightScreener
|c| OU DIETY|o.0
|c| Nalorium|2
|l|brokencritmove
|j|+false
|
|t:|1597366548
|move|p1a: Bisharp|Sucker Punch||[still]
|-fail|p1a: Bisharp
|move|p2a: Volcarona|Quiver Dance|p2a: Volcarona
|-boost|p2a: Volcarona|spa|0
|-boost|p2a: Volcarona|spd|0
|-boost|p2a: Volcarona|spe|0
|
|-heal|p1a: Bisharp|51/100 brn|[from] item: Leftovers
|-damage|p1a: Bisharp|45/100 brn|[from] brn
|upkeep
|turn|26
|c| OU DIETY|im sweating
|j| Seething Chaos
|c| Nalorium|1
|j| maskun
|j| INSULT
|j| tinyglasses
|j| sm olt jason
|c|+Primal Unova|surely not
|c| FerZs|tension
|j| Dylanronpa
|l| maskun
|c| OU DIETY|o.o
|j| Calem∞DPU
|
|t:|1597366575
|move|p1a: Bisharp|Sucker Punch||[still]
|-fail|p1a: Bisharp
|move|p2a: Volcarona|Quiver Dance|p2a: Volcarona
|-boost|p2a: Volcarona|spa|0
|-boost|p2a: Volcarona|spd|0
|-boost|p2a: Volcarona|spe|0
|
|-heal|p1a: Bisharp|51/100 brn|[from] item: Leftovers
|-damage|p1a: Bisharp|45/100 brn|[from] brn
|upkeep
|turn|27
|j| Rnn brexit
|c| LT71LX sacw|oml
|c| Nalorium|OML
|j| maskun
|c|+Primal Unova|god
|c| golden009|ooo
|c| acupofjc|rip
|c| LT71LX sacw|how...
|c| Nalorium|NOT HUMAN
|c|+Ruft|OHHHHH
|j| AmineFifty
|c| LightScreener|F
|c| yuzmv|dam
|c|+McMeghan|lmaoooo
|c| OU DIETY|OMG
|j| Prosaic
|
|t:|1597366584
|switch|p1a: Dragapult|Dragapult, F|100/100
|move|p2a: Volcarona|Giga Drain|p1a: Dragapult
|-resisted|p1a: Dragapult
|-damage|p1a: Dragapult|36/100
|-heal|p2a: Volcarona|41/100|[from] drain|[of] p1a: Dragapult
|
|upkeep
|turn|28
|j| Nacho Varga
|c| BailaodoRobyssao|rip
|j| pervachu
|c| Mxchine|Lol
|
|t:|1597366587
|move|p2a: Volcarona|Giga Drain|p1a: Dragapult
|-resisted|p1a: Dragapult
|-damage|p1a: Dragapult|0 fnt
|-heal|p2a: Volcarona|63/100|[from] drain|[of] p1a: Dragapult
|faint|p1a: Dragapult
|
|upkeep
|l| pervachu
|c| abriel gabram|8/8 rip
|
|t:|1597366591
|switch|p1a: Skarmory|Skarmory, M|100/100
|turn|29
|l| OUTU Hide And Seek
|j| adjustments
|j| LT71LX Kyo
|j| HYDREIGON SPECS
|
|t:|1597366596
|move|p2a: Volcarona|Flamethrower|p1a: Skarmory
|-supereffective|p1a: Skarmory
|-ability|p1a: Skarmory|Sturdy
|-damage|p1a: Skarmory|1/100
|move|p1a: Skarmory|Whirlwind|p2a: Volcarona
|drag|p2a: Dragapult|Dragapult, F|100/100
|
|upkeep
|turn|30
|j| Karppi
|j| Test omega2
|
|t:|1597366610
|move|p2a: Dragapult|Dragon Darts|p1a: Skarmory
|-resisted|p1a: Skarmory
|-damage|p1a: Skarmory|0 fnt
|-damage|p2a: Dragapult|91/100|[from] item: Life Orb
|faint|p1a: Skarmory
|
|upkeep
|j|+Attribute
|
|t:|1597366614
|switch|p1a: Bisharp|Bisharp, M|45/100 brn
|turn|31
|l| tyurtjddtutdtutd
|l| i like cute things
|j| Ma1lbox
|j| lt71lx kingpin
|j| MakeFrogsStr8Again
|j| tyurtjddtutdtutd
|j| aceofdarts68
|
|t:|1597366626
|move|p2a: Dragapult|Dragon Darts|p1a: Bisharp
|-resisted|p1a: Bisharp
|-damage|p1a: Bisharp|28/100 brn
|-anim|p2a: Dragapult|Dragon Darts|p1a: Bisharp
|-resisted|p1a: Bisharp
|-damage|p1a: Bisharp|8/100 brn
|-damage|p2a: Dragapult|81/100|[from] item: Life Orb
|move|p1a: Bisharp|Knock Off|p2a: Dragapult
|-supereffective|p2a: Dragapult
|-damage|p2a: Dragapult|9/100
|-enditem|p2a: Dragapult|Life Orb|[from] move: Knock Off|[of] p1a: Bisharp
|
|-heal|p1a: Bisharp|14/100 brn|[from] item: Leftovers
|-damage|p1a: Bisharp|8/100 brn|[from] brn
|upkeep
|turn|32
|l| tyurtjddtutdtutd
|j| olt fasting
|j| SOULWIND
|
|t:|1597366641
|move|p2a: Dragapult|Dragon Darts|p1a: Bisharp
|-resisted|p1a: Bisharp
|-damage|p1a: Bisharp|0 fnt
|faint|p1a: Bisharp
|
|upkeep
|
|t:|1597366644
|switch|p1a: Togekiss|Togekiss, M|79/100
|turn|33
|j| jalapenochips
|
|t:|1597366661
|move|p2a: Dragapult|Phantom Force||[still]
|-prepare|p2a: Dragapult|Phantom Force
|move|p1a: Togekiss|Roost|p1a: Togekiss
|-heal|p1a: Togekiss|100/100
|-singleturn|p1a: Togekiss|move: Roost
|
|upkeep
|turn|34
|j| Auto Reload
|j| outu why
|
|t:|1597366666
|move|p2a: Dragapult|Phantom Force|p1a: Togekiss|[from]lockedmove
|-damage|p1a: Togekiss|54/100
|move|p1a: Togekiss|Roost|p1a: Togekiss
|-heal|p1a: Togekiss|100/100
|-singleturn|p1a: Togekiss|move: Roost
|
|upkeep
|turn|35
|j| pzowmx
|j| OUTU Hide And Seek
|
|t:|1597366679
|move|p2a: Dragapult|Phantom Force||[still]
|-prepare|p2a: Dragapult|Phantom Force
|move|p1a: Togekiss|Air Slash|p2a: Dragapult|[miss]
|-miss|p1a: Togekiss|p2a: Dragapult
|
|upkeep
|turn|36
|j| Malekith
|
|t:|1597366681
|move|p2a: Dragapult|Phantom Force|p1a: Togekiss|[from]lockedmove
|-damage|p1a: Togekiss|52/100
|move|p1a: Togekiss|Roost|p1a: Togekiss
|-heal|p1a: Togekiss|100/100
|-singleturn|p1a: Togekiss|move: Roost
|
|upkeep
|turn|37
|
|t:|1597366684
|move|p2a: Dragapult|Phantom Force||[still]
|-prepare|p2a: Dragapult|Phantom Force
|move|p1a: Togekiss|Nasty Plot|p1a: Togekiss
|-boost|p1a: Togekiss|spa|2
|
|upkeep
|turn|38
|l| Dunca
|l| LT71LX Kyo
|j|+Vileman
|l| MakeFrogsStr8Again
|
|t:|1597366707
|move|p2a: Dragapult|Phantom Force|p1a: Togekiss|[from]lockedmove
|-damage|p1a: Togekiss|58/100
|move|p1a: Togekiss|Air Slash|p2a: Dragapult
|-damage|p2a: Dragapult|0 fnt
|faint|p2a: Dragapult
|
|upkeep
|
|t:|1597366710
|switch|p2a: Volcarona|Volcarona, M|63/100
|turn|39
|j| Tuononda
|l| Tuononda
|
|t:|1597366724
|move|p2a: Volcarona|Flamethrower|p1a: Togekiss
|-damage|p1a: Togekiss|20/100
|move|p1a: Togekiss|Air Slash|p2a: Volcarona
|-supereffective|p2a: Volcarona
|-damage|p2a: Volcarona|0 fnt
|faint|p2a: Volcarona
|
|upkeep
|c|☆LT71LX Guilt|good game
|l| adjustments
|
|t:|1597366731
|switch|p2a: Clefable|Clefable, M|87/100 par
|turn|40
|
|t:|1597366733
|move|p1a: Togekiss|Roost|p1a: Togekiss
|-heal|p1a: Togekiss|70/100
|-singleturn|p1a: Togekiss|move: Roost
|move|p2a: Clefable|Thunder|p1a: Togekiss|[miss]
|-miss|p2a: Clefable|p1a: Togekiss
|
|upkeep
|turn|41
|j| JFCope
|j| Tuononda
|
|t:|1597366737
|move|p1a: Togekiss|Air Slash|p2a: Clefable
|-damage|p2a: Clefable|32/100 par
|cant|p2a: Clefable|flinch
|
|upkeep
|turn|42
|c| aceofdarts68|oof
|
|t:|1597366740
|move|p1a: Togekiss|Air Slash|p2a: Clefable
|-damage|p2a: Clefable|0 fnt
|faint|p2a: Clefable
|
|win|LT71LX EGC
|l| watashi
|l| stableprince569
|l| LightScreener
|l|‽LT71LX EGC
|l|☆LT71LX Guilt
|l|+Attribute
|l| OUTU Hide And Seek
|l| Kyundai
|l| As gus
|l| Justamente
|l|+Chaitanya
|l| Test omega2
|l| maskun
|l| sm olt jason
|l|+ShinyAzelf
|l| golden009
|c| acupofjc|pog
|j| zSpxdes
|l| Brayz
|l| AwesomeAdams
|raw|LT71LX EGC's rating: 2099 &rarr; <strong>2122</strong><br />(+23 for winning)
|raw|LT71LX Guilt's rating: 2156 &rarr; <strong>2133</strong><br />(-23 for losing)
|j|+ebeast
|l| FerZs
|l| JFCope
|l|+rozes
|l| Mara Sattei
|l| yuzmv
|l| dragaputo
|l| bynum
|l| pzowmx
|n| strealet❄|strealet
|l| jalapenochips
|l| MS3D
|l|+ebeast
|l| Mxchine
|l| Sigil123
|l| meatybawls
|l| acupofjc
|l| strealet❄
|l| goao
|l| Urshifu Ftw
|l| Jytcampbell
|l| lt71lx tace
|l| avarice
|l| Nonante huit
|l| Ma1lbox
|l|+Roseybear
|j| Chrollo Luci
|l| Nalorium
|l| Chrollo Luci
|l| Pikachu563
|l| RNN YasuKe
|l| lucario737
|j| Pikachu563
|l| Pikachu563
|l| Destro16
|l| Lunarr
|n| Endill|endill
|l| Phantom㋡Hurious ✈
|l| Dylanronpa
|l| Malekith
|l| LT71LXJaggermaster
|l| Seething Chaos
|l| Staxi
|l| Jey2
|n| LT71LX Calem|calemdpu
|l| Prosaic
|l| lt71lx vaboh
|l| Squirtell
|l| Sagiri I.
|l| outu why
|l| OU DIETY
|l| Spl4sh
|j| Pikachu563
|l|+false
|l| zSpxdes
|l| Pikachu563
|l| LT71LX Sks
|l| aceofdarts68
|l| LT71LX sacw
|l| wyn
|l| AmineFifty
|l| lt71lx croo
|l| Devil Patchy
|l| olt fasting
|l| Tuononda
|j| GOATDON
|l| LT71LX Teleport
|n| Calem∞DPU|lt71lxcalem
|l| GOATDON
|l| Endill
|j|&DaWoblefet
|l|+Hootie
|l| OUTU devans2048
|l|+Cdumas
|l|lt71lxnewal
|l| tinyglasses
|n| LT72MS HS|hydreigonspecs
|l|&DaWoblefet
|j| ReeceHughes
|n| LT72MS HSIMP|lt72mshs
|l| ReeceHughes
|n| LT72MS Finch|finchinator
|l| LT72MS HSIMP
|l| Nacho Varga
|n| LT72MS Finch|lt72msfinch
|n| LT72MS Finch|lt72msfinch
|l| Freeroamer
|l|&Aeonic
|l| SOULWIND
|l| Lalalan
|l| Kory2600
|l|+Vileman
|l| Jyph
|n| melancholy hills|melancholyhills
