|j|☆yung_iznamakin
|j|☆Colestein
|t:|1650976776
|gametype|singles
|player|p1|yung_iznamakin|kukui-stand|1630
|player|p2|Colestein|101|1597
|teamsize|p1|6
|teamsize|p2|6
|gen|8
|tier|[Gen 8] OU
|rated|
|rule|Sleep Clause Mod: Limit one foe put to sleep
|rule|Species Clause: Limit one of each Pokémon
|rule|OHKO Clause: OHKO moves are banned
|rule|Evasion Moves Clause: Evasion moves are banned
|rule|Endless Battle Clause: Forcing endless battles is banned
|rule|HP Percentage Mod: HP is shown in percentages
|rule|Dynamax Clause: You cannot dynamax
|clearpoke
|poke|p1|Hatterene, F|
|poke|p1|Melmetal|
|poke|p1|Marowak-Alola, F|
|poke|p1|Crawdaunt, F|
|poke|p1|Porygon2|
|poke|p1|Cresselia, F|
|poke|p2|Dragonite, F|
|poke|p2|Blacephalon|
|poke|p2|Melmetal|
|poke|p2|Landorus-Therian, M|
|poke|p2|Slowking-Galar, F|
|poke|p2|Volcanion|
|teampreview
|inactive|Battle timer is ON: inactive players will automatically lose when time's up. (requested by yung_iznamakin)
|
|t:|1650976802
|start
|switch|p1a: Hatterene|Hatterene, F|100/100
|switch|p2a: Slowking|Slowking-Galar, F|100/100
|turn|1
|
|t:|1650976807
|move|p2a: Slowking|Future Sight|p1a: Hatterene
|-start|p2a: Slowking|move: Future Sight
|move|p1a: Hatterene|Trick Room|p1a: Hatterene
|-fieldstart|move: Trick Room|[of] p1a: Hatterene
|
|upkeep
|turn|2
|
|t:|1650976812
|switch|p1a: Melmetal|Melmetal, shiny|100/100
|move|p2a: Slowking|Sludge Bomb|p1a: Melmetal
|-immune|p1a: Melmetal
|
|upkeep
|turn|3
|
|t:|1650976823
|switch|p2a: Melmetal|Melmetal|100/100
|move|p1a: Melmetal|Earthquake|p2a: Melmetal
|-supereffective|p2a: Melmetal
|-damage|p2a: Melmetal|49/100
|
|-end|p1a: Melmetal|move: Future Sight
|-resisted|p1a: Melmetal
|-damage|p1a: Melmetal|77/100
|-heal|p2a: Melmetal|56/100|[from] item: Leftovers
|upkeep
|turn|4
|
|t:|1650976839
|switch|p1a: Crawdaunt|Crawdaunt, F|100/100
|switch|p2a: Landorus|Landorus-Therian, M|100/100
|-ability|p2a: Landorus|Intimidate|boost
|-unboost|p1a: Crawdaunt|atk|1
|
|upkeep
|turn|5
|
|t:|1650976846
|switch|p2a: Volcanion|Volcanion|100/100
|move|p1a: Crawdaunt|Knock Off|p2a: Volcanion
|-damage|p2a: Volcanion|40/100
|-enditem|p2a: Volcanion|Choice Specs|[from] move: Knock Off|[of] p1a: Crawdaunt
|-damage|p1a: Crawdaunt|90/100|[from] item: Life Orb
|
|-fieldend|move: Trick Room
|upkeep
|turn|6
|
|t:|1650976853
|switch|p1a: Porygon2|Porygon2|100/100
|-ability|p1a: Porygon2|Download|boost
|-boost|p1a: Porygon2|spa|1
|move|p2a: Volcanion|Steam Eruption|p1a: Porygon2
|-damage|p1a: Porygon2|71/100
|
|upkeep
|turn|7
|
|t:|1650976876
|move|p2a: Volcanion|Steam Eruption|p1a: Porygon2
|-damage|p1a: Porygon2|44/100
|-status|p1a: Porygon2|brn
|move|p1a: Porygon2|Trick Room|p1a: Porygon2
|-fieldstart|move: Trick Room|[of] p1a: Porygon2
|
|-damage|p1a: Porygon2|38/100 brn|[from] brn
|upkeep
|turn|8
|
|t:|1650976884
|move|p1a: Porygon2|Recover|p1a: Porygon2
|-heal|p1a: Porygon2|88/100 brn
|move|p2a: Volcanion|Steam Eruption|p1a: Porygon2
|-damage|p1a: Porygon2|57/100 brn
|
|-damage|p1a: Porygon2|51/100 brn|[from] brn
|upkeep
|turn|9
|
|t:|1650976891
|move|p1a: Porygon2|Recover|p1a: Porygon2
|-heal|p1a: Porygon2|100/100 brn
|move|p2a: Volcanion|Steam Eruption|p1a: Porygon2
|-damage|p1a: Porygon2|69/100 brn
|
|-damage|p1a: Porygon2|63/100 brn|[from] brn
|upkeep
|turn|10
|
|t:|1650976898
|move|p1a: Porygon2|Recover|p1a: Porygon2
|-heal|p1a: Porygon2|100/100 brn
|move|p2a: Volcanion|Steam Eruption|p1a: Porygon2
|-damage|p1a: Porygon2|74/100 brn
|
|-damage|p1a: Porygon2|68/100 brn|[from] brn
|upkeep
|turn|11
|
|t:|1650976907
|switch|p2a: Melmetal|Melmetal|56/100
|move|p1a: Porygon2|Recover|p1a: Porygon2
|-heal|p1a: Porygon2|100/100 brn
|
|-heal|p2a: Melmetal|62/100|[from] item: Leftovers
|-damage|p1a: Porygon2|94/100 brn|[from] brn
|-fieldend|move: Trick Room
|upkeep
|turn|12
|
|t:|1650976915
|switch|p1a: Melmetal|Melmetal, shiny|77/100
|move|p2a: Melmetal|Body Press|p1a: Melmetal
|-supereffective|p1a: Melmetal
|-damage|p1a: Melmetal|44/100
|
|-heal|p2a: Melmetal|68/100|[from] item: Leftovers
|upkeep
|turn|13
|
|t:|1650976923
|move|p2a: Melmetal|Body Press|p1a: Melmetal
|-supereffective|p1a: Melmetal
|-damage|p1a: Melmetal|9/100
|move|p1a: Melmetal|Double Iron Bash|p2a: Melmetal
|-resisted|p2a: Melmetal
|-damage|p2a: Melmetal|53/100
|-resisted|p2a: Melmetal
|-damage|p2a: Melmetal|39/100
|-hitcount|p2a: Melmetal|2
|
|-heal|p2a: Melmetal|45/100|[from] item: Leftovers
|upkeep
|turn|14
|
|t:|1650976932
|move|p2a: Melmetal|Double Iron Bash|p1a: Melmetal
|-resisted|p1a: Melmetal
|-damage|p1a: Melmetal|1/100
|-resisted|p1a: Melmetal
|-damage|p1a: Melmetal|0 fnt
|faint|p1a: Melmetal
|-hitcount|p1: Melmetal|2
|
|-heal|p2a: Melmetal|51/100|[from] item: Leftovers
|upkeep
|
|t:|1650976938
|switch|p1a: Marowak|Marowak-Alola, F|100/100
|turn|15
|
|t:|1650976961
|switch|p2a: Volcanion|Volcanion|40/100
|move|p1a: Marowak|Earthquake|p2a: Volcanion
|-supereffective|p2a: Volcanion
|-damage|p2a: Volcanion|0 fnt
|faint|p2a: Volcanion
|
|upkeep
|
|t:|1650976969
|switch|p2a: Landorus|Landorus-Therian, M|100/100
|-ability|p2a: Landorus|Intimidate|boost
|-unboost|p1a: Marowak|atk|1
|turn|16
|
|t:|1650976977
|switch|p1a: Porygon2|Porygon2|94/100 brn
|-ability|p1a: Porygon2|Download|boost
|-boost|p1a: Porygon2|spa|1
|move|p2a: Landorus|U-turn|p1a: Porygon2
|-damage|p1a: Porygon2|77/100 brn
|
|t:|1650976983
|switch|p2a: Melmetal|Melmetal|51/100|[from]move: U-turn
|
|-heal|p2a: Melmetal|57/100|[from] item: Leftovers
|-damage|p1a: Porygon2|71/100 brn|[from] brn
|upkeep
|turn|17
|j| youhuanbingshi
|
|t:|1650976996
|switch|p1a: Cresselia|Cresselia, F|100/100
|move|p2a: Melmetal|Body Press|p1a: Cresselia
|-resisted|p1a: Cresselia
|-damage|p1a: Cresselia|92/100
|
|-heal|p1a: Cresselia|98/100|[from] item: Leftovers
|-heal|p2a: Melmetal|63/100|[from] item: Leftovers
|upkeep
|turn|18
|
|t:|1650977004
|move|p2a: Melmetal|Thunder Wave|p1a: Cresselia|[miss]
|-miss|p2a: Melmetal|p1a: Cresselia
|move|p1a: Cresselia|Trick Room|p1a: Cresselia
|-fieldstart|move: Trick Room|[of] p1a: Cresselia
|
|-heal|p2a: Melmetal|69/100|[from] item: Leftovers
|-heal|p1a: Cresselia|100/100|[from] item: Leftovers
|upkeep
|turn|19
|
|t:|1650977010
|switch|p1a: Marowak|Marowak-Alola, F|100/100
|move|p2a: Melmetal|Thunder Wave|p1a: Marowak
|-status|p1a: Marowak|par
|
|-heal|p2a: Melmetal|75/100|[from] item: Leftovers
|upkeep
|turn|20
|
|t:|1650977018
|move|p1a: Marowak|Swords Dance|p1a: Marowak
|-boost|p1a: Marowak|atk|2
|move|p2a: Melmetal|Double Iron Bash|p1a: Marowak
|-resisted|p1a: Marowak
|-damage|p1a: Marowak|85/100 par
|-resisted|p1a: Marowak
|-damage|p1a: Marowak|68/100 par
|-hitcount|p1a: Marowak|2
|
|-heal|p2a: Melmetal|82/100|[from] item: Leftovers
|upkeep
|turn|21
|
|t:|1650977037
|switch|p2a: Dragonite|Dragonite, F|100/100
|move|p1a: Marowak|Poltergeist|p2a: Dragonite
|-activate|p2a: Dragonite|move: Poltergeist|Heavy-Duty Boots
|-damage|p2a: Dragonite|9/100
|
|upkeep
|turn|22
|
|t:|1650977044
|move|p1a: Marowak|Flare Blitz|p2a: Dragonite
|-resisted|p2a: Dragonite
|-damage|p2a: Dragonite|0 fnt
|faint|p2a: Dragonite
|
|-fieldend|move: Trick Room
|upkeep
|
|t:|1650977051
|switch|p2a: Landorus|Landorus-Therian, M|100/100
|-ability|p2a: Landorus|Intimidate|boost
|-unboost|p1a: Marowak|atk|1
|turn|23
|
|t:|1650977063
|switch|p1a: Cresselia|Cresselia, F|100/100
|move|p2a: Landorus|Earthquake|p1a: Cresselia
|-immune|p1a: Cresselia|[from] ability: Levitate
|
|upkeep
|turn|24
|
|t:|1650977068
|move|p2a: Landorus|Stealth Rock|p1a: Cresselia
|-sidestart|p1: yung_iznamakin|move: Stealth Rock
|move|p1a: Cresselia|Trick Room|p1a: Cresselia
|-fieldstart|move: Trick Room|[of] p1a: Cresselia
|
|upkeep
|turn|25
|l|☆Colestein
|inactive|Colestein disconnected and has a minute to reconnect!
|player|p2|
|inactive|Colestein has 30 seconds to reconnect!
|j|☆Colestein
|inactive|Colestein reconnected and has 110 seconds left.
|player|p2|Colestein|101
|
|t:|1650977111
|move|p1a: Cresselia|Ice Beam|p2a: Landorus
|-supereffective|p2a: Landorus
|-damage|p2a: Landorus|10/100
|move|p2a: Landorus|U-turn|p1a: Cresselia
|-supereffective|p1a: Cresselia
|-damage|p1a: Cresselia|74/100
|l| youhuanbingshi
|
|t:|1650977117
|switch|p2a: Blacephalon|Blacephalon|100/100|[from]move: U-turn
|
|-heal|p1a: Cresselia|80/100|[from] item: Leftovers
|upkeep
|turn|26
|
|t:|1650977131
|switch|p1a: Crawdaunt|Crawdaunt, F|90/100
|-damage|p1a: Crawdaunt|78/100|[from] Stealth Rock
|move|p2a: Blacephalon|Mind Blown|p1a: Crawdaunt
|-resisted|p1a: Crawdaunt
|-damage|p1a: Crawdaunt|0 fnt
|-damage|p2a: Blacephalon|50/100|[from] mindblown
|faint|p1a: Crawdaunt
|-ability|p2a: Blacephalon|Beast Boost|boost
|-boost|p2a: Blacephalon|spa|1
|
|upkeep
|
|t:|1650977146
|switch|p1a: Marowak|Marowak-Alola, F|68/100 par
|-damage|p1a: Marowak|44/100 par|[from] Stealth Rock
|turn|27
|j| youhuanbingshi
|l| youhuanbingshi
|inactive|Colestein has 120 seconds left.
|
|t:|1650977169
|switch|p2a: Landorus|Landorus-Therian, M|10/100
|-ability|p2a: Landorus|Intimidate|boost
|-unboost|p1a: Marowak|atk|1
|move|p1a: Marowak|Flare Blitz|p2a: Landorus
|-damage|p2a: Landorus|0 fnt
|faint|p2a: Landorus
|
|upkeep
|
|t:|1650977178
|switch|p2a: Melmetal|Melmetal|82/100
|turn|28
|
|t:|1650977184
|switch|p1a: Cresselia|Cresselia, F|80/100
|-damage|p1a: Cresselia|68/100|[from] Stealth Rock
|move|p2a: Melmetal|Double Iron Bash|p1a: Cresselia
|-damage|p1a: Cresselia|53/100
|-damage|p1a: Cresselia|35/100
|-hitcount|p1a: Cresselia|2
|
|-heal|p2a: Melmetal|88/100|[from] item: Leftovers
|-heal|p1a: Cresselia|41/100|[from] item: Leftovers
|-fieldend|move: Trick Room
|upkeep
|turn|29
|
|t:|1650977194
|move|p1a: Cresselia|Moonlight|p1a: Cresselia
|-heal|p1a: Cresselia|91/100
|move|p2a: Melmetal|Thunder Wave|p1a: Cresselia
|-status|p1a: Cresselia|par
|
|-heal|p2a: Melmetal|94/100|[from] item: Leftovers
|-heal|p1a: Cresselia|97/100 par|[from] item: Leftovers
|upkeep
|turn|30
|
|t:|1650977202
|move|p2a: Melmetal|Double Iron Bash|p1a: Cresselia
|-damage|p1a: Cresselia|82/100 par
|-damage|p1a: Cresselia|66/100 par
|-hitcount|p1a: Cresselia|2
|cant|p1a: Cresselia|flinch
|
|-heal|p2a: Melmetal|99/100|[from] item: Leftovers
|-heal|p1a: Cresselia|72/100 par|[from] item: Leftovers
|upkeep
|turn|31
|
|t:|1650977210
|move|p2a: Melmetal|Acid Armor|p2a: Melmetal
|-boost|p2a: Melmetal|def|2
|move|p1a: Cresselia|Trick Room|p1a: Cresselia
|-fieldstart|move: Trick Room|[of] p1a: Cresselia
|
|-heal|p1a: Cresselia|78/100 par|[from] item: Leftovers
|-heal|p2a: Melmetal|100/100|[from] item: Leftovers
|upkeep
|turn|32
|
|t:|1650977218
|move|p1a: Cresselia|Lunar Dance|p1a: Cresselia
|faint|p1a: Cresselia
|move|p2a: Melmetal|Acid Armor|p2a: Melmetal
|-boost|p2a: Melmetal|def|2
|
|upkeep
|
|t:|1650977222
|switch|p1a: Marowak|Marowak-Alola, F|44/100 par
|-heal|p1a: Marowak|100/100|[from] move: Lunar Dance
|-damage|p1a: Marowak|76/100|[from] Stealth Rock
|turn|33
|
|t:|1650977232
|move|p2a: Melmetal|Thunder Wave|p1a: Marowak|[miss]
|-miss|p2a: Melmetal|p1a: Marowak
|move|p1a: Marowak|Swords Dance|p1a: Marowak
|-boost|p1a: Marowak|atk|2
|
|upkeep
|turn|34
|
|t:|1650977237
|move|p2a: Melmetal|Double Iron Bash|p1a: Marowak
|-resisted|p1a: Marowak
|-damage|p1a: Marowak|59/100
|-resisted|p1a: Marowak
|-damage|p1a: Marowak|42/100
|-hitcount|p1a: Marowak|2
|move|p1a: Marowak|Flare Blitz|p2a: Melmetal
|-supereffective|p2a: Melmetal
|-damage|p2a: Melmetal|45/100
|
|-heal|p2a: Melmetal|51/100|[from] item: Leftovers
|upkeep
|turn|35
|
|t:|1650977246
|move|p2a: Melmetal|Double Iron Bash|p1a: Marowak
|-resisted|p1a: Marowak
|-crit|p1a: Marowak
|-damage|p1a: Marowak|18/100
|-resisted|p1a: Marowak
|-damage|p1a: Marowak|0 fnt
|faint|p1a: Marowak
|-hitcount|p1: Marowak|2
|
|-heal|p2a: Melmetal|57/100|[from] item: Leftovers
|-fieldend|move: Trick Room
|upkeep
|-message|yung_iznamakin forfeited.
|
|win|Colestein
|raw|yung_iznamakin's rating: 1630 &rarr; <strong>1608</strong><br />(-22 for losing)
|raw|Colestein's rating: 1597 &rarr; <strong>1619</strong><br />(+22 for winning)
|l|☆yung_iznamakin
