|j|☆Mdraa
|j|☆ThedebatableReaper
|t:|1605798589
|player|p1|Mdraa|hiker-gen4|1959
|player|p2|ThedebatableReaper|266|1883
|teamsize|p1|6
|teamsize|p2|6
|gametype|singles
|gen|8
|tier|[Gen 8] OU
|rated|
|clearpoke
|poke|p1|Dragonite, M|
|poke|p1|Magearna|
|poke|p1|Landorus-Therian, M|
|poke|p1|Urshifu-*, F|
|poke|p1|Zapdos|
|poke|p1|Tapu Fini|
|poke|p2|Latios, M|
|poke|p2|Cinderace, M|
|poke|p2|Heatran, M|
|poke|p2|Tapu Fini|
|poke|p2|Zapdos-Galar|
|poke|p2|Nidoking, M|
|rule|Sleep Clause Mod: Limit one foe put to sleep
|rule|Species Clause: Limit one of each Pokémon
|rule|OHKO Clause: OHKO moves are banned
|rule|Evasion Moves Clause: Evasion moves are banned
|rule|Endless Battle Clause: Forcing endless battles is banned
|rule|HP Percentage Mod: HP is shown in percentages
|rule|Dynamax Clause: You cannot dynamax
|teampreview
|
|t:|1605798604
|start
|switch|p1a: Landorus|Landorus-Therian, M|100/100
|switch|p2a: Zapdos|Zapdos-Galar|100/100
|-ability|p1a: Landorus|Intimidate|boost
|-unboost|p2a: Zapdos|atk|1
|-ability|p2a: Zapdos|Defiant
|-boost|p2a: Zapdos|atk|2
|turn|1
|
|t:|1605798613
|switch|p2a: Latios|Latios, M|100/100
|switch|p1a: Zapdos|Zapdos|100/100
|
|upkeep
|turn|2
|
|t:|1605798622
|switch|p1a: Tapu Fini|Tapu Fini|100/100
|-fieldstart|move: Misty Terrain|[from] ability: Misty Surge|[of] p1a: Tapu Fini
|move|p2a: Latios|Psychic|p1a: Tapu Fini
|-damage|p1a: Tapu Fini|42/100
|
|-heal|p1a: Tapu Fini|48/100|[from] item: Leftovers
|upkeep
|turn|3
|j| thesupercooldude
|j| zoltdrac
|
|t:|1605798632
|switch|p2a: Zapdos|Zapdos-Galar|100/100
|switch|p1a: Urshifu|Urshifu, F|100/100
|
|upkeep
|turn|4
|j| nittestjaw ftit
|
|t:|1605798638
|switch|p1a: Zapdos|Zapdos|100/100
|move|p2a: Zapdos|Brave Bird|p1a: Zapdos
|-resisted|p1a: Zapdos
|-damage|p1a: Zapdos|76/100
|-status|p2a: Zapdos|par|[from] ability: Static|[of] p1a: Zapdos
|-damage|p2a: Zapdos|91/100 par|[from] Recoil
|
|upkeep
|turn|5
|
|t:|1605798648
|switch|p1a: Urshifu|Urshifu, F|100/100
|switch|p2a: Nidoking|Nidoking, M|100/100
|
|upkeep
|turn|6
|j| 0wt0rez
|
|t:|1605798653
|switch|p2a: Tapu Fini|Tapu Fini|100/100
|move|p1a: Urshifu|U-turn|p2a: Tapu Fini
|-resisted|p2a: Tapu Fini
|-damage|p2a: Tapu Fini|93/100
|
|t:|1605798659
|switch|p1a: Magearna|Magearna|100/100|[from]move: U-turn
|
|-heal|p2a: Tapu Fini|99/100|[from] item: Leftovers
|-fieldend|Misty Terrain
|upkeep
|turn|7
|
|t:|1605798666
|switch|p2a: Nidoking|Nidoking, M|100/100
|move|p1a: Magearna|Fleur Cannon|p2a: Nidoking
|-resisted|p2a: Nidoking
|-damage|p2a: Nidoking|25/100
|-unboost|p1a: Magearna|spa|2
|
|upkeep
|turn|8
|
|t:|1605798675
|move|p2a: Nidoking|Ice Beam|p1a: Magearna
|-resisted|p1a: Magearna
|-damage|p1a: Magearna|83/100
|move|p1a: Magearna|Fleur Cannon|p2a: Nidoking|[miss]
|-miss|p1a: Magearna|p2a: Nidoking
|
|upkeep
|turn|9
|j| M10
|
|t:|1605798684
|move|p2a: Nidoking|Ice Beam|p1a: Magearna
|-resisted|p1a: Magearna
|-damage|p1a: Magearna|68/100
|move|p1a: Magearna|Fleur Cannon|p2a: Nidoking
|-resisted|p2a: Nidoking
|-damage|p2a: Nidoking|0 fnt
|-unboost|p1a: Magearna|spa|2
|faint|p2a: Nidoking
|-ability|p1a: Magearna|Soul-Heart|boost
|-boost|p1a: Magearna|spa|1
|
|upkeep
|
|t:|1605798694
|switch|p2a: Cinderace|Cinderace, M|100/100
|turn|10
|
|t:|1605798699
|switch|p1a: Landorus|Landorus-Therian, M|100/100
|-ability|p1a: Landorus|Intimidate|boost
|-unboost|p2a: Cinderace|atk|1
|move|p2a: Cinderace|Pyro Ball|p1a: Landorus
|-damage|p1a: Landorus|61/100
|
|upkeep
|turn|11
|
|t:|1605798707
|switch|p2a: Zapdos|Zapdos-Galar|91/100 par
|move|p1a: Landorus|Stealth Rock|p2a: Zapdos
|-sidestart|p2: ThedebatableReaper|move: Stealth Rock
|
|upkeep
|turn|12
|j| assddff
|
|t:|1605798712
|move|p1a: Landorus|Knock Off|p2a: Zapdos
|-resisted|p2a: Zapdos
|-damage|p2a: Zapdos|72/100 par
|-enditem|p2a: Zapdos|Choice Scarf|[from] move: Knock Off|[of] p1a: Landorus
|cant|p2a: Zapdos|par
|
|upkeep
|turn|13
|
|t:|1605798719
|switch|p1a: Zapdos|Zapdos|76/100
|cant|p2a: Zapdos|par
|
|upkeep
|turn|14
|j| Dont Be Suspicious
|
|t:|1605798723
|switch|p2a: Latios|Latios, M|100/100
|-damage|p2a: Latios|88/100|[from] Stealth Rock
|move|p1a: Zapdos|Volt Switch|p2a: Latios
|-resisted|p2a: Latios
|-damage|p2a: Latios|73/100
|
|t:|1605798727
|switch|p1a: Urshifu|Urshifu, F|100/100|[from]move: Volt Switch
|
|upkeep
|turn|15
|
|t:|1605798733
|move|p1a: Urshifu|U-turn|p2a: Latios
|-supereffective|p2a: Latios
|-damage|p2a: Latios|8/100
|
|t:|1605798738
|switch|p1a: Tapu Fini|Tapu Fini|48/100|[from]move: U-turn
|-fieldstart|move: Misty Terrain|[from] ability: Misty Surge|[of] p1a: Tapu Fini
|move|p2a: Latios|Draco Meteor|p1a: Tapu Fini
|-immune|p1a: Tapu Fini
|
|-heal|p1a: Tapu Fini|54/100|[from] item: Leftovers
|upkeep
|turn|16
|-message|ThedebatableReaper forfeited.
|
|win|Mdraa
|l|☆ThedebatableReaper
|l| thesupercooldude
|l|☆Mdraa
|c| Dont Be Suspicious|gg
|l| Dont Be Suspicious
||Ladder (probably) updated, but score could not be retrieved (Request timeout).
|l| zoltdrac
