|raw|<div class="broadcast-blue"><strong>This battle is required to be public due to a player having a name starting with 'lt91bb'.</div>
|j|☆dmt dreams
|j|☆LT91BB Dasmer
|t:|1659521666
|gametype|singles
|player|p1|dmt dreams|pokefan-gen4|1904
|player|p2|LT91BB Dasmer|rei|1899
|teamsize|p1|6
|teamsize|p2|6
|gen|8
|tier|[Gen 8] OU
|rated|
|rule|Sleep Clause Mod: Limit one foe put to sleep
|rule|Species Clause: Limit one of each Pokémon
|rule|OHKO Clause: OHKO moves are banned
|rule|Evasion Moves Clause: Evasion moves are banned
|rule|Endless Battle Clause: Forcing endless battles is banned
|rule|HP Percentage Mod: HP is shown in percentages
|rule|Dynamax Clause: You cannot dynamax
|clearpoke
|poke|p1|Cresselia, F|
|poke|p1|Clefable, M|
|poke|p1|Quagsire, M|
|poke|p1|Skarmory, F|
|poke|p1|Zapdos|
|poke|p1|Toxapex, F|
|poke|p2|Landorus-Therian, M|
|poke|p2|Victini|
|poke|p2|Tapu Koko|
|poke|p2|Dragonite, F|
|poke|p2|Ferrothorn, M|
|poke|p2|Clefable, M|
|teampreview
|
|t:|1659521673
|start
|switch|p1a: Cresselia|Cresselia, F|100/100
|switch|p2a: Landorus|Landorus-Therian, M|100/100
|-ability|p2a: Landorus|Intimidate|boost
|-unboost|p1a: Cresselia|atk|1
|turn|1
|
|t:|1659521678
|switch|p2a: Ferrothorn|Ferrothorn, M|100/100
|move|p1a: Cresselia|Ice Beam|p2a: Ferrothorn
|-damage|p2a: Ferrothorn|87/100
|
|-heal|p2a: Ferrothorn|93/100|[from] item: Leftovers
|upkeep
|turn|2
|
|t:|1659521681
|switch|p1a: Toxapex|Toxapex, F|100/100
|move|p2a: Ferrothorn|Spikes|p1a: Toxapex
|-sidestart|p1: dmt dreams|Spikes
|
|-heal|p2a: Ferrothorn|99/100|[from] item: Leftovers
|upkeep
|turn|3
|
|t:|1659521686
|switch|p2a: Clefable|Clefable, M|100/100
|move|p1a: Toxapex|Knock Off|p2a: Clefable
|-resisted|p2a: Clefable
|-damage|p2a: Clefable|94/100
|-enditem|p2a: Clefable|Sticky Barb|[from] move: Knock Off|[of] p1a: Toxapex
|
|upkeep
|turn|4
|
|t:|1659521697
|switch|p1a: Skarmory|Skarmory, F|100/100
|move|p2a: Clefable|Trick|p1a: Skarmory
|-activate|p2a: Clefable|move: Trick|[of] p1a: Skarmory
|-enditem|p1a: Skarmory|Shed Shell|[silent]|[from] move: Trick
|-item|p2a: Clefable|Shed Shell|[from] move: Trick
|
|upkeep
|turn|5
|
|t:|1659521702
|switch|p2a: Ferrothorn|Ferrothorn, M|99/100
|move|p1a: Skarmory|Spikes|p2a: Ferrothorn
|-sidestart|p2: LT91BB Dasmer|Spikes
|
|-heal|p2a: Ferrothorn|100/100|[from] item: Leftovers
|upkeep
|turn|6
|
|t:|1659521707
|move|p1a: Skarmory|Body Press|p2a: Ferrothorn
|-supereffective|p2a: Ferrothorn
|-damage|p2a: Ferrothorn|61/100
|-damage|p1a: Skarmory|88/100|[from] ability: Iron Barbs|[of] p2a: Ferrothorn
|move|p2a: Ferrothorn|Leech Seed|p1a: Skarmory|[miss]
|-miss|p2a: Ferrothorn|p1a: Skarmory
|
|-heal|p2a: Ferrothorn|68/100|[from] item: Leftovers
|upkeep
|turn|7
|
|t:|1659521711
|switch|p1a: Toxapex|Toxapex, F|100/100
|-damage|p1a: Toxapex|88/100|[from] Spikes
|switch|p2a: Victini|Victini|100/100
|
|upkeep
|turn|8
|
|t:|1659521714
|move|p2a: Victini|Bolt Strike|p1a: Toxapex
|-supereffective|p1a: Toxapex
|-damage|p1a: Toxapex|27/100
|move|p1a: Toxapex|Knock Off|p2a: Victini
|-supereffective|p2a: Victini
|-damage|p2a: Victini|71/100
|-enditem|p2a: Victini|Heavy-Duty Boots|[from] move: Knock Off|[of] p1a: Toxapex
|
|upkeep
|turn|9
|
|t:|1659521720
|switch|p1a: Clefable|Clefable, M|100/100
|move|p2a: Victini|V-create|p1a: Clefable
|-damage|p1a: Clefable|31/100
|-unboost|p2a: Victini|spe|1
|-unboost|p2a: Victini|def|1
|-unboost|p2a: Victini|spd|1
|
|-damage|p2a: Victini|59/100|[from] item: Sticky Barb
|upkeep
|turn|10
|
|t:|1659521722
|switch|p1a: Quagsire|Quagsire, M|100/100
|move|p2a: Victini|U-turn|p1a: Quagsire
|-damage|p1a: Quagsire|86/100
|
|t:|1659521725
|switch|p2a: Ferrothorn|Ferrothorn, M|68/100|[from]move: U-turn
|-damage|p2a: Ferrothorn|55/100|[from] Spikes
|
|-heal|p2a: Ferrothorn|61/100|[from] item: Leftovers
|upkeep
|turn|11
|
|t:|1659521728
|switch|p1a: Toxapex|Toxapex, F|61/100
|-damage|p1a: Toxapex|48/100|[from] Spikes
|move|p2a: Ferrothorn|Power Whip|p1a: Toxapex
|-damage|p1a: Toxapex|18/100
|
|-heal|p2a: Ferrothorn|68/100|[from] item: Leftovers
|upkeep
|turn|12
|
|t:|1659521733
|move|p1a: Toxapex|Recover|p1a: Toxapex
|-heal|p1a: Toxapex|68/100
|move|p2a: Ferrothorn|Leech Seed|p1a: Toxapex
|-start|p1a: Toxapex|move: Leech Seed
|
|-heal|p2a: Ferrothorn|74/100|[from] item: Leftovers
|-damage|p1a: Toxapex|56/100|[from] Leech Seed|[of] p2a: Ferrothorn
|-heal|p2a: Ferrothorn|85/100|[silent]
|upkeep
|turn|13
|
|t:|1659521739
|switch|p1a: Skarmory|Skarmory, F|88/100
|switch|p2a: Victini|Victini|59/100
|-damage|p2a: Victini|47/100|[from] Spikes
|
|-damage|p2a: Victini|34/100|[from] item: Sticky Barb
|upkeep
|turn|14
|
|t:|1659521746
|switch|p1a: Quagsire|Quagsire, M|86/100
|move|p2a: Victini|V-create|p1a: Quagsire
|-resisted|p1a: Quagsire
|-damage|p1a: Quagsire|55/100
|-unboost|p2a: Victini|spe|1
|-unboost|p2a: Victini|def|1
|-unboost|p2a: Victini|spd|1
|
|-damage|p2a: Victini|22/100|[from] item: Sticky Barb
|upkeep
|turn|15
|
|t:|1659521749
|move|p2a: Victini|U-turn|p1a: Quagsire
|-damage|p1a: Quagsire|40/100
|
|t:|1659521750
|switch|p2a: Ferrothorn|Ferrothorn, M|85/100|[from]move: U-turn
|-damage|p2a: Ferrothorn|72/100|[from] Spikes
|move|p1a: Quagsire|Recover|p1a: Quagsire
|-heal|p1a: Quagsire|90/100
|
|-heal|p2a: Ferrothorn|78/100|[from] item: Leftovers
|upkeep
|turn|16
|
|t:|1659521758
|switch|p1a: Toxapex|Toxapex, F|89/100
|-damage|p1a: Toxapex|76/100|[from] Spikes
|move|p2a: Ferrothorn|Spikes|p1a: Toxapex
|-sidestart|p1: dmt dreams|Spikes
|
|-heal|p2a: Ferrothorn|85/100|[from] item: Leftovers
|upkeep
|turn|17
|j| LT91BB Maya
|
|t:|1659521765
|switch|p2a: Clefable|Clefable, M|94/100
|move|p1a: Toxapex|Toxic Spikes|p2a: Clefable
|-sidestart|p2: LT91BB Dasmer|move: Toxic Spikes
|
|upkeep
|turn|18
|
|t:|1659521778
|switch|p2a: Landorus|Landorus-Therian, M|100/100
|-ability|p2a: Landorus|Intimidate|boost
|-unboost|p1a: Toxapex|atk|1
|switch|p1a: Skarmory|Skarmory, F|88/100
|
|upkeep
|turn|19
|
|t:|1659521780
|move|p2a: Landorus|Stealth Rock|p1a: Skarmory
|-sidestart|p1: dmt dreams|move: Stealth Rock
|move|p1a: Skarmory|Toxic|p2a: Landorus
|-status|p2a: Landorus|tox
|
|-damage|p2a: Landorus|95/100 tox|[from] psn
|upkeep
|turn|20
|
|t:|1659521785
|switch|p2a: Tapu Koko|Tapu Koko|100/100
|-fieldstart|move: Electric Terrain|[from] ability: Electric Surge|[of] p2a: Tapu Koko
|move|p1a: Skarmory|Toxic|p2a: Tapu Koko
|-status|p2a: Tapu Koko|tox
|
|-damage|p2a: Tapu Koko|95/100 tox|[from] psn
|upkeep
|turn|21
|
|t:|1659521789
|switch|p2a: Landorus|Landorus-Therian, M|95/100 tox
|-ability|p2a: Landorus|Intimidate|boost
|-unboost|p1a: Skarmory|atk|1
|switch|p1a: Quagsire|Quagsire, M|90/100
|
|-damage|p2a: Landorus|89/100 tox|[from] psn
|upkeep
|turn|22
|
|t:|1659521793
|switch|p1a: Skarmory|Skarmory, F|88/100
|-damage|p1a: Skarmory|76/100|[from] Stealth Rock
|move|p2a: Landorus|Earthquake|p1a: Skarmory
|-immune|p1a: Skarmory
|
|-damage|p2a: Landorus|77/100 tox|[from] psn
|upkeep
|turn|23
|
|t:|1659521795
|switch|p2a: Tapu Koko|Tapu Koko|95/100 tox
|move|p1a: Skarmory|Roost|p1a: Skarmory
|-heal|p1a: Skarmory|100/100
|-singleturn|p1a: Skarmory|move: Roost
|
|-damage|p2a: Tapu Koko|89/100 tox|[from] psn
|upkeep
|turn|24
|
|t:|1659521798
|switch|p2a: Clefable|Clefable, M|94/100
|-status|p2a: Clefable|psn
|switch|p1a: Quagsire|Quagsire, M|90/100
|
|-fieldend|move: Electric Terrain
|upkeep
|turn|25
|
|t:|1659521803
|switch|p1a: Toxapex|Toxapex, F|100/100
|-damage|p1a: Toxapex|84/100|[from] Spikes
|-damage|p1a: Toxapex|72/100|[from] Stealth Rock
|move|p2a: Clefable|Moonblast|p1a: Toxapex
|-resisted|p1a: Toxapex
|-damage|p1a: Toxapex|62/100
|-unboost|p1a: Toxapex|spa|1
|
|upkeep
|turn|26
|
|t:|1659521807
|move|p2a: Clefable|Aromatherapy|p2a: Clefable
|-activate|p2a: Clefable|move: Aromatherapy
|-curestatus|p2a: Clefable|psn|[msg]
|-curestatus|p2: Landorus|tox|[msg]
|-curestatus|p2: Tapu Koko|tox|[msg]
|move|p1a: Toxapex|Knock Off|p2a: Clefable
|-resisted|p2a: Clefable
|-damage|p2a: Clefable|87/100
|-enditem|p2a: Clefable|Shed Shell|[from] move: Knock Off|[of] p1a: Toxapex
|
|upkeep
|turn|27
|
|t:|1659521815
|move|p2a: Clefable|Moonblast|p1a: Toxapex
|-resisted|p1a: Toxapex
|-damage|p1a: Toxapex|52/100
|move|p1a: Toxapex|Knock Off|p2a: Clefable
|-resisted|p2a: Clefable
|-damage|p2a: Clefable|83/100
|
|upkeep
|turn|28
|
|t:|1659521824
|move|p2a: Clefable|Moonblast|p1a: Toxapex
|-resisted|p1a: Toxapex
|-damage|p1a: Toxapex|42/100
|move|p1a: Toxapex|Knock Off|p2a: Clefable
|-resisted|p2a: Clefable
|-damage|p2a: Clefable|78/100
|
|upkeep
|turn|29
|
|t:|1659521826
|move|p2a: Clefable|Moonblast|p1a: Toxapex
|-resisted|p1a: Toxapex
|-crit|p1a: Toxapex
|-damage|p1a: Toxapex|27/100
|-unboost|p1a: Toxapex|spa|1
|move|p1a: Toxapex|Knock Off|p2a: Clefable
|-resisted|p2a: Clefable
|-damage|p2a: Clefable|73/100
|
|upkeep
|turn|30
|
|t:|1659521830
|switch|p2a: Landorus|Landorus-Therian, M|77/100
|-ability|p2a: Landorus|Intimidate|boost
|-unboost|p1a: Toxapex|atk|1
|move|p1a: Toxapex|Knock Off|p2a: Landorus
|-damage|p2a: Landorus|64/100
|-enditem|p2a: Landorus|Normal Gem|[from] move: Knock Off|[of] p1a: Toxapex
|
|upkeep
|turn|31
|l| LT91BB Maya
|
|t:|1659521834
|switch|p1a: Skarmory|Skarmory, F|100/100
|-damage|p1a: Skarmory|88/100|[from] Stealth Rock
|move|p2a: Landorus|Swords Dance|p2a: Landorus
|-boost|p2a: Landorus|atk|2
|
|upkeep
|turn|32
|
|t:|1659521839
|switch|p2a: Tapu Koko|Tapu Koko|89/100
|-fieldstart|move: Electric Terrain|[from] ability: Electric Surge|[of] p2a: Tapu Koko
|move|p1a: Skarmory|Toxic|p2a: Tapu Koko
|-status|p2a: Tapu Koko|tox
|
|-damage|p2a: Tapu Koko|83/100 tox|[from] psn
|upkeep
|turn|33
|
|t:|1659521845
|switch|p2a: Ferrothorn|Ferrothorn, M|85/100
|-damage|p2a: Ferrothorn|72/100|[from] Spikes
|move|p1a: Skarmory|Spikes|p2a: Ferrothorn
|-sidestart|p2: LT91BB Dasmer|Spikes
|
|-heal|p2a: Ferrothorn|78/100|[from] item: Leftovers
|upkeep
|turn|34
|
|t:|1659521848
|switch|p1a: Clefable|Clefable, M|31/100
|move|p2a: Ferrothorn|Leech Seed|p1a: Clefable
|-start|p1a: Clefable|move: Leech Seed
|
|-heal|p2a: Ferrothorn|85/100|[from] item: Leftovers
|upkeep
|turn|35
|
|t:|1659521852
|switch|p2a: Landorus|Landorus-Therian, M|64/100
|-ability|p2a: Landorus|Intimidate|boost
|-unboost|p1a: Clefable|atk|1
|move|p1a: Clefable|Soft-Boiled|p1a: Clefable
|-heal|p1a: Clefable|81/100
|
|upkeep
|turn|36
|
|t:|1659521856
|switch|p1a: Cresselia|Cresselia, F|100/100
|-damage|p1a: Cresselia|88/100|[from] Stealth Rock
|move|p2a: Landorus|Swords Dance|p2a: Landorus
|-boost|p2a: Landorus|atk|2
|
|-heal|p1a: Cresselia|94/100|[from] item: Leftovers
|-fieldend|move: Electric Terrain
|upkeep
|turn|37
|
|t:|1659521860
|move|p2a: Landorus|Swords Dance|p2a: Landorus
|-boost|p2a: Landorus|atk|2
|move|p1a: Cresselia|Ice Beam|p2a: Landorus
|-supereffective|p2a: Landorus
|-crit|p2a: Landorus
|-damage|p2a: Landorus|0 fnt
|faint|p2a: Landorus
|
|-heal|p1a: Cresselia|99/100|[from] item: Leftovers
|upkeep
|
|t:|1659521865
|switch|p2a: Ferrothorn|Ferrothorn, M|85/100
|-damage|p2a: Ferrothorn|68/100|[from] Spikes
|turn|38
|
|t:|1659521869
|switch|p1a: Clefable|Clefable, M|81/100
|move|p2a: Ferrothorn|Spikes|p1a: Clefable
|-sidestart|p1: dmt dreams|Spikes
|
|-heal|p2a: Ferrothorn|74/100|[from] item: Leftovers
|upkeep
|turn|39
|
|t:|1659521872
|move|p1a: Clefable|Stealth Rock|p2a: Ferrothorn
|-sidestart|p2: LT91BB Dasmer|move: Stealth Rock
|move|p2a: Ferrothorn|Power Whip|p1a: Clefable
|-damage|p1a: Clefable|45/100
|
|-heal|p2a: Ferrothorn|81/100|[from] item: Leftovers
|upkeep
|turn|40
|
|t:|1659521876
|switch|p2a: Dragonite|Dragonite, F|100/100
|move|p1a: Clefable|Soft-Boiled|p1a: Clefable
|-heal|p1a: Clefable|95/100
|
|upkeep
|turn|41
|
|t:|1659521882
|switch|p1a: Cresselia|Cresselia, F|99/100
|-damage|p1a: Cresselia|88/100|[from] Stealth Rock
|move|p2a: Dragonite|Dragon Dance|p2a: Dragonite
|-boost|p2a: Dragonite|atk|1
|-boost|p2a: Dragonite|spe|1
|
|-heal|p1a: Cresselia|94/100|[from] item: Leftovers
|upkeep
|turn|42
|
|t:|1659521884
|move|p2a: Dragonite|Ice Punch|p1a: Cresselia
|-damage|p1a: Cresselia|63/100
|move|p1a: Cresselia|Toxic|p2a: Dragonite
|-status|p2a: Dragonite|tox
|
|-heal|p1a: Cresselia|69/100|[from] item: Leftovers
|-damage|p2a: Dragonite|94/100 tox|[from] psn
|upkeep
|turn|43
|
|t:|1659521887
|move|p2a: Dragonite|Ice Punch|p1a: Cresselia
|-damage|p1a: Cresselia|40/100
|move|p1a: Cresselia|Moonlight|p1a: Cresselia
|-heal|p1a: Cresselia|90/100
|
|-heal|p1a: Cresselia|96/100|[from] item: Leftovers
|-damage|p2a: Dragonite|82/100 tox|[from] psn
|upkeep
|turn|44
|
|t:|1659521890
|move|p2a: Dragonite|Ice Punch|p1a: Cresselia
|-damage|p1a: Cresselia|68/100
|move|p1a: Cresselia|Ice Beam|p2a: Dragonite
|-supereffective|p2a: Dragonite
|-damage|p2a: Dragonite|8/100 tox
|
|-heal|p1a: Cresselia|74/100|[from] item: Leftovers
|-damage|p2a: Dragonite|0 fnt|[from] psn
|faint|p2a: Dragonite
|upkeep
|-message|LT91BB Dasmer forfeited.
|
|win|dmt dreams
|raw|dmt dreams's rating: 1904 &rarr; <strong>1924</strong><br />(+20 for winning)
|raw|LT91BB Dasmer's rating: 1899 &rarr; <strong>1879</strong><br />(-20 for losing)
|l|☆LT91BB Dasmer
