|j|☆biao-ge's
|j|☆Sombra diurna
|t:|1631842731
|gametype|singles
|player|p1|biao-ge's|101|1444
|player|p2|Sombra diurna|chili|1533
|teamsize|p1|6
|teamsize|p2|6
|gen|8
|tier|[Gen 8] OU
|rated|
|rule|Sleep Clause Mod: Limit one foe put to sleep
|rule|Species Clause: Limit one of each Pokémon
|rule|OHKO Clause: OHKO moves are banned
|rule|Evasion Moves Clause: Evasion moves are banned
|rule|Endless Battle Clause: Forcing endless battles is banned
|rule|HP Percentage Mod: HP is shown in percentages
|rule|Dynamax Clause: You cannot dynamax
|clearpoke
|poke|p1|Tapu Lele|
|poke|p1|Kartana|
|poke|p1|Tapu Fini|
|poke|p1|Weavile, F|
|poke|p1|Magnezone|
|poke|p1|Landorus-Therian, M|
|poke|p2|Slowbro, F|
|poke|p2|Hatterene, F|
|poke|p2|Marowak-Alola, F|
|poke|p2|Ferrothorn, F|
|poke|p2|Garchomp, M|
|poke|p2|Drampa, M|
|teampreview
|inactive|Battle timer is ON: inactive players will automatically lose when time's up. (requested by Sombra diurna)
|inactive|biao-ge's has 120 seconds left.
|inactive|biao-ge's has 90 seconds left.
|
|t:|1631842830
|start
|switch|p1a: Tapu Fini|Tapu Fini|100/100
|switch|p2a: Sonso|Slowbro, F|100/100
|-fieldstart|move: Misty Terrain|[from] ability: Misty Surge|[of] p1a: Tapu Fini
|turn|1
|
|t:|1631842844
|move|p1a: Tapu Fini|Taunt|p2a: Sonso
|-start|p2a: Sonso|move: Taunt
|cant|p2a: Sonso|move: Taunt|Trick Room
|
|upkeep
|turn|2
|
|t:|1631842864
|move|p1a: Tapu Fini|Whirlpool|p2a: Sonso
|-resisted|p2a: Sonso
|-damage|p2a: Sonso|94/100
|-activate|p2a: Sonso|move: Whirlpool|[of] p1a: Tapu Fini
|move|p2a: Sonso|Scald|p1a: Tapu Fini
|-resisted|p1a: Tapu Fini
|-damage|p1a: Tapu Fini|91/100
|
|-heal|p1a: Tapu Fini|98/100|[from] item: Leftovers
|-damage|p2a: Sonso|82/100|[from] move: Whirlpool|[partiallytrapped]
|upkeep
|turn|3
|
|t:|1631842880
|move|p1a: Tapu Fini|Nature's Madness|p2a: Sonso|[miss]
|-miss|p1a: Tapu Fini|p2a: Sonso
|move|p2a: Sonso|Scald|p1a: Tapu Fini
|-resisted|p1a: Tapu Fini
|-damage|p1a: Tapu Fini|90/100
|
|-heal|p1a: Tapu Fini|96/100|[from] item: Leftovers
|-damage|p2a: Sonso|70/100|[from] move: Whirlpool|[partiallytrapped]
|-end|p2a: Sonso|move: Taunt
|upkeep
|turn|4
|inactive|Sombra diurna has 120 seconds left.
|
|t:|1631842895
|move|p1a: Tapu Fini|Taunt|p2a: Sonso
|-start|p2a: Sonso|move: Taunt
|cant|p2a: Sonso|move: Taunt|Slack Off
|
|-heal|p1a: Tapu Fini|100/100|[from] item: Leftovers
|-damage|p2a: Sonso|57/100|[from] move: Whirlpool|[partiallytrapped]
|upkeep
|turn|5
|
|t:|1631842905
|move|p1a: Tapu Fini|Nature's Madness|p2a: Sonso
|-damage|p2a: Sonso|29/100
|move|p2a: Sonso|Scald|p1a: Tapu Fini
|-resisted|p1a: Tapu Fini
|-damage|p1a: Tapu Fini|92/100
|
|-heal|p1a: Tapu Fini|98/100|[from] item: Leftovers
|-damage|p2a: Sonso|16/100|[from] move: Whirlpool|[partiallytrapped]
|-fieldend|Misty Terrain
|upkeep
|turn|6
|
|t:|1631842921
|move|p1a: Tapu Fini|Moonblast|p2a: Sonso
|-crit|p2a: Sonso
|-damage|p2a: Sonso|0 fnt
|faint|p2a: Sonso
|
|-heal|p1a: Tapu Fini|100/100|[from] item: Leftovers
|upkeep
|
|t:|1631842930
|switch|p2a: Hatterene|Hatterene, F|100/100
|turn|7
|
|t:|1631842940
|move|p1a: Tapu Fini|Nature's Madness|p2a: Hatterene
|-damage|p2a: Hatterene|50/100
|move|p2a: Hatterene|Trick Room|p2a: Hatterene
|-fieldstart|move: Trick Room|[of] p2a: Hatterene
|
|upkeep
|turn|8
|
|t:|1631842960
|switch|p2a: Billy B.|Marowak-Alola, F|100/100
|move|p1a: Tapu Fini|Whirlpool|p2a: Billy B.
|-supereffective|p2a: Billy B.
|-crit|p2a: Billy B.
|-damage|p2a: Billy B.|54/100
|-activate|p2a: Billy B.|move: Whirlpool|[of] p1a: Tapu Fini
|
|-damage|p2a: Billy B.|42/100|[from] move: Whirlpool|[partiallytrapped]
|upkeep
|turn|9
|
|t:|1631842970
|switch|p1a: Landorus|Landorus-Therian, M|100/100
|-ability|p1a: Landorus|Intimidate|boost
|-unboost|p2a: Billy B.|atk|1
|move|p2a: Billy B.|Swords Dance|p2a: Billy B.
|-boost|p2a: Billy B.|atk|2
|
|-end|p2a: Billy B.|Whirlpool|[partiallytrapped]|[silent]
|upkeep
|turn|10
|inactive|biao-ge's has 120 seconds left.
|
|t:|1631842997
|move|p2a: Billy B.|Poltergeist|p1a: Landorus
|-activate|p1a: Landorus|move: Poltergeist|Rocky Helmet
|-damage|p1a: Landorus|0 fnt
|faint|p1a: Landorus
|
|upkeep
|inactive|biao-ge's has 120 seconds left.
|
|t:|1631843020
|switch|p1a: Tapu Lele|Tapu Lele|100/100
|-fieldstart|move: Psychic Terrain|[from] ability: Psychic Surge|[of] p1a: Tapu Lele
|turn|11
|
|t:|1631843031
|move|p2a: Billy B.|Flare Blitz|p1a: Tapu Lele
|-damage|p1a: Tapu Lele|0 fnt
|faint|p1a: Tapu Lele
|
|-fieldend|move: Trick Room
|upkeep
|
|t:|1631843048
|switch|p1a: Kartana|Kartana|100/100
|turn|12
|
|t:|1631843053
|switch|p2a: Thorns|Ferrothorn, F|100/100
|move|p1a: Kartana|Knock Off|p2a: Thorns
|-damage|p2a: Thorns|67/100
|-damage|p1a: Kartana|88/100|[from] ability: Iron Barbs|[of] p2a: Thorns
|-enditem|p2a: Thorns|Leftovers|[from] move: Knock Off|[of] p1a: Kartana
|
|upkeep
|turn|13
|
|t:|1631843062
|switch|p1a: Magnezone|Magnezone|100/100
|move|p2a: Thorns|Gyro Ball|p1a: Magnezone
|-resisted|p1a: Magnezone
|-crit|p1a: Magnezone
|-damage|p1a: Magnezone|87/100
|
|upkeep
|turn|14
|
|t:|1631843070
|move|p1a: Magnezone|Iron Defense|p1a: Magnezone
|-boost|p1a: Magnezone|def|2
|move|p2a: Thorns|Leech Seed|p1a: Magnezone
|-start|p1a: Magnezone|move: Leech Seed
|
|-damage|p1a: Magnezone|75/100|[from] Leech Seed|[of] p2a: Thorns
|-heal|p2a: Thorns|77/100|[silent]
|upkeep
|turn|15
|
|t:|1631843083
|move|p1a: Magnezone|Body Press|p2a: Thorns
|-supereffective|p2a: Thorns
|-damage|p2a: Thorns|0 fnt
|-damage|p1a: Magnezone|62/100|[from] ability: Iron Barbs|[of] p2a: Thorns
|faint|p2a: Thorns
|
|-fieldend|move: Psychic Terrain
|upkeep
|
|t:|1631843090
|switch|p2a: Hatterene|Hatterene, F|50/100
|turn|16
|
|t:|1631843095
|move|p1a: Magnezone|Flash Cannon|p2a: Hatterene
|-supereffective|p2a: Hatterene
|-damage|p2a: Hatterene|0 fnt
|faint|p2a: Hatterene
|
|upkeep
|
|t:|1631843102
|switch|p2a: Sharpo|Garchomp, M|100/100
|turn|17
|-message|Sombra diurna forfeited.
|
|win|biao-ge's
|raw|biao-ge&apos;s's rating: 1444 &rarr; <strong>1469</strong><br />(+25 for winning)
|raw|Sombra diurna's rating: 1533 &rarr; <strong>1508</strong><br />(-25 for losing)
|l|☆Sombra diurna
