|j|☆minimax_ai
|j|☆Maitredouard2
|t:|1665554235
|gametype|singles
|player|p1|minimax_ai|lusamine-nihilego|1760
|player|p2|Maitredouard2|lance|1697
|teamsize|p1|6
|teamsize|p2|6
|gen|8
|tier|[Gen 8] OU
|rated|
|rule|Sleep Clause Mod: Limit one foe put to sleep
|rule|Species Clause: Limit one of each Pokémon
|rule|OHKO Clause: OHKO moves are banned
|rule|Evasion Items Clause: Evasion items are banned
|rule|Evasion Moves Clause: Evasion moves are banned
|rule|Endless Battle Clause: Forcing endless battles is banned
|rule|HP Percentage Mod: HP is shown in percentages
|rule|Dynamax Clause: You cannot dynamax
|clearpoke
|poke|p1|Rotom-Wash|
|poke|p1|Weavile, F|
|poke|p1|Landorus-Therian, M|
|poke|p1|Heatran, M|
|poke|p1|Tangrowth, M|
|poke|p1|Melmetal|
|poke|p2|Mandibuzz, F|
|poke|p2|Landorus-Therian, M|
|poke|p2|Blissey, F|
|poke|p2|Heatran, M|
|poke|p2|Toxapex, M|
|poke|p2|Tapu Lele|
|teampreview
|c|☆minimax_ai|hf
|
|t:|1665554238
|start
|switch|p1a: landorustherian|Landorus-Therian, M|100/100
|switch|p2a: Landorus|Landorus-Therian, M|100/100
|-ability|p2a: Landorus|Intimidate|boost
|-unboost|p1a: landorustherian|atk|1
|-ability|p1a: landorustherian|Intimidate|boost
|-unboost|p2a: Landorus|atk|1
|turn|1
|inactive|Battle timer is ON: inactive players will automatically lose when time's up. (requested by minimax_ai)
|
|t:|1665554247
|move|p2a: Landorus|Knock Off|p1a: landorustherian
|-damage|p1a: landorustherian|75/100
|-enditem|p1a: landorustherian|Leftovers|[from] move: Knock Off|[of] p2a: Landorus
|move|p1a: landorustherian|Toxic|p2a: Landorus|[miss]
|-miss|p1a: landorustherian|p2a: Landorus
|
|upkeep
|turn|2
|
|t:|1665554255
|switch|p2a: Toxapex|Toxapex, M|100/100
|move|p1a: landorustherian|Defog|p2a: Toxapex
|-unboost|p2a: Toxapex|evasion|1
|
|upkeep
|turn|3
|
|t:|1665554262
|switch|p1a: Heatran|Heatran, M|100/100
|-item|p1a: Heatran|Air Balloon
|move|p2a: Toxapex|Scald|p1a: Heatran
|-supereffective|p1a: Heatran
|-damage|p1a: Heatran|68/100
|-enditem|p1a: Heatran|Air Balloon
|
|upkeep
|turn|4
|
|t:|1665554271
|switch|p2a: Heatran|Heatran, M|100/100
|-item|p2a: Heatran|Air Balloon
|move|p1a: Heatran|Stealth Rock|p2a: Heatran
|-sidestart|p2: Maitredouard2|move: Stealth Rock
|
|upkeep
|turn|5
|
|t:|1665554278
|switch|p1a: rotomwash|Rotom-Wash|100/100
|move|p2a: Heatran|Stealth Rock|p1a: rotomwash
|-sidestart|p1: minimax_ai|move: Stealth Rock
|
|upkeep
|turn|6
|
|t:|1665554284
|switch|p2a: Landorus|Landorus-Therian, M|100/100
|-damage|p2a: Landorus|88/100|[from] Stealth Rock
|-ability|p2a: Landorus|Intimidate|boost
|-unboost|p1a: rotomwash|atk|1
|move|p1a: rotomwash|Nasty Plot|p1a: rotomwash
|-boost|p1a: rotomwash|spa|2
|
|upkeep
|turn|7
|j| wdz999
|
|t:|1665554292
|move|p2a: Landorus|Explosion|p1a: rotomwash
|-damage|p1a: rotomwash|9/100
|faint|p2a: Landorus
|move|p1a: rotomwash|Hydro Pump|p2: Landorus|[notarget]
|-fail|p1a: rotomwash
|
|-heal|p1a: rotomwash|16/100|[from] item: Leftovers
|upkeep
|
|t:|1665554300
|switch|p2a: Tapu Lele|Tapu Lele|100/100
|-damage|p2a: Tapu Lele|88/100|[from] Stealth Rock
|-fieldstart|move: Psychic Terrain|[from] ability: Psychic Surge|[of] p2a: Tapu Lele
|turn|8
|
|t:|1665554305
|switch|p1a: Melmetal|Melmetal|100/100
|-damage|p1a: Melmetal|94/100|[from] Stealth Rock
|move|p2a: Tapu Lele|Focus Blast|p1a: Melmetal|[miss]
|-miss|p2a: Tapu Lele|p1a: Melmetal
|
|upkeep
|turn|9
|
|t:|1665554313
|move|p2a: Tapu Lele|Focus Blast|p1a: Melmetal
|-supereffective|p1a: Melmetal
|-damage|p1a: Melmetal|24/100
|move|p1a: Melmetal|Double Iron Bash|p2a: Tapu Lele
|-supereffective|p2a: Tapu Lele
|-damage|p2a: Tapu Lele|0 fnt
|faint|p2a: Tapu Lele
|-hitcount|p2: Tapu Lele|1
|
|upkeep
|
|t:|1665554321
|switch|p2a: Heatran|Heatran, M|100/100
|-damage|p2a: Heatran|88/100|[from] Stealth Rock
|-item|p2a: Heatran|Air Balloon
|turn|10
|
|t:|1665554326
|switch|p1a: rotomwash|Rotom-Wash|16/100
|-damage|p1a: rotomwash|3/100|[from] Stealth Rock
|move|p2a: Heatran|Earth Power|p1a: rotomwash
|-immune|p1a: rotomwash|[from] ability: Levitate
|
|-heal|p1a: rotomwash|9/100|[from] item: Leftovers
|upkeep
|turn|11
|
|t:|1665554341
|switch|p2a: Toxapex|Toxapex, M|100/100
|-damage|p2a: Toxapex|88/100|[from] Stealth Rock
|move|p1a: rotomwash|Pain Split|p2a: Toxapex
|-sethp|p2a: Toxapex|49/100|[from] move: Pain Split|[silent]
|-sethp|p1a: rotomwash|49/100|[from] move: Pain Split
|
|-heal|p1a: rotomwash|55/100|[from] item: Leftovers
|upkeep
|turn|12
|
|t:|1665554352
|move|p1a: rotomwash|Thunderbolt|p2a: Toxapex
|-supereffective|p2a: Toxapex
|-damage|p2a: Toxapex|0 fnt
|faint|p2a: Toxapex
|
|-heal|p1a: rotomwash|61/100|[from] item: Leftovers
|-fieldend|move: Psychic Terrain
|upkeep
|-message|Maitredouard2 forfeited.
|
|win|minimax_ai
|raw|minimax_ai's rating: 1760 &rarr; <strong>1776</strong><br />(+16 for winning)
|raw|Maitredouard2's rating: 1697 &rarr; <strong>1681</strong><br />(-16 for losing)
|c|☆minimax_ai|gg
|l|☆Maitredouard2
