|j|☆SkipTheDripBayless
|j|☆August is Falling
|t:|1664559088
|gametype|singles
|player|p1|SkipTheDripBayless|#roaladder|1879
|player|p2|August is Falling|dawn-gen4pt|1792
|teamsize|p1|6
|teamsize|p2|6
|gen|8
|tier|[Gen 8] OU
|rated|
|rule|Sleep Clause Mod: Limit one foe put to sleep
|rule|Species Clause: Limit one of each Pokémon
|rule|OHKO Clause: OHKO moves are banned
|rule|Evasion Items Clause: Evasion items are banned
|rule|Evasion Moves Clause: Evasion moves are banned
|rule|Endless Battle Clause: Forcing endless battles is banned
|rule|HP Percentage Mod: HP is shown in percentages
|rule|Dynamax Clause: You cannot dynamax
|clearpoke
|poke|p1|Victini|
|poke|p1|Dragonite, F|
|poke|p1|Tapu Koko|
|poke|p1|Gastrodon, M|
|poke|p1|Kartana|
|poke|p1|Ferrothorn, F|
|poke|p2|Scizor, M|
|poke|p2|Rotom-Wash|
|poke|p2|Swampert, F|
|poke|p2|Dragapult, M|
|poke|p2|Hydreigon, M|
|poke|p2|Clefable, M|
|teampreview
|inactive|Battle timer is ON: inactive players will automatically lose when time's up. (requested by SkipTheDripBayless)
|
|t:|1664559114
|start
|switch|p1a: Tapu Koko|Tapu Koko|100/100
|switch|p2a: Clefable|Clefable, M, shiny|100/100
|-fieldstart|move: Electric Terrain|[from] ability: Electric Surge|[of] p1a: Tapu Koko
|turn|1
|
|t:|1664559118
|move|p2a: Clefable|Protect|p2a: Clefable
|-singleturn|p2a: Clefable|Protect
|move|p1a: Tapu Koko|Volt Switch|p2a: Clefable
|-activate|p2a: Clefable|move: Protect
|
|upkeep
|turn|2
|
|t:|1664559124
|switch|p2a: Swampert|Swampert, F, shiny|100/100
|move|p1a: Tapu Koko|Nature's Madness|p2a: Swampert
|-damage|p2a: Swampert|50/100
|
|-heal|p2a: Swampert|57/100|[from] item: Leftovers
|upkeep
|turn|3
|
|t:|1664559129
|move|p1a: Tapu Koko|Dazzling Gleam|p2a: Swampert
|-damage|p2a: Swampert|27/100
|move|p2a: Swampert|Stealth Rock|p1a: Tapu Koko
|-sidestart|p1: SkipTheDripBayless|move: Stealth Rock
|
|-heal|p2a: Swampert|33/100|[from] item: Leftovers
|upkeep
|turn|4
|
|t:|1664559133
|switch|p1a: Ferrothorn|Ferrothorn, F|100/100
|-damage|p1a: Ferrothorn|94/100|[from] Stealth Rock
|switch|p2a: Clefable|Clefable, M, shiny|100/100
|
|upkeep
|turn|5
|
|t:|1664559138
|move|p2a: Clefable|Wish|p2a: Clefable
|move|p1a: Ferrothorn|Stealth Rock|p2a: Clefable
|-sidestart|p2: August is Falling|move: Stealth Rock
|
|-fieldend|move: Electric Terrain
|upkeep
|turn|6
|
|t:|1664559140
|move|p1a: Ferrothorn|Spikes|p2a: Clefable
|-sidestart|p2: August is Falling|Spikes
|move|p2a: Clefable|Teleport|p2a: Clefable
|
|t:|1664559144
|switch|p2a: Swampert|Swampert, F, shiny|33/100|[from]move: Teleport
|-damage|p2a: Swampert|27/100|[from] Stealth Rock
|-damage|p2a: Swampert|15/100|[from] Spikes
|
|-heal|p2a: Swampert|63/100|[from] move: Wish|[wisher] Clefable
|-heal|p2a: Swampert|70/100|[from] item: Leftovers
|upkeep
|turn|7
|
|t:|1664559149
|switch|p2a: Rotom|Rotom-Wash, shiny|100/100
|-damage|p2a: Rotom|88/100|[from] Stealth Rock
|move|p1a: Ferrothorn|Leech Seed|p2a: Rotom
|-start|p2a: Rotom|move: Leech Seed
|
|-heal|p2a: Rotom|94/100|[from] item: Leftovers
|-damage|p2a: Rotom|82/100|[from] Leech Seed|[of] p1a: Ferrothorn
|-heal|p1a: Ferrothorn|100/100|[silent]
|upkeep
|turn|8
|
|t:|1664559155
|move|p2a: Rotom|Will-O-Wisp|p1a: Ferrothorn
|-status|p1a: Ferrothorn|brn
|move|p1a: Ferrothorn|Stealth Rock||[still]
|-fail|p1a: Ferrothorn
|
|-heal|p2a: Rotom|88/100|[from] item: Leftovers
|-damage|p2a: Rotom|75/100|[from] Leech Seed|[of] p1a: Ferrothorn
|-damage|p1a: Ferrothorn|94/100 brn|[from] brn
|upkeep
|turn|9
|
|t:|1664559164
|move|p2a: Rotom|Volt Switch|p1a: Ferrothorn
|-resisted|p1a: Ferrothorn
|-damage|p1a: Ferrothorn|83/100 brn
|
|t:|1664559166
|switch|p2a: Clefable|Clefable, M, shiny|100/100|[from]move: Volt Switch
|move|p1a: Ferrothorn|Stealth Rock||[still]
|-fail|p1a: Ferrothorn
|
|-damage|p1a: Ferrothorn|76/100 brn|[from] brn
|upkeep
|turn|10
|
|t:|1664559170
|switch|p1a: Victini|Victini|100/100
|move|p2a: Clefable|Moonblast|p1a: Victini
|-resisted|p1a: Victini
|-damage|p1a: Victini|84/100
|-unboost|p1a: Victini|spa|1
|
|upkeep
|turn|11
|
|t:|1664559175
|move|p2a: Clefable|Protect|p2a: Clefable
|-singleturn|p2a: Clefable|Protect
|move|p1a: Victini|Encore|p2a: Clefable
|-activate|p2a: Clefable|move: Protect
|
|upkeep
|turn|12
|
|t:|1664559180
|switch|p2a: Dragapult|Dragapult, M, shiny|100/100
|move|p1a: Victini|V-create|p2a: Dragapult
|-resisted|p2a: Dragapult
|-damage|p2a: Dragapult|48/100
|-unboost|p1a: Victini|spe|1
|-unboost|p1a: Victini|def|1
|-unboost|p1a: Victini|spd|1
|
|upkeep
|turn|13
|
|t:|1664559186
|switch|p1a: Gastrodon|Gastrodon, M|100/100
|move|p2a: Dragapult|Dragon Darts|p1a: Gastrodon
|-damage|p1a: Gastrodon|74/100
|-anim|p2a: Dragapult|Dragon Darts|p1a: Gastrodon
|-damage|p1a: Gastrodon|46/100
|
|upkeep
|turn|14
|
|t:|1664559191
|switch|p1a: Tapu Koko|Tapu Koko|100/100
|-fieldstart|move: Electric Terrain|[from] ability: Electric Surge|[of] p1a: Tapu Koko
|move|p2a: Dragapult|Dragon Darts|p1a: Tapu Koko
|-immune|p1a: Tapu Koko
|
|upkeep
|turn|15
|
|t:|1664559196
|switch|p2a: Clefable|Clefable, M, shiny|100/100
|move|p1a: Tapu Koko|Dazzling Gleam|p2a: Clefable
|-damage|p2a: Clefable|79/100
|
|-heal|p2a: Clefable|85/100|[from] item: Leftovers
|upkeep
|turn|16
|
|t:|1664559200
|switch|p1a: Victini|Victini|84/100
|move|p2a: Clefable|Wish|p2a: Clefable
|
|-heal|p2a: Clefable|91/100|[from] item: Leftovers
|upkeep
|turn|17
|
|t:|1664559206
|switch|p2a: Hydreigon|Hydreigon, M|100/100
|-damage|p2a: Hydreigon|88/100|[from] Stealth Rock
|move|p1a: Victini|U-turn|p2a: Hydreigon
|-supereffective|p2a: Hydreigon
|-damage|p2a: Hydreigon|43/100
|
|t:|1664559209
|switch|p1a: Tapu Koko|Tapu Koko|100/100|[from]move: U-turn
|
|-heal|p2a: Hydreigon|100/100|[from] move: Wish|[wisher] Clefable
|upkeep
|turn|18
|
|t:|1664559219
|move|p2a: Hydreigon|Earth Power|p1a: Tapu Koko
|-supereffective|p1a: Tapu Koko
|-damage|p1a: Tapu Koko|2/100
|move|p1a: Tapu Koko|Volt Switch|p2a: Hydreigon
|-resisted|p2a: Hydreigon
|-damage|p2a: Hydreigon|79/100
|
|t:|1664559227
|switch|p1a: Kartana|Kartana|100/100|[from]move: Volt Switch
|-damage|p1a: Kartana|94/100|[from] Stealth Rock
|
|-fieldend|move: Electric Terrain
|upkeep
|turn|19
|j| PkmnMasterEclipse
|
|t:|1664559234
|switch|p2a: Scizor|Scizor, M|100/100
|-damage|p2a: Scizor|88/100|[from] Stealth Rock
|-damage|p2a: Scizor|75/100|[from] Spikes
|move|p1a: Kartana|Sacred Sword|p2a: Scizor
|-damage|p2a: Scizor|32/100
|
|-heal|p2a: Scizor|39/100|[from] item: Leftovers
|upkeep
|turn|20
|
|t:|1664559243
|switch|p1a: Tapu Koko|Tapu Koko|2/100
|-fieldstart|move: Electric Terrain|[from] ability: Electric Surge|[of] p1a: Tapu Koko
|switch|p2a: Dragapult|Dragapult, M, shiny|48/100
|
|upkeep
|turn|21
|
|t:|1664559245
|switch|p1a: Ferrothorn|Ferrothorn, F|76/100 brn
|-damage|p1a: Ferrothorn|70/100 brn|[from] Stealth Rock
|move|p2a: Dragapult|U-turn|p1a: Ferrothorn
|-damage|p1a: Ferrothorn|57/100 brn
|-damage|p2a: Dragapult|36/100|[from] ability: Iron Barbs|[of] p1a: Ferrothorn
|-damage|p2a: Dragapult|19/100|[from] item: Rocky Helmet|[of] p1a: Ferrothorn
|
|t:|1664559248
|switch|p2a: Scizor|Scizor, M|39/100|[from]move: U-turn
|-damage|p2a: Scizor|26/100|[from] Stealth Rock
|-damage|p2a: Scizor|14/100|[from] Spikes
|
|-heal|p2a: Scizor|20/100|[from] item: Leftovers
|-damage|p1a: Ferrothorn|51/100 brn|[from] brn
|upkeep
|turn|22
|
|t:|1664559251
|switch|p1a: Victini|Victini|84/100
|move|p2a: Scizor|Roost|p2a: Scizor
|-heal|p2a: Scizor|70/100
|-singleturn|p2a: Scizor|move: Roost
|
|-heal|p2a: Scizor|76/100|[from] item: Leftovers
|upkeep
|turn|23
|
|t:|1664559259
|switch|p2a: Swampert|Swampert, F, shiny|70/100
|-damage|p2a: Swampert|63/100|[from] Stealth Rock
|-damage|p2a: Swampert|51/100|[from] Spikes
|move|p1a: Victini|V-create|p2a: Swampert
|-resisted|p2a: Swampert
|-damage|p2a: Swampert|25/100
|-unboost|p1a: Victini|spe|1
|-unboost|p1a: Victini|def|1
|-unboost|p1a: Victini|spd|1
|
|-heal|p2a: Swampert|31/100|[from] item: Leftovers
|upkeep
|turn|24
|
|t:|1664559262
|move|p1a: Victini|U-turn|p2a: Swampert
|-damage|p2a: Swampert|19/100
|
|t:|1664559268
|switch|p1a: Kartana|Kartana|94/100|[from]move: U-turn
|-damage|p1a: Kartana|88/100|[from] Stealth Rock
|move|p2a: Swampert|Flip Turn|p1a: Kartana
|-resisted|p1a: Kartana
|-damage|p1a: Kartana|70/100
|
|t:|1664559275
|switch|p2a: Hydreigon|Hydreigon, M|79/100|[from]move: Flip Turn
|-damage|p2a: Hydreigon|66/100|[from] Stealth Rock
|
|-fieldend|move: Electric Terrain
|upkeep
|turn|25
|
|t:|1664559284
|switch|p1a: Dragonite|Dragonite, F|100/100
|move|p2a: Hydreigon|Dark Pulse|p1a: Dragonite
|-damage|p1a: Dragonite|80/100
|
|upkeep
|turn|26
|
|t:|1664559291
|switch|p2a: Clefable|Clefable, M, shiny|91/100
|move|p1a: Dragonite|Roost|p1a: Dragonite
|-heal|p1a: Dragonite|100/100
|-singleturn|p1a: Dragonite|move: Roost
|
|-heal|p2a: Clefable|97/100|[from] item: Leftovers
|upkeep
|turn|27
|
|t:|1664559295
|switch|p1a: Victini|Victini|84/100
|move|p2a: Clefable|Teleport|p2a: Clefable
|j| nuzlock32323
|
|t:|1664559309
|switch|p2a: Hydreigon|Hydreigon, M|66/100|[from]move: Teleport
|-damage|p2a: Hydreigon|54/100|[from] Stealth Rock
|
|upkeep
|turn|28
|inactive|SkipTheDripBayless has 120 seconds left.
|
|t:|1664559339
|switch|p1a: Tapu Koko|Tapu Koko|2/100
|-fieldstart|move: Electric Terrain|[from] ability: Electric Surge|[of] p1a: Tapu Koko
|move|p2a: Hydreigon|Dark Pulse|p1a: Tapu Koko
|-resisted|p1a: Tapu Koko
|-damage|p1a: Tapu Koko|0 fnt
|faint|p1a: Tapu Koko
|
|upkeep
|inactive|SkipTheDripBayless has 120 seconds left.
|
|t:|1664559346
|switch|p1a: Gastrodon|Gastrodon, M|46/100
|turn|29
|
|t:|1664559348
|move|p2a: Hydreigon|Dark Pulse|p1a: Gastrodon
|-damage|p1a: Gastrodon|17/100
|cant|p1a: Gastrodon|flinch
|
|upkeep
|turn|30
|
|t:|1664559351
|move|p2a: Hydreigon|Dark Pulse|p1a: Gastrodon
|-damage|p1a: Gastrodon|0 fnt
|faint|p1a: Gastrodon
|
|upkeep
|
|t:|1664559354
|switch|p1a: Dragonite|Dragonite, F|100/100
|turn|31
|
|t:|1664559357
|switch|p2a: Rotom|Rotom-Wash, shiny|75/100
|-damage|p2a: Rotom|63/100|[from] Stealth Rock
|move|p1a: Dragonite|Dragon Dance|p1a: Dragonite
|-boost|p1a: Dragonite|atk|1
|-boost|p1a: Dragonite|spe|1
|
|-heal|p2a: Rotom|69/100|[from] item: Leftovers
|upkeep
|turn|32
|
|t:|1664559361
|switch|p1a: Victini|Victini|84/100
|move|p2a: Rotom|Will-O-Wisp|p1a: Victini
|-immune|p1a: Victini
|
|-heal|p2a: Rotom|75/100|[from] item: Leftovers
|-fieldend|move: Electric Terrain
|upkeep
|turn|33
|
|t:|1664559366
|move|p1a: Victini|Encore|p2a: Rotom
|-start|p2a: Rotom|Encore
|move|p2a: Rotom|Will-O-Wisp|p1a: Victini
|-immune|p1a: Victini
|
|-heal|p2a: Rotom|82/100|[from] item: Leftovers
|upkeep
|turn|34
|
|t:|1664559369
|switch|p2a: Swampert|Swampert, F, shiny|19/100
|-damage|p2a: Swampert|13/100|[from] Stealth Rock
|-damage|p2a: Swampert|0 fnt|[from] Spikes
|faint|p2a: Swampert
|move|p1a: Victini|Bolt Strike|p2: Swampert|[notarget]
|-fail|p1a: Victini
|
|upkeep
|
|t:|1664559382
|switch|p2a: Rotom|Rotom-Wash, shiny|82/100
|-damage|p2a: Rotom|69/100|[from] Stealth Rock
|turn|35
|
|t:|1664559386
|move|p1a: Victini|Bolt Strike|p2a: Rotom
|-damage|p2a: Rotom|37/100
|move|p2a: Rotom|Volt Switch|p1a: Victini
|-damage|p1a: Victini|59/100
|
|t:|1664559392
|switch|p2a: Dragapult|Dragapult, M, shiny|19/100|[from]move: Volt Switch
|
|upkeep
|turn|36
|
|t:|1664559402
|move|p2a: Dragapult|Dragon Darts|p1a: Victini
|-damage|p1a: Victini|34/100
|-anim|p2a: Dragapult|Dragon Darts|p1a: Victini
|-damage|p1a: Victini|11/100
|move|p1a: Victini|V-create|p2a: Dragapult
|-resisted|p2a: Dragapult
|-damage|p2a: Dragapult|0 fnt
|-unboost|p1a: Victini|spe|1
|-unboost|p1a: Victini|def|1
|-unboost|p1a: Victini|spd|1
|faint|p2a: Dragapult
|
|upkeep
|j| Test fratecc
|
|t:|1664559411
|switch|p2a: Hydreigon|Hydreigon, M|54/100
|-damage|p2a: Hydreigon|42/100|[from] Stealth Rock
|turn|37
|
|t:|1664559417
|switch|p1a: Dragonite|Dragonite, F|100/100
|move|p2a: Hydreigon|Dark Pulse|p1a: Dragonite
|-damage|p1a: Dragonite|78/100
|
|upkeep
|turn|38
|
|t:|1664559423
|switch|p2a: Clefable|Clefable, M, shiny|97/100
|move|p1a: Dragonite|Roost|p1a: Dragonite
|-heal|p1a: Dragonite|100/100
|-singleturn|p1a: Dragonite|move: Roost
|
|-heal|p2a: Clefable|100/100|[from] item: Leftovers
|upkeep
|turn|39
|
|t:|1664559431
|switch|p1a: Kartana|Kartana|70/100
|-damage|p1a: Kartana|64/100|[from] Stealth Rock
|move|p2a: Clefable|Moonblast|p1a: Kartana
|-resisted|p1a: Kartana
|-damage|p1a: Kartana|14/100
|
|upkeep
|turn|40
|
|t:|1664559436
|move|p2a: Clefable|Protect|p2a: Clefable
|-singleturn|p2a: Clefable|Protect
|move|p1a: Kartana|Smart Strike|p2a: Clefable
|-activate|p2a: Clefable|move: Protect
|
|upkeep
|turn|41
|
|t:|1664559441
|switch|p2a: Scizor|Scizor, M|76/100
|-damage|p2a: Scizor|63/100|[from] Stealth Rock
|-damage|p2a: Scizor|51/100|[from] Spikes
|move|p1a: Kartana|Smart Strike|p2a: Scizor
|-resisted|p2a: Scizor
|-damage|p2a: Scizor|28/100
|
|-heal|p2a: Scizor|34/100|[from] item: Leftovers
|upkeep
|turn|42
|
|t:|1664559444
|switch|p1a: Dragonite|Dragonite, F|100/100
|move|p2a: Scizor|Roost|p2a: Scizor
|-heal|p2a: Scizor|84/100
|-singleturn|p2a: Scizor|move: Roost
|
|-heal|p2a: Scizor|90/100|[from] item: Leftovers
|upkeep
|turn|43
|
|t:|1664559446
|move|p1a: Dragonite|Dragon Dance|p1a: Dragonite
|-boost|p1a: Dragonite|atk|1
|-boost|p1a: Dragonite|spe|1
|move|p2a: Scizor|U-turn|p1a: Dragonite
|-resisted|p1a: Dragonite
|-damage|p1a: Dragonite|92/100
|
|t:|1664559450
|switch|p2a: Hydreigon|Hydreigon, M|42/100|[from]move: U-turn
|-damage|p2a: Hydreigon|29/100|[from] Stealth Rock
|
|upkeep
|turn|44
|
|t:|1664559453
|switch|p1a: Ferrothorn|Ferrothorn, F|51/100 brn
|-damage|p1a: Ferrothorn|45/100 brn|[from] Stealth Rock
|move|p2a: Hydreigon|Draco Meteor|p1a: Ferrothorn
|-resisted|p1a: Ferrothorn
|-damage|p1a: Ferrothorn|17/100 brn
|-unboost|p2a: Hydreigon|spa|2
|
|-damage|p1a: Ferrothorn|11/100 brn|[from] brn
|upkeep
|turn|45
|j| glutexos
|
|t:|1664559461
|switch|p2a: Clefable|Clefable, M, shiny|100/100
|switch|p1a: Dragonite|Dragonite, F|92/100
|
|upkeep
|turn|46
|
|t:|1664559466
|switch|p1a: Kartana|Kartana|14/100
|-damage|p1a: Kartana|8/100|[from] Stealth Rock
|move|p2a: Clefable|Moonblast|p1a: Kartana
|-resisted|p1a: Kartana
|-damage|p1a: Kartana|0 fnt
|faint|p1a: Kartana
|
|upkeep
|
|t:|1664559469
|switch|p1a: Victini|Victini|11/100
|turn|47
|
|t:|1664559474
|move|p2a: Clefable|Protect|p2a: Clefable
|-singleturn|p2a: Clefable|Protect
|move|p1a: Victini|V-create|p2a: Clefable
|-activate|p2a: Clefable|move: Protect
|
|upkeep
|turn|48
|
|t:|1664559481
|switch|p2a: Rotom|Rotom-Wash, shiny|37/100
|-damage|p2a: Rotom|25/100|[from] Stealth Rock
|move|p1a: Victini|V-create|p2a: Rotom
|-resisted|p2a: Rotom
|-damage|p2a: Rotom|0 fnt
|-unboost|p1a: Victini|spe|1
|-unboost|p1a: Victini|def|1
|-unboost|p1a: Victini|spd|1
|faint|p2a: Rotom
|
|upkeep
|
|t:|1664559483
|switch|p2a: Scizor|Scizor, M|90/100
|-damage|p2a: Scizor|77/100|[from] Stealth Rock
|-damage|p2a: Scizor|65/100|[from] Spikes
|turn|49
|
|t:|1664559486
|switch|p1a: Dragonite|Dragonite, F|92/100
|move|p2a: Scizor|Bullet Punch|p1a: Dragonite
|-damage|p1a: Dragonite|63/100
|
|-heal|p2a: Scizor|71/100|[from] item: Leftovers
|upkeep
|turn|50
|
|t:|1664559489
|move|p1a: Dragonite|Roost|p1a: Dragonite
|-heal|p1a: Dragonite|100/100
|-singleturn|p1a: Dragonite|move: Roost
|move|p2a: Scizor|Swords Dance|p2a: Scizor
|-boost|p2a: Scizor|atk|2
|
|-heal|p2a: Scizor|77/100|[from] item: Leftovers
|upkeep
|turn|51
|-message|SkipTheDripBayless forfeited.
|
|win|August is Falling
|raw|SkipTheDripBayless's rating: 1879 &rarr; <strong>1854</strong><br />(-25 for losing)
|raw|August is Falling's rating: 1792 &rarr; <strong>1817</strong><br />(+25 for winning)
|l|☆SkipTheDripBayless
|l| PkmnMasterEclipse
|l|☆August is Falling
|l| glutexos
