|j|☆kinmunt
|j|☆SuperTheoryBros
|t:|1637361897
|gametype|singles
|player|p1|kinmunt|102|1791
|player|p2|SuperTheoryBros|2|1843
|teamsize|p1|6
|teamsize|p2|6
|gen|8
|tier|[Gen 8] OU
|rated|
|rule|Sleep Clause Mod: Limit one foe put to sleep
|rule|Species Clause: Limit one of each Pokémon
|rule|OHKO Clause: OHKO moves are banned
|rule|Evasion Moves Clause: Evasion moves are banned
|rule|Endless Battle Clause: Forcing endless battles is banned
|rule|HP Percentage Mod: HP is shown in percentages
|rule|Dynamax Clause: You cannot dynamax
|clearpoke
|poke|p1|Toxapex, M|
|poke|p1|Chansey, F|
|poke|p1|Clefable, F|
|poke|p1|Quagsire, M|
|poke|p1|Tornadus-Therian, M|
|poke|p1|Shedinja|
|poke|p2|Shedinja|
|poke|p2|Avalugg, M|
|poke|p2|Landorus-Therian, M|
|poke|p2|Heatran, M|
|poke|p2|Skarmory, M|
|poke|p2|Blissey, F|
|teampreview
|inactive|Battle timer is ON: inactive players will automatically lose when time's up. (requested by SuperTheoryBros)
|c|☆SuperTheoryBros|cool i guess
|c|☆kinmunt|draw at 100?
|j| AquaVanilla
|c|☆SuperTheoryBros|only if
|inactive|SuperTheoryBros has 120 seconds left.
|j| DA COME UP
|inactive|SuperTheoryBros has 90 seconds left.
|
|t:|1637361961
|start
|switch|p1a: Tornadus|Tornadus-Therian, M|100/100
|switch|p2a: Heatran|Heatran, M|100/100
|-item|p2a: Heatran|Air Balloon
|turn|1
|
|t:|1637361975
|switch|p1a: Clefable|Clefable, F|100/100
|switch|p2a: Blissey|Blissey, F|100/100
|
|upkeep
|turn|2
|
|t:|1637361989
|move|p1a: Clefable|Stealth Rock|p2a: Blissey
|-sidestart|p2: SuperTheoryBros|move: Stealth Rock
|move|p2a: Blissey|Toxic|p1a: Clefable
|-status|p1a: Clefable|tox
|
|upkeep
|turn|3
|j| AgentJojo
|
|t:|1637361999
|switch|p1a: Toxapex|Toxapex, M|100/100
|move|p2a: Blissey|Teleport|p2a: Blissey
|l| AquaVanilla
|c| AgentJojo|what a boring match :o
|
|t:|1637362019
|switch|p2a: Heatran|Heatran, M|100/100|[from]move: Teleport
|-damage|p2a: Heatran|88/100|[from] Stealth Rock
|-item|p2a: Heatran|Air Balloon
|
|upkeep
|turn|4
|
|t:|1637362025
|switch|p1a: Clefable|Clefable, F|100/100 tox
|move|p2a: Heatran|Earth Power|p1a: Clefable
|-damage|p1a: Clefable|80/100 tox
|
|upkeep
|turn|5
|
|t:|1637362034
|move|p1a: Clefable|Trick|p2a: Heatran
|-activate|p1a: Clefable|move: Trick|[of] p2a: Heatran
|-item|p2a: Heatran|Choice Scarf|[from] move: Trick
|-item|p1a: Clefable|Air Balloon
|-item|p1a: Clefable|Air Balloon|[from] move: Trick
|move|p2a: Heatran|Taunt|p1a: Clefable
|-start|p1a: Clefable|move: Taunt
|
|upkeep
|turn|6
|l| AgentJojo
|
|t:|1637362050
|move|p2a: Heatran|Taunt||[still]
|-fail|p2a: Heatran
|move|p1a: Clefable|Seismic Toss|p2a: Heatran
|-damage|p2a: Heatran|62/100
|
|upkeep
|turn|7
|
|t:|1637362066
|switch|p2a: Shedinja|Shedinja|100/100
|move|p1a: Clefable|Seismic Toss|p2a: Shedinja
|-immune|p2a: Shedinja|[from] ability: Wonder Guard
|
|upkeep
|turn|8
|j| steven37
|l| steven37
|
|t:|1637362075
|switch|p1a: Toxapex|Toxapex, M|100/100
|move|p2a: Shedinja|Poltergeist|p1a: Toxapex
|-activate|p1a: Toxapex|move: Poltergeist|Rocky Helmet
|-damage|p1a: Toxapex|73/100
|
|upkeep
|turn|9
|j| andrethagiiant
|
|t:|1637362099
|switch|p2a: Skarmory|Skarmory, M|100/100
|-damage|p2a: Skarmory|88/100|[from] Stealth Rock
|move|p1a: Toxapex|Scald|p2a: Skarmory
|-damage|p2a: Skarmory|66/100
|-status|p2a: Skarmory|brn
|
|-damage|p2a: Skarmory|60/100 brn|[from] brn
|upkeep
|turn|10
|
|t:|1637362104
|switch|p1a: Clefable|Clefable, F|80/100 tox
|-item|p1a: Clefable|Air Balloon
|move|p2a: Skarmory|Spikes|p1a: Clefable
|-sidestart|p1: kinmunt|Spikes
|
|-damage|p2a: Skarmory|54/100 brn|[from] brn
|upkeep
|turn|11
|
|t:|1637362112
|move|p1a: Clefable|Seismic Toss|p2a: Skarmory
|-damage|p2a: Skarmory|24/100 brn
|move|p2a: Skarmory|Body Press|p1a: Clefable
|-resisted|p1a: Clefable
|-damage|p1a: Clefable|70/100 tox
|-enditem|p1a: Clefable|Air Balloon
|
|-damage|p2a: Skarmory|18/100 brn|[from] brn
|upkeep
|turn|12
|
|t:|1637362132
|move|p1a: Clefable|Seismic Toss|p2a: Skarmory
|-damage|p2a: Skarmory|0 fnt
|faint|p2a: Skarmory
|
|upkeep
|
|t:|1637362135
|switch|p2a: Landorus|Landorus-Therian, M|100/100
|-damage|p2a: Landorus|88/100|[from] Stealth Rock
|-ability|p2a: Landorus|Intimidate|boost
|-unboost|p1a: Clefable|atk|1
|turn|13
|
|t:|1637362147
|switch|p1a: Tornadus|Tornadus-Therian, M|100/100
|move|p2a: Landorus|Earthquake|p1a: Tornadus
|-immune|p1a: Tornadus
|
|upkeep
|turn|14
|
|t:|1637362151
|move|p1a: Tornadus|Taunt|p2a: Landorus
|-start|p2a: Landorus|move: Taunt
|move|p2a: Landorus|Stone Edge|p1a: Tornadus
|-supereffective|p1a: Tornadus
|-damage|p1a: Tornadus|14/100
|
|upkeep
|turn|15
|
|t:|1637362173
|switch|p1a: Quagsire|Quagsire, M|100/100
|-damage|p1a: Quagsire|88/100|[from] Spikes
|move|p2a: Landorus|Stone Edge|p1a: Quagsire
|-resisted|p1a: Quagsire
|-damage|p1a: Quagsire|72/100
|
|-heal|p1a: Quagsire|78/100|[from] item: Leftovers
|upkeep
|turn|16
|inactive|SuperTheoryBros has 120 seconds left.
|
|t:|1637362194
|switch|p2a: Blissey|Blissey, F|100/100
|move|p1a: Quagsire|Recover|p1a: Quagsire
|-heal|p1a: Quagsire|100/100
|
|upkeep
|turn|17
|
|t:|1637362201
|switch|p1a: Tornadus|Tornadus-Therian, M|47/100
|move|p2a: Blissey|Teleport|p2a: Blissey
|
|t:|1637362204
|switch|p2a: Landorus|Landorus-Therian, M|88/100|[from]move: Teleport
|-damage|p2a: Landorus|76/100|[from] Stealth Rock
|-ability|p2a: Landorus|Intimidate|boost
|-unboost|p1a: Tornadus|atk|1
|
|upkeep
|turn|18
|
|t:|1637362212
|switch|p1a: Quagsire|Quagsire, M|100/100
|-damage|p1a: Quagsire|88/100|[from] Spikes
|move|p2a: Landorus|Earthquake|p1a: Quagsire
|-damage|p1a: Quagsire|41/100
|
|-heal|p1a: Quagsire|47/100|[from] item: Leftovers
|upkeep
|turn|19
|
|t:|1637362222
|move|p2a: Landorus|Earthquake|p1a: Quagsire
|-damage|p1a: Quagsire|6/100
|move|p1a: Quagsire|Recover|p1a: Quagsire
|-heal|p1a: Quagsire|56/100
|
|-heal|p1a: Quagsire|62/100|[from] item: Leftovers
|upkeep
|turn|20
|
|t:|1637362227
|move|p2a: Landorus|Earthquake|p1a: Quagsire
|-damage|p1a: Quagsire|15/100
|move|p1a: Quagsire|Recover|p1a: Quagsire
|-heal|p1a: Quagsire|65/100
|
|-heal|p1a: Quagsire|71/100|[from] item: Leftovers
|upkeep
|turn|21
|
|t:|1637362232
|move|p2a: Landorus|Earthquake|p1a: Quagsire
|-damage|p1a: Quagsire|27/100
|move|p1a: Quagsire|Recover|p1a: Quagsire
|-heal|p1a: Quagsire|77/100
|
|-heal|p1a: Quagsire|83/100|[from] item: Leftovers
|upkeep
|turn|22
|
|t:|1637362237
|move|p2a: Landorus|Earthquake|p1a: Quagsire
|-damage|p1a: Quagsire|42/100
|move|p1a: Quagsire|Toxic|p2a: Landorus
|-status|p2a: Landorus|tox
|
|-heal|p1a: Quagsire|48/100|[from] item: Leftovers
|-damage|p2a: Landorus|70/100 tox|[from] psn
|upkeep
|turn|23
|
|t:|1637362243
|switch|p1a: Tornadus|Tornadus-Therian, M|81/100
|move|p2a: Landorus|Earthquake|p1a: Tornadus
|-immune|p1a: Tornadus
|
|-damage|p2a: Landorus|58/100 tox|[from] psn
|upkeep
|turn|24
|
|t:|1637362255
|move|p1a: Tornadus|Heat Wave|p2a: Landorus
|-damage|p2a: Landorus|30/100 tox
|move|p2a: Landorus|Stone Edge|p1a: Tornadus
|-supereffective|p1a: Tornadus
|-damage|p1a: Tornadus|0 fnt
|faint|p1a: Tornadus
|
|-damage|p2a: Landorus|12/100 tox|[from] psn
|upkeep
|
|t:|1637362261
|switch|p1a: Chansey|Chansey, F|100/100
|-damage|p1a: Chansey|88/100|[from] Spikes
|turn|25
|
|t:|1637362269
|move|p1a: Chansey|Protect|p1a: Chansey
|-singleturn|p1a: Chansey|Protect
|move|p2a: Landorus|Stealth Rock|p1a: Chansey
|-sidestart|p1: kinmunt|move: Stealth Rock
|
|-damage|p2a: Landorus|0 fnt|[from] psn
|faint|p2a: Landorus
|upkeep
|
|t:|1637362297
|switch|p2a: Blissey|Blissey, F|100/100
|turn|26
|c|☆kinmunt|ill still take the draw bro
|inactive|SuperTheoryBros has 120 seconds left.
|c|☆kinmunt|gtg in like half an hour
|
|t:|1637362320
|move|p2a: Blissey|Seismic Toss|p1a: Chansey
|-damage|p1a: Chansey|74/100
|move|p1a: Chansey|Wish|p1a: Chansey
|
|upkeep
|turn|27
|inactive|SuperTheoryBros has 120 seconds left.
|
|t:|1637362333
|switch|p1a: Quagsire|Quagsire, M|48/100
|-damage|p1a: Quagsire|42/100|[from] Stealth Rock
|-damage|p1a: Quagsire|29/100|[from] Spikes
|move|p2a: Blissey|Seismic Toss|p1a: Quagsire
|-damage|p1a: Quagsire|4/100
|
|-heal|p1a: Quagsire|93/100|[from] move: Wish|[wisher] Chansey
|-heal|p1a: Quagsire|99/100|[from] item: Leftovers
|upkeep
|turn|28
|inactive|SuperTheoryBros has 120 seconds left.
|
|t:|1637362344
|switch|p1a: Clefable|Clefable, F|70/100 tox
|move|p2a: Blissey|Seismic Toss|p1a: Clefable
|-damage|p1a: Clefable|44/100 tox
|
|upkeep
|turn|29
|inactive|SuperTheoryBros has 120 seconds left.
|
|t:|1637362357
|move|p1a: Clefable|Soft-Boiled|p1a: Clefable
|-heal|p1a: Clefable|94/100 tox
|move|p2a: Blissey|Seismic Toss|p1a: Clefable
|-damage|p1a: Clefable|68/100 tox
|
|upkeep
|turn|30
|l| DA COME UP
|inactive|SuperTheoryBros has 120 seconds left.
|
|t:|1637362362
|switch|p2a: Heatran|Heatran, M|62/100
|-damage|p2a: Heatran|50/100|[from] Stealth Rock
|move|p1a: Clefable|Seismic Toss|p2a: Heatran
|-damage|p2a: Heatran|24/100
|
|upkeep
|turn|31
|inactive|SuperTheoryBros has 120 seconds left.
|
|t:|1637362373
|move|p2a: Heatran|Magma Storm|p1a: Clefable|[miss]
|-miss|p2a: Heatran|p1a: Clefable
|move|p1a: Clefable|Soft-Boiled|p1a: Clefable
|-heal|p1a: Clefable|100/100 tox
|
|upkeep
|turn|32
|
|t:|1637362377
|move|p2a: Heatran|Magma Storm|p1a: Clefable|[miss]
|-miss|p2a: Heatran|p1a: Clefable
|move|p1a: Clefable|Seismic Toss|p2a: Heatran
|-damage|p2a: Heatran|0 fnt
|faint|p2a: Heatran
|
|upkeep
|
|t:|1637362382
|switch|p2a: Shedinja|Shedinja|100/100
|turn|33
|
|t:|1637362389
|move|p1a: Clefable|Trick|p2a: Shedinja
|-activate|p1a: Clefable|move: Trick|[of] p2a: Shedinja
|-enditem|p2a: Shedinja|Heavy-Duty Boots|[silent]|[from] move: Trick
|-item|p1a: Clefable|Heavy-Duty Boots|[from] move: Trick
|move|p2a: Shedinja|Will-O-Wisp||[still]
|-fail|p2a: Shedinja
|
|upkeep
|turn|34
|
|t:|1637362410
|switch|p1a: Toxapex|Toxapex, M|100/100
|-damage|p1a: Toxapex|88/100|[from] Spikes
|-damage|p1a: Toxapex|76/100|[from] Stealth Rock
|move|p2a: Shedinja|Swords Dance|p2a: Shedinja
|-boost|p2a: Shedinja|atk|2
|
|upkeep
|turn|35
|
|t:|1637362416
|move|p2a: Shedinja|Poltergeist|p1a: Toxapex
|-activate|p1a: Toxapex|move: Poltergeist|Rocky Helmet
|-damage|p1a: Toxapex|21/100
|move|p1a: Toxapex|Toxic|p2a: Shedinja
|-status|p2a: Shedinja|tox
|
|-damage|p2a: Shedinja|0 fnt|[from] psn
|faint|p2a: Shedinja
|upkeep
|j| DA COME UP
|
|t:|1637362429
|switch|p2a: Blissey|Blissey, F|100/100
|turn|36
|
|t:|1637362435
|switch|p1a: Clefable|Clefable, F|100/100 tox
|move|p2a: Blissey|Toxic|p1a: Clefable|[miss]
|-miss|p2a: Blissey|p1a: Clefable
|
|upkeep
|turn|37
|j| GalarianN00b2
|-message|SuperTheoryBros forfeited.
|
|win|kinmunt
|raw|kinmunt's rating: 1791 &rarr; <strong>1814</strong><br />(+23 for winning)
|raw|SuperTheoryBros's rating: 1843 &rarr; <strong>1820</strong><br />(-23 for losing)
|l|☆SuperTheoryBros
|l| GalarianN00b2
