|html|<div class="broadcast-blue"><strong>[Gen 8] OU is currently suspecting Melmetal! For information on how to participate check out the <a href="https://www.smogon.com/forums/threads/np-ss-ou-suspect-process-round-12-monster-mash.3709234/">suspect thread</a>.</strong></div>
|j|☆FreeOuch
|j|☆FvkboyCharmander
|t:|1666811393
|gametype|singles
|player|p1|FreeOuch|clair-gen2|1615
|player|p2|FvkboyCharmander|266|1694
|teamsize|p1|6
|teamsize|p2|6
|gen|8
|tier|[Gen 8] OU
|rated|
|rule|Sleep Clause Mod: Limit one foe put to sleep
|rule|Species Clause: Limit one of each Pokémon
|rule|OHKO Clause: OHKO moves are banned
|rule|Evasion Items Clause: Evasion items are banned
|rule|Evasion Moves Clause: Evasion moves are banned
|rule|Endless Battle Clause: Forcing endless battles is banned
|rule|HP Percentage Mod: HP is shown in percentages
|rule|Dynamax Clause: You cannot dynamax
|clearpoke
|poke|p1|Skarmory, F|
|poke|p1|Hippowdon, F|
|poke|p1|Keldeo-Resolute|
|poke|p1|Zapdos-Galar|
|poke|p1|Bisharp, F|
|poke|p1|Slowking-Galar, F|
|poke|p2|Ninetales-Alola, M|
|poke|p2|Blaziken, M|
|poke|p2|Azumarill, F|
|poke|p2|Landorus-Therian, M|
|poke|p2|Rillaboom, M|
|poke|p2|Hawlucha, F|
|teampreview
|inactive|Battle timer is ON: inactive players will automatically lose when time's up. (requested by FreeOuch)
|
|t:|1666811416
|start
|switch|p1a: Bisharp|Bisharp, F|100/100
|switch|p2a: Blaziken|Blaziken, M|100/100
|turn|1
|l|☆FreeOuch
|inactive|FreeOuch disconnected and has a minute to reconnect!
|player|p1|
|inactive|FreeOuch has 30 seconds to reconnect!
|inactive|FreeOuch has 20 seconds to reconnect!
|inactive|FreeOuch has 15 seconds to reconnect!
|inactive|FreeOuch has 10 seconds to reconnect!
|j|☆FreeOuch
|inactive|FreeOuch reconnected and has 85 seconds left.
|player|p1|FreeOuch|clair-gen2
|
|t:|1666811486
|switch|p1a: Hippowdon|Hippowdon, F|100/100
|-weather|Sandstorm|[from] ability: Sand Stream|[of] p1a: Hippowdon
|move|p2a: Blaziken|Close Combat|p1a: Hippowdon
|-damage|p1a: Hippowdon|44/100
|-unboost|p2a: Blaziken|def|1
|-unboost|p2a: Blaziken|spd|1
|-damage|p2a: Blaziken|84/100|[from] item: Rocky Helmet|[of] p1a: Hippowdon
|-damage|p2a: Blaziken|74/100|[from] item: Life Orb
|
|-weather|Sandstorm|[upkeep]
|-damage|p2a: Blaziken|68/100|[from] Sandstorm
|-ability|p2a: Blaziken|Speed Boost|boost
|-boost|p2a: Blaziken|spe|1
|upkeep
|turn|2
|j| TeeZwo
|
|t:|1666811503
|switch|p1a: Slowking|Slowking-Galar, F|100/100
|move|p2a: Blaziken|Close Combat|p1a: Slowking
|-resisted|p1a: Slowking
|-damage|p1a: Slowking|79/100
|-unboost|p2a: Blaziken|def|1
|-unboost|p2a: Blaziken|spd|1
|-damage|p2a: Blaziken|58/100|[from] item: Life Orb
|
|-weather|Sandstorm|[upkeep]
|-damage|p2a: Blaziken|52/100|[from] Sandstorm
|-damage|p1a: Slowking|73/100|[from] Sandstorm
|-ability|p2a: Blaziken|Speed Boost|boost
|-boost|p2a: Blaziken|spe|1
|upkeep
|turn|3
|inactive|FreeOuch has 60 seconds left.
|c| TeeZwo|Charmander can I have next game? I wanna challenge someone in high ladder
|
|t:|1666811543
|switch|p1a: Keldeo|Keldeo-Resolute|100/100
|move|p2a: Blaziken|Earthquake|p1a: Keldeo
|-damage|p1a: Keldeo|56/100
|-damage|p2a: Blaziken|42/100|[from] item: Life Orb
|
|-weather|Sandstorm|[upkeep]
|-damage|p2a: Blaziken|36/100|[from] Sandstorm
|-damage|p1a: Keldeo|50/100|[from] Sandstorm
|-heal|p1a: Keldeo|56/100|[from] item: Leftovers
|-ability|p2a: Blaziken|Speed Boost|boost
|-boost|p2a: Blaziken|spe|1
|upkeep
|turn|4
|
|t:|1666811551
|move|p2a: Blaziken|Close Combat|p1a: Keldeo
|-damage|p1a: Keldeo|0 fnt
|-unboost|p2a: Blaziken|def|1
|-unboost|p2a: Blaziken|spd|1
|faint|p1a: Keldeo
|-damage|p2a: Blaziken|26/100|[from] item: Life Orb
|
|-weather|Sandstorm|[upkeep]
|-damage|p2a: Blaziken|20/100|[from] Sandstorm
|-ability|p2a: Blaziken|Speed Boost|boost
|-boost|p2a: Blaziken|spe|1
|upkeep
|
|t:|1666811555
|switch|p1a: Bisharp|Bisharp, F|100/100
|turn|5
|
|t:|1666811558
|switch|p2a: Landorus|Landorus-Therian, M|100/100
|-ability|p2a: Landorus|Intimidate|boost
|-unboost|p1a: Bisharp|atk|1
|-ability|p1a: Bisharp|Defiant|boost
|-boost|p1a: Bisharp|atk|2
|move|p1a: Bisharp|Sucker Punch||[still]
|-fail|p1a: Bisharp
|
|-weather|none
|upkeep
|turn|6
|
|t:|1666811562
|switch|p1a: Skarmory|Skarmory, F|100/100
|move|p2a: Landorus|Earthquake|p1a: Skarmory
|-immune|p1a: Skarmory
|
|upkeep
|turn|7
|inactive|FreeOuch has 90 seconds left.
|
|t:|1666811568
|switch|p2a: Blaziken|Blaziken, M|20/100
|move|p1a: Skarmory|Spikes|p2a: Blaziken
|-sidestart|p2: FvkboyCharmander|Spikes
|
|upkeep
|turn|8
|inactive|FreeOuch has 90 seconds left.
|
|t:|1666811592
|move|p2a: Blaziken|Flare Blitz|p1a: Skarmory
|-supereffective|p1a: Skarmory
|-ability|p1a: Skarmory|Sturdy
|-damage|p1a: Skarmory|1/100
|-damage|p2a: Blaziken|4/100|[from] item: Rocky Helmet|[of] p1a: Skarmory
|-damage|p2a: Blaziken|0 fnt|[from] Recoil
|faint|p2a: Blaziken
|move|p1a: Skarmory|Roost|p1a: Skarmory
|-heal|p1a: Skarmory|51/100
|-singleturn|p1a: Skarmory|move: Roost
|
|upkeep
|
|t:|1666811600
|switch|p2a: Azumarill|Azumarill, F|100/100
|-damage|p2a: Azumarill|88/100|[from] Spikes
|turn|9
|
|t:|1666811604
|move|p1a: Skarmory|Iron Defense|p1a: Skarmory
|-boost|p1a: Skarmory|def|2
|move|p2a: Azumarill|Knock Off|p1a: Skarmory
|-damage|p1a: Skarmory|34/100
|-damage|p2a: Azumarill|72/100|[from] item: Rocky Helmet|[of] p1a: Skarmory
|-enditem|p1a: Skarmory|Rocky Helmet|[from] move: Knock Off|[of] p2a: Azumarill
|-damage|p2a: Azumarill|62/100|[from] item: Life Orb
|
|upkeep
|turn|10
|
|t:|1666811610
|move|p1a: Skarmory|Roost|p1a: Skarmory
|-heal|p1a: Skarmory|84/100
|-singleturn|p1a: Skarmory|move: Roost
|move|p2a: Azumarill|Superpower|p1a: Skarmory
|-supereffective|p1a: Skarmory
|-damage|p1a: Skarmory|45/100
|-unboost|p2a: Azumarill|atk|1
|-unboost|p2a: Azumarill|def|1
|-damage|p2a: Azumarill|52/100|[from] item: Life Orb
|
|upkeep
|turn|11
|
|t:|1666811617
|switch|p2a: Ninetales|Ninetales-Alola, M|100/100
|-damage|p2a: Ninetales|88/100|[from] Spikes
|-weather|Hail|[from] ability: Snow Warning|[of] p2a: Ninetales
|move|p1a: Skarmory|Body Press|p2a: Ninetales
|-damage|p2a: Ninetales|0 fnt
|faint|p2a: Ninetales
|
|-weather|Hail|[upkeep]
|-damage|p1a: Skarmory|39/100|[from] Hail
|upkeep
|-message|FvkboyCharmander forfeited.
|
|win|FreeOuch
|raw|FreeOuch's rating: 1615 &rarr; <strong>1639</strong><br />(+24 for winning)
|raw|FvkboyCharmander's rating: 1694 &rarr; <strong>1670</strong><br />(-24 for losing)
|l|☆FvkboyCharmander
