|j|☆PQPP214
|j|☆Trick777
|t:|1649067028
|gametype|singles
|player|p1|PQPP214|170|1429
|player|p2|Trick777|266|1524
|teamsize|p1|6
|teamsize|p2|6
|gen|8
|tier|[Gen 8] OU
|rated|
|rule|Sleep Clause Mod: Limit one foe put to sleep
|rule|Species Clause: Limit one of each Pokémon
|rule|OHKO Clause: OHKO moves are banned
|rule|Evasion Moves Clause: Evasion moves are banned
|rule|Endless Battle Clause: Forcing endless battles is banned
|rule|HP Percentage Mod: HP is shown in percentages
|rule|Dynamax Clause: You cannot dynamax
|clearpoke
|poke|p1|Garchomp, F|
|poke|p1|Blaziken, M|
|poke|p1|Heatran, M|
|poke|p1|Dragapult, F|
|poke|p1|Ninetales-Alola, M|
|poke|p1|Arctozolt|
|poke|p2|Aegislash, F|
|poke|p2|Toxapex, M|
|poke|p2|Rillaboom, M|
|poke|p2|Victini|
|poke|p2|Mandibuzz, F|
|poke|p2|Garchomp, F|
|teampreview
|inactive|Battle timer is ON: inactive players will automatically lose when time's up. (requested by Trick777)
|
|t:|1649067040
|start
|switch|p1a: Heatran|Heatran, M|100/100
|switch|p2a: Garchomp|Garchomp, F|100/100
|-item|p1a: Heatran|Air Balloon
|turn|1
|
|t:|1649067046
|move|p2a: Garchomp|Surf|p1a: Heatran
|-supereffective|p1a: Heatran
|-damage|p1a: Heatran|43/100
|-enditem|p1a: Heatran|Air Balloon
|move|p1a: Heatran|Will-O-Wisp|p2a: Garchomp
|-status|p2a: Garchomp|brn
|
|-damage|p2a: Garchomp|94/100 brn|[from] brn
|upkeep
|turn|2
|
|t:|1649067056
|switch|p1a: Ninetales|Ninetales-Alola, M|100/100
|-weather|Hail|[from] ability: Snow Warning|[of] p1a: Ninetales
|move|p2a: Garchomp|Earth Power|p1a: Ninetales
|-damage|p1a: Ninetales|68/100
|
|-weather|Hail|[upkeep]
|-damage|p2a: Garchomp|88/100 brn|[from] Hail
|-damage|p2a: Garchomp|82/100 brn|[from] brn
|upkeep
|turn|3
|
|t:|1649067069
|switch|p2a: Aegislash|Aegislash, F, shiny|100/100
|move|p1a: Ninetales|Aurora Veil|p1a: Ninetales
|-sidestart|p1: PQPP214|move: Aurora Veil
|
|-weather|Hail|[upkeep]
|-damage|p2a: Aegislash|94/100|[from] Hail
|-heal|p2a: Aegislash|100/100|[from] item: Leftovers
|upkeep
|turn|4
|
|t:|1649067077
|switch|p1a: Heatran|Heatran, M|43/100
|move|p2a: Aegislash|Substitute|p2a: Aegislash
|-start|p2a: Aegislash|Substitute
|-damage|p2a: Aegislash|76/100
|
|-weather|Hail|[upkeep]
|-damage|p1a: Heatran|36/100|[from] Hail
|-damage|p2a: Aegislash|69/100|[from] Hail
|-heal|p2a: Aegislash|76/100|[from] item: Leftovers
|upkeep
|turn|5
|
|t:|1649067088
|move|p2a: Aegislash|King's Shield|p2a: Aegislash
|-singleturn|p2a: Aegislash|Protect
|move|p1a: Heatran|Magma Storm|p2a: Aegislash
|-activate|p2a: Aegislash|move: Protect
|
|-weather|Hail|[upkeep]
|-damage|p1a: Heatran|30/100|[from] Hail
|-damage|p2a: Aegislash|69/100|[from] Hail
|-heal|p2a: Aegislash|76/100|[from] item: Leftovers
|upkeep
|turn|6
|
|t:|1649067096
|move|p1a: Heatran|Magma Storm|p2a: Aegislash
|-supereffective|p2a: Aegislash
|-end|p2a: Aegislash|Substitute
|-formechange|p2a: Aegislash|Aegislash-Blade||[from] ability: Stance Change
|move|p2a: Aegislash|Close Combat|p1a: Heatran
|-supereffective|p1a: Heatran
|-damage|p1a: Heatran|0 fnt
|-unboost|p2a: Aegislash|def|1
|-unboost|p2a: Aegislash|spd|1
|-status|p2a: Aegislash|brn|[from] ability: Flame Body|[of] p1a: Heatran
|faint|p1a: Heatran
|
|-weather|Hail|[upkeep]
|-damage|p2a: Aegislash|69/100 brn|[from] Hail
|-heal|p2a: Aegislash|76/100 brn|[from] item: Leftovers
|-damage|p2a: Aegislash|69/100 brn|[from] brn
|upkeep
|
|t:|1649067121
|switch|p1a: Garchomp|Garchomp, F|100/100
|turn|7
|
|t:|1649067129
|switch|p2a: Rillaboom|Rillaboom, M|100/100
|-fieldstart|move: Grassy Terrain|[from] ability: Grassy Surge|[of] p2a: Rillaboom
|move|p1a: Garchomp|Swords Dance|p1a: Garchomp
|-boost|p1a: Garchomp|atk|2
|
|-weather|Hail|[upkeep]
|-damage|p1a: Garchomp|94/100|[from] Hail
|-damage|p2a: Rillaboom|94/100|[from] Hail
|-heal|p1a: Garchomp|100/100|[from] Grassy Terrain
|-heal|p2a: Rillaboom|100/100|[from] Grassy Terrain
|-sideend|p1: PQPP214|move: Aurora Veil
|upkeep
|turn|8
|
|t:|1649067141
|move|p2a: Rillaboom|Grassy Glide|p1a: Garchomp
|-damage|p1a: Garchomp|22/100
|-damage|p2a: Rillaboom|88/100|[from] ability: Rough Skin|[of] p1a: Garchomp
|move|p1a: Garchomp|Scale Shot|p2a: Rillaboom
|-damage|p2a: Rillaboom|59/100
|-damage|p2a: Rillaboom|30/100
|-damage|p2a: Rillaboom|0 fnt
|faint|p2a: Rillaboom
|-hitcount|p2: Rillaboom|3
|-unboost|p1a: Garchomp|def|1
|-boost|p1a: Garchomp|spe|1
|
|-weather|Hail|[upkeep]
|-damage|p1a: Garchomp|16/100|[from] Hail
|-heal|p1a: Garchomp|22/100|[from] Grassy Terrain
|upkeep
|
|t:|1649067152
|switch|p2a: Garchomp|Garchomp, F|82/100 brn
|turn|9
|
|t:|1649067160
|move|p1a: Garchomp|Scale Shot|p2a: Garchomp
|-supereffective|p2a: Garchomp
|-damage|p2a: Garchomp|33/100 brn
|-supereffective|p2a: Garchomp
|-crit|p2a: Garchomp
|-damage|p2a: Garchomp|0 fnt
|faint|p2a: Garchomp
|-hitcount|p2: Garchomp|2
|-unboost|p1a: Garchomp|def|1
|-boost|p1a: Garchomp|spe|1
|
|-weather|none
|-heal|p1a: Garchomp|29/100|[from] Grassy Terrain
|upkeep
|
|t:|1649067162
|switch|p2a: Mandibuzz|Mandibuzz, F|100/100
|turn|10
|
|t:|1649067170
|switch|p1a: Ninetales|Ninetales-Alola, M|68/100
|-weather|Hail|[from] ability: Snow Warning|[of] p1a: Ninetales
|move|p2a: Mandibuzz|Foul Play|p1a: Ninetales
|-resisted|p1a: Ninetales
|-damage|p1a: Ninetales|57/100
|
|-weather|Hail|[upkeep]
|-heal|p1a: Ninetales|63/100|[from] Grassy Terrain
|upkeep
|turn|11
|
|t:|1649067182
|move|p1a: Ninetales|Encore|p2a: Mandibuzz
|-start|p2a: Mandibuzz|Encore
|move|p2a: Mandibuzz|Foul Play|p1a: Ninetales
|-resisted|p1a: Ninetales
|-damage|p1a: Ninetales|52/100
|
|-weather|Hail|[upkeep]
|-heal|p1a: Ninetales|58/100|[from] Grassy Terrain
|-fieldend|move: Grassy Terrain
|upkeep
|turn|12
|
|t:|1649067187
|switch|p2a: Toxapex|Toxapex, M, shiny|100/100
|move|p1a: Ninetales|Aurora Veil|p1a: Ninetales
|-sidestart|p1: PQPP214|move: Aurora Veil
|
|-weather|Hail|[upkeep]
|-damage|p2a: Toxapex|94/100|[from] Hail
|-heal|p2a: Toxapex|100/100|[from] item: Black Sludge
|upkeep
|turn|13
|
|t:|1649067191
|switch|p1a: Arctozolt|Arctozolt|100/100
|move|p2a: Toxapex|Infestation|p1a: Arctozolt
|-crit|p1a: Arctozolt
|-damage|p1a: Arctozolt|95/100
|-activate|p1a: Arctozolt|move: Infestation|[of] p2a: Toxapex
|
|-weather|Hail|[upkeep]
|-damage|p2a: Toxapex|94/100|[from] Hail
|-heal|p2a: Toxapex|100/100|[from] item: Black Sludge
|-damage|p1a: Arctozolt|82/100|[from] move: Infestation|[partiallytrapped]
|upkeep
|turn|14
|
|t:|1649067195
|move|p2a: Toxapex|Baneful Bunker|p2a: Toxapex
|-singleturn|p2a: Toxapex|move: Protect
|move|p1a: Arctozolt|Bolt Beak|p2a: Toxapex
|-activate|p2a: Toxapex|move: Protect
|-status|p1a: Arctozolt|psn
|
|-weather|Hail|[upkeep]
|-damage|p2a: Toxapex|94/100|[from] Hail
|-heal|p2a: Toxapex|100/100|[from] item: Black Sludge
|-damage|p1a: Arctozolt|70/100 psn|[from] psn
|-damage|p1a: Arctozolt|57/100 psn|[from] move: Infestation|[partiallytrapped]
|upkeep
|turn|15
|
|t:|1649067205
|move|p1a: Arctozolt|Bolt Beak|p2a: Toxapex
|-supereffective|p2a: Toxapex
|-damage|p2a: Toxapex|0 fnt
|faint|p2a: Toxapex
|
|-weather|Hail|[upkeep]
|-damage|p1a: Arctozolt|45/100 psn|[from] psn
|-end|p1a: Arctozolt|Infestation|[partiallytrapped]|[silent]
|upkeep
|
|t:|1649067212
|switch|p2a: Aegislash|Aegislash, F, shiny|69/100 brn
|turn|16
|
|t:|1649067218
|switch|p1a: Blaziken|Blaziken, M|100/100
|-item|p1a: Blaziken|Air Balloon
|-formechange|p2a: Aegislash|Aegislash-Blade||[from] ability: Stance Change
|move|p2a: Aegislash|Shadow Ball|p1a: Blaziken
|-damage|p1a: Blaziken|62/100
|-enditem|p1a: Blaziken|Air Balloon
|
|-weather|Hail|[upkeep]
|-damage|p1a: Blaziken|56/100|[from] Hail
|-damage|p2a: Aegislash|63/100 brn|[from] Hail
|-heal|p2a: Aegislash|69/100 brn|[from] item: Leftovers
|-damage|p2a: Aegislash|63/100 brn|[from] brn
|-sideend|p1: PQPP214|move: Aurora Veil
|upkeep
|turn|17
|
|t:|1649067230
|move|p1a: Blaziken|Flare Blitz|p2a: Aegislash
|-supereffective|p2a: Aegislash
|-damage|p2a: Aegislash|0 fnt
|faint|p2a: Aegislash
|-damage|p1a: Blaziken|35/100|[from] Recoil
|
|-weather|none
|-ability|p1a: Blaziken|Speed Boost|boost
|-boost|p1a: Blaziken|spe|1
|upkeep
|
|t:|1649067234
|switch|p2a: Victini|Victini|100/100
|turn|18
|
|t:|1649067244
|move|p1a: Blaziken|Thunder Punch|p2a: Victini
|-damage|p2a: Victini|77/100
|-status|p2a: Victini|par
|move|p2a: Victini|Trick Room|p2a: Victini
|-fieldstart|move: Trick Room|[of] p2a: Victini
|
|-ability|p1a: Blaziken|Speed Boost|boost
|-boost|p1a: Blaziken|spe|1
|upkeep
|turn|19
|
|t:|1649067249
|move|p2a: Victini|V-create|p1a: Blaziken
|-resisted|p1a: Blaziken
|-damage|p1a: Blaziken|0 fnt
|-unboost|p2a: Victini|spe|1
|-unboost|p2a: Victini|def|1
|-unboost|p2a: Victini|spd|1
|faint|p1a: Blaziken
|
|upkeep
|
|t:|1649067258
|switch|p1a: Dragapult|Dragapult, F|100/100
|turn|20
|
|t:|1649067264
|switch|p2a: Mandibuzz|Mandibuzz, F|100/100
|move|p1a: Dragapult|Dragon Darts|p2a: Mandibuzz
|-damage|p2a: Mandibuzz|79/100
|-anim|p1a: Dragapult|Dragon Darts|p2a: Mandibuzz
|-damage|p2a: Mandibuzz|53/100
|
|upkeep
|turn|21
|
|t:|1649067270
|switch|p1a: Ninetales|Ninetales-Alola, M|58/100
|-weather|Hail|[from] ability: Snow Warning|[of] p1a: Ninetales
|move|p2a: Mandibuzz|U-turn|p1a: Ninetales
|-resisted|p1a: Ninetales
|-damage|p1a: Ninetales|51/100
|
|t:|1649067272
|switch|p2a: Victini|Victini|77/100 par|[from]move: U-turn
|
|-weather|Hail|[upkeep]
|-damage|p2a: Victini|71/100 par|[from] Hail
|upkeep
|turn|22
|
|t:|1649067287
|move|p2a: Victini|V-create|p1a: Ninetales
|-supereffective|p1a: Ninetales
|-damage|p1a: Ninetales|0 fnt
|-unboost|p2a: Victini|spe|1
|-unboost|p2a: Victini|def|1
|-unboost|p2a: Victini|spd|1
|faint|p1a: Ninetales
|
|-weather|Hail|[upkeep]
|-damage|p2a: Victini|64/100 par|[from] Hail
|-fieldend|move: Trick Room
|upkeep
|
|t:|1649067290
|switch|p1a: Arctozolt|Arctozolt|45/100 psn
|turn|23
|
|t:|1649067298
|switch|p2a: Mandibuzz|Mandibuzz, F|53/100
|move|p1a: Arctozolt|Bolt Beak|p2a: Mandibuzz
|-supereffective|p2a: Mandibuzz
|-damage|p2a: Mandibuzz|0 fnt
|faint|p2a: Mandibuzz
|
|-weather|Hail|[upkeep]
|-damage|p1a: Arctozolt|32/100 psn|[from] psn
|upkeep
|
|t:|1649067299
|switch|p2a: Victini|Victini|64/100 par
|turn|24
|
|t:|1649067302
|move|p1a: Arctozolt|Bolt Beak|p2a: Victini
|-damage|p2a: Victini|2/100 par
|move|p2a: Victini|Trick Room|p2a: Victini
|-fieldstart|move: Trick Room|[of] p2a: Victini
|
|-weather|Hail|[upkeep]
|-damage|p2a: Victini|0 fnt|[from] Hail
|faint|p2a: Victini
|
|win|PQPP214
|upkeep
|raw|PQPP214's rating: 1429 &rarr; <strong>1454</strong><br />(+25 for winning)
|raw|Trick777's rating: 1524 &rarr; <strong>1499</strong><br />(-25 for losing)
|l|☆Trick777
