|j|☆galal
|j|☆goran el draco
|player|p1|galal|lucas|1800
|player|p2|goran el draco|101|1834
|teamsize|p1|6
|teamsize|p2|6
|gametype|singles
|gen|8
|tier|[Gen 8] OU
|rated|
|clearpoke
|poke|p1|Clefable, F|
|poke|p1|Corviknight, F|
|poke|p1|Reuniclus, M|
|poke|p1|Toxapex, F|
|poke|p1|Kommo-o, M|
|poke|p1|Hatterene, F|
|poke|p2|Bisharp, M|
|poke|p2|Kommo-o, M|
|poke|p2|Aegislash, M|
|poke|p2|Mimikyu, M|
|poke|p2|Clefable, M|
|poke|p2|Zeraora|
|rule|Sleep Clause Mod: Limit one foe put to sleep
|rule|Species Clause: Limit one of each Pokémon
|rule|OHKO Clause: OHKO moves are banned
|rule|Evasion Moves Clause: Evasion moves are banned
|rule|Endless Battle Clause: Forcing endless battles is banned
|rule|HP Percentage Mod: HP is shown in percentages
|rule|Dynamax Clause: You cannot dynamax
|teampreview
|j| IWTB
|
|start
|switch|p1a: Reuniclus|Reuniclus, M|100/100
|switch|p2a: Kommo-o|Kommo-o, M|100/100
|turn|1
|c|☆galal|oh god
|
|switch|p1a: Hatterene|Hatterene, F|100/100
|move|p2a: Kommo-o|Stealth Rock|p1a: Hatterene
|move|p1a: Hatterene|Stealth Rock|p2a: Kommo-o|[from]Magic Bounce
|-sidestart|p2: goran el draco|move: Stealth Rock
|
|upkeep
|turn|2
|c|☆galal|i get wallllled
|j| ManGahDamn
|
|switch|p2a: Bisharp|Bisharp, M|100/100
|-damage|p2a: Bisharp|94/100|[from] Stealth Rock
|move|p1a: Hatterene|Mystical Fire|p2a: Bisharp
|-supereffective|p2a: Bisharp
|-damage|p2a: Bisharp|15/100
|-unboost|p2a: Bisharp|spa|1
|-ability|p2a: Bisharp|Defiant
|-boost|p2a: Bisharp|atk|2
|
|upkeep
|turn|3
|j| Commando 55
|
|switch|p1a: Kommo-o|Kommo-o, M|100/100
|move|p2a: Bisharp|Swords Dance|p2a: Bisharp
|-boost|p2a: Bisharp|atk|2
|
|upkeep
|turn|4
|
|move|p1a: Kommo-o|Body Press|p2a: Bisharp
|-supereffective|p2a: Bisharp
|-damage|p2a: Bisharp|0 fnt
|faint|p2a: Bisharp
|
|upkeep
|
|switch|p2a: Clefable|Clefable, M|100/100
|turn|5
|
|switch|p1a: Toxapex|Toxapex, F|100/100
|move|p2a: Clefable|Calm Mind|p2a: Clefable
|-boost|p2a: Clefable|spa|1
|-boost|p2a: Clefable|spd|1
|
|upkeep
|turn|6
|
|move|p2a: Clefable|Psychic|p1a: Toxapex
|-supereffective|p1a: Toxapex
|-damage|p1a: Toxapex|29/100
|move|p1a: Toxapex|Knock Off|p2a: Clefable
|-resisted|p2a: Clefable
|-damage|p2a: Clefable|91/100
|-enditem|p2a: Clefable|Life Orb|[from] move: Knock Off|[of] p1a: Toxapex
|
|-heal|p1a: Toxapex|36/100|[from] item: Black Sludge
|upkeep
|turn|7
|
|switch|p1a: Clefable|Clefable, F|100/100
|move|p2a: Clefable|Calm Mind|p2a: Clefable
|-boost|p2a: Clefable|spa|1
|-boost|p2a: Clefable|spd|1
|
|upkeep
|turn|8
|
|move|p2a: Clefable|Moonblast|p1a: Clefable
|-damage|p1a: Clefable|72/100
|move|p1a: Clefable|Moonblast|p2a: Clefable
|-damage|p2a: Clefable|57/100
|-unboost|p2a: Clefable|spa|1
|
|-heal|p1a: Clefable|78/100|[from] item: Leftovers
|upkeep
|turn|9
|
|switch|p2a: Aegislash|Aegislash, M|100/100
|-damage|p2a: Aegislash|94/100|[from] Stealth Rock
|-item|p2a: Aegislash|Air Balloon
|move|p1a: Clefable|Moonblast|p2a: Aegislash
|-resisted|p2a: Aegislash
|-damage|p2a: Aegislash|80/100
|-enditem|p2a: Aegislash|Air Balloon
|
|-heal|p1a: Clefable|84/100|[from] item: Leftovers
|upkeep
|turn|10
|
|switch|p1a: Toxapex|Toxapex, F|69/100
|move|p2a: Aegislash|Swords Dance|p2a: Aegislash
|-boost|p2a: Aegislash|atk|2
|
|-heal|p1a: Toxapex|75/100|[from] item: Black Sludge
|upkeep
|turn|11
|
|-formechange|p2a: Aegislash|Aegislash-Blade||[from] ability: Stance Change
|move|p2a: Aegislash|Shadow Claw|p1a: Toxapex
|-crit|p1a: Toxapex
|-damage|p1a: Toxapex|0 fnt
|faint|p1a: Toxapex
|
|upkeep
|
|switch|p1a: Kommo-o|Kommo-o, M|100/100
|turn|12
|
|switch|p2a: Clefable|Clefable, M|57/100
|move|p1a: Kommo-o|Earthquake|p2a: Clefable
|-damage|p2a: Clefable|26/100
|
|upkeep
|turn|13
|
|switch|p2a: Kommo-o|Kommo-o, M|100/100
|-damage|p2a: Kommo-o|94/100|[from] Stealth Rock
|move|p1a: Kommo-o|Poison Jab|p2a: Kommo-o
|-damage|p2a: Kommo-o|82/100
|
|-heal|p2a: Kommo-o|88/100|[from] item: Leftovers
|upkeep
|turn|14
|
|switch|p1a: Hatterene|Hatterene, F|100/100
|switch|p2a: Aegislash|Aegislash, M|80/100
|-damage|p2a: Aegislash|74/100|[from] Stealth Rock
|
|upkeep
|turn|15
|
|switch|p1a: Kommo-o|Kommo-o, M|100/100
|-formechange|p2a: Aegislash|Aegislash-Blade||[from] ability: Stance Change
|move|p2a: Aegislash|Shadow Claw|p1a: Kommo-o
|-damage|p1a: Kommo-o|72/100
|
|-heal|p1a: Kommo-o|78/100|[from] item: Leftovers
|upkeep
|turn|16
|j| Raiiniichts
|
|switch|p2a: Kommo-o|Kommo-o, M|88/100
|-damage|p2a: Kommo-o|82/100|[from] Stealth Rock
|move|p1a: Kommo-o|Earthquake|p2a: Kommo-o
|-damage|p2a: Kommo-o|66/100
|
|-heal|p1a: Kommo-o|84/100|[from] item: Leftovers
|-heal|p2a: Kommo-o|73/100|[from] item: Leftovers
|upkeep
|turn|17
|
|switch|p2a: Clefable|Clefable, M|26/100
|move|p1a: Kommo-o|Poison Jab|p2a: Clefable
|-supereffective|p2a: Clefable
|-damage|p2a: Clefable|0 fnt
|faint|p2a: Clefable
|
|-heal|p1a: Kommo-o|90/100|[from] item: Leftovers
|upkeep
|
|switch|p2a: Zeraora|Zeraora|100/100
|-damage|p2a: Zeraora|88/100|[from] Stealth Rock
|turn|18
|
|switch|p1a: Reuniclus|Reuniclus, M|100/100
|move|p2a: Zeraora|Play Rough|p1a: Reuniclus
|-damage|p1a: Reuniclus|76/100
|-damage|p2a: Zeraora|78/100|[from] item: Life Orb
|
|-heal|p1a: Reuniclus|82/100|[from] item: Leftovers
|upkeep
|turn|19
|
|switch|p2a: Aegislash|Aegislash, M|74/100
|-damage|p2a: Aegislash|67/100|[from] Stealth Rock
|move|p1a: Reuniclus|Future Sight|p2a: Aegislash
|-start|p1a: Reuniclus|move: Future Sight
|
|-heal|p1a: Reuniclus|88/100|[from] item: Leftovers
|upkeep
|turn|20
|
|switch|p1a: Kommo-o|Kommo-o, M|90/100
|move|p2a: Aegislash|Swords Dance|p2a: Aegislash
|-boost|p2a: Aegislash|atk|2
|
|-heal|p1a: Kommo-o|96/100|[from] item: Leftovers
|upkeep
|turn|21
|
|move|p1a: Kommo-o|Earthquake|p2a: Aegislash
|-supereffective|p2a: Aegislash
|-damage|p2a: Aegislash|21/100
|-formechange|p2a: Aegislash|Aegislash-Blade||[from] ability: Stance Change
|move|p2a: Aegislash|Close Combat|p1a: Kommo-o
|-damage|p1a: Kommo-o|35/100
|-unboost|p2a: Aegislash|def|1
|-unboost|p2a: Aegislash|spd|1
|
|-end|p2a: Aegislash|move: Future Sight
|-resisted|p2a: Aegislash
|-damage|p2a: Aegislash|0 fnt
|-heal|p1a: Kommo-o|41/100|[from] item: Leftovers
|faint|p2a: Aegislash
|upkeep
|
|switch|p2a: Zeraora|Zeraora|78/100
|-damage|p2a: Zeraora|66/100|[from] Stealth Rock
|turn|22
|j| h8mail
|
|switch|p1a: Reuniclus|Reuniclus, M|100/100
|move|p2a: Zeraora|Plasma Fists|p1a: Reuniclus
|-damage|p1a: Reuniclus|58/100
|-fieldactivate|move: Ion Deluge
|-damage|p2a: Zeraora|56/100|[from] item: Life Orb
|
|-heal|p1a: Reuniclus|64/100|[from] item: Leftovers
|upkeep
|turn|23
|
|move|p2a: Zeraora|Plasma Fists|p1a: Reuniclus
|-damage|p1a: Reuniclus|18/100
|-fieldactivate|move: Ion Deluge
|-damage|p2a: Zeraora|47/100|[from] item: Life Orb
|move|p1a: Reuniclus|Recover|p1a: Reuniclus
|-heal|p1a: Reuniclus|68/100
|
|-heal|p1a: Reuniclus|75/100|[from] item: Leftovers
|upkeep
|turn|24
|
|move|p2a: Zeraora|Plasma Fists|p1a: Reuniclus
|-damage|p1a: Reuniclus|32/100
|-fieldactivate|move: Ion Deluge
|-damage|p2a: Zeraora|37/100|[from] item: Life Orb
|move|p1a: Reuniclus|Recover|p1a: Reuniclus
|-heal|p1a: Reuniclus|82/100
|
|-heal|p1a: Reuniclus|88/100|[from] item: Leftovers
|upkeep
|turn|25
|
|move|p2a: Zeraora|Plasma Fists|p1a: Reuniclus
|-damage|p1a: Reuniclus|40/100
|-fieldactivate|move: Ion Deluge
|-damage|p2a: Zeraora|27/100|[from] item: Life Orb
|move|p1a: Reuniclus|Recover|p1a: Reuniclus
|-heal|p1a: Reuniclus|90/100
|
|-heal|p1a: Reuniclus|96/100|[from] item: Leftovers
|upkeep
|turn|26
|
|move|p2a: Zeraora|Plasma Fists|p1a: Reuniclus
|-damage|p1a: Reuniclus|51/100
|-fieldactivate|move: Ion Deluge
|-damage|p2a: Zeraora|17/100|[from] item: Life Orb
|move|p1a: Reuniclus|Future Sight|p2a: Zeraora
|-start|p1a: Reuniclus|move: Future Sight
|
|-heal|p1a: Reuniclus|58/100|[from] item: Leftovers
|upkeep
|turn|27
|
|move|p2a: Zeraora|Plasma Fists|p1a: Reuniclus
|-damage|p1a: Reuniclus|15/100
|-fieldactivate|move: Ion Deluge
|-damage|p2a: Zeraora|7/100|[from] item: Life Orb
|move|p1a: Reuniclus|Recover|p1a: Reuniclus
|-heal|p1a: Reuniclus|65/100
|
|-heal|p1a: Reuniclus|71/100|[from] item: Leftovers
|upkeep
|turn|28
|l| Commando 55
|l| Raiiniichts
|
|move|p2a: Zeraora|Plasma Fists|p1a: Reuniclus
|-damage|p1a: Reuniclus|23/100
|-fieldactivate|move: Ion Deluge
|-damage|p2a: Zeraora|0 fnt|[from] item: Life Orb
|faint|p2a: Zeraora
|move|p1a: Reuniclus|Recover|p1a: Reuniclus
|-heal|p1a: Reuniclus|73/100
|
|-hint|Future Sight did not hit because the target is the user.
|-heal|p1a: Reuniclus|79/100|[from] item: Leftovers
|upkeep
|
|switch|p2a: Mimikyu|Mimikyu, M|100/100
|-damage|p2a: Mimikyu|88/100|[from] Stealth Rock
|turn|29
|l| ManGahDamn
|
|switch|p1a: Corviknight|Corviknight, F|100/100
|-ability|p1a: Corviknight|Pressure
|move|p2a: Mimikyu|Swords Dance|p2a: Mimikyu
|-boost|p2a: Mimikyu|atk|2
|
|upkeep
|turn|30
|
|move|p2a: Mimikyu|Shadow Claw|p1a: Corviknight
|-damage|p1a: Corviknight|56/100
|-damage|p2a: Mimikyu|78/100|[from] item: Life Orb
|move|p1a: Corviknight|Iron Head|p2a: Mimikyu
|-activate|p2a: Mimikyu|ability: Disguise
|-damage|p2a: Mimikyu|78/100
|detailschange|p2a: Mimikyu|Mimikyu-Busted, M
|-damage|p2a: Mimikyu|66/100|[from] pokemon: Mimikyu-Busted
|
|-heal|p1a: Corviknight|62/100|[from] item: Leftovers
|upkeep
|turn|31
|
|move|p2a: Mimikyu|Shadow Claw|p1a: Corviknight
|-damage|p1a: Corviknight|11/100
|-damage|p2a: Mimikyu|56/100|[from] item: Life Orb
|move|p1a: Corviknight|Iron Head|p2a: Mimikyu
|-supereffective|p2a: Mimikyu
|-damage|p2a: Mimikyu|0 fnt
|faint|p2a: Mimikyu
|
|-heal|p1a: Corviknight|18/100|[from] item: Leftovers
|upkeep
|-message|goran el draco forfeited.
|
|win|galal
|l| h8mail
|l|☆goran el draco
|raw|galal's rating: 1800 &rarr; <strong>1821</strong><br />(+21 for winning)
|raw|goran el draco's rating: 1834 &rarr; <strong>1812</strong><br />(-22 for losing)
