|html|<div class="broadcast-blue"><strong>[Gen 8] OU is currently suspecting Melmetal! For information on how to participate check out the <a href="https://www.smogon.com/forums/threads/np-ss-ou-suspect-process-round-12-monster-mash.3709234/">suspect thread</a>.</strong></div>
|j|☆LaggyBaggy516
|j|☆Shotintheheart
|t:|1666565262
|gametype|singles
|player|p1|LaggyBaggy516|169|1576
|player|p2|Shotintheheart|linebacker|1864
|teamsize|p1|6
|teamsize|p2|6
|gen|8
|tier|[Gen 8] OU
|rated|
|rule|Sleep Clause Mod: Limit one foe put to sleep
|rule|Species Clause: Limit one of each Pokémon
|rule|OHKO Clause: OHKO moves are banned
|rule|Evasion Items Clause: Evasion items are banned
|rule|Evasion Moves Clause: Evasion moves are banned
|rule|Endless Battle Clause: Forcing endless battles is banned
|rule|HP Percentage Mod: HP is shown in percentages
|rule|Dynamax Clause: You cannot dynamax
|clearpoke
|poke|p1|Torkoal, M|
|poke|p1|Regieleki|
|poke|p1|Venusaur, F|
|poke|p1|Victini|
|poke|p1|Heatran, M|
|poke|p1|Landorus-Therian, M|
|poke|p2|Rillaboom, M|
|poke|p2|Zapdos|
|poke|p2|Obstagoon, M|
|poke|p2|Tapu Fini|
|poke|p2|Heatran, M|
|poke|p2|Swampert, F|
|teampreview
|inactive|Battle timer is ON: inactive players will automatically lose when time's up. (requested by LaggyBaggy516)
|
|t:|1666565280
|start
|switch|p1a: Landorus|Landorus-Therian, M|100/100
|switch|p2a: Swampert|Swampert, F|100/100
|-ability|p1a: Landorus|Intimidate|boost
|-unboost|p2a: Swampert|atk|1
|turn|1
|
|t:|1666565291
|switch|p2a: Tapu Fini|Tapu Fini|100/100
|-fieldstart|move: Misty Terrain|[from] ability: Misty Surge|[of] p2a: Tapu Fini
|move|p1a: Landorus|Toxic|p2a: Tapu Fini
|-activate|p2a: Tapu Fini|move: Misty Terrain
|
|upkeep
|turn|2
|
|t:|1666565300
|move|p2a: Tapu Fini|Scald|p1a: Landorus
|-supereffective|p1a: Landorus
|-damage|p1a: Landorus|59/100
|-status|p1a: Landorus|brn
|move|p1a: Landorus|Stealth Rock|p2a: Tapu Fini
|-sidestart|p2: Shotintheheart|move: Stealth Rock
|
|-heal|p1a: Landorus|65/100 brn|[from] item: Leftovers
|-damage|p1a: Landorus|59/100 brn|[from] brn
|upkeep
|turn|3
|
|t:|1666565312
|move|p2a: Tapu Fini|Scald|p1a: Landorus
|-supereffective|p1a: Landorus
|-damage|p1a: Landorus|17/100 brn
|move|p1a: Landorus|U-turn|p2a: Tapu Fini
|-resisted|p2a: Tapu Fini
|-damage|p2a: Tapu Fini|97/100
|
|t:|1666565314
|switch|p1a: Torkoal|Torkoal, M|100/100|[from]move: U-turn
|-weather|SunnyDay|[from] ability: Drought|[of] p1a: Torkoal
|
|-weather|SunnyDay|[upkeep]
|-heal|p2a: Tapu Fini|100/100|[from] item: Leftovers
|upkeep
|turn|4
|
|t:|1666565326
|switch|p2a: Zapdos|Zapdos|100/100
|switch|p1a: Venusaur|Venusaur, F|100/100
|
|-weather|SunnyDay|[upkeep]
|upkeep
|turn|5
|
|t:|1666565335
|switch|p1a: Heatran|Heatran, M|100/100
|-item|p1a: Heatran|Air Balloon
|move|p2a: Zapdos|Heat Wave|p1a: Heatran
|-start|p1a: Heatran|ability: Flash Fire
|
|-weather|SunnyDay|[upkeep]
|-fieldend|Misty Terrain
|upkeep
|turn|6
|
|t:|1666565339
|move|p1a: Heatran|Eruption|p2a: Zapdos
|-damage|p2a: Zapdos|0 fnt
|faint|p2a: Zapdos
|
|-weather|SunnyDay|[upkeep]
|upkeep
|
|t:|1666565345
|switch|p2a: Swampert|Swampert, F|100/100
|-damage|p2a: Swampert|94/100|[from] Stealth Rock
|turn|7
|
|t:|1666565348
|move|p1a: Heatran|Eruption|p2a: Swampert
|-resisted|p2a: Swampert
|-damage|p2a: Swampert|33/100
|move|p2a: Swampert|Flip Turn|p1a: Heatran
|-supereffective|p1a: Heatran
|-damage|p1a: Heatran|65/100
|-enditem|p1a: Heatran|Air Balloon
|
|t:|1666565362
|switch|p2a: Heatran|Heatran, M|100/100|[from]move: Flip Turn
|-damage|p2a: Heatran|88/100|[from] Stealth Rock
|
|-weather|SunnyDay|[upkeep]
|upkeep
|turn|8
|
|t:|1666565367
|move|p2a: Heatran|Earth Power|p1a: Heatran
|-supereffective|p1a: Heatran
|-damage|p1a: Heatran|0 fnt
|faint|p1a: Heatran
|
|-weather|SunnyDay|[upkeep]
|upkeep
|
|t:|1666565371
|switch|p1a: Regieleki|Regieleki|100/100
|turn|9
|
|t:|1666565376
|switch|p1a: Landorus|Landorus-Therian, M|17/100 brn
|-ability|p1a: Landorus|Intimidate|boost
|-unboost|p2a: Heatran|atk|1
|switch|p2a: Swampert|Swampert, F|33/100
|-damage|p2a: Swampert|27/100|[from] Stealth Rock
|
|-weather|SunnyDay|[upkeep]
|-heal|p1a: Landorus|23/100 brn|[from] item: Leftovers
|-heal|p2a: Swampert|33/100|[from] item: Leftovers
|-damage|p1a: Landorus|17/100 brn|[from] brn
|upkeep
|turn|10
|
|t:|1666565385
|move|p1a: Landorus|Earthquake|p2a: Swampert
|-damage|p2a: Swampert|12/100
|move|p2a: Swampert|Stealth Rock|p1a: Landorus
|-sidestart|p1: LaggyBaggy516|move: Stealth Rock
|
|-weather|none
|-heal|p1a: Landorus|23/100 brn|[from] item: Leftovers
|-heal|p2a: Swampert|18/100|[from] item: Leftovers
|-damage|p1a: Landorus|17/100 brn|[from] brn
|upkeep
|turn|11
|
|t:|1666565396
|switch|p2a: Rillaboom|Rillaboom, M|100/100
|-damage|p2a: Rillaboom|88/100|[from] Stealth Rock
|-fieldstart|move: Grassy Terrain|[from] ability: Grassy Surge|[of] p2a: Rillaboom
|move|p1a: Landorus|U-turn|p2a: Rillaboom
|-supereffective|p2a: Rillaboom
|-damage|p2a: Rillaboom|65/100
|
|t:|1666565410
|switch|p1a: Torkoal|Torkoal, M|100/100|[from]move: U-turn
|-damage|p1a: Torkoal|76/100|[from] Stealth Rock
|-weather|SunnyDay|[from] ability: Drought|[of] p1a: Torkoal
|
|-weather|SunnyDay|[upkeep]
|-heal|p2a: Rillaboom|71/100|[from] Grassy Terrain
|-heal|p1a: Torkoal|82/100|[from] Grassy Terrain
|upkeep
|turn|12
|
|t:|1666565415
|switch|p1a: Venusaur|Venusaur, F|100/100
|-damage|p1a: Venusaur|88/100|[from] Stealth Rock
|move|p2a: Rillaboom|U-turn|p1a: Venusaur
|-damage|p1a: Venusaur|39/100
|
|t:|1666565425
|switch|p2a: Obstagoon|Obstagoon, M|100/100|[from]move: U-turn
|-damage|p2a: Obstagoon|88/100|[from] Stealth Rock
|
|-weather|SunnyDay|[upkeep]
|-heal|p1a: Venusaur|45/100|[from] Grassy Terrain
|-heal|p2a: Obstagoon|94/100|[from] Grassy Terrain
|-status|p2a: Obstagoon|brn|[from] item: Flame Orb
|upkeep
|turn|13
|
|t:|1666565430
|switch|p1a: Landorus|Landorus-Therian, M|17/100 brn
|-damage|p1a: Landorus|4/100 brn|[from] Stealth Rock
|-ability|p1a: Landorus|Intimidate|boost
|-unboost|p2a: Obstagoon|atk|1
|move|p2a: Obstagoon|Facade|p1a: Landorus
|-damage|p1a: Landorus|0 fnt
|faint|p1a: Landorus
|
|-weather|SunnyDay|[upkeep]
|-heal|p2a: Obstagoon|99/100 brn|[from] Grassy Terrain
|-damage|p2a: Obstagoon|94/100 brn|[from] brn
|upkeep
|
|t:|1666565437
|switch|p1a: Regieleki|Regieleki|100/100
|turn|14
|
|t:|1666565442
|switch|p2a: Swampert|Swampert, F|18/100
|-damage|p2a: Swampert|12/100|[from] Stealth Rock
|move|p1a: Regieleki|Rapid Spin|p2a: Swampert
|-damage|p2a: Swampert|2/100
|-boost|p1a: Regieleki|spe|1
|-sideend|p1: LaggyBaggy516|Stealth Rock|[from] move: Rapid Spin|[of] p1a: Regieleki
|
|-weather|SunnyDay|[upkeep]
|-heal|p2a: Swampert|9/100|[from] Grassy Terrain
|-heal|p2a: Swampert|15/100|[from] item: Leftovers
|upkeep
|turn|15
|
|t:|1666565451
|move|p1a: Regieleki|Ancient Power|p2a: Swampert
|-resisted|p2a: Swampert
|-damage|p2a: Swampert|9/100
|move|p2a: Swampert|Stealth Rock|p1a: Regieleki
|-sidestart|p1: LaggyBaggy516|move: Stealth Rock
|
|-weather|SunnyDay|[upkeep]
|-heal|p2a: Swampert|15/100|[from] Grassy Terrain
|-heal|p2a: Swampert|21/100|[from] item: Leftovers
|-fieldend|move: Grassy Terrain
|upkeep
|turn|16
|
|t:|1666565455
|move|p1a: Regieleki|Rapid Spin|p2a: Swampert
|-damage|p2a: Swampert|12/100
|-boost|p1a: Regieleki|spe|1
|-sideend|p1: LaggyBaggy516|Stealth Rock|[from] move: Rapid Spin|[of] p1a: Regieleki
|move|p2a: Swampert|High Horsepower|p1a: Regieleki
|-supereffective|p1a: Regieleki
|-damage|p1a: Regieleki|0 fnt
|faint|p1a: Regieleki
|
|-weather|SunnyDay|[upkeep]
|-heal|p2a: Swampert|18/100|[from] item: Leftovers
|upkeep
|
|t:|1666565457
|switch|p1a: Venusaur|Venusaur, F|45/100
|turn|17
|
|t:|1666565466
|move|p1a: Venusaur|Giga Drain|p2a: Swampert
|-supereffective|p2a: Swampert
|-crit|p2a: Swampert
|-damage|p2a: Swampert|0 fnt
|-heal|p1a: Venusaur|57/100|[from] drain|[of] p2a: Swampert
|faint|p2a: Swampert
|-damage|p1a: Venusaur|47/100|[from] item: Life Orb
|
|-weather|SunnyDay|[upkeep]
|upkeep
|
|t:|1666565472
|switch|p2a: Obstagoon|Obstagoon, M|94/100 brn
|-damage|p2a: Obstagoon|82/100 brn|[from] Stealth Rock
|turn|18
|
|t:|1666565484
|switch|p1a: Torkoal|Torkoal, M|82/100
|move|p2a: Obstagoon|Facade|p1a: Torkoal
|-damage|p1a: Torkoal|26/100
|
|-weather|none
|-damage|p2a: Obstagoon|76/100 brn|[from] brn
|upkeep
|turn|19
|
|t:|1666565490
|switch|p1a: Victini|Victini|100/100
|move|p2a: Obstagoon|Facade|p1a: Victini
|-damage|p1a: Victini|4/100
|
|-damage|p2a: Obstagoon|70/100 brn|[from] brn
|upkeep
|turn|20
|
|t:|1666565500
|move|p2a: Obstagoon|Obstruct|p2a: Obstagoon
|-singleturn|p2a: Obstagoon|Protect
|move|p1a: Victini|Brick Break|p2a: Obstagoon
|-activate|p2a: Obstagoon|move: Protect
|-unboost|p1a: Victini|def|2
|
|-damage|p2a: Obstagoon|64/100 brn|[from] brn
|upkeep
|turn|21
|
|t:|1666565511
|switch|p1a: Torkoal|Torkoal, M|26/100
|-weather|SunnyDay|[from] ability: Drought|[of] p1a: Torkoal
|switch|p2a: Tapu Fini|Tapu Fini|100/100
|-damage|p2a: Tapu Fini|88/100|[from] Stealth Rock
|-fieldstart|move: Misty Terrain|[from] ability: Misty Surge|[of] p2a: Tapu Fini
|
|-weather|SunnyDay|[upkeep]
|-heal|p2a: Tapu Fini|94/100|[from] item: Leftovers
|upkeep
|turn|22
|
|t:|1666565522
|switch|p1a: Victini|Victini|4/100
|move|p2a: Tapu Fini|Calm Mind|p2a: Tapu Fini
|-boost|p2a: Tapu Fini|spa|1
|-boost|p2a: Tapu Fini|spd|1
|
|-weather|SunnyDay|[upkeep]
|-heal|p2a: Tapu Fini|100/100|[from] item: Leftovers
|upkeep
|turn|23
|
|t:|1666565526
|move|p1a: Victini|Bolt Strike|p2a: Tapu Fini
|-supereffective|p2a: Tapu Fini
|-damage|p2a: Tapu Fini|42/100
|move|p2a: Tapu Fini|Draining Kiss|p1a: Victini
|-resisted|p1a: Victini
|-damage|p1a: Victini|0 fnt
|-heal|p2a: Tapu Fini|45/100|[from] drain|[of] p1a: Victini
|faint|p1a: Victini
|
|-weather|SunnyDay|[upkeep]
|-heal|p2a: Tapu Fini|51/100|[from] item: Leftovers
|upkeep
|
|t:|1666565528
|switch|p1a: Venusaur|Venusaur, F|47/100
|turn|24
|
|t:|1666565534
|move|p1a: Venusaur|Growth|p1a: Venusaur
|-boost|p1a: Venusaur|atk|2
|-boost|p1a: Venusaur|spa|2
|move|p2a: Tapu Fini|Draining Kiss|p1a: Venusaur
|-resisted|p1a: Venusaur
|-damage|p1a: Venusaur|33/100
|-heal|p2a: Tapu Fini|61/100|[from] drain|[of] p1a: Venusaur
|
|-weather|SunnyDay|[upkeep]
|-heal|p2a: Tapu Fini|67/100|[from] item: Leftovers
|upkeep
|turn|25
|
|t:|1666565540
|move|p1a: Venusaur|Giga Drain|p2a: Tapu Fini
|-supereffective|p2a: Tapu Fini
|-damage|p2a: Tapu Fini|0 fnt
|-heal|p1a: Venusaur|70/100|[from] drain|[of] p2a: Tapu Fini
|faint|p2a: Tapu Fini
|-damage|p1a: Venusaur|60/100|[from] item: Life Orb
|
|-weather|SunnyDay|[upkeep]
|-fieldend|Misty Terrain
|upkeep
|
|t:|1666565550
|switch|p2a: Heatran|Heatran, M|88/100
|-damage|p2a: Heatran|76/100|[from] Stealth Rock
|turn|26
|
|t:|1666565552
|switch|p2a: Rillaboom|Rillaboom, M|71/100
|-damage|p2a: Rillaboom|59/100|[from] Stealth Rock
|-fieldstart|move: Grassy Terrain|[from] ability: Grassy Surge|[of] p2a: Rillaboom
|move|p1a: Venusaur|Earthquake|p2a: Rillaboom
|-resisted|p2a: Rillaboom
|-damage|p2a: Rillaboom|46/100
|-damage|p1a: Venusaur|50/100|[from] item: Life Orb
|
|-weather|SunnyDay|[upkeep]
|-heal|p1a: Venusaur|56/100|[from] Grassy Terrain
|-heal|p2a: Rillaboom|52/100|[from] Grassy Terrain
|upkeep
|turn|27
|
|t:|1666565564
|move|p2a: Rillaboom|Grassy Glide|p1a: Venusaur
|-resisted|p1a: Venusaur
|-damage|p1a: Venusaur|31/100
|move|p1a: Venusaur|Giga Drain|p2a: Rillaboom
|-resisted|p2a: Rillaboom
|-damage|p2a: Rillaboom|0 fnt
|-heal|p1a: Venusaur|61/100|[from] drain|[of] p2a: Rillaboom
|faint|p2a: Rillaboom
|-damage|p1a: Venusaur|51/100|[from] item: Life Orb
|
|-weather|SunnyDay|[upkeep]
|-heal|p1a: Venusaur|57/100|[from] Grassy Terrain
|upkeep
|
|t:|1666565574
|switch|p2a: Obstagoon|Obstagoon, M|64/100 brn
|-damage|p2a: Obstagoon|51/100 brn|[from] Stealth Rock
|turn|28
|
|t:|1666565581
|move|p2a: Obstagoon|Obstruct|p2a: Obstagoon
|-singleturn|p2a: Obstagoon|Protect
|move|p1a: Venusaur|Giga Drain|p2a: Obstagoon
|-activate|p2a: Obstagoon|move: Protect
|
|-weather|none
|-heal|p1a: Venusaur|63/100|[from] Grassy Terrain
|-heal|p2a: Obstagoon|57/100 brn|[from] Grassy Terrain
|-damage|p2a: Obstagoon|51/100 brn|[from] brn
|upkeep
|turn|29
|
|t:|1666565585
|switch|p1a: Torkoal|Torkoal, M|26/100
|-weather|SunnyDay|[from] ability: Drought|[of] p1a: Torkoal
|move|p2a: Obstagoon|Facade|p1a: Torkoal
|-damage|p1a: Torkoal|0 fnt
|faint|p1a: Torkoal
|
|-weather|SunnyDay|[upkeep]
|-heal|p2a: Obstagoon|57/100 brn|[from] Grassy Terrain
|-damage|p2a: Obstagoon|51/100 brn|[from] brn
|upkeep
|
|t:|1666565586
|switch|p1a: Venusaur|Venusaur, F|63/100
|turn|30
|
|t:|1666565594
|move|p1a: Venusaur|Weather Ball|p2a: Obstagoon
|-damage|p2a: Obstagoon|0 fnt
|faint|p2a: Obstagoon
|-damage|p1a: Venusaur|53/100|[from] item: Life Orb
|
|-weather|SunnyDay|[upkeep]
|-heal|p1a: Venusaur|59/100|[from] Grassy Terrain
|-fieldend|move: Grassy Terrain
|upkeep
|
|t:|1666565596
|switch|p2a: Heatran|Heatran, M|76/100
|-damage|p2a: Heatran|64/100|[from] Stealth Rock
|turn|31
|
|t:|1666565599
|move|p1a: Venusaur|Earthquake|p2a: Heatran
|-supereffective|p2a: Heatran
|-damage|p2a: Heatran|0 fnt
|faint|p2a: Heatran
|-damage|p1a: Venusaur|49/100|[from] item: Life Orb
|
|win|LaggyBaggy516
|raw|LaggyBaggy516's rating: 1576 &rarr; <strong>1610</strong><br />(+34 for winning)
|raw|Shotintheheart's rating: 1864 &rarr; <strong>1830</strong><br />(-34 for losing)
|c|☆Shotintheheart|gg
|c|☆LaggyBaggy516|gg
|l|☆Shotintheheart
