|html|<div class="broadcast-blue"><strong>[Gen 8] OU is currently suspecting Melmetal! For information on how to participate check out the <a href="https://www.smogon.com/forums/threads/np-ss-ou-suspect-process-round-12-monster-mash.3709234/">suspect thread</a>.</strong></div>
|j|☆lingjolunojobana
|j|☆OUTD Wraks2
|t:|1666072062
|gametype|singles
|player|p1|lingjolunojobana|crasherwake|1650
|player|p2|OUTD Wraks2|101|1586
|teamsize|p1|6
|teamsize|p2|6
|gen|8
|tier|[Gen 8] OU
|rated|
|rule|Sleep Clause Mod: Limit one foe put to sleep
|rule|Species Clause: Limit one of each Pokémon
|rule|OHKO Clause: OHKO moves are banned
|rule|Evasion Items Clause: Evasion items are banned
|rule|Evasion Moves Clause: Evasion moves are banned
|rule|Endless Battle Clause: Forcing endless battles is banned
|rule|HP Percentage Mod: HP is shown in percentages
|rule|Dynamax Clause: You cannot dynamax
|clearpoke
|poke|p1|Torkoal, F|
|poke|p1|Venusaur, M|
|poke|p1|Heatran, M|
|poke|p1|Landorus-Therian, M|
|poke|p1|Garchomp, M|
|poke|p1|Victini|
|poke|p2|Swampert, F|
|poke|p2|Corviknight, F|
|poke|p2|Blissey, F|
|poke|p2|Rillaboom, F|
|poke|p2|Dragapult, F|
|poke|p2|Conkeldurr, M|
|teampreview
|inactive|Battle timer is ON: inactive players will automatically lose when time's up. (requested by OUTD Wraks2)
|
|t:|1666072072
|start
|switch|p1a: 神里陵华|Torkoal, F, shiny|100/100
|switch|p2a: Dragapult|Dragapult, F|100/100
|-weather|SunnyDay|[from] ability: Drought|[of] p1a: 神里陵华
|turn|1
|
|t:|1666072079
|switch|p1a: 猫柱|Landorus-Therian, M, shiny|100/100
|-ability|p1a: 猫柱|Intimidate|boost
|-unboost|p2a: Dragapult|atk|1
|move|p2a: Dragapult|Draco Meteor|p1a: 猫柱
|-damage|p1a: 猫柱|33/100
|-unboost|p2a: Dragapult|spa|2
|
|-weather|SunnyDay|[upkeep]
|-heal|p1a: 猫柱|40/100|[from] item: Leftovers
|upkeep
|turn|2
|
|t:|1666072091
|switch|p2a: Corviknight|Corviknight, F|100/100
|-ability|p2a: Corviknight|Pressure
|move|p1a: 猫柱|U-turn|p2a: Corviknight
|-resisted|p2a: Corviknight
|-damage|p2a: Corviknight|97/100
|-damage|p1a: 猫柱|23/100|[from] item: Rocky Helmet|[of] p2a: Corviknight
|
|t:|1666072099
|switch|p1a: 社会你花哥|Venusaur, M, shiny|100/100|[from]move: U-turn
|
|-weather|SunnyDay|[upkeep]
|upkeep
|turn|3
|
|t:|1666072107
|switch|p2a: Blissey|Blissey, F|100/100
|move|p1a: 社会你花哥|Growth|p1a: 社会你花哥
|-boost|p1a: 社会你花哥|atk|2
|-boost|p1a: 社会你花哥|spa|2
|
|-weather|SunnyDay|[upkeep]
|upkeep
|turn|4
|
|t:|1666072113
|move|p1a: 社会你花哥|Growth|p1a: 社会你花哥
|-boost|p1a: 社会你花哥|atk|2
|-boost|p1a: 社会你花哥|spa|2
|move|p2a: Blissey|Seismic Toss|p1a: 社会你花哥
|-damage|p1a: 社会你花哥|67/100
|
|-weather|SunnyDay|[upkeep]
|upkeep
|turn|5
|
|t:|1666072120
|move|p1a: 社会你花哥|Giga Drain|p2a: Blissey
|-damage|p2a: Blissey|52/100
|-heal|p1a: 社会你花哥|100/100|[from] drain|[of] p2a: Blissey
|-damage|p1a: 社会你花哥|91/100|[from] item: Life Orb
|move|p2a: Blissey|Seismic Toss|p1a: 社会你花哥
|-damage|p1a: 社会你花哥|57/100
|
|-weather|SunnyDay|[upkeep]
|upkeep
|turn|6
|
|t:|1666072128
|switch|p2a: Corviknight|Corviknight, F|97/100
|-ability|p2a: Corviknight|Pressure
|move|p1a: 社会你花哥|Weather Ball|p2a: Corviknight
|-supereffective|p2a: Corviknight
|-damage|p2a: Corviknight|0 fnt
|faint|p2a: Corviknight
|-damage|p1a: 社会你花哥|47/100|[from] item: Life Orb
|
|-weather|SunnyDay|[upkeep]
|upkeep
|
|t:|1666072143
|switch|p2a: Dragapult|Dragapult, F|100/100
|turn|7
|
|t:|1666072151
|switch|p2a: Conkeldurr|Conkeldurr, M|100/100
|move|p1a: 社会你花哥|Earth Power|p2a: Conkeldurr
|-damage|p2a: Conkeldurr|0 fnt
|faint|p2a: Conkeldurr
|-damage|p1a: 社会你花哥|37/100|[from] item: Life Orb
|
|-weather|SunnyDay|[upkeep]
|upkeep
|
|t:|1666072168
|switch|p2a: Blissey|Blissey, F|52/100
|turn|8
|
|t:|1666072187
|move|p1a: 社会你花哥|Weather Ball|p2a: Blissey
|-damage|p2a: Blissey|0 fnt
|faint|p2a: Blissey
|-damage|p1a: 社会你花哥|27/100|[from] item: Life Orb
|
|-weather|none
|upkeep
|
|t:|1666072190
|switch|p2a: Dragapult|Dragapult, F|100/100
|turn|9
|inactive|lingjolunojobana has 120 seconds left.
|c|☆lingjolunojobana|venusaur is monster
|
|t:|1666072238
|switch|p1a: 猫柱|Landorus-Therian, M, shiny|23/100
|-ability|p1a: 猫柱|Intimidate|boost
|-unboost|p2a: Dragapult|atk|1
|move|p2a: Dragapult|Shadow Ball|p1a: 猫柱
|-damage|p1a: 猫柱|0 fnt
|faint|p1a: 猫柱
|
|upkeep
|
|t:|1666072245
|switch|p1a: 神里陵华|Torkoal, F, shiny|100/100
|-weather|SunnyDay|[from] ability: Drought|[of] p1a: 神里陵华
|turn|10
|
|t:|1666072251
|move|p2a: Dragapult|Shadow Ball|p1a: 神里陵华
|-damage|p1a: 神里陵华|29/100
|move|p1a: 神里陵华|Stealth Rock|p2a: Dragapult
|-sidestart|p2: OUTD Wraks2|move: Stealth Rock
|
|-weather|SunnyDay|[upkeep]
|upkeep
|turn|11
|
|t:|1666072256
|move|p2a: Dragapult|Shadow Ball|p1a: 神里陵华
|-damage|p1a: 神里陵华|0 fnt
|faint|p1a: 神里陵华
|
|-weather|SunnyDay|[upkeep]
|upkeep
|
|t:|1666072259
|switch|p1a: MAGA|Garchomp, M, shiny|100/100
|turn|12
|
|t:|1666072265
|switch|p2a: Rillaboom|Rillaboom, F|100/100
|-damage|p2a: Rillaboom|88/100|[from] Stealth Rock
|-fieldstart|move: Grassy Terrain|[from] ability: Grassy Surge|[of] p2a: Rillaboom
|move|p1a: MAGA|Swords Dance|p1a: MAGA
|-boost|p1a: MAGA|atk|2
|
|-weather|SunnyDay|[upkeep]
|-heal|p2a: Rillaboom|94/100|[from] Grassy Terrain
|upkeep
|turn|13
|
|t:|1666072269
|move|p2a: Rillaboom|Grassy Glide|p1a: MAGA
|-damage|p1a: MAGA|22/100
|-damage|p2a: Rillaboom|82/100|[from] ability: Rough Skin|[of] p1a: MAGA
|move|p1a: MAGA|Fire Fang|p2a: Rillaboom
|-supereffective|p2a: Rillaboom
|-damage|p2a: Rillaboom|0 fnt
|faint|p2a: Rillaboom
|
|-weather|SunnyDay|[upkeep]
|-heal|p1a: MAGA|29/100|[from] Grassy Terrain
|-heal|p1a: MAGA|35/100|[from] item: Leftovers
|upkeep
|
|t:|1666072276
|switch|p2a: Dragapult|Dragapult, F|100/100
|-damage|p2a: Dragapult|88/100|[from] Stealth Rock
|turn|14
|
|t:|1666072282
|move|p2a: Dragapult|Shadow Ball|p1a: MAGA
|-damage|p1a: MAGA|0 fnt
|faint|p1a: MAGA
|
|-weather|SunnyDay|[upkeep]
|-heal|p2a: Dragapult|94/100|[from] Grassy Terrain
|upkeep
|
|t:|1666072287
|switch|p1a: 社会你花哥|Venusaur, M, shiny|27/100
|turn|15
|
|t:|1666072292
|move|p1a: 社会你花哥|Earth Power|p2a: Dragapult
|-damage|p2a: Dragapult|46/100
|-damage|p1a: 社会你花哥|17/100|[from] item: Life Orb
|move|p2a: Dragapult|Shadow Ball|p1a: 社会你花哥
|-damage|p1a: 社会你花哥|0 fnt
|faint|p1a: 社会你花哥
|
|-weather|SunnyDay|[upkeep]
|-heal|p2a: Dragapult|52/100|[from] Grassy Terrain
|upkeep
|
|t:|1666072298
|switch|p1a: 意大利面拌42号火钢|Heatran, M|100/100
|-item|p1a: 意大利面拌42号火钢|Air Balloon
|turn|16
|
|t:|1666072303
|move|p2a: Dragapult|Shadow Ball|p1a: 意大利面拌42号火钢
|-damage|p1a: 意大利面拌42号火钢|53/100
|-enditem|p1a: 意大利面拌42号火钢|Air Balloon
|move|p1a: 意大利面拌42号火钢|Flash Cannon|p2a: Dragapult
|-damage|p2a: Dragapult|0 fnt
|faint|p2a: Dragapult
|
|-weather|SunnyDay|[upkeep]
|-heal|p1a: 意大利面拌42号火钢|59/100|[from] Grassy Terrain
|-fieldend|move: Grassy Terrain
|upkeep
|
|t:|1666072308
|switch|p2a: Swampert|Swampert, F|100/100
|-damage|p2a: Swampert|94/100|[from] Stealth Rock
|turn|17
|
|t:|1666072320
|move|p1a: 意大利面拌42号火钢|Magma Storm|p2a: Swampert
|-resisted|p2a: Swampert
|-damage|p2a: Swampert|67/100
|-activate|p2a: Swampert|move: Magma Storm|[of] p1a: 意大利面拌42号火钢
|move|p2a: Swampert|Earthquake|p1a: 意大利面拌42号火钢
|-supereffective|p1a: 意大利面拌42号火钢
|-damage|p1a: 意大利面拌42号火钢|0 fnt
|faint|p1a: 意大利面拌42号火钢
|
|-weather|none
|-heal|p2a: Swampert|73/100|[from] item: Leftovers
|-end|p2a: Swampert|Magma Storm|[partiallytrapped]|[silent]
|upkeep
|
|t:|1666072326
|switch|p1a: V仔|Victini|100/100
|turn|18
|
|t:|1666072330
|move|p1a: V仔|Trick|p2a: Swampert
|-activate|p1a: V仔|move: Trick|[of] p2a: Swampert
|-item|p2a: Swampert|Choice Scarf|[from] move: Trick
|-item|p1a: V仔|Leftovers|[from] move: Trick
|move|p2a: Swampert|Earthquake|p1a: V仔
|-supereffective|p1a: V仔
|-damage|p1a: V仔|28/100
|
|-heal|p1a: V仔|35/100|[from] item: Leftovers
|upkeep
|turn|19
|c|☆OUTD Wraks2|gg
|
|t:|1666072337
|move|p1a: V仔|U-turn|p2a: Swampert
|-damage|p2a: Swampert|53/100
|move|p2a: Swampert|Earthquake|p1a: V仔
|-supereffective|p1a: V仔
|-damage|p1a: V仔|0 fnt
|faint|p1a: V仔
|
|win|OUTD Wraks2
|raw|lingjolunojobana's rating: 1650 &rarr; <strong>1626</strong><br />(-24 for losing)
|raw|OUTD Wraks2's rating: 1586 &rarr; <strong>1610</strong><br />(+24 for winning)
