|j|☆IM AT MY LIMIT
|j|☆OU make me yawn ¤
|t:|1617416937
|gametype|singles
|player|p1|IM AT MY LIMIT|ethan|
|player|p2|OU make me yawn ¤|hilda|
|teamsize|p1|6
|teamsize|p2|6
|gen|8
|tier|[Gen 8] OU
|clearpoke
|poke|p1|Avalugg, M|
|poke|p1|Clefable, M|
|poke|p1|Xatu, M|
|poke|p1|Hydreigon, F|
|poke|p1|Marowak-Alola, F|
|poke|p1|Toxapex, F|
|poke|p2|Slowking-Galar, M|
|poke|p2|Urshifu-*, M|
|poke|p2|Landorus-Therian, M|
|poke|p2|Tapu Koko|
|poke|p2|Ferrothorn, F|
|poke|p2|Mandibuzz, F|
|rule|Sleep Clause Mod: Limit one foe put to sleep
|rule|Species Clause: Limit one of each Pokémon
|rule|OHKO Clause: OHKO moves are banned
|rule|Evasion Moves Clause: Evasion moves are banned
|rule|Endless Battle Clause: Forcing endless battles is banned
|rule|HP Percentage Mod: HP is shown in percentages
|rule|Dynamax Clause: You cannot dynamax
|teampreview
|inactive|Battle timer is ON: inactive players will automatically lose when time's up. (requested by OU make me yawn ¤)
|
|t:|1617416960
|start
|switch|p1a: Shifu gone!!!!|Toxapex, F|100/100
|switch|p2a: 👀|Slowking-Galar, M|100/100
|turn|1
|
|t:|1617416969
|move|p1a: Shifu gone!!!!|Toxic Spikes|p2a: 👀
|-sidestart|p2: OU make me yawn ¤|move: Toxic Spikes
|move|p2a: 👀|Future Sight|p1a: Shifu gone!!!!
|-start|p2a: 👀|move: Future Sight
|
|upkeep
|turn|2
|
|t:|1617416981
|switch|p2a: T|Tapu Koko|100/100
|-fieldstart|move: Electric Terrain|[from] ability: Electric Surge|[of] p2a: T
|move|p1a: Shifu gone!!!!|Toxic Spikes|p2a: T
|-sidestart|p2: OU make me yawn ¤|move: Toxic Spikes
|
|upkeep
|turn|3
|
|t:|1617416990
|switch|p1a: Kyurem check?|Marowak-Alola, F|100/100
|move|p2a: T|Thunderbolt|p1a: Kyurem check?
|-ability|p1a: Kyurem check?|Lightning Rod|boost
|-boost|p1a: Kyurem check?|spa|1
|
|-end|p1a: Kyurem check?|move: Future Sight
|-damage|p1a: Kyurem check?|51/100
|upkeep
|turn|4
|
|t:|1617417005
|move|p2a: T|U-turn|p1a: Kyurem check?
|-resisted|p1a: Kyurem check?
|-crit|p1a: Kyurem check?
|-damage|p1a: Kyurem check?|45/100
|
|t:|1617417009
|switch|p2a: Mandibuzz|Mandibuzz, F|100/100|[from]move: U-turn
|move|p1a: Kyurem check?|Toxic|p2a: Mandibuzz
|-status|p2a: Mandibuzz|tox
|
|-damage|p2a: Mandibuzz|94/100 tox|[from] psn
|upkeep
|turn|5
|
|t:|1617417017
|switch|p1a: ur mom|Xatu, M|100/100
|move|p2a: Mandibuzz|Defog|p1a: ur mom
|move|p1a: ur mom|Defog|p2a: Mandibuzz|[from]ability: Magic Bounce
|-unboost|p2a: Mandibuzz|evasion|1
|-sideend|p2: OU make me yawn ¤|Toxic Spikes|[from] move: Defog|[of] p1a: ur mom
|-fieldend|move: Electric Terrain
|
|-damage|p2a: Mandibuzz|82/100 tox|[from] psn
|upkeep
|turn|6
|
|t:|1617417023
|move|p1a: ur mom|Wish|p1a: ur mom
|move|p2a: Mandibuzz|Knock Off|p1a: ur mom
|-supereffective|p1a: ur mom
|-damage|p1a: ur mom|55/100
|-enditem|p1a: ur mom|Leftovers|[from] move: Knock Off|[of] p2a: Mandibuzz
|
|-damage|p2a: Mandibuzz|64/100 tox|[from] psn
|upkeep
|turn|7
|
|t:|1617417037
|switch|p2a: The trolleage|Urshifu-Rapid-Strike, M|100/100
|move|p1a: ur mom|Teleport|p1a: ur mom
|
|t:|1617417041
|switch|p1a: Kyurem check?|Marowak-Alola, F|45/100|[from]move: Teleport
|
|-heal|p1a: Kyurem check?|96/100|[from] move: Wish|[wisher] ur mom
|upkeep
|turn|8
|
|t:|1617417046
|switch|p1a: Shifu gone!!!!|Toxapex, F|100/100
|move|p2a: The trolleage|U-turn|p1a: Shifu gone!!!!
|-resisted|p1a: Shifu gone!!!!
|-damage|p1a: Shifu gone!!!!|89/100
|-damage|p2a: The trolleage|84/100|[from] item: Rocky Helmet|[of] p1a: Shifu gone!!!!
|
|t:|1617417057
|switch|p2a: 👀|Slowking-Galar, M|100/100|[from]move: U-turn
|
|upkeep
|turn|9
|
|t:|1617417062
|switch|p2a: 😭|Ferrothorn, F, shiny|100/100
|move|p1a: Shifu gone!!!!|Toxic Spikes|p2a: 😭
|-sidestart|p2: OU make me yawn ¤|move: Toxic Spikes
|
|upkeep
|turn|10
|
|t:|1617417074
|switch|p1a: ur mom|Xatu, M|55/100
|move|p2a: 😭|Knock Off|p1a: ur mom
|-supereffective|p1a: ur mom
|-damage|p1a: ur mom|30/100
|
|upkeep
|turn|11
|
|t:|1617417083
|switch|p2a: 👀|Slowking-Galar, M|100/100
|-sideend|p2: OU make me yawn ¤|move: Toxic Spikes|[of] p2a: 👀
|move|p1a: ur mom|Roost|p1a: ur mom
|-heal|p1a: ur mom|80/100
|-singleturn|p1a: ur mom|move: Roost
|
|upkeep
|turn|12
|
|t:|1617417092
|switch|p1a: NASTY!!!!!!!|Hydreigon, F|100/100
|move|p2a: 👀|Future Sight|p1a: NASTY!!!!!!!
|-start|p2a: 👀|move: Future Sight
|
|upkeep
|turn|13
|
|t:|1617417118
|switch|p2a: Mandibuzz|Mandibuzz, F|64/100 tox
|move|p1a: NASTY!!!!!!!|Dark Pulse|p2a: Mandibuzz
|-resisted|p2a: Mandibuzz
|-damage|p2a: Mandibuzz|51/100 tox
|
|-damage|p2a: Mandibuzz|45/100 tox|[from] psn
|upkeep
|turn|14
|
|t:|1617417125
|move|p1a: NASTY!!!!!!!|Dark Pulse|p2a: Mandibuzz
|-resisted|p2a: Mandibuzz
|-damage|p2a: Mandibuzz|33/100 tox
|move|p2a: Mandibuzz|Roost|p2a: Mandibuzz
|-heal|p2a: Mandibuzz|83/100 tox
|-singleturn|p2a: Mandibuzz|move: Roost
|
|-end|p1a: NASTY!!!!!!!|move: Future Sight
|-immune|p1a: NASTY!!!!!!!
|-damage|p2a: Mandibuzz|71/100 tox|[from] psn
|upkeep
|turn|15
|inactive|IM AT MY LIMIT has 270 seconds left.
|
|t:|1617417151
|switch|p1a: ASS|Clefable, M|100/100
|move|p2a: Mandibuzz|Roost|p2a: Mandibuzz
|-heal|p2a: Mandibuzz|100/100 tox
|-singleturn|p2a: Mandibuzz|move: Roost
|
|-damage|p2a: Mandibuzz|82/100 tox|[from] psn
|upkeep
|turn|16
|
|t:|1617417159
|switch|p2a: 👀|Slowking-Galar, M|100/100
|switch|p1a: Kyurem check?|Marowak-Alola, F|96/100
|
|upkeep
|turn|17
|
|t:|1617417166
|switch|p2a: Not good|Landorus-Therian, M, shiny|100/100
|-ability|p2a: Not good|Intimidate|boost
|-unboost|p1a: Kyurem check?|atk|1
|move|p1a: Kyurem check?|Toxic|p2a: Not good
|-status|p2a: Not good|tox
|
|-damage|p2a: Not good|94/100 tox|[from] psn
|upkeep
|turn|18
|
|t:|1617417182
|switch|p1a: Trolled|Avalugg, M|100/100
|move|p2a: Not good|Earthquake|p1a: Trolled
|-damage|p1a: Trolled|81/100
|
|-heal|p2a: Not good|100/100 tox|[from] item: Leftovers
|-damage|p2a: Not good|88/100 tox|[from] psn
|upkeep
|turn|19
|
|t:|1617417192
|move|p2a: Not good|U-turn|p1a: Trolled
|-damage|p1a: Trolled|73/100
|
|t:|1617417204
|switch|p2a: 😭|Ferrothorn, F, shiny|100/100|[from]move: U-turn
|move|p1a: Trolled|Avalanche|p2a: 😭
|-damage|p2a: 😭|88/100
|-damage|p1a: Trolled|60/100|[from] ability: Iron Barbs|[of] p2a: 😭
|
|-heal|p2a: 😭|94/100|[from] item: Leftovers
|upkeep
|turn|20
|
|t:|1617417213
|switch|p2a: T|Tapu Koko|100/100
|-fieldstart|move: Electric Terrain|[from] ability: Electric Surge|[of] p2a: T
|move|p1a: Trolled|Body Press|p2a: T
|-resisted|p2a: T
|-damage|p2a: T|72/100
|
|upkeep
|turn|21
|
|t:|1617417219
|switch|p1a: Shifu gone!!!!|Toxapex, F|100/100
|move|p2a: T|U-turn|p1a: Shifu gone!!!!
|-resisted|p1a: Shifu gone!!!!
|-damage|p1a: Shifu gone!!!!|96/100
|-damage|p2a: T|56/100|[from] item: Rocky Helmet|[of] p1a: Shifu gone!!!!
|c|☆OU make me yawn ¤|ol
|inactive|OU make me yawn ¤ has 270 seconds left.
|
|t:|1617417259
|switch|p2a: 👀|Slowking-Galar, M|100/100|[from]move: U-turn
|
|upkeep
|turn|22
|
|t:|1617417264
|switch|p1a: NASTY!!!!!!!|Hydreigon, F|100/100
|move|p2a: 👀|Future Sight|p1a: NASTY!!!!!!!
|-start|p2a: 👀|move: Future Sight
|
|upkeep
|turn|23
|
|t:|1617417269
|switch|p2a: The trolleage|Urshifu-Rapid-Strike, M|84/100
|move|p1a: NASTY!!!!!!!|Earth Power|p2a: The trolleage
|-damage|p2a: The trolleage|45/100
|
|upkeep
|turn|24
|inactive|IM AT MY LIMIT has 270 seconds left.
|
|t:|1617417303
|switch|p1a: ASS|Clefable, M|100/100
|move|p2a: The trolleage|Close Combat|p1a: ASS
|-resisted|p1a: ASS
|-damage|p1a: ASS|63/100
|-unboost|p2a: The trolleage|def|1
|-unboost|p2a: The trolleage|spd|1
|
|-end|p1a: ASS|move: Future Sight
|-damage|p1a: ASS|8/100
|-fieldend|move: Electric Terrain
|upkeep
|turn|25
|
|t:|1617417312
|switch|p1a: Shifu gone!!!!|Toxapex, F|100/100
|move|p2a: The trolleage|Close Combat|p1a: Shifu gone!!!!
|-resisted|p1a: Shifu gone!!!!
|-damage|p1a: Shifu gone!!!!|73/100
|-unboost|p2a: The trolleage|def|1
|-unboost|p2a: The trolleage|spd|1
|-damage|p2a: The trolleage|29/100|[from] item: Rocky Helmet|[of] p1a: Shifu gone!!!!
|
|upkeep
|turn|26
|
|t:|1617417323
|switch|p2a: 👀|Slowking-Galar, M|100/100
|switch|p1a: Kyurem check?|Marowak-Alola, F|96/100
|
|upkeep
|turn|27
|
|t:|1617417332
|switch|p1a: Shifu gone!!!!|Toxapex, F|100/100
|switch|p2a: The trolleage|Urshifu-Rapid-Strike, M|29/100
|
|upkeep
|turn|28
|
|t:|1617417346
|move|p2a: The trolleage|U-turn|p1a: Shifu gone!!!!
|-resisted|p1a: Shifu gone!!!!
|-damage|p1a: Shifu gone!!!!|89/100
|-damage|p2a: The trolleage|12/100|[from] item: Rocky Helmet|[of] p1a: Shifu gone!!!!
|
|t:|1617417350
|switch|p2a: 👀|Slowking-Galar, M|100/100|[from]move: U-turn
|move|p1a: Shifu gone!!!!|Toxic Spikes|p2a: 👀
|-sidestart|p2: OU make me yawn ¤|move: Toxic Spikes
|
|upkeep
|turn|29
|
|t:|1617417356
|switch|p1a: NASTY!!!!!!!|Hydreigon, F|100/100
|move|p2a: 👀|Future Sight|p1a: NASTY!!!!!!!
|-start|p2a: 👀|move: Future Sight
|
|upkeep
|turn|30
|
|t:|1617417380
|switch|p2a: Mandibuzz|Mandibuzz, F|82/100 tox
|move|p1a: NASTY!!!!!!!|Dark Pulse|p2a: Mandibuzz
|-resisted|p2a: Mandibuzz
|-damage|p2a: Mandibuzz|69/100 tox
|
|-damage|p2a: Mandibuzz|63/100 tox|[from] psn
|upkeep
|turn|31
|
|t:|1617417392
|move|p1a: NASTY!!!!!!!|Dark Pulse|p2a: Mandibuzz
|-resisted|p2a: Mandibuzz
|-damage|p2a: Mandibuzz|51/100 tox
|move|p2a: Mandibuzz|Knock Off|p1a: NASTY!!!!!!!
|-resisted|p1a: NASTY!!!!!!!
|-damage|p1a: NASTY!!!!!!!|92/100
|-enditem|p1a: NASTY!!!!!!!|Leftovers|[from] move: Knock Off|[of] p2a: Mandibuzz
|
|-end|p1a: NASTY!!!!!!!|move: Future Sight
|-immune|p1a: NASTY!!!!!!!
|-damage|p2a: Mandibuzz|38/100 tox|[from] psn
|upkeep
|turn|32
|
|t:|1617417399
|switch|p1a: ASS|Clefable, M|8/100
|move|p2a: Mandibuzz|Roost|p2a: Mandibuzz
|-heal|p2a: Mandibuzz|88/100 tox
|-singleturn|p2a: Mandibuzz|move: Roost
|
|-damage|p2a: Mandibuzz|70/100 tox|[from] psn
|upkeep
|turn|33
|
|t:|1617417419
|switch|p2a: 👀|Slowking-Galar, M|100/100
|-sideend|p2: OU make me yawn ¤|move: Toxic Spikes|[of] p2a: 👀
|move|p1a: ASS|Soft-Boiled|p1a: ASS
|-heal|p1a: ASS|58/100
|
|upkeep
|turn|34
|
|t:|1617417428
|switch|p1a: NASTY!!!!!!!|Hydreigon, F|92/100
|move|p2a: 👀|Future Sight|p1a: NASTY!!!!!!!
|-start|p2a: 👀|move: Future Sight
|
|upkeep
|turn|35
|
|t:|1617417433
|move|p1a: NASTY!!!!!!!|Dark Pulse|p2a: 👀
|-supereffective|p2a: 👀
|-damage|p2a: 👀|64/100
|move|p2a: 👀|Sludge Bomb|p1a: NASTY!!!!!!!
|-damage|p1a: NASTY!!!!!!!|47/100
|
|upkeep
|turn|36
|
|t:|1617417447
|move|p1a: NASTY!!!!!!!|Dark Pulse|p2a: 👀
|-supereffective|p2a: 👀
|-crit|p2a: 👀
|-damage|p2a: 👀|15/100
|move|p2a: 👀|Sludge Bomb|p1a: NASTY!!!!!!!
|-damage|p1a: NASTY!!!!!!!|6/100
|-status|p1a: NASTY!!!!!!!|psn
|
|-end|p1a: NASTY!!!!!!!|move: Future Sight
|-immune|p1a: NASTY!!!!!!!
|-damage|p1a: NASTY!!!!!!!|0 fnt|[from] psn
|faint|p1a: NASTY!!!!!!!
|upkeep
|c|☆IM AT MY LIMIT|:/
|
|t:|1617417459
|switch|p1a: Kyurem check?|Marowak-Alola, F|96/100
|turn|37
|
|t:|1617417471
|switch|p2a: Not good|Landorus-Therian, M, shiny|88/100 tox
|-ability|p2a: Not good|Intimidate|boost
|-unboost|p1a: Kyurem check?|atk|1
|move|p1a: Kyurem check?|Stealth Rock|p2a: Not good
|-sidestart|p2: OU make me yawn ¤|move: Stealth Rock
|
|-heal|p2a: Not good|94/100 tox|[from] item: Leftovers
|-damage|p2a: Not good|88/100 tox|[from] psn
|upkeep
|turn|38
|
|t:|1617417479
|switch|p1a: ur mom|Xatu, M|80/100
|move|p2a: Not good|Stealth Rock|p1a: ur mom
|move|p1a: ur mom|Stealth Rock||[from]ability: Magic Bounce|[still]
|-fail|p1a: ur mom
|
|-heal|p2a: Not good|94/100 tox|[from] item: Leftovers
|-damage|p2a: Not good|82/100 tox|[from] psn
|upkeep
|turn|39
|
|t:|1617417484
|move|p1a: ur mom|Roost|p1a: ur mom
|-heal|p1a: ur mom|100/100
|-singleturn|p1a: ur mom|move: Roost
|move|p2a: Not good|U-turn|p1a: ur mom
|-supereffective|p1a: ur mom
|-damage|p1a: ur mom|56/100
|
|t:|1617417494
|switch|p2a: T|Tapu Koko|56/100|[from]move: U-turn
|-fieldstart|move: Electric Terrain|[from] ability: Electric Surge|[of] p2a: T
|
|upkeep
|turn|40
|
|t:|1617417500
|switch|p1a: Kyurem check?|Marowak-Alola, F|96/100
|move|p2a: T|Thunderbolt|p1a: Kyurem check?
|-ability|p1a: Kyurem check?|Lightning Rod|boost
|-boost|p1a: Kyurem check?|spa|1
|
|upkeep
|turn|41
|
|t:|1617417513
|switch|p2a: Mandibuzz|Mandibuzz, F|70/100 tox
|move|p1a: Kyurem check?|Knock Off|p2a: Mandibuzz
|-resisted|p2a: Mandibuzz
|-damage|p2a: Mandibuzz|64/100 tox
|-enditem|p2a: Mandibuzz|Heavy-Duty Boots|[from] move: Knock Off|[of] p1a: Kyurem check?
|
|-damage|p2a: Mandibuzz|58/100 tox|[from] psn
|upkeep
|turn|42
|
|t:|1617417527
|move|p2a: Mandibuzz|Defog|p1a: Kyurem check?
|-unboost|p1a: Kyurem check?|evasion|1
|-sideend|p2: OU make me yawn ¤|Stealth Rock|[from] move: Defog|[of] p2a: Mandibuzz
|-fieldend|move: Electric Terrain
|move|p1a: Kyurem check?|Stealth Rock|p2a: Mandibuzz
|-sidestart|p2: OU make me yawn ¤|move: Stealth Rock
|
|-damage|p2a: Mandibuzz|46/100 tox|[from] psn
|upkeep
|turn|43
|
|t:|1617417535
|switch|p1a: ASS|Clefable, M|58/100
|move|p2a: Mandibuzz|Knock Off|p1a: ASS
|-resisted|p1a: ASS
|-damage|p1a: ASS|50/100
|-enditem|p1a: ASS|Heavy-Duty Boots|[from] move: Knock Off|[of] p2a: Mandibuzz
|
|-damage|p2a: Mandibuzz|27/100 tox|[from] psn
|upkeep
|turn|44
|
|t:|1617417542
|move|p2a: Mandibuzz|Roost|p2a: Mandibuzz
|-heal|p2a: Mandibuzz|77/100 tox
|-singleturn|p2a: Mandibuzz|move: Roost
|move|p1a: ASS|Soft-Boiled|p1a: ASS
|-heal|p1a: ASS|99/100
|
|-damage|p2a: Mandibuzz|53/100 tox|[from] psn
|upkeep
|turn|45
|
|t:|1617417552
|switch|p2a: 😭|Ferrothorn, F, shiny|94/100
|-damage|p2a: 😭|88/100|[from] Stealth Rock
|move|p1a: ASS|Moonblast|p2a: 😭
|-resisted|p2a: 😭
|-damage|p2a: 😭|75/100
|
|-heal|p2a: 😭|82/100|[from] item: Leftovers
|upkeep
|turn|46
|
|t:|1617417569
|switch|p1a: ur mom|Xatu, M|56/100
|move|p2a: 😭|Knock Off|p1a: ur mom
|-supereffective|p1a: ur mom
|-damage|p1a: ur mom|29/100
|
|-heal|p2a: 😭|88/100|[from] item: Leftovers
|upkeep
|turn|47
|
|t:|1617417576
|move|p1a: ur mom|Roost|p1a: ur mom
|-heal|p1a: ur mom|79/100
|-singleturn|p1a: ur mom|move: Roost
|move|p2a: 😭|Knock Off|p1a: ur mom
|-supereffective|p1a: ur mom
|-damage|p1a: ur mom|52/100
|
|-heal|p2a: 😭|94/100|[from] item: Leftovers
|upkeep
|turn|48
|
|t:|1617417589
|move|p1a: ur mom|Roost|p1a: ur mom
|-heal|p1a: ur mom|100/100
|-singleturn|p1a: ur mom|move: Roost
|move|p2a: 😭|Knock Off|p1a: ur mom
|-supereffective|p1a: ur mom
|-damage|p1a: ur mom|75/100
|
|-heal|p2a: 😭|100/100|[from] item: Leftovers
|upkeep
|turn|49
|inactive|OU make me yawn ¤ has 270 seconds left.
|
|t:|1617417623
|move|p1a: ur mom|Wish|p1a: ur mom
|move|p2a: 😭|Knock Off|p1a: ur mom
|-supereffective|p1a: ur mom
|-damage|p1a: ur mom|51/100
|
|upkeep
|turn|50
|
|t:|1617417631
|move|p1a: ur mom|Night Shade|p2a: 😭
|-damage|p2a: 😭|72/100
|move|p2a: 😭|Knock Off|p1a: ur mom
|-supereffective|p1a: ur mom
|-damage|p1a: ur mom|25/100
|
|-heal|p1a: ur mom|75/100|[from] move: Wish|[wisher] ur mom
|-heal|p2a: 😭|78/100|[from] item: Leftovers
|upkeep
|turn|51
|
|t:|1617417641
|move|p1a: ur mom|Wish|p1a: ur mom
|move|p2a: 😭|Knock Off|p1a: ur mom
|-supereffective|p1a: ur mom
|-damage|p1a: ur mom|48/100
|
|-heal|p2a: 😭|85/100|[from] item: Leftovers
|upkeep
|turn|52
|
|t:|1617417646
|move|p1a: ur mom|Night Shade|p2a: 😭
|-damage|p2a: 😭|56/100
|move|p2a: 😭|Knock Off|p1a: ur mom
|-supereffective|p1a: ur mom
|-damage|p1a: ur mom|22/100
|
|-heal|p1a: ur mom|72/100|[from] move: Wish|[wisher] ur mom
|-heal|p2a: 😭|62/100|[from] item: Leftovers
|upkeep
|turn|53
|c|☆OU make me yawn ¤|:////
|inactive|IM AT MY LIMIT has 270 seconds left.
|inactive|OU make me yawn ¤ has 270 seconds left.
|c|☆IM AT MY LIMIT|lol you posined my hydrei
|c|☆IM AT MY LIMIT|*poisend
|c|☆IM AT MY LIMIT|*Poisoned
|inactive|IM AT MY LIMIT has 240 seconds left.
|inactive|OU make me yawn ¤ has 240 seconds left.
|c|☆OU make me yawn ¤|ok
|c|☆OU make me yawn ¤|andddd
|
|t:|1617417719
|move|p1a: ur mom|Wish|p1a: ur mom
|move|p2a: 😭|Knock Off|p1a: ur mom
|-supereffective|p1a: ur mom
|-damage|p1a: ur mom|46/100
|
|-heal|p2a: 😭|69/100|[from] item: Leftovers
|upkeep
|turn|54
|
|t:|1617417726
|move|p1a: ur mom|Night Shade|p2a: 😭
|-damage|p2a: 😭|40/100
|move|p2a: 😭|Knock Off|p1a: ur mom
|-supereffective|p1a: ur mom
|-damage|p1a: ur mom|21/100
|
|-heal|p1a: ur mom|71/100|[from] move: Wish|[wisher] ur mom
|-heal|p2a: 😭|47/100|[from] item: Leftovers
|upkeep
|turn|55
|inactive|OU make me yawn ¤ has 240 seconds left.
|inactive|IM AT MY LIMIT has 240 seconds left.
|
|t:|1617417756
|move|p1a: ur mom|Wish|p1a: ur mom
|move|p2a: 😭|Power Whip|p1a: ur mom
|-resisted|p1a: ur mom
|-damage|p1a: ur mom|52/100
|
|-heal|p2a: 😭|53/100|[from] item: Leftovers
|upkeep
|turn|56
|
|t:|1617417767
|move|p1a: ur mom|Night Shade|p2a: 😭
|-damage|p2a: 😭|24/100
|move|p2a: 😭|Knock Off|p1a: ur mom
|-supereffective|p1a: ur mom
|-damage|p1a: ur mom|26/100
|
|-heal|p1a: ur mom|76/100|[from] move: Wish|[wisher] ur mom
|-heal|p2a: 😭|31/100|[from] item: Leftovers
|upkeep
|turn|57
|
|t:|1617417776
|move|p1a: ur mom|Wish|p1a: ur mom
|move|p2a: 😭|Knock Off|p1a: ur mom
|-supereffective|p1a: ur mom
|-damage|p1a: ur mom|51/100
|
|-heal|p2a: 😭|37/100|[from] item: Leftovers
|upkeep
|turn|58
|
|t:|1617417784
|move|p1a: ur mom|Night Shade|p2a: 😭
|-damage|p2a: 😭|8/100
|move|p2a: 😭|Knock Off|p1a: ur mom
|-supereffective|p1a: ur mom
|-damage|p1a: ur mom|26/100
|
|-heal|p1a: ur mom|76/100|[from] move: Wish|[wisher] ur mom
|-heal|p2a: 😭|15/100|[from] item: Leftovers
|upkeep
|turn|59
|
|t:|1617417793
|move|p1a: ur mom|Night Shade|p2a: 😭
|-damage|p2a: 😭|0 fnt
|faint|p2a: 😭
|
|upkeep
|
|t:|1617417799
|switch|p2a: The trolleage|Urshifu-Rapid-Strike, M|12/100
|-damage|p2a: The trolleage|6/100|[from] Stealth Rock
|turn|60
|inactive|OU make me yawn ¤ has 240 seconds left.
|
|t:|1617417809
|switch|p1a: Shifu gone!!!!|Toxapex, F|100/100
|move|p2a: The trolleage|Surging Strikes|p1a: Shifu gone!!!!
|-resisted|p1a: Shifu gone!!!!
|-crit|p1a: Shifu gone!!!!
|-damage|p1a: Shifu gone!!!!|92/100
|-damage|p2a: The trolleage|0 fnt|[from] item: Rocky Helmet|[of] p1a: Shifu gone!!!!
|-hitcount|p1a: Shifu gone!!!!|1
|faint|p2a: The trolleage
|
|upkeep
|
|t:|1617417814
|switch|p2a: 👀|Slowking-Galar, M|48/100
|-damage|p2a: 👀|36/100|[from] Stealth Rock
|turn|61
|
|t:|1617417826
|switch|p1a: Kyurem check?|Marowak-Alola, F|96/100
|move|p2a: 👀|Future Sight|p1a: Kyurem check?
|-start|p2a: 👀|move: Future Sight
|
|upkeep
|turn|62
|inactive|OU make me yawn ¤ has 240 seconds left.
|
|t:|1617417847
|switch|p2a: Not good|Landorus-Therian, M, shiny|82/100 tox
|-damage|p2a: Not good|70/100 tox|[from] Stealth Rock
|-ability|p2a: Not good|Intimidate|boost
|-unboost|p1a: Kyurem check?|atk|1
|move|p1a: Kyurem check?|Poltergeist|p2a: Not good
|-activate|p2a: Not good|move: Poltergeist|Leftovers
|-damage|p2a: Not good|57/100 tox
|
|-heal|p2a: Not good|63/100 tox|[from] item: Leftovers
|-damage|p2a: Not good|57/100 tox|[from] psn
|upkeep
|turn|63
|inactive|IM AT MY LIMIT has 270 seconds left.
|inactive|OU make me yawn ¤ has 240 seconds left.
|
|t:|1617417864
|switch|p1a: ur mom|Xatu, M|76/100
|move|p2a: Not good|Earthquake|p1a: ur mom
|-immune|p1a: ur mom
|
|-end|p1a: ur mom|move: Future Sight
|-resisted|p1a: ur mom
|-damage|p1a: ur mom|33/100
|-heal|p2a: Not good|63/100 tox|[from] item: Leftovers
|-damage|p2a: Not good|51/100 tox|[from] psn
|upkeep
|turn|64
|inactive|IM AT MY LIMIT has 270 seconds left.
|inactive|OU make me yawn ¤ has 240 seconds left.
|
|t:|1617417877
|move|p1a: ur mom|Roost|p1a: ur mom
|-heal|p1a: ur mom|83/100
|-singleturn|p1a: ur mom|move: Roost
|move|p2a: Not good|U-turn|p1a: ur mom
|-supereffective|p1a: ur mom
|-damage|p1a: ur mom|39/100
|inactive|OU make me yawn ¤ has 240 seconds left.
|
|t:|1617417883
|switch|p2a: 👀|Slowking-Galar, M|69/100|[from]move: U-turn
|-damage|p2a: 👀|57/100|[from] Stealth Rock
|
|upkeep
|turn|65
|
|t:|1617417892
|switch|p1a: Kyurem check?|Marowak-Alola, F|96/100
|move|p2a: 👀|Sludge Bomb|p1a: Kyurem check?
|-resisted|p1a: Kyurem check?
|-damage|p1a: Kyurem check?|78/100
|
|upkeep
|turn|66
|
|t:|1617417907
|switch|p2a: Not good|Landorus-Therian, M, shiny|51/100 tox
|-damage|p2a: Not good|38/100 tox|[from] Stealth Rock
|-ability|p2a: Not good|Intimidate|boost
|-unboost|p1a: Kyurem check?|atk|1
|move|p1a: Kyurem check?|Knock Off|p2a: Not good
|-damage|p2a: Not good|29/100 tox
|-enditem|p2a: Not good|Leftovers|[from] move: Knock Off|[of] p1a: Kyurem check?
|
|-damage|p2a: Not good|23/100 tox|[from] psn
|upkeep
|turn|67
|
|t:|1617417916
|switch|p1a: Trolled|Avalugg, M|60/100
|move|p2a: Not good|U-turn|p1a: Trolled
|-damage|p1a: Trolled|51/100
|
|t:|1617417920
|switch|p2a: 👀|Slowking-Galar, M|90/100|[from]move: U-turn
|-damage|p2a: 👀|78/100|[from] Stealth Rock
|
|upkeep
|turn|68
|
|t:|1617417924
|switch|p1a: Kyurem check?|Marowak-Alola, F|78/100
|move|p2a: 👀|Future Sight|p1a: Kyurem check?
|-start|p2a: 👀|move: Future Sight
|
|upkeep
|turn|69
|
|t:|1617417933
|switch|p2a: Mandibuzz|Mandibuzz, F|53/100 tox
|-damage|p2a: Mandibuzz|28/100 tox|[from] Stealth Rock
|move|p1a: Kyurem check?|Poltergeist||[still]
|-fail|p1a: Kyurem check?
|
|-damage|p2a: Mandibuzz|22/100 tox|[from] psn
|upkeep
|turn|70
|inactive|OU make me yawn ¤ has 270 seconds left.
|
|t:|1617417950
|switch|p1a: ASS|Clefable, M|99/100
|move|p2a: Mandibuzz|Defog|p1a: ASS
|-unboost|p1a: ASS|evasion|1
|-sideend|p2: OU make me yawn ¤|Stealth Rock|[from] move: Defog|[of] p2a: Mandibuzz
|
|-end|p1a: ASS|move: Future Sight
|-damage|p1a: ASS|48/100
|-damage|p2a: Mandibuzz|9/100 tox|[from] psn
|upkeep
|turn|71
|inactive|OU make me yawn ¤ has 270 seconds left.
|
|t:|1617417963
|switch|p2a: 👀|Slowking-Galar, M|100/100
|switch|p1a: Kyurem check?|Marowak-Alola, F|78/100
|
|upkeep
|turn|72
|
|t:|1617417971
|switch|p2a: Mandibuzz|Mandibuzz, F|9/100 tox
|move|p1a: Kyurem check?|Stealth Rock|p2a: Mandibuzz
|-sidestart|p2: OU make me yawn ¤|move: Stealth Rock
|
|-damage|p2a: Mandibuzz|3/100 tox|[from] psn
|upkeep
|turn|73
|
|t:|1617417987
|switch|p1a: ASS|Clefable, M|48/100
|move|p2a: Mandibuzz|Foul Play|p1a: ASS
|-resisted|p1a: ASS
|-damage|p1a: ASS|42/100
|
|-damage|p2a: Mandibuzz|0 fnt|[from] psn
|faint|p2a: Mandibuzz
|upkeep
|inactive|OU make me yawn ¤ has 270 seconds left.
|
|t:|1617417998
|switch|p2a: 👀|Slowking-Galar, M|100/100
|-damage|p2a: 👀|88/100|[from] Stealth Rock
|turn|74
|
|t:|1617418023
|switch|p1a: Kyurem check?|Marowak-Alola, F|78/100
|move|p2a: 👀|Future Sight|p1a: Kyurem check?
|-start|p2a: 👀|move: Future Sight
|
|upkeep
|turn|75
|
|t:|1617418034
|switch|p2a: Not good|Landorus-Therian, M, shiny|23/100 tox
|-damage|p2a: Not good|11/100 tox|[from] Stealth Rock
|-ability|p2a: Not good|Intimidate|boost
|-unboost|p1a: Kyurem check?|atk|1
|move|p1a: Kyurem check?|Knock Off|p2a: Not good
|-damage|p2a: Not good|4/100 tox
|
|-damage|p2a: Not good|0 fnt|[from] psn
|faint|p2a: Not good
|upkeep
|inactive|OU make me yawn ¤ has 270 seconds left.
|
|t:|1617418045
|switch|p2a: 👀|Slowking-Galar, M|100/100
|-damage|p2a: 👀|88/100|[from] Stealth Rock
|turn|76
|inactive|OU make me yawn ¤ has 270 seconds left.
|
|t:|1617418064
|switch|p1a: ASS|Clefable, M|42/100
|move|p2a: 👀|Scald|p1a: ASS
|-damage|p1a: ASS|19/100
|
|-end|p1a: ASS|move: Future Sight
|-damage|p1a: ASS|0 fnt
|upkeep
|faint|p1a: ASS
|
|t:|1617418077
|switch|p1a: Kyurem check?|Marowak-Alola, F|78/100
|turn|77
|
|t:|1617418088
|move|p1a: Kyurem check?|Poltergeist|p2a: 👀
|-activate|p2a: 👀|move: Poltergeist|Assault Vest
|-supereffective|p2a: 👀
|-damage|p2a: 👀|28/100
|move|p2a: 👀|Scald|p1a: Kyurem check?
|-supereffective|p1a: Kyurem check?
|-damage|p1a: Kyurem check?|32/100
|
|upkeep
|turn|78
|
|t:|1617418103
|switch|p2a: T|Tapu Koko|56/100
|-fieldstart|move: Electric Terrain|[from] ability: Electric Surge|[of] p2a: T
|move|p1a: Kyurem check?|Poltergeist|p2a: T
|-activate|p2a: T|move: Poltergeist|Heavy-Duty Boots
|-damage|p2a: T|11/100
|
|upkeep
|turn|79
|
|t:|1617418115
|move|p2a: T|Dazzling Gleam|p1a: Kyurem check?
|-resisted|p1a: Kyurem check?
|-damage|p1a: Kyurem check?|18/100
|move|p1a: Kyurem check?|Knock Off|p2a: T
|-resisted|p2a: T
|-damage|p2a: T|0 fnt
|-enditem|p2a: T|Heavy-Duty Boots|[from] move: Knock Off|[of] p1a: Kyurem check?
|faint|p2a: T
|
|upkeep
|
|t:|1617418120
|switch|p2a: 👀|Slowking-Galar, M|61/100
|-damage|p2a: 👀|49/100|[from] Stealth Rock
|turn|80
|
|t:|1617418126
|move|p1a: Kyurem check?|Knock Off|p2a: 👀
|-supereffective|p2a: 👀
|-damage|p2a: 👀|9/100
|-enditem|p2a: 👀|Assault Vest|[from] move: Knock Off|[of] p1a: Kyurem check?
|move|p2a: 👀|Scald|p1a: Kyurem check?
|-supereffective|p1a: Kyurem check?
|-damage|p1a: Kyurem check?|0 fnt
|faint|p1a: Kyurem check?
|
|upkeep
|
|t:|1617418130
|switch|p1a: ur mom|Xatu, M|39/100
|turn|81
|c|☆OU make me yawn ¤|ok so the game plan if you see a team is to just hope marowak lives
|inactive|IM AT MY LIMIT has 270 seconds left.
|inactive|OU make me yawn ¤ has 270 seconds left.
|c|☆IM AT MY LIMIT|fair enough
|
|t:|1617418170
|move|p1a: ur mom|Night Shade|p2a: 👀
|-damage|p2a: 👀|0 fnt
|faint|p2a: 👀
|
|win|IM AT MY LIMIT
