|raw|<div class="broadcast-blue"><strong>This battle is required to be public due to a player having a name prefixed by 'LT71LX'.</div>
|j|☆The Last Hero
|j|☆LT71LX Analytic
|t:|1596955947
|player|p1|The Last Hero|acetrainersnow|1701
|player|p2|LT71LX Analytic|266|1668
|teamsize|p1|6
|teamsize|p2|6
|gametype|singles
|gen|8
|tier|[Gen 8] OU
|rated|
|clearpoke
|poke|p1|Mamoswine, M|
|poke|p1|Magnezone|
|poke|p1|Clefable, F|
|poke|p1|Corviknight, M|
|poke|p1|Flygon, M|
|poke|p1|Urshifu-*, M|
|poke|p2|Rhyperior, F|
|poke|p2|Primarina, F|
|poke|p2|Corviknight, M|
|poke|p2|Toxapex, F|
|poke|p2|Zeraora|
|poke|p2|Dragapult, M|
|rule|Sleep Clause Mod: Limit one foe put to sleep
|rule|Species Clause: Limit one of each Pokémon
|rule|OHKO Clause: OHKO moves are banned
|rule|Evasion Moves Clause: Evasion moves are banned
|rule|Endless Battle Clause: Forcing endless battles is banned
|rule|HP Percentage Mod: HP is shown in percentages
|rule|Dynamax Clause: You cannot dynamax
|teampreview
|inactive|Battle timer is ON: inactive players will automatically lose when time's up. (requested by LT71LX Analytic)
|
|t:|1596955960
|start
|switch|p1a: Mosqueton|Flygon, M|100/100
|switch|p2a: Primarina|Primarina, F|100/100
|turn|1
|
|t:|1596955968
|move|p1a: Mosqueton|Toxic|p2a: Primarina
|-status|p2a: Primarina|tox
|move|p2a: Primarina|Scald|p1a: Mosqueton
|-damage|p1a: Mosqueton|61/100
|-status|p1a: Mosqueton|brn
|
|-heal|p1a: Mosqueton|67/100 brn|[from] item: Leftovers
|-damage|p1a: Mosqueton|61/100 brn|[from] brn
|-damage|p2a: Primarina|94/100 tox|[from] psn
|upkeep
|turn|2
|
|t:|1596955978
|move|p1a: Mosqueton|U-turn|p2a: Primarina
|-resisted|p2a: Primarina
|-damage|p2a: Primarina|90/100 tox
|
|t:|1596955980
|switch|p1a: Crow Of Judgement|Corviknight, M|100/100|[from]move: U-turn
|-ability|p1a: Crow Of Judgement|Pressure
|move|p2a: Primarina|Scald|p1a: Crow Of Judgement
|-damage|p1a: Crow Of Judgement|78/100
|-status|p1a: Crow Of Judgement|brn
|
|-heal|p2a: Primarina|96/100 tox|[from] item: Leftovers
|-heal|p1a: Crow Of Judgement|84/100 brn|[from] item: Leftovers
|-damage|p2a: Primarina|84/100 tox|[from] psn
|-damage|p1a: Crow Of Judgement|78/100 brn|[from] brn
|upkeep
|turn|3
|
|t:|1596955984
|switch|p2a: Rhyperior|Rhyperior, F|100/100
|move|p1a: Crow Of Judgement|U-turn|p2a: Rhyperior
|-damage|p2a: Rhyperior|96/100
|
|t:|1596955990
|switch|p1a: Dark Furry|Urshifu-Rapid-Strike, M|100/100|[from]move: U-turn
|
|-heal|p2a: Rhyperior|100/100|[from] item: Leftovers
|upkeep
|turn|4
|
|t:|1596955995
|switch|p1a: Fabiole|Clefable, F|100/100
|switch|p2a: Toxapex|Toxapex, F|100/100
|
|upkeep
|turn|5
|
|t:|1596956005
|switch|p2a: Corviknight|Corviknight, M|100/100
|-ability|p2a: Corviknight|Pressure
|move|p1a: Fabiole|Knock Off|p2a: Corviknight
|-damage|p2a: Corviknight|91/100
|-enditem|p2a: Corviknight|Leftovers|[from] move: Knock Off|[of] p1a: Fabiole
|
|upkeep
|turn|6
|
|t:|1596956011
|move|p2a: Corviknight|U-turn|p1a: Fabiole
|-resisted|p1a: Fabiole
|-damage|p1a: Fabiole|95/100
|
|t:|1596956017
|switch|p2a: Toxapex|Toxapex, F|100/100|[from]move: U-turn
|move|p1a: Fabiole|Knock Off|p2a: Toxapex
|-damage|p2a: Toxapex|91/100
|-enditem|p2a: Toxapex|Black Sludge|[from] move: Knock Off|[of] p1a: Fabiole
|
|-heal|p1a: Fabiole|100/100|[from] item: Leftovers
|upkeep
|turn|7
|
|t:|1596956023
|move|p1a: Fabiole|Stealth Rock|p2a: Toxapex
|-sidestart|p2: LT71LX Analytic|move: Stealth Rock
|move|p2a: Toxapex|Knock Off|p1a: Fabiole
|-resisted|p1a: Fabiole
|-damage|p1a: Fabiole|95/100
|-enditem|p1a: Fabiole|Leftovers|[from] move: Knock Off|[of] p2a: Toxapex
|
|upkeep
|turn|8
|
|t:|1596956031
|move|p1a: Fabiole|Knock Off|p2a: Toxapex
|-damage|p2a: Toxapex|84/100
|move|p2a: Toxapex|Scald|p1a: Fabiole
|-damage|p1a: Fabiole|79/100
|
|upkeep
|turn|9
|
|t:|1596956036
|move|p1a: Fabiole|Knock Off|p2a: Toxapex
|-damage|p2a: Toxapex|78/100
|move|p2a: Toxapex|Scald|p1a: Fabiole
|-damage|p1a: Fabiole|62/100
|
|upkeep
|turn|10
|
|t:|1596956038
|move|p1a: Fabiole|Knock Off|p2a: Toxapex
|-damage|p2a: Toxapex|71/100
|move|p2a: Toxapex|Scald|p1a: Fabiole
|-damage|p1a: Fabiole|45/100
|-status|p1a: Fabiole|brn
|
|upkeep
|turn|11
|
|t:|1596956043
|switch|p2a: Rhyperior|Rhyperior, F|100/100
|-damage|p2a: Rhyperior|94/100|[from] Stealth Rock
|move|p1a: Fabiole|Soft-Boiled|p1a: Fabiole
|-heal|p1a: Fabiole|95/100 brn
|
|-heal|p2a: Rhyperior|100/100|[from] item: Leftovers
|upkeep
|turn|12
|
|t:|1596956049
|move|p1a: Fabiole|Knock Off|p2a: Rhyperior
|-damage|p2a: Rhyperior|95/100
|-enditem|p2a: Rhyperior|Leftovers|[from] move: Knock Off|[of] p1a: Fabiole
|move|p2a: Rhyperior|Swords Dance|p2a: Rhyperior
|-boost|p2a: Rhyperior|atk|2
|
|upkeep
|turn|13
|
|t:|1596956056
|switch|p1a: Mosqueton|Flygon, M|61/100 brn
|move|p2a: Rhyperior|Rock Blast|p1a: Mosqueton
|-resisted|p1a: Mosqueton
|-damage|p1a: Mosqueton|50/100 brn
|-resisted|p1a: Mosqueton
|-damage|p1a: Mosqueton|39/100 brn
|-hitcount|p1a: Mosqueton|2
|
|-heal|p1a: Mosqueton|45/100 brn|[from] item: Leftovers
|-damage|p1a: Mosqueton|39/100 brn|[from] brn
|upkeep
|turn|14
|
|t:|1596956066
|switch|p1a: Magnetroll|Magnezone|100/100
|switch|p2a: Toxapex|Toxapex, F|100/100
|-damage|p2a: Toxapex|88/100|[from] Stealth Rock
|
|upkeep
|turn|15
|
|t:|1596956071
|switch|p2a: Rhyperior|Rhyperior, F|95/100
|-damage|p2a: Rhyperior|89/100|[from] Stealth Rock
|move|p1a: Magnetroll|Flash Cannon|p2a: Rhyperior
|-supereffective|p2a: Rhyperior
|-damage|p2a: Rhyperior|0 fnt
|faint|p2a: Rhyperior
|
|upkeep
|
|t:|1596956076
|switch|p2a: Zeraora|Zeraora|100/100
|turn|16
|-message|LT71LX Analytic forfeited.
|
|win|The Last Hero
|l|☆LT71LX Analytic
|raw|The Last Hero's rating: 1701 &rarr; <strong>1719</strong><br />(+18 for winning)
|raw|LT71LX Analytic's rating: 1668 &rarr; <strong>1650</strong><br />(-18 for losing)
