|raw|<div class="broadcast-blue"><strong>This battle is required to be public due to a player having a name starting with 'lt91bb'.</div>
|j|☆Lenape
|j|☆LT91BB rrm
|t:|1659380989
|gametype|singles
|player|p1|Lenape|266|1729
|player|p2|LT91BB rrm|lady|1699
|teamsize|p1|6
|teamsize|p2|6
|gen|8
|tier|[Gen 8] OU
|rated|
|rule|Sleep Clause Mod: Limit one foe put to sleep
|rule|Species Clause: Limit one of each Pokémon
|rule|OHKO Clause: OHKO moves are banned
|rule|Evasion Moves Clause: Evasion moves are banned
|rule|Endless Battle Clause: Forcing endless battles is banned
|rule|HP Percentage Mod: HP is shown in percentages
|rule|Dynamax Clause: You cannot dynamax
|clearpoke
|poke|p1|Rhyperior, F|
|poke|p1|Toxapex, M|
|poke|p1|Corviknight, F|
|poke|p1|Umbreon, M|
|poke|p1|Sylveon, F|
|poke|p1|Rotom-Heat|
|poke|p2|Tapu Lele|
|poke|p2|Blissey, F|
|poke|p2|Urshifu-*, M|
|poke|p2|Landorus-Therian, M|
|poke|p2|Heatran, F|
|poke|p2|Slowbro, M|
|teampreview
|
|t:|1659380997
|start
|switch|p1a: Toxapex|Toxapex, M|100/100
|switch|p2a: Urshifu|Urshifu-Rapid-Strike, M|100/100
|turn|1
|
|t:|1659380999
|switch|p2a: Slowbro|Slowbro, M|100/100
|switch|p1a: Rotom|Rotom-Heat|100/100
|
|upkeep
|turn|2
|
|t:|1659381003
|switch|p2a: Blissey|Blissey, F|100/100
|move|p1a: Rotom|Trick|p2a: Blissey
|-activate|p1a: Rotom|move: Trick|[of] p2a: Blissey
|-item|p2a: Blissey|Choice Scarf|[from] move: Trick
|-item|p1a: Rotom|Heavy-Duty Boots|[from] move: Trick
|
|upkeep
|turn|3
|
|t:|1659381011
|switch|p1a: Rhyperior|Rhyperior, F|100/100
|move|p2a: Blissey|Teleport|p2a: Blissey
|
|t:|1659381014
|switch|p2a: Urshifu|Urshifu-Rapid-Strike, M|100/100|[from]move: Teleport
|
|upkeep
|turn|4
|
|t:|1659381019
|switch|p1a: Toxapex|Toxapex, M|100/100
|move|p2a: Urshifu|U-turn|p1a: Toxapex
|-resisted|p1a: Toxapex
|-crit|p1a: Toxapex
|-damage|p1a: Toxapex|89/100
|
|t:|1659381032
|switch|p2a: Tapu Lele|Tapu Lele|100/100|[from]move: U-turn
|-fieldstart|move: Psychic Terrain|[from] ability: Psychic Surge|[of] p2a: Tapu Lele
|
|-heal|p1a: Toxapex|95/100|[from] item: Black Sludge
|upkeep
|turn|5
|
|t:|1659381035
|move|p1a: Toxapex|Baneful Bunker|p1a: Toxapex
|-singleturn|p1a: Toxapex|move: Protect
|move|p2a: Tapu Lele|Psychic|p1a: Toxapex
|-activate|p1a: Toxapex|move: Protect
|
|-heal|p1a: Toxapex|100/100|[from] item: Black Sludge
|upkeep
|turn|6
|
|t:|1659381038
|switch|p2a: Heatran|Heatran, F|100/100
|switch|p1a: Umbreon|Umbreon, M|100/100
|
|upkeep
|turn|7
|
|t:|1659381040
|switch|p1a: Rhyperior|Rhyperior, F|100/100
|move|p2a: Heatran|Stealth Rock|p1a: Rhyperior
|-sidestart|p1: Lenape|move: Stealth Rock
|
|upkeep
|turn|8
|
|t:|1659381042
|switch|p2a: Slowbro|Slowbro, M|100/100
|move|p1a: Rhyperior|Stealth Rock|p2a: Slowbro
|-sidestart|p2: LT91BB rrm|move: Stealth Rock
|
|-fieldend|move: Psychic Terrain
|upkeep
|turn|9
|
|t:|1659381045
|switch|p1a: Corviknight|Corviknight, F|100/100
|-damage|p1a: Corviknight|88/100|[from] Stealth Rock
|-ability|p1a: Corviknight|Pressure
|move|p2a: Slowbro|Future Sight|p1a: Corviknight
|-start|p2a: Slowbro|move: Future Sight
|
|-heal|p1a: Corviknight|94/100|[from] item: Leftovers
|upkeep
|turn|10
|
|t:|1659381047
|move|p1a: Corviknight|Substitute|p1a: Corviknight
|-start|p1a: Corviknight|Substitute
|-damage|p1a: Corviknight|69/100
|move|p2a: Slowbro|Teleport|p2a: Slowbro
|inactive|Battle timer is ON: inactive players will automatically lose when time's up. (requested by Lenape)
|
|t:|1659381053
|switch|p2a: Heatran|Heatran, F|100/100|[from]move: Teleport
|-damage|p2a: Heatran|88/100|[from] Stealth Rock
|
|-heal|p2a: Heatran|94/100|[from] item: Leftovers
|-heal|p1a: Corviknight|75/100|[from] item: Leftovers
|upkeep
|turn|11
|
|t:|1659381056
|move|p2a: Heatran|Magma Storm|p1a: Corviknight
|-supereffective|p1a: Corviknight
|-end|p1a: Corviknight|Substitute
|move|p1a: Corviknight|Substitute|p1a: Corviknight
|-start|p1a: Corviknight|Substitute
|-damage|p1a: Corviknight|50/100
|
|-end|p1a: Corviknight|move: Future Sight
|-resisted|p1a: Corviknight
|-activate|p1a: Corviknight|move: Substitute|[damage]
|-heal|p2a: Heatran|100/100|[from] item: Leftovers
|-heal|p1a: Corviknight|57/100|[from] item: Leftovers
|upkeep
|turn|12
|
|t:|1659381080
|move|p2a: Heatran|Magma Storm|p1a: Corviknight
|-supereffective|p1a: Corviknight
|-end|p1a: Corviknight|Substitute
|move|p1a: Corviknight|Roost|p1a: Corviknight
|-heal|p1a: Corviknight|100/100
|-singleturn|p1a: Corviknight|move: Roost
|
|upkeep
|turn|13
|
|t:|1659381082
|switch|p1a: Rhyperior|Rhyperior, F|100/100
|-damage|p1a: Rhyperior|94/100|[from] Stealth Rock
|move|p2a: Heatran|Taunt|p1a: Rhyperior
|-start|p1a: Rhyperior|move: Taunt
|
|-heal|p1a: Rhyperior|100/100|[from] item: Leftovers
|upkeep
|turn|14
|
|t:|1659381091
|switch|p2a: Landorus|Landorus-Therian, M|100/100
|-damage|p2a: Landorus|88/100|[from] Stealth Rock
|-ability|p2a: Landorus|Intimidate|boost
|-unboost|p1a: Rhyperior|atk|1
|switch|p1a: Corviknight|Corviknight, F|100/100
|-damage|p1a: Corviknight|88/100|[from] Stealth Rock
|-ability|p1a: Corviknight|Pressure
|
|-heal|p2a: Landorus|94/100|[from] item: Leftovers
|-heal|p1a: Corviknight|94/100|[from] item: Leftovers
|upkeep
|turn|15
|
|t:|1659381097
|move|p2a: Landorus|Knock Off|p1a: Corviknight
|-damage|p1a: Corviknight|67/100
|-enditem|p1a: Corviknight|Leftovers|[from] move: Knock Off|[of] p2a: Landorus
|move|p1a: Corviknight|Substitute|p1a: Corviknight
|-start|p1a: Corviknight|Substitute
|-damage|p1a: Corviknight|42/100
|
|-heal|p2a: Landorus|99/100|[from] item: Leftovers
|upkeep
|turn|16
|inactive|LT91BB rrm has 120 seconds left.
|
|t:|1659381131
|move|p2a: Landorus|U-turn|p1a: Corviknight
|-resisted|p1a: Corviknight
|-activate|p1a: Corviknight|move: Substitute|[damage]
|
|t:|1659381132
|switch|p2a: Heatran|Heatran, F|100/100|[from]move: U-turn
|-damage|p2a: Heatran|88/100|[from] Stealth Rock
|move|p1a: Corviknight|Roost|p1a: Corviknight
|-heal|p1a: Corviknight|92/100
|-singleturn|p1a: Corviknight|move: Roost
|
|-heal|p2a: Heatran|94/100|[from] item: Leftovers
|upkeep
|turn|17
|
|t:|1659381135
|move|p2a: Heatran|Magma Storm|p1a: Corviknight
|-supereffective|p1a: Corviknight
|-end|p1a: Corviknight|Substitute
|move|p1a: Corviknight|Bulk Up|p1a: Corviknight
|-boost|p1a: Corviknight|atk|1
|-boost|p1a: Corviknight|def|1
|
|-heal|p2a: Heatran|100/100|[from] item: Leftovers
|upkeep
|turn|18
|
|t:|1659381138
|switch|p1a: Rhyperior|Rhyperior, F|100/100
|-damage|p1a: Rhyperior|94/100|[from] Stealth Rock
|move|p2a: Heatran|Taunt|p1a: Rhyperior
|-start|p1a: Rhyperior|move: Taunt
|
|-heal|p1a: Rhyperior|100/100|[from] item: Leftovers
|upkeep
|turn|19
|
|t:|1659381149
|switch|p2a: Landorus|Landorus-Therian, M|99/100
|-damage|p2a: Landorus|88/100|[from] Stealth Rock
|-ability|p2a: Landorus|Intimidate|boost
|-unboost|p1a: Rhyperior|atk|1
|switch|p1a: Rotom|Rotom-Heat|100/100
|
|-heal|p2a: Landorus|94/100|[from] item: Leftovers
|upkeep
|turn|20
|
|t:|1659381151
|move|p1a: Rotom|Will-O-Wisp|p2a: Landorus
|-status|p2a: Landorus|brn
|move|p2a: Landorus|Knock Off|p1a: Rotom
|-damage|p1a: Rotom|84/100
|-enditem|p1a: Rotom|Heavy-Duty Boots|[from] move: Knock Off|[of] p2a: Landorus
|
|-heal|p2a: Landorus|99/100 brn|[from] item: Leftovers
|-damage|p2a: Landorus|94/100 brn|[from] brn
|upkeep
|turn|21
|
|t:|1659381156
|move|p1a: Rotom|Trick|p2a: Landorus
|-activate|p1a: Rotom|move: Trick|[of] p2a: Landorus
|-enditem|p2a: Landorus|Leftovers|[silent]|[from] move: Trick
|-item|p1a: Rotom|Leftovers|[from] move: Trick
|move|p2a: Landorus|U-turn|p1a: Rotom
|-resisted|p1a: Rotom
|-damage|p1a: Rotom|79/100
|
|t:|1659381161
|switch|p2a: Tapu Lele|Tapu Lele|100/100|[from]move: U-turn
|-damage|p2a: Tapu Lele|88/100|[from] Stealth Rock
|-fieldstart|move: Psychic Terrain|[from] ability: Psychic Surge|[of] p2a: Tapu Lele
|
|-heal|p1a: Rotom|85/100|[from] item: Leftovers
|upkeep
|turn|22
|
|t:|1659381165
|move|p2a: Tapu Lele|Psychic|p1a: Rotom
|-crit|p1a: Rotom
|-damage|p1a: Rotom|0 fnt
|faint|p1a: Rotom
|
|upkeep
|
|t:|1659381168
|switch|p1a: Corviknight|Corviknight, F|92/100
|-damage|p1a: Corviknight|80/100|[from] Stealth Rock
|-ability|p1a: Corviknight|Pressure
|turn|23
|
|t:|1659381170
|move|p2a: Tapu Lele|Psychic|p1a: Corviknight
|-resisted|p1a: Corviknight
|-damage|p1a: Corviknight|37/100
|move|p1a: Corviknight|Substitute|p1a: Corviknight
|-start|p1a: Corviknight|Substitute
|-damage|p1a: Corviknight|12/100
|
|upkeep
|turn|24
|
|t:|1659381174
|move|p2a: Tapu Lele|Psychic|p1a: Corviknight
|-resisted|p1a: Corviknight
|-crit|p1a: Corviknight
|-end|p1a: Corviknight|Substitute
|move|p1a: Corviknight|Roost|p1a: Corviknight
|-heal|p1a: Corviknight|62/100
|-singleturn|p1a: Corviknight|move: Roost
|
|upkeep
|turn|25
|
|t:|1659381176
|move|p2a: Tapu Lele|Psychic|p1a: Corviknight
|-resisted|p1a: Corviknight
|-damage|p1a: Corviknight|19/100
|move|p1a: Corviknight|Roost|p1a: Corviknight
|-heal|p1a: Corviknight|69/100
|-singleturn|p1a: Corviknight|move: Roost
|
|-fieldend|move: Psychic Terrain
|upkeep
|turn|26
|
|t:|1659381181
|switch|p2a: Heatran|Heatran, F|100/100
|-damage|p2a: Heatran|88/100|[from] Stealth Rock
|move|p1a: Corviknight|Roost|p1a: Corviknight
|-heal|p1a: Corviknight|100/100
|-singleturn|p1a: Corviknight|move: Roost
|
|-heal|p2a: Heatran|94/100|[from] item: Leftovers
|upkeep
|turn|27
|
|t:|1659381183
|switch|p1a: Rhyperior|Rhyperior, F|100/100
|-damage|p1a: Rhyperior|94/100|[from] Stealth Rock
|move|p2a: Heatran|Taunt|p1a: Rhyperior
|-start|p1a: Rhyperior|move: Taunt
|
|-heal|p2a: Heatran|100/100|[from] item: Leftovers
|-heal|p1a: Rhyperior|100/100|[from] item: Leftovers
|upkeep
|turn|28
|
|t:|1659381186
|switch|p2a: Slowbro|Slowbro, M|100/100
|-damage|p2a: Slowbro|88/100|[from] Stealth Rock
|move|p1a: Rhyperior|Earthquake|p2a: Slowbro
|-damage|p2a: Slowbro|62/100
|
|upkeep
|turn|29
|
|t:|1659381188
|switch|p1a: Corviknight|Corviknight, F|100/100
|-damage|p1a: Corviknight|88/100|[from] Stealth Rock
|-ability|p1a: Corviknight|Pressure
|move|p2a: Slowbro|Teleport|p2a: Slowbro
|
|t:|1659381192
|switch|p2a: Heatran|Heatran, F|100/100|[from]move: Teleport
|-damage|p2a: Heatran|88/100|[from] Stealth Rock
|
|-heal|p2a: Heatran|94/100|[from] item: Leftovers
|upkeep
|turn|30
|
|t:|1659381197
|switch|p1a: Rhyperior|Rhyperior, F|100/100
|-damage|p1a: Rhyperior|94/100|[from] Stealth Rock
|move|p2a: Heatran|Taunt|p1a: Rhyperior
|-start|p1a: Rhyperior|move: Taunt
|
|-heal|p2a: Heatran|100/100|[from] item: Leftovers
|-heal|p1a: Rhyperior|100/100|[from] item: Leftovers
|upkeep
|turn|31
|
|t:|1659381200
|switch|p2a: Slowbro|Slowbro, M|95/100
|-damage|p2a: Slowbro|83/100|[from] Stealth Rock
|switch|p1a: Corviknight|Corviknight, F|88/100
|-damage|p1a: Corviknight|75/100|[from] Stealth Rock
|-ability|p1a: Corviknight|Pressure
|
|upkeep
|turn|32
|
|t:|1659381203
|move|p1a: Corviknight|Substitute|p1a: Corviknight
|-start|p1a: Corviknight|Substitute
|-damage|p1a: Corviknight|50/100
|move|p2a: Slowbro|Future Sight|p1a: Corviknight
|-start|p2a: Slowbro|move: Future Sight
|
|upkeep
|turn|33
|
|t:|1659381205
|move|p1a: Corviknight|Roost|p1a: Corviknight
|-heal|p1a: Corviknight|100/100
|-singleturn|p1a: Corviknight|move: Roost
|move|p2a: Slowbro|Ice Beam|p1a: Corviknight
|-resisted|p1a: Corviknight
|-activate|p1a: Corviknight|move: Substitute|[damage]
|
|upkeep
|turn|34
|
|t:|1659381208
|move|p1a: Corviknight|Bulk Up|p1a: Corviknight
|-boost|p1a: Corviknight|atk|1
|-boost|p1a: Corviknight|def|1
|move|p2a: Slowbro|Ice Beam|p1a: Corviknight
|-end|p1a: Corviknight|Substitute
|
|-end|p1a: Corviknight|move: Future Sight
|-resisted|p1a: Corviknight
|-damage|p1a: Corviknight|82/100
|upkeep
|turn|35
|
|t:|1659381211
|move|p1a: Corviknight|Substitute|p1a: Corviknight
|-start|p1a: Corviknight|Substitute
|-damage|p1a: Corviknight|57/100
|move|p2a: Slowbro|Ice Beam|p1a: Corviknight
|-activate|p1a: Corviknight|move: Substitute|[damage]
|
|upkeep
|turn|36
|
|t:|1659381214
|move|p1a: Corviknight|Roost|p1a: Corviknight
|-heal|p1a: Corviknight|100/100
|-singleturn|p1a: Corviknight|move: Roost
|move|p2a: Slowbro|Ice Beam|p1a: Corviknight
|-resisted|p1a: Corviknight
|-end|p1a: Corviknight|Substitute
|
|upkeep
|turn|37
|
|t:|1659381216
|move|p1a: Corviknight|Substitute|p1a: Corviknight
|-start|p1a: Corviknight|Substitute
|-damage|p1a: Corviknight|75/100
|move|p2a: Slowbro|Future Sight|p1a: Corviknight
|-start|p2a: Slowbro|move: Future Sight
|
|upkeep
|turn|38
|
|t:|1659381218
|move|p1a: Corviknight|Bulk Up|p1a: Corviknight
|-boost|p1a: Corviknight|atk|1
|-boost|p1a: Corviknight|def|1
|move|p2a: Slowbro|Ice Beam|p1a: Corviknight
|-activate|p1a: Corviknight|move: Substitute|[damage]
|
|upkeep
|turn|39
|
|t:|1659381220
|move|p1a: Corviknight|Roost|p1a: Corviknight
|-heal|p1a: Corviknight|100/100
|-singleturn|p1a: Corviknight|move: Roost
|move|p2a: Slowbro|Ice Beam|p1a: Corviknight
|-resisted|p1a: Corviknight
|-end|p1a: Corviknight|Substitute
|
|-end|p1a: Corviknight|move: Future Sight
|-resisted|p1a: Corviknight
|-damage|p1a: Corviknight|83/100
|upkeep
|turn|40
|
|t:|1659381223
|move|p1a: Corviknight|Substitute|p1a: Corviknight
|-start|p1a: Corviknight|Substitute
|-damage|p1a: Corviknight|58/100
|move|p2a: Slowbro|Future Sight|p1a: Corviknight
|-start|p2a: Slowbro|move: Future Sight
|
|upkeep
|turn|41
|
|t:|1659381227
|move|p1a: Corviknight|Roost|p1a: Corviknight
|-heal|p1a: Corviknight|100/100
|-singleturn|p1a: Corviknight|move: Roost
|move|p2a: Slowbro|Teleport|p2a: Slowbro
|
|t:|1659381230
|switch|p2a: Urshifu|Urshifu-Rapid-Strike, M|100/100|[from]move: Teleport
|-damage|p2a: Urshifu|94/100|[from] Stealth Rock
|
|upkeep
|turn|42
|
|t:|1659381232
|move|p2a: Urshifu|U-turn|p1a: Corviknight
|-resisted|p1a: Corviknight
|-activate|p1a: Corviknight|move: Substitute|[damage]
|
|t:|1659381234
|switch|p2a: Slowbro|Slowbro, M|100/100|[from]move: U-turn
|-damage|p2a: Slowbro|88/100|[from] Stealth Rock
|move|p1a: Corviknight|Brave Bird|p2a: Slowbro
|-damage|p2a: Slowbro|25/100
|-damage|p1a: Corviknight|84/100|[from] item: Rocky Helmet|[of] p2a: Slowbro
|-damage|p1a: Corviknight|63/100|[from] Recoil
|
|-end|p1a: Corviknight|move: Future Sight
|-resisted|p1a: Corviknight
|-activate|p1a: Corviknight|move: Substitute|[damage]
|upkeep
|turn|43
|
|t:|1659381245
|switch|p2a: Heatran|Heatran, F|100/100
|-damage|p2a: Heatran|88/100|[from] Stealth Rock
|move|p1a: Corviknight|Roost|p1a: Corviknight
|-heal|p1a: Corviknight|100/100
|-singleturn|p1a: Corviknight|move: Roost
|
|-heal|p2a: Heatran|94/100|[from] item: Leftovers
|upkeep
|turn|44
|
|t:|1659381262
|switch|p2a: Landorus|Landorus-Therian, M|94/100 brn
|-damage|p2a: Landorus|82/100 brn|[from] Stealth Rock
|-ability|p2a: Landorus|Intimidate|boost
|-immune|p1a: Corviknight
|move|p1a: Corviknight|Brave Bird|p2a: Landorus
|-damage|p2a: Landorus|9/100 brn
|-damage|p1a: Corviknight|77/100|[from] Recoil
|
|-damage|p2a: Landorus|3/100 brn|[from] brn
|upkeep
|turn|45
|
|t:|1659381265
|move|p2a: Landorus|Knock Off|p1a: Corviknight
|-crit|p1a: Corviknight
|-end|p1a: Corviknight|Substitute
|move|p1a: Corviknight|Bulk Up|p1a: Corviknight
|-boost|p1a: Corviknight|atk|1
|-boost|p1a: Corviknight|def|1
|
|-damage|p2a: Landorus|0 fnt|[from] brn
|faint|p2a: Landorus
|upkeep
|
|t:|1659381269
|switch|p2a: Heatran|Heatran, F|94/100
|-damage|p2a: Heatran|82/100|[from] Stealth Rock
|turn|46
|
|t:|1659381271
|switch|p1a: Rhyperior|Rhyperior, F|100/100
|-damage|p1a: Rhyperior|94/100|[from] Stealth Rock
|move|p2a: Heatran|Taunt|p1a: Rhyperior
|-start|p1a: Rhyperior|move: Taunt
|
|-heal|p2a: Heatran|88/100|[from] item: Leftovers
|-heal|p1a: Rhyperior|100/100|[from] item: Leftovers
|upkeep
|turn|47
|
|t:|1659381275
|switch|p2a: Urshifu|Urshifu-Rapid-Strike, M|94/100
|-damage|p2a: Urshifu|88/100|[from] Stealth Rock
|move|p1a: Rhyperior|Earthquake|p2a: Urshifu
|-damage|p2a: Urshifu|38/100
|
|upkeep
|turn|48
|
|t:|1659381278
|switch|p1a: Toxapex|Toxapex, M|100/100
|-damage|p1a: Toxapex|88/100|[from] Stealth Rock
|move|p2a: Urshifu|U-turn|p1a: Toxapex
|-resisted|p1a: Toxapex
|-damage|p1a: Toxapex|81/100
|
|t:|1659381280
|switch|p2a: Tapu Lele|Tapu Lele|88/100|[from]move: U-turn
|-damage|p2a: Tapu Lele|76/100|[from] Stealth Rock
|-fieldstart|move: Psychic Terrain|[from] ability: Psychic Surge|[of] p2a: Tapu Lele
|
|-heal|p1a: Toxapex|87/100|[from] item: Black Sludge
|upkeep
|turn|49
|
|t:|1659381282
|move|p1a: Toxapex|Baneful Bunker|p1a: Toxapex
|-singleturn|p1a: Toxapex|move: Protect
|move|p2a: Tapu Lele|Psychic|p1a: Toxapex
|-activate|p1a: Toxapex|move: Protect
|
|-heal|p1a: Toxapex|93/100|[from] item: Black Sludge
|upkeep
|turn|50
|
|t:|1659381290
|switch|p2a: Heatran|Heatran, F|88/100
|-damage|p2a: Heatran|76/100|[from] Stealth Rock
|switch|p1a: Umbreon|Umbreon, M|100/100
|-damage|p1a: Umbreon|88/100|[from] Stealth Rock
|
|-heal|p2a: Heatran|82/100|[from] item: Leftovers
|-heal|p1a: Umbreon|94/100|[from] item: Leftovers
|upkeep
|turn|51
|
|t:|1659381295
|move|p1a: Umbreon|Protect|p1a: Umbreon
|-singleturn|p1a: Umbreon|Protect
|move|p2a: Heatran|Earth Power|p1a: Umbreon
|-activate|p1a: Umbreon|move: Protect
|
|-heal|p2a: Heatran|88/100|[from] item: Leftovers
|-heal|p1a: Umbreon|99/100|[from] item: Leftovers
|upkeep
|turn|52
|
|t:|1659381299
|switch|p1a: Toxapex|Toxapex, M|100/100
|-damage|p1a: Toxapex|88/100|[from] Stealth Rock
|move|p2a: Heatran|Taunt|p1a: Toxapex
|-start|p1a: Toxapex|move: Taunt
|
|-heal|p2a: Heatran|94/100|[from] item: Leftovers
|-heal|p1a: Toxapex|94/100|[from] item: Black Sludge
|-fieldend|move: Psychic Terrain
|upkeep
|turn|53
|
|t:|1659381301
|move|p2a: Heatran|Earth Power|p1a: Toxapex
|-supereffective|p1a: Toxapex
|-damage|p1a: Toxapex|48/100
|move|p1a: Toxapex|Scald|p2a: Heatran
|-supereffective|p2a: Heatran
|-damage|p2a: Heatran|73/100
|
|-heal|p2a: Heatran|79/100|[from] item: Leftovers
|-heal|p1a: Toxapex|54/100|[from] item: Black Sludge
|upkeep
|turn|54
|
|t:|1659381307
|switch|p1a: Sylveon|Sylveon, F|100/100
|-damage|p1a: Sylveon|88/100|[from] Stealth Rock
|move|p2a: Heatran|Taunt|p1a: Sylveon
|-start|p1a: Sylveon|move: Taunt
|
|-heal|p2a: Heatran|85/100|[from] item: Leftovers
|-heal|p1a: Sylveon|94/100|[from] item: Leftovers
|upkeep
|turn|55
|
|t:|1659381312
|switch|p1a: Toxapex|Toxapex, M|88/100
|-damage|p1a: Toxapex|75/100|[from] Stealth Rock
|move|p2a: Heatran|Magma Storm|p1a: Toxapex
|-resisted|p1a: Toxapex
|-damage|p1a: Toxapex|57/100
|-activate|p1a: Toxapex|move: Magma Storm|[of] p2a: Heatran
|
|-heal|p2a: Heatran|91/100|[from] item: Leftovers
|-heal|p1a: Toxapex|64/100|[from] item: Black Sludge
|-damage|p1a: Toxapex|51/100|[from] move: Magma Storm|[partiallytrapped]
|upkeep
|turn|56
|
|t:|1659381320
|move|p1a: Toxapex|Baneful Bunker|p1a: Toxapex
|-singleturn|p1a: Toxapex|move: Protect
|move|p2a: Heatran|Earth Power|p1a: Toxapex
|-activate|p1a: Toxapex|move: Protect
|
|-heal|p2a: Heatran|97/100|[from] item: Leftovers
|-heal|p1a: Toxapex|57/100|[from] item: Black Sludge
|-damage|p1a: Toxapex|45/100|[from] move: Magma Storm|[partiallytrapped]
|upkeep
|turn|57
|
|t:|1659381322
|move|p2a: Heatran|Earth Power|p1a: Toxapex
|-supereffective|p1a: Toxapex
|-damage|p1a: Toxapex|0 fnt
|faint|p1a: Toxapex
|
|-heal|p2a: Heatran|100/100|[from] item: Leftovers
|upkeep
|
|t:|1659381328
|switch|p1a: Sylveon|Sylveon, F|94/100
|-damage|p1a: Sylveon|82/100|[from] Stealth Rock
|turn|58
|
|t:|1659381330
|move|p2a: Heatran|Taunt|p1a: Sylveon
|-start|p1a: Sylveon|move: Taunt
|cant|p1a: Sylveon|move: Taunt|Wish
|
|-heal|p1a: Sylveon|88/100|[from] item: Leftovers
|upkeep
|turn|59
|
|t:|1659381333
|move|p2a: Heatran|Magma Storm|p1a: Sylveon
|-damage|p1a: Sylveon|58/100
|-activate|p1a: Sylveon|move: Magma Storm|[of] p2a: Heatran
|move|p1a: Sylveon|Hyper Voice|p2a: Heatran
|-resisted|p2a: Heatran
|-damage|p2a: Heatran|91/100
|
|-heal|p2a: Heatran|97/100|[from] item: Leftovers
|-heal|p1a: Sylveon|64/100|[from] item: Leftovers
|-damage|p1a: Sylveon|52/100|[from] move: Magma Storm|[partiallytrapped]
|upkeep
|turn|60
|
|t:|1659381338
|move|p2a: Heatran|Earth Power|p1a: Sylveon
|-damage|p1a: Sylveon|33/100
|move|p1a: Sylveon|Hyper Voice|p2a: Heatran
|-resisted|p2a: Heatran
|-damage|p2a: Heatran|88/100
|
|-heal|p2a: Heatran|95/100|[from] item: Leftovers
|-heal|p1a: Sylveon|39/100|[from] item: Leftovers
|-damage|p1a: Sylveon|26/100|[from] move: Magma Storm|[partiallytrapped]
|-end|p1a: Sylveon|move: Taunt
|upkeep
|turn|61
|
|t:|1659381341
|move|p2a: Heatran|Taunt|p1a: Sylveon
|-start|p1a: Sylveon|move: Taunt
|move|p1a: Sylveon|Hyper Voice|p2a: Heatran
|-resisted|p2a: Heatran
|-damage|p2a: Heatran|86/100
|
|-heal|p2a: Heatran|92/100|[from] item: Leftovers
|-heal|p1a: Sylveon|32/100|[from] item: Leftovers
|-damage|p1a: Sylveon|20/100|[from] move: Magma Storm|[partiallytrapped]
|upkeep
|turn|62
|
|t:|1659381343
|move|p2a: Heatran|Earth Power|p1a: Sylveon
|-damage|p1a: Sylveon|0 fnt
|faint|p1a: Sylveon
|
|-heal|p2a: Heatran|98/100|[from] item: Leftovers
|upkeep
|
|t:|1659381344
|switch|p1a: Corviknight|Corviknight, F|77/100
|-damage|p1a: Corviknight|65/100|[from] Stealth Rock
|-ability|p1a: Corviknight|Pressure
|turn|63
|
|t:|1659381346
|move|p2a: Heatran|Taunt|p1a: Corviknight
|-start|p1a: Corviknight|move: Taunt
|move|p1a: Corviknight|Brave Bird|p2a: Heatran
|-resisted|p2a: Heatran
|-damage|p2a: Heatran|78/100
|-damage|p1a: Corviknight|58/100|[from] Recoil
|
|-heal|p2a: Heatran|84/100|[from] item: Leftovers
|upkeep
|turn|64
|
|t:|1659381352
|move|p2a: Heatran|Stealth Rock||[still]
|-fail|p2a: Heatran
|move|p1a: Corviknight|Brave Bird|p2a: Heatran
|-resisted|p2a: Heatran
|-damage|p2a: Heatran|64/100
|-damage|p1a: Corviknight|52/100|[from] Recoil
|
|-heal|p2a: Heatran|70/100|[from] item: Leftovers
|upkeep
|turn|65
|
|t:|1659381355
|move|p2a: Heatran|Earth Power|p1a: Corviknight
|-immune|p1a: Corviknight
|move|p1a: Corviknight|Brave Bird|p2a: Heatran
|-resisted|p2a: Heatran
|-damage|p2a: Heatran|50/100
|-damage|p1a: Corviknight|46/100|[from] Recoil
|
|-heal|p2a: Heatran|57/100|[from] item: Leftovers
|-end|p1a: Corviknight|move: Taunt
|upkeep
|turn|66
|
|t:|1659381356
|move|p2a: Heatran|Taunt|p1a: Corviknight
|-start|p1a: Corviknight|move: Taunt
|move|p1a: Corviknight|Brave Bird|p2a: Heatran
|-resisted|p2a: Heatran
|-damage|p2a: Heatran|37/100
|-damage|p1a: Corviknight|39/100|[from] Recoil
|
|-heal|p2a: Heatran|43/100|[from] item: Leftovers
|upkeep
|turn|67
|
|t:|1659381358
|move|p2a: Heatran|Earth Power|p1a: Corviknight
|-immune|p1a: Corviknight
|move|p1a: Corviknight|Brave Bird|p2a: Heatran
|-resisted|p2a: Heatran
|-damage|p2a: Heatran|20/100
|-damage|p1a: Corviknight|32/100|[from] Recoil
|
|-heal|p2a: Heatran|27/100|[from] item: Leftovers
|upkeep
|turn|68
|
|t:|1659381361
|move|p2a: Heatran|Earth Power|p1a: Corviknight
|-immune|p1a: Corviknight
|move|p1a: Corviknight|Brave Bird|p2a: Heatran
|-resisted|p2a: Heatran
|-damage|p2a: Heatran|6/100
|-damage|p1a: Corviknight|25/100|[from] Recoil
|
|-heal|p2a: Heatran|12/100|[from] item: Leftovers
|-end|p1a: Corviknight|move: Taunt
|upkeep
|turn|69
|
|t:|1659381364
|move|p2a: Heatran|Taunt|p1a: Corviknight
|-start|p1a: Corviknight|move: Taunt
|move|p1a: Corviknight|Brave Bird|p2a: Heatran
|-resisted|p2a: Heatran
|-damage|p2a: Heatran|0 fnt
|faint|p2a: Heatran
|-damage|p1a: Corviknight|22/100|[from] Recoil
|
|upkeep
|
|t:|1659381371
|switch|p2a: Tapu Lele|Tapu Lele|76/100
|-damage|p2a: Tapu Lele|63/100|[from] Stealth Rock
|-fieldstart|move: Psychic Terrain|[from] ability: Psychic Surge|[of] p2a: Tapu Lele
|turn|70
|
|t:|1659381377
|switch|p1a: Rhyperior|Rhyperior, F|100/100
|-damage|p1a: Rhyperior|94/100|[from] Stealth Rock
|move|p2a: Tapu Lele|Moonblast|p1a: Rhyperior
|-damage|p1a: Rhyperior|36/100
|-unboost|p1a: Rhyperior|spa|1
|
|-heal|p1a: Rhyperior|42/100|[from] item: Leftovers
|upkeep
|turn|71
|
|t:|1659381380
|move|p2a: Tapu Lele|Moonblast|p1a: Rhyperior
|-damage|p1a: Rhyperior|0 fnt
|faint|p1a: Rhyperior
|
|upkeep
|
|t:|1659381382
|switch|p1a: Corviknight|Corviknight, F|22/100
|-damage|p1a: Corviknight|9/100|[from] Stealth Rock
|-ability|p1a: Corviknight|Pressure
|turn|72
|
|t:|1659381383
|move|p2a: Tapu Lele|Moonblast|p1a: Corviknight
|-resisted|p1a: Corviknight
|-damage|p1a: Corviknight|0 fnt
|faint|p1a: Corviknight
|
|upkeep
|-message|Lenape forfeited.
|
|win|LT91BB rrm
|raw|Lenape's rating: 1729 &rarr; <strong>1706</strong><br />(-23 for losing)
|raw|LT91BB rrm's rating: 1677 &rarr; <strong>1700</strong><br />(+23 for winning)
|l|☆Lenape
||Ladder isn't responding, score probably updated but might not have (Request timeout).
