|j|☆someidiot19
|j|☆boy_poochie
|inactive|Battle timer is ON: inactive players will automatically lose when time's up.
|t:|1664936993
|gametype|singles
|player|p1|someidiot19|teacher-gen2|
|player|p2|boy_poochie|steven|
|teamsize|p1|6
|teamsize|p2|6
|gen|8
|tier|[Gen 8] OU
|rated|Tournament battle
|rule|Sleep Clause Mod: Limit one foe put to sleep
|rule|Species Clause: Limit one of each Pokémon
|rule|OHKO Clause: OHKO moves are banned
|rule|Evasion Items Clause: Evasion items are banned
|rule|Evasion Moves Clause: Evasion moves are banned
|rule|Endless Battle Clause: Forcing endless battles is banned
|rule|HP Percentage Mod: HP is shown in percentages
|rule|Dynamax Clause: You cannot dynamax
|clearpoke
|poke|p1|Rillaboom, F|
|poke|p1|Arcanine, M|
|poke|p1|Politoed, F|
|poke|p1|Tangrowth, M|
|poke|p1|Blastoise, M|
|poke|p1|Milotic, M|
|poke|p2|Rillaboom, F|
|poke|p2|Milotic, M|
|poke|p2|Tangrowth, F|
|poke|p2|Barraskewda, F|
|poke|p2|Suicune|
|poke|p2|Arcanine, M|
|teampreview
|inactive|boy_poochie also wants the timer to be on.
|inactive|someidiot19 also wants the timer to be on.
|c|☆someidiot19|hf
|c|☆boy_poochie|glhf
|j|%Sww-Suwa
|j| Kwaga
|inactive|boy_poochie has 120 seconds left.
|c| Kwaga|is this fire/water/grass mons only?
|c|☆boy_poochie|yes
|c| Kwaga|cool
|
|t:|1664937042
|start
|switch|p1a: Politoed|Politoed, F|100/100
|switch|p2a: Barraskewda|Barraskewda, F|100/100
|-weather|RainDance|[from] ability: Drizzle|[of] p1a: Politoed
|turn|1
|l| Kwaga
|
|t:|1664937053
|switch|p1a: Tangrowth|Tangrowth, M|100/100
|move|p2a: Barraskewda|Flip Turn|p1a: Tangrowth
|-resisted|p1a: Tangrowth
|-damage|p1a: Tangrowth|82/100
|-damage|p2a: Barraskewda|84/100|[from] item: Rocky Helmet|[of] p1a: Tangrowth
|
|t:|1664937060
|switch|p2a: Tangrowth|Tangrowth, F|100/100|[from]move: Flip Turn
|
|-weather|RainDance|[upkeep]
|upkeep
|turn|2
|
|t:|1664937065
|switch|p1a: Arcanine|Arcanine, M|100/100
|-ability|p1a: Arcanine|Intimidate|boost
|-unboost|p2a: Tangrowth|atk|1
|move|p2a: Tangrowth|Knock Off|p1a: Arcanine
|-damage|p1a: Arcanine|86/100
|-damage|p2a: Tangrowth|84/100|[from] item: Rocky Helmet|[of] p1a: Arcanine
|-enditem|p1a: Arcanine|Rocky Helmet|[from] move: Knock Off|[of] p2a: Tangrowth
|
|-weather|RainDance|[upkeep]
|upkeep
|turn|3
|
|t:|1664937073
|switch|p2a: Milotic|Milotic, M|100/100
|move|p1a: Arcanine|Teleport|p1a: Arcanine
|j| Beached Animal
|j| Okitsegg
|
|t:|1664937088
|switch|p1a: Blastoise|Blastoise, M|100/100|[from]move: Teleport
|
|-weather|RainDance|[upkeep]
|-status|p2a: Milotic|brn|[from] item: Flame Orb
|upkeep
|turn|4
|
|t:|1664937099
|move|p1a: Blastoise|Shell Smash|p1a: Blastoise
|-unboost|p1a: Blastoise|def|1
|-unboost|p1a: Blastoise|spd|1
|-boost|p1a: Blastoise|atk|2
|-boost|p1a: Blastoise|spa|2
|-boost|p1a: Blastoise|spe|2
|move|p2a: Milotic|Toxic|p1a: Blastoise
|-status|p1a: Blastoise|tox
|
|-weather|RainDance|[upkeep]
|-damage|p1a: Blastoise|94/100 tox|[from] psn
|-damage|p2a: Milotic|94/100 brn|[from] brn
|upkeep
|turn|5
|
|t:|1664937106
|move|p1a: Blastoise|Hyper Beam|p2a: Milotic
|-damage|p2a: Milotic|42/100 brn
|-mustrecharge|p1a: Blastoise
|move|p2a: Milotic|Scald|p1a: Blastoise
|-resisted|p1a: Blastoise
|-crit|p1a: Blastoise
|-damage|p1a: Blastoise|47/100 tox
|
|-weather|none
|-damage|p1a: Blastoise|35/100 tox|[from] psn
|-damage|p2a: Milotic|36/100 brn|[from] brn
|upkeep
|turn|6
|
|t:|1664937111
|cant|p1a: Blastoise|recharge
|move|p2a: Milotic|Recover|p2a: Milotic
|-heal|p2a: Milotic|86/100 brn
|
|-damage|p1a: Blastoise|17/100 tox|[from] psn
|-damage|p2a: Milotic|80/100 brn|[from] brn
|upkeep
|turn|7
|
|t:|1664937133
|switch|p1a: Politoed|Politoed, F|100/100
|-weather|RainDance|[from] ability: Drizzle|[of] p1a: Politoed
|move|p2a: Milotic|Recover|p2a: Milotic
|-heal|p2a: Milotic|100/100 brn
|
|-weather|RainDance|[upkeep]
|-damage|p2a: Milotic|94/100 brn|[from] brn
|upkeep
|turn|8
|
|t:|1664937145
|move|p1a: Politoed|Perish Song|p1a: Politoed
|-start|p1a: Politoed|perish3|[silent]
|-start|p2a: Milotic|perish3|[silent]
|-fieldactivate|move: Perish Song
|move|p2a: Milotic|Flip Turn|p1a: Politoed
|-resisted|p1a: Politoed
|-damage|p1a: Politoed|94/100
|
|t:|1664937149
|switch|p2a: Rillaboom|Rillaboom, F|100/100|[from]move: Flip Turn
|-fieldstart|move: Grassy Terrain|[from] ability: Grassy Surge|[of] p2a: Rillaboom
|
|-weather|RainDance|[upkeep]
|-heal|p1a: Politoed|100/100|[from] Grassy Terrain
|-start|p1a: Politoed|perish3
|upkeep
|turn|9
|
|t:|1664937154
|switch|p1a: Tangrowth|Tangrowth, M|100/100
|move|p2a: Rillaboom|High Horsepower|p1a: Tangrowth
|-resisted|p1a: Tangrowth
|-damage|p1a: Tangrowth|88/100
|-damage|p2a: Rillaboom|84/100|[from] item: Rocky Helmet|[of] p1a: Tangrowth
|-damage|p2a: Rillaboom|74/100|[from] item: Life Orb
|
|-weather|RainDance|[upkeep]
|-heal|p2a: Rillaboom|80/100|[from] Grassy Terrain
|-heal|p1a: Tangrowth|94/100|[from] Grassy Terrain
|upkeep
|turn|10
|
|t:|1664937161
|switch|p2a: Arcanine|Arcanine, M|100/100
|-ability|p2a: Arcanine|Intimidate|boost
|-unboost|p1a: Tangrowth|atk|1
|move|p1a: Tangrowth|Sludge Bomb|p2a: Arcanine
|-damage|p2a: Arcanine|78/100
|
|-weather|RainDance|[upkeep]
|-heal|p2a: Arcanine|84/100|[from] Grassy Terrain
|-heal|p2a: Arcanine|90/100|[from] item: Leftovers
|-heal|p1a: Tangrowth|99/100|[from] Grassy Terrain
|upkeep
|turn|11
|
|t:|1664937174
|move|p1a: Tangrowth|Toxic|p2a: Arcanine
|-status|p2a: Arcanine|tox
|move|p2a: Arcanine|Roar|p1a: Tangrowth
|drag|p1a: Blastoise|Blastoise, M|17/100 tox
|
|-weather|none
|-heal|p1a: Blastoise|23/100 tox|[from] Grassy Terrain
|-heal|p2a: Arcanine|96/100 tox|[from] Grassy Terrain
|-heal|p2a: Arcanine|100/100 tox|[from] item: Leftovers
|-damage|p1a: Blastoise|17/100 tox|[from] psn
|-damage|p2a: Arcanine|94/100 tox|[from] psn
|upkeep
|turn|12
|
|t:|1664937184
|switch|p2a: Milotic|Milotic, M|94/100 brn
|move|p1a: Blastoise|Surf|p2a: Milotic
|-resisted|p2a: Milotic
|-damage|p2a: Milotic|76/100 brn
|
|-heal|p1a: Blastoise|23/100 tox|[from] Grassy Terrain
|-heal|p2a: Milotic|82/100 brn|[from] Grassy Terrain
|-damage|p1a: Blastoise|11/100 tox|[from] psn
|-damage|p2a: Milotic|76/100 brn|[from] brn
|-fieldend|move: Grassy Terrain
|upkeep
|turn|13
|
|t:|1664937192
|switch|p1a: Milotic|Milotic, M|100/100
|move|p2a: Milotic|Flip Turn|p1a: Milotic
|-resisted|p1a: Milotic
|-damage|p1a: Milotic|97/100
|j|%htcl (>◡<)
|
|t:|1664937204
|switch|p2a: Rillaboom|Rillaboom, F|80/100|[from]move: Flip Turn
|-fieldstart|move: Grassy Terrain|[from] ability: Grassy Surge|[of] p2a: Rillaboom
|
|-heal|p2a: Rillaboom|86/100|[from] Grassy Terrain
|-heal|p1a: Milotic|100/100|[from] Grassy Terrain
|upkeep
|turn|14
|
|t:|1664937208
|switch|p1a: Tangrowth|Tangrowth, M|100/100
|move|p2a: Rillaboom|Knock Off|p1a: Tangrowth
|-damage|p1a: Tangrowth|78/100
|-damage|p2a: Rillaboom|70/100|[from] item: Rocky Helmet|[of] p1a: Tangrowth
|-enditem|p1a: Tangrowth|Rocky Helmet|[from] move: Knock Off|[of] p2a: Rillaboom
|-damage|p2a: Rillaboom|60/100|[from] item: Life Orb
|
|-heal|p2a: Rillaboom|66/100|[from] Grassy Terrain
|-heal|p1a: Tangrowth|84/100|[from] Grassy Terrain
|upkeep
|turn|15
|
|t:|1664937217
|switch|p2a: Arcanine|Arcanine, M|94/100 tox
|-ability|p2a: Arcanine|Intimidate|boost
|-unboost|p1a: Tangrowth|atk|1
|move|p1a: Tangrowth|Sludge Bomb|p2a: Arcanine
|-damage|p2a: Arcanine|70/100 tox
|
|-heal|p2a: Arcanine|76/100 tox|[from] Grassy Terrain
|-heal|p2a: Arcanine|82/100 tox|[from] item: Leftovers
|-heal|p1a: Tangrowth|90/100|[from] Grassy Terrain
|-damage|p2a: Arcanine|76/100 tox|[from] psn
|upkeep
|turn|16
|
|t:|1664937222
|switch|p1a: Arcanine|Arcanine, M|86/100
|-ability|p1a: Arcanine|Intimidate|boost
|-unboost|p2a: Arcanine|atk|1
|move|p2a: Arcanine|Morning Sun|p2a: Arcanine
|-heal|p2a: Arcanine|100/100 tox
|
|-heal|p1a: Arcanine|92/100|[from] Grassy Terrain
|-damage|p2a: Arcanine|88/100 tox|[from] psn
|upkeep
|turn|17
|
|t:|1664937228
|move|p2a: Arcanine|Toxic|p1a: Arcanine|[miss]
|-miss|p2a: Arcanine|p1a: Arcanine
|move|p1a: Arcanine|Teleport|p1a: Arcanine
|
|t:|1664937231
|switch|p1a: Politoed|Politoed, F|100/100|[from]move: Teleport
|-weather|RainDance|[from] ability: Drizzle|[of] p1a: Politoed
|
|-weather|RainDance|[upkeep]
|-heal|p2a: Arcanine|94/100 tox|[from] Grassy Terrain
|-heal|p2a: Arcanine|100/100 tox|[from] item: Leftovers
|-damage|p2a: Arcanine|82/100 tox|[from] psn
|-fieldend|move: Grassy Terrain
|upkeep
|turn|18
|
|t:|1664937239
|switch|p2a: Milotic|Milotic, M|76/100 brn
|move|p1a: Politoed|Weather Ball|p2a: Milotic
|-resisted|p2a: Milotic
|-damage|p2a: Milotic|46/100 brn
|
|-weather|RainDance|[upkeep]
|-damage|p2a: Milotic|40/100 brn|[from] brn
|upkeep
|turn|19
|
|t:|1664937245
|move|p1a: Politoed|Weather Ball|p2a: Milotic
|-resisted|p2a: Milotic
|-damage|p2a: Milotic|6/100 brn
|move|p2a: Milotic|Recover|p2a: Milotic
|-heal|p2a: Milotic|56/100 brn
|
|-weather|RainDance|[upkeep]
|-damage|p2a: Milotic|50/100 brn|[from] brn
|upkeep
|turn|20
|
|t:|1664937254
|move|p1a: Politoed|Weather Ball|p2a: Milotic
|-resisted|p2a: Milotic
|-damage|p2a: Milotic|16/100 brn
|move|p2a: Milotic|Recover|p2a: Milotic
|-heal|p2a: Milotic|66/100 brn
|
|-weather|RainDance|[upkeep]
|-damage|p2a: Milotic|60/100 brn|[from] brn
|upkeep
|turn|21
|l|%Sww-Suwa
|inactive|boy_poochie has 120 seconds left.
|
|t:|1664937288
|switch|p1a: Milotic|Milotic, M|100/100
|move|p2a: Milotic|Flip Turn|p1a: Milotic
|-resisted|p1a: Milotic
|-damage|p1a: Milotic|95/100
|inactive|boy_poochie has 120 seconds left.
|
|t:|1664937304
|switch|p2a: Tangrowth|Tangrowth, F|100/100|[from]move: Flip Turn
|
|-weather|none
|-heal|p1a: Milotic|100/100|[from] item: Leftovers
|upkeep
|turn|22
|l| Okitsegg
|
|t:|1664937312
|switch|p1a: Arcanine|Arcanine, M|92/100
|-ability|p1a: Arcanine|Intimidate|boost
|-unboost|p2a: Tangrowth|atk|1
|move|p2a: Tangrowth|Earthquake|p1a: Arcanine
|-supereffective|p1a: Arcanine
|-crit|p1a: Arcanine
|-damage|p1a: Arcanine|23/100
|
|upkeep
|turn|23
|inactive|boy_poochie has 120 seconds left.
|
|t:|1664937319
|switch|p2a: Milotic|Milotic, M|60/100 brn
|move|p1a: Arcanine|Morning Sun|p1a: Arcanine
|-heal|p1a: Arcanine|73/100
|
|-damage|p2a: Milotic|54/100 brn|[from] brn
|upkeep
|turn|24
|
|t:|1664937334
|switch|p1a: Blastoise|Blastoise, M|11/100 tox
|move|p2a: Milotic|Flip Turn|p1a: Blastoise
|-resisted|p1a: Blastoise
|-damage|p1a: Blastoise|7/100 tox
|
|t:|1664937348
|switch|p2a: Barraskewda|Barraskewda, F|84/100|[from]move: Flip Turn
|
|-damage|p1a: Blastoise|1/100 tox|[from] psn
|upkeep
|turn|25
|
|t:|1664937359
|move|p2a: Barraskewda|Flip Turn|p1a: Blastoise
|-resisted|p1a: Blastoise
|-damage|p1a: Blastoise|0 fnt
|faint|p1a: Blastoise
|inactive|boy_poochie has 120 seconds left.
|
|t:|1664937385
|switch|p2a: Tangrowth|Tangrowth, F|100/100|[from]move: Flip Turn
|
|upkeep
|l| Beached Animal
|
|t:|1664937390
|switch|p1a: Tangrowth|Tangrowth, M|100/100
|turn|26
|
|t:|1664937395
|switch|p2a: Arcanine|Arcanine, M|82/100 tox
|-ability|p2a: Arcanine|Intimidate|boost
|-unboost|p1a: Tangrowth|atk|1
|move|p1a: Tangrowth|Sludge Bomb|p2a: Arcanine
|-damage|p2a: Arcanine|58/100 tox
|
|-heal|p2a: Arcanine|64/100 tox|[from] item: Leftovers
|-damage|p2a: Arcanine|58/100 tox|[from] psn
|upkeep
|turn|27
|
|t:|1664937404
|switch|p1a: Milotic|Milotic, M|100/100
|move|p2a: Arcanine|Morning Sun|p2a: Arcanine
|-heal|p2a: Arcanine|100/100 tox
|
|-damage|p2a: Arcanine|88/100 tox|[from] psn
|upkeep
|turn|28
|
|t:|1664937409
|switch|p2a: Milotic|Milotic, M|54/100 brn
|move|p1a: Milotic|Scald|p2a: Milotic
|-resisted|p2a: Milotic
|-damage|p2a: Milotic|42/100 brn
|
|-damage|p2a: Milotic|36/100 brn|[from] brn
|upkeep
|turn|29
|
|t:|1664937413
|move|p1a: Milotic|Flip Turn|p2a: Milotic
|-resisted|p2a: Milotic
|-damage|p2a: Milotic|33/100 brn
|
|t:|1664937417
|switch|p1a: Rillaboom|Rillaboom, F|100/100|[from]move: Flip Turn
|-fieldstart|move: Grassy Terrain|[from] ability: Grassy Surge|[of] p1a: Rillaboom
|-enditem|p1a: Rillaboom|Grassy Seed
|-boost|p1a: Rillaboom|def|1|[from] item: Grassy Seed
|move|p2a: Milotic|Recover|p2a: Milotic
|-heal|p2a: Milotic|83/100 brn
|
|-heal|p2a: Milotic|89/100 brn|[from] Grassy Terrain
|-damage|p2a: Milotic|83/100 brn|[from] brn
|upkeep
|turn|30
|
|t:|1664937431
|switch|p2a: Arcanine|Arcanine, M|88/100 tox
|-ability|p2a: Arcanine|Intimidate|boost
|-unboost|p1a: Rillaboom|atk|1
|move|p1a: Rillaboom|Grassy Glide|p2a: Arcanine
|-resisted|p2a: Arcanine
|-damage|p2a: Arcanine|77/100 tox
|
|-heal|p2a: Arcanine|83/100 tox|[from] Grassy Terrain
|-heal|p2a: Arcanine|89/100 tox|[from] item: Leftovers
|-damage|p2a: Arcanine|83/100 tox|[from] psn
|upkeep
|turn|31
|
|t:|1664937442
|switch|p1a: Milotic|Milotic, M|100/100
|move|p2a: Arcanine|Flamethrower|p1a: Milotic
|-resisted|p1a: Milotic
|-damage|p1a: Milotic|89/100
|
|-heal|p2a: Arcanine|89/100 tox|[from] Grassy Terrain
|-heal|p2a: Arcanine|95/100 tox|[from] item: Leftovers
|-heal|p1a: Milotic|95/100|[from] Grassy Terrain
|-heal|p1a: Milotic|100/100|[from] item: Leftovers
|-damage|p2a: Arcanine|83/100 tox|[from] psn
|upkeep
|turn|32
|
|t:|1664937451
|move|p2a: Arcanine|Toxic|p1a: Milotic
|-status|p1a: Milotic|tox
|move|p1a: Milotic|Scald|p2a: Arcanine
|-supereffective|p2a: Arcanine
|-damage|p2a: Arcanine|0 fnt
|faint|p2a: Arcanine
|
|-damage|p1a: Milotic|94/100 tox|[from] psn
|upkeep
|
|t:|1664937476
|switch|p2a: Rillaboom|Rillaboom, F|66/100
|turn|33
|inactive|boy_poochie has 120 seconds left.
|
|t:|1664937498
|switch|p2a: Barraskewda|Barraskewda, F|84/100
|switch|p1a: Tangrowth|Tangrowth, M|100/100
|
|-heal|p2a: Barraskewda|90/100|[from] Grassy Terrain
|-fieldend|move: Grassy Terrain
|upkeep
|turn|34
|
|t:|1664937504
|move|p2a: Barraskewda|Poison Jab|p1a: Tangrowth
|-supereffective|p1a: Tangrowth
|-damage|p1a: Tangrowth|57/100
|move|p1a: Tangrowth|Giga Drain|p2a: Barraskewda
|-supereffective|p2a: Barraskewda
|-damage|p2a: Barraskewda|0 fnt
|-heal|p1a: Tangrowth|87/100|[from] drain|[of] p2a: Barraskewda
|faint|p2a: Barraskewda
|
|upkeep
|inactive|boy_poochie has 120 seconds left.
|
|t:|1664937521
|switch|p2a: Tangrowth|Tangrowth, F|100/100
|turn|35
|inactive|boy_poochie has 120 seconds left.
|
|t:|1664937535
|move|p2a: Tangrowth|Sludge Bomb|p1a: Tangrowth
|-supereffective|p1a: Tangrowth
|-damage|p1a: Tangrowth|27/100
|-status|p1a: Tangrowth|psn
|move|p1a: Tangrowth|Sludge Bomb|p2a: Tangrowth
|-supereffective|p2a: Tangrowth
|-damage|p2a: Tangrowth|70/100
|
|-damage|p1a: Tangrowth|14/100 psn|[from] psn
|upkeep
|turn|36
|inactive|boy_poochie has 120 seconds left.
|
|t:|1664937545
|switch|p1a: Arcanine|Arcanine, M|73/100
|-ability|p1a: Arcanine|Intimidate|boost
|-unboost|p2a: Tangrowth|atk|1
|move|p2a: Tangrowth|Giga Drain|p1a: Arcanine
|-resisted|p1a: Arcanine
|-damage|p1a: Arcanine|63/100
|-heal|p2a: Tangrowth|75/100|[from] drain|[of] p1a: Arcanine
|
|upkeep
|turn|37
|
|t:|1664937552
|move|p1a: Arcanine|Toxic|p2a: Tangrowth|[miss]
|-miss|p1a: Arcanine|p2a: Tangrowth
|move|p2a: Tangrowth|Earthquake|p1a: Arcanine
|-supereffective|p1a: Arcanine
|-damage|p1a: Arcanine|34/100
|
|upkeep
|turn|38
|
|t:|1664937559
|switch|p2a: Milotic|Milotic, M|83/100 brn
|move|p1a: Arcanine|Morning Sun|p1a: Arcanine
|-heal|p1a: Arcanine|84/100
|
|-damage|p2a: Milotic|77/100 brn|[from] brn
|upkeep
|turn|39
|
|t:|1664937566
|switch|p1a: Tangrowth|Tangrowth, M|48/100 psn
|move|p2a: Milotic|Scald|p1a: Tangrowth
|-resisted|p1a: Tangrowth
|-damage|p1a: Tangrowth|26/100 psn
|
|-damage|p1a: Tangrowth|14/100 psn|[from] psn
|-damage|p2a: Milotic|71/100 brn|[from] brn
|upkeep
|turn|40
|
|t:|1664937572
|switch|p1a: Milotic|Milotic, M|94/100 tox
|move|p2a: Milotic|Scald|p1a: Milotic
|-resisted|p1a: Milotic
|-damage|p1a: Milotic|85/100 tox
|
|-heal|p1a: Milotic|91/100 tox|[from] item: Leftovers
|-damage|p1a: Milotic|85/100 tox|[from] psn
|-damage|p2a: Milotic|65/100 brn|[from] brn
|upkeep
|turn|41
|
|t:|1664937579
|move|p1a: Milotic|Flip Turn|p2a: Milotic
|-resisted|p2a: Milotic
|-damage|p2a: Milotic|62/100 brn
|
|t:|1664937581
|switch|p1a: Politoed|Politoed, F|100/100|[from]move: Flip Turn
|-weather|RainDance|[from] ability: Drizzle|[of] p1a: Politoed
|move|p2a: Milotic|Recover|p2a: Milotic
|-heal|p2a: Milotic|100/100 brn
|
|-weather|RainDance|[upkeep]
|-damage|p2a: Milotic|94/100 brn|[from] brn
|upkeep
|turn|42
|
|t:|1664937592
|move|p1a: Politoed|Earth Power|p2a: Milotic
|-damage|p2a: Milotic|69/100 brn
|move|p2a: Milotic|Toxic|p1a: Politoed
|-status|p1a: Politoed|tox
|
|-weather|RainDance|[upkeep]
|-damage|p1a: Politoed|94/100 tox|[from] psn
|-damage|p2a: Milotic|63/100 brn|[from] brn
|upkeep
|turn|43
|
|t:|1664937598
|switch|p1a: Rillaboom|Rillaboom, F|100/100
|-fieldstart|move: Grassy Terrain|[from] ability: Grassy Surge|[of] p1a: Rillaboom
|switch|p2a: Tangrowth|Tangrowth, F|100/100
|
|-weather|RainDance|[upkeep]
|upkeep
|turn|44
|
|t:|1664937626
|move|p1a: Rillaboom|Swords Dance|p1a: Rillaboom
|-boost|p1a: Rillaboom|atk|2
|move|p2a: Tangrowth|Sludge Bomb|p1a: Rillaboom
|-supereffective|p1a: Rillaboom
|-damage|p1a: Rillaboom|42/100
|
|-weather|RainDance|[upkeep]
|-heal|p1a: Rillaboom|49/100|[from] Grassy Terrain
|upkeep
|turn|45
|j| Pikablu007
|
|t:|1664937652
|move|p1a: Rillaboom|Acrobatics|p2a: Tangrowth
|-supereffective|p2a: Tangrowth
|-damage|p2a: Tangrowth|0 fnt
|faint|p2a: Tangrowth
|
|-weather|none
|-heal|p1a: Rillaboom|55/100|[from] Grassy Terrain
|upkeep
|c|☆boy_poochie|gg
|inactive|boy_poochie has 120 seconds left.
|-message|boy_poochie forfeited.
|
|win|someidiot19
|n|☆someidiot19|someidiot19
|n|☆boy_poochie|boypoochie
|n| htcl (>◡<)|htcl
|n| Pikablu007|pikablu007
