|j|☆dydy91610
|j|☆ty-tyui↻
|t:|1665338695
|gametype|singles
|player|p1|dydy91610|101|1550
|player|p2|ty-tyui↻|kamado|1567
|teamsize|p1|6
|teamsize|p2|6
|gen|8
|tier|[Gen 8] OU
|rated|
|rule|Sleep Clause Mod: Limit one foe put to sleep
|rule|Species Clause: Limit one of each Pokémon
|rule|OHKO Clause: OHKO moves are banned
|rule|Evasion Items Clause: Evasion items are banned
|rule|Evasion Moves Clause: Evasion moves are banned
|rule|Endless Battle Clause: Forcing endless battles is banned
|rule|HP Percentage Mod: HP is shown in percentages
|rule|Dynamax Clause: You cannot dynamax
|clearpoke
|poke|p1|Landorus-Therian, M|
|poke|p1|Heatran, F|
|poke|p1|Dragonite, M|
|poke|p1|Clefable, F|
|poke|p1|Ferrothorn, F|
|poke|p1|Tapu Koko|
|poke|p2|Mienshao, F|
|poke|p2|Ninetales-Alola, F|
|poke|p2|Blacephalon|
|poke|p2|Landorus-Therian, M|
|poke|p2|Corviknight, F|
|poke|p2|Rotom-Wash|
|teampreview
|
|t:|1665338711
|start
|switch|p1a: Heatran|Heatran, F, shiny|100/100
|switch|p2a: Ninetales|Ninetales-Alola, F|100/100
|-weather|Hail|[from] ability: Snow Warning|[of] p2a: Ninetales
|-item|p1a: Heatran|Air Balloon
|turn|1
|
|t:|1665338714
|switch|p2a: Rotom|Rotom-Wash|100/100
|move|p1a: Heatran|Magma Storm|p2a: Rotom|[miss]
|-miss|p1a: Heatran|p2a: Rotom
|
|-weather|Hail|[upkeep]
|-damage|p1a: Heatran|94/100|[from] Hail
|-damage|p2a: Rotom|94/100|[from] Hail
|-heal|p2a: Rotom|100/100|[from] item: Leftovers
|upkeep
|turn|2
|
|t:|1665338718
|switch|p1a: Ferrothorn|Ferrothorn, F|100/100
|move|p2a: Rotom|Volt Switch|p1a: Ferrothorn
|-resisted|p1a: Ferrothorn
|-damage|p1a: Ferrothorn|90/100
|
|t:|1665338724
|switch|p2a: Mienshao|Mienshao, F, shiny|100/100|[from]move: Volt Switch
|
|-weather|Hail|[upkeep]
|-damage|p2a: Mienshao|95/100|[from] Hail
|-damage|p1a: Ferrothorn|84/100|[from] Hail
|upkeep
|turn|3
|
|t:|1665338728
|move|p2a: Mienshao|Close Combat|p1a: Ferrothorn
|-supereffective|p1a: Ferrothorn
|-damage|p1a: Ferrothorn|0 fnt
|-unboost|p2a: Mienshao|def|1
|-unboost|p2a: Mienshao|spd|1
|-damage|p2a: Mienshao|82/100|[from] ability: Iron Barbs|[of] p1a: Ferrothorn
|-damage|p2a: Mienshao|66/100|[from] item: Rocky Helmet|[of] p1a: Ferrothorn
|faint|p1a: Ferrothorn
|-damage|p2a: Mienshao|56/100|[from] item: Life Orb
|
|-weather|Hail|[upkeep]
|-damage|p2a: Mienshao|50/100|[from] Hail
|upkeep
|
|t:|1665338733
|switch|p1a: Landorus|Landorus-Therian, M|100/100
|-ability|p1a: Landorus|Intimidate|boost
|-unboost|p2a: Mienshao|atk|1
|turn|4
|
|t:|1665338737
|switch|p2a: Corviknight|Corviknight, F|100/100
|-ability|p2a: Corviknight|Pressure
|move|p1a: Landorus|Knock Off|p2a: Corviknight
|-damage|p2a: Corviknight|79/100
|-enditem|p2a: Corviknight|Leftovers|[from] move: Knock Off|[of] p1a: Landorus
|
|-weather|Hail|[upkeep]
|-damage|p1a: Landorus|94/100|[from] Hail
|-damage|p2a: Corviknight|73/100|[from] Hail
|upkeep
|turn|5
|
|t:|1665338743
|move|p1a: Landorus|Knock Off|p2a: Corviknight
|-damage|p2a: Corviknight|59/100
|move|p2a: Corviknight|U-turn|p1a: Landorus
|-resisted|p1a: Landorus
|-damage|p1a: Landorus|88/100
|-damage|p2a: Corviknight|42/100|[from] item: Rocky Helmet|[of] p1a: Landorus
|
|t:|1665338748
|switch|p2a: Ninetales|Ninetales-Alola, F|100/100|[from]move: U-turn
|
|-weather|none
|upkeep
|turn|6
|
|t:|1665338759
|switch|p2a: Mienshao|Mienshao, F, shiny|83/100
|switch|p1a: Clefable|Clefable, F, shiny|100/100
|
|upkeep
|turn|7
|
|t:|1665338765
|move|p2a: Mienshao|Poison Jab|p1a: Clefable
|-supereffective|p1a: Clefable
|-damage|p1a: Clefable|24/100
|-damage|p2a: Mienshao|73/100|[from] item: Life Orb
|move|p1a: Clefable|Trick|p2a: Mienshao
|-activate|p1a: Clefable|move: Trick|[of] p2a: Mienshao
|-item|p2a: Mienshao|Sticky Barb|[from] move: Trick
|-item|p1a: Clefable|Life Orb|[from] move: Trick
|
|-damage|p2a: Mienshao|61/100|[from] item: Sticky Barb
|upkeep
|turn|8
|j| T_Blizzy
|
|t:|1665338772
|switch|p1a: Landorus|Landorus-Therian, M|88/100
|-ability|p1a: Landorus|Intimidate|boost
|-unboost|p2a: Mienshao|atk|1
|move|p2a: Mienshao|Knock Off|p1a: Landorus
|-damage|p1a: Landorus|70/100
|-damage|p2a: Mienshao|44/100|[from] item: Rocky Helmet|[of] p1a: Landorus
|-enditem|p1a: Landorus|Rocky Helmet|[from] move: Knock Off|[of] p2a: Mienshao
|
|-damage|p2a: Mienshao|32/100|[from] item: Sticky Barb
|upkeep
|turn|9
|inactive|Battle timer is ON: inactive players will automatically lose when time's up. (requested by ty-tyui↻)
|
|t:|1665338784
|move|p2a: Mienshao|U-turn|p1a: Landorus
|-resisted|p1a: Landorus
|-damage|p1a: Landorus|63/100
|
|t:|1665338790
|switch|p2a: Corviknight|Corviknight, F|42/100|[from]move: U-turn
|-ability|p2a: Corviknight|Pressure
|move|p1a: Landorus|Knock Off|p2a: Corviknight
|-damage|p2a: Corviknight|29/100
|
|upkeep
|turn|10
|
|t:|1665338793
|move|p1a: Landorus|Explosion|p2a: Corviknight
|-resisted|p2a: Corviknight
|-damage|p2a: Corviknight|3/100
|faint|p1a: Landorus
|move|p2a: Corviknight|Roost|p2a: Corviknight
|-heal|p2a: Corviknight|53/100
|-singleturn|p2a: Corviknight|move: Roost
|
|upkeep
|
|t:|1665338796
|switch|p1a: Heatran|Heatran, F, shiny|94/100
|-item|p1a: Heatran|Air Balloon
|turn|11
|
|t:|1665338798
|switch|p2a: Rotom|Rotom-Wash|100/100
|move|p1a: Heatran|Magma Storm|p2a: Rotom
|-resisted|p2a: Rotom
|-damage|p2a: Rotom|77/100
|-activate|p2a: Rotom|move: Magma Storm|[of] p1a: Heatran
|
|-heal|p2a: Rotom|84/100|[from] item: Leftovers
|-damage|p2a: Rotom|71/100|[from] move: Magma Storm|[partiallytrapped]
|upkeep
|turn|12
|
|t:|1665338803
|move|p1a: Heatran|Stealth Rock|p2a: Rotom
|-sidestart|p2: ty-tyui↻|move: Stealth Rock
|move|p2a: Rotom|Volt Switch|p1a: Heatran
|-damage|p1a: Heatran|69/100
|-enditem|p1a: Heatran|Air Balloon
|
|t:|1665338806
|switch|p2a: Mienshao|Mienshao, F, shiny|65/100|[from]move: Volt Switch
|-damage|p2a: Mienshao|60/100|[from] Stealth Rock
|
|-damage|p2a: Mienshao|47/100|[from] item: Sticky Barb
|upkeep
|turn|13
|
|t:|1665338811
|switch|p1a: Clefable|Clefable, F, shiny|24/100
|move|p2a: Mienshao|Close Combat|p1a: Clefable
|-resisted|p1a: Clefable
|-damage|p1a: Clefable|0 fnt
|-unboost|p2a: Mienshao|def|1
|-unboost|p2a: Mienshao|spd|1
|faint|p1a: Clefable
|
|-damage|p2a: Mienshao|35/100|[from] item: Sticky Barb
|upkeep
|
|t:|1665338812
|switch|p1a: bracolosse|Dragonite, M|100/100
|turn|14
|
|t:|1665338815
|move|p2a: Mienshao|U-turn|p1a: bracolosse
|-resisted|p1a: bracolosse
|-damage|p1a: bracolosse|94/100
|
|t:|1665338818
|switch|p2a: Rotom|Rotom-Wash|71/100|[from]move: U-turn
|-damage|p2a: Rotom|59/100|[from] Stealth Rock
|move|p1a: bracolosse|Dragon Dance|p1a: bracolosse
|-boost|p1a: bracolosse|atk|1
|-boost|p1a: bracolosse|spe|1
|
|-heal|p2a: Rotom|65/100|[from] item: Leftovers
|upkeep
|turn|15
|
|t:|1665338822
|move|p1a: bracolosse|Dragon Dance|p1a: bracolosse
|-boost|p1a: bracolosse|atk|1
|-boost|p1a: bracolosse|spe|1
|move|p2a: Rotom|Thunder Wave|p1a: bracolosse
|-status|p1a: bracolosse|par
|
|-heal|p2a: Rotom|71/100|[from] item: Leftovers
|upkeep
|turn|16
|
|t:|1665338826
|cant|p1a: bracolosse|par
|move|p2a: Rotom|Volt Switch|p1a: bracolosse
|-damage|p1a: bracolosse|66/100 par
|
|t:|1665338839
|switch|p2a: Ninetales|Ninetales-Alola, F|100/100|[from]move: Volt Switch
|-damage|p2a: Ninetales|76/100|[from] Stealth Rock
|-weather|Hail|[from] ability: Snow Warning|[of] p2a: Ninetales
|
|-weather|Hail|[upkeep]
|-damage|p1a: bracolosse|60/100 par|[from] Hail
|upkeep
|turn|17
|
|t:|1665338842
|move|p2a: Ninetales|Blizzard|p1a: bracolosse
|-supereffective|p1a: bracolosse
|-damage|p1a: bracolosse|0 fnt
|faint|p1a: bracolosse
|
|-weather|Hail|[upkeep]
|upkeep
|
|t:|1665338851
|switch|p1a: Heatran|Heatran, F, shiny|69/100
|turn|18
|
|t:|1665338856
|switch|p2a: Rotom|Rotom-Wash|71/100
|-damage|p2a: Rotom|59/100|[from] Stealth Rock
|move|p1a: Heatran|Magma Storm|p2a: Rotom|[miss]
|-miss|p1a: Heatran|p2a: Rotom
|
|-weather|Hail|[upkeep]
|-damage|p1a: Heatran|63/100|[from] Hail
|-damage|p2a: Rotom|52/100|[from] Hail
|-heal|p2a: Rotom|59/100|[from] item: Leftovers
|upkeep
|turn|19
|
|t:|1665338859
|move|p1a: Heatran|Magma Storm|p2a: Rotom
|-resisted|p2a: Rotom
|-damage|p2a: Rotom|39/100
|-activate|p2a: Rotom|move: Magma Storm|[of] p1a: Heatran
|move|p2a: Rotom|Hydro Pump|p1a: Heatran
|-supereffective|p1a: Heatran
|-damage|p1a: Heatran|0 fnt
|faint|p1a: Heatran
|
|-weather|Hail|[upkeep]
|-damage|p2a: Rotom|33/100|[from] Hail
|-heal|p2a: Rotom|39/100|[from] item: Leftovers
|-end|p2a: Rotom|Magma Storm|[partiallytrapped]|[silent]
|upkeep
|
|t:|1665338861
|switch|p1a: Tapu Koko|Tapu Koko|100/100
|-fieldstart|move: Electric Terrain|[from] ability: Electric Surge|[of] p1a: Tapu Koko
|turn|20
|
|t:|1665338865
|move|p1a: Tapu Koko|Calm Mind|p1a: Tapu Koko
|-boost|p1a: Tapu Koko|spa|1
|-boost|p1a: Tapu Koko|spd|1
|move|p2a: Rotom|Volt Switch|p1a: Tapu Koko
|-resisted|p1a: Tapu Koko
|-damage|p1a: Tapu Koko|88/100
|
|t:|1665338867
|switch|p2a: Landorus|Landorus-Therian, M|100/100|[from]move: Volt Switch
|-damage|p2a: Landorus|88/100|[from] Stealth Rock
|-ability|p2a: Landorus|Intimidate|boost
|-unboost|p1a: Tapu Koko|atk|1
|
|-weather|none
|-heal|p2a: Landorus|94/100|[from] item: Leftovers
|upkeep
|turn|21
|
|t:|1665338870
|move|p1a: Tapu Koko|Dazzling Gleam|p2a: Landorus
|-damage|p2a: Landorus|58/100
|move|p2a: Landorus|Earthquake|p1a: Tapu Koko
|-supereffective|p1a: Tapu Koko
|-damage|p1a: Tapu Koko|0 fnt
|faint|p1a: Tapu Koko
|
|win|ty-tyui↻
|raw|dydy91610's rating: 1550 &rarr; <strong>1531</strong><br />(-19 for losing)
|raw|ty-tyui↻'s rating: 1567 &rarr; <strong>1586</strong><br />(+19 for winning)
|l|☆dydy91610
