|j|☆ironwater
|j|‽antarctozolt
|inactive|Battle timer is ON: inactive players will automatically lose when time's up.
|t:|1660665419
|gametype|singles
|player|p1|ironwater|melony|
|player|p2|antarctozolt|skier|
|teamsize|p1|6
|teamsize|p2|6
|gen|8
|tier|[Gen 8] OU
|rated|Tournament battle
|rule|Sleep Clause Mod: Limit one foe put to sleep
|rule|Species Clause: Limit one of each Pokémon
|rule|OHKO Clause: OHKO moves are banned
|rule|Evasion Items Clause: Evasion items are banned
|rule|Evasion Moves Clause: Evasion moves are banned
|rule|Endless Battle Clause: Forcing endless battles is banned
|rule|HP Percentage Mod: HP is shown in percentages
|rule|Dynamax Clause: You cannot dynamax
|clearpoke
|poke|p1|Tyranitar, M|
|poke|p1|Excadrill, M|
|poke|p1|Rotom-Wash|
|poke|p1|Tangrowth, F|
|poke|p1|Clefable, F|
|poke|p1|Slowking-Galar, M|
|poke|p2|Mew|
|poke|p2|Zeraora|
|poke|p2|Kartana|
|poke|p2|Blacephalon|
|poke|p2|Tapu Bulu|
|poke|p2|Weavile, F|
|teampreview
|c|☆ironwater|hf
|j| jazzyooop
|l| jazzyooop
|j| retb3
|j|@Mimikyu Stardust
|inactive|ironwater has 120 seconds left.
|inactive|antarctozolt has 120 seconds left.
|
|t:|1660665461
|start
|switch|p1a: Tyranitar|Tyranitar, M|100/100
|switch|p2a: Mew|Mew|100/100
|-weather|Sandstorm|[from] ability: Sand Stream|[of] p1a: Tyranitar
|turn|1
|j|%Sww-Suwa
|
|t:|1660665465
|move|p2a: Mew|Stealth Rock|p1a: Tyranitar
|-sidestart|p1: ironwater|move: Stealth Rock
|move|p1a: Tyranitar|Crunch|p2a: Mew
|-supereffective|p2a: Mew
|-enditem|p2a: Mew|Colbur Berry|[eat]
|-enditem|p2a: Mew|Colbur Berry|[weaken]
|-damage|p2a: Mew|46/100
|
|-weather|Sandstorm|[upkeep]
|-damage|p2a: Mew|40/100|[from] Sandstorm
|upkeep
|turn|2
|
|t:|1660665470
|move|p2a: Mew|Spikes|p1a: Tyranitar
|-sidestart|p1: ironwater|Spikes
|move|p1a: Tyranitar|Crunch|p2a: Mew
|-supereffective|p2a: Mew
|-damage|p2a: Mew|0 fnt
|faint|p2a: Mew
|
|-weather|Sandstorm|[upkeep]
|upkeep
|j| jazzyooop
|
|t:|1660665475
|switch|p2a: Zeraora|Zeraora|100/100
|turn|3
|
|t:|1660665479
|switch|p1a: Tangrowth|Tangrowth, F|100/100
|-damage|p1a: Tangrowth|88/100|[from] Stealth Rock
|-damage|p1a: Tangrowth|76/100|[from] Spikes
|move|p2a: Zeraora|Knock Off|p1a: Tangrowth
|-damage|p1a: Tangrowth|60/100
|-damage|p2a: Zeraora|84/100|[from] item: Rocky Helmet|[of] p1a: Tangrowth
|-enditem|p1a: Tangrowth|Rocky Helmet|[from] move: Knock Off|[of] p2a: Zeraora
|
|-weather|Sandstorm|[upkeep]
|-damage|p2a: Zeraora|78/100|[from] Sandstorm
|-damage|p1a: Tangrowth|54/100|[from] Sandstorm
|upkeep
|turn|4
|
|t:|1660665488
|move|p2a: Zeraora|Close Combat|p1a: Tangrowth
|-damage|p1a: Tangrowth|32/100
|-unboost|p2a: Zeraora|def|1
|-unboost|p2a: Zeraora|spd|1
|-enditem|p2a: Zeraora|Eject Pack
|j| iqpweqorhqrowipe1
|j| criminelly
|
|t:|1660665491
|switch|p2a: Kartana|Kartana|100/100
|move|p1a: Tangrowth|Knock Off|p2a: Kartana
|-damage|p2a: Kartana|77/100
|-enditem|p2a: Kartana|Choice Scarf|[from] move: Knock Off|[of] p1a: Tangrowth
|
|-weather|Sandstorm|[upkeep]
|-damage|p1a: Tangrowth|26/100|[from] Sandstorm
|upkeep
|turn|5
|j| TR23
|
|t:|1660665517
|switch|p1a: Slowking|Slowking-Galar, M|100/100
|move|p2a: Kartana|Smart Strike|p1a: Slowking
|-damage|p1a: Slowking|61/100
|
|-weather|none
|upkeep
|turn|6
|
|t:|1660665535
|switch|p1a: Clefable|Clefable, F|100/100
|move|p2a: Kartana|Smart Strike|p1a: Clefable
|-supereffective|p1a: Clefable
|-damage|p1a: Clefable|30/100
|-damage|p2a: Kartana|60/100|[from] item: Rocky Helmet|[of] p1a: Clefable
|
|upkeep
|turn|7
|j| Pedrich2
|inactive|ironwater has 120 seconds left.
|
|t:|1660665551
|move|p2a: Kartana|Smart Strike|p1a: Clefable
|-supereffective|p1a: Clefable
|-damage|p1a: Clefable|0 fnt
|-damage|p2a: Kartana|44/100|[from] item: Rocky Helmet|[of] p1a: Clefable
|faint|p1a: Clefable
|-ability|p2a: Kartana|Beast Boost|boost
|-boost|p2a: Kartana|atk|1
|
|upkeep
|inactive|ironwater has 120 seconds left.
|
|t:|1660665556
|switch|p1a: Slowking|Slowking-Galar, M|95/100
|turn|8
|
|t:|1660665559
|move|p2a: Kartana|Knock Off|p1a: Slowking
|-supereffective|p1a: Slowking
|-damage|p1a: Slowking|0 fnt
|-enditem|p1a: Slowking|Heavy-Duty Boots|[from] move: Knock Off|[of] p2a: Kartana
|faint|p1a: Slowking
|-ability|p2a: Kartana|Beast Boost|boost
|-boost|p2a: Kartana|atk|1
|
|upkeep
|
|t:|1660665564
|switch|p1a: Tyranitar|Tyranitar, M|100/100
|-damage|p1a: Tyranitar|88/100|[from] Stealth Rock
|-damage|p1a: Tyranitar|76/100|[from] Spikes
|-weather|Sandstorm|[from] ability: Sand Stream|[of] p1a: Tyranitar
|turn|9
|
|t:|1660665567
|move|p2a: Kartana|Leaf Blade|p1a: Tyranitar
|-supereffective|p1a: Tyranitar
|-damage|p1a: Tyranitar|0 fnt
|faint|p1a: Tyranitar
|-ability|p2a: Kartana|Beast Boost|boost
|-boost|p2a: Kartana|atk|1
|
|-weather|Sandstorm|[upkeep]
|upkeep
|
|t:|1660665568
|switch|p1a: Excadrill|Excadrill, M|100/100
|-damage|p1a: Excadrill|97/100|[from] Stealth Rock
|-damage|p1a: Excadrill|85/100|[from] Spikes
|turn|10
|
|t:|1660665573
|switch|p2a: Tapu Bulu|Tapu Bulu|100/100
|-fieldstart|move: Grassy Terrain|[from] ability: Grassy Surge|[of] p2a: Tapu Bulu
|move|p1a: Excadrill|Iron Head|p2a: Tapu Bulu
|-supereffective|p2a: Tapu Bulu
|-damage|p2a: Tapu Bulu|0 fnt
|faint|p2a: Tapu Bulu
|
|-weather|Sandstorm|[upkeep]
|-heal|p1a: Excadrill|91/100|[from] Grassy Terrain
|upkeep
|
|t:|1660665576
|switch|p2a: Kartana|Kartana|44/100
|turn|11
|
|t:|1660665581
|move|p1a: Excadrill|Iron Head|p2a: Kartana
|-resisted|p2a: Kartana
|-damage|p2a: Kartana|9/100
|move|p2a: Kartana|Leaf Blade|p1a: Excadrill
|-damage|p1a: Excadrill|0 fnt
|faint|p1a: Excadrill
|-ability|p2a: Kartana|Beast Boost|boost
|-boost|p2a: Kartana|atk|1
|
|-weather|Sandstorm|[upkeep]
|-heal|p2a: Kartana|15/100|[from] Grassy Terrain
|upkeep
|
|t:|1660665583
|switch|p1a: Tangrowth|Tangrowth, F|59/100
|-damage|p1a: Tangrowth|47/100|[from] Stealth Rock
|-damage|p1a: Tangrowth|34/100|[from] Spikes
|turn|12
|
|t:|1660665586
|move|p2a: Kartana|Smart Strike|p1a: Tangrowth
|-damage|p1a: Tangrowth|0 fnt
|faint|p1a: Tangrowth
|-ability|p2a: Kartana|Beast Boost|boost
|-boost|p2a: Kartana|atk|1
|
|-weather|Sandstorm|[upkeep]
|-heal|p2a: Kartana|21/100|[from] Grassy Terrain
|upkeep
|c|☆ironwater|gg
|-message|ironwater forfeited.
|
|win|antarctozolt
|n|☆ironwater|ironwater
|n|‽antarctozolt|antarctozolt
|n| retb3|retb3
|n| Mimikyu Stardust|mimikyustardust
|n| Sww-Suwa|swwsuwa
|n| jazzyooop|jazzyooop
|n| iqpweqorhqrowipe1|iqpweqorhqrowipe1
|n| criminelly|criminelly
|n| TR23|tr23
|n| Pedrich2|pedrich2
|l| Sww-Suwa
|l| TR23
