|j|☆OPJellicent
|j|☆Sombra Diurna
|t:|1624138501
|gametype|singles
|player|p1|OPJellicent|lucas-gen4pt|1648
|player|p2|Sombra Diurna|blue|1673
|teamsize|p1|6
|teamsize|p2|6
|gen|8
|tier|[Gen 8] OU
|rated|
|rule|Sleep Clause Mod: Limit one foe put to sleep
|rule|Species Clause: Limit one of each Pokémon
|rule|OHKO Clause: OHKO moves are banned
|rule|Evasion Moves Clause: Evasion moves are banned
|rule|Endless Battle Clause: Forcing endless battles is banned
|rule|HP Percentage Mod: HP is shown in percentages
|rule|Dynamax Clause: You cannot dynamax
|clearpoke
|poke|p1|Urshifu-*, M|
|poke|p1|Clefable, F|
|poke|p1|Kyurem|
|poke|p1|Landorus-Therian, M|
|poke|p1|Dragapult, F|
|poke|p1|Corviknight, M|
|poke|p2|Slowbro, M|
|poke|p2|Hatterene, F|
|poke|p2|Marowak-Alola, F|
|poke|p2|Ferrothorn, F|
|poke|p2|Garchomp, F|
|poke|p2|Drampa, F|
|teampreview
|
|t:|1624138513
|start
|switch|p1a: Dragapult|Dragapult, F, shiny|100/100
|switch|p2a: Sonso|Slowbro, M|100/100
|turn|1
|
|t:|1624138518
|switch|p2a: Thorns|Ferrothorn, F|100/100
|move|p1a: Dragapult|Shadow Ball|p2a: Thorns
|-damage|p2a: Thorns|67/100
|
|-heal|p2a: Thorns|74/100|[from] item: Leftovers
|upkeep
|turn|2
|
|t:|1624138535
|switch|p1a: Landorus|Landorus-Therian, M, shiny|100/100
|-ability|p1a: Landorus|Intimidate|boost
|-unboost|p2a: Thorns|atk|1
|move|p2a: Thorns|Leech Seed|p1a: Landorus
|-start|p1a: Landorus|move: Leech Seed
|
|-heal|p2a: Thorns|80/100|[from] item: Leftovers
|-damage|p1a: Landorus|88/100|[from] Leech Seed|[of] p2a: Thorns
|-heal|p2a: Thorns|93/100|[silent]
|upkeep
|turn|3
|
|t:|1624138551
|move|p1a: Landorus|Knock Off|p2a: Thorns
|-damage|p2a: Thorns|71/100
|-damage|p1a: Landorus|76/100|[from] ability: Iron Barbs|[of] p2a: Thorns
|-enditem|p2a: Thorns|Leftovers|[from] move: Knock Off|[of] p1a: Landorus
|move|p2a: Thorns|Stealth Rock|p1a: Landorus
|-sidestart|p1: OPJellicent|move: Stealth Rock
|
|-heal|p1a: Landorus|82/100|[from] item: Leftovers
|-damage|p1a: Landorus|70/100|[from] Leech Seed|[of] p2a: Thorns
|-heal|p2a: Thorns|84/100|[silent]
|upkeep
|turn|4
|j| theredcordial
|
|t:|1624138564
|switch|p2a: Sonso|Slowbro, M|100/100
|move|p1a: Landorus|Stealth Rock|p2a: Sonso
|-sidestart|p2: Sombra Diurna|move: Stealth Rock
|
|-heal|p1a: Landorus|76/100|[from] item: Leftovers
|-damage|p1a: Landorus|63/100|[from] Leech Seed|[of] p2a: Sonso
|upkeep
|turn|5
|
|t:|1624138572
|move|p1a: Landorus|U-turn|p2a: Sonso
|-supereffective|p2a: Sonso
|-damage|p2a: Sonso|75/100
|
|t:|1624138575
|switch|p1a: Clefable|Clefable, F, shiny|100/100|[from]move: U-turn
|move|p2a: Sonso|Trick Room|p2a: Sonso
|-fieldstart|move: Trick Room|[of] p2a: Sonso
|
|upkeep
|turn|6
|j| Xephix
|
|t:|1624138581
|switch|p2a: Billy B.|Marowak-Alola, F|100/100
|-damage|p2a: Billy B.|76/100|[from] Stealth Rock
|move|p1a: Clefable|Knock Off|p2a: Billy B.
|-supereffective|p2a: Billy B.
|-damage|p2a: Billy B.|45/100
|-enditem|p2a: Billy B.|Thick Club|[from] move: Knock Off|[of] p1a: Clefable
|
|upkeep
|turn|7
|
|t:|1624138593
|move|p2a: Billy B.|Swords Dance|p2a: Billy B.
|-boost|p2a: Billy B.|atk|2
|move|p1a: Clefable|Moonblast|p2a: Billy B.
|-resisted|p2a: Billy B.
|-crit|p2a: Billy B.
|-damage|p2a: Billy B.|13/100
|
|upkeep
|turn|8
|
|t:|1624138601
|move|p2a: Billy B.|Flare Blitz|p1a: Clefable
|-damage|p1a: Clefable|12/100
|move|p1a: Clefable|Moonblast|p2a: Billy B.
|-resisted|p2a: Billy B.
|-damage|p2a: Billy B.|0 fnt
|faint|p2a: Billy B.
|
|-heal|p1a: Clefable|18/100|[from] item: Leftovers
|upkeep
|c|☆Sombra Diurna|nice skill
|
|t:|1624138609
|switch|p2a: Falko|Drampa, F|100/100
|-damage|p2a: Falko|88/100|[from] Stealth Rock
|turn|9
|
|t:|1624138615
|move|p2a: Falko|Thunderbolt|p1a: Clefable
|-damage|p1a: Clefable|0 fnt
|faint|p1a: Clefable
|-damage|p2a: Falko|78/100|[from] item: Life Orb
|
|-fieldend|move: Trick Room
|upkeep
|j| jsdksldkm
|
|t:|1624138620
|switch|p1a: Kyurem|Kyurem|100/100
|-damage|p1a: Kyurem|76/100|[from] Stealth Rock
|-ability|p1a: Kyurem|Pressure
|turn|10
|
|t:|1624138628
|switch|p2a: Thorns|Ferrothorn, F|84/100
|-damage|p2a: Thorns|78/100|[from] Stealth Rock
|move|p1a: Kyurem|Freeze-Dry|p2a: Thorns
|-damage|p2a: Thorns|39/100
|
|upkeep
|turn|11
|
|t:|1624138636
|move|p1a: Kyurem|Freeze-Dry|p2a: Thorns
|-damage|p2a: Thorns|0 fnt
|faint|p2a: Thorns
|
|upkeep
|
|t:|1624138649
|switch|p2a: Hatterene|Hatterene, F|100/100
|-damage|p2a: Hatterene|88/100|[from] Stealth Rock
|turn|12
|
|t:|1624138654
|move|p1a: Kyurem|Freeze-Dry|p2a: Hatterene
|-damage|p2a: Hatterene|40/100
|move|p2a: Hatterene|Draining Kiss|p1a: Kyurem
|-supereffective|p1a: Kyurem
|-damage|p1a: Kyurem|31/100
|-heal|p2a: Hatterene|82/100|[from] drain|[of] p1a: Kyurem
|
|upkeep
|turn|13
|
|t:|1624138666
|move|p1a: Kyurem|Freeze-Dry|p2a: Hatterene
|-damage|p2a: Hatterene|37/100
|move|p2a: Hatterene|Draining Kiss|p1a: Kyurem
|-supereffective|p1a: Kyurem
|-damage|p1a: Kyurem|0 fnt
|-heal|p2a: Hatterene|65/100|[from] drain|[of] p1a: Kyurem
|faint|p1a: Kyurem
|
|upkeep
|
|t:|1624138669
|switch|p1a: Urshifu|Urshifu-Rapid-Strike, M|100/100
|-damage|p1a: Urshifu|94/100|[from] Stealth Rock
|turn|14
|
|t:|1624138679
|move|p1a: Urshifu|Surging Strikes|p2a: Hatterene
|-crit|p2a: Hatterene
|-damage|p2a: Hatterene|34/100
|-crit|p2a: Hatterene
|-damage|p2a: Hatterene|0 fnt
|faint|p2a: Hatterene
|-hitcount|p2: Hatterene|2
|
|upkeep
|j| cityfolk
|
|t:|1624138690
|switch|p2a: Sharpo|Garchomp, F|100/100
|-damage|p2a: Sharpo|94/100|[from] Stealth Rock
|turn|15
|
|t:|1624138696
|move|p2a: Sharpo|Swords Dance|p2a: Sharpo
|-boost|p2a: Sharpo|atk|2
|move|p1a: Urshifu|Surging Strikes|p2a: Sharpo
|-crit|p2a: Sharpo
|-damage|p2a: Sharpo|64/100
|-damage|p1a: Urshifu|82/100|[from] ability: Rough Skin|[of] p2a: Sharpo
|-crit|p2a: Sharpo
|-damage|p2a: Sharpo|34/100
|-damage|p1a: Urshifu|70/100|[from] ability: Rough Skin|[of] p2a: Sharpo
|-crit|p2a: Sharpo
|-damage|p2a: Sharpo|3/100
|-damage|p1a: Urshifu|57/100|[from] ability: Rough Skin|[of] p2a: Sharpo
|-hitcount|p2a: Sharpo|3
|
|-heal|p2a: Sharpo|9/100|[from] item: Leftovers
|upkeep
|turn|16
|
|t:|1624138711
|switch|p1a: Landorus|Landorus-Therian, M, shiny|63/100
|-damage|p1a: Landorus|51/100|[from] Stealth Rock
|-ability|p1a: Landorus|Intimidate|boost
|-unboost|p2a: Sharpo|atk|1
|move|p2a: Sharpo|Scale Shot|p1a: Landorus
|-damage|p1a: Landorus|36/100
|-damage|p1a: Landorus|20/100
|-damage|p1a: Landorus|4/100
|-hitcount|p1a: Landorus|3
|-unboost|p2a: Sharpo|def|1
|-boost|p2a: Sharpo|spe|1
|
|-heal|p2a: Sharpo|15/100|[from] item: Leftovers
|-heal|p1a: Landorus|10/100|[from] item: Leftovers
|upkeep
|turn|17
|j| iWidow
|
|t:|1624138726
|move|p2a: Sharpo|Scale Shot|p1a: Landorus
|-damage|p1a: Landorus|0 fnt
|faint|p1a: Landorus
|-hitcount|p1: Landorus|1
|-unboost|p2a: Sharpo|def|1
|-boost|p2a: Sharpo|spe|1
|
|-heal|p2a: Sharpo|21/100|[from] item: Leftovers
|upkeep
|
|t:|1624138731
|switch|p1a: Urshifu|Urshifu-Rapid-Strike, M|57/100
|-damage|p1a: Urshifu|51/100|[from] Stealth Rock
|turn|18
|
|t:|1624138737
|switch|p2a: Sonso|Slowbro, M|100/100
|-damage|p2a: Sonso|88/100|[from] Stealth Rock
|move|p1a: Urshifu|Aqua Jet|p2a: Sonso
|-resisted|p2a: Sonso
|-damage|p2a: Sonso|79/100
|
|upkeep
|turn|19
|
|t:|1624138744
|switch|p1a: Dragapult|Dragapult, F, shiny|100/100
|-damage|p1a: Dragapult|88/100|[from] Stealth Rock
|move|p2a: Sonso|Trick Room|p2a: Sonso
|-fieldstart|move: Trick Room|[of] p2a: Sonso
|
|upkeep
|turn|20
|j| jorginhoojenio
|
|t:|1624138757
|switch|p2a: Sharpo|Garchomp, F|21/100
|-damage|p2a: Sharpo|15/100|[from] Stealth Rock
|move|p1a: Dragapult|Draco Meteor|p2a: Sharpo
|-supereffective|p2a: Sharpo
|-damage|p2a: Sharpo|0 fnt
|-unboost|p1a: Dragapult|spa|2
|faint|p2a: Sharpo
|
|upkeep
|
|t:|1624138765
|switch|p2a: Falko|Drampa, F|78/100
|-damage|p2a: Falko|66/100|[from] Stealth Rock
|turn|21
|
|t:|1624138774
|switch|p1a: Corviknight|Corviknight, M, shiny|100/100
|-damage|p1a: Corviknight|88/100|[from] Stealth Rock
|-ability|p1a: Corviknight|Pressure
|move|p2a: Falko|Thunderbolt|p1a: Corviknight
|-supereffective|p1a: Corviknight
|-damage|p1a: Corviknight|0 fnt
|faint|p1a: Corviknight
|-damage|p2a: Falko|56/100|[from] item: Life Orb
|
|upkeep
|
|t:|1624138777
|switch|p1a: Dragapult|Dragapult, F, shiny|88/100
|-damage|p1a: Dragapult|76/100|[from] Stealth Rock
|turn|22
|
|t:|1624138788
|switch|p1a: Urshifu|Urshifu-Rapid-Strike, M|51/100
|-damage|p1a: Urshifu|45/100|[from] Stealth Rock
|move|p2a: Falko|Thunderbolt|p1a: Urshifu
|-supereffective|p1a: Urshifu
|-damage|p1a: Urshifu|0 fnt
|faint|p1a: Urshifu
|-damage|p2a: Falko|47/100|[from] item: Life Orb
|
|upkeep
|
|t:|1624138790
|switch|p1a: Dragapult|Dragapult, F, shiny|76/100
|-damage|p1a: Dragapult|64/100|[from] Stealth Rock
|turn|23
|j| WHCET
|
|t:|1624138806
|move|p2a: Falko|Roost|p2a: Falko
|-heal|p2a: Falko|97/100
|-singleturn|p2a: Falko|move: Roost
|move|p1a: Dragapult|Draco Meteor|p2a: Falko
|-supereffective|p2a: Falko
|-crit|p2a: Falko
|-damage|p2a: Falko|0 fnt
|-unboost|p1a: Dragapult|spa|2
|faint|p2a: Falko
|
|-fieldend|move: Trick Room
|upkeep
|
|t:|1624138815
|switch|p2a: Sonso|Slowbro, M|100/100
|-damage|p2a: Sonso|88/100|[from] Stealth Rock
|turn|24
|
|t:|1624138819
|move|p1a: Dragapult|Draco Meteor|p2a: Sonso
|-damage|p2a: Sonso|42/100
|-unboost|p1a: Dragapult|spa|2
|move|p2a: Sonso|Slack Off|p2a: Sonso
|-heal|p2a: Sonso|92/100
|
|upkeep
|turn|25
|c| iWidow|jellicent post again :(
|l| cityfolk
|
|t:|1624138826
|move|p1a: Dragapult|Draco Meteor|p2a: Sonso
|-crit|p2a: Sonso
|-damage|p2a: Sonso|0 fnt
|-unboost|p1a: Dragapult|spa|2
|faint|p2a: Sonso
|
|win|OPJellicent
|raw|OPJellicent's rating: 1648 &rarr; <strong>1669</strong><br />(+21 for winning)
|raw|Sombra Diurna's rating: 1673 &rarr; <strong>1652</strong><br />(-21 for losing)
|c|☆OPJellicent|lmao
|c|☆Sombra Diurna|lol
|c|☆OPJellicent|nice flex attempt bro
|c|☆OPJellicent|L
|c|☆Sombra Diurna|of curse skill
