|html|<div class="broadcast-blue"><strong>[Gen 8] OU is currently suspecting Melmetal! For information on how to participate check out the <a href="https://www.smogon.com/forums/threads/np-ss-ou-suspect-process-round-12-monster-mash.3709234/">suspect thread</a>.</strong></div>
|j|☆SuperTheoryBros
|j|☆exlipse
|t:|1666401474
|gametype|singles
|player|p1|SuperTheoryBros|265|1589
|player|p2|exlipse|scientist|1593
|teamsize|p1|6
|teamsize|p2|6
|gen|8
|tier|[Gen 8] OU
|rated|
|rule|Sleep Clause Mod: Limit one foe put to sleep
|rule|Species Clause: Limit one of each Pokémon
|rule|OHKO Clause: OHKO moves are banned
|rule|Evasion Items Clause: Evasion items are banned
|rule|Evasion Moves Clause: Evasion moves are banned
|rule|Endless Battle Clause: Forcing endless battles is banned
|rule|HP Percentage Mod: HP is shown in percentages
|rule|Dynamax Clause: You cannot dynamax
|clearpoke
|poke|p1|Pelipper, M|
|poke|p1|Seismitoad, M|
|poke|p1|Barraskewda, F|
|poke|p1|Dhelmise|
|poke|p1|Heliolisk, M|
|poke|p1|Heatran, M|
|poke|p2|Clefable, F|
|poke|p2|Toxapex, M|
|poke|p2|Reuniclus, F|
|poke|p2|Landorus-Therian, M|
|poke|p2|Dragonite, F|
|poke|p2|Corviknight, M|
|teampreview
|c|☆SuperTheoryBros|is this stall
|
|t:|1666401511
|start
|switch|p1a: Pelipper|Pelipper, M|100/100
|switch|p2a: Kei|Landorus-Therian, M|100/100
|-ability|p2a: Kei|Intimidate|boost
|-unboost|p1a: Pelipper|atk|1
|-weather|RainDance|[from] ability: Drizzle|[of] p1a: Pelipper
|turn|1
|
|t:|1666401519
|move|p2a: Kei|Knock Off|p1a: Pelipper
|-damage|p1a: Pelipper|70/100
|-enditem|p1a: Pelipper|Damp Rock|[from] move: Knock Off|[of] p2a: Kei
|move|p1a: Pelipper|Scald|p2a: Kei
|-supereffective|p2a: Kei
|-damage|p2a: Kei|2/100
|-status|p2a: Kei|brn
|
|-weather|RainDance|[upkeep]
|-damage|p2a: Kei|0 fnt|[from] brn
|faint|p2a: Kei
|upkeep
|c|☆exlipse|uhh idk u tell me
|
|t:|1666401527
|switch|p2a: Damo|Reuniclus, F|100/100
|turn|2
|
|t:|1666401546
|move|p1a: Pelipper|U-turn|p2a: Damo
|-supereffective|p2a: Damo
|-damage|p2a: Damo|89/100
|
|t:|1666401552
|switch|p1a: Heliolisk|Heliolisk, M|100/100|[from]move: U-turn
|move|p2a: Damo|Future Sight|p1a: Heliolisk
|-start|p2a: Damo|move: Future Sight
|
|-weather|RainDance|[upkeep]
|upkeep
|turn|3
|
|t:|1666401562
|move|p1a: Heliolisk|Thunder|p2a: Damo
|-damage|p2a: Damo|67/100
|move|p2a: Damo|Knock Off|p1a: Heliolisk
|-damage|p1a: Heliolisk|69/100
|-enditem|p1a: Heliolisk|Assault Vest|[from] move: Knock Off|[of] p2a: Damo
|
|-weather|RainDance|[upkeep]
|-heal|p1a: Heliolisk|82/100|[from] ability: Dry Skin
|upkeep
|turn|4
|
|t:|1666401579
|move|p1a: Heliolisk|Volt Switch|p2a: Damo
|-damage|p2a: Damo|52/100
|
|t:|1666401582
|switch|p1a: Heatran|Heatran, M|100/100|[from]move: Volt Switch
|-item|p1a: Heatran|Air Balloon
|move|p2a: Damo|Focus Blast|p1a: Heatran|[miss]
|-miss|p2a: Damo|p1a: Heatran
|
|-weather|RainDance|[upkeep]
|-end|p1a: Heatran|move: Future Sight
|-resisted|p1a: Heatran
|-damage|p1a: Heatran|81/100
|-enditem|p1a: Heatran|Air Balloon
|upkeep
|turn|5
|
|t:|1666401626
|move|p1a: Heatran|Toxic|p2a: Damo
|-status|p2a: Damo|tox
|move|p2a: Damo|Focus Blast|p1a: Heatran
|-supereffective|p1a: Heatran
|-damage|p1a: Heatran|22/100
|-unboost|p1a: Heatran|spd|1
|
|-weather|RainDance|[upkeep]
|-damage|p2a: Damo|46/100 tox|[from] psn
|upkeep
|turn|6
|
|t:|1666401643
|move|p1a: Heatran|Stealth Rock|p2a: Damo
|-sidestart|p2: exlipse|move: Stealth Rock
|move|p2a: Damo|Focus Blast|p1a: Heatran
|-supereffective|p1a: Heatran
|-damage|p1a: Heatran|0 fnt
|faint|p1a: Heatran
|
|-weather|RainDance|[upkeep]
|-damage|p2a: Damo|34/100 tox|[from] psn
|upkeep
|
|t:|1666401652
|switch|p1a: Barraskewda|Barraskewda, F|100/100
|turn|7
|
|t:|1666401661
|switch|p2a: Magent Magent|Toxapex, M|100/100
|-damage|p2a: Magent Magent|88/100|[from] Stealth Rock
|move|p1a: Barraskewda|Flip Turn|p2a: Magent Magent
|-resisted|p2a: Magent Magent
|-damage|p2a: Magent Magent|64/100
|
|t:|1666401675
|switch|p1a: Heliolisk|Heliolisk, M|82/100|[from]move: Flip Turn
|
|-weather|RainDance|[upkeep]
|-heal|p1a: Heliolisk|94/100|[from] ability: Dry Skin
|-heal|p2a: Magent Magent|70/100|[from] item: Black Sludge
|upkeep
|turn|8
|
|t:|1666401702
|switch|p2a: Joshu|Dragonite, F|100/100
|move|p1a: Heliolisk|Volt Switch|p2a: Joshu
|-crit|p2a: Joshu
|-damage|p2a: Joshu|79/100
|
|t:|1666401719
|switch|p1a: Seismitoad|Seismitoad, M|100/100|[from]move: Volt Switch
|
|-weather|none
|upkeep
|turn|9
|
|t:|1666401738
|switch|p1a: Dhelmise|Dhelmise|100/100
|move|p2a: Joshu|Dragon Dance|p2a: Joshu
|-boost|p2a: Joshu|atk|1
|-boost|p2a: Joshu|spe|1
|
|upkeep
|turn|10
|
|t:|1666401757
|switch|p1a: Pelipper|Pelipper, M|70/100
|-weather|RainDance|[from] ability: Drizzle|[of] p1a: Pelipper
|move|p2a: Joshu|Dual Wingbeat|p1a: Pelipper
|-damage|p1a: Pelipper|47/100
|-damage|p1a: Pelipper|22/100
|-hitcount|p1a: Pelipper|2
|
|-weather|RainDance|[upkeep]
|upkeep
|turn|11
|
|t:|1666401779
|move|p2a: Joshu|Dual Wingbeat|p1a: Pelipper
|-damage|p1a: Pelipper|0 fnt
|faint|p1a: Pelipper
|-hitcount|p1: Pelipper|1
|
|-weather|RainDance|[upkeep]
|upkeep
|
|t:|1666401783
|switch|p1a: Seismitoad|Seismitoad, M|100/100
|turn|12
|inactive|Battle timer is ON: inactive players will automatically lose when time's up. (requested by SuperTheoryBros)
|
|t:|1666401848
|move|p1a: Seismitoad|Icy Wind|p2a: Joshu
|-supereffective|p2a: Joshu
|-damage|p2a: Joshu|2/100
|-unboost|p2a: Joshu|spe|1
|move|p2a: Joshu|Dragon Dance|p2a: Joshu
|-boost|p2a: Joshu|atk|1
|-boost|p2a: Joshu|spe|1
|
|-weather|RainDance|[upkeep]
|upkeep
|turn|13
|
|t:|1666401856
|switch|p2a: Corviknight|Corviknight, M|100/100
|-damage|p2a: Corviknight|88/100|[from] Stealth Rock
|-ability|p2a: Corviknight|Pressure
|move|p1a: Seismitoad|Icy Wind|p2a: Corviknight
|-damage|p2a: Corviknight|72/100
|-unboost|p2a: Corviknight|spe|1
|
|-weather|RainDance|[upkeep]
|-heal|p2a: Corviknight|78/100|[from] item: Leftovers
|upkeep
|turn|14
|
|t:|1666401871
|switch|p1a: Heliolisk|Heliolisk, M|94/100
|move|p2a: Corviknight|Defog|p1a: Heliolisk
|-unboost|p1a: Heliolisk|evasion|1
|-sideend|p2: exlipse|Stealth Rock|[from] move: Defog|[of] p2a: Corviknight
|
|-weather|none
|-heal|p2a: Corviknight|84/100|[from] item: Leftovers
|upkeep
|turn|15
|
|t:|1666401888
|switch|p2a: Joshu|Dragonite, F|2/100
|move|p1a: Heliolisk|Volt Switch|p2a: Joshu
|-damage|p2a: Joshu|0 fnt
|faint|p2a: Joshu
|
|t:|1666401897
|switch|p1a: Dhelmise|Dhelmise|100/100|[from]move: Volt Switch
|
|upkeep
|
|t:|1666401900
|switch|p2a: Carne|Clefable, F|100/100
|turn|16
|
|t:|1666401911
|move|p2a: Carne|Aromatherapy|p2a: Carne
|-activate|p2a: Carne|move: Aromatherapy
|-curestatus|p2: Damo|tox|[msg]
|move|p1a: Dhelmise|Anchor Shot|p2a: Carne
|-supereffective|p2a: Carne
|-damage|p2a: Carne|47/100
|-activate|p2a: Carne|trapped
|
|-heal|p2a: Carne|53/100|[from] item: Leftovers
|upkeep
|turn|17
|
|t:|1666401921
|move|p2a: Carne|Protect|p2a: Carne
|-singleturn|p2a: Carne|Protect
|move|p1a: Dhelmise|Anchor Shot|p2a: Carne
|-activate|p2a: Carne|move: Protect
|
|-heal|p2a: Carne|59/100|[from] item: Leftovers
|upkeep
|turn|18
|
|t:|1666401927
|move|p2a: Carne|Wish|p2a: Carne
|move|p1a: Dhelmise|Knock Off|p2a: Carne
|-resisted|p2a: Carne
|-damage|p2a: Carne|48/100
|-enditem|p2a: Carne|Leftovers|[from] move: Knock Off|[of] p1a: Dhelmise
|
|upkeep
|turn|19
|
|t:|1666401934
|move|p2a: Carne|Protect|p2a: Carne
|-singleturn|p2a: Carne|Protect
|move|p1a: Dhelmise|Anchor Shot|p2a: Carne
|-activate|p2a: Carne|move: Protect
|
|-heal|p2a: Carne|98/100|[from] move: Wish|[wisher] Carne
|upkeep
|turn|20
|
|t:|1666401938
|move|p2a: Carne|Moonblast|p1a: Dhelmise
|-damage|p1a: Dhelmise|66/100
|move|p1a: Dhelmise|Anchor Shot|p2a: Carne
|-supereffective|p2a: Carne
|-damage|p2a: Carne|44/100
|
|upkeep
|turn|21
|
|t:|1666401942
|move|p2a: Carne|Moonblast|p1a: Dhelmise
|-damage|p1a: Dhelmise|29/100
|move|p1a: Dhelmise|Anchor Shot|p2a: Carne
|-supereffective|p2a: Carne
|-damage|p2a: Carne|0 fnt
|faint|p2a: Carne
|
|upkeep
|
|t:|1666401947
|switch|p2a: Corviknight|Corviknight, M|84/100
|-ability|p2a: Corviknight|Pressure
|turn|22
|
|t:|1666401969
|switch|p1a: Seismitoad|Seismitoad, M|100/100
|move|p2a: Corviknight|Brave Bird|p1a: Seismitoad
|-damage|p1a: Seismitoad|58/100
|-damage|p2a: Corviknight|72/100|[from] Recoil
|
|-heal|p2a: Corviknight|78/100|[from] item: Leftovers
|upkeep
|turn|23
|inactive|exlipse has 120 seconds left.
|
|t:|1666402006
|move|p1a: Seismitoad|Scald|p2a: Corviknight
|-damage|p2a: Corviknight|42/100
|move|p2a: Corviknight|Brave Bird|p1a: Seismitoad
|-damage|p1a: Seismitoad|9/100
|-damage|p2a: Corviknight|28/100|[from] Recoil
|
|-heal|p2a: Corviknight|34/100|[from] item: Leftovers
|upkeep
|turn|24
|inactive|SuperTheoryBros has 120 seconds left.
|
|t:|1666402024
|switch|p1a: Dhelmise|Dhelmise|29/100
|switch|p2a: Damo|Reuniclus, F|67/100
|
|upkeep
|turn|25
|inactive|SuperTheoryBros has 120 seconds left.
|j| Rainsleep
|
|t:|1666402043
|switch|p2a: Magent Magent|Toxapex, M|100/100
|move|p1a: Dhelmise|Knock Off|p2a: Magent Magent
|-damage|p2a: Magent Magent|82/100
|-enditem|p2a: Magent Magent|Black Sludge|[from] move: Knock Off|[of] p1a: Dhelmise
|
|upkeep
|turn|26
|
|t:|1666402047
|move|p2a: Magent Magent|Scald|p1a: Dhelmise
|-resisted|p1a: Dhelmise
|-damage|p1a: Dhelmise|19/100
|move|p1a: Dhelmise|Anchor Shot|p2a: Magent Magent
|-resisted|p2a: Magent Magent
|-damage|p2a: Magent Magent|72/100
|-activate|p2a: Magent Magent|trapped
|
|upkeep
|turn|27
|
|t:|1666402053
|move|p2a: Magent Magent|Baneful Bunker|p2a: Magent Magent
|-singleturn|p2a: Magent Magent|move: Protect
|move|p1a: Dhelmise|Rest|p1a: Dhelmise
|-status|p1a: Dhelmise|slp|[from] move: Rest
|-heal|p1a: Dhelmise|100/100 slp|[silent]
|
|upkeep
|turn|28
|
|t:|1666402059
|move|p2a: Magent Magent|Scald|p1a: Dhelmise
|-resisted|p1a: Dhelmise
|-damage|p1a: Dhelmise|91/100 slp
|cant|p1a: Dhelmise|slp
|
|upkeep
|turn|29
|
|t:|1666402065
|move|p2a: Magent Magent|Scald|p1a: Dhelmise
|-resisted|p1a: Dhelmise
|-damage|p1a: Dhelmise|82/100 slp
|cant|p1a: Dhelmise|slp
|
|upkeep
|turn|30
|
|t:|1666402069
|move|p2a: Magent Magent|Scald|p1a: Dhelmise
|-resisted|p1a: Dhelmise
|-damage|p1a: Dhelmise|73/100 slp
|-curestatus|p1a: Dhelmise|slp|[msg]
|move|p1a: Dhelmise|Knock Off|p2a: Magent Magent
|-crit|p2a: Magent Magent
|-damage|p2a: Magent Magent|54/100
|
|upkeep
|turn|31
|
|t:|1666402077
|move|p2a: Magent Magent|Scald|p1a: Dhelmise
|-resisted|p1a: Dhelmise
|-damage|p1a: Dhelmise|64/100
|move|p1a: Dhelmise|Anchor Shot|p2a: Magent Magent
|-resisted|p2a: Magent Magent
|-crit|p2a: Magent Magent
|-damage|p2a: Magent Magent|39/100
|
|upkeep
|turn|32
|
|t:|1666402092
|move|p2a: Magent Magent|Scald|p1a: Dhelmise
|-resisted|p1a: Dhelmise
|-crit|p1a: Dhelmise
|-damage|p1a: Dhelmise|50/100
|-status|p1a: Dhelmise|brn
|move|p1a: Dhelmise|Knock Off|p2a: Magent Magent
|-damage|p2a: Magent Magent|33/100
|
|-damage|p1a: Dhelmise|44/100 brn|[from] brn
|upkeep
|turn|33
|
|t:|1666402102
|move|p2a: Magent Magent|Scald|p1a: Dhelmise
|-resisted|p1a: Dhelmise
|-damage|p1a: Dhelmise|34/100 brn
|move|p1a: Dhelmise|Rest|p1a: Dhelmise
|-status|p1a: Dhelmise|slp|[from] move: Rest
|-heal|p1a: Dhelmise|100/100 slp|[silent]
|
|upkeep
|turn|34
|c|☆exlipse|do you really want to do this
|c|☆exlipse|i still win
|
|t:|1666402109
|move|p2a: Magent Magent|Recover|p2a: Magent Magent
|-heal|p2a: Magent Magent|83/100
|cant|p1a: Dhelmise|slp
|
|upkeep
|turn|35
|c|☆SuperTheoryBros|I don't think you win
|
|t:|1666402118
|move|p2a: Magent Magent|Scald|p1a: Dhelmise
|-resisted|p1a: Dhelmise
|-damage|p1a: Dhelmise|92/100 slp
|cant|p1a: Dhelmise|slp
|
|upkeep
|turn|36
|c|☆exlipse|i do win
|c|☆exlipse|you cant break reuni + corv
|-message|exlipse forfeited.
|
|win|SuperTheoryBros
|raw|SuperTheoryBros's rating: 1589 &rarr; <strong>1609</strong><br />(+20 for winning)
|raw|exlipse's rating: 1593 &rarr; <strong>1573</strong><br />(-20 for losing)
|l| Rainsleep
||Ladder isn't responding, score probably updated but might not have (Request timeout).
|j| Olios
