|j|☆PANDA EXPRESS HR
|j|☆Steez Ibanez
|t:|1667275171
|gametype|singles
|player|p1|PANDA EXPRESS HR|2|1615
|player|p2|Steez Ibanez|acetrainer-gen7|1799
|teamsize|p1|6
|teamsize|p2|6
|gen|8
|tier|[Gen 8] OU
|rated|
|rule|Sleep Clause Mod: Limit one foe put to sleep
|rule|Species Clause: Limit one of each Pokémon
|rule|OHKO Clause: OHKO moves are banned
|rule|Evasion Items Clause: Evasion items are banned
|rule|Evasion Moves Clause: Evasion moves are banned
|rule|Endless Battle Clause: Forcing endless battles is banned
|rule|HP Percentage Mod: HP is shown in percentages
|rule|Dynamax Clause: You cannot dynamax
|clearpoke
|poke|p1|Suicune|
|poke|p1|Corviknight, M|
|poke|p1|Spiritomb, F|
|poke|p1|Polteageist|
|poke|p1|Hippowdon, F|
|poke|p1|Porygon2|
|poke|p2|Tyranitar, M|
|poke|p2|Zapdos|
|poke|p2|Garchomp, M|
|poke|p2|Ferrothorn, M|
|poke|p2|Urshifu-*, M|
|poke|p2|Weezing-Galar, M|
|teampreview
|
|t:|1667275180
|start
|switch|p1a: Hippowdon|Hippowdon, F|100/100
|switch|p2a: Bolt|Zapdos|100/100
|-weather|Sandstorm|[from] ability: Sand Stream|[of] p1a: Hippowdon
|turn|1
|
|t:|1667275184
|move|p2a: Bolt|Toxic|p1a: Hippowdon|[miss]
|-miss|p2a: Bolt|p1a: Hippowdon
|move|p1a: Hippowdon|Stealth Rock|p2a: Bolt
|-sidestart|p2: Steez Ibanez|move: Stealth Rock
|
|-weather|Sandstorm|[upkeep]
|-damage|p2a: Bolt|94/100|[from] Sandstorm
|upkeep
|turn|2
|
|t:|1667275191
|switch|p2a: Speedwagon|Weezing-Galar, M|100/100
|-damage|p2a: Speedwagon|88/100|[from] Stealth Rock
|switch|p1a: Porygon2|Porygon2|100/100
|-ability|p1a: Porygon2|Levitate|[from] ability: Trace|[of] p2a: Speedwagon
|
|-weather|Sandstorm|[upkeep]
|-damage|p1a: Porygon2|94/100|[from] Sandstorm
|-damage|p2a: Speedwagon|82/100|[from] Sandstorm
|-heal|p2a: Speedwagon|88/100|[from] item: Black Sludge
|upkeep
|turn|3
|
|t:|1667275195
|move|p2a: Speedwagon|Toxic Spikes|p1a: Porygon2
|-sidestart|p1: PANDA EXPRESS HR|move: Toxic Spikes
|move|p1a: Porygon2|Teleport|p1a: Porygon2
|
|t:|1667275199
|switch|p1a: Corviknight|Corviknight, M|100/100|[from]move: Teleport
|-ability|p1a: Corviknight|Pressure
|
|-weather|Sandstorm|[upkeep]
|-damage|p2a: Speedwagon|82/100|[from] Sandstorm
|-heal|p2a: Speedwagon|88/100|[from] item: Black Sludge
|upkeep
|turn|4
|
|t:|1667275202
|move|p1a: Corviknight|Brave Bird|p2a: Speedwagon
|-damage|p2a: Speedwagon|62/100
|-damage|p1a: Corviknight|93/100|[from] Recoil
|move|p2a: Speedwagon|Strange Steam|p1a: Corviknight
|-resisted|p1a: Corviknight
|-damage|p1a: Corviknight|80/100
|
|-weather|Sandstorm|[upkeep]
|-damage|p2a: Speedwagon|56/100|[from] Sandstorm
|-heal|p2a: Speedwagon|62/100|[from] item: Black Sludge
|upkeep
|turn|5
|
|t:|1667275207
|move|p1a: Corviknight|Brave Bird|p2a: Speedwagon
|-damage|p2a: Speedwagon|36/100
|-damage|p1a: Corviknight|73/100|[from] Recoil
|move|p2a: Speedwagon|Toxic Spikes|p1a: Corviknight
|-sidestart|p1: PANDA EXPRESS HR|move: Toxic Spikes
|
|-weather|none
|-heal|p2a: Speedwagon|42/100|[from] item: Black Sludge
|upkeep
|turn|6
|
|t:|1667275213
|move|p1a: Corviknight|Defog|p2a: Speedwagon
|-unboost|p2a: Speedwagon|evasion|1
|-sideend|p2: Steez Ibanez|Stealth Rock|[from] move: Defog|[of] p1a: Corviknight
|-sideend|p1: PANDA EXPRESS HR|Toxic Spikes|[from] move: Defog|[of] p1a: Corviknight
|move|p2a: Speedwagon|Toxic Spikes|p1a: Corviknight
|-sidestart|p1: PANDA EXPRESS HR|move: Toxic Spikes
|
|-heal|p2a: Speedwagon|48/100|[from] item: Black Sludge
|upkeep
|turn|7
|
|t:|1667275217
|move|p1a: Corviknight|Brave Bird|p2a: Speedwagon
|-damage|p2a: Speedwagon|23/100
|-damage|p1a: Corviknight|66/100|[from] Recoil
|move|p2a: Speedwagon|Toxic Spikes|p1a: Corviknight
|-sidestart|p1: PANDA EXPRESS HR|move: Toxic Spikes
|
|-heal|p2a: Speedwagon|29/100|[from] item: Black Sludge
|upkeep
|turn|8
|
|t:|1667275220
|move|p1a: Corviknight|Defog|p2a: Speedwagon
|-unboost|p2a: Speedwagon|evasion|1
|-sideend|p1: PANDA EXPRESS HR|Toxic Spikes|[from] move: Defog|[of] p1a: Corviknight
|move|p2a: Speedwagon|Pain Split|p1a: Corviknight
|-sethp|p1a: Corviknight|45/100|[from] move: Pain Split|[silent]
|-sethp|p2a: Speedwagon|53/100|[from] move: Pain Split
|
|-heal|p2a: Speedwagon|59/100|[from] item: Black Sludge
|upkeep
|turn|9
|
|t:|1667275222
|move|p1a: Corviknight|Roost|p1a: Corviknight
|-heal|p1a: Corviknight|95/100
|-singleturn|p1a: Corviknight|move: Roost
|move|p2a: Speedwagon|Toxic Spikes|p1a: Corviknight
|-sidestart|p1: PANDA EXPRESS HR|move: Toxic Spikes
|
|-heal|p2a: Speedwagon|65/100|[from] item: Black Sludge
|upkeep
|turn|10
|
|t:|1667275226
|move|p1a: Corviknight|Defog|p2a: Speedwagon
|-unboost|p2a: Speedwagon|evasion|1
|-sideend|p1: PANDA EXPRESS HR|Toxic Spikes|[from] move: Defog|[of] p1a: Corviknight
|move|p2a: Speedwagon|Toxic Spikes|p1a: Corviknight
|-sidestart|p1: PANDA EXPRESS HR|move: Toxic Spikes
|
|-heal|p2a: Speedwagon|71/100|[from] item: Black Sludge
|upkeep
|turn|11
|
|t:|1667275234
|move|p1a: Corviknight|Brave Bird|p2a: Speedwagon
|-damage|p2a: Speedwagon|47/100
|-damage|p1a: Corviknight|88/100|[from] Recoil
|move|p2a: Speedwagon|Toxic Spikes|p1a: Corviknight
|-sidestart|p1: PANDA EXPRESS HR|move: Toxic Spikes
|
|-heal|p2a: Speedwagon|53/100|[from] item: Black Sludge
|upkeep
|turn|12
|
|t:|1667275239
|move|p1a: Corviknight|Defog|p2a: Speedwagon
|-unboost|p2a: Speedwagon|evasion|1
|-sideend|p1: PANDA EXPRESS HR|Toxic Spikes|[from] move: Defog|[of] p1a: Corviknight
|move|p2a: Speedwagon|Pain Split|p1a: Corviknight
|-sethp|p1a: Corviknight|66/100|[from] move: Pain Split|[silent]
|-sethp|p2a: Speedwagon|79/100|[from] move: Pain Split
|
|-heal|p2a: Speedwagon|85/100|[from] item: Black Sludge
|upkeep
|turn|13
|
|t:|1667275244
|move|p1a: Corviknight|Brave Bird|p2a: Speedwagon
|-damage|p2a: Speedwagon|62/100
|-damage|p1a: Corviknight|60/100|[from] Recoil
|move|p2a: Speedwagon|Toxic Spikes|p1a: Corviknight
|-sidestart|p1: PANDA EXPRESS HR|move: Toxic Spikes
|
|-heal|p2a: Speedwagon|68/100|[from] item: Black Sludge
|upkeep
|turn|14
|
|t:|1667275248
|switch|p2a: Bolt|Zapdos|94/100
|move|p1a: Corviknight|Defog|p2a: Bolt
|-unboost|p2a: Bolt|evasion|1
|-sideend|p1: PANDA EXPRESS HR|Toxic Spikes|[from] move: Defog|[of] p1a: Corviknight
|
|upkeep
|turn|15
|
|t:|1667275251
|switch|p1a: Hippowdon|Hippowdon, F|100/100
|-weather|Sandstorm|[from] ability: Sand Stream|[of] p1a: Hippowdon
|move|p2a: Bolt|Toxic|p1a: Hippowdon
|-status|p1a: Hippowdon|tox
|
|-weather|Sandstorm|[upkeep]
|-damage|p2a: Bolt|88/100|[from] Sandstorm
|-damage|p1a: Hippowdon|94/100 tox|[from] psn
|upkeep
|turn|16
|
|t:|1667275260
|switch|p2a: Speedwagon|Weezing-Galar, M|68/100
|switch|p1a: Suicune|Suicune|100/100
|-ability|p1a: Suicune|Pressure
|
|-weather|Sandstorm|[upkeep]
|-damage|p1a: Suicune|94/100|[from] Sandstorm
|-damage|p2a: Speedwagon|62/100|[from] Sandstorm
|-heal|p1a: Suicune|100/100|[from] item: Leftovers
|-heal|p2a: Speedwagon|68/100|[from] item: Black Sludge
|upkeep
|turn|17
|
|t:|1667275265
|switch|p2a: Tanjiro Kun|Urshifu-Rapid-Strike, M|100/100
|move|p1a: Suicune|Substitute|p1a: Suicune
|-start|p1a: Suicune|Substitute
|-damage|p1a: Suicune|75/100
|
|-weather|Sandstorm|[upkeep]
|-damage|p2a: Tanjiro Kun|94/100|[from] Sandstorm
|-damage|p1a: Suicune|69/100|[from] Sandstorm
|-heal|p1a: Suicune|75/100|[from] item: Leftovers
|upkeep
|turn|18
|
|t:|1667275267
|move|p2a: Tanjiro Kun|Taunt|p1a: Suicune
|-start|p1a: Suicune|move: Taunt
|move|p1a: Suicune|Scald|p2a: Tanjiro Kun
|-resisted|p2a: Tanjiro Kun
|-crit|p2a: Tanjiro Kun
|-damage|p2a: Tanjiro Kun|67/100
|-status|p2a: Tanjiro Kun|brn
|
|-weather|Sandstorm|[upkeep]
|-damage|p2a: Tanjiro Kun|61/100 brn|[from] Sandstorm
|-damage|p1a: Suicune|69/100|[from] Sandstorm
|-heal|p1a: Suicune|75/100|[from] item: Leftovers
|-damage|p2a: Tanjiro Kun|55/100 brn|[from] brn
|upkeep
|turn|19
|
|t:|1667275270
|move|p2a: Tanjiro Kun|Close Combat|p1a: Suicune
|-activate|p1a: Suicune|move: Substitute|[damage]
|-unboost|p2a: Tanjiro Kun|def|1
|-unboost|p2a: Tanjiro Kun|spd|1
|move|p1a: Suicune|Scald|p2a: Tanjiro Kun
|-resisted|p2a: Tanjiro Kun
|-damage|p2a: Tanjiro Kun|26/100 brn
|
|-weather|none
|-heal|p1a: Suicune|82/100|[from] item: Leftovers
|-damage|p2a: Tanjiro Kun|20/100 brn|[from] brn
|upkeep
|turn|20
|
|t:|1667275276
|switch|p1a: Spiritomb|Spiritomb, F|100/100
|-ability|p1a: Spiritomb|Pressure
|move|p2a: Tanjiro Kun|Close Combat|p1a: Spiritomb
|-immune|p1a: Spiritomb
|
|-damage|p2a: Tanjiro Kun|13/100 brn|[from] brn
|upkeep
|turn|21
|
|t:|1667275281
|move|p2a: Tanjiro Kun|Taunt|p1a: Spiritomb
|-start|p1a: Spiritomb|move: Taunt
|cant|p1a: Spiritomb|move: Taunt|Substitute
|
|-damage|p2a: Tanjiro Kun|7/100 brn|[from] brn
|upkeep
|turn|22
|
|t:|1667275288
|switch|p2a: Reptar|Tyranitar, M|100/100
|-weather|Sandstorm|[from] ability: Sand Stream|[of] p2a: Reptar
|switch|p1a: Corviknight|Corviknight, M|60/100
|-ability|p1a: Corviknight|Pressure
|
|-weather|Sandstorm|[upkeep]
|upkeep
|turn|23
|
|t:|1667275290
|move|p1a: Corviknight|U-turn|p2a: Reptar
|-supereffective|p2a: Reptar
|-damage|p2a: Reptar|78/100
|
|t:|1667275294
|switch|p1a: Hippowdon|Hippowdon, F|94/100 tox|[from]move: U-turn
|move|p2a: Reptar|Thunder Wave|p1a: Hippowdon
|-immune|p1a: Hippowdon
|
|-weather|Sandstorm|[upkeep]
|-heal|p1a: Hippowdon|100/100 tox|[from] item: Leftovers
|-damage|p1a: Hippowdon|94/100 tox|[from] psn
|upkeep
|turn|24
|
|t:|1667275297
|move|p2a: Reptar|Stealth Rock|p1a: Hippowdon
|-sidestart|p1: PANDA EXPRESS HR|move: Stealth Rock
|move|p1a: Hippowdon|Stealth Rock|p2a: Reptar
|-sidestart|p2: Steez Ibanez|move: Stealth Rock
|
|-weather|Sandstorm|[upkeep]
|-heal|p1a: Hippowdon|100/100 tox|[from] item: Leftovers
|-damage|p1a: Hippowdon|88/100 tox|[from] psn
|upkeep
|turn|25
|
|t:|1667275300
|switch|p2a: Tanjiro Kun|Urshifu-Rapid-Strike, M|7/100 brn
|-damage|p2a: Tanjiro Kun|1/100 brn|[from] Stealth Rock
|move|p1a: Hippowdon|Whirlwind|p2a: Tanjiro Kun
|drag|p2a: Speedwagon|Weezing-Galar, M|68/100
|-damage|p2a: Speedwagon|56/100|[from] Stealth Rock
|
|-weather|Sandstorm|[upkeep]
|-damage|p2a: Speedwagon|50/100|[from] Sandstorm
|-heal|p2a: Speedwagon|56/100|[from] item: Black Sludge
|-heal|p1a: Hippowdon|94/100 tox|[from] item: Leftovers
|-damage|p1a: Hippowdon|76/100 tox|[from] psn
|upkeep
|turn|26
|
|t:|1667275314
|switch|p1a: Corviknight|Corviknight, M|60/100
|-damage|p1a: Corviknight|48/100|[from] Stealth Rock
|-ability|p1a: Corviknight|Pressure
|move|p2a: Speedwagon|Toxic Spikes|p1a: Corviknight
|-sidestart|p1: PANDA EXPRESS HR|move: Toxic Spikes
|
|-weather|none
|-heal|p2a: Speedwagon|62/100|[from] item: Black Sludge
|upkeep
|turn|27
|
|t:|1667275319
|switch|p2a: Samehada|Garchomp, M|100/100
|-damage|p2a: Samehada|94/100|[from] Stealth Rock
|move|p1a: Corviknight|Roost|p1a: Corviknight
|-heal|p1a: Corviknight|98/100
|-singleturn|p1a: Corviknight|move: Roost
|
|-heal|p2a: Samehada|100/100|[from] item: Leftovers
|upkeep
|turn|28
|
|t:|1667275324
|move|p2a: Samehada|Swords Dance|p2a: Samehada
|-boost|p2a: Samehada|atk|2
|move|p1a: Corviknight|Defog|p2a: Samehada
|-unboost|p2a: Samehada|evasion|1
|-sideend|p2: Steez Ibanez|Stealth Rock|[from] move: Defog|[of] p1a: Corviknight
|-sideend|p1: PANDA EXPRESS HR|Toxic Spikes|[from] move: Defog|[of] p1a: Corviknight
|-sideend|p1: PANDA EXPRESS HR|Stealth Rock|[from] move: Defog|[of] p1a: Corviknight
|
|upkeep
|turn|29
|
|t:|1667275328
|move|p2a: Samehada|Fire Fang|p1a: Corviknight
|-supereffective|p1a: Corviknight
|-damage|p1a: Corviknight|39/100
|-damage|p2a: Samehada|84/100|[from] item: Rocky Helmet|[of] p1a: Corviknight
|move|p1a: Corviknight|Brave Bird|p2a: Samehada
|-damage|p2a: Samehada|46/100
|-damage|p1a: Corviknight|27/100|[from] ability: Rough Skin|[of] p2a: Samehada
|-damage|p1a: Corviknight|16/100|[from] Recoil
|
|-heal|p2a: Samehada|52/100|[from] item: Leftovers
|upkeep
|turn|30
|
|t:|1667275336
|move|p2a: Samehada|Fire Fang|p1a: Corviknight
|-supereffective|p1a: Corviknight
|-damage|p1a: Corviknight|0 fnt
|-damage|p2a: Samehada|36/100|[from] item: Rocky Helmet|[of] p1a: Corviknight
|faint|p1a: Corviknight
|
|-heal|p2a: Samehada|42/100|[from] item: Leftovers
|upkeep
|
|t:|1667275357
|switch|p1a: Hippowdon|Hippowdon, F|76/100 tox
|-weather|Sandstorm|[from] ability: Sand Stream|[of] p1a: Hippowdon
|turn|31
|
|t:|1667275404
|switch|p2a: Speedwagon|Weezing-Galar, M|62/100
|move|p1a: Hippowdon|Earthquake|p2a: Speedwagon
|-immune|p2a: Speedwagon|[from] ability: Levitate
|
|-weather|Sandstorm|[upkeep]
|-damage|p2a: Speedwagon|56/100|[from] Sandstorm
|-heal|p2a: Speedwagon|62/100|[from] item: Black Sludge
|-heal|p1a: Hippowdon|82/100 tox|[from] item: Leftovers
|-damage|p1a: Hippowdon|76/100 tox|[from] psn
|upkeep
|turn|32
|
|t:|1667275409
|move|p2a: Speedwagon|Toxic Spikes|p1a: Hippowdon
|-sidestart|p1: PANDA EXPRESS HR|move: Toxic Spikes
|move|p1a: Hippowdon|Stealth Rock|p2a: Speedwagon
|-sidestart|p2: Steez Ibanez|move: Stealth Rock
|
|-weather|Sandstorm|[upkeep]
|-damage|p2a: Speedwagon|56/100|[from] Sandstorm
|-heal|p2a: Speedwagon|62/100|[from] item: Black Sludge
|-heal|p1a: Hippowdon|82/100 tox|[from] item: Leftovers
|-damage|p1a: Hippowdon|70/100 tox|[from] psn
|upkeep
|turn|33
|
|t:|1667275429
|switch|p1a: Suicune|Suicune|82/100
|-status|p1a: Suicune|psn
|-ability|p1a: Suicune|Pressure
|move|p2a: Speedwagon|Toxic Spikes|p1a: Suicune
|-sidestart|p1: PANDA EXPRESS HR|move: Toxic Spikes
|
|-weather|Sandstorm|[upkeep]
|-damage|p1a: Suicune|75/100 psn|[from] Sandstorm
|-damage|p2a: Speedwagon|56/100|[from] Sandstorm
|-heal|p1a: Suicune|82/100 psn|[from] item: Leftovers
|-heal|p2a: Speedwagon|62/100|[from] item: Black Sludge
|-damage|p1a: Suicune|69/100 psn|[from] psn
|upkeep
|turn|34
|
|t:|1667275434
|switch|p2a: Abomination|Ferrothorn, M|100/100
|-damage|p2a: Abomination|95/100|[from] Stealth Rock
|move|p1a: Suicune|Scald|p2a: Abomination
|-resisted|p2a: Abomination
|-damage|p2a: Abomination|84/100
|-status|p2a: Abomination|brn
|
|-weather|Sandstorm|[upkeep]
|-damage|p1a: Suicune|63/100 psn|[from] Sandstorm
|-heal|p1a: Suicune|69/100 psn|[from] item: Leftovers
|-damage|p1a: Suicune|57/100 psn|[from] psn
|-damage|p2a: Abomination|78/100 brn|[from] brn
|upkeep
|turn|35
|
|t:|1667275443
|move|p1a: Suicune|Substitute|p1a: Suicune
|-start|p1a: Suicune|Substitute
|-damage|p1a: Suicune|32/100 psn
|move|p2a: Abomination|Spikes|p1a: Suicune
|-sidestart|p1: PANDA EXPRESS HR|Spikes
|
|-weather|none
|-heal|p1a: Suicune|38/100 psn|[from] item: Leftovers
|-damage|p1a: Suicune|26/100 psn|[from] psn
|-damage|p2a: Abomination|72/100 brn|[from] brn
|upkeep
|turn|36
|
|t:|1667275446
|move|p1a: Suicune|Calm Mind|p1a: Suicune
|-boost|p1a: Suicune|spa|1
|-boost|p1a: Suicune|spd|1
|move|p2a: Abomination|Spikes|p1a: Suicune
|-sidestart|p1: PANDA EXPRESS HR|Spikes
|
|-heal|p1a: Suicune|32/100 psn|[from] item: Leftovers
|-damage|p1a: Suicune|20/100 psn|[from] psn
|-damage|p2a: Abomination|66/100 brn|[from] brn
|upkeep
|turn|37
|
|t:|1667275451
|move|p1a: Suicune|Ice Beam|p2a: Abomination
|-damage|p2a: Abomination|40/100 brn
|move|p2a: Abomination|Spikes|p1a: Suicune
|-sidestart|p1: PANDA EXPRESS HR|Spikes
|
|-heal|p1a: Suicune|26/100 psn|[from] item: Leftovers
|-damage|p1a: Suicune|13/100 psn|[from] psn
|-damage|p2a: Abomination|34/100 brn|[from] brn
|upkeep
|turn|38
|
|t:|1667275456
|move|p1a: Suicune|Ice Beam|p2a: Abomination
|-damage|p2a: Abomination|9/100 brn
|move|p2a: Abomination|Knock Off|p1a: Suicune
|-crit|p1a: Suicune
|-activate|p1a: Suicune|move: Substitute|[damage]
|
|-heal|p1a: Suicune|20/100 psn|[from] item: Leftovers
|-damage|p1a: Suicune|7/100 psn|[from] psn
|-damage|p2a: Abomination|3/100 brn|[from] brn
|upkeep
|turn|39
|
|t:|1667275458
|move|p1a: Suicune|Ice Beam|p2a: Abomination
|-damage|p2a: Abomination|0 fnt
|faint|p2a: Abomination
|
|-heal|p1a: Suicune|13/100 psn|[from] item: Leftovers
|-damage|p1a: Suicune|1/100 psn|[from] psn
|upkeep
|
|t:|1667275462
|switch|p2a: Reptar|Tyranitar, M|78/100
|-weather|Sandstorm|[from] ability: Sand Stream|[of] p2a: Reptar
|turn|40
|
|t:|1667275465
|switch|p2a: Tanjiro Kun|Urshifu-Rapid-Strike, M|1/100 brn
|-damage|p2a: Tanjiro Kun|0 fnt|[from] Stealth Rock
|faint|p2a: Tanjiro Kun
|move|p1a: Suicune|Scald|p2: Tanjiro Kun|[notarget]
|-fail|p1a: Suicune
|
|-weather|Sandstorm|[upkeep]
|-damage|p1a: Suicune|0 fnt|[from] Sandstorm
|faint|p1a: Suicune
|upkeep
|
|t:|1667275471
|switch|p2a: Samehada|Garchomp, M|42/100
|switch|p1a: Porygon2|Porygon2|94/100
|-damage|p2a: Samehada|36/100|[from] Stealth Rock
|-status|p1a: Porygon2|tox
|-damage|p1a: Porygon2|69/100 tox|[from] Spikes
|-ability|p1a: Porygon2|Rough Skin|[from] ability: Trace|[of] p2a: Samehada
|turn|41
|
|t:|1667275476
|switch|p2a: Reptar|Tyranitar, M|78/100
|move|p1a: Porygon2|Foul Play|p2a: Reptar
|-resisted|p2a: Reptar
|-damage|p2a: Reptar|67/100
|
|-weather|Sandstorm|[upkeep]
|-damage|p1a: Porygon2|63/100 tox|[from] Sandstorm
|-damage|p1a: Porygon2|57/100 tox|[from] psn
|upkeep
|turn|42
|
|t:|1667275479
|move|p1a: Porygon2|Toxic|p2a: Reptar
|-status|p2a: Reptar|tox
|move|p2a: Reptar|Stealth Rock|p1a: Porygon2
|-sidestart|p1: PANDA EXPRESS HR|move: Stealth Rock
|
|-weather|Sandstorm|[upkeep]
|-damage|p1a: Porygon2|51/100 tox|[from] Sandstorm
|-damage|p1a: Porygon2|39/100 tox|[from] psn
|-damage|p2a: Reptar|60/100 tox|[from] psn
|upkeep
|turn|43
|
|t:|1667275482
|move|p1a: Porygon2|Recover|p1a: Porygon2
|-heal|p1a: Porygon2|89/100 tox
|move|p2a: Reptar|Rock Blast|p1a: Porygon2
|-crit|p1a: Porygon2
|-damage|p1a: Porygon2|76/100 tox
|-damage|p1a: Porygon2|69/100 tox
|-damage|p1a: Porygon2|62/100 tox
|-hitcount|p1a: Porygon2|3
|
|-weather|Sandstorm|[upkeep]
|-damage|p1a: Porygon2|56/100 tox|[from] Sandstorm
|-damage|p1a: Porygon2|37/100 tox|[from] psn
|-damage|p2a: Reptar|48/100 tox|[from] psn
|upkeep
|turn|44
|
|t:|1667275485
|move|p1a: Porygon2|Recover|p1a: Porygon2
|-heal|p1a: Porygon2|87/100 tox
|move|p2a: Reptar|Rock Blast|p1a: Porygon2
|-damage|p1a: Porygon2|80/100 tox
|-damage|p1a: Porygon2|72/100 tox
|-damage|p1a: Porygon2|65/100 tox
|-hitcount|p1a: Porygon2|3
|
|-weather|none
|-damage|p1a: Porygon2|40/100 tox|[from] psn
|-damage|p2a: Reptar|29/100 tox|[from] psn
|upkeep
|turn|45
|
|t:|1667275488
|move|p1a: Porygon2|Recover|p1a: Porygon2
|-heal|p1a: Porygon2|90/100 tox
|move|p2a: Reptar|Rock Blast|p1a: Porygon2
|-damage|p1a: Porygon2|83/100 tox
|-damage|p1a: Porygon2|75/100 tox
|-hitcount|p1a: Porygon2|2
|
|-damage|p1a: Porygon2|44/100 tox|[from] psn
|-damage|p2a: Reptar|5/100 tox|[from] psn
|upkeep
|turn|46
|
|t:|1667275491
|move|p1a: Porygon2|Recover|p1a: Porygon2
|-heal|p1a: Porygon2|94/100 tox
|move|p2a: Reptar|Rock Blast|p1a: Porygon2
|-damage|p1a: Porygon2|86/100 tox
|-damage|p1a: Porygon2|79/100 tox
|-hitcount|p1a: Porygon2|2
|
|-damage|p1a: Porygon2|42/100 tox|[from] psn
|-damage|p2a: Reptar|0 fnt|[from] psn
|faint|p2a: Reptar
|upkeep
|
|t:|1667275494
|switch|p2a: Bolt|Zapdos|88/100
|turn|47
|
|t:|1667275500
|move|p2a: Bolt|Volt Switch|p1a: Porygon2
|-damage|p1a: Porygon2|28/100 tox
|
|t:|1667275503
|switch|p2a: Speedwagon|Weezing-Galar, M|62/100|[from]move: Volt Switch
|-damage|p2a: Speedwagon|49/100|[from] Stealth Rock
|move|p1a: Porygon2|Toxic|p2a: Speedwagon
|-immune|p2a: Speedwagon
|
|-heal|p2a: Speedwagon|55/100|[from] item: Black Sludge
|-damage|p1a: Porygon2|0 fnt|[from] psn
|faint|p1a: Porygon2
|upkeep
|
|t:|1667275508
|switch|p1a: Polteageist|Polteageist|100/100
|-status|p1a: Polteageist|tox
|-damage|p1a: Polteageist|76/100 tox|[from] Spikes
|-damage|p1a: Polteageist|63/100 tox|[from] Stealth Rock
|turn|48
|
|t:|1667275511
|move|p1a: Polteageist|Shell Smash|p1a: Polteageist
|-unboost|p1a: Polteageist|def|1
|-unboost|p1a: Polteageist|spd|1
|-boost|p1a: Polteageist|atk|2
|-boost|p1a: Polteageist|spa|2
|-boost|p1a: Polteageist|spe|2
|move|p2a: Speedwagon|Strange Steam|p1a: Polteageist
|-damage|p1a: Polteageist|15/100 tox
|
|-heal|p1a: Polteageist|21/100 tox|[from] item: Leftovers
|-heal|p2a: Speedwagon|61/100|[from] item: Black Sludge
|-damage|p1a: Polteageist|15/100 tox|[from] psn
|upkeep
|turn|49
|
|t:|1667275515
|move|p1a: Polteageist|Stored Power|p2a: Speedwagon
|-supereffective|p2a: Speedwagon
|-damage|p2a: Speedwagon|0 fnt
|faint|p2a: Speedwagon
|
|-heal|p1a: Polteageist|21/100 tox|[from] item: Leftovers
|-damage|p1a: Polteageist|9/100 tox|[from] psn
|upkeep
|
|t:|1667275517
|switch|p2a: Bolt|Zapdos|88/100
|turn|50
|
|t:|1667275519
|move|p1a: Polteageist|Stored Power|p2a: Bolt
|-damage|p2a: Bolt|0 fnt
|faint|p2a: Bolt
|
|-heal|p1a: Polteageist|15/100 tox|[from] item: Leftovers
|-damage|p1a: Polteageist|0 fnt|[from] psn
|faint|p1a: Polteageist
|upkeep
|
|t:|1667275525
|switch|p1a: Hippowdon|Hippowdon, F|70/100 tox
|switch|p2a: Samehada|Garchomp, M|36/100
|-damage|p2a: Samehada|30/100|[from] Stealth Rock
|-damage|p1a: Hippowdon|45/100 tox|[from] Spikes
|-damage|p1a: Hippowdon|38/100 tox|[from] Stealth Rock
|-weather|Sandstorm|[from] ability: Sand Stream|[of] p1a: Hippowdon
|turn|51
|
|t:|1667275528
|move|p2a: Samehada|Earthquake|p1a: Hippowdon
|-damage|p1a: Hippowdon|12/100 tox
|move|p1a: Hippowdon|Earthquake|p2a: Samehada
|-damage|p2a: Samehada|0 fnt
|faint|p2a: Samehada
|
|win|PANDA EXPRESS HR
|raw|PANDA EXPRESS HR's rating: 1615 &rarr; <strong>1645</strong><br />(+30 for winning)
|raw|Steez Ibanez's rating: 1799 &rarr; <strong>1769</strong><br />(-30 for losing)
|l|☆Steez Ibanez
