|raw|<div class="broadcast-blue"><strong>This battle is required to be public due to a player having a name starting with 'lt92pf'.</div>
|j|☆LT92PFcry
|j|☆dmt dreams
|t:|1659671298
|gametype|singles
|player|p1|LT92PFcry|#dpppl2022luckylucarios|1893
|player|p2|dmt dreams|101|1867
|teamsize|p1|6
|teamsize|p2|6
|gen|8
|tier|[Gen 8] OU
|rated|
|rule|Sleep Clause Mod: Limit one foe put to sleep
|rule|Species Clause: Limit one of each Pokémon
|rule|OHKO Clause: OHKO moves are banned
|rule|Evasion Items Clause: Evasion items are banned
|rule|Evasion Moves Clause: Evasion moves are banned
|rule|Endless Battle Clause: Forcing endless battles is banned
|rule|HP Percentage Mod: HP is shown in percentages
|rule|Dynamax Clause: You cannot dynamax
|clearpoke
|poke|p1|Dragapult, F|
|poke|p1|Landorus-Therian, M|
|poke|p1|Ferrothorn, M|
|poke|p1|Nidoking, M|
|poke|p1|Crawdaunt, M|
|poke|p1|Aegislash, M|
|poke|p2|Mew|
|poke|p2|Landorus-Therian, M|
|poke|p2|Nihilego|
|poke|p2|Zeraora|
|poke|p2|Celesteela|
|poke|p2|Dragapult, F|
|teampreview
|inactive|Battle timer is ON: inactive players will automatically lose when time's up. (requested by LT92PFcry)
|j| dingbat
|
|t:|1659671309
|start
|switch|p1a: Crawdaunt|Crawdaunt, M|100/100
|switch|p2a: Mew|Mew|100/100
|turn|1
|
|t:|1659671320
|move|p2a: Mew|Stealth Rock|p1a: Crawdaunt
|-sidestart|p1: LT92PFcry|move: Stealth Rock
|move|p1a: Crawdaunt|Knock Off|p2a: Mew
|-supereffective|p2a: Mew
|-damage|p2a: Mew|0 fnt
|-enditem|p2a: Mew|Mental Herb|[from] move: Knock Off|[of] p1a: Crawdaunt
|faint|p2a: Mew
|
|upkeep
|j| swedish beqfast
|
|t:|1659671331
|switch|p2a: Dragapult|Dragapult, F|100/100
|turn|2
|
|t:|1659671346
|move|p2a: Dragapult|Dragon Darts|p1a: Crawdaunt
|-damage|p1a: Crawdaunt|53/100
|-anim|p2a: Dragapult|Dragon Darts|p1a: Crawdaunt
|-damage|p1a: Crawdaunt|0 fnt
|faint|p1a: Crawdaunt
|-damage|p2a: Dragapult|91/100|[from] item: Life Orb
|
|upkeep
|j| LT92PF Rover
|j| LT92PF A
|l| LT92PF A
|inactive|LT92PFcry has 120 seconds left.
|j| test.g36hy
|inactive|LT92PFcry has 90 seconds left.
|j| Burnt Bright
|l| test.g36hy
|j| Fitzcarraldo
|
|t:|1659671421
|switch|p1a: Dragapult|Dragapult, F|100/100
|-damage|p1a: Dragapult|88/100|[from] Stealth Rock
|turn|3
|
|t:|1659671427
|switch|p2a: Nihilego|Nihilego|100/100
|move|p1a: Dragapult|Shadow Ball|p2a: Nihilego
|-damage|p2a: Nihilego|65/100
|-unboost|p2a: Nihilego|spd|1
|
|upkeep
|turn|4
|
|t:|1659671434
|switch|p1a: Ferrothorn|Ferrothorn, M|100/100
|-damage|p1a: Ferrothorn|94/100|[from] Stealth Rock
|move|p2a: Nihilego|Meteor Beam||[still]
|-prepare|p2a: Nihilego|Meteor Beam
|-boost|p2a: Nihilego|spa|1
|-enditem|p2a: Nihilego|Power Herb
|-anim|p2a: Nihilego|Meteor Beam|p1a: Ferrothorn
|-resisted|p1a: Ferrothorn
|-damage|p1a: Ferrothorn|58/100
|
|upkeep
|turn|5
|
|t:|1659671444
|move|p2a: Nihilego|Meteor Beam||[still]
|-prepare|p2a: Nihilego|Meteor Beam
|-boost|p2a: Nihilego|spa|1
|move|p1a: Ferrothorn|Gyro Ball|p2a: Nihilego
|-supereffective|p2a: Nihilego
|-damage|p2a: Nihilego|0 fnt
|faint|p2a: Nihilego
|
|upkeep
|
|t:|1659671451
|switch|p2a: Celesteela|Celesteela|100/100
|turn|6
|j| Nico11
|
|t:|1659671468
|switch|p1a: Aegislash|Aegislash, M|100/100
|-damage|p1a: Aegislash|94/100|[from] Stealth Rock
|move|p2a: Celesteela|Flamethrower|p1a: Aegislash
|-supereffective|p1a: Aegislash
|-damage|p1a: Aegislash|45/100
|-enditem|p1a: Aegislash|Weakness Policy
|-boost|p1a: Aegislash|atk|2|[from] item: Weakness Policy
|-boost|p1a: Aegislash|spa|2|[from] item: Weakness Policy
|
|upkeep
|turn|7
|j| Jorgekaiser.jigsaw
|
|t:|1659671477
|move|p2a: Celesteela|Flamethrower|p1a: Aegislash
|-supereffective|p1a: Aegislash
|-damage|p1a: Aegislash|0 fnt
|faint|p1a: Aegislash
|-ability|p2a: Celesteela|Beast Boost|boost
|-boost|p2a: Celesteela|spa|1
|
|upkeep
|
|t:|1659671479
|switch|p1a: Dragapult|Dragapult, F|88/100
|-damage|p1a: Dragapult|76/100|[from] Stealth Rock
|turn|8
|
|t:|1659671488
|move|p1a: Dragapult|Flamethrower|p2a: Celesteela
|-supereffective|p2a: Celesteela
|-damage|p2a: Celesteela|26/100
|move|p2a: Celesteela|Autotomize|p2a: Celesteela
|-boost|p2a: Celesteela|spe|2
|-start|p2a: Celesteela|Autotomize
|
|upkeep
|turn|9
|j| LT92PF Futility
|
|t:|1659671496
|move|p2a: Celesteela|Air Slash|p1a: Dragapult
|-damage|p1a: Dragapult|6/100
|move|p1a: Dragapult|Flamethrower|p2a: Celesteela
|-supereffective|p2a: Celesteela
|-damage|p2a: Celesteela|0 fnt
|faint|p2a: Celesteela
|
|upkeep
|
|t:|1659671502
|switch|p2a: Dragapult|Dragapult, F|91/100
|turn|10
|
|t:|1659671511
|move|p1a: Dragapult|Flamethrower|p2a: Dragapult
|-resisted|p2a: Dragapult
|-damage|p2a: Dragapult|65/100
|move|p2a: Dragapult|Dragon Dance|p2a: Dragapult
|-boost|p2a: Dragapult|atk|1
|-boost|p2a: Dragapult|spe|1
|
|upkeep
|turn|11
|
|t:|1659671517
|move|p2a: Dragapult|Dragon Dance|p2a: Dragapult
|-boost|p2a: Dragapult|atk|1
|-boost|p2a: Dragapult|spe|1
|move|p1a: Dragapult|Flamethrower|p2a: Dragapult
|-resisted|p2a: Dragapult
|-crit|p2a: Dragapult
|-damage|p2a: Dragapult|24/100
|
|upkeep
|turn|12
|
|t:|1659671523
|move|p2a: Dragapult|Dragon Darts|p1a: Dragapult
|-supereffective|p1a: Dragapult
|-damage|p1a: Dragapult|0 fnt
|faint|p1a: Dragapult
|-damage|p2a: Dragapult|14/100|[from] item: Life Orb
|
|upkeep
|j| delemon
|j| arnavgupta
|j| Color my life
|
|t:|1659671545
|switch|p1a: Landorus|Landorus-Therian, M|100/100
|-damage|p1a: Landorus|88/100|[from] Stealth Rock
|-ability|p1a: Landorus|Intimidate|boost
|-fail|p2a: Dragapult|unboost|[from] ability: Clear Body|[of] p2a: Dragapult
|turn|13
|
|t:|1659671549
|switch|p1a: Ferrothorn|Ferrothorn, M|58/100
|-damage|p1a: Ferrothorn|52/100|[from] Stealth Rock
|move|p2a: Dragapult|Dragon Darts|p1a: Ferrothorn
|-resisted|p1a: Ferrothorn
|-damage|p1a: Ferrothorn|31/100
|-anim|p2a: Dragapult|Dragon Darts|p1a: Ferrothorn
|-resisted|p1a: Ferrothorn
|-damage|p1a: Ferrothorn|10/100
|-damage|p2a: Dragapult|5/100|[from] item: Life Orb
|
|upkeep
|turn|14
|
|t:|1659671560
|move|p2a: Dragapult|Dragon Darts|p1a: Ferrothorn
|-resisted|p1a: Ferrothorn
|-damage|p1a: Ferrothorn|0 fnt
|faint|p1a: Ferrothorn
|-damage|p2a: Dragapult|0 fnt|[from] item: Life Orb
|faint|p2a: Dragapult
|
|upkeep
|j| Hydraguru
|
|t:|1659671563
|switch|p2a: Landorus|Landorus-Therian, M|100/100
|switch|p1a: Nidoking|Nidoking, M|100/100
|-damage|p1a: Nidoking|95/100|[from] Stealth Rock
|-ability|p2a: Landorus|Intimidate|boost
|-unboost|p1a: Nidoking|atk|1
|turn|15
|
|t:|1659671565
|move|p1a: Nidoking|Ice Beam|p2a: Landorus
|-supereffective|p2a: Landorus
|-crit|p2a: Landorus
|-damage|p2a: Landorus|0 fnt
|faint|p2a: Landorus
|
|upkeep
|-message|dmt dreams forfeited.
|
|win|LT92PFcry
|raw|LT92PFcry's rating: 1893 &rarr; <strong>1912</strong><br />(+19 for winning)
|raw|dmt dreams's rating: 1867 &rarr; <strong>1848</strong><br />(-19 for losing)
|l|☆dmt dreams
|l|☆LT92PFcry
|l| arnavgupta
|l| delemon
|l| LT92PF Futility
|l| Color my life
|l| swedish beqfast
||Ladder isn't responding, score probably updated but might not have (Request timeout).
|l| Jorgekaiser.jigsaw
|l| Nico11
|l| LT92PF Rover
|l| Hydraguru
|j| fu shun ha
