|j|☆1150 Elo
|j|‽hypervortexreturns
|t:|1664088752
|gametype|singles
|player|p1|1150 Elo|169|1619
|player|p2|hypervortexreturns|101|1893
|teamsize|p1|6
|teamsize|p2|6
|gen|8
|tier|[Gen 8] OU
|rated|
|rule|Sleep Clause Mod: Limit one foe put to sleep
|rule|Species Clause: Limit one of each Pokémon
|rule|OHKO Clause: OHKO moves are banned
|rule|Evasion Items Clause: Evasion items are banned
|rule|Evasion Moves Clause: Evasion moves are banned
|rule|Endless Battle Clause: Forcing endless battles is banned
|rule|HP Percentage Mod: HP is shown in percentages
|rule|Dynamax Clause: You cannot dynamax
|clearpoke
|poke|p1|Volcanion|
|poke|p1|Ninetales-Alola, M|
|poke|p1|Corviknight, M|
|poke|p1|Arctozolt|
|poke|p1|Landorus-Therian, M|
|poke|p1|Tornadus-Therian, M|
|poke|p2|Hydreigon, F|
|poke|p2|Zapdos|
|poke|p2|Tangrowth, M|
|poke|p2|Corviknight, M|
|poke|p2|Excadrill, F|
|poke|p2|Azumarill, M|
|teampreview
|inactive|Battle timer is ON: inactive players will automatically lose when time's up. (requested by hypervortexreturns)
|
|t:|1664088766
|start
|switch|p1a: Tornadus|Tornadus-Therian, M|100/100
|switch|p2a: Azumarill|Azumarill, M|100/100
|turn|1
|inactive|hypervortexreturns has 120 seconds left.
|j| hgmjrtjrjr6
|
|t:|1664088797
|move|p1a: Tornadus|Knock Off|p2a: Azumarill
|-resisted|p2a: Azumarill
|-damage|p2a: Azumarill|89/100
|-enditem|p2a: Azumarill|Sitrus Berry|[from] move: Knock Off|[of] p1a: Tornadus
|move|p2a: Azumarill|Knock Off|p1a: Tornadus
|-damage|p1a: Tornadus|57/100
|-enditem|p1a: Tornadus|Assault Vest|[from] move: Knock Off|[of] p2a: Azumarill
|
|upkeep
|turn|2
|inactive|hypervortexreturns has 120 seconds left.
|inactive|1150 Elo has 120 seconds left.
|
|t:|1664088831
|move|p1a: Tornadus|U-turn|p2a: Azumarill
|-resisted|p2a: Azumarill
|-damage|p2a: Azumarill|81/100
|
|t:|1664088836
|switch|p1a: Corviknight|Corviknight, M|100/100|[from]move: U-turn
|-ability|p1a: Corviknight|Pressure
|move|p2a: Azumarill|Knock Off|p1a: Corviknight
|-damage|p1a: Corviknight|77/100
|-damage|p2a: Azumarill|64/100|[from] item: Rocky Helmet|[of] p1a: Corviknight
|-enditem|p1a: Corviknight|Rocky Helmet|[from] move: Knock Off|[of] p2a: Azumarill
|
|upkeep
|turn|3
|inactive|hypervortexreturns has 120 seconds left.
|
|t:|1664088862
|switch|p2a: Zapdos|Zapdos|100/100
|move|p1a: Corviknight|Roost|p1a: Corviknight
|-heal|p1a: Corviknight|100/100
|-singleturn|p1a: Corviknight|move: Roost
|
|upkeep
|turn|4
|
|t:|1664088886
|switch|p1a: Landorus|Landorus-Therian, M|100/100
|-ability|p1a: Landorus|Intimidate|boost
|-unboost|p2a: Zapdos|atk|1
|move|p2a: Zapdos|Discharge|p1a: Landorus
|-immune|p1a: Landorus
|
|upkeep
|turn|5
|j| Clefan
|
|t:|1664088898
|switch|p2a: Tangrowth|Tangrowth, M|100/100
|move|p1a: Landorus|Toxic|p2a: Tangrowth
|-status|p2a: Tangrowth|tox
|
|-damage|p2a: Tangrowth|94/100 tox|[from] psn
|upkeep
|turn|6
|
|t:|1664088906
|move|p1a: Landorus|U-turn|p2a: Tangrowth
|-supereffective|p2a: Tangrowth
|-damage|p2a: Tangrowth|69/100 tox
|-damage|p1a: Landorus|84/100|[from] item: Rocky Helmet|[of] p2a: Tangrowth
|
|t:|1664088910
|switch|p1a: Corviknight|Corviknight, M|100/100|[from]move: U-turn
|-ability|p1a: Corviknight|Pressure
|move|p2a: Tangrowth|Sleep Powder|p1a: Corviknight
|-status|p1a: Corviknight|slp|[from] move: Sleep Powder
|
|-damage|p2a: Tangrowth|57/100 tox|[from] psn
|upkeep
|turn|7
|
|t:|1664088933
|switch|p2a: Zapdos|Zapdos|100/100
|cant|p1a: Corviknight|slp
|
|upkeep
|turn|8
|
|t:|1664088944
|switch|p1a: Landorus|Landorus-Therian, M|84/100
|-ability|p1a: Landorus|Intimidate|boost
|-unboost|p2a: Zapdos|atk|1
|move|p2a: Zapdos|Toxic|p1a: Landorus
|-status|p1a: Landorus|tox
|
|-heal|p1a: Landorus|90/100 tox|[from] item: Leftovers
|-damage|p1a: Landorus|84/100 tox|[from] psn
|upkeep
|turn|9
|
|t:|1664088961
|switch|p2a: Tangrowth|Tangrowth, M|90/100 tox
|move|p1a: Landorus|U-turn|p2a: Tangrowth
|-supereffective|p2a: Tangrowth
|-damage|p2a: Tangrowth|68/100 tox
|-damage|p1a: Landorus|67/100 tox|[from] item: Rocky Helmet|[of] p2a: Tangrowth
|
|t:|1664088976
|switch|p1a: Corviknight|Corviknight, M|100/100 slp|[from]move: U-turn
|-ability|p1a: Corviknight|Pressure
|
|-damage|p2a: Tangrowth|61/100 tox|[from] psn
|upkeep
|turn|10
|
|t:|1664088989
|switch|p2a: Zapdos|Zapdos|100/100
|-curestatus|p1a: Corviknight|slp|[msg]
|move|p1a: Corviknight|U-turn|p2a: Zapdos
|-resisted|p2a: Zapdos
|-damage|p2a: Zapdos|94/100
|-status|p1a: Corviknight|par|[from] ability: Static|[of] p2a: Zapdos
|
|t:|1664088998
|switch|p1a: Landorus|Landorus-Therian, M|67/100 tox|[from]move: U-turn
|-ability|p1a: Landorus|Intimidate|boost
|-unboost|p2a: Zapdos|atk|1
|
|-heal|p1a: Landorus|73/100 tox|[from] item: Leftovers
|-damage|p1a: Landorus|67/100 tox|[from] psn
|upkeep
|turn|11
|
|t:|1664089011
|switch|p2a: Tangrowth|Tangrowth, M|95/100 tox
|move|p1a: Landorus|U-turn|p2a: Tangrowth
|-supereffective|p2a: Tangrowth
|-damage|p2a: Tangrowth|72/100 tox
|-damage|p1a: Landorus|51/100 tox|[from] item: Rocky Helmet|[of] p2a: Tangrowth
|
|t:|1664089021
|switch|p1a: Arctozolt|Arctozolt|100/100|[from]move: U-turn
|
|-damage|p2a: Tangrowth|66/100 tox|[from] psn
|upkeep
|turn|12
|
|t:|1664089048
|switch|p2a: Zapdos|Zapdos|94/100
|move|p1a: Arctozolt|Substitute|p1a: Arctozolt
|-start|p1a: Arctozolt|Substitute
|-damage|p1a: Arctozolt|76/100
|
|-heal|p1a: Arctozolt|82/100|[from] item: Leftovers
|upkeep
|turn|13
|
|t:|1664089058
|move|p2a: Zapdos|Hurricane|p1a: Arctozolt
|-resisted|p1a: Arctozolt
|-end|p1a: Arctozolt|Substitute
|move|p1a: Arctozolt|Blizzard|p2a: Zapdos
|-supereffective|p2a: Zapdos
|-damage|p2a: Zapdos|25/100
|
|-heal|p1a: Arctozolt|88/100|[from] item: Leftovers
|upkeep
|turn|14
|
|t:|1664089071
|move|p2a: Zapdos|Roost|p2a: Zapdos
|-heal|p2a: Zapdos|75/100
|-singleturn|p2a: Zapdos|move: Roost
|move|p1a: Arctozolt|Blizzard|p2a: Zapdos
|-damage|p2a: Zapdos|40/100
|
|-heal|p1a: Arctozolt|94/100|[from] item: Leftovers
|upkeep
|turn|15
|
|t:|1664089082
|switch|p1a: Landorus|Landorus-Therian, M|51/100 tox
|-ability|p1a: Landorus|Intimidate|boost
|-unboost|p2a: Zapdos|atk|1
|move|p2a: Zapdos|Roost|p2a: Zapdos
|-heal|p2a: Zapdos|90/100
|-singleturn|p2a: Zapdos|move: Roost
|
|-heal|p1a: Landorus|57/100 tox|[from] item: Leftovers
|-damage|p1a: Landorus|51/100 tox|[from] psn
|upkeep
|turn|16
|
|t:|1664089109
|move|p2a: Zapdos|Hurricane|p1a: Landorus
|-damage|p1a: Landorus|14/100 tox
|move|p1a: Landorus|Toxic|p2a: Zapdos
|-status|p2a: Zapdos|tox
|
|-heal|p1a: Landorus|20/100 tox|[from] item: Leftovers
|-damage|p2a: Zapdos|84/100 tox|[from] psn
|-damage|p1a: Landorus|8/100 tox|[from] psn
|upkeep
|turn|17
|inactive|hypervortexreturns has 90 seconds left.
|
|t:|1664089126
|move|p2a: Zapdos|Hurricane|p1a: Landorus
|-damage|p1a: Landorus|0 fnt
|faint|p1a: Landorus
|
|-damage|p2a: Zapdos|72/100 tox|[from] psn
|upkeep
|
|t:|1664089133
|switch|p1a: Ninetales|Ninetales-Alola, M|100/100
|-weather|Hail|[from] ability: Snow Warning|[of] p1a: Ninetales
|turn|18
|inactive|1150 Elo has 120 seconds left.
|
|t:|1664089161
|move|p1a: Ninetales|Aurora Veil|p1a: Ninetales
|-sidestart|p1: 1150 Elo|move: Aurora Veil
|move|p2a: Zapdos|Discharge|p1a: Ninetales
|-damage|p1a: Ninetales|85/100
|
|-weather|Hail|[upkeep]
|-damage|p2a: Zapdos|65/100 tox|[from] Hail
|-damage|p2a: Zapdos|47/100 tox|[from] psn
|upkeep
|turn|19
|inactive|1150 Elo has 120 seconds left.
|
|t:|1664089179
|move|p1a: Ninetales|Freeze-Dry|p2a: Zapdos
|-supereffective|p2a: Zapdos
|-damage|p2a: Zapdos|9/100 tox
|move|p2a: Zapdos|Toxic|p1a: Ninetales|[miss]
|-miss|p2a: Zapdos|p1a: Ninetales
|
|-weather|Hail|[upkeep]
|-damage|p2a: Zapdos|2/100 tox|[from] Hail
|-damage|p2a: Zapdos|0 fnt|[from] psn
|faint|p2a: Zapdos
|upkeep
|inactive|hypervortexreturns has 90 seconds left.
|
|t:|1664089192
|switch|p2a: Excadrill|Excadrill, F|100/100
|-ability|p2a: Excadrill|Mold Breaker
|turn|20
|
|t:|1664089198
|switch|p1a: Corviknight|Corviknight, M|100/100 par
|-ability|p1a: Corviknight|Pressure
|move|p2a: Excadrill|Stealth Rock|p1a: Corviknight
|-sidestart|p1: 1150 Elo|move: Stealth Rock
|
|-weather|Hail|[upkeep]
|-damage|p2a: Excadrill|94/100|[from] Hail
|-damage|p1a: Corviknight|94/100 par|[from] Hail
|-heal|p2a: Excadrill|100/100|[from] item: Leftovers
|upkeep
|turn|21
|inactive|hypervortexreturns has 90 seconds left.
|
|t:|1664089225
|switch|p2a: Corviknight|Corviknight, M|100/100
|-ability|p2a: Corviknight|Pressure
|move|p1a: Corviknight|Defog|p2a: Corviknight
|-unboost|p2a: Corviknight|evasion|1
|-sideend|p1: 1150 Elo|Stealth Rock|[from] move: Defog|[of] p1a: Corviknight
|
|-weather|Hail|[upkeep]
|-damage|p2a: Corviknight|94/100|[from] Hail
|-damage|p1a: Corviknight|88/100 par|[from] Hail
|-heal|p2a: Corviknight|100/100|[from] item: Leftovers
|upkeep
|turn|22
|j| gfgfgfn
|
|t:|1664089254
|switch|p2a: Excadrill|Excadrill, F|100/100
|-ability|p2a: Excadrill|Mold Breaker
|switch|p1a: Arctozolt|Arctozolt|94/100
|
|-weather|Hail|[upkeep]
|-damage|p2a: Excadrill|94/100|[from] Hail
|-heal|p1a: Arctozolt|100/100|[from] item: Leftovers
|-heal|p2a: Excadrill|100/100|[from] item: Leftovers
|-sideend|p1: 1150 Elo|move: Aurora Veil
|upkeep
|turn|23
|inactive|hypervortexreturns has 60 seconds left.
|
|t:|1664089271
|switch|p1a: Tornadus|Tornadus-Therian, M|90/100
|move|p2a: Excadrill|Stealth Rock|p1a: Tornadus
|-sidestart|p1: 1150 Elo|move: Stealth Rock
|
|-weather|Hail|[upkeep]
|-damage|p1a: Tornadus|84/100|[from] Hail
|-damage|p2a: Excadrill|94/100|[from] Hail
|-heal|p2a: Excadrill|100/100|[from] item: Leftovers
|upkeep
|turn|24
|inactive|hypervortexreturns has 60 seconds left.
|l| hgmjrtjrjr6
|
|t:|1664089289
|switch|p2a: Azumarill|Azumarill, M|64/100
|move|p1a: Tornadus|Heat Wave|p2a: Azumarill
|-resisted|p2a: Azumarill
|-damage|p2a: Azumarill|51/100
|-status|p2a: Azumarill|brn
|
|-weather|Hail|[upkeep]
|-damage|p1a: Tornadus|78/100|[from] Hail
|-damage|p2a: Azumarill|45/100 brn|[from] Hail
|-damage|p2a: Azumarill|39/100 brn|[from] brn
|upkeep
|turn|25
|inactive|hypervortexreturns has 60 seconds left.
|
|t:|1664089301
|switch|p1a: Corviknight|Corviknight, M|88/100 par
|-damage|p1a: Corviknight|75/100 par|[from] Stealth Rock
|-ability|p1a: Corviknight|Pressure
|move|p2a: Azumarill|Play Rough|p1a: Corviknight
|-resisted|p1a: Corviknight
|-damage|p1a: Corviknight|67/100 par
|
|-weather|none
|-damage|p2a: Azumarill|32/100 brn|[from] brn
|upkeep
|turn|26
|inactive|hypervortexreturns has 60 seconds left.
|
|t:|1664089314
|switch|p2a: Corviknight|Corviknight, M|100/100
|-ability|p2a: Corviknight|Pressure
|move|p1a: Corviknight|Defog|p2a: Corviknight
|-unboost|p2a: Corviknight|evasion|1
|-sideend|p1: 1150 Elo|Stealth Rock|[from] move: Defog|[of] p1a: Corviknight
|
|upkeep
|turn|27
|inactive|hypervortexreturns has 60 seconds left.
|
|t:|1664089329
|switch|p2a: Tangrowth|Tangrowth, M|99/100 tox
|move|p1a: Corviknight|Roost|p1a: Corviknight
|-heal|p1a: Corviknight|100/100 par
|-singleturn|p1a: Corviknight|move: Roost
|
|-damage|p2a: Tangrowth|93/100 tox|[from] psn
|upkeep
|turn|28
|
|t:|1664089341
|move|p2a: Tangrowth|Focus Blast|p1a: Corviknight
|-damage|p1a: Corviknight|71/100 par
|move|p1a: Corviknight|U-turn|p2a: Tangrowth
|-supereffective|p2a: Tangrowth
|-damage|p2a: Tangrowth|77/100 tox
|-damage|p1a: Corviknight|55/100 par|[from] item: Rocky Helmet|[of] p2a: Tangrowth
|
|t:|1664089348
|switch|p1a: Volcanion|Volcanion|100/100|[from]move: U-turn
|
|-damage|p2a: Tangrowth|65/100 tox|[from] psn
|upkeep
|turn|29
|inactive|hypervortexreturns has 60 seconds left.
|
|t:|1664089356
|switch|p2a: Hydreigon|Hydreigon, F|100/100
|move|p1a: Volcanion|Flamethrower|p2a: Hydreigon
|-resisted|p2a: Hydreigon
|-damage|p2a: Hydreigon|66/100
|
|-heal|p2a: Hydreigon|73/100|[from] item: Leftovers
|upkeep
|turn|30
|inactive|hypervortexreturns has 60 seconds left.
|
|t:|1664089375
|switch|p1a: Tornadus|Tornadus-Therian, M|100/100
|move|p2a: Hydreigon|Nasty Plot|p2a: Hydreigon
|-boost|p2a: Hydreigon|spa|2
|
|-heal|p2a: Hydreigon|79/100|[from] item: Leftovers
|upkeep
|turn|31
|inactive|hypervortexreturns has 60 seconds left.
|
|t:|1664089389
|move|p1a: Tornadus|Knock Off|p2a: Hydreigon
|-resisted|p2a: Hydreigon
|-damage|p2a: Hydreigon|70/100
|-enditem|p2a: Hydreigon|Leftovers|[from] move: Knock Off|[of] p1a: Tornadus
|move|p2a: Hydreigon|Dark Pulse|p1a: Tornadus
|-damage|p1a: Tornadus|30/100
|
|upkeep
|turn|32
|inactive|hypervortexreturns has 60 seconds left.
|
|t:|1664089407
|move|p1a: Tornadus|U-turn|p2a: Hydreigon
|-supereffective|p2a: Hydreigon
|-damage|p2a: Hydreigon|41/100
|
|t:|1664089414
|switch|p1a: Corviknight|Corviknight, M|55/100 par|[from]move: U-turn
|-ability|p1a: Corviknight|Pressure
|move|p2a: Hydreigon|Dark Pulse|p1a: Corviknight
|-damage|p1a: Corviknight|0 fnt
|faint|p1a: Corviknight
|
|upkeep
|
|t:|1664089417
|switch|p1a: Ninetales|Ninetales-Alola, M|85/100
|-weather|Hail|[from] ability: Snow Warning|[of] p1a: Ninetales
|turn|33
|inactive|hypervortexreturns has 60 seconds left.
|
|t:|1664089434
|switch|p2a: Excadrill|Excadrill, F|100/100
|-ability|p2a: Excadrill|Mold Breaker
|move|p1a: Ninetales|Encore||[still]
|-fail|p1a: Ninetales
|
|-weather|Hail|[upkeep]
|-damage|p2a: Excadrill|94/100|[from] Hail
|-heal|p2a: Excadrill|100/100|[from] item: Leftovers
|upkeep
|turn|34
|inactive|hypervortexreturns has 60 seconds left.
|
|t:|1664089456
|move|p1a: Ninetales|Aurora Veil|p1a: Ninetales
|-sidestart|p1: 1150 Elo|move: Aurora Veil
|move|p2a: Excadrill|Stealth Rock|p1a: Ninetales
|-sidestart|p1: 1150 Elo|move: Stealth Rock
|
|-weather|Hail|[upkeep]
|-damage|p2a: Excadrill|94/100|[from] Hail
|-heal|p2a: Excadrill|100/100|[from] item: Leftovers
|upkeep
|turn|35
|inactive|hypervortexreturns has 60 seconds left.
|
|t:|1664089478
|switch|p1a: Tornadus|Tornadus-Therian, M|63/100
|-damage|p1a: Tornadus|38/100|[from] Stealth Rock
|switch|p2a: Corviknight|Corviknight, M|100/100
|-ability|p2a: Corviknight|Pressure
|
|-weather|Hail|[upkeep]
|-damage|p1a: Tornadus|32/100|[from] Hail
|-damage|p2a: Corviknight|94/100|[from] Hail
|-heal|p2a: Corviknight|100/100|[from] item: Leftovers
|upkeep
|turn|36
|inactive|hypervortexreturns has 60 seconds left.
|
|t:|1664089491
|move|p1a: Tornadus|Heat Wave|p2a: Corviknight
|-supereffective|p2a: Corviknight
|-damage|p2a: Corviknight|68/100
|move|p2a: Corviknight|Brave Bird|p1a: Tornadus
|-crit|p1a: Tornadus
|-damage|p1a: Tornadus|0 fnt
|faint|p1a: Tornadus
|-damage|p2a: Corviknight|59/100|[from] Recoil
|
|-weather|Hail|[upkeep]
|-damage|p2a: Corviknight|53/100|[from] Hail
|-heal|p2a: Corviknight|59/100|[from] item: Leftovers
|upkeep
|
|t:|1664089498
|switch|p1a: Arctozolt|Arctozolt|100/100
|-damage|p1a: Arctozolt|76/100|[from] Stealth Rock
|turn|37
|inactive|hypervortexreturns has 60 seconds left.
|
|t:|1664089531
|switch|p2a: Tangrowth|Tangrowth, M|98/100 tox
|move|p1a: Arctozolt|Substitute|p1a: Arctozolt
|-start|p1a: Arctozolt|Substitute
|-damage|p1a: Arctozolt|51/100
|
|-weather|Hail|[upkeep]
|-damage|p2a: Tangrowth|92/100 tox|[from] Hail
|-heal|p1a: Arctozolt|57/100|[from] item: Leftovers
|-damage|p2a: Tangrowth|86/100 tox|[from] psn
|upkeep
|turn|38
|
|t:|1664089545
|switch|p2a: Corviknight|Corviknight, M|59/100
|-ability|p2a: Corviknight|Pressure
|move|p1a: Arctozolt|Blizzard|p2a: Corviknight
|-damage|p2a: Corviknight|33/100
|
|-weather|Hail|[upkeep]
|-damage|p2a: Corviknight|26/100|[from] Hail
|-heal|p1a: Arctozolt|63/100|[from] item: Leftovers
|-heal|p2a: Corviknight|33/100|[from] item: Leftovers
|-sideend|p1: 1150 Elo|move: Aurora Veil
|upkeep
|turn|39
|l|☆1150 Elo
|inactive|1150 Elo disconnected and has a minute to reconnect!
|player|p1|
|j| Mr. Bag Getter
|j|☆1150 Elo
|inactive|1150 Elo reconnected and has 135 seconds left.
|player|p1|1150 Elo|169
|inactive|hypervortexreturns has 30 seconds left.
|
|t:|1664089568
|move|p1a: Arctozolt|Bolt Beak|p2a: Corviknight
|-supereffective|p2a: Corviknight
|-damage|p2a: Corviknight|0 fnt
|faint|p2a: Corviknight
|
|-weather|Hail|[upkeep]
|-heal|p1a: Arctozolt|69/100|[from] item: Leftovers
|upkeep
|inactive|hypervortexreturns has 30 seconds left.
|
|t:|1664089581
|switch|p2a: Tangrowth|Tangrowth, M|100/100 tox
|turn|40
|inactive|hypervortexreturns has 30 seconds left.
|
|t:|1664089586
|switch|p2a: Azumarill|Azumarill, M|32/100 brn
|move|p1a: Arctozolt|Blizzard|p2a: Azumarill
|-resisted|p2a: Azumarill
|-damage|p2a: Azumarill|12/100 brn
|
|-weather|none
|-heal|p1a: Arctozolt|76/100|[from] item: Leftovers
|-damage|p2a: Azumarill|6/100 brn|[from] brn
|upkeep
|turn|41
|inactive|hypervortexreturns has 30 seconds left.
|
|t:|1664089605
|move|p2a: Azumarill|Aqua Jet|p1a: Arctozolt
|-activate|p1a: Arctozolt|move: Substitute|[damage]
|move|p1a: Arctozolt|Bolt Beak|p2a: Azumarill
|-supereffective|p2a: Azumarill
|-damage|p2a: Azumarill|0 fnt
|faint|p2a: Azumarill
|
|-heal|p1a: Arctozolt|82/100|[from] item: Leftovers
|upkeep
|inactive|hypervortexreturns has 30 seconds left.
|
|t:|1664089616
|switch|p2a: Excadrill|Excadrill, F|100/100
|-ability|p2a: Excadrill|Mold Breaker
|turn|42
|j| Chiwis Del Norte
|inactive|hypervortexreturns has 30 seconds left.
|
|t:|1664089640
|move|p2a: Excadrill|Iron Head|p1a: Arctozolt
|-end|p1a: Arctozolt|Substitute
|move|p1a: Arctozolt|Low Kick|p2a: Excadrill
|-supereffective|p2a: Excadrill
|-damage|p2a: Excadrill|56/100
|
|-heal|p2a: Excadrill|62/100|[from] item: Leftovers
|-heal|p1a: Arctozolt|88/100|[from] item: Leftovers
|upkeep
|turn|43
|inactive|hypervortexreturns has 30 seconds left.
|
|t:|1664089653
|switch|p1a: Volcanion|Volcanion|100/100
|-damage|p1a: Volcanion|76/100|[from] Stealth Rock
|move|p2a: Excadrill|Earthquake|p1a: Volcanion
|-supereffective|p1a: Volcanion
|-damage|p1a: Volcanion|0 fnt
|faint|p1a: Volcanion
|
|-heal|p2a: Excadrill|68/100|[from] item: Leftovers
|upkeep
|
|t:|1664089657
|switch|p1a: Ninetales|Ninetales-Alola, M|85/100
|-damage|p1a: Ninetales|60/100|[from] Stealth Rock
|-weather|Hail|[from] ability: Snow Warning|[of] p1a: Ninetales
|turn|44
|inactive|hypervortexreturns has 30 seconds left.
|inactive|hypervortexreturns has 20 seconds left.
|
|t:|1664089683
|move|p1a: Ninetales|Aurora Veil|p1a: Ninetales
|-sidestart|p1: 1150 Elo|move: Aurora Veil
|move|p2a: Excadrill|Iron Head|p1a: Ninetales
|-supereffective|p1a: Ninetales
|-damage|p1a: Ninetales|0 fnt
|faint|p1a: Ninetales
|
|-weather|Hail|[upkeep]
|-damage|p2a: Excadrill|62/100|[from] Hail
|-heal|p2a: Excadrill|68/100|[from] item: Leftovers
|upkeep
|inactive|hypervortexreturns has 25 seconds left this turn.
|
|t:|1664089696
|switch|p1a: Arctozolt|Arctozolt|88/100
|-damage|p1a: Arctozolt|63/100|[from] Stealth Rock
|turn|45
|inactive|hypervortexreturns has 30 seconds left.
|
|t:|1664089707
|move|p1a: Arctozolt|Blizzard|p2a: Excadrill
|-crit|p2a: Excadrill
|-damage|p2a: Excadrill|0 fnt
|faint|p2a: Excadrill
|
|-weather|Hail|[upkeep]
|-heal|p1a: Arctozolt|69/100|[from] item: Leftovers
|upkeep
|inactive|hypervortexreturns has 30 seconds left.
|inactive|hypervortexreturns has 20 seconds left.
|inactive|hypervortexreturns has 15 seconds left.
|inactive|hypervortexreturns has 10 seconds left.
|
|t:|1664089734
|switch|p2a: Tangrowth|Tangrowth, M|100/100 tox
|turn|46
|inactive|hypervortexreturns has 20 seconds left this turn.
|
|t:|1664089739
|move|p1a: Arctozolt|Substitute|p1a: Arctozolt
|-start|p1a: Arctozolt|Substitute
|-damage|p1a: Arctozolt|44/100
|move|p2a: Tangrowth|Focus Blast|p1a: Arctozolt|[miss]
|-miss|p2a: Tangrowth|p1a: Arctozolt
|
|-weather|Hail|[upkeep]
|-damage|p2a: Tangrowth|94/100 tox|[from] Hail
|-heal|p1a: Arctozolt|51/100|[from] item: Leftovers
|-damage|p2a: Tangrowth|88/100 tox|[from] psn
|upkeep
|turn|47
|inactive|hypervortexreturns has 30 seconds left this turn.
|inactive|hypervortexreturns has 20 seconds left.
|
|t:|1664089750
|move|p1a: Arctozolt|Blizzard|p2a: Tangrowth
|-supereffective|p2a: Tangrowth
|-damage|p2a: Tangrowth|0 fnt
|faint|p2a: Tangrowth
|
|-weather|Hail|[upkeep]
|-heal|p1a: Arctozolt|57/100|[from] item: Leftovers
|upkeep
|inactive|hypervortexreturns has 25 seconds left this turn.
|inactive|hypervortexreturns has 20 seconds left.
|inactive|hypervortexreturns has 15 seconds left.
|inactive|hypervortexreturns has 10 seconds left.
|inactive|hypervortexreturns has 5 seconds left.
|-message|hypervortexreturns lost due to inactivity.
|
|win|1150 Elo
|raw|1150 Elo's rating: 1619 &rarr; <strong>1651</strong><br />(+32 for winning)
|raw|hypervortexreturns's rating: 1868 &rarr; <strong>1836</strong><br />(-32 for losing)
|l|☆1150 Elo
