|j|☆twin flame bruise
|j|☆ezwz
|t:|1644015540
|gametype|singles
|player|p1|twin flame bruise|harlequin|1774
|player|p2|ezwz|youngster-gen4dp|1818
|teamsize|p1|6
|teamsize|p2|6
|gen|8
|tier|[Gen 8] OU
|rated|
|rule|Sleep Clause Mod: Limit one foe put to sleep
|rule|Species Clause: Limit one of each Pokémon
|rule|OHKO Clause: OHKO moves are banned
|rule|Evasion Moves Clause: Evasion moves are banned
|rule|Endless Battle Clause: Forcing endless battles is banned
|rule|HP Percentage Mod: HP is shown in percentages
|rule|Dynamax Clause: You cannot dynamax
|clearpoke
|poke|p1|Ferrothorn, F|
|poke|p1|Urshifu-*, F|
|poke|p1|Landorus-Therian, M|
|poke|p1|Dragapult, M|
|poke|p1|Nihilego|
|poke|p1|Glaceon, F|
|poke|p2|Landorus-Therian, M|
|poke|p2|Weavile, M|
|poke|p2|Ferrothorn, F|
|poke|p2|Heatran, F|
|poke|p2|Tapu Fini|
|poke|p2|Tornadus-Therian, M|
|teampreview
|
|t:|1644015565
|start
|switch|p1a: Dragapult|Dragapult, M|100/100
|switch|p2a: Tornadus|Tornadus-Therian, M|100/100
|turn|1
|
|t:|1644015580
|move|p1a: Dragapult|U-turn|p2a: Tornadus
|-resisted|p2a: Tornadus
|-crit|p2a: Tornadus
|-damage|p2a: Tornadus|87/100
|
|t:|1644015583
|switch|p1a: Ferrothorn|Ferrothorn, F|100/100|[from]move: U-turn
|move|p2a: Tornadus|Knock Off|p1a: Ferrothorn
|-damage|p1a: Ferrothorn|88/100
|-damage|p2a: Tornadus|75/100|[from] ability: Iron Barbs|[of] p1a: Ferrothorn
|-enditem|p1a: Ferrothorn|Leftovers|[from] move: Knock Off|[of] p2a: Tornadus
|
|upkeep
|turn|2
|
|t:|1644015585
|move|p2a: Tornadus|Taunt|p1a: Ferrothorn
|-start|p1a: Ferrothorn|move: Taunt
|move|p1a: Ferrothorn|Knock Off|p2a: Tornadus
|-damage|p2a: Tornadus|53/100
|-enditem|p2a: Tornadus|Heavy-Duty Boots|[from] move: Knock Off|[of] p1a: Ferrothorn
|
|upkeep
|turn|3
|j| Rai Coldclaw
|
|t:|1644015594
|switch|p2a: Ferrothorn|Ferrothorn, F|100/100
|move|p1a: Ferrothorn|Knock Off|p2a: Ferrothorn
|-damage|p2a: Ferrothorn|88/100
|-damage|p1a: Ferrothorn|75/100|[from] ability: Iron Barbs|[of] p2a: Ferrothorn
|-enditem|p2a: Ferrothorn|Leftovers|[from] move: Knock Off|[of] p1a: Ferrothorn
|
|upkeep
|turn|4
|l| Rai Coldclaw
|
|t:|1644015601
|move|p2a: Ferrothorn|Body Press|p1a: Ferrothorn
|-supereffective|p1a: Ferrothorn
|-damage|p1a: Ferrothorn|38/100
|-damage|p2a: Ferrothorn|75/100|[from] ability: Iron Barbs|[of] p1a: Ferrothorn
|move|p1a: Ferrothorn|Body Press|p2a: Ferrothorn
|-supereffective|p2a: Ferrothorn
|-damage|p2a: Ferrothorn|37/100
|-damage|p1a: Ferrothorn|25/100|[from] ability: Iron Barbs|[of] p2a: Ferrothorn
|
|-end|p1a: Ferrothorn|move: Taunt
|upkeep
|turn|5
|
|t:|1644015623
|move|p2a: Ferrothorn|Body Press|p1a: Ferrothorn
|-supereffective|p1a: Ferrothorn
|-damage|p1a: Ferrothorn|0 fnt
|-damage|p2a: Ferrothorn|25/100|[from] ability: Iron Barbs|[of] p1a: Ferrothorn
|faint|p1a: Ferrothorn
|
|upkeep
|l|☆twin flame bruise
|player|p1|
|j|☆twin flame bruise
|player|p1|twin flame bruise|harlequin
|j| rocks ever
|inactive|Battle timer is ON: inactive players will automatically lose when time's up. (requested by ezwz)
|
|t:|1644015660
|switch|p1a: Glaceon|Glaceon, F|100/100
|turn|6
|
|t:|1644015663
|switch|p2a: Heatran|Heatran, F|100/100
|move|p1a: Glaceon|Water Pulse|p2a: Heatran
|-supereffective|p2a: Heatran
|-damage|p2a: Heatran|59/100
|
|-heal|p2a: Heatran|65/100|[from] item: Leftovers
|upkeep
|turn|7
|
|t:|1644015687
|move|p1a: Glaceon|Water Pulse|p2a: Heatran
|-supereffective|p2a: Heatran
|-damage|p2a: Heatran|24/100
|move|p2a: Heatran|Magma Storm|p1a: Glaceon|[miss]
|-miss|p2a: Heatran|p1a: Glaceon
|
|-heal|p2a: Heatran|30/100|[from] item: Leftovers
|upkeep
|turn|8
|
|t:|1644015696
|switch|p1a: Landorus|Landorus-Therian, M|100/100
|-ability|p1a: Landorus|Intimidate|boost
|-unboost|p2a: Heatran|atk|1
|switch|p2a: Ferrothorn|Ferrothorn, F|25/100
|
|upkeep
|turn|9
|
|t:|1644015700
|switch|p2a: Landorus|Landorus-Therian, M|100/100
|-ability|p2a: Landorus|Intimidate|boost
|-unboost|p1a: Landorus|atk|1
|move|p1a: Landorus|Earthquake|p2a: Landorus
|-immune|p2a: Landorus
|
|upkeep
|turn|10
|
|t:|1644015705
|switch|p2a: Ferrothorn|Ferrothorn, F|25/100
|move|p1a: Landorus|Knock Off|p2a: Ferrothorn
|-damage|p2a: Ferrothorn|18/100
|-damage|p1a: Landorus|88/100|[from] ability: Iron Barbs|[of] p2a: Ferrothorn
|
|upkeep
|turn|11
|j| NextEraTes
|inactive|ezwz has 120 seconds left.
|
|t:|1644015738
|switch|p2a: Tornadus|Tornadus-Therian, M|86/100
|move|p1a: Landorus|Stealth Rock|p2a: Tornadus
|-sidestart|p2: ezwz|move: Stealth Rock
|
|upkeep
|turn|12
|
|t:|1644015742
|move|p2a: Tornadus|Hurricane|p1a: Landorus
|-damage|p1a: Landorus|54/100
|move|p1a: Landorus|U-turn|p2a: Tornadus
|-resisted|p2a: Tornadus
|-damage|p2a: Tornadus|78/100
|
|t:|1644015747
|switch|p1a: Glaceon|Glaceon, F|100/100|[from]move: U-turn
|
|upkeep
|turn|13
|
|t:|1644015750
|move|p2a: Tornadus|U-turn|p1a: Glaceon
|-damage|p1a: Glaceon|82/100
|
|t:|1644015757
|switch|p2a: Ferrothorn|Ferrothorn, F|18/100|[from]move: U-turn
|-damage|p2a: Ferrothorn|11/100|[from] Stealth Rock
|move|p1a: Glaceon|Freeze-Dry|p2a: Ferrothorn
|-damage|p2a: Ferrothorn|0 fnt
|faint|p2a: Ferrothorn
|
|upkeep
|inactive|ezwz has 120 seconds left.
|
|t:|1644015788
|switch|p2a: Heatran|Heatran, F|30/100
|-damage|p2a: Heatran|18/100|[from] Stealth Rock
|turn|14
|
|t:|1644015796
|switch|p1a: Dragapult|Dragapult, M|100/100
|move|p2a: Heatran|Stealth Rock|p1a: Dragapult
|-sidestart|p1: twin flame bruise|move: Stealth Rock
|
|-heal|p2a: Heatran|24/100|[from] item: Leftovers
|upkeep
|turn|15
|inactive|ezwz has 120 seconds left.
|
|t:|1644015844
|switch|p2a: Tapu Fini|Tapu Fini|100/100
|-damage|p2a: Tapu Fini|88/100|[from] Stealth Rock
|-fieldstart|move: Misty Terrain|[from] ability: Misty Surge|[of] p2a: Tapu Fini
|move|p1a: Dragapult|Shadow Ball|p2a: Tapu Fini
|-damage|p2a: Tapu Fini|48/100
|
|-heal|p2a: Tapu Fini|54/100|[from] item: Leftovers
|upkeep
|turn|16
|inactive|twin flame bruise has 120 seconds left.
|
|t:|1644015881
|move|p1a: Dragapult|Shadow Ball|p2a: Tapu Fini
|-damage|p2a: Tapu Fini|18/100
|-unboost|p2a: Tapu Fini|spd|1
|move|p2a: Tapu Fini|Moonblast|p1a: Dragapult
|-supereffective|p1a: Dragapult
|-damage|p1a: Dragapult|9/100
|
|-heal|p2a: Tapu Fini|24/100|[from] item: Leftovers
|upkeep
|turn|17
|inactive|twin flame bruise has 120 seconds left.
|
|t:|1644015889
|switch|p2a: Weavile|Weavile, M|100/100
|-ability|p2a: Weavile|Pressure
|move|p1a: Dragapult|Shadow Ball|p2a: Weavile
|-resisted|p2a: Weavile
|-damage|p2a: Weavile|61/100
|
|upkeep
|turn|18
|
|t:|1644015896
|move|p2a: Weavile|Ice Shard|p1a: Dragapult
|-supereffective|p1a: Dragapult
|-damage|p1a: Dragapult|0 fnt
|faint|p1a: Dragapult
|
|upkeep
|
|t:|1644015901
|switch|p1a: Urshifu|Urshifu-Rapid-Strike, F|100/100
|-damage|p1a: Urshifu|94/100|[from] Stealth Rock
|turn|19
|inactive|ezwz has 120 seconds left.
|
|t:|1644015915
|switch|p2a: Tapu Fini|Tapu Fini|24/100
|-damage|p2a: Tapu Fini|11/100|[from] Stealth Rock
|move|p1a: Urshifu|Surging Strikes|p2a: Tapu Fini
|-resisted|p2a: Tapu Fini
|-crit|p2a: Tapu Fini
|-damage|p2a: Tapu Fini|0 fnt
|faint|p2a: Tapu Fini
|-hitcount|p2: Tapu Fini|1
|-damage|p1a: Urshifu|84/100|[from] item: Life Orb
|
|-fieldend|Misty Terrain
|upkeep
|
|t:|1644015918
|switch|p2a: Tornadus|Tornadus-Therian, M|100/100
|-damage|p2a: Tornadus|76/100|[from] Stealth Rock
|turn|20
|
|t:|1644015924
|switch|p1a: Landorus|Landorus-Therian, M|54/100
|-ability|p1a: Landorus|Intimidate|boost
|-unboost|p2a: Tornadus|atk|1
|move|p2a: Tornadus|Hurricane|p1a: Landorus
|-damage|p1a: Landorus|25/100
|
|upkeep
|turn|21
|
|t:|1644015929
|move|p2a: Tornadus|Hurricane|p1a: Landorus
|-damage|p1a: Landorus|0 fnt
|faint|p1a: Landorus
|
|upkeep
|
|t:|1644015937
|switch|p1a: Glaceon|Glaceon, F|82/100
|-damage|p1a: Glaceon|57/100|[from] Stealth Rock
|turn|22
|
|t:|1644015951
|move|p2a: Tornadus|U-turn|p1a: Glaceon
|-damage|p1a: Glaceon|46/100
|
|t:|1644015963
|switch|p2a: Heatran|Heatran, F|24/100|[from]move: U-turn
|-damage|p2a: Heatran|11/100|[from] Stealth Rock
|move|p1a: Glaceon|Ice Beam|p2a: Heatran
|-resisted|p2a: Heatran
|-damage|p2a: Heatran|0 fnt
|faint|p2a: Heatran
|
|upkeep
|
|t:|1644015969
|switch|p2a: Weavile|Weavile, M|61/100
|-ability|p2a: Weavile|Pressure
|turn|23
|
|t:|1644015978
|switch|p1a: Urshifu|Urshifu-Rapid-Strike, F|84/100
|-damage|p1a: Urshifu|78/100|[from] Stealth Rock
|move|p2a: Weavile|Knock Off|p1a: Urshifu
|-resisted|p1a: Urshifu
|-damage|p1a: Urshifu|56/100
|-enditem|p1a: Urshifu|Life Orb|[from] move: Knock Off|[of] p2a: Weavile
|
|upkeep
|turn|24
|j| ian_yo
|
|t:|1644016003
|switch|p2a: Landorus|Landorus-Therian, M|100/100
|-damage|p2a: Landorus|88/100|[from] Stealth Rock
|-ability|p2a: Landorus|Intimidate|boost
|-unboost|p1a: Urshifu|atk|1
|move|p1a: Urshifu|Surging Strikes|p2a: Landorus
|-supereffective|p2a: Landorus
|-crit|p2a: Landorus
|-damage|p2a: Landorus|54/100
|-supereffective|p2a: Landorus
|-crit|p2a: Landorus
|-damage|p2a: Landorus|23/100
|-supereffective|p2a: Landorus
|-crit|p2a: Landorus
|-damage|p2a: Landorus|0 fnt
|faint|p2a: Landorus
|-hitcount|p2: Landorus|3
|
|upkeep
|j| Jsjdjejej
|
|t:|1644016006
|switch|p2a: Tornadus|Tornadus-Therian, M|100/100
|-damage|p2a: Tornadus|76/100|[from] Stealth Rock
|turn|25
|
|t:|1644016028
|move|p2a: Tornadus|Hurricane|p1a: Urshifu|[miss]
|-miss|p2a: Tornadus|p1a: Urshifu
|move|p1a: Urshifu|Surging Strikes|p2a: Tornadus
|-crit|p2a: Tornadus
|-damage|p2a: Tornadus|52/100
|-crit|p2a: Tornadus
|-damage|p2a: Tornadus|26/100
|-crit|p2a: Tornadus
|-damage|p2a: Tornadus|4/100
|-hitcount|p2a: Tornadus|3
|
|upkeep
|turn|26
|
|t:|1644016033
|move|p2a: Tornadus|Hurricane|p1a: Urshifu
|-supereffective|p1a: Urshifu
|-damage|p1a: Urshifu|0 fnt
|faint|p1a: Urshifu
|
|upkeep
|
|t:|1644016036
|switch|p1a: Nihilego|Nihilego|100/100
|-damage|p1a: Nihilego|88/100|[from] Stealth Rock
|turn|27
|l| NextEraTes
|
|t:|1644016040
|move|p2a: Tornadus|Knock Off|p1a: Nihilego
|-damage|p1a: Nihilego|56/100
|-enditem|p1a: Nihilego|Power Herb|[from] move: Knock Off|[of] p2a: Tornadus
|move|p1a: Nihilego|Power Gem|p2a: Tornadus
|-supereffective|p2a: Tornadus
|-damage|p2a: Tornadus|0 fnt
|faint|p2a: Tornadus
|-ability|p1a: Nihilego|Beast Boost|boost
|-boost|p1a: Nihilego|spe|1
|
|upkeep
|c|☆ezwz|gg
|-message|ezwz forfeited.
|
|win|twin flame bruise
|raw|twin flame bruise's rating: 1774 &rarr; <strong>1797</strong><br />(+23 for winning)
|raw|ezwz's rating: 1818 &rarr; <strong>1795</strong><br />(-23 for losing)
|c|☆twin flame bruise|gg
|l|☆ezwz
|l| rocks ever
|l| ian_yo
||Ladder isn't responding, score probably updated but might not have (Request timeout).
