|j|☆knexhawk2
|j|☆Assassin0127
|inactive|Battle timer is ON: inactive players will automatically lose when time's up.
|t:|1667270814
|gametype|singles
|player|p1|knexhawk2|benga|
|player|p2|Assassin0127|102|
|teamsize|p1|6
|teamsize|p2|6
|gen|8
|tier|[Gen 8] OU
|rated|Tournament battle
|rule|Sleep Clause Mod: Limit one foe put to sleep
|rule|Species Clause: Limit one of each Pokémon
|rule|OHKO Clause: OHKO moves are banned
|rule|Evasion Items Clause: Evasion items are banned
|rule|Evasion Moves Clause: Evasion moves are banned
|rule|Endless Battle Clause: Forcing endless battles is banned
|rule|HP Percentage Mod: HP is shown in percentages
|rule|Dynamax Clause: You cannot dynamax
|clearpoke
|poke|p1|Pumpkaboo-*, M|
|poke|p1|Dragapult, M|
|poke|p1|Marowak-Alola, F|
|poke|p1|Drifblim, M|
|poke|p1|Decidueye, F|
|poke|p1|Mimikyu, F|
|poke|p2|Corsola-Galar, M|
|poke|p2|Dragapult, M|
|poke|p2|Gengar, F|
|poke|p2|Mimikyu, M|
|poke|p2|Aegislash, M|
|poke|p2|Pumpkaboo-*, M|
|teampreview
|inactive|Assassin0127 also wants the timer to be on.
|j| 24lid
|c|☆knexhawk2|gl
|j| FaceBlue
|c|☆Assassin0127|glhf
|j| natdexfunnn
|
|t:|1667270835
|start
|switch|p1a: shit bag|Pumpkaboo, M|100/100
|switch|p2a: Mimikyu|Mimikyu, M|100/100
|-item|p2a: Mimikyu|Life Orb|[from] ability: Frisk|[of] p1a: shit bag|[identify]
|turn|1
|c| natdexfunnn|avenge freezai
|j|%htcl
|
|t:|1667270848
|switch|p1a: shit smasher|Marowak-Alola, F|100/100
|move|p2a: Mimikyu|Swords Dance|p2a: Mimikyu
|-boost|p2a: Mimikyu|atk|2
|
|upkeep
|turn|2
|
|t:|1667270853
|move|p2a: Mimikyu|Shadow Sneak|p1a: shit smasher
|-supereffective|p1a: shit smasher
|-crit|p1a: shit smasher
|-damage|p1a: shit smasher|0 fnt
|faint|p1a: shit smasher
|-damage|p2a: Mimikyu|91/100|[from] item: Life Orb
|
|upkeep
|c|☆knexhawk2|crit
|c|☆knexhawk2|fuck
|
|t:|1667270864
|switch|p1a: shit bag|Pumpkaboo, M|100/100
|-item|p2a: Mimikyu|Life Orb|[from] ability: Frisk|[of] p1a: shit bag|[identify]
|turn|3
|c| FaceBlue|for sure didnt matter
|
|t:|1667270873
|move|p2a: Mimikyu|Shadow Sneak|p1a: shit bag
|-supereffective|p1a: shit bag
|-damage|p1a: shit bag|15/100
|-damage|p2a: Mimikyu|81/100|[from] item: Life Orb
|move|p1a: shit bag|Destiny Bond|p1a: shit bag
|-singlemove|p1a: shit bag|Destiny Bond
|
|upkeep
|turn|4
|c|☆knexhawk2|its alolawak it def mattered
|
|t:|1667270879
|move|p2a: Mimikyu|Swords Dance|p2a: Mimikyu
|-boost|p2a: Mimikyu|atk|2
|move|p1a: shit bag|Curse|p2a: Mimikyu
|-start|p2a: Mimikyu|Curse|[of] p1a: shit bag
|-damage|p1a: shit bag|0 fnt
|faint|p1a: shit bag
|
|-damage|p2a: Mimikyu|56/100|[from] Curse
|upkeep
|
|t:|1667270885
|switch|p1a: shit puppet|Mimikyu, F|100/100
|turn|5
|j| X-Wing Fighter
|j| IIIodyne
|
|t:|1667270891
|move|p2a: Mimikyu|Shadow Sneak|p1a: shit puppet
|-activate|p1a: shit puppet|ability: Disguise
|-damage|p1a: shit puppet|100/100
|detailschange|p1a: shit puppet|Mimikyu-Busted, F
|-damage|p1a: shit puppet|88/100|[from] pokemon: Mimikyu-Busted
|-damage|p2a: Mimikyu|46/100|[from] item: Life Orb
|move|p1a: shit puppet|Swords Dance|p1a: shit puppet
|-boost|p1a: shit puppet|atk|2
|
|-damage|p2a: Mimikyu|21/100|[from] Curse
|upkeep
|turn|6
|l| X-Wing Fighter
|c|☆knexhawk2|wtf am i doing
|
|t:|1667270901
|move|p1a: shit puppet|Shadow Sneak|p2a: Mimikyu
|-activate|p2a: Mimikyu|ability: Disguise
|-damage|p2a: Mimikyu|21/100
|detailschange|p2a: Mimikyu|Mimikyu-Busted, M
|-damage|p2a: Mimikyu|9/100|[from] pokemon: Mimikyu-Busted
|-damage|p1a: shit puppet|78/100|[from] item: Life Orb
|move|p2a: Mimikyu|Shadow Sneak|p1a: shit puppet
|-supereffective|p1a: shit puppet
|-damage|p1a: shit puppet|0 fnt
|faint|p1a: shit puppet
|-damage|p2a: Mimikyu|0 fnt|[from] item: Life Orb
|faint|p2a: Mimikyu
|
|upkeep
|c| FaceBlue|throwing
|c|☆knexhawk2|you know it
|c| IIIodyne|oh shit corsola-g
|c| IIIodyne|throwback
|
|t:|1667270924
|switch|p1a: shit winger|Decidueye, F|100/100
|switch|p2a: Aegislash|Aegislash, M|100/100
|-item|p2a: Aegislash|Air Balloon
|turn|7
|
|t:|1667270930
|move|p1a: shit winger|Tailwind|p1a: shit winger
|-sidestart|p1: knexhawk2|move: Tailwind
|move|p2a: Aegislash|Swords Dance|p2a: Aegislash
|-boost|p2a: Aegislash|atk|2
|
|upkeep
|turn|8
|c| FaceBlue|bro remember at the start of this gen
|
|t:|1667270933
|-formechange|p2a: Aegislash|Aegislash-Blade||[from] ability: Stance Change
|move|p2a: Aegislash|Shadow Sneak|p1a: shit winger
|-supereffective|p1a: shit winger
|-enditem|p1a: shit winger|Kasib Berry|[eat]
|-enditem|p1a: shit winger|Kasib Berry|[weaken]
|-damage|p1a: shit winger|35/100
|move|p1a: shit winger|Poltergeist|p2a: Aegislash
|-activate|p2a: Aegislash|move: Poltergeist|Air Balloon
|-supereffective|p2a: Aegislash
|-damage|p2a: Aegislash|0 fnt
|-enditem|p2a: Aegislash|Air Balloon
|faint|p2a: Aegislash
|
|upkeep
|c| FaceBlue|it was a staple
|c|☆knexhawk2|sneak me
|c|☆knexhawk2|im not scared.
|j| okaiokaiokai
|
|t:|1667270945
|switch|p2a: Pumpkaboo|Pumpkaboo, M|100/100
|turn|9
|
|t:|1667270965
|move|p2a: Pumpkaboo|Protect|p2a: Pumpkaboo
|-singleturn|p2a: Pumpkaboo|Protect
|move|p1a: shit winger|Shadow Sneak|p2a: Pumpkaboo
|-activate|p2a: Pumpkaboo|move: Protect
|
|upkeep
|turn|10
|
|t:|1667270974
|move|p2a: Pumpkaboo|Endure|p2a: Pumpkaboo
|-singleturn|p2a: Pumpkaboo|move: Endure
|move|p1a: shit winger|Shadow Sneak|p2a: Pumpkaboo
|-supereffective|p2a: Pumpkaboo
|-damage|p2a: Pumpkaboo|39/100
|
|-sideend|p1: knexhawk2|move: Tailwind
|upkeep
|turn|11
|j|@Mimikyu Stardust
|j| X-Wing Fighter
|
|t:|1667270981
|move|p1a: shit winger|Shadow Sneak|p2a: Pumpkaboo
|-supereffective|p2a: Pumpkaboo
|-damage|p2a: Pumpkaboo|0 fnt
|faint|p2a: Pumpkaboo
|
|upkeep
|j| ingbayongbay
|c|☆knexhawk2|what does this do
|c|☆knexhawk2|lol
|j| Mealze
|j| Smitty12
|c|☆Assassin0127|idk man
|c|☆knexhawk2|fair enough
|
|t:|1667270997
|switch|p2a: Corsola|Corsola-Galar, M|100/100
|turn|12
|c| FaceBlue|whoever wins this plays freeza
|c| FaceBlue|no pressure
|
|t:|1667271002
|move|p1a: shit winger|Poltergeist|p2a: Corsola
|-activate|p2a: Corsola|move: Poltergeist|Eviolite
|-supereffective|p2a: Corsola
|-damage|p2a: Corsola|42/100
|move|p2a: Corsola|Night Shade|p1a: shit winger
|-damage|p1a: shit winger|2/100
|
|upkeep
|turn|13
|j| cypherstest
|c| natdexfunnn|lol
|
|t:|1667271010
|move|p1a: shit winger|Poltergeist|p2a: Corsola
|-activate|p2a: Corsola|move: Poltergeist|Eviolite
|-supereffective|p2a: Corsola
|-damage|p2a: Corsola|0 fnt
|faint|p2a: Corsola
|
|upkeep
|c| FaceBlue|the whole world will be watching
|j| Albedoe
|c|☆knexhawk2|i hope
|c| FaceBlue|but dont get pyched out
|l|@Mimikyu Stardust
|
|t:|1667271026
|switch|p2a: Dragapult|Dragapult, M|100/100
|turn|14
|c| FaceBlue|no pressure at all
|c|☆knexhawk2|bro idk why people treat it like hes a different person than anyone else
|
|t:|1667271038
|move|p2a: Dragapult|Dragon Darts|p1a: shit winger
|-damage|p1a: shit winger|0 fnt
|faint|p1a: shit winger
|
|upkeep
|j| Sokoly
|c| natdexfunnn|i watched him when he had 700 subs
|l| Sokoly
|
|t:|1667271059
|switch|p1a: shit licker|Dragapult, M|100/100
|turn|15
|c| FaceBlue|idk youtube is like the closest thing to fame most people are gonna get playing showdown
|
|t:|1667271073
|move|p1a: shit licker|Dragon Darts|p2a: Dragapult
|-supereffective|p2a: Dragapult
|-damage|p2a: Dragapult|43/100
|-anim|p1a: shit licker|Dragon Darts|p2a: Dragapult
|-supereffective|p2a: Dragapult
|-damage|p2a: Dragapult|0 fnt
|faint|p2a: Dragapult
|
|upkeep
|
|t:|1667271078
|switch|p2a: Gengar|Gengar, F|100/100
|turn|16
|
|t:|1667271082
|move|p1a: shit licker|Dragon Darts|p2a: Gengar
|-damage|p2a: Gengar|61/100
|-anim|p1a: shit licker|Dragon Darts|p2a: Gengar
|-damage|p2a: Gengar|21/100
|move|p2a: Gengar|Shadow Ball|p1a: shit licker
|-supereffective|p1a: shit licker
|-damage|p1a: shit licker|0 fnt
|faint|p1a: shit licker
|
|upkeep
|c|☆knexhawk2|dont cursed body me
|c|☆knexhawk2|thanks
|c|☆knexhawk2|oh im dead
|c|☆knexhawk2|who cares
|j| ChereYumi
|c| FaceBlue|tell me you have sneak
|j|@Sww-Suwa
|c| 24lid|lets see the driftblim tech
|c| IIIodyne|blim bulky af
|c| FaceBlue|tell me you still win please
|l| ChereYumi
|inactive|knexhawk2 has 120 seconds left.
|
|t:|1667271133
|switch|p1a: shit inhaler|Drifblim, M|100/100
|turn|17
|c| FaceBlue|the pause
|c| FaceBlue|...
|c|☆knexhawk2|nah
|c|☆knexhawk2|its safe
|
|t:|1667271141
|move|p2a: Gengar|Shadow Ball|p1a: shit inhaler
|-supereffective|p1a: shit inhaler
|-enditem|p1a: shit inhaler|Kasib Berry|[eat]
|-enditem|p1a: shit inhaler|Kasib Berry|[weaken]
|-damage|p1a: shit inhaler|17/100
|-unboost|p1a: shit inhaler|spd|1
|move|p1a: shit inhaler|Shadow Ball|p2a: Gengar
|-supereffective|p2a: Gengar
|-damage|p2a: Gengar|0 fnt
|faint|p2a: Gengar
|
|win|knexhawk2
|n|☆knexhawk2|knexhawk2
|n|☆Assassin0127|assassin0127
|n| 24lid|24lid
|n| FaceBlue|faceblue
|n| natdexfunnn|natdexfunnn
|n| htcl|htcl
|n| IIIodyne|iiiodyne
|n| okaiokaiokai|okaiokaiokai
|n| X-Wing Fighter|xwingfighter
|n| ingbayongbay|ingbayongbay
|n| Mealze|mealze
|n| Smitty12|smitty12
|n| cypherstest|cypherstest
|n| Albedoe|albedoe
|n| Sww-Suwa|swwsuwa
|c|☆knexhawk2|assuming no crit
|c|☆knexhawk2|had to calc specs
|l| natdexfunnn
|c| FaceBlue|Aye
|c| IIIodyne|gg
|c|☆knexhawk2|make sure i lived
|c| okaiokaiokai|gg
|c|☆knexhawk2|ggs
|c|☆Assassin0127|gg nonetheless, this was my first tournamnet and it was fun
|l| ingbayongbay
|c|☆knexhawk2|was fun
|l| FaceBlue
|l| IIIodyne
|l|☆knexhawk2
|l| Albedoe
|c| Mealze|Yooo assassin
|l| okaiokaiokai
|l| Mealze
|l| 24lid
|l| Sww-Suwa
|l| htcl
|l| cypherstest
|l|☆Assassin0127
|j|☆Assassin0127
|player|p2|Assassin0127|102
