|raw|<div class="broadcast-blue"><strong>This battle is required to be public due to a player having a name starting with 'lt94je'.</div>
|j|☆bramitoboy
|j|☆LT94JECRYANDHIDE
|t:|1661612895
|gametype|singles
|player|p1|bramitoboy|169|1793
|player|p2|LT94JECRYANDHIDE|sonia-masters|1890
|teamsize|p1|6
|teamsize|p2|6
|gen|8
|tier|[Gen 8] OU
|rated|
|rule|Sleep Clause Mod: Limit one foe put to sleep
|rule|Species Clause: Limit one of each Pokémon
|rule|OHKO Clause: OHKO moves are banned
|rule|Evasion Items Clause: Evasion items are banned
|rule|Evasion Moves Clause: Evasion moves are banned
|rule|Endless Battle Clause: Forcing endless battles is banned
|rule|HP Percentage Mod: HP is shown in percentages
|rule|Dynamax Clause: You cannot dynamax
|clearpoke
|poke|p1|Zarude-Dada|
|poke|p1|Keldeo-Resolute|
|poke|p1|Tapu Lele|
|poke|p1|Tapu Koko|
|poke|p1|Heatran, F|
|poke|p1|Landorus-Therian, M|
|poke|p2|Volcanion|
|poke|p2|Seismitoad, M|
|poke|p2|Pelipper, M|
|poke|p2|Tapu Lele|
|poke|p2|Barraskewda, M|
|poke|p2|Melmetal|
|teampreview
|inactive|Battle timer is ON: inactive players will automatically lose when time's up. (requested by LT94JECRYANDHIDE)
|inactive|LT94JECRYANDHIDE has 120 seconds left.
|
|t:|1661612949
|start
|switch|p1a: Tapu Koko|Tapu Koko|100/100
|switch|p2a: Pelipper|Pelipper, M|100/100
|-fieldstart|move: Electric Terrain|[from] ability: Electric Surge|[of] p1a: Tapu Koko
|-weather|RainDance|[from] ability: Drizzle|[of] p2a: Pelipper
|turn|1
|j| LT94JE Kingpin
|j| LT94JE reje
|j| LT94JE Tace
|inactive|LT94JECRYANDHIDE has 120 seconds left.
|j| lt94jes e2x
|
|t:|1661612982
|move|p1a: Tapu Koko|Dazzling Gleam|p2a: Pelipper
|-crit|p2a: Pelipper
|-damage|p2a: Pelipper|24/100
|move|p2a: Pelipper|U-turn|p1a: Tapu Koko
|-resisted|p1a: Tapu Koko
|-damage|p1a: Tapu Koko|95/100
|j| tolstoy
|
|t:|1661612987
|switch|p2a: Tapu Lele|Tapu Lele|100/100|[from]move: U-turn
|-fieldstart|move: Psychic Terrain|[from] ability: Psychic Surge|[of] p2a: Tapu Lele
|
|-weather|RainDance|[upkeep]
|upkeep
|turn|2
|c| tolstoy|chinese ho vs rain
|j| LT94JE Genesis
|
|t:|1661613000
|move|p1a: Tapu Koko|Dazzling Gleam|p2a: Tapu Lele
|-damage|p2a: Tapu Lele|60/100
|move|p2a: Tapu Lele|Focus Blast|p1a: Tapu Koko|[miss]
|-miss|p2a: Tapu Lele|p1a: Tapu Koko
|
|-weather|RainDance|[upkeep]
|upkeep
|turn|3
|j| LT94JE TELE
|c|☆bramitoboy|chinese?
|c| LT94JE Kingpin|lax just calls that ho
|j| LT94JE Highv0ltag3
|c| tolstoy|racism
|inactive|bramitoboy has 120 seconds left.
|c|☆bramitoboy|I am not chinese, I built it. And if that guy said so, he is a wirdo
|
|t:|1661613041
|switch|p1a: Tapu Lele|Tapu Lele|100/100
|move|p2a: Tapu Lele|Psyshock|p1a: Tapu Lele
|-resisted|p1a: Tapu Lele
|-damage|p1a: Tapu Lele|43/100
|
|-weather|RainDance|[upkeep]
|upkeep
|turn|4
|j| wish kisser
|c| tolstoy|sorry bramitoboy
|inactive|LT94JECRYANDHIDE has 120 seconds left.
|j| Raikou solar
|
|t:|1661613065
|switch|p2a: Melmetal|Melmetal|100/100
|move|p1a: Tapu Lele|Moonblast|p2a: Melmetal
|-resisted|p2a: Melmetal
|-damage|p2a: Melmetal|87/100
|-unboost|p2a: Melmetal|spa|1
|
|-weather|RainDance|[upkeep]
|upkeep
|turn|5
|c| wish kisser|where do u come from
|inactive|LT94JECRYANDHIDE has 120 seconds left.
|j| lt94je star
|c|☆bramitoboy|Italy
|
|t:|1661613086
|switch|p2a: Volcanion|Volcanion|100/100
|move|p1a: Tapu Lele|Focus Blast|p2a: Volcanion|[miss]
|-miss|p1a: Tapu Lele|p2a: Volcanion
|
|-weather|RainDance|[upkeep]
|-fieldend|move: Psychic Terrain
|upkeep
|turn|6
|
|t:|1661613099
|move|p1a: Tapu Lele|Psyshock|p2a: Volcanion
|-damage|p2a: Volcanion|55/100
|move|p2a: Volcanion|Steam Eruption|p1a: Tapu Lele
|-damage|p1a: Tapu Lele|0 fnt
|faint|p1a: Tapu Lele
|
|-weather|RainDance|[upkeep]
|upkeep
|
|t:|1661613111
|switch|p1a: Zarude|Zarude-Dada|100/100
|turn|7
|inactive|LT94JECRYANDHIDE has 120 seconds left.
|
|t:|1661613132
|switch|p2a: Melmetal|Melmetal|87/100
|move|p1a: Zarude|Power Whip|p2a: Melmetal
|-resisted|p2a: Melmetal
|-damage|p2a: Melmetal|66/100
|-damage|p1a: Zarude|91/100|[from] item: Life Orb
|
|-weather|RainDance|[upkeep]
|upkeep
|turn|8
|
|t:|1661613137
|switch|p1a: Landorus|Landorus-Therian, M|100/100
|-ability|p1a: Landorus|Intimidate|boost
|-unboost|p2a: Melmetal|atk|1
|move|p2a: Melmetal|Double Iron Bash|p1a: Landorus
|-damage|p1a: Landorus|82/100
|-damage|p2a: Melmetal|49/100|[from] item: Rocky Helmet|[of] p1a: Landorus
|-damage|p1a: Landorus|63/100
|-damage|p2a: Melmetal|33/100|[from] item: Rocky Helmet|[of] p1a: Landorus
|-hitcount|p1a: Landorus|2
|
|-weather|none
|upkeep
|turn|9
|j| tony pizza
|
|t:|1661613147
|switch|p1a: Heatran|Heatran, F|100/100
|-item|p1a: Heatran|Air Balloon
|switch|p2a: Pelipper|Pelipper, M|24/100
|-weather|RainDance|[from] ability: Drizzle|[of] p2a: Pelipper
|
|-weather|RainDance|[upkeep]
|upkeep
|turn|10
|inactive|bramitoboy has 120 seconds left.
|
|t:|1661613161
|move|p1a: Heatran|Taunt|p2a: Pelipper
|-start|p2a: Pelipper|move: Taunt
|cant|p2a: Pelipper|move: Taunt|Roost
|
|-weather|RainDance|[upkeep]
|upkeep
|turn|11
|
|t:|1661613164
|move|p1a: Heatran|Stealth Rock|p2a: Pelipper
|-sidestart|p2: LT94JECRYANDHIDE|move: Stealth Rock
|move|p2a: Pelipper|U-turn|p1a: Heatran
|-resisted|p1a: Heatran
|-damage|p1a: Heatran|99/100
|-enditem|p1a: Heatran|Air Balloon
|
|t:|1661613174
|switch|p2a: Barraskewda|Barraskewda, M|100/100|[from]move: U-turn
|-damage|p2a: Barraskewda|88/100|[from] Stealth Rock
|
|-weather|RainDance|[upkeep]
|upkeep
|turn|12
|
|t:|1661613193
|move|p2a: Barraskewda|Flip Turn|p1a: Heatran
|-supereffective|p1a: Heatran
|-damage|p1a: Heatran|0 fnt
|faint|p1a: Heatran
|
|t:|1661613196
|switch|p2a: Seismitoad|Seismitoad, M|100/100|[from]move: Flip Turn
|-damage|p2a: Seismitoad|95/100|[from] Stealth Rock
|
|-weather|RainDance|[upkeep]
|upkeep
|
|t:|1661613204
|switch|p1a: Zarude|Zarude-Dada|91/100
|turn|13
|
|t:|1661613218
|switch|p2a: Pelipper|Pelipper, M|24/100
|-damage|p2a: Pelipper|0 fnt|[from] Stealth Rock
|faint|p2a: Pelipper
|move|p1a: Zarude|Power Whip|p2: Pelipper|[notarget]
|-fail|p1a: Zarude
|
|-weather|RainDance|[upkeep]
|upkeep
|
|t:|1661613223
|switch|p2a: Barraskewda|Barraskewda, M|88/100
|-damage|p2a: Barraskewda|75/100|[from] Stealth Rock
|turn|14
|
|t:|1661613228
|switch|p1a: Landorus|Landorus-Therian, M|63/100
|-ability|p1a: Landorus|Intimidate|boost
|-unboost|p2a: Barraskewda|atk|1
|move|p2a: Barraskewda|Flip Turn|p1a: Landorus
|-supereffective|p1a: Landorus
|-damage|p1a: Landorus|0 fnt
|-damage|p2a: Barraskewda|59/100|[from] item: Rocky Helmet|[of] p1a: Landorus
|faint|p1a: Landorus
|
|t:|1661613234
|switch|p2a: Melmetal|Melmetal|33/100|[from]move: Flip Turn
|-damage|p2a: Melmetal|27/100|[from] Stealth Rock
|
|-weather|RainDance|[upkeep]
|upkeep
|
|t:|1661613241
|switch|p1a: Keldeo|Keldeo-Resolute|100/100
|turn|15
|
|t:|1661613248
|move|p1a: Keldeo|Secret Sword|p2a: Melmetal
|-supereffective|p2a: Melmetal
|-damage|p2a: Melmetal|0 fnt
|faint|p2a: Melmetal
|
|-weather|RainDance|[upkeep]
|upkeep
|
|t:|1661613259
|switch|p2a: Barraskewda|Barraskewda, M|59/100
|-damage|p2a: Barraskewda|46/100|[from] Stealth Rock
|turn|16
|inactive|LT94JECRYANDHIDE has 120 seconds left.
|
|t:|1661613290
|switch|p1a: Tapu Koko|Tapu Koko|95/100
|-fieldstart|move: Electric Terrain|[from] ability: Electric Surge|[of] p1a: Tapu Koko
|move|p2a: Barraskewda|Psychic Fangs|p1a: Tapu Koko
|-damage|p1a: Tapu Koko|29/100
|
|-weather|none
|upkeep
|turn|17
|j| whoghohou
|l| LT94JE Tace
|
|t:|1661613301
|switch|p2a: Volcanion|Volcanion|55/100
|-damage|p2a: Volcanion|30/100|[from] Stealth Rock
|move|p1a: Tapu Koko|Volt Switch|p2a: Volcanion
|-supereffective|p2a: Volcanion
|-damage|p2a: Volcanion|0 fnt
|faint|p2a: Volcanion
|
|t:|1661613305
|switch|p1a: Zarude|Zarude-Dada|91/100|[from]move: Volt Switch
|
|upkeep
|
|t:|1661613307
|switch|p2a: Barraskewda|Barraskewda, M|46/100
|-damage|p2a: Barraskewda|34/100|[from] Stealth Rock
|turn|18
|
|t:|1661613312
|switch|p1a: Tapu Koko|Tapu Koko|29/100
|move|p2a: Barraskewda|Close Combat|p1a: Tapu Koko
|-resisted|p1a: Tapu Koko
|-damage|p1a: Tapu Koko|0 fnt
|-unboost|p2a: Barraskewda|def|1
|-unboost|p2a: Barraskewda|spd|1
|faint|p1a: Tapu Koko
|
|upkeep
|
|t:|1661613317
|switch|p1a: Keldeo|Keldeo-Resolute|100/100
|turn|19
|c| wish kisser|so
|c| wish kisser|italy HO
|c|☆bramitoboy|exactly dude
|
|t:|1661613346
|switch|p2a: Seismitoad|Seismitoad, M|95/100
|-damage|p2a: Seismitoad|89/100|[from] Stealth Rock
|move|p1a: Keldeo|Substitute|p1a: Keldeo
|-start|p1a: Keldeo|Substitute
|-damage|p1a: Keldeo|75/100
|
|-heal|p1a: Keldeo|82/100|[from] item: Leftovers
|upkeep
|turn|20
|
|t:|1661613351
|move|p1a: Keldeo|Calm Mind|p1a: Keldeo
|-boost|p1a: Keldeo|spa|1
|-boost|p1a: Keldeo|spd|1
|move|p2a: Seismitoad|Earth Power|p1a: Keldeo
|-end|p1a: Keldeo|Substitute
|-damage|p2a: Seismitoad|79/100|[from] item: Life Orb
|
|-heal|p1a: Keldeo|88/100|[from] item: Leftovers
|-fieldend|move: Electric Terrain
|upkeep
|turn|21
|n|+lax|tolstoy
|inactive|LT94JECRYANDHIDE has 120 seconds left.
|j| zSoulx
|l| zSoulx
|
|t:|1661613394
|move|p1a: Keldeo|Secret Sword|p2a: Seismitoad
|-damage|p2a: Seismitoad|0 fnt
|faint|p2a: Seismitoad
|
|-heal|p1a: Keldeo|94/100|[from] item: Leftovers
|upkeep
|
|t:|1661613404
|switch|p2a: Barraskewda|Barraskewda, M|34/100
|-damage|p2a: Barraskewda|21/100|[from] Stealth Rock
|turn|22
|c| LT94JE Highv0ltag3|50 50 moment
|c| LT94JE Kingpin|no?
|l| lt94jes e2x
|inactive|LT94JECRYANDHIDE has 90 seconds left.
|c|☆bramitoboy|uh
|c| LT94JE Highv0ltag3|oh nah he just stays in and wins mb
|
|t:|1661613457
|move|p2a: Barraskewda|Psychic Fangs|p1a: Keldeo
|-supereffective|p1a: Keldeo
|-damage|p1a: Keldeo|0 fnt
|faint|p1a: Keldeo
|
|upkeep
|
|t:|1661613462
|switch|p1a: Zarude|Zarude-Dada|91/100
|turn|23
|c| LT94JE Highv0ltag3|still cc crit can win
|c|☆LT94JECRYANDHIDE|speculators af
|
|t:|1661613471
|switch|p2a: Tapu Lele|Tapu Lele|60/100
|-damage|p2a: Tapu Lele|47/100|[from] Stealth Rock
|-fieldstart|move: Psychic Terrain|[from] ability: Psychic Surge|[of] p2a: Tapu Lele
|move|p1a: Zarude|Bulk Up|p1a: Zarude
|-boost|p1a: Zarude|atk|1
|-boost|p1a: Zarude|def|1
|
|upkeep
|turn|24
|c| wish kisser|goat
|c| wish kisser|italian ho can do it ?
|c|☆bramitoboy|I am glad you appreciated. Anyway, I don't know how much damage that asshole does
|inactive|bramitoboy has 120 seconds left.
|
|t:|1661613504
|move|p1a: Zarude|Darkest Lariat|p2a: Tapu Lele
|-damage|p2a: Tapu Lele|0 fnt
|faint|p2a: Tapu Lele
|-damage|p1a: Zarude|81/100|[from] item: Life Orb
|
|upkeep
|
|t:|1661613507
|switch|p2a: Barraskewda|Barraskewda, M|21/100
|-damage|p2a: Barraskewda|9/100|[from] Stealth Rock
|turn|25
|c| LT94JE Highv0ltag3|he has to crit
|inactive|LT94JECRYANDHIDE has 90 seconds left.
|c|☆bramitoboy|anyway, gg
|c| LT94JE Kingpin|wait
|c| LT94JE Kingpin|it wasnt scarf
|c|☆LT94JECRYANDHIDE|gg
|c| LT94JE Kingpin|lmao
|
|t:|1661613528
|move|p2a: Barraskewda|Close Combat|p1a: Zarude
|-supereffective|p1a: Zarude
|-damage|p1a: Zarude|0 fnt
|-unboost|p2a: Barraskewda|def|1
|-unboost|p2a: Barraskewda|spd|1
|faint|p1a: Zarude
|
|win|LT94JECRYANDHIDE
|raw|bramitoboy's rating: 1793 &rarr; <strong>1778</strong><br />(-15 for losing)
|raw|LT94JECRYANDHIDE's rating: 1890 &rarr; <strong>1905</strong><br />(+15 for winning)
|c| wish kisser|tho scarf not useful
|j| zSoulx
|c|☆bramitoboy|ahah damn
|c| LT94JE Highv0ltag3|BRO
|c| LT94JE Genesis|F
|c|☆bramitoboy|it would be nerfed
|c| LT94JE Highv0ltag3|barra is broken confirmed
|l|☆LT94JECRYANDHIDE
|l| LT94JE Genesis
|l| LT94JE Kingpin
|l| tony pizza
||Ladder isn't responding, score probably updated but might not have (Request timeout).
|j| LT94JE Tace
|l| Raikou solar
|l| LT94JE Tace
|l|+lax
|l| whoghohou
|l| zSoulx
|l|☆bramitoboy
|j| Nmnert
|l| Nmnert
|l| LT94JE reje
|l| wish kisser
