|j|☆LT94JE Fuse
|j|☆Stads
|t:|1661281664
|gametype|singles
|player|p1|LT94JE Fuse|yellow|1830
|player|p2|Stads|102|1774
|teamsize|p1|6
|teamsize|p2|6
|gen|8
|tier|[Gen 8] OU
|rated|
|rule|Sleep Clause Mod: Limit one foe put to sleep
|rule|Species Clause: Limit one of each Pokémon
|rule|OHKO Clause: OHKO moves are banned
|rule|Evasion Items Clause: Evasion items are banned
|rule|Evasion Moves Clause: Evasion moves are banned
|rule|Endless Battle Clause: Forcing endless battles is banned
|rule|HP Percentage Mod: HP is shown in percentages
|rule|Dynamax Clause: You cannot dynamax
|clearpoke
|poke|p1|Necrozma|
|poke|p1|Tapu Lele|
|poke|p1|Urshifu-*, M|
|poke|p1|Tornadus-Therian, M|
|poke|p1|Landorus-Therian, M|
|poke|p1|Ferrothorn, F|
|poke|p2|Tornadus-Therian, M|
|poke|p2|Corviknight, M|
|poke|p2|Kartana|
|poke|p2|Toxapex, F|
|poke|p2|Hippowdon, M|
|poke|p2|Heatran, F|
|teampreview
|c|☆LT94JE Fuse|Hf
|inactive|Battle timer is ON: inactive players will automatically lose when time's up. (requested by Stads)
|
|t:|1661281680
|start
|switch|p1a: Tapu Lele|Tapu Lele|100/100
|switch|p2a: Tornadus|Tornadus-Therian, M|100/100
|-fieldstart|move: Psychic Terrain|[from] ability: Psychic Surge|[of] p1a: Tapu Lele
|turn|1
|
|t:|1661281688
|switch|p1a: Tornadus|Tornadus-Therian, M|100/100
|move|p2a: Tornadus|Knock Off|p1a: Tornadus
|-damage|p1a: Tornadus|80/100
|-enditem|p1a: Tornadus|Assault Vest|[from] move: Knock Off|[of] p2a: Tornadus
|
|upkeep
|turn|2
|
|t:|1661281693
|switch|p2a: Toxapex|Toxapex, F|100/100
|move|p1a: Tornadus|U-turn|p2a: Toxapex
|-resisted|p2a: Toxapex
|-damage|p2a: Toxapex|96/100
|
|t:|1661281694
|switch|p1a: Necrozma|Necrozma|100/100|[from]move: U-turn
|
|upkeep
|turn|3
|
|t:|1661281697
|switch|p2a: Heatran|Heatran, F|100/100
|move|p1a: Necrozma|Expanding Force|p2a: Heatran
|-resisted|p2a: Heatran
|-damage|p2a: Heatran|62/100
|
|-heal|p2a: Heatran|68/100|[from] item: Leftovers
|upkeep
|turn|4
|
|t:|1661281699
|move|p1a: Necrozma|Expanding Force|p2a: Heatran
|-resisted|p2a: Heatran
|-damage|p2a: Heatran|30/100
|move|p2a: Heatran|Toxic|p1a: Necrozma
|-status|p1a: Necrozma|tox
|
|-heal|p2a: Heatran|37/100|[from] item: Leftovers
|-damage|p1a: Necrozma|94/100 tox|[from] psn
|upkeep
|turn|5
|
|t:|1661281701
|move|p2a: Heatran|Protect|p2a: Heatran
|-singleturn|p2a: Heatran|Protect
|move|p1a: Necrozma|Expanding Force|p2a: Heatran
|-activate|p2a: Heatran|move: Protect
|
|-heal|p2a: Heatran|43/100|[from] item: Leftovers
|-damage|p1a: Necrozma|82/100 tox|[from] psn
|-fieldend|move: Psychic Terrain
|upkeep
|turn|6
|
|t:|1661281704
|switch|p1a: Urshifu|Urshifu-Rapid-Strike, M|100/100
|move|p2a: Heatran|Magma Storm|p1a: Urshifu
|-resisted|p1a: Urshifu
|-damage|p1a: Urshifu|68/100
|-activate|p1a: Urshifu|move: Magma Storm|[of] p2a: Heatran
|
|-heal|p2a: Heatran|49/100|[from] item: Leftovers
|-damage|p1a: Urshifu|56/100|[from] move: Magma Storm|[partiallytrapped]
|upkeep
|turn|7
|
|t:|1661281706
|switch|p2a: Toxapex|Toxapex, F|100/100
|move|p1a: Urshifu|U-turn|p2a: Toxapex
|-resisted|p2a: Toxapex
|-damage|p2a: Toxapex|89/100
|
|t:|1661281708
|switch|p1a: Tapu Lele|Tapu Lele|100/100|[from]move: U-turn
|-fieldstart|move: Psychic Terrain|[from] ability: Psychic Surge|[of] p1a: Tapu Lele
|
|upkeep
|turn|8
|
|t:|1661281710
|switch|p2a: Corviknight|Corviknight, M|100/100
|-ability|p2a: Corviknight|Pressure
|move|p1a: Tapu Lele|Future Sight|p2a: Corviknight
|-start|p1a: Tapu Lele|move: Future Sight
|
|upkeep
|turn|9
|
|t:|1661281714
|switch|p1a: Landorus|Landorus-Therian, M|100/100
|-ability|p1a: Landorus|Intimidate|boost
|-unboost|p2a: Corviknight|atk|1
|move|p2a: Corviknight|Defog|p1a: Landorus
|-unboost|p1a: Landorus|evasion|1
|-fieldend|move: Psychic Terrain
|
|upkeep
|turn|10
|
|t:|1661281718
|move|p1a: Landorus|U-turn|p2a: Corviknight
|-resisted|p2a: Corviknight
|-damage|p2a: Corviknight|97/100
|
|t:|1661281720
|switch|p1a: Urshifu|Urshifu-Rapid-Strike, M|56/100|[from]move: U-turn
|move|p2a: Corviknight|Body Press|p1a: Urshifu
|-damage|p1a: Urshifu|32/100
|
|-end|p2a: Corviknight|move: Future Sight
|-resisted|p2a: Corviknight
|-damage|p2a: Corviknight|66/100
|-heal|p2a: Corviknight|72/100|[from] item: Leftovers
|upkeep
|turn|11
|
|t:|1661281724
|move|p1a: Urshifu|Close Combat|p2a: Corviknight
|-damage|p2a: Corviknight|13/100
|-unboost|p1a: Urshifu|def|1
|-unboost|p1a: Urshifu|spd|1
|move|p2a: Corviknight|Roost|p2a: Corviknight
|-heal|p2a: Corviknight|63/100
|-singleturn|p2a: Corviknight|move: Roost
|
|-heal|p2a: Corviknight|69/100|[from] item: Leftovers
|upkeep
|turn|12
|
|t:|1661281730
|switch|p1a: Tapu Lele|Tapu Lele|100/100
|-fieldstart|move: Psychic Terrain|[from] ability: Psychic Surge|[of] p1a: Tapu Lele
|move|p2a: Corviknight|Roost|p2a: Corviknight
|-heal|p2a: Corviknight|100/100
|-singleturn|p2a: Corviknight|move: Roost
|
|upkeep
|turn|13
|
|t:|1661281734
|move|p1a: Tapu Lele|Future Sight|p2a: Corviknight
|-start|p1a: Tapu Lele|move: Future Sight
|move|p2a: Corviknight|U-turn|p1a: Tapu Lele
|-damage|p1a: Tapu Lele|86/100
|
|t:|1661281736
|switch|p2a: Tornadus|Tornadus-Therian, M|100/100|[from]move: U-turn
|
|upkeep
|turn|14
|
|t:|1661281739
|switch|p1a: Tornadus|Tornadus-Therian, M|100/100
|move|p2a: Tornadus|U-turn|p1a: Tornadus
|-resisted|p1a: Tornadus
|-damage|p1a: Tornadus|93/100
|
|t:|1661281741
|switch|p2a: Heatran|Heatran, F|49/100|[from]move: U-turn
|
|-heal|p2a: Heatran|55/100|[from] item: Leftovers
|upkeep
|turn|15
|
|t:|1661281743
|switch|p2a: Corviknight|Corviknight, M|100/100
|-ability|p2a: Corviknight|Pressure
|move|p1a: Tornadus|Knock Off|p2a: Corviknight
|-damage|p2a: Corviknight|89/100
|-enditem|p2a: Corviknight|Leftovers|[from] move: Knock Off|[of] p1a: Tornadus
|
|-end|p2a: Corviknight|move: Future Sight
|-resisted|p2a: Corviknight
|-damage|p2a: Corviknight|51/100
|upkeep
|turn|16
|
|t:|1661281745
|move|p1a: Tornadus|Heat Wave|p2a: Corviknight
|-supereffective|p2a: Corviknight
|-damage|p2a: Corviknight|11/100
|move|p2a: Corviknight|Roost|p2a: Corviknight
|-heal|p2a: Corviknight|61/100
|-singleturn|p2a: Corviknight|move: Roost
|
|-fieldend|move: Psychic Terrain
|upkeep
|turn|17
|
|t:|1661281748
|move|p1a: Tornadus|U-turn|p2a: Corviknight
|-resisted|p2a: Corviknight
|-damage|p2a: Corviknight|59/100
|
|t:|1661281749
|switch|p1a: Ferrothorn|Ferrothorn, F|100/100|[from]move: U-turn
|move|p2a: Corviknight|Roost|p2a: Corviknight
|-heal|p2a: Corviknight|100/100
|-singleturn|p2a: Corviknight|move: Roost
|
|upkeep
|turn|18
|
|t:|1661281752
|switch|p2a: Heatran|Heatran, F|55/100
|move|p1a: Ferrothorn|Knock Off|p2a: Heatran
|-damage|p2a: Heatran|38/100
|-enditem|p2a: Heatran|Leftovers|[from] move: Knock Off|[of] p1a: Ferrothorn
|
|upkeep
|turn|19
|
|t:|1661281754
|switch|p1a: Landorus|Landorus-Therian, M|100/100
|-ability|p1a: Landorus|Intimidate|boost
|-unboost|p2a: Heatran|atk|1
|move|p2a: Heatran|Magma Storm|p1a: Landorus
|-damage|p1a: Landorus|66/100
|-activate|p1a: Landorus|move: Magma Storm|[of] p2a: Heatran
|
|-heal|p1a: Landorus|72/100|[from] item: Leftovers
|-damage|p1a: Landorus|60/100|[from] move: Magma Storm|[partiallytrapped]
|upkeep
|turn|20
|
|t:|1661281756
|move|p1a: Landorus|Earthquake|p2a: Heatran
|-supereffective|p2a: Heatran
|-damage|p2a: Heatran|0 fnt
|faint|p2a: Heatran
|
|-heal|p1a: Landorus|66/100|[from] item: Leftovers
|-end|p1a: Landorus|Magma Storm|[partiallytrapped]|[silent]
|upkeep
|
|t:|1661281758
|switch|p2a: Tornadus|Tornadus-Therian, M|100/100
|turn|21
|
|t:|1661281760
|move|p2a: Tornadus|Knock Off|p1a: Landorus
|-damage|p1a: Landorus|45/100
|-enditem|p1a: Landorus|Leftovers|[from] move: Knock Off|[of] p2a: Tornadus
|move|p1a: Landorus|Toxic|p2a: Tornadus
|-status|p2a: Tornadus|tox
|
|-damage|p2a: Tornadus|94/100 tox|[from] psn
|upkeep
|turn|22
|
|t:|1661281763
|move|p2a: Tornadus|Hurricane|p1a: Landorus|[miss]
|-miss|p2a: Tornadus|p1a: Landorus
|move|p1a: Landorus|U-turn|p2a: Tornadus
|-resisted|p2a: Tornadus
|-damage|p2a: Tornadus|80/100 tox
|
|t:|1661281766
|switch|p1a: Ferrothorn|Ferrothorn, F|100/100|[from]move: U-turn
|
|-damage|p2a: Tornadus|67/100 tox|[from] psn
|upkeep
|turn|23
|
|t:|1661281768
|move|p2a: Tornadus|Heat Wave|p1a: Ferrothorn
|-supereffective|p1a: Ferrothorn
|-damage|p1a: Ferrothorn|4/100
|move|p1a: Ferrothorn|Stealth Rock|p2a: Tornadus
|-sidestart|p2: Stads|move: Stealth Rock
|
|-heal|p1a: Ferrothorn|10/100|[from] item: Leftovers
|-damage|p2a: Tornadus|49/100 tox|[from] psn
|upkeep
|turn|24
|
|t:|1661281771
|move|p2a: Tornadus|U-turn|p1a: Ferrothorn
|-damage|p1a: Ferrothorn|2/100
|-damage|p2a: Tornadus|36/100 tox|[from] ability: Iron Barbs|[of] p1a: Ferrothorn
|
|t:|1661281777
|switch|p2a: Toxapex|Toxapex, F|100/100|[from]move: U-turn
|-damage|p2a: Toxapex|88/100|[from] Stealth Rock
|move|p1a: Ferrothorn|Stealth Rock||[still]
|-fail|p1a: Ferrothorn
|
|-heal|p1a: Ferrothorn|8/100|[from] item: Leftovers
|upkeep
|turn|25
|
|t:|1661281780
|move|p2a: Toxapex|Knock Off|p1a: Ferrothorn
|-crit|p1a: Ferrothorn
|-damage|p1a: Ferrothorn|0 fnt
|-damage|p2a: Toxapex|75/100|[from] ability: Iron Barbs|[of] p1a: Ferrothorn
|-enditem|p1a: Ferrothorn|Leftovers|[from] move: Knock Off|[of] p2a: Toxapex
|faint|p1a: Ferrothorn
|
|upkeep
|
|t:|1661281785
|switch|p1a: Tapu Lele|Tapu Lele|86/100
|-fieldstart|move: Psychic Terrain|[from] ability: Psychic Surge|[of] p1a: Tapu Lele
|turn|26
|
|t:|1661281789
|switch|p1a: Necrozma|Necrozma|82/100 tox
|switch|p2a: Corviknight|Corviknight, M|100/100
|-damage|p2a: Corviknight|88/100|[from] Stealth Rock
|-ability|p2a: Corviknight|Pressure
|
|-damage|p1a: Necrozma|76/100 tox|[from] psn
|upkeep
|turn|27
|
|t:|1661281791
|move|p1a: Necrozma|Heat Wave|p2a: Corviknight
|-supereffective|p2a: Corviknight
|-damage|p2a: Corviknight|0 fnt
|faint|p2a: Corviknight
|
|-damage|p1a: Necrozma|63/100 tox|[from] psn
|upkeep
|
|t:|1661281794
|switch|p2a: Hippowdon|Hippowdon, M|100/100
|-damage|p2a: Hippowdon|94/100|[from] Stealth Rock
|-weather|Sandstorm|[from] ability: Sand Stream|[of] p2a: Hippowdon
|turn|28
|
|t:|1661281801
|switch|p1a: Urshifu|Urshifu-Rapid-Strike, M|32/100
|move|p2a: Hippowdon|Stealth Rock|p1a: Urshifu
|-sidestart|p1: LT94JE Fuse|move: Stealth Rock
|
|-weather|Sandstorm|[upkeep]
|-damage|p1a: Urshifu|26/100|[from] Sandstorm
|-heal|p2a: Hippowdon|100/100|[from] item: Leftovers
|upkeep
|turn|29
|
|t:|1661281804
|switch|p2a: Toxapex|Toxapex, F|100/100
|-damage|p2a: Toxapex|88/100|[from] Stealth Rock
|move|p1a: Urshifu|U-turn|p2a: Toxapex
|-resisted|p2a: Toxapex
|-damage|p2a: Toxapex|76/100
|
|t:|1661281805
|switch|p1a: Necrozma|Necrozma|63/100 tox|[from]move: U-turn
|-damage|p1a: Necrozma|51/100 tox|[from] Stealth Rock
|
|-weather|Sandstorm|[upkeep]
|-damage|p1a: Necrozma|45/100 tox|[from] Sandstorm
|-damage|p2a: Toxapex|70/100|[from] Sandstorm
|-damage|p1a: Necrozma|38/100 tox|[from] psn
|upkeep
|turn|30
|
|t:|1661281808
|move|p1a: Necrozma|Expanding Force|p2a: Toxapex
|-supereffective|p2a: Toxapex
|-damage|p2a: Toxapex|0 fnt
|faint|p2a: Toxapex
|
|-weather|Sandstorm|[upkeep]
|-damage|p1a: Necrozma|32/100 tox|[from] Sandstorm
|-damage|p1a: Necrozma|20/100 tox|[from] psn
|-fieldend|move: Psychic Terrain
|upkeep
|
|t:|1661281810
|switch|p2a: Kartana|Kartana|100/100
|-damage|p2a: Kartana|94/100|[from] Stealth Rock
|turn|31
|
|t:|1661281814
|switch|p1a: Landorus|Landorus-Therian, M|45/100
|-damage|p1a: Landorus|33/100|[from] Stealth Rock
|-ability|p1a: Landorus|Intimidate|boost
|-unboost|p2a: Kartana|atk|1
|move|p2a: Kartana|Leaf Blade|p1a: Landorus
|-damage|p1a: Landorus|0 fnt
|faint|p1a: Landorus
|-ability|p2a: Kartana|Beast Boost|boost
|-boost|p2a: Kartana|atk|1
|
|-weather|Sandstorm|[upkeep]
|upkeep
|
|t:|1661281816
|switch|p1a: Tornadus|Tornadus-Therian, M|100/100
|-damage|p1a: Tornadus|76/100|[from] Stealth Rock
|turn|32
|
|t:|1661281819
|switch|p2a: Hippowdon|Hippowdon, M|100/100
|-damage|p2a: Hippowdon|94/100|[from] Stealth Rock
|move|p1a: Tornadus|U-turn|p2a: Hippowdon
|-damage|p2a: Hippowdon|85/100
|l|☆LT94JE Fuse
|inactive|LT94JE Fuse disconnected and has a minute to reconnect!
|player|p1|
|j| Ilovescaldburns
|inactive|LT94JE Fuse has 30 seconds to reconnect!
|j|☆LT94JE Fuse
|inactive|LT94JE Fuse reconnected and has 105 seconds left.
|player|p1|LT94JE Fuse|yellow
|
|t:|1661281867
|switch|p1a: Urshifu|Urshifu-Rapid-Strike, M|26/100|[from]move: U-turn
|-damage|p1a: Urshifu|20/100|[from] Stealth Rock
|
|-weather|none
|-heal|p2a: Hippowdon|91/100|[from] item: Leftovers
|upkeep
|turn|33
|
|t:|1661281890
|switch|p2a: Kartana|Kartana|94/100
|-damage|p2a: Kartana|88/100|[from] Stealth Rock
|move|p1a: Urshifu|Close Combat|p2a: Kartana
|-supereffective|p2a: Kartana
|-damage|p2a: Kartana|0 fnt
|-unboost|p1a: Urshifu|def|1
|-unboost|p1a: Urshifu|spd|1
|faint|p2a: Kartana
|
|upkeep
|
|t:|1661281892
|switch|p2a: Tornadus|Tornadus-Therian, M|70/100 tox
|-damage|p2a: Tornadus|45/100 tox|[from] Stealth Rock
|turn|34
|
|t:|1661281895
|switch|p1a: Necrozma|Necrozma|20/100 tox
|-damage|p1a: Necrozma|7/100 tox|[from] Stealth Rock
|move|p2a: Tornadus|Hurricane|p1a: Necrozma
|-damage|p1a: Necrozma|0 fnt
|faint|p1a: Necrozma
|
|-damage|p2a: Tornadus|39/100 tox|[from] psn
|upkeep
|
|t:|1661281898
|switch|p1a: Tapu Lele|Tapu Lele|86/100
|-damage|p1a: Tapu Lele|74/100|[from] Stealth Rock
|-fieldstart|move: Psychic Terrain|[from] ability: Psychic Surge|[of] p1a: Tapu Lele
|turn|35
|
|t:|1661281902
|move|p1a: Tapu Lele|Future Sight|p2a: Tornadus
|-start|p1a: Tapu Lele|move: Future Sight
|move|p2a: Tornadus|U-turn|p1a: Tapu Lele
|-damage|p1a: Tapu Lele|50/100
|
|t:|1661281904
|switch|p2a: Hippowdon|Hippowdon, M|91/100|[from]move: U-turn
|-damage|p2a: Hippowdon|85/100|[from] Stealth Rock
|-weather|Sandstorm|[from] ability: Sand Stream|[of] p2a: Hippowdon
|
|-weather|Sandstorm|[upkeep]
|-damage|p1a: Tapu Lele|44/100|[from] Sandstorm
|-heal|p2a: Hippowdon|91/100|[from] item: Leftovers
|upkeep
|turn|36
|
|t:|1661281907
|move|p1a: Tapu Lele|Future Sight||[still]
|-fail|p1a: Tapu Lele
|move|p2a: Hippowdon|Toxic|p1a: Tapu Lele|[miss]
|-miss|p2a: Hippowdon|p1a: Tapu Lele
|
|-weather|Sandstorm|[upkeep]
|-damage|p1a: Tapu Lele|38/100|[from] Sandstorm
|-heal|p2a: Hippowdon|97/100|[from] item: Leftovers
|upkeep
|turn|37
|
|t:|1661281913
|switch|p1a: Tornadus|Tornadus-Therian, M|100/100
|-damage|p1a: Tornadus|76/100|[from] Stealth Rock
|move|p2a: Hippowdon|Toxic|p1a: Tornadus
|-status|p1a: Tornadus|tox
|
|-weather|Sandstorm|[upkeep]
|-damage|p1a: Tornadus|70/100 tox|[from] Sandstorm
|-end|p2a: Hippowdon|move: Future Sight
|-damage|p2a: Hippowdon|35/100
|-heal|p2a: Hippowdon|41/100|[from] item: Leftovers
|-damage|p1a: Tornadus|63/100 tox|[from] psn
|upkeep
|turn|38
|
|t:|1661281916
|move|p1a: Tornadus|U-turn|p2a: Hippowdon
|-damage|p2a: Hippowdon|30/100
|
|t:|1661281917
|switch|p1a: Urshifu|Urshifu-Rapid-Strike, M|20/100|[from]move: U-turn
|-damage|p1a: Urshifu|13/100|[from] Stealth Rock
|move|p2a: Hippowdon|Slack Off|p2a: Hippowdon
|-heal|p2a: Hippowdon|80/100
|
|-weather|Sandstorm|[upkeep]
|-damage|p1a: Urshifu|7/100|[from] Sandstorm
|-heal|p2a: Hippowdon|86/100|[from] item: Leftovers
|upkeep
|turn|39
|
|t:|1661281921
|move|p1a: Urshifu|Surging Strikes|p2a: Hippowdon
|-supereffective|p2a: Hippowdon
|-crit|p2a: Hippowdon
|-damage|p2a: Hippowdon|45/100
|-supereffective|p2a: Hippowdon
|-crit|p2a: Hippowdon
|-damage|p2a: Hippowdon|6/100
|-supereffective|p2a: Hippowdon
|-crit|p2a: Hippowdon
|-damage|p2a: Hippowdon|0 fnt
|faint|p2a: Hippowdon
|-hitcount|p2: Hippowdon|3
|
|-weather|none
|-fieldend|move: Psychic Terrain
|upkeep
|
|t:|1661281924
|switch|p2a: Tornadus|Tornadus-Therian, M|72/100 tox
|-damage|p2a: Tornadus|47/100 tox|[from] Stealth Rock
|turn|40
|
|t:|1661281926
|move|p2a: Tornadus|Knock Off|p1a: Urshifu
|-resisted|p1a: Urshifu
|-damage|p1a: Urshifu|0 fnt
|-enditem|p1a: Urshifu|Choice Band|[from] move: Knock Off|[of] p2a: Tornadus
|faint|p1a: Urshifu
|
|-damage|p2a: Tornadus|41/100 tox|[from] psn
|upkeep
|
|t:|1661281927
|switch|p1a: Tapu Lele|Tapu Lele|38/100
|-damage|p1a: Tapu Lele|25/100|[from] Stealth Rock
|-fieldstart|move: Psychic Terrain|[from] ability: Psychic Surge|[of] p1a: Tapu Lele
|turn|41
|
|t:|1661281929
|move|p1a: Tapu Lele|Moonblast|p2a: Tornadus
|-damage|p2a: Tornadus|0 fnt
|faint|p2a: Tornadus
|
|win|LT94JE Fuse
|raw|LT94JE Fuse's rating: 1830 &rarr; <strong>1847</strong><br />(+17 for winning)
|raw|Stads's rating: 1774 &rarr; <strong>1757</strong><br />(-17 for losing)
|l|☆Stads
|c|☆LT94JE Fuse|Gg
||Ladder isn't responding, score probably updated but might not have (Request timeout).
|l| Ilovescaldburns
