|html|<div class="broadcast-blue"><strong>[Gen 8] OU is currently suspecting Melmetal! For information on how to participate check out the <a href="https://www.smogon.com/forums/threads/np-ss-ou-suspect-process-round-12-monster-mash.3709234/">suspect thread</a>.</strong></div>
|j|☆Gotmyvanson
|j|☆OUTDtakaofalltime
|t:|1666814803
|gametype|singles
|player|p1|Gotmyvanson|ghetsis|1642
|player|p2|OUTDtakaofalltime|265|1664
|teamsize|p1|6
|teamsize|p2|6
|gen|8
|tier|[Gen 8] OU
|rated|
|rule|Sleep Clause Mod: Limit one foe put to sleep
|rule|Species Clause: Limit one of each Pokémon
|rule|OHKO Clause: OHKO moves are banned
|rule|Evasion Items Clause: Evasion items are banned
|rule|Evasion Moves Clause: Evasion moves are banned
|rule|Endless Battle Clause: Forcing endless battles is banned
|rule|HP Percentage Mod: HP is shown in percentages
|rule|Dynamax Clause: You cannot dynamax
|clearpoke
|poke|p1|Buzzwole|
|poke|p1|Clefable, M|
|poke|p1|Weavile, M|
|poke|p1|Ferrothorn, M|
|poke|p1|Rotom-Wash|
|poke|p1|Garchomp, M|
|poke|p2|Keldeo-Resolute|
|poke|p2|Kartana|
|poke|p2|Blaziken, M|
|poke|p2|Garchomp, F|
|poke|p2|Tapu Koko|
|poke|p2|Excadrill, M|
|teampreview
|inactive|Battle timer is ON: inactive players will automatically lose when time's up. (requested by OUTDtakaofalltime)
|
|t:|1666814815
|start
|switch|p1a: Rotom|Rotom-Wash|100/100
|switch|p2a: Excadrill|Excadrill, M|100/100
|-ability|p2a: Excadrill|Mold Breaker
|turn|1
|
|t:|1666814819
|move|p1a: Rotom|Will-O-Wisp|p2a: Excadrill
|-status|p2a: Excadrill|brn
|move|p2a: Excadrill|Earthquake|p1a: Rotom
|-supereffective|p1a: Rotom
|-damage|p1a: Rotom|45/100
|
|-damage|p2a: Excadrill|94/100 brn|[from] brn
|upkeep
|turn|2
|
|t:|1666814827
|switch|p1a: Ferrothorn|Ferrothorn, M|100/100
|move|p2a: Excadrill|Stealth Rock|p1a: Ferrothorn
|-sidestart|p1: Gotmyvanson|move: Stealth Rock
|
|-damage|p2a: Excadrill|88/100 brn|[from] brn
|upkeep
|turn|3
|
|t:|1666814835
|switch|p2a: Blaziken|Blaziken, M|100/100
|-item|p2a: Blaziken|Air Balloon
|move|p1a: Ferrothorn|Thunder Wave|p2a: Blaziken
|-status|p2a: Blaziken|par
|
|upkeep
|turn|4
|
|t:|1666814843
|switch|p1a: Clefable|Clefable, M|100/100
|move|p2a: Blaziken|Swords Dance|p2a: Blaziken
|-boost|p2a: Blaziken|atk|2
|
|-ability|p2a: Blaziken|Speed Boost|boost
|-boost|p2a: Blaziken|spe|1
|upkeep
|turn|5
|
|t:|1666814848
|move|p2a: Blaziken|Flare Blitz|p1a: Clefable
|-damage|p1a: Clefable|0 fnt
|faint|p1a: Clefable
|-damage|p2a: Blaziken|57/100 par|[from] Recoil
|
|-ability|p2a: Blaziken|Speed Boost|boost
|-boost|p2a: Blaziken|spe|1
|upkeep
|
|t:|1666814854
|switch|p1a: Garchomp|Garchomp, M|100/100
|-damage|p1a: Garchomp|94/100|[from] Stealth Rock
|turn|6
|
|t:|1666814861
|switch|p2a: Excadrill|Excadrill, M|88/100 brn
|-ability|p2a: Excadrill|Mold Breaker
|move|p1a: Garchomp|Earthquake|p2a: Excadrill
|-supereffective|p2a: Excadrill
|-damage|p2a: Excadrill|0 fnt
|faint|p2a: Excadrill
|
|-heal|p1a: Garchomp|100/100|[from] item: Leftovers
|upkeep
|
|t:|1666814863
|switch|p2a: Keldeo|Keldeo-Resolute|100/100
|turn|7
|
|t:|1666814875
|move|p2a: Keldeo|Substitute|p2a: Keldeo
|-start|p2a: Keldeo|Substitute
|-damage|p2a: Keldeo|76/100
|move|p1a: Garchomp|Earthquake|p2a: Keldeo
|-crit|p2a: Keldeo
|-end|p2a: Keldeo|Substitute
|
|-heal|p2a: Keldeo|82/100|[from] item: Leftovers
|upkeep
|turn|8
|
|t:|1666814902
|switch|p2a: Blaziken|Blaziken, M|57/100 par
|-item|p2a: Blaziken|Air Balloon
|move|p1a: Garchomp|Scale Shot|p2a: Blaziken
|-damage|p2a: Blaziken|37/100 par
|-enditem|p2a: Blaziken|Air Balloon
|-damage|p2a: Blaziken|16/100 par
|-damage|p2a: Blaziken|0 fnt
|faint|p2a: Blaziken
|-hitcount|p2: Blaziken|3
|-unboost|p1a: Garchomp|def|1
|-boost|p1a: Garchomp|spe|1
|
|upkeep
|
|t:|1666814905
|switch|p2a: Kartana|Kartana|100/100
|turn|9
|
|t:|1666814909
|move|p1a: Garchomp|Fire Fang|p2a: Kartana
|-supereffective|p2a: Kartana
|-damage|p2a: Kartana|11/100
|move|p2a: Kartana|Leaf Blade|p1a: Garchomp
|-damage|p1a: Garchomp|0 fnt
|-damage|p2a: Kartana|0 fnt|[from] ability: Rough Skin|[of] p1a: Garchomp
|faint|p1a: Garchomp
|faint|p2a: Kartana
|
|upkeep
|
|t:|1666814921
|switch|p2a: Tapu Koko|Tapu Koko|100/100
|switch|p1a: Ferrothorn|Ferrothorn, M|100/100
|-fieldstart|move: Electric Terrain|[from] ability: Electric Surge|[of] p2a: Tapu Koko
|-damage|p1a: Ferrothorn|94/100|[from] Stealth Rock
|turn|10
|
|t:|1666814930
|move|p2a: Tapu Koko|Taunt|p1a: Ferrothorn
|-start|p1a: Ferrothorn|move: Taunt
|cant|p1a: Ferrothorn|move: Taunt|Leech Seed
|
|-heal|p1a: Ferrothorn|100/100|[from] item: Leftovers
|upkeep
|turn|11
|
|t:|1666814932
|move|p2a: Tapu Koko|Reflect|p2a: Tapu Koko
|-sidestart|p2: OUTDtakaofalltime|Reflect
|move|p1a: Ferrothorn|Knock Off|p2a: Tapu Koko
|-resisted|p2a: Tapu Koko
|-damage|p2a: Tapu Koko|94/100
|-enditem|p2a: Tapu Koko|Light Clay|[from] move: Knock Off|[of] p1a: Ferrothorn
|
|upkeep
|turn|12
|
|t:|1666814938
|switch|p2a: Keldeo|Keldeo-Resolute|82/100
|switch|p1a: Rotom|Rotom-Wash|45/100
|-damage|p1a: Rotom|32/100|[from] Stealth Rock
|
|-heal|p2a: Keldeo|88/100|[from] item: Leftovers
|upkeep
|turn|13
|
|t:|1666814948
|switch|p2a: Tapu Koko|Tapu Koko|94/100
|move|p1a: Rotom|Trick|p2a: Tapu Koko
|-activate|p1a: Rotom|move: Trick|[of] p2a: Tapu Koko
|-item|p2a: Tapu Koko|Choice Scarf|[from] move: Trick
|-enditem|p1a: Rotom|Choice Scarf|[silent]|[from] move: Trick
|
|upkeep
|turn|14
|
|t:|1666814955
|switch|p1a: Ferrothorn|Ferrothorn, M|100/100
|-damage|p1a: Ferrothorn|94/100|[from] Stealth Rock
|move|p2a: Tapu Koko|Thunderbolt|p1a: Ferrothorn
|-resisted|p1a: Ferrothorn
|-damage|p1a: Ferrothorn|79/100
|
|-heal|p1a: Ferrothorn|85/100|[from] item: Leftovers
|-fieldend|move: Electric Terrain
|upkeep
|turn|15
|
|t:|1666814963
|switch|p2a: Garchomp|Garchomp, F|100/100
|move|p1a: Ferrothorn|Thunder Wave|p2a: Garchomp
|-immune|p2a: Garchomp
|
|-heal|p1a: Ferrothorn|91/100|[from] item: Leftovers
|upkeep
|turn|16
|
|t:|1666814967
|move|p2a: Garchomp|Swords Dance|p2a: Garchomp
|-boost|p2a: Garchomp|atk|2
|move|p1a: Ferrothorn|Leech Seed|p2a: Garchomp
|-start|p2a: Garchomp|move: Leech Seed
|
|-heal|p1a: Ferrothorn|98/100|[from] item: Leftovers
|-damage|p2a: Garchomp|88/100|[from] Leech Seed|[of] p1a: Ferrothorn
|-heal|p1a: Ferrothorn|100/100|[silent]
|upkeep
|turn|17
|
|t:|1666814972
|switch|p1a: Buzzwole|Buzzwole|100/100
|-damage|p1a: Buzzwole|88/100|[from] Stealth Rock
|move|p2a: Garchomp|Fire Fang|p1a: Buzzwole
|-supereffective|p1a: Buzzwole
|-damage|p1a: Buzzwole|43/100
|-status|p1a: Buzzwole|brn
|-damage|p2a: Garchomp|72/100|[from] item: Rocky Helmet|[of] p1a: Buzzwole
|
|-damage|p2a: Garchomp|59/100|[from] Leech Seed|[of] p1a: Buzzwole
|-heal|p1a: Buzzwole|54/100 brn|[silent]
|-damage|p1a: Buzzwole|47/100 brn|[from] brn
|upkeep
|turn|18
|
|t:|1666814978
|move|p2a: Garchomp|Fire Fang|p1a: Buzzwole
|-supereffective|p1a: Buzzwole
|-damage|p1a: Buzzwole|9/100 brn
|-damage|p2a: Garchomp|43/100|[from] item: Rocky Helmet|[of] p1a: Buzzwole
|cant|p1a: Buzzwole|flinch
|
|-damage|p2a: Garchomp|30/100|[from] Leech Seed|[of] p1a: Buzzwole
|-heal|p1a: Buzzwole|19/100 brn|[silent]
|-damage|p1a: Buzzwole|13/100 brn|[from] brn
|-sideend|p2: OUTDtakaofalltime|Reflect
|upkeep
|turn|19
|
|t:|1666814985
|move|p2a: Garchomp|Scale Shot|p1a: Buzzwole
|-damage|p1a: Buzzwole|1/100 brn
|-damage|p1a: Buzzwole|0 fnt
|faint|p1a: Buzzwole
|-hitcount|p1: Buzzwole|2
|-unboost|p2a: Garchomp|def|1
|-boost|p2a: Garchomp|spe|1
|
|upkeep
|
|t:|1666814987
|switch|p1a: Weavile|Weavile, M|100/100
|turn|20
|
|t:|1666814990
|move|p1a: Weavile|Ice Shard|p2a: Garchomp
|-supereffective|p2a: Garchomp
|-damage|p2a: Garchomp|0 fnt
|faint|p2a: Garchomp
|
|upkeep
|
|t:|1666814991
|switch|p2a: Keldeo|Keldeo-Resolute|88/100
|turn|21
|
|t:|1666814999
|move|p1a: Weavile|Triple Axel|p2a: Keldeo
|-resisted|p2a: Keldeo
|-damage|p2a: Keldeo|82/100
|-hitcount|p2a: Keldeo|1
|move|p2a: Keldeo|Secret Sword|p1a: Weavile
|-supereffective|p1a: Weavile
|-damage|p1a: Weavile|0 fnt
|faint|p1a: Weavile
|
|-heal|p2a: Keldeo|88/100|[from] item: Leftovers
|upkeep
|
|t:|1666815006
|switch|p1a: Ferrothorn|Ferrothorn, M|100/100
|-damage|p1a: Ferrothorn|94/100|[from] Stealth Rock
|turn|22
|
|t:|1666815014
|switch|p1a: Rotom|Rotom-Wash|32/100
|-damage|p1a: Rotom|20/100|[from] Stealth Rock
|move|p2a: Keldeo|Substitute|p2a: Keldeo
|-start|p2a: Keldeo|Substitute
|-damage|p2a: Keldeo|63/100
|
|-heal|p2a: Keldeo|70/100|[from] item: Leftovers
|upkeep
|turn|23
|
|t:|1666815016
|move|p2a: Keldeo|Secret Sword|p1a: Rotom
|-damage|p1a: Rotom|0 fnt
|faint|p1a: Rotom
|
|-heal|p2a: Keldeo|76/100|[from] item: Leftovers
|upkeep
|-message|Gotmyvanson forfeited.
|
|win|OUTDtakaofalltime
|raw|Gotmyvanson's rating: 1642 &rarr; <strong>1623</strong><br />(-19 for losing)
|raw|OUTDtakaofalltime's rating: 1664 &rarr; <strong>1683</strong><br />(+19 for winning)
|l|☆Gotmyvanson
|c|☆OUTDtakaofalltime|ggwp
