|j|☆Arnaud senju vgc
|j|☆robopoke
|player|p1|Arnaud senju vgc|alder|1766
|player|p2|robopoke|169|1667
|teamsize|p1|6
|teamsize|p2|6
|gametype|singles
|gen|8
|tier|[Gen 8] OU
|rated|
|clearpoke
|poke|p1|Ribombee, F|
|poke|p1|Togekiss, M|
|poke|p1|Excadrill, F|
|poke|p1|Cloyster, M|
|poke|p1|Azumarill, M|
|poke|p1|Magearna|
|poke|p2|Alakazam, M|
|poke|p2|Druddigon, F|
|poke|p2|Ninetales-Alola, F|
|poke|p2|Haxorus, F|
|poke|p2|Scizor, M|
|poke|p2|Zeraora|
|rule|Sleep Clause Mod: Limit one foe put to sleep
|rule|Species Clause: Limit one of each Pokémon
|rule|OHKO Clause: OHKO moves are banned
|rule|Evasion Moves Clause: Evasion moves are banned
|rule|Endless Battle Clause: Forcing endless battles is banned
|rule|HP Percentage Mod: HP is shown in percentages
|rule|Dynamax Clause: You cannot dynamax
|teampreview
|
|start
|switch|p1a: Ribombee|Ribombee, F|100/100
|switch|p2a: Druddigon|Druddigon, F|100/100
|-ability|p2a: Druddigon|Mold Breaker
|turn|1
|inactive|Battle timer is ON: inactive players will automatically lose when time's up. (requested by Arnaud senju vgc)
|
|move|p1a: Ribombee|Sticky Web|p2a: Druddigon
|-sidestart|p2: robopoke|move: Sticky Web
|move|p2a: Druddigon|Glare|p1a: Ribombee
|-status|p1a: Ribombee|par
|
|upkeep
|turn|2
|
|move|p2a: Druddigon|Stealth Rock|p1a: Ribombee
|-sidestart|p1: Arnaud senju vgc|move: Stealth Rock
|cant|p1a: Ribombee|par
|
|upkeep
|turn|3
|
|switch|p2a: Ninetales|Ninetales-Alola, F|100/100
|-activate|p2a: Ninetales|move: Sticky Web
|-unboost|p2a: Ninetales|spe|1
|-weather|Hail|[from] ability: Snow Warning|[of] p2a: Ninetales
|move|p1a: Ribombee|Stun Spore|p2a: Ninetales
|-status|p2a: Ninetales|par
|
|-weather|Hail|[upkeep]
|-damage|p1a: Ribombee|94/100 par|[from] Hail
|upkeep
|turn|4
|
|cant|p1a: Ribombee|par
|move|p2a: Ninetales|Aurora Veil|p2a: Ninetales
|-sidestart|p2: robopoke|move: Aurora Veil
|
|-weather|Hail|[upkeep]
|-damage|p1a: Ribombee|88/100 par|[from] Hail
|upkeep
|turn|5
|
|switch|p2a: Scizor|Scizor, M|100/100
|-activate|p2a: Scizor|move: Sticky Web
|-unboost|p2a: Scizor|spe|1
|cant|p1a: Ribombee|par
|
|-weather|Hail|[upkeep]
|-damage|p1a: Ribombee|82/100 par|[from] Hail
|-damage|p2a: Scizor|94/100|[from] Hail
|upkeep
|turn|6
|
|move|p1a: Ribombee|Stun Spore|p2a: Scizor
|-status|p2a: Scizor|par
|move|p2a: Scizor|Swords Dance|p2a: Scizor
|-boost|p2a: Scizor|atk|2
|
|-weather|Hail|[upkeep]
|-damage|p1a: Ribombee|76/100 par|[from] Hail
|-damage|p2a: Scizor|88/100 par|[from] Hail
|upkeep
|turn|7
|
|move|p2a: Scizor|Bullet Punch|p1a: Ribombee
|-supereffective|p1a: Ribombee
|-damage|p1a: Ribombee|0 fnt
|-damage|p2a: Scizor|78/100 par|[from] item: Life Orb
|faint|p1a: Ribombee
|
|-weather|none
|upkeep
|
|switch|p1a: Excadrill|Excadrill, F|100/100
|-damage|p1a: Excadrill|97/100|[from] Stealth Rock
|-ability|p1a: Excadrill|Mold Breaker
|turn|8
|
|move|p1a: Excadrill|Rapid Spin|p2a: Scizor
|-resisted|p2a: Scizor
|-damage|p2a: Scizor|74/100 par
|-boost|p1a: Excadrill|spe|1
|-sideend|p1: Arnaud senju vgc|Stealth Rock|[from] move: Rapid Spin|[of] p1a: Excadrill
|move|p2a: Scizor|Superpower|p1a: Excadrill
|-supereffective|p1a: Excadrill
|-damage|p1a: Excadrill|0 fnt
|-unboost|p2a: Scizor|atk|1
|-unboost|p2a: Scizor|def|1
|-damage|p2a: Scizor|65/100 par|[from] item: Life Orb
|faint|p1a: Excadrill
|
|upkeep
|
|switch|p1a: Cloyster|Cloyster, M|100/100
|turn|9
|
|move|p1a: Cloyster|Icicle Spear|p2a: Scizor
|-resisted|p2a: Scizor
|-damage|p2a: Scizor|61/100 par
|-resisted|p2a: Scizor
|-damage|p2a: Scizor|58/100 par
|-resisted|p2a: Scizor
|-damage|p2a: Scizor|55/100 par
|-resisted|p2a: Scizor
|-damage|p2a: Scizor|51/100 par
|-resisted|p2a: Scizor
|-damage|p2a: Scizor|48/100 par
|-hitcount|p2a: Scizor|5
|cant|p2a: Scizor|flinch
|
|upkeep
|turn|10
|
|move|p1a: Cloyster|Icicle Spear|p2a: Scizor
|-resisted|p2a: Scizor
|-damage|p2a: Scizor|44/100 par
|-resisted|p2a: Scizor
|-damage|p2a: Scizor|41/100 par
|-resisted|p2a: Scizor
|-damage|p2a: Scizor|37/100 par
|-resisted|p2a: Scizor
|-damage|p2a: Scizor|34/100 par
|-resisted|p2a: Scizor
|-damage|p2a: Scizor|31/100 par
|-hitcount|p2a: Scizor|5
|move|p2a: Scizor|Superpower|p1a: Cloyster
|-supereffective|p1a: Cloyster
|-damage|p1a: Cloyster|0 fnt
|-unboost|p2a: Scizor|atk|1
|-unboost|p2a: Scizor|def|1
|-damage|p2a: Scizor|21/100 par|[from] item: Life Orb
|faint|p1a: Cloyster
|
|upkeep
|
|switch|p1a: Azumarill|Azumarill, M|100/100
|turn|11
|
|move|p2a: Scizor|Bullet Punch|p1a: Azumarill
|-damage|p1a: Azumarill|50/100
|-enditem|p1a: Azumarill|Sitrus Berry|[eat]
|-heal|p1a: Azumarill|75/100|[from] item: Sitrus Berry
|-damage|p2a: Scizor|12/100 par|[from] item: Life Orb
|move|p1a: Azumarill|Belly Drum|p1a: Azumarill
|-damage|p1a: Azumarill|25/100
|-setboost|p1a: Azumarill|atk|6|[from] move: Belly Drum
|
|-sideend|p2: robopoke|move: Aurora Veil
|upkeep
|turn|12
|
|switch|p2a: Ninetales|Ninetales-Alola, F|100/100 par
|-activate|p2a: Ninetales|move: Sticky Web
|-unboost|p2a: Ninetales|spe|1
|-weather|Hail|[from] ability: Snow Warning|[of] p2a: Ninetales
|move|p1a: Azumarill|Aqua Jet|p2a: Ninetales
|-damage|p2a: Ninetales|0 fnt
|faint|p2a: Ninetales
|
|-weather|Hail|[upkeep]
|-damage|p1a: Azumarill|19/100|[from] Hail
|upkeep
|inactive|robopoke has 120 seconds left.
|
|switch|p2a: Alakazam|Alakazam, M|100/100
|-activate|p2a: Alakazam|move: Sticky Web
|-unboost|p2a: Alakazam|spe|1
|turn|13
|
|move|p1a: Azumarill|Aqua Jet|p2a: Alakazam
|-enditem|p2a: Alakazam|Focus Sash
|-damage|p2a: Alakazam|1/100
|move|p2a: Alakazam|Shadow Ball|p1a: Azumarill
|-crit|p1a: Azumarill
|-damage|p1a: Azumarill|0 fnt
|faint|p1a: Azumarill
|
|-weather|Hail|[upkeep]
|upkeep
|
|switch|p1a: Magearna|Magearna|100/100
|turn|14
|
|move|p2a: Alakazam|Shadow Ball|p1a: Magearna
|-damage|p1a: Magearna|80/100
|move|p1a: Magearna|Iron Defense|p1a: Magearna
|-boost|p1a: Magearna|def|2
|
|-weather|Hail|[upkeep]
|-damage|p1a: Magearna|74/100|[from] Hail
|-heal|p1a: Magearna|80/100|[from] item: Leftovers
|upkeep
|turn|15
|
|switch|p2a: Druddigon|Druddigon, F|100/100
|-activate|p2a: Druddigon|move: Sticky Web
|-unboost|p2a: Druddigon|spe|1
|-ability|p2a: Druddigon|Mold Breaker
|move|p1a: Magearna|Iron Defense|p1a: Magearna
|-boost|p1a: Magearna|def|2
|
|-weather|Hail|[upkeep]
|-damage|p1a: Magearna|74/100|[from] Hail
|-damage|p2a: Druddigon|94/100|[from] Hail
|-heal|p1a: Magearna|80/100|[from] item: Leftovers
|upkeep
|turn|16
|
|move|p1a: Magearna|Calm Mind|p1a: Magearna
|-boost|p1a: Magearna|spa|1
|-boost|p1a: Magearna|spd|1
|move|p2a: Druddigon|Glare|p1a: Magearna
|-status|p1a: Magearna|par
|
|-weather|none
|-heal|p1a: Magearna|86/100 par|[from] item: Leftovers
|upkeep
|turn|17
|
|move|p2a: Druddigon|Earthquake|p1a: Magearna
|-supereffective|p1a: Magearna
|-damage|p1a: Magearna|69/100 par
|move|p1a: Magearna|Draining Kiss|p2a: Druddigon
|-supereffective|p2a: Druddigon
|-crit|p2a: Druddigon
|-damage|p2a: Druddigon|0 fnt
|-heal|p1a: Magearna|100/100 par|[from] drain|[of] p2a: Druddigon
|faint|p2a: Druddigon
|-ability|p1a: Magearna|Soul-Heart|boost
|-boost|p1a: Magearna|spa|1
|
|upkeep
|
|switch|p2a: Haxorus|Haxorus, F|100/100
|-activate|p2a: Haxorus|move: Sticky Web
|-unboost|p2a: Haxorus|spe|1
|-ability|p2a: Haxorus|Mold Breaker
|turn|18
|c|☆robopoke|oh it learns that?
|c|☆robopoke|lol
|
|move|p2a: Haxorus|Substitute|p2a: Haxorus
|-start|p2a: Haxorus|Substitute
|-damage|p2a: Haxorus|76/100
|move|p1a: Magearna|Draining Kiss|p2a: Haxorus
|-supereffective|p2a: Haxorus
|-end|p2a: Haxorus|Substitute
|
|-heal|p2a: Haxorus|82/100|[from] item: Leftovers
|upkeep
|turn|19
|
|move|p2a: Haxorus|Substitute|p2a: Haxorus
|-start|p2a: Haxorus|Substitute
|-damage|p2a: Haxorus|57/100
|move|p1a: Magearna|Draining Kiss|p2a: Haxorus
|-supereffective|p2a: Haxorus
|-end|p2a: Haxorus|Substitute
|
|-heal|p2a: Haxorus|63/100|[from] item: Leftovers
|upkeep
|turn|20
|
|move|p2a: Haxorus|Substitute|p2a: Haxorus
|-start|p2a: Haxorus|Substitute
|-damage|p2a: Haxorus|38/100
|move|p1a: Magearna|Draining Kiss|p2a: Haxorus
|-supereffective|p2a: Haxorus
|-end|p2a: Haxorus|Substitute
|
|-heal|p2a: Haxorus|44/100|[from] item: Leftovers
|upkeep
|turn|21
|
|move|p2a: Haxorus|Substitute|p2a: Haxorus
|-start|p2a: Haxorus|Substitute
|-damage|p2a: Haxorus|19/100
|move|p1a: Magearna|Draining Kiss|p2a: Haxorus
|-supereffective|p2a: Haxorus
|-end|p2a: Haxorus|Substitute
|
|-heal|p2a: Haxorus|25/100|[from] item: Leftovers
|upkeep
|turn|22
|
|move|p2a: Haxorus|Earthquake|p1a: Magearna
|-supereffective|p1a: Magearna
|-damage|p1a: Magearna|80/100 par
|move|p1a: Magearna|Draining Kiss|p2a: Haxorus
|-supereffective|p2a: Haxorus
|-damage|p2a: Haxorus|0 fnt
|-heal|p1a: Magearna|95/100 par|[from] drain|[of] p2a: Haxorus
|faint|p2a: Haxorus
|-ability|p1a: Magearna|Soul-Heart|boost
|-boost|p1a: Magearna|spa|1
|
|-heal|p1a: Magearna|100/100 par|[from] item: Leftovers
|upkeep
|
|switch|p2a: Alakazam|Alakazam, M|1/100
|-activate|p2a: Alakazam|move: Sticky Web
|-unboost|p2a: Alakazam|spe|1
|turn|23
|
|move|p2a: Alakazam|Nasty Plot|p2a: Alakazam
|-boost|p2a: Alakazam|spa|2
|move|p1a: Magearna|Draining Kiss|p2a: Alakazam
|-damage|p2a: Alakazam|0 fnt
|faint|p2a: Alakazam
|-ability|p1a: Magearna|Soul-Heart|boost
|-boost|p1a: Magearna|spa|1
|
|upkeep
|
|switch|p2a: Scizor|Scizor, M|12/100 par
|-activate|p2a: Scizor|move: Sticky Web
|-unboost|p2a: Scizor|spe|1
|turn|24
|
|move|p1a: Magearna|Draining Kiss|p2a: Scizor
|-resisted|p2a: Scizor
|-damage|p2a: Scizor|0 fnt
|faint|p2a: Scizor
|-ability|p1a: Magearna|Soul-Heart|boost
|-boost|p1a: Magearna|spa|1
|
|upkeep
|
|switch|p2a: Zeraora|Zeraora|100/100
|-activate|p2a: Zeraora|move: Sticky Web
|-unboost|p2a: Zeraora|spe|1
|turn|25
|
|move|p2a: Zeraora|Plasma Fists|p1a: Magearna
|-damage|p1a: Magearna|89/100 par
|-fieldactivate|move: Ion Deluge
|cant|p1a: Magearna|par
|
|-heal|p1a: Magearna|95/100 par|[from] item: Leftovers
|upkeep
|turn|26
|
|move|p2a: Zeraora|Plasma Fists|p1a: Magearna
|-crit|p1a: Magearna
|-damage|p1a: Magearna|43/100 par
|-fieldactivate|move: Ion Deluge
|cant|p1a: Magearna|par
|
|-heal|p1a: Magearna|49/100 par|[from] item: Leftovers
|upkeep
|turn|27
|
|move|p2a: Zeraora|Plasma Fists|p1a: Magearna
|-damage|p1a: Magearna|38/100 par
|-fieldactivate|move: Ion Deluge
|move|p1a: Magearna|Draining Kiss|p2a: Zeraora
|-damage|p2a: Zeraora|4/100
|-heal|p1a: Magearna|100/100 par|[from] drain|[of] p2a: Zeraora
|
|-heal|p2a: Zeraora|10/100|[from] item: Leftovers
|upkeep
|turn|28
|
|move|p2a: Zeraora|Plasma Fists|p1a: Magearna
|-damage|p1a: Magearna|88/100 par
|-fieldactivate|move: Ion Deluge
|cant|p1a: Magearna|par
|
|-heal|p2a: Zeraora|16/100|[from] item: Leftovers
|-heal|p1a: Magearna|94/100 par|[from] item: Leftovers
|upkeep
|turn|29
|
|move|p2a: Zeraora|Plasma Fists|p1a: Magearna
|-damage|p1a: Magearna|82/100 par
|-fieldactivate|move: Ion Deluge
|move|p1a: Magearna|Draining Kiss|p2a: Zeraora
|-damage|p2a: Zeraora|0 fnt
|-heal|p1a: Magearna|92/100 par|[from] drain|[of] p2a: Zeraora
|faint|p2a: Zeraora
|
|win|Arnaud senju vgc
|raw|Arnaud senju vgc's rating: 1766 &rarr; <strong>1781</strong><br />(+15 for winning)
|raw|robopoke's rating: 1667 &rarr; <strong>1653</strong><br />(-14 for losing)
