|html|<div class="broadcast-blue"><strong>[Gen 8] OU is currently suspecting Melmetal! For information on how to participate check out the <a href="https://www.smogon.com/forums/threads/np-ss-ou-suspect-process-round-12-monster-mash.3709234/">suspect thread</a>.</strong></div>
|j|☆Cardiologie
|j|☆FleetFoxxx
|t:|1665849249
|gametype|singles
|player|p1|Cardiologie|morty-masters|1565
|player|p2|FleetFoxxx|2|1534
|teamsize|p1|6
|teamsize|p2|6
|gen|8
|tier|[Gen 8] OU
|rated|
|rule|Sleep Clause Mod: Limit one foe put to sleep
|rule|Species Clause: Limit one of each Pokémon
|rule|OHKO Clause: OHKO moves are banned
|rule|Evasion Items Clause: Evasion items are banned
|rule|Evasion Moves Clause: Evasion moves are banned
|rule|Endless Battle Clause: Forcing endless battles is banned
|rule|HP Percentage Mod: HP is shown in percentages
|rule|Dynamax Clause: You cannot dynamax
|clearpoke
|poke|p1|Buzzwole|
|poke|p1|Landorus-Therian, M|
|poke|p1|Heatran, M|
|poke|p1|Weavile, F|
|poke|p1|Slowking, M|
|poke|p1|Tapu Koko|
|poke|p2|Melmetal|
|poke|p2|Weavile, M|
|poke|p2|Volcanion|
|poke|p2|Zapdos|
|poke|p2|Landorus-Therian, M|
|poke|p2|Kartana|
|teampreview
|inactive|Battle timer is ON: inactive players will automatically lose when time's up. (requested by Cardiologie)
|
|t:|1665849266
|start
|switch|p1a: Buzzwole|Buzzwole|100/100
|switch|p2a: Weavile|Weavile, M|100/100
|-ability|p2a: Weavile|Pressure
|turn|1
|
|t:|1665849271
|switch|p2a: Landorus|Landorus-Therian, M|100/100
|-ability|p2a: Landorus|Intimidate|boost
|-unboost|p1a: Buzzwole|atk|1
|move|p1a: Buzzwole|Toxic|p2a: Landorus
|-status|p2a: Landorus|tox
|
|-damage|p2a: Landorus|94/100 tox|[from] psn
|upkeep
|turn|2
|
|t:|1665849281
|move|p1a: Buzzwole|Ice Punch|p2a: Landorus
|-supereffective|p2a: Landorus
|-damage|p2a: Landorus|30/100 tox
|move|p2a: Landorus|Stealth Rock|p1a: Buzzwole
|-sidestart|p1: Cardiologie|move: Stealth Rock
|
|-heal|p2a: Landorus|36/100 tox|[from] item: Leftovers
|-damage|p2a: Landorus|24/100 tox|[from] psn
|upkeep
|turn|3
|
|t:|1665849289
|switch|p2a: Volcanion|Volcanion|100/100
|move|p1a: Buzzwole|Toxic|p2a: Volcanion
|-status|p2a: Volcanion|tox
|
|-damage|p2a: Volcanion|95/100 tox|[from] psn
|upkeep
|turn|4
|
|t:|1665849312
|switch|p1a: Slowking|Slowking, M|100/100
|move|p2a: Volcanion|Steam Eruption|p1a: Slowking
|-resisted|p1a: Slowking
|-damage|p1a: Slowking|72/100
|
|-damage|p2a: Volcanion|83/100 tox|[from] psn
|upkeep
|turn|5
|
|t:|1665849320
|switch|p2a: Zapdos|Zapdos|100/100
|move|p1a: Slowking|Scald|p2a: Zapdos
|-damage|p2a: Zapdos|67/100
|
|upkeep
|turn|6
|inactive|FleetFoxxx has 120 seconds left.
|
|t:|1665849351
|switch|p1a: Heatran|Heatran, M|100/100
|-damage|p1a: Heatran|88/100|[from] Stealth Rock
|move|p2a: Zapdos|Hurricane|p1a: Heatran
|-resisted|p1a: Heatran
|-damage|p1a: Heatran|70/100
|-start|p1a: Heatran|confusion
|
|-heal|p1a: Heatran|76/100|[from] item: Leftovers
|upkeep
|turn|7
|
|t:|1665849361
|move|p2a: Zapdos|Volt Switch|p1a: Heatran
|-damage|p1a: Heatran|55/100
|inactive|FleetFoxxx has 120 seconds left.
|
|t:|1665849387
|switch|p2a: Landorus|Landorus-Therian, M|24/100 tox|[from]move: Volt Switch
|-ability|p2a: Landorus|Intimidate|boost
|-unboost|p1a: Heatran|atk|1
|-activate|p1a: Heatran|confusion
|move|p1a: Heatran|Earth Power|p2a: Landorus
|-immune|p2a: Landorus
|
|-heal|p2a: Landorus|30/100 tox|[from] item: Leftovers
|-heal|p1a: Heatran|62/100|[from] item: Leftovers
|-damage|p2a: Landorus|24/100 tox|[from] psn
|upkeep
|turn|8
|
|t:|1665849396
|switch|p1a: Landorus|Landorus-Therian, M|100/100
|-damage|p1a: Landorus|88/100|[from] Stealth Rock
|-ability|p1a: Landorus|Intimidate|boost
|-unboost|p2a: Landorus|atk|1
|move|p2a: Landorus|Earthquake|p1a: Landorus
|-immune|p1a: Landorus
|
|-heal|p1a: Landorus|94/100|[from] item: Leftovers
|-heal|p2a: Landorus|30/100 tox|[from] item: Leftovers
|-damage|p2a: Landorus|18/100 tox|[from] psn
|upkeep
|turn|9
|
|t:|1665849400
|switch|p2a: Zapdos|Zapdos|67/100
|move|p1a: Landorus|Defog|p2a: Zapdos
|-unboost|p2a: Zapdos|evasion|1
|-sideend|p1: Cardiologie|Stealth Rock|[from] move: Defog|[of] p1a: Landorus
|
|-heal|p1a: Landorus|99/100|[from] item: Leftovers
|upkeep
|turn|10
|
|t:|1665849404
|move|p2a: Zapdos|Hurricane|p1a: Landorus|[miss]
|-miss|p2a: Zapdos|p1a: Landorus
|move|p1a: Landorus|Toxic|p2a: Zapdos
|-status|p2a: Zapdos|tox
|
|-heal|p1a: Landorus|100/100|[from] item: Leftovers
|-damage|p2a: Zapdos|61/100 tox|[from] psn
|upkeep
|turn|11
|
|t:|1665849411
|switch|p1a: Slowking|Slowking, M|100/100
|move|p2a: Zapdos|Hurricane|p1a: Slowking
|-damage|p1a: Slowking|68/100
|
|-damage|p2a: Zapdos|49/100 tox|[from] psn
|upkeep
|turn|12
|
|t:|1665849420
|move|p2a: Zapdos|Volt Switch|p1a: Slowking
|-supereffective|p1a: Slowking
|-damage|p1a: Slowking|22/100
|
|t:|1665849424
|switch|p2a: Weavile|Weavile, M|100/100|[from]move: Volt Switch
|-ability|p2a: Weavile|Pressure
|move|p1a: Slowking|Slack Off|p1a: Slowking
|-heal|p1a: Slowking|72/100
|
|upkeep
|turn|13
|
|t:|1665849432
|switch|p1a: Buzzwole|Buzzwole|100/100
|move|p2a: Weavile|Knock Off|p1a: Buzzwole
|-resisted|p1a: Buzzwole
|-damage|p1a: Buzzwole|74/100
|-damage|p2a: Weavile|84/100|[from] item: Rocky Helmet|[of] p1a: Buzzwole
|-enditem|p1a: Buzzwole|Rocky Helmet|[from] move: Knock Off|[of] p2a: Weavile
|
|upkeep
|turn|14
|
|t:|1665849442
|switch|p2a: Volcanion|Volcanion|83/100 tox
|move|p1a: Buzzwole|Ice Punch|p2a: Volcanion
|-resisted|p2a: Volcanion
|-damage|p2a: Volcanion|76/100 tox
|
|-damage|p2a: Volcanion|70/100 tox|[from] psn
|upkeep
|turn|15
|
|t:|1665849448
|switch|p2a: Zapdos|Zapdos|49/100 tox
|switch|p1a: Slowking|Slowking, M|100/100
|
|-damage|p2a: Zapdos|43/100 tox|[from] psn
|upkeep
|turn|16
|
|t:|1665849451
|move|p2a: Zapdos|Hurricane|p1a: Slowking
|-damage|p1a: Slowking|67/100
|move|p1a: Slowking|Future Sight|p2a: Zapdos
|-start|p1a: Slowking|move: Future Sight
|
|-damage|p2a: Zapdos|30/100 tox|[from] psn
|upkeep
|turn|17
|j| Ran Kob
|
|t:|1665849457
|switch|p1a: Landorus|Landorus-Therian, M|100/100
|-ability|p1a: Landorus|Intimidate|boost
|-unboost|p2a: Zapdos|atk|1
|move|p2a: Zapdos|Volt Switch|p1a: Landorus
|-immune|p1a: Landorus
|
|-damage|p2a: Zapdos|11/100 tox|[from] psn
|upkeep
|turn|18
|
|t:|1665849478
|move|p2a: Zapdos|Roost|p2a: Zapdos
|-heal|p2a: Zapdos|62/100 tox
|-singleturn|p2a: Zapdos|move: Roost
|move|p1a: Landorus|Earthquake|p2a: Zapdos
|-supereffective|p2a: Zapdos
|-damage|p2a: Zapdos|0 fnt
|faint|p2a: Zapdos
|
|-hint|Future Sight did not hit because the target is fainted.
|upkeep
|inactive|FleetFoxxx has 120 seconds left.
|
|t:|1665849495
|switch|p2a: Volcanion|Volcanion|70/100 tox
|turn|19
|
|t:|1665849499
|switch|p1a: Slowking|Slowking, M|100/100
|move|p2a: Volcanion|Steam Eruption|p1a: Slowking
|-resisted|p1a: Slowking
|-damage|p1a: Slowking|72/100
|
|-damage|p2a: Volcanion|64/100 tox|[from] psn
|upkeep
|turn|20
|
|t:|1665849504
|switch|p2a: Weavile|Weavile, M|84/100
|-ability|p2a: Weavile|Pressure
|move|p1a: Slowking|Teleport|p1a: Slowking
|l| Ran Kob
|
|t:|1665849512
|switch|p1a: Buzzwole|Buzzwole|74/100|[from]move: Teleport
|
|upkeep
|turn|21
|
|t:|1665849535
|switch|p2a: Landorus|Landorus-Therian, M|18/100 tox
|-ability|p2a: Landorus|Intimidate|boost
|-unboost|p1a: Buzzwole|atk|1
|move|p1a: Buzzwole|Close Combat|p2a: Landorus
|-resisted|p2a: Landorus
|-damage|p2a: Landorus|0 fnt
|-unboost|p1a: Buzzwole|def|1
|-unboost|p1a: Buzzwole|spd|1
|faint|p2a: Landorus
|-ability|p1a: Buzzwole|Beast Boost|boost
|-boost|p1a: Buzzwole|atk|1
|
|upkeep
|
|t:|1665849537
|switch|p2a: Volcanion|Volcanion|64/100 tox
|turn|22
|
|t:|1665849540
|switch|p2a: Weavile|Weavile, M|84/100
|-ability|p2a: Weavile|Pressure
|switch|p1a: Slowking|Slowking, M|100/100
|
|upkeep
|turn|23
|
|t:|1665849546
|switch|p1a: Buzzwole|Buzzwole|74/100
|move|p2a: Weavile|Triple Axel|p1a: Buzzwole
|-damage|p1a: Buzzwole|63/100
|-damage|p1a: Buzzwole|44/100
|-damage|p1a: Buzzwole|13/100
|-hitcount|p1a: Buzzwole|3
|
|upkeep
|turn|24
|
|t:|1665849558
|switch|p1a: Weavile|Weavile, F|100/100
|-ability|p1a: Weavile|Pressure
|move|p2a: Weavile|Triple Axel|p1a: Weavile
|-resisted|p1a: Weavile
|-damage|p1a: Weavile|87/100
|-hitcount|p1a: Weavile|1
|
|upkeep
|turn|25
|
|t:|1665849567
|switch|p2a: Melmetal|Melmetal|100/100
|move|p1a: Weavile|Swords Dance|p1a: Weavile
|-boost|p1a: Weavile|atk|2
|
|upkeep
|turn|26
|
|t:|1665849572
|move|p1a: Weavile|Knock Off|p2a: Melmetal
|-damage|p2a: Melmetal|44/100
|-enditem|p2a: Melmetal|Choice Band|[from] move: Knock Off|[of] p1a: Weavile
|move|p2a: Melmetal|Double Iron Bash|p1a: Weavile
|-supereffective|p1a: Weavile
|-damage|p1a: Weavile|0 fnt
|faint|p1a: Weavile
|-hitcount|p1: Weavile|1
|
|upkeep
|
|t:|1665849580
|switch|p1a: Buzzwole|Buzzwole|13/100
|turn|27
|
|t:|1665849590
|move|p1a: Buzzwole|Close Combat|p2a: Melmetal
|-supereffective|p2a: Melmetal
|-damage|p2a: Melmetal|0 fnt
|-unboost|p1a: Buzzwole|def|1
|-unboost|p1a: Buzzwole|spd|1
|faint|p2a: Melmetal
|-ability|p1a: Buzzwole|Beast Boost|boost
|-boost|p1a: Buzzwole|atk|1
|
|upkeep
|
|t:|1665849596
|switch|p2a: Volcanion|Volcanion|64/100 tox
|turn|28
|
|t:|1665849599
|switch|p2a: Weavile|Weavile, M|84/100
|-ability|p2a: Weavile|Pressure
|move|p1a: Buzzwole|Close Combat|p2a: Weavile
|-supereffective|p2a: Weavile
|-damage|p2a: Weavile|0 fnt
|-unboost|p1a: Buzzwole|def|1
|-unboost|p1a: Buzzwole|spd|1
|faint|p2a: Weavile
|-ability|p1a: Buzzwole|Beast Boost|boost
|-boost|p1a: Buzzwole|atk|1
|
|upkeep
|-message|FleetFoxxx forfeited.
|
|win|Cardiologie
|raw|Cardiologie's rating: 1565 &rarr; <strong>1583</strong><br />(+18 for winning)
|raw|FleetFoxxx's rating: 1534 &rarr; <strong>1516</strong><br />(-18 for losing)
|l|☆FleetFoxxx
||Ladder isn't responding, score probably updated but might not have (Request timeout).
