|j|☆xuyifan
|j|☆Forwards
|t:|1663235279
|gametype|singles
|player|p1|xuyifan|101|1689
|player|p2|Forwards|rollerskater|1829
|teamsize|p1|6
|teamsize|p2|6
|gen|8
|tier|[Gen 8] OU
|rated|
|rule|Sleep Clause Mod: Limit one foe put to sleep
|rule|Species Clause: Limit one of each Pokémon
|rule|OHKO Clause: OHKO moves are banned
|rule|Evasion Items Clause: Evasion items are banned
|rule|Evasion Moves Clause: Evasion moves are banned
|rule|Endless Battle Clause: Forcing endless battles is banned
|rule|HP Percentage Mod: HP is shown in percentages
|rule|Dynamax Clause: You cannot dynamax
|clearpoke
|poke|p1|Blacephalon|
|poke|p1|Tyranitar, M|
|poke|p1|Landorus-Therian, M|
|poke|p1|Toxapex, F|
|poke|p1|Corviknight, F|
|poke|p1|Tapu Lele|
|poke|p2|Tapu Koko|
|poke|p2|Moltres-Galar|
|poke|p2|Registeel|
|poke|p2|Hawlucha, M|
|poke|p2|Landorus-Therian, M|
|poke|p2|Mew|
|teampreview
|
|t:|1663235298
|start
|switch|p1a: Tyranitar|Tyranitar, M|100/100
|switch|p2a: Landorus|Landorus-Therian, M|100/100
|-ability|p2a: Landorus|Intimidate|boost
|-unboost|p1a: Tyranitar|atk|1
|-weather|Sandstorm|[from] ability: Sand Stream|[of] p1a: Tyranitar
|turn|1
|inactive|Battle timer is ON: inactive players will automatically lose when time's up. (requested by xuyifan)
|
|t:|1663235342
|switch|p1a: Landorus|Landorus-Therian, M|100/100
|-ability|p1a: Landorus|Intimidate|boost
|-unboost|p2a: Landorus|atk|1
|move|p2a: Landorus|Earthquake|p1a: Landorus
|-immune|p1a: Landorus
|
|-weather|Sandstorm|[upkeep]
|upkeep
|turn|2
|
|t:|1663235350
|move|p2a: Landorus|Stealth Rock|p1a: Landorus
|-sidestart|p1: xuyifan|move: Stealth Rock
|move|p1a: Landorus|Stealth Rock|p2a: Landorus
|-sidestart|p2: Forwards|move: Stealth Rock
|
|-weather|Sandstorm|[upkeep]
|upkeep
|turn|3
|inactive|Forwards has 120 seconds left.
|
|t:|1663235381
|move|p2a: Landorus|Swords Dance|p2a: Landorus
|-boost|p2a: Landorus|atk|2
|move|p1a: Landorus|Toxic|p2a: Landorus
|-status|p2a: Landorus|tox
|
|-weather|Sandstorm|[upkeep]
|-damage|p2a: Landorus|95/100 tox|[from] psn
|upkeep
|turn|4
|
|t:|1663235387
|move|p2a: Landorus|Swords Dance|p2a: Landorus
|-boost|p2a: Landorus|atk|2
|move|p1a: Landorus|U-turn|p2a: Landorus
|-resisted|p2a: Landorus
|-damage|p2a: Landorus|82/100 tox
|
|t:|1663235390
|switch|p1a: Blacephalon|Blacephalon|100/100|[from]move: U-turn
|-damage|p1a: Blacephalon|76/100|[from] Stealth Rock
|
|-weather|Sandstorm|[upkeep]
|-damage|p1a: Blacephalon|70/100|[from] Sandstorm
|-damage|p2a: Landorus|70/100 tox|[from] psn
|upkeep
|turn|5
|
|t:|1663235393
|move|p1a: Blacephalon|Overheat|p2a: Landorus
|-damage|p2a: Landorus|0 fnt
|-unboost|p1a: Blacephalon|spa|2
|faint|p2a: Landorus
|-ability|p1a: Blacephalon|Beast Boost|boost
|-boost|p1a: Blacephalon|spa|1
|
|-weather|none
|upkeep
|
|t:|1663235395
|switch|p2a: Tapu Koko|Tapu Koko|100/100
|-damage|p2a: Tapu Koko|88/100|[from] Stealth Rock
|-fieldstart|move: Electric Terrain|[from] ability: Electric Surge|[of] p2a: Tapu Koko
|turn|6
|
|t:|1663235403
|switch|p1a: Landorus|Landorus-Therian, M|100/100
|-damage|p1a: Landorus|88/100|[from] Stealth Rock
|-ability|p1a: Landorus|Intimidate|boost
|-unboost|p2a: Tapu Koko|atk|1
|move|p2a: Tapu Koko|Light Screen|p2a: Tapu Koko
|-sidestart|p2: Forwards|move: Light Screen
|
|-heal|p1a: Landorus|94/100|[from] item: Leftovers
|upkeep
|turn|7
|inactive|Forwards has 120 seconds left.
|
|t:|1663235436
|move|p2a: Tapu Koko|Reflect|p2a: Tapu Koko
|-sidestart|p2: Forwards|Reflect
|move|p1a: Landorus|Toxic|p2a: Tapu Koko
|-status|p2a: Tapu Koko|tox
|
|-heal|p1a: Landorus|99/100|[from] item: Leftovers
|-damage|p2a: Tapu Koko|82/100 tox|[from] psn
|upkeep
|turn|8
|
|t:|1663235440
|move|p2a: Tapu Koko|Taunt|p1a: Landorus
|-start|p1a: Landorus|move: Taunt
|move|p1a: Landorus|U-turn|p2a: Tapu Koko
|-resisted|p2a: Tapu Koko
|-damage|p2a: Tapu Koko|76/100 tox
|
|t:|1663235443
|switch|p1a: Toxapex|Toxapex, F|100/100|[from]move: U-turn
|-damage|p1a: Toxapex|88/100|[from] Stealth Rock
|
|-heal|p1a: Toxapex|94/100|[from] item: Black Sludge
|-damage|p2a: Tapu Koko|63/100 tox|[from] psn
|upkeep
|turn|9
|
|t:|1663235450
|move|p2a: Tapu Koko|Taunt|p1a: Toxapex
|-start|p1a: Toxapex|move: Taunt
|cant|p1a: Toxapex|move: Taunt|Recover
|
|-heal|p1a: Toxapex|99/100|[from] item: Black Sludge
|-damage|p2a: Tapu Koko|45/100 tox|[from] psn
|upkeep
|turn|10
|
|t:|1663235468
|move|p2a: Tapu Koko|U-turn|p1a: Toxapex
|-resisted|p1a: Toxapex
|-damage|p1a: Toxapex|96/100
|
|t:|1663235473
|switch|p2a: Hawlucha|Hawlucha, M|100/100|[from]move: U-turn
|-damage|p2a: Hawlucha|88/100|[from] Stealth Rock
|-enditem|p2a: Hawlucha|Electric Seed
|-boost|p2a: Hawlucha|def|1|[from] item: Electric Seed
|move|p1a: Toxapex|Scald|p2a: Hawlucha
|-damage|p2a: Hawlucha|78/100
|
|-heal|p1a: Toxapex|100/100|[from] item: Black Sludge
|-fieldend|move: Electric Terrain
|upkeep
|turn|11
|
|t:|1663235475
|move|p2a: Hawlucha|Swords Dance|p2a: Hawlucha
|-boost|p2a: Hawlucha|atk|2
|move|p1a: Toxapex|Scald|p2a: Hawlucha
|-damage|p2a: Hawlucha|66/100
|
|-end|p1a: Toxapex|move: Taunt
|upkeep
|turn|12
|
|t:|1663235480
|move|p2a: Hawlucha|Taunt|p1a: Toxapex
|-start|p1a: Toxapex|move: Taunt
|cant|p1a: Toxapex|move: Taunt|Haze
|
|upkeep
|turn|13
|
|t:|1663235483
|move|p2a: Hawlucha|Acrobatics|p1a: Toxapex
|-damage|p1a: Toxapex|32/100
|move|p1a: Toxapex|Scald|p2a: Hawlucha
|-damage|p2a: Hawlucha|55/100
|
|-heal|p1a: Toxapex|38/100|[from] item: Black Sludge
|-sideend|p2: Forwards|move: Light Screen
|upkeep
|turn|14
|
|t:|1663235491
|switch|p1a: Corviknight|Corviknight, F|100/100
|-damage|p1a: Corviknight|88/100|[from] Stealth Rock
|-ability|p1a: Corviknight|Pressure
|move|p2a: Hawlucha|Swords Dance|p2a: Hawlucha
|-boost|p2a: Hawlucha|atk|2
|
|-sideend|p2: Forwards|Reflect
|upkeep
|turn|15
|
|t:|1663235499
|move|p2a: Hawlucha|Close Combat|p1a: Corviknight
|-damage|p1a: Corviknight|0 fnt
|-unboost|p2a: Hawlucha|def|1
|-unboost|p2a: Hawlucha|spd|1
|-damage|p2a: Hawlucha|39/100|[from] item: Rocky Helmet|[of] p1a: Corviknight
|faint|p1a: Corviknight
|
|upkeep
|
|t:|1663235504
|switch|p1a: Landorus|Landorus-Therian, M|99/100
|-damage|p1a: Landorus|88/100|[from] Stealth Rock
|-ability|p1a: Landorus|Intimidate|boost
|-unboost|p2a: Hawlucha|atk|1
|turn|16
|inactive|Forwards has 120 seconds left.
|
|t:|1663235547
|move|p2a: Hawlucha|Taunt|p1a: Landorus
|-start|p1a: Landorus|move: Taunt
|move|p1a: Landorus|U-turn|p2a: Hawlucha
|-resisted|p2a: Hawlucha
|-damage|p2a: Hawlucha|30/100
|c|☆xuyifan|no burn
|
|t:|1663235554
|switch|p1a: Toxapex|Toxapex, F|71/100|[from]move: U-turn
|-damage|p1a: Toxapex|59/100|[from] Stealth Rock
|
|-heal|p1a: Toxapex|65/100|[from] item: Black Sludge
|upkeep
|turn|17
|
|t:|1663235558
|move|p2a: Hawlucha|Acrobatics|p1a: Toxapex
|-damage|p1a: Toxapex|0 fnt
|faint|p1a: Toxapex
|
|upkeep
|
|t:|1663235561
|switch|p1a: Landorus|Landorus-Therian, M|88/100
|-damage|p1a: Landorus|76/100|[from] Stealth Rock
|-ability|p1a: Landorus|Intimidate|boost
|-unboost|p2a: Hawlucha|atk|1
|turn|18
|c|☆Forwards|k
|
|t:|1663235568
|move|p2a: Hawlucha|Taunt|p1a: Landorus
|-start|p1a: Landorus|move: Taunt
|move|p1a: Landorus|U-turn|p2a: Hawlucha
|-resisted|p2a: Hawlucha
|-damage|p2a: Hawlucha|22/100
|
|t:|1663235571
|switch|p1a: Tyranitar|Tyranitar, M|100/100|[from]move: U-turn
|-damage|p1a: Tyranitar|88/100|[from] Stealth Rock
|-weather|Sandstorm|[from] ability: Sand Stream|[of] p1a: Tyranitar
|
|-weather|Sandstorm|[upkeep]
|-damage|p2a: Hawlucha|16/100|[from] Sandstorm
|upkeep
|turn|19
|
|t:|1663235574
|switch|p1a: Landorus|Landorus-Therian, M|76/100
|-damage|p1a: Landorus|63/100|[from] Stealth Rock
|-ability|p1a: Landorus|Intimidate|boost
|-unboost|p2a: Hawlucha|atk|1
|move|p2a: Hawlucha|Close Combat|p1a: Landorus
|-resisted|p1a: Landorus
|-damage|p1a: Landorus|27/100
|-unboost|p2a: Hawlucha|def|1
|-unboost|p2a: Hawlucha|spd|1
|
|-weather|Sandstorm|[upkeep]
|-damage|p2a: Hawlucha|10/100|[from] Sandstorm
|-heal|p1a: Landorus|33/100|[from] item: Leftovers
|upkeep
|turn|20
|
|t:|1663235590
|switch|p1a: Tyranitar|Tyranitar, M|88/100
|-damage|p1a: Tyranitar|76/100|[from] Stealth Rock
|move|p2a: Hawlucha|Acrobatics|p1a: Tyranitar
|-resisted|p1a: Tyranitar
|-damage|p1a: Tyranitar|41/100
|
|-weather|Sandstorm|[upkeep]
|-damage|p2a: Hawlucha|4/100|[from] Sandstorm
|upkeep
|turn|21
|
|t:|1663235595
|switch|p1a: Landorus|Landorus-Therian, M|33/100
|-damage|p1a: Landorus|20/100|[from] Stealth Rock
|-ability|p1a: Landorus|Intimidate|boost
|-unboost|p2a: Hawlucha|atk|1
|move|p2a: Hawlucha|Close Combat|p1a: Landorus
|-resisted|p1a: Landorus
|-damage|p1a: Landorus|0 fnt
|-unboost|p2a: Hawlucha|def|1
|-unboost|p2a: Hawlucha|spd|1
|faint|p1a: Landorus
|
|-weather|Sandstorm|[upkeep]
|-damage|p2a: Hawlucha|0 fnt|[from] Sandstorm
|faint|p2a: Hawlucha
|upkeep
|
|t:|1663235602
|switch|p2a: Tapu Koko|Tapu Koko|45/100 tox
|switch|p1a: Tapu Lele|Tapu Lele|100/100
|-damage|p1a: Tapu Lele|88/100|[from] Stealth Rock
|-fieldstart|move: Psychic Terrain|[from] ability: Psychic Surge|[of] p1a: Tapu Lele
|-damage|p2a: Tapu Koko|33/100 tox|[from] Stealth Rock
|-fieldstart|move: Electric Terrain|[from] ability: Electric Surge|[of] p2a: Tapu Koko
|turn|22
|
|t:|1663235617
|move|p1a: Tapu Lele|Moonblast|p2a: Tapu Koko
|-damage|p2a: Tapu Koko|0 fnt
|faint|p2a: Tapu Koko
|
|-weather|none
|upkeep
|
|t:|1663235621
|switch|p2a: Registeel|Registeel|100/100
|-damage|p2a: Registeel|94/100|[from] Stealth Rock
|turn|23
|
|t:|1663235623
|switch|p1a: Blacephalon|Blacephalon|70/100
|-damage|p1a: Blacephalon|45/100|[from] Stealth Rock
|move|p2a: Registeel|Amnesia|p2a: Registeel
|-boost|p2a: Registeel|spd|2
|
|upkeep
|turn|24
|
|t:|1663235629
|move|p1a: Blacephalon|Trick|p2a: Registeel
|-activate|p1a: Blacephalon|move: Trick|[of] p2a: Registeel
|-item|p2a: Registeel|Choice Specs|[from] move: Trick
|-item|p1a: Blacephalon|Chesto Berry|[from] move: Trick
|move|p2a: Registeel|Amnesia|p2a: Registeel
|-boost|p2a: Registeel|spd|2
|
|upkeep
|turn|25
|
|t:|1663235639
|move|p1a: Blacephalon|Shadow Ball|p2a: Registeel
|-damage|p2a: Registeel|85/100
|move|p2a: Registeel|Amnesia|p2a: Registeel
|-boost|p2a: Registeel|spd|2
|
|upkeep
|turn|26
|
|t:|1663235646
|move|p1a: Blacephalon|Shadow Ball|p2a: Registeel
|-damage|p2a: Registeel|77/100
|move|p2a: Registeel|Amnesia|p2a: Registeel
|-boost|p2a: Registeel|spd|0
|
|-fieldend|move: Electric Terrain
|upkeep
|turn|27
|
|t:|1663235648
|move|p1a: Blacephalon|Shadow Ball|p2a: Registeel
|-damage|p2a: Registeel|69/100
|move|p2a: Registeel|Amnesia|p2a: Registeel
|-boost|p2a: Registeel|spd|0
|
|upkeep
|turn|28
|
|t:|1663235651
|move|p1a: Blacephalon|Shadow Ball|p2a: Registeel
|-damage|p2a: Registeel|61/100
|move|p2a: Registeel|Amnesia|p2a: Registeel
|-boost|p2a: Registeel|spd|0
|
|upkeep
|turn|29
|
|t:|1663235663
|move|p1a: Blacephalon|Shadow Ball|p2a: Registeel
|-damage|p2a: Registeel|54/100
|move|p2a: Registeel|Amnesia|p2a: Registeel
|-boost|p2a: Registeel|spd|0
|
|upkeep
|turn|30
|
|t:|1663235668
|switch|p1a: Tyranitar|Tyranitar, M|41/100
|-damage|p1a: Tyranitar|28/100|[from] Stealth Rock
|-weather|Sandstorm|[from] ability: Sand Stream|[of] p1a: Tyranitar
|switch|p2a: Moltres|Moltres-Galar|100/100
|-damage|p2a: Moltres|76/100|[from] Stealth Rock
|
|-weather|Sandstorm|[upkeep]
|-damage|p2a: Moltres|70/100|[from] Sandstorm
|upkeep
|turn|31
|
|t:|1663235676
|switch|p2a: Registeel|Registeel|54/100
|-damage|p2a: Registeel|47/100|[from] Stealth Rock
|move|p1a: Tyranitar|Ice Punch|p2a: Registeel
|-resisted|p2a: Registeel
|-crit|p2a: Registeel
|-damage|p2a: Registeel|30/100
|
|-weather|Sandstorm|[upkeep]
|upkeep
|turn|32
|
|t:|1663235679
|switch|p1a: Tapu Lele|Tapu Lele|88/100
|-damage|p1a: Tapu Lele|76/100|[from] Stealth Rock
|-fieldstart|move: Psychic Terrain|[from] ability: Psychic Surge|[of] p1a: Tapu Lele
|switch|p2a: Moltres|Moltres-Galar|70/100
|-damage|p2a: Moltres|45/100|[from] Stealth Rock
|
|-weather|Sandstorm|[upkeep]
|-damage|p1a: Tapu Lele|70/100|[from] Sandstorm
|-damage|p2a: Moltres|39/100|[from] Sandstorm
|upkeep
|turn|33
|
|t:|1663235691
|move|p1a: Tapu Lele|Moonblast|p2a: Moltres
|-supereffective|p2a: Moltres
|-damage|p2a: Moltres|0 fnt
|faint|p2a: Moltres
|
|-weather|Sandstorm|[upkeep]
|-damage|p1a: Tapu Lele|63/100|[from] Sandstorm
|upkeep
|
|t:|1663235697
|switch|p2a: Mew|Mew|100/100
|-damage|p2a: Mew|88/100|[from] Stealth Rock
|turn|34
|
|t:|1663235700
|move|p1a: Tapu Lele|Moonblast|p2a: Mew
|-crit|p2a: Mew
|-damage|p2a: Mew|26/100
|move|p2a: Mew|Cosmic Power|p2a: Mew
|-boost|p2a: Mew|def|1
|-boost|p2a: Mew|spd|1
|
|-weather|none
|upkeep
|turn|35
|
|t:|1663235704
|move|p1a: Tapu Lele|Moonblast|p2a: Mew
|-damage|p2a: Mew|0 fnt
|faint|p2a: Mew
|
|upkeep
|-message|Forwards forfeited.
|
|win|xuyifan
|raw|xuyifan's rating: 1689 &rarr; <strong>1716</strong><br />(+27 for winning)
|raw|Forwards's rating: 1812 &rarr; <strong>1785</strong><br />(-27 for losing)
|l|☆Forwards
