|raw|<div class="broadcast-blue"><strong>This battle is required to be public due to a player having a name starting with 'LT74PF'.</div>
|j|☆relic stone
|j|☆LT74PF 999iq280
|t:|1599034214
|player|p1|relic stone|lusamine-nihilego|1762
|player|p2|LT74PF 999iq280|dawn-gen4pt|1745
|teamsize|p1|6
|teamsize|p2|6
|gametype|singles
|gen|8
|tier|[Gen 8] OU
|rated|
|clearpoke
|poke|p1|Hydreigon, M|
|poke|p1|Chandelure, M|
|poke|p1|Rillaboom, M|
|poke|p1|Skarmory, M|
|poke|p1|Weezing-Galar, M|
|poke|p1|Gastrodon, M|
|poke|p2|Rillaboom, M|
|poke|p2|Magnezone|
|poke|p2|Hatterene, F|
|poke|p2|Urshifu-*, F|
|poke|p2|Hawlucha, F|
|poke|p2|Clefable, M|
|rule|Sleep Clause Mod: Limit one foe put to sleep
|rule|Species Clause: Limit one of each Pokémon
|rule|OHKO Clause: OHKO moves are banned
|rule|Evasion Moves Clause: Evasion moves are banned
|rule|Endless Battle Clause: Forcing endless battles is banned
|rule|HP Percentage Mod: HP is shown in percentages
|rule|Dynamax Clause: You cannot dynamax
|teampreview
|c|☆relic stone|hf
|c|☆LT74PF 999iq280|u2
|
|t:|1599034226
|start
|switch|p1a: Phantom|Chandelure, M|100/100
|switch|p2a: Clefable|Clefable, M|100/100
|turn|1
|j| serena4ever
|j| a1deen
|j| yiyue
|
|t:|1599034234
|move|p1a: Phantom|Trick|p2a: Clefable
|-activate|p1a: Phantom|move: Trick|[of] p2a: Clefable
|-item|p2a: Clefable|Choice Scarf|[from] move: Trick
|-item|p1a: Phantom|Leftovers|[from] move: Trick
|move|p2a: Clefable|Stealth Rock|p1a: Phantom
|-sidestart|p1: relic stone|move: Stealth Rock
|
|upkeep
|turn|2
|
|t:|1599034241
|switch|p2a: Urshifu|Urshifu-Rapid-Strike, F|100/100
|move|p1a: Phantom|Energy Ball|p2a: Urshifu
|-supereffective|p2a: Urshifu
|-damage|p2a: Urshifu|0 fnt
|faint|p2a: Urshifu
|
|upkeep
|
|t:|1599034249
|switch|p2a: Rillaboom|Rillaboom, M|100/100
|-fieldstart|move: Grassy Terrain|[from] ability: Grassy Surge|[of] p2a: Rillaboom
|turn|3
|
|t:|1599034256
|move|p1a: Phantom|Flamethrower|p2a: Rillaboom
|-supereffective|p2a: Rillaboom
|-damage|p2a: Rillaboom|0 fnt
|faint|p2a: Rillaboom
|
|upkeep
|
|t:|1599034258
|switch|p2a: Hawlucha|Hawlucha, F|100/100
|-enditem|p2a: Hawlucha|Grassy Seed
|-boost|p2a: Hawlucha|def|1|[from] item: Grassy Seed
|turn|4
|
|t:|1599034261
|move|p2a: Hawlucha|Swords Dance|p2a: Hawlucha
|-boost|p2a: Hawlucha|atk|2
|move|p1a: Phantom|Flamethrower|p2a: Hawlucha
|-damage|p2a: Hawlucha|32/100
|
|upkeep
|turn|5
|
|t:|1599034265
|switch|p1a: Sentinel|Weezing-Galar, M|100/100
|-ability|p1a: Sentinel|Neutralizing Gas
|-damage|p1a: Sentinel|88/100|[from] Stealth Rock
|move|p2a: Hawlucha|Acrobatics|p1a: Sentinel
|-damage|p1a: Sentinel|28/100
|-damage|p2a: Hawlucha|15/100|[from] item: Rocky Helmet|[of] p1a: Sentinel
|
|-heal|p1a: Sentinel|34/100|[from] Grassy Terrain
|upkeep
|turn|6
|
|t:|1599034270
|move|p2a: Hawlucha|Acrobatics|p1a: Sentinel
|-damage|p1a: Sentinel|0 fnt
|-damage|p2a: Hawlucha|0 fnt|[from] item: Rocky Helmet|[of] p1a: Sentinel
|faint|p1a: Sentinel
|faint|p2a: Hawlucha
|
|upkeep
|
|t:|1599034276
|switch|p2a: Hatterene|Hatterene, F|100/100
|switch|p1a: Phantom|Chandelure, M|100/100
|-damage|p1a: Phantom|76/100|[from] Stealth Rock
|turn|7
|
|t:|1599034281
|move|p1a: Phantom|Shadow Ball|p2a: Hatterene
|-supereffective|p2a: Hatterene
|-damage|p2a: Hatterene|0 fnt
|faint|p2a: Hatterene
|
|-heal|p1a: Phantom|82/100|[from] item: Leftovers
|-heal|p1a: Phantom|88/100|[from] Grassy Terrain
|-fieldend|move: Grassy Terrain
|upkeep
|-message|LT74PF 999iq280 forfeited.
|
|win|relic stone
|l|☆LT74PF 999iq280
|raw|relic stone's rating: 1762 &rarr; <strong>1781</strong><br />(+19 for winning)
|raw|LT74PF 999iq280's rating: 1745 &rarr; <strong>1726</strong><br />(-19 for losing)
|l| a1deen
|c|☆relic stone|gg
