|j|☆2(H2O)
|j|‽okaybears
|t:|1660316873
|gametype|singles
|player|p1|2(H2O)|chase|1571
|player|p2|okaybears|169|1606
|teamsize|p1|6
|teamsize|p2|6
|gen|8
|tier|[Gen 8] OU
|rated|
|rule|Sleep Clause Mod: Limit one foe put to sleep
|rule|Species Clause: Limit one of each Pokémon
|rule|OHKO Clause: OHKO moves are banned
|rule|Evasion Items Clause: Evasion items are banned
|rule|Evasion Moves Clause: Evasion moves are banned
|rule|Endless Battle Clause: Forcing endless battles is banned
|rule|HP Percentage Mod: HP is shown in percentages
|rule|Dynamax Clause: You cannot dynamax
|clearpoke
|poke|p1|Tornadus-Therian, M|
|poke|p1|Rillaboom, F|
|poke|p1|Victini|
|poke|p1|Swampert, M|
|poke|p1|Kartana|
|poke|p1|Bisharp, M|
|poke|p2|Clefable, M|
|poke|p2|Dragonite, M|
|poke|p2|Pelipper, M|
|poke|p2|Urshifu-*, M|
|poke|p2|Landorus-Therian, M|
|poke|p2|Ferrothorn, M|
|teampreview
|inactive|Battle timer is ON: inactive players will automatically lose when time's up. (requested by 2(H2O))
|
|t:|1660316888
|start
|switch|p1a: Wetlands|Swampert, M|100/100
|switch|p2a: Pelipper|Pelipper, M|100/100
|-weather|RainDance|[from] ability: Drizzle|[of] p2a: Pelipper
|turn|1
|
|t:|1660316912
|move|p2a: Pelipper|Weather Ball|p1a: Wetlands
|-damage|p1a: Wetlands|29/100
|move|p1a: Wetlands|Stealth Rock|p2a: Pelipper
|-sidestart|p2: okaybears|move: Stealth Rock
|
|-weather|RainDance|[upkeep]
|-heal|p1a: Wetlands|35/100|[from] item: Leftovers
|upkeep
|turn|2
|
|t:|1660316918
|switch|p1a: Green Fist|Rillaboom, F|100/100
|-fieldstart|move: Grassy Terrain|[from] ability: Grassy Surge|[of] p1a: Green Fist
|move|p2a: Pelipper|Weather Ball|p1a: Green Fist
|-resisted|p1a: Green Fist
|-damage|p1a: Green Fist|27/100
|
|-weather|RainDance|[upkeep]
|-heal|p1a: Green Fist|34/100|[from] Grassy Terrain
|upkeep
|turn|3
|
|t:|1660316925
|switch|p2a: Ferrothorn|Ferrothorn, M|100/100
|-damage|p2a: Ferrothorn|94/100|[from] Stealth Rock
|move|p1a: Green Fist|Superpower|p2a: Ferrothorn
|-supereffective|p2a: Ferrothorn
|-damage|p2a: Ferrothorn|0 fnt
|-unboost|p1a: Green Fist|atk|1
|-unboost|p1a: Green Fist|def|1
|-damage|p1a: Green Fist|21/100|[from] ability: Iron Barbs|[of] p2a: Ferrothorn
|faint|p2a: Ferrothorn
|
|-weather|RainDance|[upkeep]
|-heal|p1a: Green Fist|27/100|[from] Grassy Terrain
|upkeep
|
|t:|1660316936
|switch|p2a: Urshifu|Urshifu-Rapid-Strike, M|100/100
|-damage|p2a: Urshifu|94/100|[from] Stealth Rock
|turn|4
|
|t:|1660316944
|switch|p1a: Wetlands|Swampert, M|35/100
|move|p2a: Urshifu|Surging Strikes|p1a: Wetlands
|-crit|p1a: Wetlands
|-damage|p1a: Wetlands|7/100
|-crit|p1a: Wetlands
|-damage|p1a: Wetlands|0 fnt
|faint|p1a: Wetlands
|-hitcount|p1: Wetlands|2
|
|-weather|RainDance|[upkeep]
|-heal|p2a: Urshifu|100/100|[from] Grassy Terrain
|upkeep
|
|t:|1660316951
|switch|p1a: Litter|Kartana, shiny|100/100
|turn|5
|
|t:|1660316954
|move|p1a: Litter|Knock Off|p2a: Urshifu
|-resisted|p2a: Urshifu
|-damage|p2a: Urshifu|77/100
|-enditem|p2a: Urshifu|Protective Pads|[from] move: Knock Off|[of] p1a: Litter
|move|p2a: Urshifu|Close Combat|p1a: Litter
|-supereffective|p1a: Litter
|-damage|p1a: Litter|0 fnt
|-unboost|p2a: Urshifu|def|1
|-unboost|p2a: Urshifu|spd|1
|faint|p1a: Litter
|
|-weather|none
|-heal|p2a: Urshifu|83/100|[from] Grassy Terrain
|upkeep
|
|t:|1660316965
|switch|p1a: Green Fist|Rillaboom, F|27/100
|turn|6
|
|t:|1660316972
|switch|p2a: Landorus|Landorus-Therian, M|100/100
|-damage|p2a: Landorus|88/100|[from] Stealth Rock
|-ability|p2a: Landorus|Intimidate|boost
|-unboost|p1a: Green Fist|atk|1
|move|p1a: Green Fist|U-turn|p2a: Landorus
|-resisted|p2a: Landorus
|-damage|p2a: Landorus|78/100
|
|t:|1660316976
|switch|p1a: Songbird|Tornadus-Therian, M|100/100|[from]move: U-turn
|
|-heal|p2a: Landorus|84/100|[from] item: Leftovers
|-fieldend|move: Grassy Terrain
|upkeep
|turn|7
|
|t:|1660316982
|move|p1a: Songbird|Icy Wind|p2a: Landorus
|-supereffective|p2a: Landorus
|-damage|p2a: Landorus|25/100
|-unboost|p2a: Landorus|spe|1
|move|p2a: Landorus|Defog|p1a: Songbird
|-unboost|p1a: Songbird|evasion|1
|-sideend|p2: okaybears|Stealth Rock|[from] move: Defog|[of] p2a: Landorus
|
|-heal|p2a: Landorus|31/100|[from] item: Leftovers
|upkeep
|turn|8
|
|t:|1660316995
|switch|p2a: Clefable|Clefable, M|100/100
|move|p1a: Songbird|U-turn|p2a: Clefable
|-resisted|p2a: Clefable
|-damage|p2a: Clefable|95/100
|
|t:|1660316997
|switch|p1a: Bisharp|Bisharp, M|100/100|[from]move: U-turn
|
|-heal|p2a: Clefable|100/100|[from] item: Leftovers
|upkeep
|turn|9
|
|t:|1660317001
|switch|p2a: Urshifu|Urshifu-Rapid-Strike, M|83/100
|move|p1a: Bisharp|Iron Head|p2a: Urshifu
|-resisted|p2a: Urshifu
|-damage|p2a: Urshifu|52/100
|
|upkeep
|turn|10
|
|t:|1660317007
|switch|p1a: Songbird|Tornadus-Therian, M|100/100
|move|p2a: Urshifu|Surging Strikes|p1a: Songbird
|-crit|p1a: Songbird
|-damage|p1a: Songbird|81/100
|-crit|p1a: Songbird
|-damage|p1a: Songbird|60/100
|-crit|p1a: Songbird
|-damage|p1a: Songbird|40/100
|-hitcount|p1a: Songbird|3
|
|upkeep
|turn|11
|
|t:|1660317012
|switch|p2a: Clefable|Clefable, M|100/100
|move|p1a: Songbird|U-turn|p2a: Clefable
|-resisted|p2a: Clefable
|-damage|p2a: Clefable|95/100
|
|t:|1660317013
|switch|p1a: Bisharp|Bisharp, M|100/100|[from]move: U-turn
|
|-heal|p2a: Clefable|100/100|[from] item: Leftovers
|upkeep
|turn|12
|
|t:|1660317023
|switch|p2a: Urshifu|Urshifu-Rapid-Strike, M|52/100
|move|p1a: Bisharp|Iron Head|p2a: Urshifu
|-resisted|p2a: Urshifu
|-damage|p2a: Urshifu|21/100
|
|upkeep
|turn|13
|
|t:|1660317034
|switch|p1a: Songbird|Tornadus-Therian, M|73/100
|move|p2a: Urshifu|Surging Strikes|p1a: Songbird
|-crit|p1a: Songbird
|-damage|p1a: Songbird|55/100
|-crit|p1a: Songbird
|-damage|p1a: Songbird|35/100
|-crit|p1a: Songbird
|-damage|p1a: Songbird|13/100
|-hitcount|p1a: Songbird|3
|
|upkeep
|turn|14
|
|t:|1660317039
|switch|p1a: Green Fist|Rillaboom, F|27/100
|-fieldstart|move: Grassy Terrain|[from] ability: Grassy Surge|[of] p1a: Green Fist
|move|p2a: Urshifu|Aqua Jet|p1a: Green Fist
|-resisted|p1a: Green Fist
|-damage|p1a: Green Fist|15/100
|
|-heal|p2a: Urshifu|27/100|[from] Grassy Terrain
|-heal|p1a: Green Fist|22/100|[from] Grassy Terrain
|upkeep
|turn|15
|
|t:|1660317045
|switch|p2a: Dragonite|Dragonite, M|100/100
|move|p1a: Green Fist|Grassy Glide|p2a: Dragonite
|-resisted|p2a: Dragonite
|-damage|p2a: Dragonite|93/100
|
|-heal|p1a: Green Fist|28/100|[from] Grassy Terrain
|upkeep
|turn|16
|
|t:|1660317056
|switch|p1a: Forest Fire|Victini|100/100
|move|p2a: Dragonite|Surf|p1a: Forest Fire
|-supereffective|p1a: Forest Fire
|-damage|p1a: Forest Fire|60/100
|
|-heal|p1a: Forest Fire|66/100|[from] Grassy Terrain
|upkeep
|turn|17
|
|t:|1660317076
|switch|p2a: Pelipper|Pelipper, M|100/100
|-weather|RainDance|[from] ability: Drizzle|[of] p2a: Pelipper
|move|p1a: Forest Fire|U-turn|p2a: Pelipper
|-resisted|p2a: Pelipper
|-damage|p2a: Pelipper|88/100
|
|t:|1660317082
|switch|p1a: Bisharp|Bisharp, M|100/100|[from]move: U-turn
|
|-weather|RainDance|[upkeep]
|upkeep
|turn|18
|
|t:|1660317089
|switch|p2a: Dragonite|Dragonite, M|93/100
|move|p1a: Bisharp|Knock Off|p2a: Dragonite
|-damage|p2a: Dragonite|29/100
|-enditem|p2a: Dragonite|Heavy-Duty Boots|[from] move: Knock Off|[of] p1a: Bisharp
|
|-weather|RainDance|[upkeep]
|-fieldend|move: Grassy Terrain
|upkeep
|turn|19
|
|t:|1660317098
|switch|p2a: Clefable|Clefable, M|100/100
|move|p1a: Bisharp|Knock Off|p2a: Clefable
|-resisted|p2a: Clefable
|-damage|p2a: Clefable|70/100
|-enditem|p2a: Clefable|Leftovers|[from] move: Knock Off|[of] p1a: Bisharp
|
|-weather|RainDance|[upkeep]
|upkeep
|turn|20
|
|t:|1660317106
|switch|p1a: Forest Fire|Victini|66/100
|move|p2a: Clefable|Thunder|p1a: Forest Fire
|-damage|p1a: Forest Fire|41/100
|
|-weather|RainDance|[upkeep]
|upkeep
|turn|21
|
|t:|1660317112
|switch|p1a: Bisharp|Bisharp, M|100/100
|move|p2a: Clefable|Soft-Boiled|p2a: Clefable
|-heal|p2a: Clefable|100/100
|
|-weather|none
|upkeep
|turn|22
|
|t:|1660317127
|switch|p2a: Landorus|Landorus-Therian, M|31/100
|-ability|p2a: Landorus|Intimidate|boost
|-unboost|p1a: Bisharp|atk|1
|-ability|p1a: Bisharp|Defiant
|-boost|p1a: Bisharp|atk|2
|move|p1a: Bisharp|Iron Head|p2a: Landorus
|-damage|p2a: Landorus|0 fnt
|faint|p2a: Landorus
|
|upkeep
|
|t:|1660317129
|switch|p2a: Urshifu|Urshifu-Rapid-Strike, M|27/100
|turn|23
|
|t:|1660317133
|switch|p1a: Songbird|Tornadus-Therian, M|46/100
|move|p2a: Urshifu|Close Combat|p1a: Songbird
|-resisted|p1a: Songbird
|-damage|p1a: Songbird|17/100
|-unboost|p2a: Urshifu|def|1
|-unboost|p2a: Urshifu|spd|1
|
|upkeep
|turn|24
|
|t:|1660317137
|switch|p1a: Green Fist|Rillaboom, F|28/100
|-fieldstart|move: Grassy Terrain|[from] ability: Grassy Surge|[of] p1a: Green Fist
|move|p2a: Urshifu|Aqua Jet|p1a: Green Fist
|-resisted|p1a: Green Fist
|-damage|p1a: Green Fist|16/100
|
|-heal|p2a: Urshifu|33/100|[from] Grassy Terrain
|-heal|p1a: Green Fist|22/100|[from] Grassy Terrain
|upkeep
|turn|25
|
|t:|1660317143
|switch|p2a: Dragonite|Dragonite, M|29/100
|move|p1a: Green Fist|Grassy Glide|p2a: Dragonite
|-resisted|p2a: Dragonite
|-damage|p2a: Dragonite|15/100
|
|-heal|p1a: Green Fist|29/100|[from] Grassy Terrain
|upkeep
|turn|26
|
|t:|1660317148
|move|p1a: Green Fist|Grassy Glide|p2a: Dragonite
|-resisted|p2a: Dragonite
|-damage|p2a: Dragonite|1/100
|move|p2a: Dragonite|Roost|p2a: Dragonite
|-heal|p2a: Dragonite|51/100
|-singleturn|p2a: Dragonite|move: Roost
|
|-heal|p1a: Green Fist|35/100|[from] Grassy Terrain
|-heal|p2a: Dragonite|57/100|[from] Grassy Terrain
|upkeep
|turn|27
|
|t:|1660317155
|switch|p1a: Bisharp|Bisharp, M|100/100
|move|p2a: Dragonite|Roost|p2a: Dragonite
|-heal|p2a: Dragonite|100/100
|-singleturn|p2a: Dragonite|move: Roost
|
|upkeep
|turn|28
|
|t:|1660317168
|move|p1a: Bisharp|Iron Head|p2a: Dragonite
|-damage|p2a: Dragonite|76/100
|cant|p2a: Dragonite|flinch
|
|-fieldend|move: Grassy Terrain
|upkeep
|turn|29
|
|t:|1660317173
|switch|p2a: Urshifu|Urshifu-Rapid-Strike, M|33/100
|move|p1a: Bisharp|Iron Head|p2a: Urshifu
|-resisted|p2a: Urshifu
|-damage|p2a: Urshifu|1/100
|
|upkeep
|turn|30
|
|t:|1660317179
|switch|p1a: Songbird|Tornadus-Therian, M|50/100
|move|p2a: Urshifu|Close Combat|p1a: Songbird
|-resisted|p1a: Songbird
|-damage|p1a: Songbird|19/100
|-unboost|p2a: Urshifu|def|1
|-unboost|p2a: Urshifu|spd|1
|
|upkeep
|turn|31
|
|t:|1660317183
|move|p2a: Urshifu|Aqua Jet|p1a: Songbird
|-crit|p1a: Songbird
|-damage|p1a: Songbird|0 fnt
|faint|p1a: Songbird
|
|upkeep
|
|t:|1660317186
|switch|p1a: Green Fist|Rillaboom, F|35/100
|-fieldstart|move: Grassy Terrain|[from] ability: Grassy Surge|[of] p1a: Green Fist
|turn|32
|
|t:|1660317193
|switch|p2a: Dragonite|Dragonite, M|76/100
|move|p1a: Green Fist|U-turn|p2a: Dragonite
|-resisted|p2a: Dragonite
|-damage|p2a: Dragonite|62/100
|
|t:|1660317195
|switch|p1a: Bisharp|Bisharp, M|100/100|[from]move: U-turn
|
|upkeep
|turn|33
|
|t:|1660317214
|move|p1a: Bisharp|Iron Head|p2a: Dragonite
|-damage|p2a: Dragonite|15/100
|move|p2a: Dragonite|Roost|p2a: Dragonite
|-heal|p2a: Dragonite|65/100
|-singleturn|p2a: Dragonite|move: Roost
|
|-heal|p2a: Dragonite|71/100|[from] Grassy Terrain
|upkeep
|turn|34
|
|t:|1660317222
|switch|p2a: Pelipper|Pelipper, M|88/100
|-weather|RainDance|[from] ability: Drizzle|[of] p2a: Pelipper
|move|p1a: Bisharp|Iron Head|p2a: Pelipper
|-resisted|p2a: Pelipper
|-damage|p2a: Pelipper|43/100
|
|-weather|RainDance|[upkeep]
|upkeep
|turn|35
|
|t:|1660317228
|move|p1a: Bisharp|Iron Head|p2a: Pelipper
|-resisted|p2a: Pelipper
|-damage|p2a: Pelipper|3/100
|cant|p2a: Pelipper|flinch
|
|-weather|RainDance|[upkeep]
|upkeep
|turn|36
|
|t:|1660317232
|move|p1a: Bisharp|Iron Head|p2a: Pelipper
|-resisted|p2a: Pelipper
|-damage|p2a: Pelipper|0 fnt
|faint|p2a: Pelipper
|
|-weather|RainDance|[upkeep]
|-fieldend|move: Grassy Terrain
|upkeep
|
|t:|1660317234
|switch|p2a: Urshifu|Urshifu-Rapid-Strike, M|1/100
|turn|37
|j| Heaven's Boar
|
|t:|1660317240
|switch|p1a: Forest Fire|Victini|41/100
|move|p2a: Urshifu|Surging Strikes|p1a: Forest Fire
|-supereffective|p1a: Forest Fire
|-crit|p1a: Forest Fire
|-damage|p1a: Forest Fire|0 fnt
|faint|p1a: Forest Fire
|-hitcount|p1: Forest Fire|1
|
|-weather|RainDance|[upkeep]
|upkeep
|
|t:|1660317242
|switch|p1a: Green Fist|Rillaboom, F|35/100
|-fieldstart|move: Grassy Terrain|[from] ability: Grassy Surge|[of] p1a: Green Fist
|turn|38
|
|t:|1660317246
|switch|p2a: Dragonite|Dragonite, M|71/100
|move|p1a: Green Fist|U-turn|p2a: Dragonite
|-resisted|p2a: Dragonite
|-damage|p2a: Dragonite|58/100
|
|t:|1660317248
|switch|p1a: Bisharp|Bisharp, M|100/100|[from]move: U-turn
|
|-weather|none
|upkeep
|turn|39
|
|t:|1660317251
|switch|p2a: Clefable|Clefable, M|100/100
|move|p1a: Bisharp|Iron Head|p2a: Clefable
|-supereffective|p2a: Clefable
|-damage|p2a: Clefable|0 fnt
|faint|p2a: Clefable
|
|upkeep
|
|t:|1660317253
|switch|p2a: Urshifu|Urshifu-Rapid-Strike, M|1/100
|turn|40
|
|t:|1660317256
|switch|p1a: Green Fist|Rillaboom, F|35/100
|move|p2a: Urshifu|Close Combat|p1a: Green Fist
|-crit|p1a: Green Fist
|-damage|p1a: Green Fist|0 fnt
|-unboost|p2a: Urshifu|def|1
|-unboost|p2a: Urshifu|spd|1
|faint|p1a: Green Fist
|
|-heal|p2a: Urshifu|8/100|[from] Grassy Terrain
|upkeep
|
|t:|1660317258
|switch|p1a: Bisharp|Bisharp, M|100/100
|turn|41
|
|t:|1660317261
|move|p1a: Bisharp|Sucker Punch|p2a: Urshifu
|-resisted|p2a: Urshifu
|-damage|p2a: Urshifu|0 fnt
|faint|p2a: Urshifu
|
|upkeep
|
|t:|1660317263
|switch|p2a: Dragonite|Dragonite, M|58/100
|turn|42
|
|t:|1660317265
|move|p1a: Bisharp|Sucker Punch||[still]
|-fail|p1a: Bisharp
|move|p2a: Dragonite|Roost|p2a: Dragonite
|-heal|p2a: Dragonite|100/100
|-singleturn|p2a: Dragonite|move: Roost
|
|-fieldend|move: Grassy Terrain
|upkeep
|turn|43
|
|t:|1660317268
|move|p1a: Bisharp|Sucker Punch||[still]
|-fail|p1a: Bisharp
|move|p2a: Dragonite|Heal Bell||[still]
|-activate|p2a: Dragonite|move: Heal Bell
|-fail|p2a: Dragonite
|
|upkeep
|turn|44
|
|t:|1660317271
|move|p1a: Bisharp|Sucker Punch|p2a: Dragonite
|-damage|p2a: Dragonite|80/100
|move|p2a: Dragonite|Surf|p1a: Bisharp
|-damage|p1a: Bisharp|68/100
|
|upkeep
|turn|45
|
|t:|1660317275
|move|p1a: Bisharp|Sucker Punch||[still]
|-fail|p1a: Bisharp
|move|p2a: Dragonite|Roost|p2a: Dragonite
|-heal|p2a: Dragonite|100/100
|-singleturn|p2a: Dragonite|move: Roost
|
|upkeep
|turn|46
|-message|2(H2O) forfeited.
|
|win|okaybears
|raw|2(H2O)'s rating: 1571 &rarr; <strong>1553</strong><br />(-18 for losing)
|raw|okaybears's rating: 1606 &rarr; <strong>1624</strong><br />(+18 for winning)
|l|☆2(H2O)
