|raw|<div class="broadcast-blue"><strong>This battle is required to be public due to a player having a name starting with 'LT73IU'.</div>
|j|‽LT73IU Pato
|j|☆ezwz
|t:|1598460835
|player|p1|LT73IU Pato|dawn|1858
|player|p2|ezwz|youngster-gen4|1877
|teamsize|p1|6
|teamsize|p2|6
|gametype|singles
|gen|8
|tier|[Gen 8] OU
|rated|
|clearpoke
|poke|p1|Zeraora|
|poke|p1|Excadrill, M|
|poke|p1|Rillaboom, M|
|poke|p1|Volcarona, M|
|poke|p1|Urshifu-*, M|
|poke|p1|Azumarill, M|
|poke|p2|Excadrill, F|
|poke|p2|Ferrothorn, F|
|poke|p2|Volcarona, F|
|poke|p2|Primarina, F|
|poke|p2|Clefable, F|
|poke|p2|Hydreigon, M|
|rule|Sleep Clause Mod: Limit one foe put to sleep
|rule|Species Clause: Limit one of each Pokémon
|rule|OHKO Clause: OHKO moves are banned
|rule|Evasion Moves Clause: Evasion moves are banned
|rule|Endless Battle Clause: Forcing endless battles is banned
|rule|HP Percentage Mod: HP is shown in percentages
|rule|Dynamax Clause: You cannot dynamax
|teampreview
|j| LowGxeDoritos
|j| SmallDicedOnion
|
|t:|1598460859
|start
|switch|p1a: Urshifu|Urshifu, M|100/100
|switch|p2a: Ferrothorn|Ferrothorn, F|100/100
|turn|1
|
|t:|1598460870
|move|p1a: Urshifu|Bulk Up|p1a: Urshifu
|-boost|p1a: Urshifu|atk|1
|-boost|p1a: Urshifu|def|1
|move|p2a: Ferrothorn|Body Press|p1a: Urshifu
|-supereffective|p1a: Urshifu
|-damage|p1a: Urshifu|59/100
|
|upkeep
|turn|2
|
|t:|1598460879
|move|p1a: Urshifu|Wicked Blow|p2a: Ferrothorn
|-crit|p2a: Ferrothorn
|-damage|p2a: Ferrothorn|25/100
|-damage|p1a: Urshifu|47/100|[from] ability: Iron Barbs|[of] p2a: Ferrothorn
|-damage|p1a: Urshifu|37/100|[from] item: Life Orb
|move|p2a: Ferrothorn|Leech Seed|p1a: Urshifu
|-start|p1a: Urshifu|move: Leech Seed
|
|-heal|p2a: Ferrothorn|31/100|[from] item: Leftovers
|-damage|p1a: Urshifu|24/100|[from] Leech Seed|[of] p2a: Ferrothorn
|-heal|p2a: Ferrothorn|43/100|[silent]
|upkeep
|turn|3
|
|t:|1598460882
|switch|p2a: Hydreigon|Hydreigon, M|100/100
|move|p1a: Urshifu|Wicked Blow|p2a: Hydreigon
|-resisted|p2a: Hydreigon
|-crit|p2a: Hydreigon
|-damage|p2a: Hydreigon|30/100
|-damage|p1a: Urshifu|15/100|[from] item: Life Orb
|
|-damage|p1a: Urshifu|2/100|[from] Leech Seed|[of] p2a: Hydreigon
|-heal|p2a: Hydreigon|43/100|[silent]
|upkeep
|turn|4
|
|t:|1598460887
|move|p2a: Hydreigon|Nasty Plot|p2a: Hydreigon
|-boost|p2a: Hydreigon|spa|2
|move|p1a: Urshifu|Poison Jab|p2a: Hydreigon
|-damage|p2a: Hydreigon|0 fnt
|-damage|p1a: Urshifu|0 fnt|[from] item: Life Orb
|faint|p2a: Hydreigon
|faint|p1a: Urshifu
|
|upkeep
|j| Livio ElTito
|j| THE LAST WEAPON
|j| LT73IU Kappucci
|
|t:|1598460900
|switch|p2a: Excadrill|Excadrill, F|100/100
|switch|p1a: Zeraora|Zeraora, shiny|100/100
|-ability|p2a: Excadrill|Mold Breaker
|turn|5
|
|t:|1598460906
|switch|p2a: Volcarona|Volcarona, F|100/100
|move|p1a: Zeraora|Close Combat|p2a: Volcarona
|-resisted|p2a: Volcarona
|-damage|p2a: Volcarona|69/100
|-unboost|p1a: Zeraora|def|1
|-unboost|p1a: Zeraora|spd|1
|
|upkeep
|turn|6
|j| UltraTinkle
|
|t:|1598460912
|move|p1a: Zeraora|Volt Switch|p2a: Volcarona
|-damage|p2a: Volcarona|43/100
|
|t:|1598460914
|switch|p1a: Azumarill|Azumarill, M|100/100|[from]move: Volt Switch
|move|p2a: Volcarona|Roost|p2a: Volcarona
|-heal|p2a: Volcarona|93/100
|-singleturn|p2a: Volcarona|move: Roost
|
|upkeep
|turn|7
|l| LowGxeDoritos
|
|t:|1598460926
|switch|p2a: Ferrothorn|Ferrothorn, F|43/100
|move|p1a: Azumarill|Whirlpool|p2a: Ferrothorn
|-resisted|p2a: Ferrothorn
|-damage|p2a: Ferrothorn|39/100
|-activate|p2a: Ferrothorn|move: Whirlpool|[of] p1a: Azumarill
|
|-heal|p2a: Ferrothorn|46/100|[from] item: Leftovers
|-damage|p2a: Ferrothorn|33/100|[from] move: Whirlpool|[partiallytrapped]
|upkeep
|turn|8
|
|t:|1598460933
|move|p1a: Azumarill|Perish Song|p1a: Azumarill
|-start|p1a: Azumarill|perish3|[silent]
|-start|p2a: Ferrothorn|perish3|[silent]
|-fieldactivate|move: Perish Song
|move|p2a: Ferrothorn|Spikes|p1a: Azumarill
|-sidestart|p1: LT73IU Pato|Spikes
|
|-heal|p2a: Ferrothorn|39/100|[from] item: Leftovers
|-damage|p2a: Ferrothorn|27/100|[from] move: Whirlpool|[partiallytrapped]
|-start|p1a: Azumarill|perish3
|-start|p2a: Ferrothorn|perish3
|upkeep
|turn|9
|
|t:|1598460935
|move|p1a: Azumarill|Whirlpool|p2a: Ferrothorn
|-resisted|p2a: Ferrothorn
|-damage|p2a: Ferrothorn|23/100
|move|p2a: Ferrothorn|Spikes|p1a: Azumarill
|-sidestart|p1: LT73IU Pato|Spikes
|
|-heal|p2a: Ferrothorn|29/100|[from] item: Leftovers
|-damage|p2a: Ferrothorn|17/100|[from] move: Whirlpool|[partiallytrapped]
|-start|p1a: Azumarill|perish2
|-start|p2a: Ferrothorn|perish2
|upkeep
|turn|10
|
|t:|1598460939
|move|p1a: Azumarill|Whirlpool|p2a: Ferrothorn
|-resisted|p2a: Ferrothorn
|-damage|p2a: Ferrothorn|13/100
|move|p2a: Ferrothorn|Spikes|p1a: Azumarill
|-sidestart|p1: LT73IU Pato|Spikes
|
|-heal|p2a: Ferrothorn|19/100|[from] item: Leftovers
|-damage|p2a: Ferrothorn|7/100|[from] move: Whirlpool|[partiallytrapped]
|-start|p1a: Azumarill|perish1
|-start|p2a: Ferrothorn|perish1
|upkeep
|turn|11
|j| LowGxeDoritos
|j| Lotus64
|
|t:|1598460949
|switch|p1a: Volcarona|Volcarona, M, shiny|100/100
|move|p2a: Ferrothorn|Body Press|p1a: Volcarona
|-resisted|p1a: Volcarona
|-damage|p1a: Volcarona|87/100
|
|-heal|p2a: Ferrothorn|13/100|[from] item: Leftovers
|-end|p2a: Ferrothorn|Whirlpool|[partiallytrapped]
|-start|p2a: Ferrothorn|perish0
|upkeep
|faint|p2a: Ferrothorn
|l| Lotus64
|
|t:|1598460958
|switch|p2a: Volcarona|Volcarona, F|93/100
|turn|12
|
|t:|1598460965
|switch|p1a: Azumarill|Azumarill, M|100/100
|-damage|p1a: Azumarill|75/100|[from] Spikes
|move|p2a: Volcarona|Quiver Dance|p2a: Volcarona
|-boost|p2a: Volcarona|spa|1
|-boost|p2a: Volcarona|spd|1
|-boost|p2a: Volcarona|spe|1
|
|-heal|p1a: Azumarill|82/100|[from] item: Leftovers
|upkeep
|turn|13
|
|t:|1598460972
|switch|p2a: Excadrill|Excadrill, F|100/100
|-ability|p2a: Excadrill|Mold Breaker
|move|p1a: Azumarill|Whirlpool|p2a: Excadrill
|-supereffective|p2a: Excadrill
|-damage|p2a: Excadrill|85/100
|-activate|p2a: Excadrill|move: Whirlpool|[of] p1a: Azumarill
|
|-heal|p2a: Excadrill|91/100|[from] item: Leftovers
|-heal|p1a: Azumarill|88/100|[from] item: Leftovers
|-damage|p2a: Excadrill|79/100|[from] move: Whirlpool|[partiallytrapped]
|upkeep
|turn|14
|
|t:|1598460977
|switch|p1a: Rillaboom|Rillaboom, M|100/100
|-damage|p1a: Rillaboom|76/100|[from] Spikes
|-fieldstart|move: Grassy Terrain|[from] ability: Grassy Surge|[of] p1a: Rillaboom
|move|p2a: Excadrill|Iron Head|p1a: Rillaboom
|-damage|p1a: Rillaboom|35/100
|
|-heal|p2a: Excadrill|85/100|[from] item: Leftovers
|-heal|p2a: Excadrill|91/100|[from] Grassy Terrain
|-heal|p1a: Rillaboom|41/100|[from] Grassy Terrain
|-end|p2a: Excadrill|Whirlpool|[partiallytrapped]|[silent]
|upkeep
|turn|15
|
|t:|1598460999
|switch|p1a: Azumarill|Azumarill, M|88/100
|-damage|p1a: Azumarill|63/100|[from] Spikes
|move|p2a: Excadrill|Iron Head|p1a: Azumarill
|-damage|p1a: Azumarill|38/100
|
|-heal|p2a: Excadrill|97/100|[from] item: Leftovers
|-heal|p2a: Excadrill|100/100|[from] Grassy Terrain
|-heal|p1a: Azumarill|45/100|[from] item: Leftovers
|-heal|p1a: Azumarill|51/100|[from] Grassy Terrain
|upkeep
|turn|16
|
|t:|1598461009
|switch|p1a: Volcarona|Volcarona, M, shiny|87/100
|move|p2a: Excadrill|Iron Head|p1a: Volcarona
|-resisted|p1a: Volcarona
|-damage|p1a: Volcarona|69/100
|
|-heal|p1a: Volcarona|75/100|[from] Grassy Terrain
|upkeep
|turn|17
|
|t:|1598461013
|switch|p2a: Primarina|Primarina, F|100/100
|switch|p1a: Excadrill|Excadrill, M, shiny|100/100
|-damage|p1a: Excadrill|75/100|[from] Spikes
|-ability|p1a: Excadrill|Mold Breaker
|
|-heal|p1a: Excadrill|82/100|[from] item: Leftovers
|-heal|p1a: Excadrill|88/100|[from] Grassy Terrain
|upkeep
|turn|18
|
|t:|1598461019
|move|p1a: Excadrill|Rapid Spin|p2a: Primarina
|-damage|p2a: Primarina|86/100
|-boost|p1a: Excadrill|spe|1
|-sideend|p1: LT73IU Pato|Spikes|[from] move: Rapid Spin|[of] p1a: Excadrill
|move|p2a: Primarina|Scald|p1a: Excadrill
|-supereffective|p1a: Excadrill
|-damage|p1a: Excadrill|26/100
|
|-heal|p1a: Excadrill|33/100|[from] item: Leftovers
|-heal|p1a: Excadrill|39/100|[from] Grassy Terrain
|-heal|p2a: Primarina|93/100|[from] item: Leftovers
|-heal|p2a: Primarina|99/100|[from] Grassy Terrain
|-fieldend|move: Grassy Terrain
|upkeep
|turn|19
|
|t:|1598461023
|move|p1a: Excadrill|Toxic|p2a: Primarina
|-status|p2a: Primarina|tox
|move|p2a: Primarina|Scald|p1a: Excadrill
|-supereffective|p1a: Excadrill
|-damage|p1a: Excadrill|0 fnt
|faint|p1a: Excadrill
|
|-heal|p2a: Primarina|100/100 tox|[from] item: Leftovers
|-damage|p2a: Primarina|94/100 tox|[from] psn
|upkeep
|
|t:|1598461027
|switch|p1a: Zeraora|Zeraora, shiny|100/100
|turn|20
|j| 1rcc
|
|t:|1598461035
|switch|p2a: Excadrill|Excadrill, F|100/100
|-ability|p2a: Excadrill|Mold Breaker
|move|p1a: Zeraora|Volt Switch|p2a: Excadrill
|-immune|p2a: Excadrill
|
|upkeep
|turn|21
|
|t:|1598461044
|switch|p2a: Clefable|Clefable, F|100/100
|move|p1a: Zeraora|Close Combat|p2a: Clefable
|-resisted|p2a: Clefable
|-damage|p2a: Clefable|87/100
|-unboost|p1a: Zeraora|def|1
|-unboost|p1a: Zeraora|spd|1
|
|upkeep
|turn|22
|l| 1rcc
|
|t:|1598461047
|move|p1a: Zeraora|Knock Off|p2a: Clefable
|-resisted|p2a: Clefable
|-damage|p2a: Clefable|75/100
|-enditem|p2a: Clefable|Sticky Barb|[from] move: Knock Off|[of] p1a: Zeraora
|move|p2a: Clefable|Trick|p1a: Zeraora
|-activate|p2a: Clefable|move: Trick|[of] p1a: Zeraora
|-enditem|p1a: Zeraora|Expert Belt|[silent]|[from] move: Trick
|-item|p2a: Clefable|Expert Belt|[from] move: Trick
|
|upkeep
|turn|23
|l| LowGxeDoritos
|
|t:|1598461065
|switch|p2a: Excadrill|Excadrill, F|100/100
|-ability|p2a: Excadrill|Mold Breaker
|move|p1a: Zeraora|Volt Switch|p2a: Excadrill
|-immune|p2a: Excadrill
|
|upkeep
|turn|24
|
|t:|1598461068
|switch|p2a: Volcarona|Volcarona, F|93/100
|move|p1a: Zeraora|Close Combat|p2a: Volcarona
|-resisted|p2a: Volcarona
|-damage|p2a: Volcarona|65/100
|-unboost|p1a: Zeraora|def|1
|-unboost|p1a: Zeraora|spd|1
|
|upkeep
|turn|25
|
|t:|1598461072
|move|p1a: Zeraora|Volt Switch|p2a: Volcarona
|-damage|p2a: Volcarona|39/100
|
|t:|1598461074
|switch|p1a: Azumarill|Azumarill, M|51/100|[from]move: Volt Switch
|move|p2a: Volcarona|Roost|p2a: Volcarona
|-heal|p2a: Volcarona|90/100
|-singleturn|p2a: Volcarona|move: Roost
|
|-heal|p1a: Azumarill|57/100|[from] item: Leftovers
|upkeep
|turn|26
|
|t:|1598461081
|switch|p2a: Excadrill|Excadrill, F|100/100
|-ability|p2a: Excadrill|Mold Breaker
|move|p1a: Azumarill|Whirlpool|p2a: Excadrill
|-supereffective|p2a: Excadrill
|-damage|p2a: Excadrill|84/100
|-activate|p2a: Excadrill|move: Whirlpool|[of] p1a: Azumarill
|
|-heal|p2a: Excadrill|90/100|[from] item: Leftovers
|-heal|p1a: Azumarill|63/100|[from] item: Leftovers
|-damage|p2a: Excadrill|77/100|[from] move: Whirlpool|[partiallytrapped]
|upkeep
|turn|27
|
|t:|1598461085
|move|p2a: Excadrill|Stealth Rock|p1a: Azumarill
|-sidestart|p1: LT73IU Pato|move: Stealth Rock
|move|p1a: Azumarill|Perish Song|p1a: Azumarill
|-start|p1a: Azumarill|perish3|[silent]
|-start|p2a: Excadrill|perish3|[silent]
|-fieldactivate|move: Perish Song
|
|-heal|p2a: Excadrill|83/100|[from] item: Leftovers
|-heal|p1a: Azumarill|69/100|[from] item: Leftovers
|-damage|p2a: Excadrill|71/100|[from] move: Whirlpool|[partiallytrapped]
|-start|p2a: Excadrill|perish3
|-start|p1a: Azumarill|perish3
|upkeep
|turn|28
|
|t:|1598461089
|move|p1a: Azumarill|Protect|p1a: Azumarill
|-singleturn|p1a: Azumarill|Protect
|move|p2a: Excadrill|Earthquake|p1a: Azumarill
|-activate|p1a: Azumarill|move: Protect
|
|-heal|p2a: Excadrill|77/100|[from] item: Leftovers
|-heal|p1a: Azumarill|75/100|[from] item: Leftovers
|-damage|p2a: Excadrill|65/100|[from] move: Whirlpool|[partiallytrapped]
|-start|p2a: Excadrill|perish2
|-start|p1a: Azumarill|perish2
|upkeep
|turn|29
|
|t:|1598461092
|move|p2a: Excadrill|Iron Head|p1a: Azumarill
|-damage|p1a: Azumarill|51/100
|move|p1a: Azumarill|Whirlpool|p2a: Excadrill
|-supereffective|p2a: Excadrill
|-damage|p2a: Excadrill|48/100
|
|-heal|p2a: Excadrill|54/100|[from] item: Leftovers
|-heal|p1a: Azumarill|58/100|[from] item: Leftovers
|-damage|p2a: Excadrill|42/100|[from] move: Whirlpool|[partiallytrapped]
|-start|p2a: Excadrill|perish1
|-start|p1a: Azumarill|perish1
|upkeep
|turn|30
|
|t:|1598461099
|switch|p1a: Rillaboom|Rillaboom, M|41/100
|-damage|p1a: Rillaboom|29/100|[from] Stealth Rock
|-fieldstart|move: Grassy Terrain|[from] ability: Grassy Surge|[of] p1a: Rillaboom
|move|p2a: Excadrill|Earthquake|p1a: Rillaboom
|-resisted|p1a: Rillaboom
|-damage|p1a: Rillaboom|17/100
|
|-heal|p2a: Excadrill|48/100|[from] item: Leftovers
|-heal|p2a: Excadrill|54/100|[from] Grassy Terrain
|-heal|p1a: Rillaboom|23/100|[from] Grassy Terrain
|-end|p2a: Excadrill|Whirlpool|[partiallytrapped]
|-start|p2a: Excadrill|perish0
|upkeep
|faint|p2a: Excadrill
|
|t:|1598461102
|switch|p2a: Volcarona|Volcarona, F|90/100
|turn|31
|j| HAYANE
|l| HAYANE
|j| mind_frayer
|
|t:|1598461127
|switch|p1a: Azumarill|Azumarill, M|58/100
|-damage|p1a: Azumarill|45/100|[from] Stealth Rock
|move|p2a: Volcarona|Fiery Dance|p1a: Azumarill
|-resisted|p1a: Azumarill
|-damage|p1a: Azumarill|22/100
|-boost|p2a: Volcarona|spa|1
|
|-heal|p2a: Volcarona|96/100|[from] Grassy Terrain
|-heal|p1a: Azumarill|28/100|[from] item: Leftovers
|-heal|p1a: Azumarill|35/100|[from] Grassy Terrain
|upkeep
|turn|32
|
|t:|1598461131
|move|p2a: Volcarona|Psychic|p1a: Azumarill
|-damage|p1a: Azumarill|0 fnt
|faint|p1a: Azumarill
|
|-heal|p2a: Volcarona|100/100|[from] Grassy Terrain
|upkeep
|
|t:|1598461135
|switch|p1a: Volcarona|Volcarona, M, shiny|75/100
|turn|33
|
|t:|1598461138
|move|p2a: Volcarona|Quiver Dance|p2a: Volcarona
|-boost|p2a: Volcarona|spa|1
|-boost|p2a: Volcarona|spd|1
|-boost|p2a: Volcarona|spe|1
|move|p1a: Volcarona|Quiver Dance|p1a: Volcarona
|-boost|p1a: Volcarona|spa|1
|-boost|p1a: Volcarona|spd|1
|-boost|p1a: Volcarona|spe|1
|
|-heal|p1a: Volcarona|81/100|[from] Grassy Terrain
|upkeep
|turn|34
|
|t:|1598461140
|move|p2a: Volcarona|Fiery Dance|p1a: Volcarona
|-damage|p1a: Volcarona|31/100
|-boost|p2a: Volcarona|spa|1
|move|p1a: Volcarona|Quiver Dance|p1a: Volcarona
|-boost|p1a: Volcarona|spa|1
|-boost|p1a: Volcarona|spd|1
|-boost|p1a: Volcarona|spe|1
|
|-heal|p1a: Volcarona|37/100|[from] Grassy Terrain
|-fieldend|move: Grassy Terrain
|upkeep
|turn|35
|
|t:|1598461143
|move|p1a: Volcarona|Roost|p1a: Volcarona
|-heal|p1a: Volcarona|87/100
|-singleturn|p1a: Volcarona|move: Roost
|move|p2a: Volcarona|Quiver Dance|p2a: Volcarona
|-boost|p2a: Volcarona|spa|1
|-boost|p2a: Volcarona|spd|1
|-boost|p2a: Volcarona|spe|1
|
|upkeep
|turn|36
|
|t:|1598461145
|move|p2a: Volcarona|Fiery Dance|p1a: Volcarona
|-damage|p1a: Volcarona|33/100
|-boost|p2a: Volcarona|spa|1
|move|p1a: Volcarona|Quiver Dance|p1a: Volcarona
|-boost|p1a: Volcarona|spa|1
|-boost|p1a: Volcarona|spd|1
|-boost|p1a: Volcarona|spe|1
|
|upkeep
|turn|37
|
|t:|1598461150
|move|p2a: Volcarona|Fiery Dance|p1a: Volcarona
|-damage|p1a: Volcarona|0 fnt
|-boost|p2a: Volcarona|spa|1
|faint|p1a: Volcarona
|
|upkeep
|-message|LT73IU Pato forfeited.
|
|win|ezwz
|l|‽LT73IU Pato
|l|☆ezwz
|l| LT73IU Kappucci
|l| mind_frayer
||Ladder (probably) updated, but score could not be retrieved (Request timeout).
|l| UltraTinkle
|l| SmallDicedOnion
|l| THE LAST WEAPON
