|j|☆Sombra Diurna
|j|☆Chokst du
|t:|1655211066
|gametype|singles
|player|p1|Sombra Diurna|blue|1809
|player|p2|Chokst du|266|1831
|teamsize|p1|6
|teamsize|p2|6
|gen|8
|tier|[Gen 8] OU
|rated|
|rule|Sleep Clause Mod: Limit one foe put to sleep
|rule|Species Clause: Limit one of each Pokémon
|rule|OHKO Clause: OHKO moves are banned
|rule|Evasion Moves Clause: Evasion moves are banned
|rule|Endless Battle Clause: Forcing endless battles is banned
|rule|HP Percentage Mod: HP is shown in percentages
|rule|Dynamax Clause: You cannot dynamax
|clearpoke
|poke|p1|Slowbro, F|
|poke|p1|Hatterene, F|
|poke|p1|Marowak-Alola, M|
|poke|p1|Ferrothorn, M|
|poke|p1|Garchomp, M|
|poke|p1|Drampa, F|
|poke|p2|Kartana|
|poke|p2|Urshifu-*, M|
|poke|p2|Heatran, M|
|poke|p2|Clefable, F|
|poke|p2|Tapu Koko|
|poke|p2|Landorus-Therian, M|
|teampreview
|inactive|Battle timer is ON: inactive players will automatically lose when time's up. (requested by Sombra Diurna)
|
|t:|1655211099
|start
|switch|p1a: Falko|Drampa, F|100/100
|switch|p2a: Urshifu|Urshifu-Rapid-Strike, M|100/100
|turn|1
|
|t:|1655211116
|switch|p1a: Sonso|Slowbro, F|100/100
|move|p2a: Urshifu|U-turn|p1a: Sonso
|-supereffective|p1a: Sonso
|-damage|p1a: Sonso|53/100
|inactive|Chokst du has 120 seconds left.
|
|t:|1655211148
|switch|p2a: Kartana|Kartana|100/100|[from]move: U-turn
|
|upkeep
|turn|2
|j| mrwater0083
|
|t:|1655211153
|switch|p1a: Thorns|Ferrothorn, M|100/100
|move|p2a: Kartana|Knock Off|p1a: Thorns
|-damage|p1a: Thorns|49/100
|-damage|p2a: Kartana|88/100|[from] ability: Iron Barbs|[of] p1a: Thorns
|-enditem|p1a: Thorns|Leftovers|[from] move: Knock Off|[of] p2a: Kartana
|
|upkeep
|turn|3
|
|t:|1655211160
|move|p2a: Kartana|Knock Off|p1a: Thorns
|-damage|p1a: Thorns|14/100
|-damage|p2a: Kartana|76/100|[from] ability: Iron Barbs|[of] p1a: Thorns
|move|p1a: Thorns|Gyro Ball|p2a: Kartana
|-resisted|p2a: Kartana
|-crit|p2a: Kartana
|-damage|p2a: Kartana|36/100
|
|upkeep
|turn|4
|j| LudicoloEnthusiast
|
|t:|1655211174
|move|p2a: Kartana|Knock Off|p1a: Thorns
|-damage|p1a: Thorns|0 fnt
|-damage|p2a: Kartana|24/100|[from] ability: Iron Barbs|[of] p1a: Thorns
|faint|p1a: Thorns
|-ability|p2a: Kartana|Beast Boost|boost
|-boost|p2a: Kartana|atk|1
|
|upkeep
|
|t:|1655211184
|switch|p1a: Sonso|Slowbro, F|87/100
|turn|5
|j| union boss
|
|t:|1655211188
|move|p2a: Kartana|Knock Off|p1a: Sonso
|-supereffective|p1a: Sonso
|-enditem|p1a: Sonso|Colbur Berry|[eat]
|-enditem|p1a: Sonso|Colbur Berry|[weaken]
|-damage|p1a: Sonso|31/100
|move|p1a: Sonso|Scald|p2a: Kartana
|-resisted|p2a: Kartana
|-damage|p2a: Kartana|0 fnt
|faint|p2a: Kartana
|
|upkeep
|
|t:|1655211199
|switch|p2a: Urshifu|Urshifu-Rapid-Strike, M|100/100
|turn|6
|
|t:|1655211215
|switch|p1a: Falko|Drampa, F|100/100
|move|p2a: Urshifu|Close Combat|p1a: Falko
|-supereffective|p1a: Falko
|-damage|p1a: Falko|0 fnt
|-unboost|p2a: Urshifu|def|1
|-unboost|p2a: Urshifu|spd|1
|faint|p1a: Falko
|
|upkeep
|
|t:|1655211223
|switch|p1a: Billy B.|Marowak-Alola, M|100/100
|turn|7
|
|t:|1655211227
|switch|p2a: Landorus|Landorus-Therian, M|100/100
|-ability|p2a: Landorus|Intimidate|boost
|-unboost|p1a: Billy B.|atk|1
|move|p1a: Billy B.|Poltergeist|p2a: Landorus
|-activate|p2a: Landorus|move: Poltergeist|Leftovers
|-damage|p2a: Landorus|60/100
|
|-heal|p2a: Landorus|66/100|[from] item: Leftovers
|upkeep
|turn|8
|
|t:|1655211237
|switch|p1a: Sonso|Slowbro, F|64/100
|move|p2a: Landorus|Earth Power|p1a: Sonso
|-damage|p1a: Sonso|28/100
|
|-heal|p2a: Landorus|72/100|[from] item: Leftovers
|upkeep
|turn|9
|
|t:|1655211245
|switch|p1a: Hatterene|Hatterene, F|100/100
|move|p2a: Landorus|Earth Power|p1a: Hatterene
|-damage|p1a: Hatterene|74/100
|
|-heal|p2a: Landorus|78/100|[from] item: Leftovers
|upkeep
|turn|10
|j| yuchigang
|
|t:|1655211256
|move|p2a: Landorus|U-turn|p1a: Hatterene
|-damage|p1a: Hatterene|52/100
|
|t:|1655211259
|switch|p2a: Heatran|Heatran, M|100/100|[from]move: U-turn
|move|p1a: Hatterene|Trick Room|p1a: Hatterene
|-fieldstart|move: Trick Room|[of] p1a: Hatterene
|
|upkeep
|turn|11
|
|t:|1655211268
|switch|p1a: Sonso|Slowbro, F|61/100
|move|p2a: Heatran|Stealth Rock|p1a: Sonso
|-sidestart|p1: Sombra Diurna|move: Stealth Rock
|
|upkeep
|turn|12
|
|t:|1655211275
|move|p1a: Sonso|Scald|p2a: Heatran
|-supereffective|p2a: Heatran
|-damage|p2a: Heatran|64/100
|move|p2a: Heatran|Toxic|p1a: Sonso
|-status|p1a: Sonso|tox
|
|-heal|p2a: Heatran|70/100|[from] item: Leftovers
|-damage|p1a: Sonso|55/100 tox|[from] psn
|upkeep
|turn|13
|
|t:|1655211284
|move|p1a: Sonso|Body Press|p2a: Heatran
|-supereffective|p2a: Heatran
|-damage|p2a: Heatran|26/100
|move|p2a: Heatran|Magma Storm|p1a: Sonso
|-resisted|p1a: Sonso
|-damage|p1a: Sonso|31/100 tox
|-activate|p1a: Sonso|move: Magma Storm|[of] p2a: Heatran
|
|-heal|p2a: Heatran|32/100|[from] item: Leftovers
|-damage|p1a: Sonso|19/100 tox|[from] psn
|-damage|p1a: Sonso|7/100 tox|[from] move: Magma Storm|[partiallytrapped]
|upkeep
|turn|14
|j| Heeuehehehrh
|
|t:|1655211304
|move|p1a: Sonso|Slack Off|p1a: Sonso
|-heal|p1a: Sonso|57/100 tox
|move|p2a: Heatran|Earth Power|p1a: Sonso
|-damage|p1a: Sonso|28/100 tox
|
|-heal|p2a: Heatran|38/100|[from] item: Leftovers
|-damage|p1a: Sonso|10/100 tox|[from] psn
|-damage|p1a: Sonso|0 fnt|[from] move: Magma Storm|[partiallytrapped]
|faint|p1a: Sonso
|-fieldend|move: Trick Room
|upkeep
|j| ghs777
|inactive|Sombra Diurna has 120 seconds left.
|
|t:|1655211338
|switch|p1a: Sharpo|Garchomp, M|100/100
|-damage|p1a: Sharpo|94/100|[from] Stealth Rock
|turn|15
|
|t:|1655211342
|move|p1a: Sharpo|Swords Dance|p1a: Sharpo
|-boost|p1a: Sharpo|atk|2
|move|p2a: Heatran|Toxic|p1a: Sharpo
|-status|p1a: Sharpo|tox
|
|-heal|p1a: Sharpo|100/100 tox|[from] item: Leftovers
|-heal|p2a: Heatran|45/100|[from] item: Leftovers
|-damage|p1a: Sharpo|94/100 tox|[from] psn
|upkeep
|turn|16
|
|t:|1655211357
|switch|p2a: Landorus|Landorus-Therian, M|78/100
|-ability|p2a: Landorus|Intimidate|boost
|-unboost|p1a: Sharpo|atk|1
|move|p1a: Sharpo|Scale Shot|p2a: Landorus
|-damage|p2a: Landorus|64/100
|-damage|p2a: Landorus|50/100
|-hitcount|p2a: Landorus|2
|-unboost|p1a: Sharpo|def|1
|-boost|p1a: Sharpo|spe|1
|
|-heal|p1a: Sharpo|100/100 tox|[from] item: Leftovers
|-heal|p2a: Landorus|56/100|[from] item: Leftovers
|-damage|p1a: Sharpo|88/100 tox|[from] psn
|upkeep
|turn|17
|
|t:|1655211372
|switch|p2a: Clefable|Clefable, F|100/100
|move|p1a: Sharpo|Scale Shot|p2a: Clefable
|-immune|p2a: Clefable
|
|-heal|p1a: Sharpo|94/100 tox|[from] item: Leftovers
|-damage|p1a: Sharpo|76/100 tox|[from] psn
|upkeep
|turn|18
|-message|Sombra Diurna forfeited.
|
|win|Chokst du
|raw|Sombra Diurna's rating: 1809 &rarr; <strong>1790</strong><br />(-19 for losing)
|raw|Chokst du's rating: 1831 &rarr; <strong>1850</strong><br />(+19 for winning)
|l|☆Sombra Diurna
|l| mrwater0083
||Ladder isn't responding, score probably updated but might not have (Request timeout).
