|html|<div class="broadcast-blue"><strong>[Gen 8] OU is currently suspecting Melmetal! For information on how to participate check out the <a href="https://www.smogon.com/forums/threads/np-ss-ou-suspect-process-round-12-monster-mash.3709234/">suspect thread</a>.</strong></div>
|j|☆Hariaki
|j|☆Highv0ltag3
|t:|1666125221
|gametype|singles
|player|p1|Hariaki|102|1744
|player|p2|Highv0ltag3|volo|1886
|teamsize|p1|6
|teamsize|p2|6
|gen|8
|tier|[Gen 8] OU
|rated|
|rule|Sleep Clause Mod: Limit one foe put to sleep
|rule|Species Clause: Limit one of each Pokémon
|rule|OHKO Clause: OHKO moves are banned
|rule|Evasion Items Clause: Evasion items are banned
|rule|Evasion Moves Clause: Evasion moves are banned
|rule|Endless Battle Clause: Forcing endless battles is banned
|rule|HP Percentage Mod: HP is shown in percentages
|rule|Dynamax Clause: You cannot dynamax
|clearpoke
|poke|p1|Polteageist-Antique|
|poke|p1|Corviknight, M|
|poke|p1|Urshifu-*, F|
|poke|p1|Nidoking, M|
|poke|p1|Blissey, F|
|poke|p1|Dragonite, F|
|poke|p2|Xatu, M|
|poke|p2|Corviknight, M|
|poke|p2|Toxapex, F|
|poke|p2|Chansey, F|
|poke|p2|Hippowdon, M|
|poke|p2|Clefable, M|
|teampreview
|c|☆Highv0ltag3|gl
|c|☆Highv0ltag3|youll need it
|
|t:|1666125244
|start
|switch|p1a: Nidoking|Nidoking, M|100/100
|switch|p2a: Toxapex|Toxapex, F|100/100
|turn|1
|c|☆Hariaki|Hahahah
|c|☆Hariaki|Get outta here
|
|t:|1666125255
|switch|p1a: Polteageist|Polteageist-Antique|100/100
|switch|p2a: Chansey|Chansey, F|100/100
|
|upkeep
|turn|2
|c|☆Hariaki|Gl tho
|
|t:|1666125273
|switch|p2a: Hippowdon|Hippowdon, M|100/100
|move|p1a: Polteageist|Shell Smash|p1a: Polteageist
|-unboost|p1a: Polteageist|def|1
|-unboost|p1a: Polteageist|spd|1
|-boost|p1a: Polteageist|atk|2
|-boost|p1a: Polteageist|spa|2
|-boost|p1a: Polteageist|spe|2
|
|upkeep
|turn|3
|inactive|Battle timer is ON: inactive players will automatically lose when time's up. (requested by Hariaki)
|j| GalarianN00b3
|c|☆Highv0ltag3|im not stream
|c|☆Highv0ltag3|hmm
|j| Jongruenwald
|c|☆Hariaki|Lol
|c|☆Highv0ltag3|should I toxic or eq tho
|c|☆Hariaki|Good question :(
|c|☆Hariaki|:)*
|inactive|Highv0ltag3 has 120 seconds left.
|j| Ctannn
|
|t:|1666125315
|move|p1a: Polteageist|Shell Smash|p1a: Polteageist
|-unboost|p1a: Polteageist|def|1
|-unboost|p1a: Polteageist|spd|1
|-boost|p1a: Polteageist|atk|2
|-boost|p1a: Polteageist|spa|2
|-boost|p1a: Polteageist|spe|2
|move|p2a: Hippowdon|Toxic|p1a: Polteageist
|-status|p1a: Polteageist|tox
|
|-damage|p1a: Polteageist|94/100 tox|[from] psn
|upkeep
|turn|4
|
|t:|1666125322
|move|p1a: Polteageist|Stored Power|p2a: Hippowdon
|-damage|p2a: Hippowdon|0 fnt
|faint|p2a: Hippowdon
|
|-damage|p1a: Polteageist|82/100 tox|[from] psn
|upkeep
|
|t:|1666125326
|switch|p2a: Chansey|Chansey, F|100/100
|turn|5
|
|t:|1666125329
|move|p1a: Polteageist|Stored Power|p2a: Chansey
|-damage|p2a: Chansey|4/100
|move|p2a: Chansey|Soft-Boiled|p2a: Chansey
|-heal|p2a: Chansey|54/100
|
|-damage|p1a: Polteageist|64/100 tox|[from] psn
|upkeep
|turn|6
|j| Inv solak plz
|
|t:|1666125340
|switch|p2a: Clefable|Clefable, M|100/100
|move|p1a: Polteageist|Stored Power|p2a: Clefable
|-damage|p2a: Clefable|10/100
|
|-heal|p2a: Clefable|16/100|[from] item: Leftovers
|-damage|p1a: Polteageist|39/100 tox|[from] psn
|upkeep
|turn|7
|l| Inv solak plz
|c|☆Highv0ltag3|hmm
|inactive|Highv0ltag3 has 120 seconds left.
|
|t:|1666125381
|move|p1a: Polteageist|Giga Drain|p2a: Clefable
|-damage|p2a: Clefable|0 fnt
|-heal|p1a: Polteageist|51/100 tox|[from] drain|[of] p2a: Clefable
|faint|p2a: Clefable
|
|-damage|p1a: Polteageist|20/100 tox|[from] psn
|upkeep
|c|☆Highv0ltag3|the question is if I sac corv or xatu
|inactive|Highv0ltag3 has 90 seconds left.
|c|☆Hariaki|Chansey
|c|☆Highv0ltag3|cuz if blissey is the rocker u pp stall my defog
|inactive|Highv0ltag3 has 60 seconds left.
|l| Jongruenwald
|inactive|Highv0ltag3 has 30 seconds left.
|j| BMSB
|c|☆Highv0ltag3|but if I sac corv to preserve xatu dnite wins
|inactive|Highv0ltag3 has 20 seconds left.
|inactive|Highv0ltag3 has 15 seconds left.
|
|t:|1666125482
|switch|p2a: Corviknight|Corviknight, M|100/100
|-ability|p2a: Corviknight|Pressure
|turn|8
|inactive|Highv0ltag3 has 25 seconds left this turn.
|
|t:|1666125486
|move|p1a: Polteageist|Stored Power|p2a: Corviknight
|-resisted|p2a: Corviknight
|-damage|p2a: Corviknight|0 fnt
|faint|p2a: Corviknight
|
|-damage|p1a: Polteageist|0 fnt|[from] psn
|faint|p1a: Polteageist
|upkeep
|c|☆Highv0ltag3|think I made the right choice
|
|t:|1666125498
|switch|p1a: Urshifu|Urshifu-Rapid-Strike, F|100/100
|switch|p2a: Chansey|Chansey, F|54/100
|turn|9
|
|t:|1666125500
|switch|p2a: Toxapex|Toxapex, F|100/100
|move|p1a: Urshifu|U-turn|p2a: Toxapex
|-resisted|p2a: Toxapex
|-damage|p2a: Toxapex|93/100
|
|t:|1666125506
|switch|p1a: Nidoking|Nidoking, M|100/100|[from]move: U-turn
|
|-heal|p2a: Toxapex|99/100|[from] item: Black Sludge
|upkeep
|turn|10
|
|t:|1666125512
|switch|p1a: Dragonite|Dragonite, F|100/100
|switch|p2a: Chansey|Chansey, F|54/100
|
|upkeep
|turn|11
|
|t:|1666125516
|switch|p2a: Toxapex|Toxapex, F|100/100
|move|p1a: Dragonite|Dragon Dance|p1a: Dragonite
|-boost|p1a: Dragonite|atk|1
|-boost|p1a: Dragonite|spe|1
|
|upkeep
|turn|12
|
|t:|1666125517
|move|p1a: Dragonite|Earthquake|p2a: Toxapex
|-supereffective|p2a: Toxapex
|-damage|p2a: Toxapex|37/100
|move|p2a: Toxapex|Toxic|p1a: Dragonite
|-status|p1a: Dragonite|tox
|
|-heal|p2a: Toxapex|43/100|[from] item: Black Sludge
|-damage|p1a: Dragonite|94/100 tox|[from] psn
|upkeep
|turn|13
|
|t:|1666125525
|move|p1a: Dragonite|Earthquake|p2a: Toxapex
|-supereffective|p2a: Toxapex
|-damage|p2a: Toxapex|0 fnt
|faint|p2a: Toxapex
|
|-heal|p1a: Dragonite|100/100 tox|[from] item: Leftovers
|-damage|p1a: Dragonite|88/100 tox|[from] psn
|upkeep
|c|☆Hariaki|Whew
|
|t:|1666125530
|switch|p2a: Xatu|Xatu, M|100/100
|turn|14
|c|☆Highv0ltag3|gg
|c|☆Hariaki|Ggs
|
|t:|1666125540
|move|p1a: Dragonite|Ice Punch|p2a: Xatu
|-supereffective|p2a: Xatu
|-damage|p2a: Xatu|0 fnt
|faint|p2a: Xatu
|
|-heal|p1a: Dragonite|94/100 tox|[from] item: Leftovers
|-damage|p1a: Dragonite|76/100 tox|[from] psn
|upkeep
|
|t:|1666125542
|switch|p2a: Chansey|Chansey, F|54/100
|turn|15
|-message|Highv0ltag3 forfeited.
|
|win|Hariaki
|raw|Hariaki's rating: 1744 &rarr; <strong>1772</strong><br />(+28 for winning)
|raw|Highv0ltag3's rating: 1886 &rarr; <strong>1858</strong><br />(-28 for losing)
|l|☆Highv0ltag3
|c|☆Hariaki|I dont have rocks on blis :)
|l|☆Hariaki
