|j|☆TheWorstAG
|j|☆2(H2O)
|t:|1659973844
|gametype|singles
|player|p1|TheWorstAG|170|1576
|player|p2|2(H2O)|chase|1563
|teamsize|p1|6
|teamsize|p2|6
|gen|8
|tier|[Gen 8] OU
|rated|
|rule|Sleep Clause Mod: Limit one foe put to sleep
|rule|Species Clause: Limit one of each Pokémon
|rule|OHKO Clause: OHKO moves are banned
|rule|Evasion Items Clause: Evasion items are banned
|rule|Evasion Moves Clause: Evasion moves are banned
|rule|Endless Battle Clause: Forcing endless battles is banned
|rule|HP Percentage Mod: HP is shown in percentages
|rule|Dynamax Clause: You cannot dynamax
|clearpoke
|poke|p1|Golisopod, F|
|poke|p1|Zapdos-Galar|
|poke|p1|Regieleki|
|poke|p1|Garchomp, F|
|poke|p1|Umbreon, M|
|poke|p1|Melmetal|
|poke|p2|Pelipper, M|
|poke|p2|Ferrothorn, M|
|poke|p2|Zapdos|
|poke|p2|Barraskewda, F|
|poke|p2|Crawdaunt, F|
|poke|p2|Seismitoad, F|
|teampreview
|
|t:|1659973887
|start
|switch|p1a: Regieleki|Regieleki|100/100
|switch|p2a: Pelipper|Pelipper, M|100/100
|-weather|RainDance|[from] ability: Drizzle|[of] p2a: Pelipper
|turn|1
|
|t:|1659973894
|switch|p2a: Seismitoad|Seismitoad, F|100/100
|move|p1a: Regieleki|Volt Switch|p2a: Seismitoad
|-immune|p2a: Seismitoad
|
|-weather|RainDance|[upkeep]
|upkeep
|turn|2
|inactive|Battle timer is ON: inactive players will automatically lose when time's up. (requested by 2(H2O))
|
|t:|1659973906
|switch|p1a: Umbreon|Umbreon, M|100/100
|move|p2a: Seismitoad|Weather Ball|p1a: Umbreon
|-damage|p1a: Umbreon|63/100
|-damage|p2a: Seismitoad|91/100|[from] item: Life Orb
|
|-weather|RainDance|[upkeep]
|-heal|p1a: Umbreon|69/100|[from] item: Leftovers
|upkeep
|turn|3
|
|t:|1659973922
|move|p1a: Umbreon|Protect|p1a: Umbreon
|-singleturn|p1a: Umbreon|Protect
|move|p2a: Seismitoad|Weather Ball|p1a: Umbreon
|-activate|p1a: Umbreon|move: Protect
|
|-weather|RainDance|[upkeep]
|-heal|p1a: Umbreon|75/100|[from] item: Leftovers
|upkeep
|turn|4
|
|t:|1659973928
|move|p2a: Seismitoad|Weather Ball|p1a: Umbreon
|-damage|p1a: Umbreon|37/100
|-damage|p2a: Seismitoad|81/100|[from] item: Life Orb
|move|p1a: Umbreon|Wish|p1a: Umbreon
|
|-weather|RainDance|[upkeep]
|-heal|p1a: Umbreon|43/100|[from] item: Leftovers
|upkeep
|turn|5
|l|☆2(H2O)
|inactive|2(H2O) disconnected and has a minute to reconnect!
|player|p2|
|inactive|2(H2O) has 30 seconds to reconnect!
|inactive|2(H2O) has 20 seconds to reconnect!
|inactive|2(H2O) has 15 seconds to reconnect!
|inactive|2(H2O) has 10 seconds to reconnect!
|j|☆2(H2O)
|inactive|2(H2O) reconnected and has 85 seconds left.
|player|p2|2(H2O)|chase
|inactive|2(H2O) has 60 seconds left.
|
|t:|1659974031
|switch|p2a: Crawdaunt|Crawdaunt, F|100/100
|move|p1a: Umbreon|Foul Play|p2a: Crawdaunt
|-resisted|p2a: Crawdaunt
|-damage|p2a: Crawdaunt|65/100
|
|-weather|RainDance|[upkeep]
|-heal|p1a: Umbreon|93/100|[from] move: Wish|[wisher] Umbreon
|-heal|p1a: Umbreon|99/100|[from] item: Leftovers
|upkeep
|turn|6
|
|t:|1659974042
|switch|p1a: Golisopod|Golisopod, F|100/100
|move|p2a: Crawdaunt|Crabhammer|p1a: Golisopod
|-resisted|p1a: Golisopod
|-damage|p1a: Golisopod|63/100
|-damage|p2a: Crawdaunt|56/100|[from] item: Life Orb
|
|-weather|RainDance|[upkeep]
|upkeep
|turn|7
|inactive|2(H2O) has 60 seconds left.
|
|t:|1659974052
|switch|p2a: Zapdos|Zapdos|100/100
|move|p1a: Golisopod|First Impression|p2a: Zapdos
|-resisted|p2a: Zapdos
|-damage|p2a: Zapdos|77/100
|-status|p1a: Golisopod|par|[from] ability: Static|[of] p2a: Zapdos
|
|-weather|RainDance|[upkeep]
|upkeep
|turn|8
|
|t:|1659974059
|switch|p1a: Garchomp|Garchomp, F|100/100
|move|p2a: Zapdos|Hurricane|p1a: Garchomp
|-damage|p1a: Garchomp|48/100
|-start|p1a: Garchomp|confusion
|
|-weather|none
|upkeep
|turn|9
|
|t:|1659974074
|move|p2a: Zapdos|Volt Switch|p1a: Garchomp
|-immune|p1a: Garchomp
|-activate|p1a: Garchomp|confusion
|-damage|p1a: Garchomp|39/100|[from] confusion
|
|upkeep
|turn|10
|
|t:|1659974081
|move|p2a: Zapdos|Hurricane|p1a: Garchomp
|-damage|p1a: Garchomp|0 fnt
|faint|p1a: Garchomp
|
|upkeep
|inactive|TheWorstAG has 120 seconds left.
|inactive|TheWorstAG has 90 seconds left.
|
|t:|1659974149
|switch|p1a: Umbreon|Umbreon, M|99/100
|turn|11
|inactive|2(H2O) has 90 seconds left.
|
|t:|1659974162
|move|p2a: Zapdos|Thunder|p1a: Umbreon
|-damage|p1a: Umbreon|68/100
|move|p1a: Umbreon|Heal Bell|p1a: Umbreon
|-activate|p1a: Umbreon|move: Heal Bell
|-curestatus|p1: Golisopod|par|[msg]
|
|-heal|p1a: Umbreon|74/100|[from] item: Leftovers
|upkeep
|turn|12
|
|t:|1659974171
|switch|p1a: Melmetal|Melmetal|100/100
|move|p2a: Zapdos|Thunder|p1a: Melmetal
|-damage|p1a: Melmetal|72/100
|
|upkeep
|turn|13
|
|t:|1659974184
|move|p2a: Zapdos|Volt Switch|p1a: Melmetal
|-damage|p1a: Melmetal|54/100
|
|t:|1659974187
|switch|p2a: Ferrothorn|Ferrothorn, M|100/100|[from]move: Volt Switch
|move|p1a: Melmetal|Ice Punch|p2a: Ferrothorn
|-damage|p2a: Ferrothorn|83/100
|-damage|p1a: Melmetal|42/100|[from] ability: Iron Barbs|[of] p2a: Ferrothorn
|-damage|p1a: Melmetal|25/100|[from] item: Rocky Helmet|[of] p2a: Ferrothorn
|
|upkeep
|turn|14
|
|t:|1659974198
|switch|p1a: Zapdos|Zapdos-Galar|100/100
|move|p2a: Ferrothorn|Stealth Rock|p1a: Zapdos
|-sidestart|p1: TheWorstAG|move: Stealth Rock
|
|upkeep
|turn|15
|inactive|TheWorstAG has 90 seconds left.
|
|t:|1659974231
|move|p1a: Zapdos|Brave Bird|p2a: Ferrothorn
|-damage|p2a: Ferrothorn|35/100
|-damage|p1a: Zapdos|88/100|[from] ability: Iron Barbs|[of] p2a: Ferrothorn
|-damage|p1a: Zapdos|72/100|[from] item: Rocky Helmet|[of] p2a: Ferrothorn
|-damage|p1a: Zapdos|54/100|[from] Recoil
|move|p2a: Ferrothorn|Leech Seed|p1a: Zapdos
|-start|p1a: Zapdos|move: Leech Seed
|
|-damage|p1a: Zapdos|42/100|[from] Leech Seed|[of] p2a: Ferrothorn
|-heal|p2a: Ferrothorn|46/100|[silent]
|upkeep
|turn|16
|inactive|TheWorstAG has 90 seconds left.
|
|t:|1659974250
|switch|p1a: Regieleki|Regieleki|100/100
|switch|p2a: Zapdos|Zapdos|77/100
|
|upkeep
|turn|17
|inactive|TheWorstAG has 90 seconds left.
|
|t:|1659974255
|switch|p2a: Seismitoad|Seismitoad, F|81/100
|move|p1a: Regieleki|Rapid Spin|p2a: Seismitoad
|-damage|p2a: Seismitoad|68/100
|-boost|p1a: Regieleki|spe|1
|-sideend|p1: TheWorstAG|Stealth Rock|[from] move: Rapid Spin|[of] p1a: Regieleki
|
|upkeep
|turn|18
|
|t:|1659974265
|switch|p1a: Umbreon|Umbreon, M|74/100
|switch|p2a: Pelipper|Pelipper, M|100/100
|-weather|RainDance|[from] ability: Drizzle|[of] p2a: Pelipper
|
|-weather|RainDance|[upkeep]
|-heal|p1a: Umbreon|80/100|[from] item: Leftovers
|upkeep
|turn|19
|
|t:|1659974269
|move|p1a: Umbreon|Wish|p1a: Umbreon
|move|p2a: Pelipper|U-turn|p1a: Umbreon
|-supereffective|p1a: Umbreon
|-damage|p1a: Umbreon|65/100
|
|t:|1659974276
|switch|p2a: Crawdaunt|Crawdaunt, F|56/100|[from]move: U-turn
|
|-weather|RainDance|[upkeep]
|-heal|p1a: Umbreon|72/100|[from] item: Leftovers
|upkeep
|turn|20
|
|t:|1659974292
|switch|p1a: Golisopod|Golisopod, F|63/100
|move|p2a: Crawdaunt|Crabhammer|p1a: Golisopod
|-resisted|p1a: Golisopod
|-damage|p1a: Golisopod|25/100
|-activate|p1a: Golisopod|ability: Emergency Exit
|-damage|p2a: Crawdaunt|46/100|[from] item: Life Orb
|
|t:|1659974302
|switch|p1a: Melmetal|Melmetal|25/100
|
|-weather|RainDance|[upkeep]
|-heal|p1a: Melmetal|70/100|[from] move: Wish|[wisher] Umbreon
|upkeep
|turn|21
|
|t:|1659974312
|switch|p1a: Golisopod|Golisopod, F|25/100
|move|p2a: Crawdaunt|Crabhammer|p1a: Golisopod
|-resisted|p1a: Golisopod
|-damage|p1a: Golisopod|0 fnt
|faint|p1a: Golisopod
|-damage|p2a: Crawdaunt|36/100|[from] item: Life Orb
|
|-weather|RainDance|[upkeep]
|upkeep
|inactive|TheWorstAG has 90 seconds left.
|
|t:|1659974342
|switch|p1a: Umbreon|Umbreon, M|72/100
|turn|22
|
|t:|1659974349
|move|p1a: Umbreon|Protect|p1a: Umbreon
|-singleturn|p1a: Umbreon|Protect
|move|p2a: Crawdaunt|Crabhammer|p1a: Umbreon
|-activate|p1a: Umbreon|move: Protect
|
|-weather|RainDance|[upkeep]
|-heal|p1a: Umbreon|78/100|[from] item: Leftovers
|upkeep
|turn|23
|
|t:|1659974356
|move|p2a: Crawdaunt|Crabhammer|p1a: Umbreon
|-damage|p1a: Umbreon|0 fnt
|faint|p1a: Umbreon
|-damage|p2a: Crawdaunt|26/100|[from] item: Life Orb
|
|-weather|RainDance|[upkeep]
|upkeep
|
|t:|1659974364
|switch|p1a: Regieleki|Regieleki|100/100
|turn|24
|
|t:|1659974368
|switch|p2a: Seismitoad|Seismitoad, F|68/100
|move|p1a: Regieleki|Volt Switch|p2a: Seismitoad
|-immune|p2a: Seismitoad
|
|-weather|RainDance|[upkeep]
|upkeep
|turn|25
|
|t:|1659974375
|switch|p1a: Zapdos|Zapdos-Galar|42/100
|move|p2a: Seismitoad|Weather Ball|p1a: Zapdos
|-damage|p1a: Zapdos|0 fnt
|faint|p1a: Zapdos
|-damage|p2a: Seismitoad|58/100|[from] item: Life Orb
|
|-weather|none
|upkeep
|
|t:|1659974380
|switch|p1a: Melmetal|Melmetal|70/100
|turn|26
|inactive|TheWorstAG has 120 seconds left.
|
|t:|1659974391
|switch|p2a: Pelipper|Pelipper, M|100/100
|-weather|RainDance|[from] ability: Drizzle|[of] p2a: Pelipper
|move|p1a: Melmetal|Double Iron Bash|p2a: Pelipper
|-resisted|p2a: Pelipper
|-damage|p2a: Pelipper|82/100
|-resisted|p2a: Pelipper
|-damage|p2a: Pelipper|64/100
|-hitcount|p2a: Pelipper|2
|
|-weather|RainDance|[upkeep]
|upkeep
|turn|27
|
|t:|1659974398
|move|p2a: Pelipper|Scald|p1a: Melmetal
|-damage|p1a: Melmetal|51/100
|move|p1a: Melmetal|Thunder Punch|p2a: Pelipper
|-supereffective|p2a: Pelipper
|-damage|p2a: Pelipper|0 fnt
|faint|p2a: Pelipper
|
|-weather|RainDance|[upkeep]
|upkeep
|
|t:|1659974404
|switch|p2a: Barraskewda|Barraskewda, F|100/100
|turn|28
|
|t:|1659974410
|move|p2a: Barraskewda|Liquidation|p1a: Melmetal
|-damage|p1a: Melmetal|0 fnt
|faint|p1a: Melmetal
|
|-weather|RainDance|[upkeep]
|upkeep
|
|t:|1659974413
|switch|p1a: Regieleki|Regieleki|100/100
|turn|29
|
|t:|1659974416
|move|p2a: Barraskewda|Liquidation|p1a: Regieleki
|-damage|p1a: Regieleki|0 fnt
|faint|p1a: Regieleki
|
|win|2(H2O)
|raw|TheWorstAG's rating: 1576 &rarr; <strong>1555</strong><br />(-21 for losing)
|raw|2(H2O)'s rating: 1563 &rarr; <strong>1584</strong><br />(+21 for winning)
|l|☆2(H2O)
