|j|☆KitKat7
|j|☆LudwigFrog
|t:|1635798392
|gametype|singles
|player|p1|KitKat7|2|1697
|player|p2|LudwigFrog|hilbert-wonderlauncher|1644
|teamsize|p1|6
|teamsize|p2|6
|gen|8
|tier|[Gen 8] OU
|rated|
|rule|Sleep Clause Mod: Limit one foe put to sleep
|rule|Species Clause: Limit one of each Pokémon
|rule|OHKO Clause: OHKO moves are banned
|rule|Evasion Moves Clause: Evasion moves are banned
|rule|Endless Battle Clause: Forcing endless battles is banned
|rule|HP Percentage Mod: HP is shown in percentages
|rule|Dynamax Clause: You cannot dynamax
|clearpoke
|poke|p1|Regieleki|
|poke|p1|Pelipper, M|
|poke|p1|Barraskewda, M|
|poke|p1|Tapu Lele|
|poke|p1|Landorus-Therian, M|
|poke|p1|Ferrothorn, M|
|poke|p2|Slowbro, M|
|poke|p2|Weavile, F|
|poke|p2|Landorus-Therian, M|
|poke|p2|Urshifu-*, M|
|poke|p2|Ferrothorn, F|
|poke|p2|Zapdos|
|teampreview
|inactive|Battle timer is ON: inactive players will automatically lose when time's up. (requested by LudwigFrog)
|c|☆KitKat7|Mr Frog
|c|☆KitKat7|good luck
|inactive|LudwigFrog has 120 seconds left.
|
|t:|1635798431
|start
|switch|p1a: Pelipper|Pelipper, M|100/100
|switch|p2a: Slowbro|Slowbro, M|100/100
|-weather|RainDance|[from] ability: Drizzle|[of] p1a: Pelipper
|turn|1
|inactive|KitKat7 has 120 seconds left.
|c|☆KitKat7|lol i find ur twitter
|c|☆KitKat7|https://twitter.com/LudwigFrog
|c|☆LudwigFrog|lol ye
|
|t:|1635798486
|switch|p2a: Zapdos|Zapdos|100/100
|move|p1a: Pelipper|Hurricane|p2a: Zapdos
|-resisted|p2a: Zapdos
|-damage|p2a: Zapdos|65/100
|
|-weather|RainDance|[upkeep]
|upkeep
|turn|2
|
|t:|1635798496
|switch|p2a: Urshifu|Urshifu-Rapid-Strike, M|100/100
|switch|p1a: Regieleki|Regieleki|100/100
|
|-weather|RainDance|[upkeep]
|upkeep
|turn|3
|
|t:|1635798515
|switch|p2a: Landorus|Landorus-Therian, M|100/100
|-ability|p2a: Landorus|Intimidate|boost
|-unboost|p1a: Regieleki|atk|1
|move|p1a: Regieleki|Electro Ball|p2a: Landorus
|-immune|p2a: Landorus
|
|-weather|RainDance|[upkeep]
|upkeep
|turn|4
|
|t:|1635798519
|switch|p1a: Landorus|Landorus-Therian, M|100/100
|-ability|p1a: Landorus|Intimidate|boost
|-unboost|p2a: Landorus|atk|1
|move|p2a: Landorus|U-turn|p1a: Landorus
|-resisted|p1a: Landorus
|-damage|p1a: Landorus|94/100
|
|t:|1635798522
|switch|p2a: Slowbro|Slowbro, M|100/100|[from]move: U-turn
|
|-weather|RainDance|[upkeep]
|-heal|p1a: Landorus|99/100|[from] item: Leftovers
|upkeep
|turn|5
|
|t:|1635798527
|move|p1a: Landorus|U-turn|p2a: Slowbro
|-supereffective|p2a: Slowbro
|-damage|p2a: Slowbro|75/100
|
|t:|1635798534
|switch|p1a: Pelipper|Pelipper, M|100/100|[from]move: U-turn
|move|p2a: Slowbro|Future Sight|p1a: Pelipper
|-start|p2a: Slowbro|move: Future Sight
|
|-weather|none
|upkeep
|turn|6
|
|t:|1635798539
|switch|p2a: Ferrothorn|Ferrothorn, F|100/100
|move|p1a: Pelipper|U-turn|p2a: Ferrothorn
|-damage|p2a: Ferrothorn|94/100
|-damage|p1a: Pelipper|88/100|[from] ability: Iron Barbs|[of] p2a: Ferrothorn
|
|t:|1635798541
|switch|p1a: Ferrothorn|Ferrothorn, M|100/100|[from]move: U-turn
|
|-heal|p2a: Ferrothorn|99/100|[from] item: Leftovers
|upkeep
|turn|7
|
|t:|1635798548
|switch|p2a: Slowbro|Slowbro, M|100/100
|move|p1a: Ferrothorn|Spikes|p2a: Slowbro
|-sidestart|p2: LudwigFrog|Spikes
|
|-end|p1a: Ferrothorn|move: Future Sight
|-resisted|p1a: Ferrothorn
|-damage|p1a: Ferrothorn|87/100
|-heal|p1a: Ferrothorn|93/100|[from] item: Leftovers
|upkeep
|turn|8
|
|t:|1635798550
|switch|p1a: Pelipper|Pelipper, M|88/100
|-weather|RainDance|[from] ability: Drizzle|[of] p1a: Pelipper
|move|p2a: Slowbro|Future Sight|p1a: Pelipper
|-start|p2a: Slowbro|move: Future Sight
|
|-weather|RainDance|[upkeep]
|upkeep
|turn|9
|
|t:|1635798568
|move|p1a: Pelipper|U-turn|p2a: Slowbro
|-supereffective|p2a: Slowbro
|-damage|p2a: Slowbro|90/100
|
|t:|1635798571
|switch|p1a: Ferrothorn|Ferrothorn, M|93/100|[from]move: U-turn
|move|p2a: Slowbro|Teleport|p2a: Slowbro
|
|t:|1635798575
|switch|p2a: Urshifu|Urshifu-Rapid-Strike, M|100/100|[from]move: Teleport
|-damage|p2a: Urshifu|88/100|[from] Spikes
|
|-weather|RainDance|[upkeep]
|-heal|p1a: Ferrothorn|99/100|[from] item: Leftovers
|upkeep
|turn|10
|
|t:|1635798579
|move|p2a: Urshifu|Close Combat|p1a: Ferrothorn
|-supereffective|p1a: Ferrothorn
|-damage|p1a: Ferrothorn|0 fnt
|-unboost|p2a: Urshifu|def|1
|-unboost|p2a: Urshifu|spd|1
|-damage|p2a: Urshifu|76/100|[from] ability: Iron Barbs|[of] p1a: Ferrothorn
|faint|p1a: Ferrothorn
|
|-weather|RainDance|[upkeep]
|-hint|Future Sight did not hit because the target is fainted.
|upkeep
|
|t:|1635798589
|switch|p1a: Barraskewda|Barraskewda, M|100/100
|turn|11
|
|t:|1635798593
|switch|p2a: Slowbro|Slowbro, M|100/100
|-damage|p2a: Slowbro|88/100|[from] Spikes
|move|p1a: Barraskewda|Liquidation|p2a: Slowbro
|-resisted|p2a: Slowbro
|-damage|p2a: Slowbro|56/100
|
|-weather|RainDance|[upkeep]
|upkeep
|turn|12
|
|t:|1635798597
|move|p1a: Barraskewda|Liquidation|p2a: Slowbro
|-resisted|p2a: Slowbro
|-damage|p2a: Slowbro|27/100
|move|p2a: Slowbro|Teleport|p2a: Slowbro
|
|t:|1635798600
|switch|p2a: Zapdos|Zapdos|65/100|[from]move: Teleport
|
|-weather|none
|upkeep
|turn|13
|
|t:|1635798603
|move|p1a: Barraskewda|Liquidation|p2a: Zapdos
|-damage|p2a: Zapdos|5/100
|-status|p1a: Barraskewda|par|[from] ability: Static|[of] p2a: Zapdos
|move|p2a: Zapdos|Defog|p1a: Barraskewda
|-unboost|p1a: Barraskewda|evasion|1
|-sideend|p2: LudwigFrog|Spikes|[from] move: Defog|[of] p2a: Zapdos
|
|upkeep
|turn|14
|
|t:|1635798608
|move|p2a: Zapdos|Roost|p2a: Zapdos
|-heal|p2a: Zapdos|55/100
|-singleturn|p2a: Zapdos|move: Roost
|move|p1a: Barraskewda|Liquidation|p2a: Zapdos
|-damage|p2a: Zapdos|3/100
|
|upkeep
|turn|15
|
|t:|1635798611
|move|p2a: Zapdos|Volt Switch|p1a: Barraskewda
|-supereffective|p1a: Barraskewda
|-damage|p1a: Barraskewda|0 fnt
|faint|p1a: Barraskewda
|
|t:|1635798616
|switch|p2a: Slowbro|Slowbro, M|60/100|[from]move: Volt Switch
|
|upkeep
|
|t:|1635798620
|switch|p1a: Pelipper|Pelipper, M|88/100
|-weather|RainDance|[from] ability: Drizzle|[of] p1a: Pelipper
|turn|16
|
|t:|1635798623
|switch|p2a: Ferrothorn|Ferrothorn, F|99/100
|move|p1a: Pelipper|Hurricane|p2a: Ferrothorn
|-damage|p2a: Ferrothorn|55/100
|
|-weather|RainDance|[upkeep]
|-heal|p2a: Ferrothorn|61/100|[from] item: Leftovers
|upkeep
|turn|17
|
|t:|1635798628
|move|p1a: Pelipper|Hurricane|p2a: Ferrothorn
|-crit|p2a: Ferrothorn
|-damage|p2a: Ferrothorn|0 fnt
|faint|p2a: Ferrothorn
|
|-weather|RainDance|[upkeep]
|upkeep
|
|t:|1635798632
|switch|p2a: Zapdos|Zapdos|3/100
|turn|18
|
|t:|1635798634
|move|p2a: Zapdos|Roost|p2a: Zapdos
|-heal|p2a: Zapdos|53/100
|-singleturn|p2a: Zapdos|move: Roost
|move|p1a: Pelipper|Hurricane|p2a: Zapdos
|-resisted|p2a: Zapdos
|-damage|p2a: Zapdos|16/100
|-start|p2a: Zapdos|confusion
|
|-weather|RainDance|[upkeep]
|upkeep
|turn|19
|
|t:|1635798637
|-activate|p2a: Zapdos|confusion
|-damage|p2a: Zapdos|10/100|[from] confusion
|move|p1a: Pelipper|Hurricane|p2a: Zapdos
|-resisted|p2a: Zapdos
|-damage|p2a: Zapdos|0 fnt
|faint|p2a: Zapdos
|
|-weather|RainDance|[upkeep]
|upkeep
|
|t:|1635798643
|switch|p2a: Slowbro|Slowbro, M|94/100
|turn|20
|
|t:|1635798647
|move|p1a: Pelipper|Hurricane|p2a: Slowbro
|-crit|p2a: Slowbro
|-damage|p2a: Slowbro|0 fnt
|faint|p2a: Slowbro
|
|-weather|none
|upkeep
|
|t:|1635798651
|switch|p2a: Weavile|Weavile, F|100/100
|-ability|p2a: Weavile|Pressure
|turn|21
|
|t:|1635798657
|move|p2a: Weavile|Triple Axel|p1a: Pelipper
|-damage|p1a: Pelipper|75/100
|-damage|p1a: Pelipper|51/100
|-damage|p1a: Pelipper|15/100
|-hitcount|p1a: Pelipper|3
|move|p1a: Pelipper|Hurricane|p2a: Weavile|[miss]
|-miss|p1a: Pelipper|p2a: Weavile
|
|upkeep
|turn|22
|
|t:|1635798663
|move|p2a: Weavile|Knock Off|p1a: Pelipper
|-damage|p1a: Pelipper|0 fnt
|-enditem|p1a: Pelipper|Choice Specs|[from] move: Knock Off|[of] p2a: Weavile
|faint|p1a: Pelipper
|
|upkeep
|c|☆KitKat7|dat hax
|c|☆LudwigFrog|bro
|c|☆KitKat7|cmon
|c|☆LudwigFrog|3 crits
|c|☆LudwigFrog|in a row
|c|☆KitKat7|XD i know
|c|☆LudwigFrog|and confusion
|c|☆LudwigFrog|this is a game and a half
|c|☆KitKat7|just trolling xD
|c|☆LudwigFrog|lmfao
|
|t:|1635798688
|switch|p1a: Tapu Lele|Tapu Lele|100/100
|-fieldstart|move: Psychic Terrain|[from] ability: Psychic Surge|[of] p1a: Tapu Lele
|turn|23
|
|t:|1635798691
|switch|p2a: Landorus|Landorus-Therian, M|100/100
|-ability|p2a: Landorus|Intimidate|boost
|-unboost|p1a: Tapu Lele|atk|1
|move|p1a: Tapu Lele|Moonblast|p2a: Landorus
|-damage|p2a: Landorus|60/100
|-unboost|p2a: Landorus|spa|1
|
|-heal|p2a: Landorus|66/100|[from] item: Leftovers
|upkeep
|turn|24
|
|t:|1635798697
|switch|p1a: Landorus|Landorus-Therian, M|99/100
|-ability|p1a: Landorus|Intimidate|boost
|-unboost|p2a: Landorus|atk|1
|move|p2a: Landorus|Earthquake|p1a: Landorus
|-immune|p1a: Landorus
|
|-heal|p2a: Landorus|72/100|[from] item: Leftovers
|-heal|p1a: Landorus|100/100|[from] item: Leftovers
|upkeep
|turn|25
|
|t:|1635798719
|switch|p2a: Urshifu|Urshifu-Rapid-Strike, M|76/100
|move|p1a: Landorus|Toxic|p2a: Urshifu
|-status|p2a: Urshifu|tox
|
|-damage|p2a: Urshifu|70/100 tox|[from] psn
|upkeep
|turn|26
|
|t:|1635798725
|switch|p1a: Regieleki|Regieleki|100/100
|move|p2a: Urshifu|Surging Strikes|p1a: Regieleki
|-crit|p1a: Regieleki
|-damage|p1a: Regieleki|51/100
|-crit|p1a: Regieleki
|-damage|p1a: Regieleki|0 fnt
|faint|p1a: Regieleki
|-hitcount|p1: Regieleki|2
|
|-damage|p2a: Urshifu|57/100 tox|[from] psn
|upkeep
|
|t:|1635798731
|switch|p1a: Tapu Lele|Tapu Lele|100/100
|turn|27
|
|t:|1635798738
|move|p1a: Tapu Lele|Moonblast|p2a: Urshifu
|-supereffective|p2a: Urshifu
|-damage|p2a: Urshifu|0 fnt
|faint|p2a: Urshifu
|
|-fieldend|move: Psychic Terrain
|upkeep
|
|t:|1635798739
|switch|p2a: Landorus|Landorus-Therian, M|72/100
|-ability|p2a: Landorus|Intimidate|boost
|-unboost|p1a: Tapu Lele|atk|1
|turn|28
|
|t:|1635798750
|move|p1a: Tapu Lele|Moonblast|p2a: Landorus
|-damage|p2a: Landorus|34/100
|move|p2a: Landorus|U-turn|p1a: Tapu Lele
|-damage|p1a: Tapu Lele|67/100
|
|t:|1635798755
|switch|p2a: Weavile|Weavile, F|100/100|[from]move: U-turn
|-ability|p2a: Weavile|Pressure
|
|upkeep
|turn|29
|
|t:|1635798764
|switch|p1a: Landorus|Landorus-Therian, M|100/100
|-ability|p1a: Landorus|Intimidate|boost
|-unboost|p2a: Weavile|atk|1
|move|p2a: Weavile|Ice Shard|p1a: Landorus
|-supereffective|p1a: Landorus
|-damage|p1a: Landorus|53/100
|
|-heal|p1a: Landorus|59/100|[from] item: Leftovers
|upkeep
|turn|30
|
|t:|1635798768
|move|p2a: Weavile|Triple Axel|p1a: Landorus
|-supereffective|p1a: Landorus
|-damage|p1a: Landorus|36/100
|-supereffective|p1a: Landorus
|-damage|p1a: Landorus|0 fnt
|faint|p1a: Landorus
|-hitcount|p1: Landorus|2
|
|upkeep
|
|t:|1635798770
|switch|p1a: Tapu Lele|Tapu Lele|67/100
|-fieldstart|move: Psychic Terrain|[from] ability: Psychic Surge|[of] p1a: Tapu Lele
|turn|31
|
|t:|1635798772
|move|p1a: Tapu Lele|Moonblast|p2a: Weavile
|-supereffective|p2a: Weavile
|-damage|p2a: Weavile|0 fnt
|faint|p2a: Weavile
|
|upkeep
|
|t:|1635798774
|switch|p2a: Landorus|Landorus-Therian, M|34/100
|-ability|p2a: Landorus|Intimidate|boost
|-unboost|p1a: Tapu Lele|atk|1
|turn|32
|c|☆KitKat7|gg
|
|t:|1635798778
|move|p1a: Tapu Lele|Moonblast|p2a: Landorus
|-damage|p2a: Landorus|0 fnt
|faint|p2a: Landorus
|
|win|KitKat7
|raw|KitKat7's rating: 1697 &rarr; <strong>1714</strong><br />(+17 for winning)
|raw|LudwigFrog's rating: 1644 &rarr; <strong>1627</strong><br />(-17 for losing)
|c|☆LudwigFrog|gg
|l|☆LudwigFrog
||Ladder isn't responding, score probably updated but might not have (Request timeout).
