|html|<div class="broadcast-blue"><strong>[Gen 8] OU is currently suspecting Melmetal! For information on how to participate check out the <a href="https://www.smogon.com/forums/threads/np-ss-ou-suspect-process-round-12-monster-mash.3709234/">suspect thread</a>.</strong></div>
|j|☆minimax_ai
|j|☆playeraccount
|t:|1666700866
|gametype|singles
|player|p1|minimax_ai|lusamine-nihilego|1556
|player|p2|playeraccount|2|1558
|teamsize|p1|6
|teamsize|p2|6
|gen|8
|tier|[Gen 8] OU
|rated|
|rule|Sleep Clause Mod: Limit one foe put to sleep
|rule|Species Clause: Limit one of each Pokémon
|rule|OHKO Clause: OHKO moves are banned
|rule|Evasion Items Clause: Evasion items are banned
|rule|Evasion Moves Clause: Evasion moves are banned
|rule|Endless Battle Clause: Forcing endless battles is banned
|rule|HP Percentage Mod: HP is shown in percentages
|rule|Dynamax Clause: You cannot dynamax
|clearpoke
|poke|p1|Rotom-Wash|
|poke|p1|Weavile, F|
|poke|p1|Landorus-Therian, M|
|poke|p1|Heatran, M|
|poke|p1|Tangrowth, F|
|poke|p1|Melmetal|
|poke|p2|Diancie|
|poke|p2|Slowbro, F|
|poke|p2|Zapdos|
|poke|p2|Kartana|
|poke|p2|Nidoqueen, F|
|poke|p2|Tapu Fini|
|teampreview
|c|☆minimax_ai|hf
|inactive|Battle timer is ON: inactive players will automatically lose when time's up. (requested by minimax_ai)
|
|t:|1666700878
|start
|switch|p1a: Melmetal|Melmetal|100/100
|switch|p2a: Kartana|Kartana, shiny|100/100
|turn|1
|
|t:|1666700882
|switch|p2a: Slowbro|Slowbro, F, shiny|100/100
|move|p1a: Melmetal|Double Iron Bash|p2a: Slowbro
|-resisted|p2a: Slowbro
|-damage|p2a: Slowbro|89/100
|-damage|p1a: Melmetal|84/100|[from] item: Rocky Helmet|[of] p2a: Slowbro
|-resisted|p2a: Slowbro
|-damage|p2a: Slowbro|76/100
|-damage|p1a: Melmetal|67/100|[from] item: Rocky Helmet|[of] p2a: Slowbro
|-hitcount|p2a: Slowbro|2
|
|upkeep
|turn|2
|
|t:|1666700886
|move|p1a: Melmetal|Thunder Punch|p2a: Slowbro
|-supereffective|p2a: Slowbro
|-damage|p2a: Slowbro|37/100
|-damage|p1a: Melmetal|51/100|[from] item: Rocky Helmet|[of] p2a: Slowbro
|move|p2a: Slowbro|Teleport|p2a: Slowbro
|
|t:|1666700891
|switch|p2a: Nidoqueen|Nidoqueen, F, shiny|100/100|[from]move: Teleport
|
|upkeep
|turn|3
|
|t:|1666700899
|switch|p1a: Heatran|Heatran, M|100/100
|-item|p1a: Heatran|Air Balloon
|move|p2a: Nidoqueen|Ice Beam|p1a: Heatran
|-resisted|p1a: Heatran
|-damage|p1a: Heatran|92/100
|-enditem|p1a: Heatran|Air Balloon
|
|upkeep
|turn|4
|
|t:|1666700903
|switch|p1a: rotomwash|Rotom-Wash|100/100
|move|p2a: Nidoqueen|Earth Power|p1a: rotomwash
|-immune|p1a: rotomwash|[from] ability: Levitate
|
|upkeep
|turn|5
|
|t:|1666700908
|switch|p2a: Zapdos|Zapdos, shiny|100/100
|move|p1a: rotomwash|Hydro Pump|p2a: Zapdos
|-damage|p2a: Zapdos|64/100
|
|upkeep
|turn|6
|
|t:|1666700910
|move|p1a: rotomwash|Hydro Pump|p2a: Zapdos
|-damage|p2a: Zapdos|30/100
|move|p2a: Zapdos|Volt Switch|p1a: rotomwash
|-damage|p1a: rotomwash|69/100
|
|t:|1666700914
|switch|p2a: Kartana|Kartana, shiny|100/100|[from]move: Volt Switch
|
|-heal|p1a: rotomwash|75/100|[from] item: Leftovers
|upkeep
|turn|7
|
|t:|1666700916
|switch|p1a: Tangrowth|Tangrowth, F|100/100
|move|p2a: Kartana|Knock Off|p1a: Tangrowth
|-damage|p1a: Tangrowth|64/100
|-damage|p2a: Kartana|84/100|[from] item: Rocky Helmet|[of] p1a: Tangrowth
|-enditem|p1a: Tangrowth|Rocky Helmet|[from] move: Knock Off|[of] p2a: Kartana
|
|upkeep
|turn|8
|
|t:|1666700929
|switch|p2a: Zapdos|Zapdos, shiny|30/100
|move|p1a: Tangrowth|Giga Drain|p2a: Zapdos
|-resisted|p2a: Zapdos
|-damage|p2a: Zapdos|19/100
|-heal|p1a: Tangrowth|69/100|[from] drain|[of] p2a: Zapdos
|
|upkeep
|turn|9
|
|t:|1666700931
|switch|p1a: rotomwash|Rotom-Wash|75/100
|move|p2a: Zapdos|Roost|p2a: Zapdos
|-heal|p2a: Zapdos|69/100
|-singleturn|p2a: Zapdos|move: Roost
|
|-heal|p1a: rotomwash|81/100|[from] item: Leftovers
|upkeep
|turn|10
|
|t:|1666700935
|move|p1a: rotomwash|Thunderbolt|p2a: Zapdos
|-damage|p2a: Zapdos|37/100
|move|p2a: Zapdos|Volt Switch|p1a: rotomwash
|-damage|p1a: rotomwash|50/100
|
|t:|1666700940
|switch|p2a: Kartana|Kartana, shiny|84/100|[from]move: Volt Switch
|
|-heal|p1a: rotomwash|56/100|[from] item: Leftovers
|upkeep
|turn|11
|
|t:|1666700942
|switch|p1a: Tangrowth|Tangrowth, F|100/100
|move|p2a: Kartana|Leaf Blade|p1a: Tangrowth
|-resisted|p1a: Tangrowth
|-damage|p1a: Tangrowth|75/100
|
|upkeep
|turn|12
|
|t:|1666700947
|switch|p2a: Zapdos|Zapdos, shiny|37/100
|move|p1a: Tangrowth|Giga Drain|p2a: Zapdos
|-resisted|p2a: Zapdos
|-damage|p2a: Zapdos|26/100
|-heal|p1a: Tangrowth|80/100|[from] drain|[of] p2a: Zapdos
|
|upkeep
|turn|13
|
|t:|1666700949
|switch|p1a: rotomwash|Rotom-Wash|56/100
|move|p2a: Zapdos|Roost|p2a: Zapdos
|-heal|p2a: Zapdos|76/100
|-singleturn|p2a: Zapdos|move: Roost
|
|-heal|p1a: rotomwash|62/100|[from] item: Leftovers
|upkeep
|turn|14
|
|t:|1666700952
|move|p1a: rotomwash|Thunderbolt|p2a: Zapdos
|-damage|p2a: Zapdos|45/100
|move|p2a: Zapdos|Roost|p2a: Zapdos
|-heal|p2a: Zapdos|95/100
|-singleturn|p2a: Zapdos|move: Roost
|
|-heal|p1a: rotomwash|68/100|[from] item: Leftovers
|upkeep
|turn|15
|
|t:|1666700954
|move|p1a: rotomwash|Thunderbolt|p2a: Zapdos
|-crit|p2a: Zapdos
|-damage|p2a: Zapdos|53/100
|move|p2a: Zapdos|Volt Switch|p1a: rotomwash
|-damage|p1a: rotomwash|34/100
|
|t:|1666700966
|switch|p2a: Kartana|Kartana, shiny|84/100|[from]move: Volt Switch
|
|-heal|p1a: rotomwash|41/100|[from] item: Leftovers
|upkeep
|turn|16
|
|t:|1666700969
|switch|p1a: Tangrowth|Tangrowth, F|100/100
|move|p2a: Kartana|Smart Strike|p1a: Tangrowth
|-damage|p1a: Tangrowth|61/100
|
|upkeep
|turn|17
|
|t:|1666700975
|switch|p2a: Zapdos|Zapdos, shiny|53/100
|switch|p1a: rotomwash|Rotom-Wash|41/100
|
|-heal|p1a: rotomwash|47/100|[from] item: Leftovers
|upkeep
|turn|18
|
|t:|1666700979
|move|p1a: rotomwash|Thunderbolt|p2a: Zapdos
|-damage|p2a: Zapdos|24/100
|move|p2a: Zapdos|Roost|p2a: Zapdos
|-heal|p2a: Zapdos|74/100
|-singleturn|p2a: Zapdos|move: Roost
|
|-heal|p1a: rotomwash|53/100|[from] item: Leftovers
|upkeep
|turn|19
|
|t:|1666700982
|move|p1a: rotomwash|Pain Split|p2a: Zapdos
|-sethp|p2a: Zapdos|58/100|[from] move: Pain Split|[silent]
|-sethp|p1a: rotomwash|74/100|[from] move: Pain Split
|move|p2a: Zapdos|Roost|p2a: Zapdos
|-heal|p2a: Zapdos|100/100
|-singleturn|p2a: Zapdos|move: Roost
|
|-heal|p1a: rotomwash|80/100|[from] item: Leftovers
|upkeep
|turn|20
|
|t:|1666700984
|move|p1a: rotomwash|Thunderbolt|p2a: Zapdos
|-damage|p2a: Zapdos|71/100
|move|p2a: Zapdos|Volt Switch|p1a: rotomwash
|-damage|p1a: rotomwash|50/100
|
|t:|1666700990
|switch|p2a: Kartana|Kartana, shiny|84/100|[from]move: Volt Switch
|
|-heal|p1a: rotomwash|56/100|[from] item: Leftovers
|upkeep
|turn|21
|
|t:|1666700992
|switch|p1a: Tangrowth|Tangrowth, F|94/100
|move|p2a: Kartana|Leaf Blade|p1a: Tangrowth
|-resisted|p1a: Tangrowth
|-damage|p1a: Tangrowth|73/100
|
|upkeep
|turn|22
|
|t:|1666700996
|switch|p2a: Zapdos|Zapdos, shiny|71/100
|move|p1a: Tangrowth|Giga Drain|p2a: Zapdos
|-resisted|p2a: Zapdos
|-damage|p2a: Zapdos|58/100
|-heal|p1a: Tangrowth|78/100|[from] drain|[of] p2a: Zapdos
|
|upkeep
|turn|23
|
|t:|1666701000
|switch|p1a: rotomwash|Rotom-Wash|56/100
|move|p2a: Zapdos|Volt Switch|p1a: rotomwash
|-damage|p1a: rotomwash|23/100
|
|t:|1666701005
|switch|p2a: Kartana|Kartana, shiny|84/100|[from]move: Volt Switch
|
|-heal|p1a: rotomwash|29/100|[from] item: Leftovers
|upkeep
|turn|24
|
|t:|1666701008
|switch|p2a: Zapdos|Zapdos, shiny|58/100
|switch|p1a: Tangrowth|Tangrowth, F|100/100
|
|upkeep
|turn|25
|
|t:|1666701011
|move|p2a: Zapdos|Heat Wave|p1a: Tangrowth
|-supereffective|p1a: Tangrowth
|-damage|p1a: Tangrowth|20/100
|move|p1a: Tangrowth|Sleep Powder|p2a: Zapdos|[miss]
|-miss|p1a: Tangrowth|p2a: Zapdos
|
|upkeep
|turn|26
|
|t:|1666701014
|switch|p1a: landorustherian|Landorus-Therian, M|100/100
|-ability|p1a: landorustherian|Intimidate|boost
|-unboost|p2a: Zapdos|atk|1
|move|p2a: Zapdos|Volt Switch|p1a: landorustherian
|-immune|p1a: landorustherian
|
|upkeep
|turn|27
|
|t:|1666701020
|move|p2a: Zapdos|Roost|p2a: Zapdos
|-heal|p2a: Zapdos|100/100
|-singleturn|p2a: Zapdos|move: Roost
|move|p1a: landorustherian|Earthquake|p2a: Zapdos
|-supereffective|p2a: Zapdos
|-damage|p2a: Zapdos|22/100
|
|upkeep
|turn|28
|
|t:|1666701025
|switch|p2a: Slowbro|Slowbro, F, shiny|70/100
|move|p1a: landorustherian|Earthquake|p2a: Slowbro
|-damage|p2a: Slowbro|40/100
|
|upkeep
|turn|29
|
|t:|1666701029
|move|p1a: landorustherian|U-turn|p2a: Slowbro
|-supereffective|p2a: Slowbro
|-damage|p2a: Slowbro|14/100
|-damage|p1a: landorustherian|84/100|[from] item: Rocky Helmet|[of] p2a: Slowbro
|
|t:|1666701029
|switch|p1a: rotomwash|Rotom-Wash|29/100|[from]move: U-turn
|move|p2a: Slowbro|Slack Off|p2a: Slowbro
|-heal|p2a: Slowbro|64/100
|
|-heal|p1a: rotomwash|36/100|[from] item: Leftovers
|upkeep
|turn|30
|
|t:|1666701035
|switch|p2a: Nidoqueen|Nidoqueen, F, shiny|100/100
|move|p1a: rotomwash|Pain Split|p2a: Nidoqueen
|-sethp|p2a: Nidoqueen|67/100|[from] move: Pain Split|[silent]
|-sethp|p1a: rotomwash|73/100|[from] move: Pain Split
|
|-heal|p1a: rotomwash|79/100|[from] item: Leftovers
|upkeep
|turn|31
|
|t:|1666701037
|move|p1a: rotomwash|Hydro Pump|p2a: Nidoqueen|[miss]
|-miss|p1a: rotomwash|p2a: Nidoqueen
|move|p2a: Nidoqueen|Sludge Wave|p1a: rotomwash
|-damage|p1a: rotomwash|15/100
|
|-heal|p1a: rotomwash|21/100|[from] item: Leftovers
|upkeep
|turn|32
|
|t:|1666701047
|switch|p2a: Tapu Fini|Tapu Fini, shiny|100/100
|-fieldstart|move: Misty Terrain|[from] ability: Misty Surge|[of] p2a: Tapu Fini
|move|p1a: rotomwash|Pain Split|p2a: Tapu Fini
|-sethp|p2a: Tapu Fini|61/100|[from] move: Pain Split|[silent]
|-sethp|p1a: rotomwash|59/100|[from] move: Pain Split
|
|-heal|p1a: rotomwash|65/100|[from] item: Leftovers
|upkeep
|turn|33
|
|t:|1666701050
|move|p2a: Tapu Fini|Moonblast|p1a: rotomwash
|-damage|p1a: rotomwash|19/100
|move|p1a: rotomwash|Thunderbolt|p2a: Tapu Fini
|-supereffective|p2a: Tapu Fini
|-damage|p2a: Tapu Fini|0 fnt
|faint|p2a: Tapu Fini
|
|-heal|p1a: rotomwash|25/100|[from] item: Leftovers
|upkeep
|
|t:|1666701053
|switch|p2a: Kartana|Kartana, shiny|84/100
|turn|34
|
|t:|1666701055
|switch|p1a: Tangrowth|Tangrowth, F|53/100
|move|p2a: Kartana|Leaf Blade|p1a: Tangrowth
|-resisted|p1a: Tangrowth
|-damage|p1a: Tangrowth|30/100
|
|upkeep
|turn|35
|
|t:|1666701059
|move|p2a: Kartana|Leaf Blade|p1a: Tangrowth
|-resisted|p1a: Tangrowth
|-damage|p1a: Tangrowth|6/100
|move|p1a: Tangrowth|Giga Drain|p2a: Kartana
|-resisted|p2a: Kartana
|-damage|p2a: Kartana|63/100
|-heal|p1a: Tangrowth|13/100|[from] drain|[of] p2a: Kartana
|
|upkeep
|turn|36
|
|t:|1666701063
|switch|p1a: Heatran|Heatran, M|92/100
|move|p2a: Kartana|Leaf Blade|p1a: Heatran
|-resisted|p1a: Heatran
|-damage|p1a: Heatran|69/100
|
|-fieldend|Misty Terrain
|upkeep
|turn|37
|
|t:|1666701069
|switch|p2a: Slowbro|Slowbro, F, shiny|98/100
|move|p1a: Heatran|Earth Power|p2a: Slowbro
|-damage|p2a: Slowbro|68/100
|
|upkeep
|turn|38
|
|t:|1666701071
|move|p1a: Heatran|Stealth Rock|p2a: Slowbro
|-sidestart|p2: playeraccount|move: Stealth Rock
|move|p2a: Slowbro|Teleport|p2a: Slowbro
|
|t:|1666701074
|switch|p2a: Nidoqueen|Nidoqueen, F, shiny|67/100|[from]move: Teleport
|-damage|p2a: Nidoqueen|61/100|[from] Stealth Rock
|
|upkeep
|turn|39
|
|t:|1666701077
|move|p1a: Heatran|Earth Power|p2a: Nidoqueen
|-supereffective|p2a: Nidoqueen
|-damage|p2a: Nidoqueen|0 fnt
|faint|p2a: Nidoqueen
|
|upkeep
|
|t:|1666701080
|switch|p2a: Kartana|Kartana, shiny|63/100
|-damage|p2a: Kartana|56/100|[from] Stealth Rock
|turn|40
|
|t:|1666701083
|switch|p1a: Tangrowth|Tangrowth, F|46/100
|move|p2a: Kartana|Sacred Sword|p1a: Tangrowth
|-damage|p1a: Tangrowth|16/100
|
|upkeep
|turn|41
|
|t:|1666701086
|switch|p1a: landorustherian|Landorus-Therian, M|84/100
|-ability|p1a: landorustherian|Intimidate|boost
|-unboost|p2a: Kartana|atk|1
|move|p2a: Kartana|Sacred Sword|p1a: landorustherian
|-resisted|p1a: landorustherian
|-damage|p1a: landorustherian|65/100
|
|-heal|p1a: landorustherian|71/100|[from] item: Leftovers
|upkeep
|turn|42
|
|t:|1666701090
|switch|p2a: Diancie|Diancie, shiny|100/100
|-damage|p2a: Diancie|88/100|[from] Stealth Rock
|switch|p1a: Tangrowth|Tangrowth, F|49/100
|
|-heal|p2a: Diancie|94/100|[from] item: Leftovers
|upkeep
|turn|43
|
|t:|1666701092
|switch|p1a: landorustherian|Landorus-Therian, M|71/100
|-ability|p1a: landorustherian|Intimidate|boost
|-fail|p2a: Diancie|unboost|[from] ability: Clear Body|[of] p2a: Diancie
|move|p2a: Diancie|Diamond Storm|p1a: landorustherian
|-damage|p1a: landorustherian|39/100
|-boost|p2a: Diancie|def|2
|
|-heal|p1a: landorustherian|45/100|[from] item: Leftovers
|-heal|p2a: Diancie|100/100|[from] item: Leftovers
|upkeep
|turn|44
|
|t:|1666701095
|switch|p1a: Melmetal|Melmetal|51/100
|move|p2a: Diancie|Diamond Storm|p1a: Melmetal
|-resisted|p1a: Melmetal
|-damage|p1a: Melmetal|41/100
|
|upkeep
|turn|45
|
|t:|1666701098
|move|p2a: Diancie|Body Press|p1a: Melmetal
|-supereffective|p1a: Melmetal
|-damage|p1a: Melmetal|0 fnt
|faint|p1a: Melmetal
|
|upkeep
|
|t:|1666701098
|switch|p1a: landorustherian|Landorus-Therian, M|45/100
|-ability|p1a: landorustherian|Intimidate|boost
|-fail|p2a: Diancie|unboost|[from] ability: Clear Body|[of] p2a: Diancie
|turn|46
|
|t:|1666701104
|move|p1a: landorustherian|Toxic|p2a: Diancie
|-status|p2a: Diancie|tox
|move|p2a: Diancie|Diamond Storm|p1a: landorustherian|[miss]
|-miss|p2a: Diancie|p1a: landorustherian
|
|-heal|p1a: landorustherian|51/100|[from] item: Leftovers
|-damage|p2a: Diancie|94/100 tox|[from] psn
|upkeep
|turn|47
|
|t:|1666701107
|move|p1a: landorustherian|Earthquake|p2a: Diancie
|-supereffective|p2a: Diancie
|-damage|p2a: Diancie|59/100 tox
|move|p2a: Diancie|Heal Bell|p2a: Diancie
|-activate|p2a: Diancie|move: Heal Bell
|-curestatus|p2a: Diancie|tox|[msg]
|
|-heal|p1a: landorustherian|57/100|[from] item: Leftovers
|-heal|p2a: Diancie|65/100|[from] item: Leftovers
|upkeep
|turn|48
|
|t:|1666701110
|move|p1a: landorustherian|Toxic|p2a: Diancie
|-status|p2a: Diancie|tox
|move|p2a: Diancie|Body Press|p1a: landorustherian
|-resisted|p1a: landorustherian
|-damage|p1a: landorustherian|30/100
|
|-heal|p1a: landorustherian|36/100|[from] item: Leftovers
|-heal|p2a: Diancie|71/100 tox|[from] item: Leftovers
|-damage|p2a: Diancie|65/100 tox|[from] psn
|upkeep
|turn|49
|
|t:|1666701113
|move|p1a: landorustherian|Earthquake|p2a: Diancie
|-supereffective|p2a: Diancie
|-damage|p2a: Diancie|29/100 tox
|move|p2a: Diancie|Body Press|p1a: landorustherian
|-resisted|p1a: landorustherian
|-damage|p1a: landorustherian|13/100
|
|-heal|p1a: landorustherian|19/100|[from] item: Leftovers
|-heal|p2a: Diancie|36/100 tox|[from] item: Leftovers
|-damage|p2a: Diancie|23/100 tox|[from] psn
|upkeep
|turn|50
|
|t:|1666701115
|move|p1a: landorustherian|U-turn|p2a: Diancie
|-resisted|p2a: Diancie
|-damage|p2a: Diancie|19/100 tox
|
|t:|1666701116
|switch|p1a: Tangrowth|Tangrowth, F|82/100|[from]move: U-turn
|move|p2a: Diancie|Body Press|p1a: Tangrowth
|-damage|p1a: Tangrowth|55/100
|
|-heal|p2a: Diancie|25/100 tox|[from] item: Leftovers
|-damage|p2a: Diancie|6/100 tox|[from] psn
|upkeep
|turn|51
|
|t:|1666701119
|move|p2a: Diancie|Heal Bell|p2a: Diancie
|-activate|p2a: Diancie|move: Heal Bell
|-curestatus|p2a: Diancie|tox|[msg]
|move|p1a: Tangrowth|Giga Drain|p2a: Diancie
|-supereffective|p2a: Diancie
|-damage|p2a: Diancie|0 fnt
|-heal|p1a: Tangrowth|57/100|[from] drain|[of] p2a: Diancie
|faint|p2a: Diancie
|
|upkeep
|
|t:|1666701122
|switch|p2a: Zapdos|Zapdos, shiny|22/100
|turn|52
|
|t:|1666701124
|switch|p1a: Weavile|Weavile, F|100/100
|-ability|p1a: Weavile|Pressure
|move|p2a: Zapdos|Roost|p2a: Zapdos
|-heal|p2a: Zapdos|72/100
|-singleturn|p2a: Zapdos|move: Roost
|
|upkeep
|turn|53
|
|t:|1666701127
|move|p1a: Weavile|Ice Shard|p2a: Zapdos
|-supereffective|p2a: Zapdos
|-damage|p2a: Zapdos|24/100
|move|p2a: Zapdos|Heat Wave|p1a: Weavile
|-supereffective|p1a: Weavile
|-damage|p1a: Weavile|25/100
|
|upkeep
|turn|54
|
|t:|1666701131
|move|p1a: Weavile|Ice Shard|p2a: Zapdos
|-supereffective|p2a: Zapdos
|-damage|p2a: Zapdos|0 fnt
|faint|p2a: Zapdos
|
|upkeep
|
|t:|1666701133
|switch|p2a: Kartana|Kartana, shiny|56/100
|-damage|p2a: Kartana|50/100|[from] Stealth Rock
|turn|55
|
|t:|1666701135
|switch|p1a: Tangrowth|Tangrowth, F|90/100
|move|p2a: Kartana|Knock Off|p1a: Tangrowth
|-damage|p1a: Tangrowth|69/100
|
|upkeep
|turn|56
|
|t:|1666701139
|switch|p2a: Slowbro|Slowbro, F, shiny|100/100
|-damage|p2a: Slowbro|88/100|[from] Stealth Rock
|move|p1a: Tangrowth|Giga Drain|p2a: Slowbro
|-supereffective|p2a: Slowbro
|-damage|p2a: Slowbro|24/100
|-heal|p1a: Tangrowth|99/100|[from] drain|[of] p2a: Slowbro
|
|upkeep
|turn|57
|
|t:|1666701141
|move|p1a: Tangrowth|Knock Off|p2a: Slowbro
|-supereffective|p2a: Slowbro
|-damage|p2a: Slowbro|0 fnt
|-damage|p1a: Tangrowth|83/100|[from] item: Rocky Helmet|[of] p2a: Slowbro
|-enditem|p2a: Slowbro|Rocky Helmet|[from] move: Knock Off|[of] p1a: Tangrowth
|faint|p2a: Slowbro
|
|upkeep
|-message|playeraccount forfeited.
|
|win|minimax_ai
|raw|minimax_ai's rating: 1556 &rarr; <strong>1576</strong><br />(+20 for winning)
|raw|playeraccount's rating: 1558 &rarr; <strong>1538</strong><br />(-20 for losing)
|c|☆minimax_ai|gg
|l|☆playeraccount
