|raw|<div class="broadcast-blue"><strong>This battle is required to be public due to a player having a name starting with 'lt91bb'.</div>
|j|☆LT91BB bush
|j|☆Pinkacross
|t:|1659055840
|gametype|singles
|player|p1|LT91BB bush|170|1846
|player|p2|Pinkacross|artist|1927
|teamsize|p1|6
|teamsize|p2|6
|gen|8
|tier|[Gen 8] OU
|rated|
|rule|Sleep Clause Mod: Limit one foe put to sleep
|rule|Species Clause: Limit one of each Pokémon
|rule|OHKO Clause: OHKO moves are banned
|rule|Evasion Moves Clause: Evasion moves are banned
|rule|Endless Battle Clause: Forcing endless battles is banned
|rule|HP Percentage Mod: HP is shown in percentages
|rule|Dynamax Clause: You cannot dynamax
|clearpoke
|poke|p1|Landorus-Therian, M|
|poke|p1|Slowking-Galar, M|
|poke|p1|Ferrothorn, F|
|poke|p1|Urshifu-*, M|
|poke|p1|Dragapult, M|
|poke|p1|Zapdos|
|poke|p2|Pelipper, M|
|poke|p2|Tornadus-Therian, M|
|poke|p2|Noctowl, M|
|poke|p2|Ferrothorn, F|
|poke|p2|Barraskewda, F|
|poke|p2|Seismitoad, M|
|teampreview
|j| canton ticino
|c|☆Pinkacross|hf
|inactive|Battle timer is ON: inactive players will automatically lose when time's up. (requested by Pinkacross)
|
|t:|1659055851
|start
|switch|p1a: Slowking|Slowking-Galar, M|100/100
|switch|p2a: Pelipper|Pelipper, M|100/100
|-weather|RainDance|[from] ability: Drizzle|[of] p2a: Pelipper
|turn|1
|
|t:|1659055854
|move|p2a: Pelipper|U-turn|p1a: Slowking
|-damage|p1a: Slowking|91/100
|
|t:|1659055856
|switch|p2a: Seismitoad|Seismitoad, M|100/100|[from]move: U-turn
|move|p1a: Slowking|Future Sight|p2a: Seismitoad
|-start|p1a: Slowking|move: Future Sight
|
|-weather|RainDance|[upkeep]
|upkeep
|turn|2
|
|t:|1659055860
|move|p2a: Seismitoad|Knock Off|p1a: Slowking
|-supereffective|p1a: Slowking
|-damage|p1a: Slowking|0 fnt
|-enditem|p1a: Slowking|Assault Vest|[from] move: Knock Off|[of] p2a: Seismitoad
|faint|p1a: Slowking
|
|-weather|RainDance|[upkeep]
|upkeep
|
|t:|1659055866
|switch|p1a: Urshifu|Urshifu-Rapid-Strike, M|100/100
|turn|3
|
|t:|1659055869
|switch|p2a: Ferrothorn|Ferrothorn, F|100/100
|move|p1a: Urshifu|Close Combat|p2a: Ferrothorn
|-supereffective|p2a: Ferrothorn
|-damage|p2a: Ferrothorn|0 fnt
|-unboost|p1a: Urshifu|def|1
|-unboost|p1a: Urshifu|spd|1
|-damage|p1a: Urshifu|88/100|[from] ability: Iron Barbs|[of] p2a: Ferrothorn
|faint|p2a: Ferrothorn
|
|-weather|RainDance|[upkeep]
|-hint|Future Sight did not hit because the target is fainted.
|upkeep
|j| Tpct1
|
|t:|1659055884
|switch|p2a: Barraskewda|Barraskewda, F|100/100
|turn|4
|j| sup kid
|l| Tpct1
|
|t:|1659055901
|move|p2a: Barraskewda|Flip Turn|p1a: Urshifu
|-resisted|p1a: Urshifu
|-damage|p1a: Urshifu|28/100
|
|t:|1659055904
|switch|p2a: Pelipper|Pelipper, M|100/100|[from]move: Flip Turn
|move|p1a: Urshifu|Close Combat|p2a: Pelipper
|-resisted|p2a: Pelipper
|-damage|p2a: Pelipper|48/100
|-unboost|p1a: Urshifu|def|1
|-unboost|p1a: Urshifu|spd|1
|
|-weather|RainDance|[upkeep]
|upkeep
|turn|5
|j| ibleachyourskin
|j| LT91BB Quixana
|
|t:|1659055911
|switch|p2a: Tornadus|Tornadus-Therian, M|100/100
|move|p1a: Urshifu|Close Combat|p2a: Tornadus
|-resisted|p2a: Tornadus
|-damage|p2a: Tornadus|31/100
|-unboost|p1a: Urshifu|def|1
|-unboost|p1a: Urshifu|spd|1
|
|-weather|RainDance|[upkeep]
|upkeep
|turn|6
|j| practicinq
|
|t:|1659055917
|switch|p1a: Zapdos|Zapdos|100/100
|move|p2a: Tornadus|Weather Ball|p1a: Zapdos
|-damage|p1a: Zapdos|55/100
|
|-weather|RainDance|[upkeep]
|upkeep
|turn|7
|j|%Waves
|j| holy underwears
|j| zReptar
|
|t:|1659055925
|switch|p2a: Seismitoad|Seismitoad, M|100/100
|move|p1a: Zapdos|Roost|p1a: Zapdos
|-heal|p1a: Zapdos|100/100
|-singleturn|p1a: Zapdos|move: Roost
|
|-weather|RainDance|[upkeep]
|upkeep
|turn|8
|
|t:|1659055930
|switch|p1a: Fake Mikey|Ferrothorn, F|100/100
|move|p2a: Seismitoad|Liquidation|p1a: Fake Mikey
|-resisted|p1a: Fake Mikey
|-damage|p1a: Fake Mikey|69/100
|-damage|p2a: Seismitoad|88/100|[from] ability: Iron Barbs|[of] p1a: Fake Mikey
|
|-weather|none
|-heal|p1a: Fake Mikey|75/100|[from] item: Leftovers
|upkeep
|turn|9
|j| ten three one
|
|t:|1659055935
|switch|p2a: Pelipper|Pelipper, M|48/100
|-weather|RainDance|[from] ability: Drizzle|[of] p2a: Pelipper
|move|p1a: Fake Mikey|Stealth Rock|p2a: Pelipper
|-sidestart|p2: Pinkacross|move: Stealth Rock
|
|-weather|RainDance|[upkeep]
|-heal|p1a: Fake Mikey|82/100|[from] item: Leftovers
|upkeep
|turn|10
|
|t:|1659055939
|move|p2a: Pelipper|Defog|p1a: Fake Mikey
|-unboost|p1a: Fake Mikey|evasion|1
|-sideend|p2: Pinkacross|Stealth Rock|[from] move: Defog|[of] p2a: Pelipper
|move|p1a: Fake Mikey|Leech Seed|p2a: Pelipper
|-start|p2a: Pelipper|move: Leech Seed
|
|-weather|RainDance|[upkeep]
|-heal|p1a: Fake Mikey|88/100|[from] item: Leftovers
|-damage|p2a: Pelipper|35/100|[from] Leech Seed|[of] p1a: Fake Mikey
|-heal|p1a: Fake Mikey|99/100|[silent]
|upkeep
|turn|11
|
|t:|1659055942
|switch|p2a: Noctowl|Noctowl, M|100/100
|move|p1a: Fake Mikey|Stealth Rock|p2a: Noctowl
|-sidestart|p2: Pinkacross|move: Stealth Rock
|
|-weather|RainDance|[upkeep]
|-heal|p1a: Fake Mikey|100/100|[from] item: Leftovers
|upkeep
|turn|12
|
|t:|1659055946
|switch|p1a: Zapdos|Zapdos|100/100
|move|p2a: Noctowl|Hurricane|p1a: Zapdos
|-resisted|p1a: Zapdos
|-damage|p1a: Zapdos|36/100
|
|-weather|RainDance|[upkeep]
|upkeep
|turn|13
|
|t:|1659055954
|move|p1a: Zapdos|Volt Switch|p2a: Noctowl
|-supereffective|p2a: Noctowl
|-damage|p2a: Noctowl|54/100
|
|t:|1659055959
|switch|p1a: Urshifu|Urshifu-Rapid-Strike, M|28/100|[from]move: Volt Switch
|move|p2a: Noctowl|Hurricane|p1a: Urshifu
|-supereffective|p1a: Urshifu
|-damage|p1a: Urshifu|0 fnt
|faint|p1a: Urshifu
|
|-weather|RainDance|[upkeep]
|upkeep
|j| LT91BB PDC
|
|t:|1659055965
|switch|p1a: Dragapult|Dragapult, M|100/100
|turn|14
|j| LT91BB Tace
|
|t:|1659055971
|move|p1a: Dragapult|Draco Meteor|p2a: Noctowl|[miss]
|-miss|p1a: Dragapult|p2a: Noctowl
|move|p2a: Noctowl|Hurricane|p1a: Dragapult
|-damage|p1a: Dragapult|5/100
|
|-weather|RainDance|[upkeep]
|upkeep
|turn|15
|
|t:|1659055976
|move|p1a: Dragapult|Draco Meteor|p2a: Noctowl
|-damage|p2a: Noctowl|0 fnt
|-unboost|p1a: Dragapult|spa|2
|faint|p2a: Noctowl
|
|-weather|RainDance|[upkeep]
|upkeep
|j| Barracades
|
|t:|1659055983
|switch|p2a: Tornadus|Tornadus-Therian, M|64/100
|turn|16
|l| sup kid
|
|t:|1659055993
|switch|p1a: Landorus|Landorus-Therian, M|100/100
|-ability|p1a: Landorus|Intimidate|boost
|-unboost|p2a: Tornadus|atk|1
|move|p2a: Tornadus|Weather Ball|p1a: Landorus
|-supereffective|p1a: Landorus
|-damage|p1a: Landorus|36/100
|
|-weather|none
|-heal|p1a: Landorus|42/100|[from] item: Leftovers
|upkeep
|turn|17
|
|t:|1659056004
|move|p2a: Tornadus|Hurricane|p1a: Landorus
|-damage|p1a: Landorus|4/100
|move|p1a: Landorus|Knock Off|p2a: Tornadus
|-damage|p2a: Tornadus|19/100
|-enditem|p2a: Tornadus|Heavy-Duty Boots|[from] move: Knock Off|[of] p1a: Landorus
|
|-heal|p1a: Landorus|10/100|[from] item: Leftovers
|upkeep
|turn|18
|
|t:|1659056010
|move|p2a: Tornadus|Weather Ball|p1a: Landorus
|-damage|p1a: Landorus|0 fnt
|faint|p1a: Landorus
|
|upkeep
|j| LT91BB Egerie
|
|t:|1659056029
|switch|p1a: Zapdos|Zapdos|36/100
|turn|19
|
|t:|1659056033
|switch|p2a: Seismitoad|Seismitoad, M|88/100
|-damage|p2a: Seismitoad|82/100|[from] Stealth Rock
|move|p1a: Zapdos|Roost|p1a: Zapdos
|-heal|p1a: Zapdos|86/100
|-singleturn|p1a: Zapdos|move: Roost
|
|upkeep
|turn|20
|
|t:|1659056038
|move|p1a: Zapdos|Toxic|p2a: Seismitoad
|-status|p2a: Seismitoad|tox
|move|p2a: Seismitoad|Ice Punch|p1a: Zapdos
|-supereffective|p1a: Zapdos
|-damage|p1a: Zapdos|30/100
|
|-damage|p2a: Seismitoad|76/100 tox|[from] psn
|upkeep
|turn|21
|
|t:|1659056045
|switch|p2a: Pelipper|Pelipper, M|35/100
|-damage|p2a: Pelipper|10/100|[from] Stealth Rock
|-weather|RainDance|[from] ability: Drizzle|[of] p2a: Pelipper
|move|p1a: Zapdos|Roost|p1a: Zapdos
|-heal|p1a: Zapdos|80/100
|-singleturn|p1a: Zapdos|move: Roost
|
|-weather|RainDance|[upkeep]
|upkeep
|turn|22
|
|t:|1659056050
|move|p1a: Zapdos|Volt Switch|p2a: Pelipper
|-supereffective|p2a: Pelipper
|-damage|p2a: Pelipper|0 fnt
|faint|p2a: Pelipper
|j| wish killer
|
|t:|1659056054
|switch|p1a: Fake Mikey|Ferrothorn, F|100/100|[from]move: Volt Switch
|
|-weather|RainDance|[upkeep]
|upkeep
|
|t:|1659056056
|switch|p2a: Tornadus|Tornadus-Therian, M|52/100
|-damage|p2a: Tornadus|28/100|[from] Stealth Rock
|turn|23
|
|t:|1659056063
|switch|p1a: Zapdos|Zapdos|80/100
|move|p2a: Tornadus|Nasty Plot|p2a: Tornadus
|-boost|p2a: Tornadus|spa|2
|
|-weather|RainDance|[upkeep]
|upkeep
|turn|24
|c| wish killer|pinkacross
|
|t:|1659056067
|move|p2a: Tornadus|Weather Ball|p1a: Zapdos
|-damage|p1a: Zapdos|0 fnt
|faint|p1a: Zapdos
|
|-weather|RainDance|[upkeep]
|upkeep
|c| wish killer|what would u be without storm zone
|
|t:|1659056071
|switch|p1a: Dragapult|Dragapult, M|5/100
|turn|25
|
|t:|1659056076
|move|p1a: Dragapult|Shadow Ball|p2a: Tornadus
|-damage|p2a: Tornadus|0 fnt
|faint|p2a: Tornadus
|
|-weather|RainDance|[upkeep]
|upkeep
|
|t:|1659056078
|switch|p2a: Seismitoad|Seismitoad, M|76/100 tox
|-damage|p2a: Seismitoad|70/100 tox|[from] Stealth Rock
|turn|26
|
|t:|1659056081
|move|p2a: Seismitoad|Earthquake|p1a: Dragapult
|-damage|p1a: Dragapult|0 fnt
|faint|p1a: Dragapult
|
|-weather|RainDance|[upkeep]
|-damage|p2a: Seismitoad|64/100 tox|[from] psn
|upkeep
|j| penny eater
|
|t:|1659056084
|switch|p1a: Fake Mikey|Ferrothorn, F|100/100
|turn|27
|
|t:|1659056087
|move|p2a: Seismitoad|Earthquake|p1a: Fake Mikey
|-damage|p1a: Fake Mikey|53/100
|move|p1a: Fake Mikey|Leech Seed|p2a: Seismitoad
|-start|p2a: Seismitoad|move: Leech Seed
|
|-weather|RainDance|[upkeep]
|-heal|p1a: Fake Mikey|60/100|[from] item: Leftovers
|-damage|p2a: Seismitoad|52/100 tox|[from] Leech Seed|[of] p1a: Fake Mikey
|-heal|p1a: Fake Mikey|72/100|[silent]
|-damage|p2a: Seismitoad|40/100 tox|[from] psn
|upkeep
|turn|28
|
|t:|1659056093
|move|p2a: Seismitoad|Earthquake|p1a: Fake Mikey
|-damage|p1a: Fake Mikey|24/100
|move|p1a: Fake Mikey|Gyro Ball|p2a: Seismitoad
|-resisted|p2a: Seismitoad
|-damage|p2a: Seismitoad|9/100 tox
|
|-weather|none
|-heal|p1a: Fake Mikey|30/100|[from] item: Leftovers
|-damage|p2a: Seismitoad|0 fnt|[from] Leech Seed|[of] p1a: Fake Mikey
|-heal|p1a: Fake Mikey|39/100|[silent]
|faint|p2a: Seismitoad
|upkeep
|
|t:|1659056095
|switch|p2a: Barraskewda|Barraskewda, F|100/100
|-damage|p2a: Barraskewda|88/100|[from] Stealth Rock
|turn|29
|c|☆Pinkacross|gg
|
|t:|1659056099
|move|p2a: Barraskewda|Close Combat|p1a: Fake Mikey
|-supereffective|p1a: Fake Mikey
|-damage|p1a: Fake Mikey|0 fnt
|-unboost|p2a: Barraskewda|def|1
|-unboost|p2a: Barraskewda|spd|1
|-damage|p2a: Barraskewda|76/100|[from] ability: Iron Barbs|[of] p1a: Fake Mikey
|faint|p1a: Fake Mikey
|
|win|Pinkacross
|raw|LT91BB bush's rating: 1846 &rarr; <strong>1831</strong><br />(-15 for losing)
|raw|Pinkacross's rating: 1927 &rarr; <strong>1942</strong><br />(+15 for winning)
|l| Barracades
|l|%Waves
|l| ten three one
|l|☆LT91BB bush
|l| zReptar
|l| canton ticino
|l| LT91BB Egerie
|l| penny eater
|j| zReptar
|j| LT91BB AlI
|l| LT91BB AlI
|l| ibleachyourskin
||Ladder isn't responding, score probably updated but might not have (Request timeout).
