|j|☆user1_ou
|j|☆PsykoCat
|player|p1|user1_ou|eusine|1805
|player|p2|PsykoCat|2|1707
|teamsize|p1|6
|teamsize|p2|6
|gametype|singles
|gen|8
|tier|[Gen 8] OU
|rated|
|clearpoke
|poke|p1|Mandibuzz, F|
|poke|p1|Clefable, F|
|poke|p1|Dracozolt|
|poke|p1|Magearna|
|poke|p1|Excadrill, M|
|poke|p1|Crawdaunt, F|
|poke|p2|Scolipede, M|
|poke|p2|Magnezone|
|poke|p2|Kyurem|
|poke|p2|Kommo-o, M|
|poke|p2|Cinderace, F|
|poke|p2|Mandibuzz, F|
|rule|Sleep Clause Mod: Limit one foe put to sleep
|rule|Species Clause: Limit one of each Pokémon
|rule|OHKO Clause: OHKO moves are banned
|rule|Evasion Moves Clause: Evasion moves are banned
|rule|Endless Battle Clause: Forcing endless battles is banned
|rule|HP Percentage Mod: HP is shown in percentages
|rule|Dynamax Clause: You cannot dynamax
|teampreview
|
|start
|switch|p1a: Dracozolt|Dracozolt|100/100
|switch|p2a: Cinderace|Cinderace, F|100/100
|turn|1
|
|move|p2a: Cinderace|Gunk Shot|p1a: Dracozolt
|-start|p2a: Cinderace|typechange|Poison|[from] ability: Libero
|-damage|p1a: Dracozolt|33/100
|move|p1a: Dracozolt|Bolt Beak|p2a: Cinderace|[miss]
|-miss|p1a: Dracozolt|p2a: Cinderace
|
|-heal|p1a: Dracozolt|39/100|[from] item: Leftovers
|upkeep
|turn|2
|j| Blop_Le_Slime
|l| Blop_Le_Slime
|
|switch|p1a: Mandibuzz|Mandibuzz, F|100/100
|move|p2a: Cinderace|U-turn|p1a: Mandibuzz
|-start|p2a: Cinderace|typechange|Bug|[from] ability: Libero
|-damage|p1a: Mandibuzz|76/100
|
|switch|p2a: Kyurem|Kyurem|100/100|[from]move: U-turn
|-ability|p2a: Kyurem|Pressure
|
|upkeep
|turn|3
|
|switch|p1a: Magearna|Magearna|100/100
|move|p2a: Kyurem|Earth Power|p1a: Magearna
|-supereffective|p1a: Magearna
|-damage|p1a: Magearna|19/100
|
|upkeep
|turn|4
|
|switch|p2a: Magnezone|Magnezone|100/100
|move|p1a: Magearna|Volt Switch|p2a: Magnezone
|-resisted|p2a: Magnezone
|-damage|p2a: Magnezone|75/100
|
|switch|p1a: Excadrill|Excadrill, M|100/100|[from]move: Volt Switch
|-ability|p1a: Excadrill|Mold Breaker
|
|-heal|p2a: Magnezone|81/100|[from] item: Leftovers
|upkeep
|turn|5
|
|switch|p2a: Kommo-o|Kommo-o, M|100/100
|move|p1a: Excadrill|Toxic|p2a: Kommo-o
|-status|p2a: Kommo-o|tox
|
|-damage|p2a: Kommo-o|94/100 tox|[from] psn
|upkeep
|turn|6
|
|switch|p1a: Clefable|Clefable, F|100/100
|move|p2a: Kommo-o|Stealth Rock|p1a: Clefable
|-sidestart|p1: user1_ou|move: Stealth Rock
|
|-heal|p2a: Kommo-o|100/100 tox|[from] item: Leftovers
|-damage|p2a: Kommo-o|88/100 tox|[from] psn
|upkeep
|turn|7
|j| Senior egg 91
|
|switch|p2a: Scolipede|Scolipede, M|100/100
|move|p1a: Clefable|Stealth Rock|p2a: Scolipede
|-sidestart|p2: PsykoCat|move: Stealth Rock
|
|upkeep
|turn|8
|
|move|p2a: Scolipede|Swords Dance|p2a: Scolipede
|-boost|p2a: Scolipede|atk|2
|move|p1a: Clefable|Moonblast|p2a: Scolipede
|-resisted|p2a: Scolipede
|-damage|p2a: Scolipede|77/100
|-unboost|p2a: Scolipede|spa|1
|
|-ability|p2a: Scolipede|Speed Boost|boost
|-boost|p2a: Scolipede|spe|1
|upkeep
|turn|9
|
|switch|p1a: Magearna|Magearna|19/100
|-damage|p1a: Magearna|13/100|[from] Stealth Rock
|move|p2a: Scolipede|Poison Jab|p1a: Magearna
|-immune|p1a: Magearna
|
|-ability|p2a: Scolipede|Speed Boost|boost
|-boost|p2a: Scolipede|spe|1
|upkeep
|turn|10
|
|move|p2a: Scolipede|Earthquake|p1a: Magearna
|-supereffective|p1a: Magearna
|-damage|p1a: Magearna|0 fnt
|faint|p1a: Magearna
|
|-ability|p2a: Scolipede|Speed Boost|boost
|-boost|p2a: Scolipede|spe|1
|upkeep
|
|switch|p1a: Crawdaunt|Crawdaunt, F|100/100
|-damage|p1a: Crawdaunt|88/100|[from] Stealth Rock
|turn|11
|
|move|p1a: Crawdaunt|Aqua Jet|p2a: Scolipede
|-damage|p2a: Scolipede|25/100
|-damage|p1a: Crawdaunt|78/100|[from] item: Life Orb
|move|p2a: Scolipede|Poison Jab|p1a: Crawdaunt
|-damage|p1a: Crawdaunt|0 fnt
|faint|p1a: Crawdaunt
|
|-ability|p2a: Scolipede|Speed Boost|boost
|-boost|p2a: Scolipede|spe|1
|upkeep
|j| JeRedAlv
|
|switch|p1a: Mandibuzz|Mandibuzz, F|76/100
|turn|12
|
|move|p2a: Scolipede|Megahorn|p1a: Mandibuzz
|-damage|p1a: Mandibuzz|0 fnt
|faint|p1a: Mandibuzz
|
|-ability|p2a: Scolipede|Speed Boost|boost
|-boost|p2a: Scolipede|spe|1
|upkeep
|c|☆PsykoCat|gg
|-message|user1_ou forfeited.
|
|win|PsykoCat
|l|☆user1_ou
|c| JeRedAlv|Gg
|raw|user1_ou's rating: 1824 &rarr; <strong>1797</strong><br />(-27 for losing)
|raw|PsykoCat's rating: 1707 &rarr; <strong>1733</strong><br />(+26 for winning)
|l| JeRedAlv
