|j|☆TheonReekGreyjoy
|j|☆0kay
|t:|1634829000
|gametype|singles
|player|p1|TheonReekGreyjoy|7|1870
|player|p2|0kay|erika-gen2|1755
|teamsize|p1|6
|teamsize|p2|6
|gen|8
|tier|[Gen 8] OU
|rated|
|rule|Sleep Clause Mod: Limit one foe put to sleep
|rule|Species Clause: Limit one of each Pokémon
|rule|OHKO Clause: OHKO moves are banned
|rule|Evasion Moves Clause: Evasion moves are banned
|rule|Endless Battle Clause: Forcing endless battles is banned
|rule|HP Percentage Mod: HP is shown in percentages
|rule|Dynamax Clause: You cannot dynamax
|clearpoke
|poke|p1|Melmetal|
|poke|p1|Dragapult, M|
|poke|p1|Ninetales-Alola, F|
|poke|p1|Vanilluxe, M|
|poke|p1|Arctozolt|
|poke|p1|Landorus-Therian, M|
|poke|p2|Weavile, M|
|poke|p2|Dragapult, F|
|poke|p2|Melmetal|
|poke|p2|Landorus-Therian, M|
|poke|p2|Tapu Fini|
|poke|p2|Volcarona, F|
|teampreview
|inactive|Battle timer is ON: inactive players will automatically lose when time's up. (requested by 0kay)
|
|t:|1634829019
|start
|switch|p1a: Ninetales|Ninetales-Alola, F|100/100
|switch|p2a: Weavile|Weavile, M, shiny|100/100
|-ability|p2a: Weavile|Pressure
|-weather|Hail|[from] ability: Snow Warning|[of] p1a: Ninetales
|turn|1
|
|t:|1634829030
|move|p2a: Weavile|Poison Jab|p1a: Ninetales
|-supereffective|p1a: Ninetales
|-damage|p1a: Ninetales|0 fnt
|faint|p1a: Ninetales
|
|-weather|Hail|[upkeep]
|upkeep
|j| 3ck5d33
|j| slobadd
|j| jey2
|inactive|TheonReekGreyjoy has 120 seconds left.
|
|t:|1634829063
|switch|p1a: Dragapult|Dragapult, M|100/100
|turn|2
|
|t:|1634829071
|switch|p2a: Tapu Fini|Tapu Fini, shiny|100/100
|-fieldstart|move: Misty Terrain|[from] ability: Misty Surge|[of] p2a: Tapu Fini
|move|p1a: Dragapult|Dragon Dance|p1a: Dragapult
|-boost|p1a: Dragapult|atk|1
|-boost|p1a: Dragapult|spe|1
|
|-weather|Hail|[upkeep]
|-damage|p1a: Dragapult|95/100|[from] Hail
|-damage|p2a: Tapu Fini|94/100|[from] Hail
|-heal|p1a: Dragapult|100/100|[from] item: Leftovers
|-heal|p2a: Tapu Fini|100/100|[from] item: Leftovers
|upkeep
|turn|3
|
|t:|1634829078
|move|p1a: Dragapult|Phantom Force||[still]
|-prepare|p1a: Dragapult|Phantom Force
|move|p2a: Tapu Fini|Calm Mind|p2a: Tapu Fini
|-boost|p2a: Tapu Fini|spa|1
|-boost|p2a: Tapu Fini|spd|1
|
|-weather|Hail|[upkeep]
|-damage|p1a: Dragapult|95/100|[from] Hail
|-damage|p2a: Tapu Fini|94/100|[from] Hail
|-heal|p1a: Dragapult|100/100|[from] item: Leftovers
|-heal|p2a: Tapu Fini|100/100|[from] item: Leftovers
|upkeep
|turn|4
|
|t:|1634829082
|move|p1a: Dragapult|Phantom Force|p2a: Tapu Fini|[from]lockedmove
|-damage|p2a: Tapu Fini|50/100
|move|p2a: Tapu Fini|Draining Kiss|p1a: Dragapult
|-supereffective|p1a: Dragapult
|-damage|p1a: Dragapult|29/100
|-heal|p2a: Tapu Fini|99/100|[from] drain|[of] p1a: Dragapult
|
|-weather|Hail|[upkeep]
|-damage|p1a: Dragapult|23/100|[from] Hail
|-damage|p2a: Tapu Fini|94/100|[from] Hail
|-heal|p1a: Dragapult|29/100|[from] item: Leftovers
|-heal|p2a: Tapu Fini|99/100|[from] item: Leftovers
|upkeep
|turn|5
|
|t:|1634829089
|switch|p1a: Melmetal|Melmetal|100/100
|move|p2a: Tapu Fini|Scald|p1a: Melmetal
|-damage|p1a: Melmetal|61/100
|
|-weather|none
|-heal|p2a: Tapu Fini|100/100|[from] item: Leftovers
|-heal|p1a: Melmetal|67/100|[from] item: Leftovers
|upkeep
|turn|6
|
|t:|1634829101
|switch|p2a: Volcarona|Volcarona, F, shiny|100/100
|move|p1a: Melmetal|Double Iron Bash|p2a: Volcarona
|-resisted|p2a: Volcarona
|-damage|p2a: Volcarona|74/100
|-resisted|p2a: Volcarona
|-crit|p2a: Volcarona
|-damage|p2a: Volcarona|34/100
|-hitcount|p2a: Volcarona|2
|
|-heal|p1a: Melmetal|73/100|[from] item: Leftovers
|-fieldend|Misty Terrain
|upkeep
|turn|7
|
|t:|1634829107
|switch|p1a: Landorus|Landorus-Therian, M|100/100
|-ability|p1a: Landorus|Intimidate|boost
|-unboost|p2a: Volcarona|atk|1
|move|p2a: Volcarona|Roost|p2a: Volcarona
|-heal|p2a: Volcarona|84/100
|-singleturn|p2a: Volcarona|move: Roost
|
|upkeep
|turn|8
|
|t:|1634829113
|switch|p2a: Landorus|Landorus-Therian, M, shiny|100/100
|-ability|p2a: Landorus|Intimidate|boost
|-unboost|p1a: Landorus|atk|1
|move|p1a: Landorus|Toxic|p2a: Landorus
|-status|p2a: Landorus|tox
|
|-damage|p2a: Landorus|94/100 tox|[from] psn
|upkeep
|turn|9
|
|t:|1634829124
|switch|p1a: Vanilluxe|Vanilluxe, M|100/100
|-weather|Hail|[from] ability: Snow Warning|[of] p1a: Vanilluxe
|move|p2a: Landorus|Toxic|p1a: Vanilluxe
|-status|p1a: Vanilluxe|tox
|
|-weather|Hail|[upkeep]
|-damage|p2a: Landorus|88/100 tox|[from] Hail
|-heal|p2a: Landorus|94/100 tox|[from] item: Leftovers
|-damage|p1a: Vanilluxe|94/100 tox|[from] psn
|-damage|p2a: Landorus|82/100 tox|[from] psn
|upkeep
|turn|10
|
|t:|1634829135
|switch|p2a: Volcarona|Volcarona, F, shiny|84/100
|move|p1a: Vanilluxe|Blizzard|p2a: Volcarona
|-resisted|p2a: Volcarona
|-damage|p2a: Volcarona|56/100
|
|-weather|Hail|[upkeep]
|-damage|p2a: Volcarona|50/100|[from] Hail
|-damage|p1a: Vanilluxe|82/100 tox|[from] psn
|upkeep
|turn|11
|
|t:|1634829142
|switch|p1a: Landorus|Landorus-Therian, M|100/100
|-ability|p1a: Landorus|Intimidate|boost
|-unboost|p2a: Volcarona|atk|1
|move|p2a: Volcarona|Roost|p2a: Volcarona
|-heal|p2a: Volcarona|99/100
|-singleturn|p2a: Volcarona|move: Roost
|
|-weather|Hail|[upkeep]
|-damage|p2a: Volcarona|94/100|[from] Hail
|-damage|p1a: Landorus|94/100|[from] Hail
|-heal|p1a: Landorus|100/100|[from] item: Leftovers
|upkeep
|turn|12
|j| AgentJojo
|
|t:|1634829148
|move|p2a: Volcarona|Fiery Dance|p1a: Landorus
|-damage|p1a: Landorus|72/100
|move|p1a: Landorus|U-turn|p2a: Volcarona
|-resisted|p2a: Volcarona
|-crit|p2a: Volcarona
|-damage|p2a: Volcarona|71/100
|
|t:|1634829154
|switch|p1a: Arctozolt|Arctozolt|100/100|[from]move: U-turn
|
|-weather|Hail|[upkeep]
|-damage|p2a: Volcarona|65/100|[from] Hail
|upkeep
|turn|13
|
|t:|1634829161
|move|p1a: Arctozolt|Bolt Beak|p2a: Volcarona
|-damage|p2a: Volcarona|0 fnt
|faint|p2a: Volcarona
|
|-weather|none
|upkeep
|
|t:|1634829183
|switch|p2a: Weavile|Weavile, M, shiny|100/100
|-ability|p2a: Weavile|Pressure
|turn|14
|
|t:|1634829198
|switch|p1a: Landorus|Landorus-Therian, M|72/100
|-ability|p1a: Landorus|Intimidate|boost
|-unboost|p2a: Weavile|atk|1
|move|p2a: Weavile|Knock Off|p1a: Landorus
|-damage|p1a: Landorus|30/100
|-enditem|p1a: Landorus|Leftovers|[from] move: Knock Off|[of] p2a: Weavile
|
|upkeep
|turn|15
|
|t:|1634829209
|switch|p2a: Landorus|Landorus-Therian, M, shiny|82/100 tox
|-ability|p2a: Landorus|Intimidate|boost
|-unboost|p1a: Landorus|atk|1
|move|p1a: Landorus|U-turn|p2a: Landorus
|-resisted|p2a: Landorus
|-damage|p2a: Landorus|75/100 tox
|
|t:|1634829215
|switch|p1a: Vanilluxe|Vanilluxe, M|82/100 tox|[from]move: U-turn
|-weather|Hail|[from] ability: Snow Warning|[of] p1a: Vanilluxe
|
|-weather|Hail|[upkeep]
|-damage|p2a: Landorus|69/100 tox|[from] Hail
|-heal|p2a: Landorus|75/100 tox|[from] item: Leftovers
|-damage|p1a: Vanilluxe|76/100 tox|[from] psn
|-damage|p2a: Landorus|69/100 tox|[from] psn
|upkeep
|turn|16
|
|t:|1634829229
|switch|p2a: Weavile|Weavile, M, shiny|100/100
|-ability|p2a: Weavile|Pressure
|move|p1a: Vanilluxe|Blizzard|p2a: Weavile
|-resisted|p2a: Weavile
|-damage|p2a: Weavile|53/100
|
|-weather|Hail|[upkeep]
|-damage|p1a: Vanilluxe|64/100 tox|[from] psn
|upkeep
|turn|17
|
|t:|1634829238
|switch|p1a: Landorus|Landorus-Therian, M|30/100
|-ability|p1a: Landorus|Intimidate|boost
|-unboost|p2a: Weavile|atk|1
|move|p2a: Weavile|Knock Off|p1a: Landorus
|-damage|p1a: Landorus|3/100
|
|-weather|Hail|[upkeep]
|-damage|p1a: Landorus|0 fnt|[from] Hail
|faint|p1a: Landorus
|upkeep
|j| keep6ftplaya
|
|t:|1634829246
|switch|p1a: Arctozolt|Arctozolt|100/100
|turn|18
|
|t:|1634829265
|switch|p2a: Landorus|Landorus-Therian, M, shiny|69/100 tox
|-ability|p2a: Landorus|Intimidate|boost
|-unboost|p1a: Arctozolt|atk|1
|move|p1a: Arctozolt|Bolt Beak|p2a: Landorus
|-immune|p2a: Landorus
|
|-weather|Hail|[upkeep]
|-damage|p2a: Landorus|63/100 tox|[from] Hail
|-heal|p2a: Landorus|69/100 tox|[from] item: Leftovers
|-damage|p2a: Landorus|63/100 tox|[from] psn
|upkeep
|turn|19
|
|t:|1634829273
|move|p1a: Arctozolt|Blizzard|p2a: Landorus
|-supereffective|p2a: Landorus
|-crit|p2a: Landorus
|-damage|p2a: Landorus|0 fnt
|faint|p2a: Landorus
|
|-weather|none
|upkeep
|
|t:|1634829279
|switch|p2a: Weavile|Weavile, M, shiny|53/100
|-ability|p2a: Weavile|Pressure
|turn|20
|
|t:|1634829286
|switch|p1a: Dragapult|Dragapult, M|29/100
|move|p2a: Weavile|Knock Off|p1a: Dragapult
|-supereffective|p1a: Dragapult
|-damage|p1a: Dragapult|0 fnt
|-enditem|p1a: Dragapult|Leftovers|[from] move: Knock Off|[of] p2a: Weavile
|faint|p1a: Dragapult
|
|upkeep
|j| fgfhfgdhgd
|
|t:|1634829289
|switch|p1a: Melmetal|Melmetal|73/100
|turn|21
|
|t:|1634829294
|move|p2a: Weavile|Knock Off|p1a: Melmetal
|-damage|p1a: Melmetal|22/100
|-enditem|p1a: Melmetal|Leftovers|[from] move: Knock Off|[of] p2a: Weavile
|move|p1a: Melmetal|Double Iron Bash|p2a: Weavile
|-supereffective|p2a: Weavile
|-damage|p2a: Weavile|0 fnt
|faint|p2a: Weavile
|-hitcount|p2: Weavile|1
|
|upkeep
|l| keep6ftplaya
|j| PotatoQAQ
|
|t:|1634829304
|switch|p2a: Melmetal|Melmetal, shiny|100/100
|turn|22
|
|t:|1634829307
|move|p1a: Melmetal|Earthquake|p2a: Melmetal
|-supereffective|p2a: Melmetal
|-damage|p2a: Melmetal|56/100
|move|p2a: Melmetal|Double Iron Bash|p1a: Melmetal
|-resisted|p1a: Melmetal
|-damage|p1a: Melmetal|2/100
|-resisted|p1a: Melmetal
|-damage|p1a: Melmetal|0 fnt
|faint|p1a: Melmetal
|-hitcount|p1: Melmetal|2
|
|upkeep
|
|t:|1634829313
|switch|p1a: Vanilluxe|Vanilluxe, M|64/100 tox
|-weather|Hail|[from] ability: Snow Warning|[of] p1a: Vanilluxe
|turn|23
|
|t:|1634829317
|switch|p2a: Tapu Fini|Tapu Fini, shiny|100/100
|-fieldstart|move: Misty Terrain|[from] ability: Misty Surge|[of] p2a: Tapu Fini
|move|p1a: Vanilluxe|Blizzard|p2a: Tapu Fini
|-resisted|p2a: Tapu Fini
|-damage|p2a: Tapu Fini|73/100
|
|-weather|Hail|[upkeep]
|-damage|p2a: Tapu Fini|67/100|[from] Hail
|-heal|p2a: Tapu Fini|73/100|[from] item: Leftovers
|-damage|p1a: Vanilluxe|58/100 tox|[from] psn
|upkeep
|turn|24
|
|t:|1634829323
|switch|p1a: Arctozolt|Arctozolt|100/100
|move|p2a: Tapu Fini|Draining Kiss|p1a: Arctozolt
|-crit|p1a: Arctozolt
|-damage|p1a: Arctozolt|67/100
|-heal|p2a: Tapu Fini|96/100|[from] drain|[of] p1a: Arctozolt
|
|-weather|Hail|[upkeep]
|-damage|p2a: Tapu Fini|90/100|[from] Hail
|-heal|p2a: Tapu Fini|96/100|[from] item: Leftovers
|upkeep
|turn|25
|
|t:|1634829339
|move|p1a: Arctozolt|Bolt Beak|p2a: Tapu Fini
|-supereffective|p2a: Tapu Fini
|-damage|p2a: Tapu Fini|0 fnt
|faint|p2a: Tapu Fini
|
|-weather|Hail|[upkeep]
|upkeep
|
|t:|1634829343
|switch|p2a: Melmetal|Melmetal, shiny|56/100
|turn|26
|j| Amerimutt
|
|t:|1634829370
|move|p1a: Arctozolt|Bolt Beak|p2a: Melmetal
|-damage|p2a: Melmetal|16/100
|move|p2a: Melmetal|Double Iron Bash|p1a: Arctozolt
|-damage|p1a: Arctozolt|0 fnt
|faint|p1a: Arctozolt
|-hitcount|p1: Arctozolt|1
|
|-weather|Hail|[upkeep]
|-damage|p2a: Melmetal|10/100|[from] Hail
|upkeep
|
|t:|1634829375
|switch|p1a: Vanilluxe|Vanilluxe, M|58/100 tox
|turn|27
|
|t:|1634829377
|move|p1a: Vanilluxe|Blizzard|p2a: Melmetal
|-resisted|p2a: Melmetal
|-damage|p2a: Melmetal|0 fnt
|faint|p2a: Melmetal
|
|-weather|none
|-damage|p1a: Vanilluxe|52/100 tox|[from] psn
|-fieldend|Misty Terrain
|upkeep
|
|t:|1634829380
|switch|p2a: Dragapult|Dragapult, F, shiny|100/100
|turn|28
|
|t:|1634829383
|move|p2a: Dragapult|Dragon Darts|p1a: Vanilluxe
|-damage|p1a: Vanilluxe|2/100 tox
|-anim|p2a: Dragapult|Dragon Darts|p1a: Vanilluxe
|-damage|p1a: Vanilluxe|0 fnt
|faint|p1a: Vanilluxe
|
|win|0kay
|raw|TheonReekGreyjoy's rating: 1870 &rarr; <strong>1844</strong><br />(-26 for losing)
|raw|0kay's rating: 1755 &rarr; <strong>1781</strong><br />(+26 for winning)
