|raw|<div class="broadcast-blue"><strong>This battle is required to be public due to a player having a name starting with 'lt94je'.</div>
|j|☆LT94JE Ahsan
|j|☆heavyisdead
|t:|1661295834
|gametype|singles
|player|p1|LT94JE Ahsan|furisodegirl-blue|1843
|player|p2|heavyisdead|ballguy|1717
|teamsize|p1|6
|teamsize|p2|6
|gen|8
|tier|[Gen 8] OU
|rated|
|rule|Sleep Clause Mod: Limit one foe put to sleep
|rule|Species Clause: Limit one of each Pokémon
|rule|OHKO Clause: OHKO moves are banned
|rule|Evasion Items Clause: Evasion items are banned
|rule|Evasion Moves Clause: Evasion moves are banned
|rule|Endless Battle Clause: Forcing endless battles is banned
|rule|HP Percentage Mod: HP is shown in percentages
|rule|Dynamax Clause: You cannot dynamax
|clearpoke
|poke|p1|Inteleon, M|
|poke|p1|Weavile, M|
|poke|p1|Zapdos|
|poke|p1|Ferrothorn, M|
|poke|p1|Hydreigon, M|
|poke|p1|Tapu Lele|
|poke|p2|Corviknight, M|
|poke|p2|Espeon, F|
|poke|p2|Tapu Lele|
|poke|p2|Polteageist|
|poke|p2|Cloyster, M|
|poke|p2|Omastar, M|
|teampreview
|inactive|Battle timer is ON: inactive players will automatically lose when time's up. (requested by LT94JE Ahsan)
|
|t:|1661295844
|start
|switch|p1a: Weavile|Weavile, M|100/100
|switch|p2a: Tapu Lele|Tapu Lele|100/100
|-ability|p1a: Weavile|Pressure
|-fieldstart|move: Psychic Terrain|[from] ability: Psychic Surge|[of] p2a: Tapu Lele
|turn|1
|
|t:|1661295847
|switch|p1a: Ferrothorn|Ferrothorn, M|100/100
|move|p2a: Tapu Lele|Moonblast|p1a: Ferrothorn
|-resisted|p1a: Ferrothorn
|-damage|p1a: Ferrothorn|84/100
|
|-heal|p1a: Ferrothorn|90/100|[from] item: Leftovers
|upkeep
|turn|2
|
|t:|1661295850
|switch|p2a: Espeon|Espeon, F|100/100
|move|p1a: Ferrothorn|Power Whip|p2a: Espeon|[miss]
|-miss|p1a: Ferrothorn|p2a: Espeon
|
|-heal|p1a: Ferrothorn|97/100|[from] item: Leftovers
|upkeep
|turn|3
|j| lt94je ACII
|
|t:|1661295855
|move|p2a: Espeon|Yawn|p1a: Ferrothorn
|-start|p1a: Ferrothorn|move: Yawn|[of] p2a: Espeon
|move|p1a: Ferrothorn|Power Whip|p2a: Espeon|[miss]
|-miss|p1a: Ferrothorn|p2a: Espeon
|
|-heal|p1a: Ferrothorn|100/100|[from] item: Leftovers
|upkeep
|turn|4
|j| Perspectieve
|
|t:|1661295860
|switch|p1a: Hydreigon|Hydreigon, M|100/100
|move|p2a: Espeon|Yawn|p1a: Hydreigon
|-start|p1a: Hydreigon|move: Yawn|[of] p2a: Espeon
|
|upkeep
|turn|5
|
|t:|1661295863
|switch|p1a: Ferrothorn|Ferrothorn, M|100/100
|move|p2a: Espeon|Dazzling Gleam|p1a: Ferrothorn
|-resisted|p1a: Ferrothorn
|-damage|p1a: Ferrothorn|91/100
|
|-heal|p1a: Ferrothorn|97/100|[from] item: Leftovers
|upkeep
|turn|6
|
|t:|1661295866
|move|p2a: Espeon|Expanding Force|p1a: Ferrothorn
|-resisted|p1a: Ferrothorn
|-damage|p1a: Ferrothorn|72/100
|move|p1a: Ferrothorn|Power Whip|p2a: Espeon
|-damage|p2a: Espeon|26/100
|-enditem|p2a: Espeon|Eject Button
|
|t:|1661295868
|switch|p2a: Cloyster|Cloyster, M|100/100
|
|-heal|p1a: Ferrothorn|78/100|[from] item: Leftovers
|upkeep
|turn|7
|j| Oily man
|j| Bushido Black
|j| LT94JE msaint
|
|t:|1661295878
|move|p2a: Cloyster|Shell Smash|p2a: Cloyster
|-unboost|p2a: Cloyster|def|1
|-unboost|p2a: Cloyster|spd|1
|-boost|p2a: Cloyster|atk|2
|-boost|p2a: Cloyster|spa|2
|-boost|p2a: Cloyster|spe|2
|move|p1a: Ferrothorn|Power Whip|p2a: Cloyster|[miss]
|-miss|p1a: Ferrothorn|p2a: Cloyster
|
|-heal|p1a: Ferrothorn|84/100|[from] item: Leftovers
|upkeep
|turn|8
|
|t:|1661295882
|move|p2a: Cloyster|Icicle Spear|p1a: Ferrothorn
|-damage|p1a: Ferrothorn|69/100
|-damage|p1a: Ferrothorn|52/100
|-damage|p1a: Ferrothorn|37/100
|-damage|p1a: Ferrothorn|22/100
|-damage|p1a: Ferrothorn|5/100
|-hitcount|p1a: Ferrothorn|5
|move|p1a: Ferrothorn|Power Whip|p2a: Cloyster
|-supereffective|p2a: Cloyster
|-enditem|p2a: Cloyster|Focus Sash
|-damage|p2a: Cloyster|1/100
|
|-heal|p1a: Ferrothorn|12/100|[from] item: Leftovers
|-fieldend|move: Psychic Terrain
|upkeep
|turn|9
|
|t:|1661295901
|move|p2a: Cloyster|Icicle Spear|p1a: Ferrothorn
|-damage|p1a: Ferrothorn|0 fnt
|faint|p1a: Ferrothorn
|-hitcount|p1: Ferrothorn|1
|
|upkeep
|
|t:|1661295904
|switch|p1a: Weavile|Weavile, M|100/100
|-ability|p1a: Weavile|Pressure
|turn|10
|
|t:|1661295910
|switch|p2a: Tapu Lele|Tapu Lele|100/100
|-fieldstart|move: Psychic Terrain|[from] ability: Psychic Surge|[of] p2a: Tapu Lele
|move|p1a: Weavile|Ice Shard|p2a: Tapu Lele
|-activate|p2a: Tapu Lele|move: Psychic Terrain
|
|upkeep
|turn|11
|
|t:|1661295931
|move|p1a: Weavile|Knock Off|p2a: Tapu Lele
|-damage|p2a: Tapu Lele|24/100
|-enditem|p2a: Tapu Lele|Terrain Extender|[from] move: Knock Off|[of] p1a: Weavile
|move|p2a: Tapu Lele|Moonblast|p1a: Weavile
|-supereffective|p1a: Weavile
|-damage|p1a: Weavile|0 fnt
|faint|p1a: Weavile
|
|upkeep
|
|t:|1661295945
|switch|p1a: Inteleon|Inteleon, M|100/100
|turn|12
|j| LT94JE PalletHero
|c| LT94JE PalletHero|lt94je ACII palmeiras so good
|
|t:|1661295961
|move|p1a: Inteleon|Hydro Pump|p2a: Tapu Lele
|-damage|p2a: Tapu Lele|0 fnt
|faint|p2a: Tapu Lele
|
|upkeep
|
|t:|1661295965
|switch|p2a: Polteageist|Polteageist|100/100
|turn|13
|
|t:|1661295976
|switch|p1a: Hydreigon|Hydreigon, M|100/100
|move|p2a: Polteageist|Shell Smash|p2a: Polteageist
|-unboost|p2a: Polteageist|def|1
|-unboost|p2a: Polteageist|spd|1
|-boost|p2a: Polteageist|atk|2
|-boost|p2a: Polteageist|spa|2
|-boost|p2a: Polteageist|spe|2
|
|upkeep
|turn|14
|
|t:|1661295985
|move|p2a: Polteageist|Shadow Ball|p1a: Hydreigon
|-resisted|p1a: Hydreigon
|-damage|p1a: Hydreigon|49/100
|move|p1a: Hydreigon|Earth Power|p2a: Polteageist
|-damage|p2a: Polteageist|48/100
|
|-heal|p1a: Hydreigon|55/100|[from] item: Leftovers
|upkeep
|turn|15
|
|t:|1661295988
|move|p2a: Polteageist|Shadow Ball|p1a: Hydreigon
|-resisted|p1a: Hydreigon
|-damage|p1a: Hydreigon|8/100
|-unboost|p1a: Hydreigon|spd|1
|move|p1a: Hydreigon|Earth Power|p2a: Polteageist
|-damage|p2a: Polteageist|0 fnt
|faint|p2a: Polteageist
|
|-heal|p1a: Hydreigon|14/100|[from] item: Leftovers
|upkeep
|
|t:|1661295997
|switch|p2a: Espeon|Espeon, F|26/100
|turn|16
|inactive|LT94JE Ahsan has 120 seconds left.
|l| LT94JE PalletHero
|inactive|LT94JE Ahsan has 90 seconds left.
|
|t:|1661296065
|switch|p1a: Tapu Lele|Tapu Lele|100/100
|move|p2a: Espeon|Yawn|p1a: Tapu Lele
|-start|p1a: Tapu Lele|move: Yawn|[of] p2a: Espeon
|
|upkeep
|turn|17
|l| lt94je ACII
|inactive|LT94JE Ahsan has 90 seconds left.
|inactive|LT94JE Ahsan has 60 seconds left.
|
|t:|1661296102
|switch|p1a: Hydreigon|Hydreigon, M|14/100
|move|p2a: Espeon|Expanding Force|p1a: Hydreigon
|-immune|p1a: Hydreigon
|
|-heal|p1a: Hydreigon|20/100|[from] item: Leftovers
|-fieldend|move: Psychic Terrain
|upkeep
|turn|18
|c| Oily man|gengar cup
|
|t:|1661296112
|switch|p1a: Tapu Lele|Tapu Lele|100/100
|-fieldstart|move: Psychic Terrain|[from] ability: Psychic Surge|[of] p1a: Tapu Lele
|move|p2a: Espeon|Yawn|p1a: Tapu Lele
|-start|p1a: Tapu Lele|move: Yawn|[of] p2a: Espeon
|
|upkeep
|turn|19
|inactive|LT94JE Ahsan has 60 seconds left.
|
|t:|1661296127
|switch|p1a: Hydreigon|Hydreigon, M|20/100
|move|p2a: Espeon|Calm Mind|p2a: Espeon
|-boost|p2a: Espeon|spa|1
|-boost|p2a: Espeon|spd|1
|
|-heal|p1a: Hydreigon|27/100|[from] item: Leftovers
|upkeep
|turn|20
|inactive|LT94JE Ahsan has 60 seconds left.
|
|t:|1661296138
|move|p2a: Espeon|Yawn|p1a: Hydreigon
|-start|p1a: Hydreigon|move: Yawn|[of] p2a: Espeon
|move|p1a: Hydreigon|Earth Power|p2a: Espeon
|-damage|p2a: Espeon|0 fnt
|faint|p2a: Espeon
|
|-heal|p1a: Hydreigon|33/100|[from] item: Leftovers
|upkeep
|
|t:|1661296143
|switch|p2a: Omastar|Omastar, M|100/100
|turn|21
|j| arnavgupta
|inactive|LT94JE Ahsan has 60 seconds left.
|l| arnavgupta
|inactive|LT94JE Ahsan has 30 seconds left.
|inactive|LT94JE Ahsan has 20 seconds left.
|
|t:|1661296200
|switch|p1a: Zapdos|Zapdos|100/100
|move|p2a: Omastar|Shell Smash|p2a: Omastar
|-unboost|p2a: Omastar|def|1
|-unboost|p2a: Omastar|spd|1
|-boost|p2a: Omastar|atk|2
|-boost|p2a: Omastar|spa|2
|-boost|p2a: Omastar|spe|2
|
|upkeep
|turn|22
|inactive|LT94JE Ahsan has 30 seconds left this turn.
|inactive|heavyisdead has 120 seconds left.
|
|t:|1661296235
|move|p2a: Omastar|Ice Beam|p1a: Zapdos
|-supereffective|p1a: Zapdos
|-damage|p1a: Zapdos|0 fnt
|faint|p1a: Zapdos
|
|-fieldend|move: Psychic Terrain
|upkeep
|inactive|LT94JE Ahsan has 30 seconds left.
|
|t:|1661296243
|switch|p1a: Inteleon|Inteleon, M|100/100
|turn|23
|c| Oily man|simulation to the society
|inactive|heavyisdead has 120 seconds left.
|
|t:|1661296270
|move|p2a: Omastar|Shell Smash|p2a: Omastar
|-unboost|p2a: Omastar|def|1
|-unboost|p2a: Omastar|spd|1
|-boost|p2a: Omastar|atk|2
|-boost|p2a: Omastar|spa|2
|-boost|p2a: Omastar|spe|2
|move|p1a: Inteleon|Mud Shot|p2a: Omastar
|-supereffective|p2a: Omastar
|-enditem|p2a: Omastar|Focus Sash
|-damage|p2a: Omastar|1/100
|-unboost|p2a: Omastar|spe|1
|
|upkeep
|turn|24
|
|t:|1661296277
|move|p2a: Omastar|Earth Power|p1a: Inteleon
|-damage|p1a: Inteleon|0 fnt
|faint|p1a: Inteleon
|
|upkeep
|
|t:|1661296281
|switch|p1a: Tapu Lele|Tapu Lele|100/100
|-fieldstart|move: Psychic Terrain|[from] ability: Psychic Surge|[of] p1a: Tapu Lele
|turn|25
|inactive|heavyisdead has 120 seconds left.
|
|t:|1661296323
|move|p2a: Omastar|Hydro Pump|p1a: Tapu Lele
|-damage|p1a: Tapu Lele|0 fnt
|faint|p1a: Tapu Lele
|
|upkeep
|-message|LT94JE Ahsan forfeited.
|
|win|heavyisdead
|raw|LT94JE Ahsan's rating: 1843 &rarr; <strong>1815</strong><br />(-28 for losing)
|raw|heavyisdead's rating: 1694 &rarr; <strong>1722</strong><br />(+28 for winning)
|l| Perspectieve
|l| Bushido Black
||Ladder isn't responding, score probably updated but might not have (Request timeout).
