|j|☆legitteambuilder
|j|☆Ugaming
|t:|1614778792
|player|p1|legitteambuilder|lance|1682
|player|p2|Ugaming|n|1742
|teamsize|p1|6
|teamsize|p2|6
|gametype|singles
|gen|8
|tier|[Gen 8] OU
|rated|
|clearpoke
|poke|p1|Heatran, M|
|poke|p1|Dragapult, M|
|poke|p1|Landorus-Therian, M|
|poke|p1|Nidoking, M|
|poke|p1|Corviknight, M|
|poke|p1|Obstagoon, M|
|poke|p2|Absol, M|
|poke|p2|Goodra, M|
|poke|p2|Necrozma|
|poke|p2|Zeraora|
|poke|p2|Corviknight, M|
|poke|p2|Aegislash, F|
|rule|Sleep Clause Mod: Limit one foe put to sleep
|rule|Species Clause: Limit one of each Pokémon
|rule|OHKO Clause: OHKO moves are banned
|rule|Evasion Moves Clause: Evasion moves are banned
|rule|Endless Battle Clause: Forcing endless battles is banned
|rule|HP Percentage Mod: HP is shown in percentages
|rule|Dynamax Clause: You cannot dynamax
|teampreview
|inactive|Battle timer is ON: inactive players will automatically lose when time's up. (requested by Ugaming)
|c|☆Ugaming|hf
|inactive|Ugaming has 120 seconds left.
|
|t:|1614778827
|start
|switch|p1a: cheeto|Landorus-Therian, M|100/100
|switch|p2a: Necrozma|Necrozma|100/100
|-ability|p1a: cheeto|Intimidate|boost
|-unboost|p2a: Necrozma|atk|1
|turn|1
|
|t:|1614778834
|move|p2a: Necrozma|Meteor Beam||[still]
|-prepare|p2a: Necrozma|Meteor Beam
|-boost|p2a: Necrozma|spa|1
|-enditem|p2a: Necrozma|Power Herb
|-anim|p2a: Necrozma|Meteor Beam|p1a: cheeto
|-damage|p1a: cheeto|32/100
|move|p1a: cheeto|Knock Off|p2a: Necrozma
|-supereffective|p2a: Necrozma
|-damage|p2a: Necrozma|71/100
|
|-heal|p1a: cheeto|38/100|[from] item: Leftovers
|upkeep
|turn|2
|
|t:|1614778858
|switch|p1a: no zone pls :(|Corviknight, M, shiny|100/100
|-ability|p1a: no zone pls :(|Pressure
|move|p2a: Necrozma|Heat Wave|p1a: no zone pls :(
|-supereffective|p1a: no zone pls :(
|-damage|p1a: no zone pls :(|5/100
|
|upkeep
|turn|3
|
|t:|1614778873
|move|p2a: Necrozma|Photon Geyser|p1a: no zone pls :(
|-resisted|p1a: no zone pls :(
|-damage|p1a: no zone pls :(|0 fnt
|faint|p1a: no zone pls :(
|
|upkeep
|j| Limited_Toolkit
|j| dub123
|
|t:|1614778888
|switch|p1a: draga deez nuts|Dragapult, M, shiny|100/100
|turn|4
|j| banana_pirate1
|
|t:|1614778898
|switch|p2a: Corviknight|Corviknight, M|100/100
|-ability|p2a: Corviknight|Pressure
|move|p1a: draga deez nuts|U-turn|p2a: Corviknight
|-resisted|p2a: Corviknight
|-damage|p2a: Corviknight|98/100
|-damage|p1a: draga deez nuts|84/100|[from] item: Rocky Helmet|[of] p2a: Corviknight
|
|t:|1614778903
|switch|p1a: phrog|Heatran, M|100/100|[from]move: U-turn
|
|upkeep
|turn|5
|
|t:|1614778908
|switch|p2a: Goodra|Goodra, M|100/100
|move|p1a: phrog|Stealth Rock|p2a: Goodra
|-sidestart|p2: Ugaming|move: Stealth Rock
|
|upkeep
|turn|6
|
|t:|1614778916
|switch|p1a: KISS|Obstagoon, M|100/100
|move|p2a: Goodra|Earthquake|p1a: KISS
|-damage|p1a: KISS|76/100
|
|-status|p1a: KISS|brn|[from] item: Flame Orb
|upkeep
|turn|7
|
|t:|1614778938
|switch|p2a: Corviknight|Corviknight, M|98/100
|-damage|p2a: Corviknight|85/100|[from] Stealth Rock
|-ability|p2a: Corviknight|Pressure
|move|p1a: KISS|Fire Punch|p2a: Corviknight
|-supereffective|p2a: Corviknight
|-damage|p2a: Corviknight|45/100
|-damage|p1a: KISS|60/100 brn|[from] item: Rocky Helmet|[of] p2a: Corviknight
|
|-damage|p1a: KISS|53/100 brn|[from] brn
|upkeep
|turn|8
|
|t:|1614778943
|switch|p1a: phrog|Heatran, M|100/100
|move|p2a: Corviknight|Roost|p2a: Corviknight
|-heal|p2a: Corviknight|95/100
|-singleturn|p2a: Corviknight|move: Roost
|
|upkeep
|turn|9
|
|t:|1614778949
|switch|p2a: Goodra|Goodra, M|100/100
|-damage|p2a: Goodra|88/100|[from] Stealth Rock
|move|p1a: phrog|Toxic|p2a: Goodra
|-status|p2a: Goodra|tox
|
|-damage|p2a: Goodra|82/100 tox|[from] psn
|upkeep
|turn|10
|
|t:|1614778976
|switch|p1a: Sizzurp|Nidoking, M|100/100
|move|p2a: Goodra|Draco Meteor|p1a: Sizzurp
|-damage|p1a: Sizzurp|12/100
|-unboost|p2a: Goodra|spa|2
|
|-damage|p2a: Goodra|70/100 tox|[from] psn
|upkeep
|turn|11
|
|t:|1614778989
|move|p1a: Sizzurp|Ice Beam|p2a: Goodra
|-supereffective|p2a: Goodra
|-damage|p2a: Goodra|35/100 tox
|move|p2a: Goodra|Earthquake|p1a: Sizzurp
|-supereffective|p1a: Sizzurp
|-damage|p1a: Sizzurp|0 fnt
|faint|p1a: Sizzurp
|
|-damage|p2a: Goodra|17/100 tox|[from] psn
|upkeep
|
|t:|1614778998
|switch|p1a: cheeto|Landorus-Therian, M|38/100
|-ability|p1a: cheeto|Intimidate|boost
|-unboost|p2a: Goodra|atk|1
|turn|12
|
|t:|1614779003
|switch|p2a: Corviknight|Corviknight, M|95/100
|-damage|p2a: Corviknight|83/100|[from] Stealth Rock
|-ability|p2a: Corviknight|Pressure
|move|p1a: cheeto|Knock Off|p2a: Corviknight
|-damage|p2a: Corviknight|64/100
|-damage|p1a: cheeto|21/100|[from] item: Rocky Helmet|[of] p2a: Corviknight
|-enditem|p2a: Corviknight|Rocky Helmet|[from] move: Knock Off|[of] p1a: cheeto
|
|-heal|p1a: cheeto|28/100|[from] item: Leftovers
|upkeep
|turn|13
|
|t:|1614779011
|move|p1a: cheeto|U-turn|p2a: Corviknight
|-resisted|p2a: Corviknight
|-damage|p2a: Corviknight|61/100
|
|t:|1614779013
|switch|p1a: phrog|Heatran, M|100/100|[from]move: U-turn
|move|p2a: Corviknight|Roost|p2a: Corviknight
|-heal|p2a: Corviknight|100/100
|-singleturn|p2a: Corviknight|move: Roost
|
|upkeep
|turn|14
|
|t:|1614779025
|switch|p1a: cheeto|Landorus-Therian, M|28/100
|-ability|p1a: cheeto|Intimidate|boost
|-unboost|p2a: Corviknight|atk|1
|switch|p2a: Goodra|Goodra, M|17/100 tox
|-damage|p2a: Goodra|4/100 tox|[from] Stealth Rock
|
|-heal|p1a: cheeto|34/100|[from] item: Leftovers
|-damage|p2a: Goodra|0 fnt|[from] psn
|faint|p2a: Goodra
|upkeep
|
|t:|1614779030
|switch|p2a: Necrozma|Necrozma|71/100
|-damage|p2a: Necrozma|59/100|[from] Stealth Rock
|turn|15
|
|t:|1614779034
|switch|p1a: phrog|Heatran, M|100/100
|move|p2a: Necrozma|Stealth Rock|p1a: phrog
|-sidestart|p1: legitteambuilder|move: Stealth Rock
|
|upkeep
|turn|16
|
|t:|1614779038
|move|p2a: Necrozma|Meteor Beam||[still]
|-prepare|p2a: Necrozma|Meteor Beam
|-boost|p2a: Necrozma|spa|1
|move|p1a: phrog|Magma Storm|p2a: Necrozma
|-damage|p2a: Necrozma|0 fnt
|faint|p2a: Necrozma
|
|upkeep
|
|t:|1614779046
|switch|p2a: Absol|Absol, M|100/100
|-damage|p2a: Absol|88/100|[from] Stealth Rock
|turn|17
|j| Cervixknight
|inactive|legitteambuilder has 120 seconds left.
|
|t:|1614779083
|switch|p1a: KISS|Obstagoon, M|53/100 brn
|-damage|p1a: KISS|41/100 brn|[from] Stealth Rock
|move|p2a: Absol|Close Combat|p1a: KISS
|-supereffective|p1a: KISS
|-damage|p1a: KISS|0 fnt
|-unboost|p2a: Absol|def|1
|-unboost|p2a: Absol|spd|1
|-damage|p2a: Absol|78/100|[from] item: Life Orb
|faint|p1a: KISS
|
|upkeep
|
|t:|1614779095
|switch|p1a: cheeto|Landorus-Therian, M|34/100
|-damage|p1a: cheeto|21/100|[from] Stealth Rock
|-ability|p1a: cheeto|Intimidate|boost
|-unboost|p2a: Absol|atk|1
|turn|18
|
|t:|1614779100
|move|p2a: Absol|Knock Off|p1a: cheeto
|-damage|p1a: cheeto|0 fnt
|-enditem|p1a: cheeto|Leftovers|[from] move: Knock Off|[of] p2a: Absol
|-damage|p2a: Absol|68/100|[from] item: Life Orb
|faint|p1a: cheeto
|
|upkeep
|inactive|legitteambuilder has 120 seconds left.
|
|t:|1614779105
|switch|p1a: phrog|Heatran, M|100/100
|-damage|p1a: phrog|88/100|[from] Stealth Rock
|turn|19
|
|t:|1614779111
|move|p2a: Absol|Close Combat|p1a: phrog
|-supereffective|p1a: phrog
|-damage|p1a: phrog|12/100
|-unboost|p2a: Absol|def|1
|-unboost|p2a: Absol|spd|1
|-damage|p2a: Absol|58/100|[from] item: Life Orb
|move|p1a: phrog|Earth Power|p2a: Absol
|-damage|p2a: Absol|0 fnt
|faint|p2a: Absol
|
|-heal|p1a: phrog|18/100|[from] item: Leftovers
|upkeep
|-message|legitteambuilder forfeited.
|
|win|Ugaming
|l|☆legitteambuilder
