|html|<div class="broadcast-blue"><strong>[Gen 8] OU is currently suspecting Melmetal! For information on how to participate check out the <a href="https://www.smogon.com/forums/threads/np-ss-ou-suspect-process-round-12-monster-mash.3709234/">suspect thread</a>.</strong></div>
|j|☆samohi0
|j|☆Pinapple321
|t:|1666394406
|gametype|singles
|player|p1|samohi0|102|1683
|player|p2|Pinapple321|marlon|1648
|teamsize|p1|6
|teamsize|p2|6
|gen|8
|tier|[Gen 8] OU
|rated|
|rule|Sleep Clause Mod: Limit one foe put to sleep
|rule|Species Clause: Limit one of each Pokémon
|rule|OHKO Clause: OHKO moves are banned
|rule|Evasion Items Clause: Evasion items are banned
|rule|Evasion Moves Clause: Evasion moves are banned
|rule|Endless Battle Clause: Forcing endless battles is banned
|rule|HP Percentage Mod: HP is shown in percentages
|rule|Dynamax Clause: You cannot dynamax
|clearpoke
|poke|p1|Rillaboom, M|
|poke|p1|Heatran, M|
|poke|p1|Landorus-Therian, M|
|poke|p1|Tapu Lele|
|poke|p1|Urshifu-*, M|
|poke|p1|Hydreigon, M|
|poke|p2|Garchomp, F|
|poke|p2|Weavile, M|
|poke|p2|Heatran, F|
|poke|p2|Dragapult, F|
|poke|p2|Toxapex, M|
|poke|p2|Umbreon, M|
|teampreview
|
|t:|1666394418
|start
|switch|p1a: Poseidon-Blade|Urshifu-Rapid-Strike, M|100/100
|switch|p2a: Dragapult|Dragapult, F|100/100
|turn|1
|
|t:|1666394422
|move|p2a: Dragapult|U-turn|p1a: Poseidon-Blade
|-resisted|p1a: Poseidon-Blade
|-damage|p1a: Poseidon-Blade|93/100
|
|t:|1666394425
|switch|p2a: Toxapex|Toxapex, M|100/100|[from]move: U-turn
|move|p1a: Poseidon-Blade|U-turn|p2a: Toxapex
|-resisted|p2a: Toxapex
|-damage|p2a: Toxapex|90/100
|
|t:|1666394429
|switch|p1a: Raven|Tapu Lele, shiny|100/100|[from]move: U-turn
|-fieldstart|move: Psychic Terrain|[from] ability: Psychic Surge|[of] p1a: Raven
|
|-heal|p2a: Toxapex|97/100|[from] item: Black Sludge
|upkeep
|turn|2
|
|t:|1666394436
|switch|p2a: Umbreon|Umbreon, M|100/100
|move|p1a: Raven|Future Sight|p2a: Umbreon
|-start|p1a: Raven|move: Future Sight
|
|upkeep
|turn|3
|
|t:|1666394444
|move|p2a: Umbreon|Protect|p2a: Umbreon
|-singleturn|p2a: Umbreon|Protect
|move|p1a: Raven|Moonblast|p2a: Umbreon
|-activate|p2a: Umbreon|move: Protect
|
|upkeep
|turn|4
|
|t:|1666394446
|move|p1a: Raven|Moonblast|p2a: Umbreon
|-supereffective|p2a: Umbreon
|-damage|p2a: Umbreon|30/100
|move|p2a: Umbreon|Wish|p2a: Umbreon
|
|-end|p2a: Umbreon|move: Future Sight
|-immune|p2a: Umbreon
|-heal|p2a: Umbreon|36/100|[from] item: Leftovers
|upkeep
|turn|5
|
|t:|1666394451
|move|p2a: Umbreon|Protect|p2a: Umbreon
|-singleturn|p2a: Umbreon|Protect
|move|p1a: Raven|Future Sight|p2a: Umbreon
|-start|p1a: Raven|move: Future Sight
|
|-heal|p2a: Umbreon|86/100|[from] move: Wish|[wisher] Umbreon
|-heal|p2a: Umbreon|92/100|[from] item: Leftovers
|-fieldend|move: Psychic Terrain
|upkeep
|turn|6
|
|t:|1666394454
|switch|p2a: Heatran|Heatran, F|100/100
|move|p1a: Raven|Moonblast|p2a: Heatran
|-resisted|p2a: Heatran
|-damage|p2a: Heatran|92/100
|
|-heal|p2a: Heatran|98/100|[from] item: Leftovers
|upkeep
|turn|7
|
|t:|1666394457
|switch|p1a: Chaos|Heatran, M, shiny|100/100
|-item|p1a: Chaos|Air Balloon
|move|p2a: Heatran|Toxic|p1a: Chaos
|-immune|p1a: Chaos
|
|-end|p2a: Heatran|move: Future Sight
|-resisted|p2a: Heatran
|-damage|p2a: Heatran|77/100
|-heal|p2a: Heatran|83/100|[from] item: Leftovers
|upkeep
|turn|8
|
|t:|1666394467
|switch|p2a: Dragapult|Dragapult, F|100/100
|move|p1a: Chaos|Earth Power|p2a: Dragapult
|-damage|p2a: Dragapult|55/100
|
|upkeep
|turn|9
|
|t:|1666394473
|switch|p1a: Hybrid|Hydreigon, M, shiny|100/100
|move|p2a: Dragapult|U-turn|p1a: Hybrid
|-supereffective|p1a: Hybrid
|-damage|p1a: Hybrid|64/100
|
|t:|1666394489
|switch|p2a: Umbreon|Umbreon, M|92/100|[from]move: U-turn
|
|-heal|p2a: Umbreon|98/100|[from] item: Leftovers
|upkeep
|turn|10
|
|t:|1666394496
|move|p1a: Hybrid|U-turn|p2a: Umbreon
|-supereffective|p2a: Umbreon
|-damage|p2a: Umbreon|80/100
|
|t:|1666394498
|switch|p1a: Raven|Tapu Lele, shiny|100/100|[from]move: U-turn
|-fieldstart|move: Psychic Terrain|[from] ability: Psychic Surge|[of] p1a: Raven
|move|p2a: Umbreon|Wish|p2a: Umbreon
|
|-heal|p2a: Umbreon|86/100|[from] item: Leftovers
|upkeep
|turn|11
|
|t:|1666394509
|switch|p2a: Heatran|Heatran, F|83/100
|move|p1a: Raven|Moonblast|p2a: Heatran
|-resisted|p2a: Heatran
|-damage|p2a: Heatran|74/100
|
|-heal|p2a: Heatran|100/100|[from] move: Wish|[wisher] Umbreon
|upkeep
|turn|12
|
|t:|1666394514
|switch|p1a: Chaos|Heatran, M, shiny|100/100
|-item|p1a: Chaos|Air Balloon
|switch|p2a: Dragapult|Dragapult, F|55/100
|
|upkeep
|turn|13
|
|t:|1666394520
|switch|p1a: Enten|Landorus-Therian, M, shiny|100/100
|-ability|p1a: Enten|Intimidate|boost
|-unboost|p2a: Dragapult|atk|1
|move|p2a: Dragapult|U-turn|p1a: Enten
|-resisted|p1a: Enten
|-damage|p1a: Enten|94/100
|
|t:|1666394541
|switch|p2a: Garchomp|Garchomp, F|100/100|[from]move: U-turn
|
|upkeep
|turn|14
|
|t:|1666394547
|move|p1a: Enten|Stealth Rock|p2a: Garchomp
|-sidestart|p2: Pinapple321|move: Stealth Rock
|move|p2a: Garchomp|Stealth Rock|p1a: Enten
|-sidestart|p1: samohi0|move: Stealth Rock
|
|-fieldend|move: Psychic Terrain
|upkeep
|turn|15
|
|t:|1666394550
|move|p1a: Enten|Explosion|p2a: Garchomp
|-damage|p2a: Garchomp|33/100
|faint|p1a: Enten
|move|p2a: Garchomp|Toxic|p1: Enten|[notarget]
|-fail|p2a: Garchomp
|
|upkeep
|
|t:|1666394558
|switch|p1a: Raven|Tapu Lele, shiny|100/100
|-damage|p1a: Raven|88/100|[from] Stealth Rock
|-fieldstart|move: Psychic Terrain|[from] ability: Psychic Surge|[of] p1a: Raven
|turn|16
|
|t:|1666394568
|switch|p2a: Heatran|Heatran, F|100/100
|-damage|p2a: Heatran|88/100|[from] Stealth Rock
|move|p1a: Raven|Moonblast|p2a: Heatran
|-resisted|p2a: Heatran
|-damage|p2a: Heatran|80/100
|
|-heal|p2a: Heatran|86/100|[from] item: Leftovers
|upkeep
|turn|17
|
|t:|1666394577
|switch|p1a: Chaos|Heatran, M, shiny|100/100
|-damage|p1a: Chaos|88/100|[from] Stealth Rock
|-item|p1a: Chaos|Air Balloon
|move|p2a: Heatran|Taunt|p1a: Chaos
|-start|p1a: Chaos|move: Taunt
|
|-heal|p2a: Heatran|92/100|[from] item: Leftovers
|upkeep
|turn|18
|
|t:|1666394596
|switch|p2a: Umbreon|Umbreon, M|86/100
|-damage|p2a: Umbreon|74/100|[from] Stealth Rock
|move|p1a: Chaos|Magma Storm|p2a: Umbreon
|-damage|p2a: Umbreon|40/100
|-activate|p2a: Umbreon|move: Magma Storm|[of] p1a: Chaos
|
|-heal|p2a: Umbreon|46/100|[from] item: Leftovers
|-damage|p2a: Umbreon|34/100|[from] move: Magma Storm|[partiallytrapped]
|upkeep
|turn|19
|
|t:|1666394603
|move|p1a: Chaos|Earth Power|p2a: Umbreon
|-damage|p2a: Umbreon|15/100
|move|p2a: Umbreon|Wish|p2a: Umbreon
|
|-heal|p2a: Umbreon|21/100|[from] item: Leftovers
|-damage|p2a: Umbreon|9/100|[from] move: Magma Storm|[partiallytrapped]
|-end|p1a: Chaos|move: Taunt
|upkeep
|turn|20
|
|t:|1666394606
|move|p2a: Umbreon|Protect|p2a: Umbreon
|-singleturn|p2a: Umbreon|Protect
|move|p1a: Chaos|Taunt|p2a: Umbreon
|-activate|p2a: Umbreon|move: Protect
|
|-heal|p2a: Umbreon|59/100|[from] move: Wish|[wisher] Umbreon
|-heal|p2a: Umbreon|65/100|[from] item: Leftovers
|-damage|p2a: Umbreon|52/100|[from] move: Magma Storm|[partiallytrapped]
|-fieldend|move: Psychic Terrain
|upkeep
|turn|21
|
|t:|1666394609
|move|p1a: Chaos|Taunt|p2a: Umbreon
|-start|p2a: Umbreon|move: Taunt
|cant|p2a: Umbreon|move: Taunt|Wish
|
|-heal|p2a: Umbreon|58/100|[from] item: Leftovers
|-damage|p2a: Umbreon|46/100|[from] move: Magma Storm|[partiallytrapped]
|upkeep
|turn|22
|
|t:|1666394615
|switch|p1a: Poseidon-Blade|Urshifu-Rapid-Strike, M|93/100
|-damage|p1a: Poseidon-Blade|86/100|[from] Stealth Rock
|move|p2a: Umbreon|Foul Play|p1a: Poseidon-Blade
|-resisted|p1a: Poseidon-Blade
|-damage|p1a: Poseidon-Blade|62/100
|
|-heal|p2a: Umbreon|52/100|[from] item: Leftovers
|-end|p2a: Umbreon|Magma Storm|[partiallytrapped]
|upkeep
|turn|23
|
|t:|1666394629
|switch|p2a: Garchomp|Garchomp, F|33/100
|-damage|p2a: Garchomp|27/100|[from] Stealth Rock
|move|p1a: Poseidon-Blade|U-turn|p2a: Garchomp
|-damage|p2a: Garchomp|0 fnt
|-damage|p1a: Poseidon-Blade|49/100|[from] ability: Rough Skin|[of] p2a: Garchomp
|-damage|p1a: Poseidon-Blade|33/100|[from] item: Rocky Helmet|[of] p2a: Garchomp
|faint|p2a: Garchomp
|
|t:|1666394637
|switch|p1a: Hybrid|Hydreigon, M, shiny|64/100|[from]move: U-turn
|-damage|p1a: Hybrid|52/100|[from] Stealth Rock
|
|upkeep
|
|t:|1666394641
|switch|p2a: Umbreon|Umbreon, M|52/100
|-damage|p2a: Umbreon|40/100|[from] Stealth Rock
|turn|24
|
|t:|1666394644
|move|p1a: Hybrid|U-turn|p2a: Umbreon
|-supereffective|p2a: Umbreon
|-damage|p2a: Umbreon|19/100
|
|t:|1666394646
|switch|p1a: Poseidon-Blade|Urshifu-Rapid-Strike, M|33/100|[from]move: U-turn
|-damage|p1a: Poseidon-Blade|27/100|[from] Stealth Rock
|move|p2a: Umbreon|Wish|p2a: Umbreon
|
|-heal|p2a: Umbreon|25/100|[from] item: Leftovers
|upkeep
|turn|25
|
|t:|1666394657
|switch|p2a: Dragapult|Dragapult, F|55/100
|-damage|p2a: Dragapult|42/100|[from] Stealth Rock
|move|p1a: Poseidon-Blade|U-turn|p2a: Dragapult
|-resisted|p2a: Dragapult
|-damage|p2a: Dragapult|17/100
|
|t:|1666394668
|switch|p1a: Hybrid|Hydreigon, M, shiny|52/100|[from]move: U-turn
|-damage|p1a: Hybrid|40/100|[from] Stealth Rock
|
|-heal|p2a: Dragapult|79/100|[from] move: Wish|[wisher] Umbreon
|upkeep
|turn|26
|
|t:|1666394674
|switch|p2a: Toxapex|Toxapex, M|100/100
|-damage|p2a: Toxapex|88/100|[from] Stealth Rock
|move|p1a: Hybrid|Dark Pulse|p2a: Toxapex
|-damage|p2a: Toxapex|54/100
|
|-heal|p2a: Toxapex|60/100|[from] item: Black Sludge
|upkeep
|turn|27
|
|t:|1666394680
|switch|p1a: Raven|Tapu Lele, shiny|88/100
|-damage|p1a: Raven|76/100|[from] Stealth Rock
|-fieldstart|move: Psychic Terrain|[from] ability: Psychic Surge|[of] p1a: Raven
|move|p2a: Toxapex|Toxic Spikes|p1a: Raven
|-sidestart|p1: samohi0|move: Toxic Spikes
|
|-heal|p2a: Toxapex|67/100|[from] item: Black Sludge
|upkeep
|turn|28
|
|t:|1666394688
|switch|p2a: Umbreon|Umbreon, M|25/100
|-damage|p2a: Umbreon|12/100|[from] Stealth Rock
|move|p1a: Raven|Future Sight|p2a: Umbreon
|-start|p1a: Raven|move: Future Sight
|
|-heal|p2a: Umbreon|19/100|[from] item: Leftovers
|upkeep
|turn|29
|
|t:|1666394691
|move|p2a: Umbreon|Protect|p2a: Umbreon
|-singleturn|p2a: Umbreon|Protect
|move|p1a: Raven|Moonblast|p2a: Umbreon
|-activate|p2a: Umbreon|move: Protect
|
|-heal|p2a: Umbreon|25/100|[from] item: Leftovers
|upkeep
|turn|30
|
|t:|1666394694
|move|p1a: Raven|Moonblast|p2a: Umbreon
|-supereffective|p2a: Umbreon
|-damage|p2a: Umbreon|0 fnt
|faint|p2a: Umbreon
|
|-hint|Future Sight did not hit because the target is fainted.
|upkeep
|inactive|Battle timer is ON: inactive players will automatically lose when time's up. (requested by samohi0)
|
|t:|1666394766
|switch|p2a: Heatran|Heatran, F|92/100
|-damage|p2a: Heatran|80/100|[from] Stealth Rock
|turn|31
|
|t:|1666394773
|switch|p1a: Chaos|Heatran, M, shiny|88/100
|-damage|p1a: Chaos|76/100|[from] Stealth Rock
|-item|p1a: Chaos|Air Balloon
|move|p2a: Heatran|Earth Power|p1a: Chaos
|-immune|p1a: Chaos
|
|-heal|p2a: Heatran|86/100|[from] item: Leftovers
|-fieldend|move: Psychic Terrain
|upkeep
|turn|32
|
|t:|1666394780
|switch|p2a: Dragapult|Dragapult, F|79/100
|-damage|p2a: Dragapult|66/100|[from] Stealth Rock
|move|p1a: Chaos|Earth Power|p2a: Dragapult
|-damage|p2a: Dragapult|23/100
|
|upkeep
|turn|33
|
|t:|1666394786
|switch|p1a: Poseidon-Blade|Urshifu-Rapid-Strike, M|27/100
|-damage|p1a: Poseidon-Blade|21/100|[from] Stealth Rock
|-status|p1a: Poseidon-Blade|psn
|move|p2a: Dragapult|U-turn|p1a: Poseidon-Blade
|-resisted|p1a: Poseidon-Blade
|-damage|p1a: Poseidon-Blade|12/100 psn
|
|t:|1666394796
|switch|p2a: Heatran|Heatran, F|86/100|[from]move: U-turn
|-damage|p2a: Heatran|74/100|[from] Stealth Rock
|
|-heal|p2a: Heatran|80/100|[from] item: Leftovers
|-damage|p1a: Poseidon-Blade|0 fnt|[from] psn
|faint|p1a: Poseidon-Blade
|upkeep
|
|t:|1666394801
|switch|p1a: Hybrid|Hydreigon, M, shiny|40/100
|-damage|p1a: Hybrid|27/100|[from] Stealth Rock
|turn|34
|
|t:|1666394807
|switch|p2a: Weavile|Weavile, M|100/100
|-ability|p2a: Weavile|Pressure
|move|p1a: Hybrid|Earth Power|p2a: Weavile
|-damage|p2a: Weavile|61/100
|-unboost|p2a: Weavile|spd|1
|
|upkeep
|turn|35
|
|t:|1666394815
|move|p2a: Weavile|Ice Shard|p1a: Hybrid
|-supereffective|p1a: Hybrid
|-damage|p1a: Hybrid|0 fnt
|faint|p1a: Hybrid
|
|upkeep
|
|t:|1666394820
|switch|p1a: Kong|Rillaboom, M, shiny|100/100
|-damage|p1a: Kong|88/100|[from] Stealth Rock
|-status|p1a: Kong|psn
|-fieldstart|move: Grassy Terrain|[from] ability: Grassy Surge|[of] p1a: Kong
|turn|36
|
|t:|1666394835
|switch|p2a: Toxapex|Toxapex, M|99/100
|-damage|p2a: Toxapex|87/100|[from] Stealth Rock
|move|p1a: Kong|Drain Punch|p2a: Toxapex
|-resisted|p2a: Toxapex
|-damage|p2a: Toxapex|81/100
|-heal|p1a: Kong|90/100 psn|[from] drain|[of] p2a: Toxapex
|
|-heal|p1a: Kong|97/100 psn|[from] Grassy Terrain
|-heal|p1a: Kong|100/100 psn|[from] item: Leftovers
|-heal|p2a: Toxapex|88/100|[from] Grassy Terrain
|-heal|p2a: Toxapex|94/100|[from] item: Black Sludge
|-damage|p1a: Kong|88/100 psn|[from] psn
|upkeep
|turn|37
|
|t:|1666394839
|move|p1a: Kong|Swords Dance|p1a: Kong
|-boost|p1a: Kong|atk|2
|move|p2a: Toxapex|Haze|p2a: Toxapex
|-clearallboost
|
|-heal|p1a: Kong|94/100 psn|[from] Grassy Terrain
|-heal|p1a: Kong|100/100 psn|[from] item: Leftovers
|-heal|p2a: Toxapex|99/100|[from] Grassy Terrain
|-heal|p2a: Toxapex|100/100|[from] item: Black Sludge
|-damage|p1a: Kong|88/100 psn|[from] psn
|upkeep
|turn|38
|
|t:|1666394842
|move|p1a: Kong|Knock Off|p2a: Toxapex
|-damage|p2a: Toxapex|84/100
|-enditem|p2a: Toxapex|Black Sludge|[from] move: Knock Off|[of] p1a: Kong
|move|p2a: Toxapex|Scald|p1a: Kong
|-resisted|p1a: Kong
|-damage|p1a: Kong|82/100 psn
|
|-heal|p1a: Kong|88/100 psn|[from] Grassy Terrain
|-heal|p1a: Kong|94/100 psn|[from] item: Leftovers
|-heal|p2a: Toxapex|90/100|[from] Grassy Terrain
|-damage|p1a: Kong|82/100 psn|[from] psn
|upkeep
|turn|39
|
|t:|1666394846
|switch|p1a: Raven|Tapu Lele, shiny|76/100
|-damage|p1a: Raven|64/100|[from] Stealth Rock
|-status|p1a: Raven|psn
|-fieldstart|move: Psychic Terrain|[from] ability: Psychic Surge|[of] p1a: Raven
|move|p2a: Toxapex|Haze|p2a: Toxapex
|-clearallboost
|
|-damage|p1a: Raven|51/100 psn|[from] psn
|upkeep
|turn|40
|
|t:|1666394851
|switch|p1a: Chaos|Heatran, M, shiny|76/100
|-damage|p1a: Chaos|63/100|[from] Stealth Rock
|-item|p1a: Chaos|Air Balloon
|switch|p2a: Heatran|Heatran, F|80/100
|-damage|p2a: Heatran|68/100|[from] Stealth Rock
|
|-heal|p2a: Heatran|74/100|[from] item: Leftovers
|upkeep
|turn|41
|inactive|Pinapple321 has 120 seconds left.
|
|t:|1666394886
|switch|p2a: Toxapex|Toxapex, M|100/100
|-damage|p2a: Toxapex|88/100|[from] Stealth Rock
|move|p1a: Chaos|Earth Power|p2a: Toxapex
|-supereffective|p2a: Toxapex
|-damage|p2a: Toxapex|35/100
|
|upkeep
|turn|42
|inactive|Pinapple321 has 120 seconds left.
|
|t:|1666394894
|switch|p2a: Weavile|Weavile, M|61/100
|-ability|p2a: Weavile|Pressure
|move|p1a: Chaos|Earth Power|p2a: Weavile
|-crit|p2a: Weavile
|-damage|p2a: Weavile|0 fnt
|faint|p2a: Weavile
|
|upkeep
|
|t:|1666394897
|switch|p2a: Dragapult|Dragapult, F|23/100
|-damage|p2a: Dragapult|11/100|[from] Stealth Rock
|turn|43
|
|t:|1666394908
|switch|p1a: Raven|Tapu Lele, shiny|51/100 psn
|-damage|p1a: Raven|39/100 psn|[from] Stealth Rock
|move|p2a: Dragapult|Shadow Ball|p1a: Raven
|-supereffective|p1a: Raven
|-damage|p1a: Raven|0 fnt
|faint|p1a: Raven
|
|-fieldend|move: Psychic Terrain
|upkeep
|
|t:|1666394911
|switch|p1a: Kong|Rillaboom, M, shiny|82/100 psn
|-damage|p1a: Kong|69/100 psn|[from] Stealth Rock
|-fieldstart|move: Grassy Terrain|[from] ability: Grassy Surge|[of] p1a: Kong
|turn|44
|
|t:|1666394916
|switch|p2a: Toxapex|Toxapex, M|69/100
|-damage|p2a: Toxapex|56/100|[from] Stealth Rock
|move|p1a: Kong|Grassy Glide|p2a: Toxapex
|-damage|p2a: Toxapex|34/100
|
|-heal|p1a: Kong|76/100 psn|[from] Grassy Terrain
|-heal|p1a: Kong|82/100 psn|[from] item: Leftovers
|-heal|p2a: Toxapex|41/100|[from] Grassy Terrain
|-damage|p1a: Kong|69/100 psn|[from] psn
|upkeep
|turn|45
|
|t:|1666394919
|switch|p1a: Chaos|Heatran, M, shiny|63/100
|-damage|p1a: Chaos|51/100|[from] Stealth Rock
|-item|p1a: Chaos|Air Balloon
|move|p2a: Toxapex|Recover|p2a: Toxapex
|-heal|p2a: Toxapex|91/100
|
|-heal|p2a: Toxapex|97/100|[from] Grassy Terrain
|upkeep
|turn|46
|
|t:|1666394925
|move|p1a: Chaos|Earth Power|p2a: Toxapex
|-supereffective|p2a: Toxapex
|-damage|p2a: Toxapex|45/100
|-unboost|p2a: Toxapex|spd|1
|move|p2a: Toxapex|Scald|p1a: Chaos
|-supereffective|p1a: Chaos
|-damage|p1a: Chaos|18/100
|-enditem|p1a: Chaos|Air Balloon
|
|-heal|p1a: Chaos|24/100|[from] Grassy Terrain
|-heal|p2a: Toxapex|51/100|[from] Grassy Terrain
|upkeep
|turn|47
|
|t:|1666394939
|switch|p2a: Dragapult|Dragapult, F|11/100
|-damage|p2a: Dragapult|0 fnt|[from] Stealth Rock
|faint|p2a: Dragapult
|move|p1a: Chaos|Earth Power|p2: Dragapult|[notarget]
|-fail|p1a: Chaos
|
|-heal|p1a: Chaos|30/100|[from] Grassy Terrain
|upkeep
|
|t:|1666394944
|switch|p2a: Heatran|Heatran, F|74/100
|-damage|p2a: Heatran|61/100|[from] Stealth Rock
|turn|48
|
|t:|1666394945
|move|p1a: Chaos|Earth Power|p2a: Heatran
|-supereffective|p2a: Heatran
|-damage|p2a: Heatran|0 fnt
|faint|p2a: Heatran
|
|-heal|p1a: Chaos|36/100|[from] Grassy Terrain
|-fieldend|move: Grassy Terrain
|upkeep
|
|t:|1666394948
|switch|p2a: Toxapex|Toxapex, M|84/100
|-damage|p2a: Toxapex|72/100|[from] Stealth Rock
|turn|49
|
|t:|1666394950
|move|p1a: Chaos|Earth Power|p2a: Toxapex
|-supereffective|p2a: Toxapex
|-damage|p2a: Toxapex|17/100
|move|p2a: Toxapex|Recover|p2a: Toxapex
|-heal|p2a: Toxapex|67/100
|
|upkeep
|turn|50
|
|t:|1666394956
|move|p1a: Chaos|Earth Power|p2a: Toxapex
|-supereffective|p2a: Toxapex
|-damage|p2a: Toxapex|19/100
|move|p2a: Toxapex|Scald|p1a: Chaos
|-supereffective|p1a: Chaos
|-damage|p1a: Chaos|0 fnt
|faint|p1a: Chaos
|
|upkeep
|c|☆Pinapple321|Gg
|
|t:|1666394960
|switch|p1a: Kong|Rillaboom, M, shiny|69/100 psn
|-damage|p1a: Kong|57/100 psn|[from] Stealth Rock
|-fieldstart|move: Grassy Terrain|[from] ability: Grassy Surge|[of] p1a: Kong
|turn|51
|
|t:|1666394962
|move|p1a: Kong|Grassy Glide|p2a: Toxapex
|-damage|p2a: Toxapex|0 fnt
|faint|p2a: Toxapex
|
|win|samohi0
|raw|samohi0's rating: 1700 &rarr; <strong>1717</strong><br />(+17 for winning)
|raw|Pinapple321's rating: 1648 &rarr; <strong>1631</strong><br />(-17 for losing)
|l|☆Pinapple321
|c|☆samohi0|gg
||Ladder isn't responding, score probably updated but might not have (Request timeout).
