|raw|<div class="broadcast-blue"><strong>This battle is required to be public due to a player having a name starting with 'lt84jm'.</div>
|j|☆BestixL ☾
|j|☆LT84JM Bardock
|t:|1627690088
|gametype|singles
|player|p1|BestixL ☾|marley|1890
|player|p2|LT84JM Bardock|hilbert-wonderlauncher|1729
|teamsize|p1|6
|teamsize|p2|6
|gen|8
|tier|[Gen 8] OU
|rated|
|rule|Sleep Clause Mod: Limit one foe put to sleep
|rule|Species Clause: Limit one of each Pokémon
|rule|OHKO Clause: OHKO moves are banned
|rule|Evasion Moves Clause: Evasion moves are banned
|rule|Endless Battle Clause: Forcing endless battles is banned
|rule|HP Percentage Mod: HP is shown in percentages
|rule|Dynamax Clause: You cannot dynamax
|clearpoke
|poke|p1|Mamoswine, M|
|poke|p1|Landorus-Therian, M|
|poke|p1|Volcanion|
|poke|p1|Toxapex, M|
|poke|p1|Corviknight, M|
|poke|p1|Dragapult, F|
|poke|p2|Tapu Fini|
|poke|p2|Landorus-Therian, M|
|poke|p2|Dragonite, F|
|poke|p2|Magnezone|
|poke|p2|Weavile, F|
|poke|p2|Kartana|
|teampreview
|inactive|Battle timer is ON: inactive players will automatically lose when time's up. (requested by BestixL ☾)
|j| OnGroveStreet
|
|t:|1627690113
|start
|switch|p1a: just friends|Toxapex, M, shiny|100/100
|switch|p2a: Landorus|Landorus-Therian, M|100/100
|-ability|p2a: Landorus|Intimidate|boost
|-unboost|p1a: just friends|atk|1
|turn|1
|j| glava222
|c| OnGroveStreet|glhf
|
|t:|1627690118
|move|p2a: Landorus|Stealth Rock|p1a: just friends
|-sidestart|p1: BestixL ☾|move: Stealth Rock
|move|p1a: just friends|Knock Off|p2a: Landorus
|-damage|p2a: Landorus|91/100
|-enditem|p2a: Landorus|Normal Gem|[from] move: Knock Off|[of] p1a: just friends
|
|upkeep
|turn|2
|
|t:|1627690128
|switch|p1a: no space|Landorus-Therian, M|100/100
|-damage|p1a: no space|88/100|[from] Stealth Rock
|-ability|p1a: no space|Intimidate|boost
|-unboost|p2a: Landorus|atk|1
|move|p2a: Landorus|Swords Dance|p2a: Landorus
|-boost|p2a: Landorus|atk|2
|
|-heal|p1a: no space|94/100|[from] item: Leftovers
|upkeep
|turn|3
|
|t:|1627690138
|move|p2a: Landorus|Explosion|p1a: no space
|-damage|p1a: no space|0 fnt
|faint|p2a: Landorus
|faint|p1a: no space
|
|upkeep
|j| LT81YL Ruby
|
|t:|1627690150
|switch|p2a: Tapu Fini|Tapu Fini|100/100
|switch|p1a: just friends|Toxapex, M, shiny|100/100
|-fieldstart|move: Misty Terrain|[from] ability: Misty Surge|[of] p2a: Tapu Fini
|-damage|p1a: just friends|88/100|[from] Stealth Rock
|turn|4
|
|t:|1627690158
|move|p2a: Tapu Fini|Whirlpool|p1a: just friends
|-resisted|p1a: just friends
|-damage|p1a: just friends|85/100
|-activate|p1a: just friends|move: Whirlpool|[of] p2a: Tapu Fini
|move|p1a: just friends|Knock Off|p2a: Tapu Fini
|-resisted|p2a: Tapu Fini
|-damage|p2a: Tapu Fini|94/100
|-enditem|p2a: Tapu Fini|Leftovers|[from] move: Knock Off|[of] p1a: just friends
|
|-heal|p1a: just friends|91/100|[from] item: Black Sludge
|-damage|p1a: just friends|78/100|[from] move: Whirlpool|[partiallytrapped]
|upkeep
|turn|5
|
|t:|1627690164
|move|p2a: Tapu Fini|Taunt|p1a: just friends
|-start|p1a: just friends|move: Taunt
|cant|p1a: just friends|move: Taunt|Recover
|
|-heal|p1a: just friends|84/100|[from] item: Black Sludge
|-damage|p1a: just friends|72/100|[from] move: Whirlpool|[partiallytrapped]
|upkeep
|turn|6
|
|t:|1627690167
|move|p2a: Tapu Fini|Nature's Madness|p1a: just friends
|-damage|p1a: just friends|36/100
|move|p1a: just friends|Knock Off|p2a: Tapu Fini
|-resisted|p2a: Tapu Fini
|-damage|p2a: Tapu Fini|89/100
|
|-heal|p1a: just friends|42/100|[from] item: Black Sludge
|-damage|p1a: just friends|30/100|[from] move: Whirlpool|[partiallytrapped]
|upkeep
|turn|7
|
|t:|1627690172
|move|p2a: Tapu Fini|Moonblast|p1a: just friends
|-resisted|p1a: just friends
|-damage|p1a: just friends|21/100
|move|p1a: just friends|Knock Off|p2a: Tapu Fini
|-resisted|p2a: Tapu Fini
|-damage|p2a: Tapu Fini|84/100
|
|-heal|p1a: just friends|27/100|[from] item: Black Sludge
|-damage|p1a: just friends|14/100|[from] move: Whirlpool|[partiallytrapped]
|-end|p1a: just friends|move: Taunt
|upkeep
|turn|8
|c| OnGroveStreet|jolly or adamant rilla
|
|t:|1627690177
|move|p2a: Tapu Fini|Taunt|p1a: just friends
|-start|p1a: just friends|move: Taunt
|cant|p1a: just friends|move: Taunt|Recover
|
|-heal|p1a: just friends|20/100|[from] item: Black Sludge
|-damage|p1a: just friends|8/100|[from] move: Whirlpool|[partiallytrapped]
|-fieldend|Misty Terrain
|upkeep
|turn|9
|
|t:|1627690181
|move|p2a: Tapu Fini|Moonblast|p1a: just friends
|-resisted|p1a: just friends
|-damage|p1a: just friends|0 fnt
|faint|p1a: just friends
|
|upkeep
|c|☆LT84JM Bardock|modest
|c| OnGroveStreet|nice
|c| OnGroveStreet|i like timid
|c|☆LT84JM Bardock|same
|
|t:|1627690207
|switch|p1a: Itsuki|Volcanion|100/100
|-damage|p1a: Itsuki|76/100|[from] Stealth Rock
|turn|10
|c|☆LT84JM Bardock|because i'm timid in real life
|c| OnGroveStreet|aye
|
|t:|1627690225
|switch|p2a: Dragonite|Dragonite, F|100/100
|move|p1a: Itsuki|Sludge Wave|p2a: Dragonite
|-damage|p2a: Dragonite|84/100
|
|upkeep
|turn|11
|
|t:|1627690232
|switch|p1a: the reaper|Corviknight, M, shiny|100/100
|-damage|p1a: the reaper|88/100|[from] Stealth Rock
|-ability|p1a: the reaper|Pressure
|move|p2a: Dragonite|Earthquake|p1a: the reaper
|-immune|p1a: the reaper
|
|-heal|p1a: the reaper|94/100|[from] item: Leftovers
|upkeep
|turn|12
|
|t:|1627690236
|switch|p2a: Magnezone|Magnezone|100/100
|move|p1a: the reaper|Defog|p2a: Magnezone
|-unboost|p2a: Magnezone|evasion|1
|-sideend|p1: BestixL ☾|Stealth Rock|[from] move: Defog|[of] p1a: the reaper
|
|-heal|p1a: the reaper|99/100|[from] item: Leftovers
|upkeep
|turn|13
|
|t:|1627690241
|move|p2a: Magnezone|Thunderbolt|p1a: the reaper
|-supereffective|p1a: the reaper
|-damage|p1a: the reaper|6/100
|move|p1a: the reaper|Body Press|p2a: Magnezone
|-supereffective|p2a: Magnezone
|-crit|p2a: Magnezone
|-enditem|p2a: Magnezone|Chople Berry|[eat]
|-enditem|p2a: Magnezone|Chople Berry|[weaken]
|-damage|p2a: Magnezone|69/100
|
|-heal|p1a: the reaper|12/100|[from] item: Leftovers
|upkeep
|turn|14
|
|t:|1627690249
|move|p2a: Magnezone|Thunderbolt|p1a: the reaper
|-supereffective|p1a: the reaper
|-damage|p1a: the reaper|0 fnt
|faint|p1a: the reaper
|
|upkeep
|
|t:|1627690266
|switch|p1a: Yotsuba|Dragapult, F|100/100
|turn|15
|
|t:|1627690290
|move|p1a: Yotsuba|Dragon Dance|p1a: Yotsuba
|-boost|p1a: Yotsuba|atk|1
|-boost|p1a: Yotsuba|spe|1
|move|p2a: Magnezone|Steel Beam|p1a: Yotsuba
|-damage|p1a: Yotsuba|13/100
|-damage|p2a: Magnezone|19/100|[from] mindblown
|
|-heal|p1a: Yotsuba|19/100|[from] item: Leftovers
|upkeep
|turn|16
|
|t:|1627690297
|move|p1a: Yotsuba|Dragon Darts|p2a: Magnezone
|-resisted|p2a: Magnezone
|-damage|p2a: Magnezone|3/100
|-anim|p1a: Yotsuba|Dragon Darts|p2a: Magnezone
|-resisted|p2a: Magnezone
|-damage|p2a: Magnezone|0 fnt
|faint|p2a: Magnezone
|
|-heal|p1a: Yotsuba|25/100|[from] item: Leftovers
|upkeep
|c| OnGroveStreet|my favorite is adamant blissey
|
|t:|1627690304
|switch|p2a: Weavile|Weavile, F|100/100
|-ability|p2a: Weavile|Pressure
|turn|17
|c| OnGroveStreet|with a choice band
|c|☆LT84JM Bardock|same
|c|☆LT84JM Bardock|with giga impact
|
|t:|1627690332
|switch|p1a: 2 soon|Mamoswine, M|100/100
|move|p2a: Weavile|Ice Shard|p1a: 2 soon
|-crit|p1a: 2 soon
|-damage|p1a: 2 soon|84/100
|
|-heal|p1a: 2 soon|90/100|[from] item: Leftovers
|upkeep
|turn|18
|c|☆LT84JM Bardock|and calm mind in case the opponent knocks my item
|c| OnGroveStreet|exactly
|c|☆LT84JM Bardock|do you hear btw
|c|☆LT84JM Bardock|the wolves
|inactive|LT84JM Bardock has 120 seconds left.
|c| OnGroveStreet|ye
|c|☆LT84JM Bardock|:O
|
|t:|1627690384
|switch|p2a: Dragonite|Dragonite, F|84/100
|move|p1a: 2 soon|Heavy Slam|p2a: Dragonite
|-damage|p2a: Dragonite|66/100
|
|-heal|p1a: 2 soon|96/100|[from] item: Leftovers
|upkeep
|turn|19
|
|t:|1627690394
|move|p1a: 2 soon|Ice Shard|p2a: Dragonite
|-supereffective|p2a: Dragonite
|-damage|p2a: Dragonite|0 fnt
|faint|p2a: Dragonite
|
|-heal|p1a: 2 soon|100/100|[from] item: Leftovers
|upkeep
|
|t:|1627690407
|switch|p2a: Kartana|Kartana|100/100
|turn|20
|
|t:|1627690412
|switch|p1a: Yotsuba|Dragapult, F|25/100
|move|p2a: Kartana|Knock Off|p1a: Yotsuba
|-supereffective|p1a: Yotsuba
|-damage|p1a: Yotsuba|0 fnt
|-enditem|p1a: Yotsuba|Leftovers|[from] move: Knock Off|[of] p2a: Kartana
|faint|p1a: Yotsuba
|-ability|p2a: Kartana|Beast Boost|boost
|-boost|p2a: Kartana|atk|1
|
|upkeep
|
|t:|1627690416
|switch|p1a: Itsuki|Volcanion|76/100
|turn|21
|
|t:|1627690420
|move|p2a: Kartana|Leaf Blade|p1a: Itsuki
|-damage|p1a: Itsuki|0 fnt
|faint|p1a: Itsuki
|-ability|p2a: Kartana|Beast Boost|boost
|-boost|p2a: Kartana|atk|1
|
|upkeep
|c| OnGroveStreet|cb bliss 195 attack
|-message|BestixL ☾ forfeited.
|
|win|LT84JM Bardock
|raw|BestixL ☾'s rating: 1866 &rarr; <strong>1839</strong><br />(-27 for losing)
|raw|LT84JM Bardock's rating: 1748 &rarr; <strong>1775</strong><br />(+27 for winning)
|l|☆BestixL ☾
|c| LT81YL Ruby|MDRRRR
|c| OnGroveStreet|giga impact
