|j|☆mimilimi
|j|☆Trick-or-Prise
|inactive|Battle timer is ON: inactive players will automatically lose when time's up.
|t:|1667125170
|gametype|singles
|player|p1|mimilimi|preschooler|
|player|p2|Trick-or-Prise|hexmaniac-gen6|
|teamsize|p1|6
|teamsize|p2|6
|gen|8
|tier|[Gen 8] OU
|rated|Tournament battle
|rule|Sleep Clause Mod: Limit one foe put to sleep
|rule|Species Clause: Limit one of each Pokémon
|rule|OHKO Clause: OHKO moves are banned
|rule|Evasion Items Clause: Evasion items are banned
|rule|Evasion Moves Clause: Evasion moves are banned
|rule|Endless Battle Clause: Forcing endless battles is banned
|rule|HP Percentage Mod: HP is shown in percentages
|rule|Dynamax Clause: You cannot dynamax
|clearpoke
|poke|p1|Vanilluxe, M|
|poke|p1|Urshifu-*, F|
|poke|p1|Zapdos|
|poke|p1|Landorus-Therian, M|
|poke|p1|Slowking, M|
|poke|p1|Melmetal|
|poke|p2|Gourgeist-*, F|
|poke|p2|Dragapult, F|
|poke|p2|Chandelure, M|
|poke|p2|Mimikyu, F|
|poke|p2|Slurpuff, M|
|poke|p2|Lunatone|
|teampreview
|j| KanKi-san
|j| Turtlek
|c|☆Trick-or-Prise|hf
|j|#Clementine
|c|☆mimilimi|gl
|j| puluchelenoob
|c|☆mimilimi|hein?
|c|☆Trick-or-Prise|2
|c| puluchelenoob|3
|c|☆mimilimi|c'est quoi ça
|c| puluchelenoob|4
|inactive|mimilimi has 120 seconds left.
|c|☆mimilimi|aprè sy'a slurpuf donc ça ait peur mas bon
|c|☆Trick-or-Prise|une team qui fait final des room tour franais
|c|☆mimilimi|mdr
|c|☆mimilimi|en vrai sticky je trouve c'est sous estimé
|inactive|mimilimi has 90 seconds left.
|l| puluchelenoob
|c|☆mimilimi|et belly drum slurpuf ça 6-0 bo
|
|t:|1667125243
|start
|switch|p1a: Melmetal|Melmetal|100/100
|switch|p2a: Gourgeist|Gourgeist, F|100/100
|-item|p1a: Melmetal|Leftovers|[from] ability: Frisk|[of] p2a: Gourgeist|[identify]
|turn|1
|
|t:|1667125249
|move|p2a: Gourgeist|Trick|p1a: Melmetal
|-activate|p2a: Gourgeist|move: Trick|[of] p1a: Melmetal
|-item|p1a: Melmetal|Choice Scarf|[from] move: Trick
|-item|p2a: Gourgeist|Leftovers|[from] move: Trick
|move|p1a: Melmetal|Toxic|p2a: Gourgeist
|-status|p2a: Gourgeist|tox
|
|-damage|p2a: Gourgeist|95/100 tox|[from] psn
|upkeep
|turn|2
|
|t:|1667125259
|switch|p1a: Vanilluxe|Vanilluxe, M|100/100
|-weather|Hail|[from] ability: Snow Warning|[of] p1a: Vanilluxe
|move|p2a: Gourgeist|Poltergeist|p1a: Vanilluxe
|-activate|p1a: Vanilluxe|move: Poltergeist|Choice Specs
|-damage|p1a: Vanilluxe|38/100
|
|-weather|Hail|[upkeep]
|-damage|p2a: Gourgeist|89/100 tox|[from] Hail
|-heal|p2a: Gourgeist|95/100 tox|[from] item: Leftovers
|-damage|p2a: Gourgeist|83/100 tox|[from] psn
|upkeep
|turn|3
|c|☆mimilimi|par exemple là, belly drum slurpuf...
|inactive|Trick-or-Prise has 120 seconds left.
|
|t:|1667125309
|switch|p1a: Melmetal|Melmetal|100/100
|move|p2a: Gourgeist|Poltergeist|p1a: Melmetal
|-activate|p1a: Melmetal|move: Poltergeist|Choice Scarf
|-damage|p1a: Melmetal|74/100
|
|-weather|Hail|[upkeep]
|-damage|p2a: Gourgeist|77/100 tox|[from] Hail
|-damage|p1a: Melmetal|68/100|[from] Hail
|-heal|p2a: Gourgeist|83/100 tox|[from] item: Leftovers
|-damage|p2a: Gourgeist|65/100 tox|[from] psn
|upkeep
|turn|4
|
|t:|1667125317
|switch|p2a: Chandelure|Chandelure, M|100/100
|move|p1a: Melmetal|Double Iron Bash|p2a: Chandelure
|-resisted|p2a: Chandelure
|-damage|p2a: Chandelure|68/100
|-resisted|p2a: Chandelure
|-damage|p2a: Chandelure|38/100
|-hitcount|p2a: Chandelure|2
|
|-weather|Hail|[upkeep]
|-damage|p2a: Chandelure|32/100|[from] Hail
|-damage|p1a: Melmetal|62/100|[from] Hail
|upkeep
|turn|5
|c|☆mimilimi|imagine j'ai 0 switch in...
|
|t:|1667125330
|move|p2a: Chandelure|Shadow Ball|p1a: Melmetal
|-damage|p1a: Melmetal|4/100
|move|p1a: Melmetal|Double Iron Bash|p2a: Chandelure
|-resisted|p2a: Chandelure
|-damage|p2a: Chandelure|3/100
|-resisted|p2a: Chandelure
|-damage|p2a: Chandelure|0 fnt
|faint|p2a: Chandelure
|-hitcount|p2: Chandelure|2
|
|-weather|Hail|[upkeep]
|-damage|p1a: Melmetal|0 fnt|[from] Hail
|faint|p1a: Melmetal
|upkeep
|
|t:|1667125340
|switch|p2a: Gourgeist|Gourgeist, F|65/100 tox
|switch|p1a: Urshifu|Urshifu-Rapid-Strike, F|100/100
|-item|p1a: Urshifu|Choice Scarf|[from] ability: Frisk|[of] p2a: Gourgeist|[identify]
|turn|6
|inactive|Trick-or-Prise has 120 seconds left.
|
|t:|1667125360
|move|p1a: Urshifu|U-turn|p2a: Gourgeist
|-damage|p2a: Gourgeist|40/100 tox
|
|t:|1667125361
|switch|p1a: Landorus|Landorus-Therian, M|100/100|[from]move: U-turn
|-ability|p1a: Landorus|Intimidate|boost
|-unboost|p2a: Gourgeist|atk|1
|move|p2a: Gourgeist|Explosion|p1a: Landorus
|-damage|p1a: Landorus|58/100
|faint|p2a: Gourgeist
|
|-weather|none
|-heal|p1a: Landorus|64/100|[from] item: Leftovers
|upkeep
|c|☆mimilimi|oh
|
|t:|1667125368
|switch|p2a: Lunatone|Lunatone|100/100
|turn|7
|c|☆mimilimi|en vrai ta team est trop cool
|c| Turtlek|euh
|
|t:|1667125375
|switch|p1a: Slowking|Slowking, M|100/100
|move|p2a: Lunatone|Meteor Beam||[still]
|-prepare|p2a: Lunatone|Meteor Beam
|-boost|p2a: Lunatone|spa|1
|-enditem|p2a: Lunatone|Power Herb
|-anim|p2a: Lunatone|Meteor Beam|p1a: Slowking
|-damage|p1a: Slowking|32/100
|
|upkeep
|turn|8
|inactive|mimilimi has 120 seconds left.
|c|☆mimilimi|!dt lunatone
|raw|<div class="message"><ul class="utilichart"><li class="result"><span class="col numcol">(PU)</span> <span class="col iconcol"><psicon pokemon="lunatone"/></span> <span class="col pokemonnamecol" style="white-space:nowrap"><a href="https://dex.pokemonshowdown.com/pokemon/lunatone" target="_blank">Lunatone</a></span> <span class="col typecol"><img src="https://play.pokemonshowdown.com/sprites/types/Rock.png" alt="Rock" height="14" width="32"><img src="https://play.pokemonshowdown.com/sprites/types/Psychic.png" alt="Psychic" height="14" width="32"></span> <span style="float:left;min-height:26px"><span class="col abilitycol">Levitate</span><span class="col abilitycol"></span></span><span style="float:left;min-height:26px"><span class="col statcol"><em>HP</em><br />90</span> <span class="col statcol"><em>Atk</em><br />55</span> <span class="col statcol"><em>Def</em><br />65</span> <span class="col statcol"><em>SpA</em><br />95</span> <span class="col statcol"><em>SpD</em><br />85</span> <span class="col statcol"><em>Spe</em><br />70</span> <span class="col bstcol"><em>BST<br />460</em></span> </span></li><li style="clear:both"></li></ul></div>
|raw|<font size="1"><font color="#686868">Dex#:</font> 337&nbsp;|&ThickSpace;<font color="#686868">Gen:</font> 3&nbsp;|&ThickSpace;<font color="#686868">Height:</font> 1 m&nbsp;|&ThickSpace;<font color="#686868">Weight:</font> 168 kg <em>(100 BP)</em>&nbsp;|&ThickSpace;<font color="#686868">Dex Colour:</font> Yellow&nbsp;|&ThickSpace;<font color="#686868">Egg Group(s):</font> Mineral&nbsp;|&ThickSpace;<font color="#686868">Does Not Evolve</font></font>

|
|t:|1667125412
|move|p2a: Lunatone|Rock Polish|p2a: Lunatone
|-boost|p2a: Lunatone|spe|2
|move|p1a: Slowking|Teleport|p1a: Slowking
|c|☆mimilimi|oh
|c|☆mimilimi|stylé
|
|t:|1667125432
|switch|p1a: Landorus|Landorus-Therian, M|64/100|[from]move: Teleport
|-ability|p1a: Landorus|Intimidate|boost
|-unboost|p2a: Lunatone|atk|1
|
|-heal|p1a: Landorus|70/100|[from] item: Leftovers
|upkeep
|turn|9
|
|t:|1667125435
|move|p2a: Lunatone|Ice Beam|p1a: Landorus
|-supereffective|p1a: Landorus
|-damage|p1a: Landorus|0 fnt
|faint|p1a: Landorus
|
|upkeep
|c|☆mimilimi|stylééé
|
|t:|1667125441
|switch|p1a: Slowking|Slowking, M|65/100
|turn|10
|
|t:|1667125444
|move|p2a: Lunatone|Meteor Beam||[still]
|-prepare|p2a: Lunatone|Meteor Beam
|-boost|p2a: Lunatone|spa|1
|move|p1a: Slowking|Slack Off|p1a: Slowking
|-heal|p1a: Slowking|100/100
|
|upkeep
|turn|11
|
|t:|1667125448
|move|p2a: Lunatone|Meteor Beam|p1a: Slowking|[from]lockedmove
|-damage|p1a: Slowking|13/100
|move|p1a: Slowking|Slack Off|p1a: Slowking
|-heal|p1a: Slowking|63/100
|
|upkeep
|turn|12
|c|☆mimilimi|gg mdr
|c|☆mimilimi|la team est trop cool
|inactive|mimilimi has 120 seconds left.
|c| Turtlek|Scarf melmetal ça fait quoi en fait?
|inactive|mimilimi has 90 seconds left.
|
|t:|1667125509
|move|p2a: Lunatone|Meteor Beam||[still]
|-prepare|p2a: Lunatone|Meteor Beam
|-boost|p2a: Lunatone|spa|1
|move|p1a: Slowking|Teleport|p1a: Slowking
|
|t:|1667125512
|switch|p1a: Urshifu|Urshifu-Rapid-Strike, F|100/100|[from]move: Teleport
|
|upkeep
|turn|13
|c|☆mimilimi|bah rien
|c|☆mimilimi|c'est nul
|
|t:|1667125521
|move|p1a: Urshifu|Surging Strikes|p2a: Lunatone
|-supereffective|p2a: Lunatone
|-crit|p2a: Lunatone
|-damage|p2a: Lunatone|43/100
|-supereffective|p2a: Lunatone
|-crit|p2a: Lunatone
|-damage|p2a: Lunatone|0 fnt
|faint|p2a: Lunatone
|-hitcount|p2: Lunatone|2
|
|upkeep
|c|☆mimilimi|ah
|
|t:|1667125536
|switch|p2a: Dragapult|Dragapult, F|100/100
|turn|14
|c|☆mimilimi|:(
|
|t:|1667125549
|switch|p1a: Vanilluxe|Vanilluxe, M|38/100
|-weather|Hail|[from] ability: Snow Warning|[of] p1a: Vanilluxe
|move|p2a: Dragapult|Draco Meteor|p1a: Vanilluxe
|-damage|p1a: Vanilluxe|0 fnt
|-unboost|p2a: Dragapult|spa|2
|faint|p1a: Vanilluxe
|
|-weather|Hail|[upkeep]
|-damage|p2a: Dragapult|95/100|[from] Hail
|upkeep
|
|t:|1667125556
|switch|p1a: Zapdos|Zapdos|100/100
|turn|15
|
|t:|1667125560
|switch|p2a: Mimikyu|Mimikyu, F|100/100
|move|p1a: Zapdos|Volt Switch|p2a: Mimikyu
|-activate|p2a: Mimikyu|ability: Disguise
|-damage|p2a: Mimikyu|100/100
|detailschange|p2a: Mimikyu|Mimikyu-Busted, F
|-damage|p2a: Mimikyu|88/100|[from] pokemon: Mimikyu-Busted
|
|t:|1667125562
|switch|p1a: Urshifu|Urshifu-Rapid-Strike, F|100/100|[from]move: Volt Switch
|
|-weather|Hail|[upkeep]
|-damage|p1a: Urshifu|94/100|[from] Hail
|-damage|p2a: Mimikyu|82/100|[from] Hail
|upkeep
|turn|16
|
|t:|1667125565
|move|p2a: Mimikyu|Shadow Sneak|p1a: Urshifu
|-damage|p1a: Urshifu|72/100
|-damage|p2a: Mimikyu|72/100|[from] item: Life Orb
|move|p1a: Urshifu|Surging Strikes|p2a: Mimikyu
|-crit|p2a: Mimikyu
|-damage|p2a: Mimikyu|40/100
|-crit|p2a: Mimikyu
|-damage|p2a: Mimikyu|8/100
|-crit|p2a: Mimikyu
|-damage|p2a: Mimikyu|0 fnt
|faint|p2a: Mimikyu
|-hitcount|p2: Mimikyu|3
|
|-weather|Hail|[upkeep]
|-damage|p1a: Urshifu|66/100|[from] Hail
|upkeep
|
|t:|1667125568
|switch|p2a: Dragapult|Dragapult, F|95/100
|turn|17
|
|t:|1667125572
|switch|p1a: Slowking|Slowking, M|96/100
|move|p2a: Dragapult|Shadow Ball|p1a: Slowking
|-supereffective|p1a: Slowking
|-damage|p1a: Slowking|18/100
|-unboost|p1a: Slowking|spd|1
|
|-weather|Hail|[upkeep]
|-damage|p2a: Dragapult|89/100|[from] Hail
|-damage|p1a: Slowking|12/100|[from] Hail
|upkeep
|turn|18
|
|t:|1667125579
|move|p2a: Dragapult|Shadow Ball|p1a: Slowking
|-supereffective|p1a: Slowking
|-damage|p1a: Slowking|0 fnt
|faint|p1a: Slowking
|
|-weather|none
|upkeep
|
|t:|1667125604
|switch|p1a: Zapdos|Zapdos|100/100
|turn|19
|j| Hyper bol
|
|t:|1667125624
|switch|p2a: Slurpuff|Slurpuff, M|100/100
|move|p1a: Zapdos|Volt Switch|p2a: Slurpuff
|-damage|p2a: Slurpuff|56/100
|inactive|mimilimi has 120 seconds left.
|
|t:|1667125654
|switch|p1a: Urshifu|Urshifu-Rapid-Strike, F|66/100|[from]move: Volt Switch
|
|upkeep
|turn|20
|j|#Dragonillis
|c|☆mimilimi|gg :(
|
|t:|1667125672
|move|p1a: Urshifu|U-turn|p2a: Slurpuff
|-resisted|p2a: Slurpuff
|-damage|p2a: Slurpuff|40/100
|-enditem|p2a: Slurpuff|Sitrus Berry|[eat]
|-heal|p2a: Slurpuff|65/100|[from] item: Sitrus Berry
|
|t:|1667125676
|switch|p1a: Zapdos|Zapdos|100/100|[from]move: U-turn
|move|p2a: Slurpuff|Play Rough|p1a: Zapdos
|-damage|p1a: Zapdos|72/100
|
|upkeep
|turn|21
|c|☆mimilimi|oh
|
|t:|1667125683
|move|p2a: Slurpuff|Play Rough|p1a: Zapdos|[miss]
|-miss|p2a: Slurpuff|p1a: Zapdos
|move|p1a: Zapdos|Volt Switch|p2a: Slurpuff
|-damage|p2a: Slurpuff|20/100
|
|t:|1667125689
|switch|p1a: Urshifu|Urshifu-Rapid-Strike, F|66/100|[from]move: Volt Switch
|
|upkeep
|turn|22
|
|t:|1667125691
|switch|p1a: Zapdos|Zapdos|72/100
|move|p2a: Slurpuff|Play Rough|p1a: Zapdos
|-damage|p1a: Zapdos|46/100
|
|upkeep
|turn|23
|
|t:|1667125696
|move|p2a: Slurpuff|Play Rough|p1a: Zapdos
|-damage|p1a: Zapdos|20/100
|move|p1a: Zapdos|Roost|p1a: Zapdos
|-heal|p1a: Zapdos|70/100
|-singleturn|p1a: Zapdos|move: Roost
|
|upkeep
|turn|24
|
|t:|1667125699
|move|p2a: Slurpuff|Play Rough|p1a: Zapdos
|-damage|p1a: Zapdos|45/100
|move|p1a: Zapdos|Roost|p1a: Zapdos
|-heal|p1a: Zapdos|95/100
|-singleturn|p1a: Zapdos|move: Roost
|
|upkeep
|turn|25
|
|t:|1667125704
|move|p2a: Slurpuff|Play Rough|p1a: Zapdos|[miss]
|-miss|p2a: Slurpuff|p1a: Zapdos
|move|p1a: Zapdos|Roost|p1a: Zapdos
|-heal|p1a: Zapdos|100/100
|-singleturn|p1a: Zapdos|move: Roost
|
|upkeep
|turn|26
|
|t:|1667125707
|move|p2a: Slurpuff|Play Rough|p1a: Zapdos
|-damage|p1a: Zapdos|75/100
|-status|p2a: Slurpuff|par|[from] ability: Static|[of] p1a: Zapdos
|move|p1a: Zapdos|Volt Switch|p2a: Slurpuff
|-damage|p2a: Slurpuff|0 fnt
|faint|p2a: Slurpuff
|
|t:|1667125710
|switch|p1a: Urshifu|Urshifu-Rapid-Strike, F|66/100|[from]move: Volt Switch
|
|upkeep
|
|t:|1667125712
|switch|p2a: Dragapult|Dragapult, F|89/100
|turn|27
|
|t:|1667125713
|move|p1a: Urshifu|Ice Punch|p2a: Dragapult
|-supereffective|p2a: Dragapult
|-damage|p2a: Dragapult|11/100
|move|p2a: Dragapult|Shadow Ball|p1a: Urshifu
|-damage|p1a: Urshifu|0 fnt
|faint|p1a: Urshifu
|
|upkeep
|c| Turtlek|Y fait pas très mal
|
|t:|1667125718
|switch|p1a: Zapdos|Zapdos|75/100
|turn|28
|
|t:|1667125720
|move|p2a: Dragapult|Shadow Ball|p1a: Zapdos
|-damage|p1a: Zapdos|22/100
|move|p1a: Zapdos|Volt Switch|p2a: Dragapult
|-resisted|p2a: Dragapult
|-damage|p2a: Dragapult|0 fnt
|faint|p2a: Dragapult
|
|win|mimilimi
|n|☆mimilimi|mimilimi
|n|☆Trick-or-Prise|trickorprise
|n| KanKi-san|kankisan
|n| Turtlek|turtlek
|n|%Clementine|clementine
|n| Hyper bol|hyperbol
|n|+Dragonillis|dragonillis
