|j|☆piyush21
|j|☆Q114
|player|p1|piyush21|red|1907
|player|p2|Q114|102|1763
|teamsize|p1|6
|teamsize|p2|6
|gametype|singles
|gen|8
|tier|[Gen 8] OU
|rated|
|clearpoke
|poke|p1|Shuckle, F|
|poke|p1|Bisharp, F|
|poke|p1|Togekiss, F|
|poke|p1|Cloyster, F|
|poke|p1|Aegislash, M|
|poke|p1|Cinderace, F|
|poke|p2|Toxapex, F|
|poke|p2|Ferrothorn, M|
|poke|p2|Seismitoad, M|
|poke|p2|Tyranitar, F|
|poke|p2|Clefable, M|
|poke|p2|Corviknight, M|
|rule|Sleep Clause Mod: Limit one foe put to sleep
|rule|Species Clause: Limit one of each Pokémon
|rule|OHKO Clause: OHKO moves are banned
|rule|Evasion Moves Clause: Evasion moves are banned
|rule|Endless Battle Clause: Forcing endless battles is banned
|rule|HP Percentage Mod: HP is shown in percentages
|rule|Dynamax Clause: You cannot dynamax
|teampreview
|j| Agents of Fortune
|j| Kechel
|j| Cookin'Drugs
|j| Commando 55
|j| lechugasismica
|j| Looda32
|
|start
|switch|p1a: Shuckle|Shuckle, F|100/100
|switch|p2a: Seismitoad|Seismitoad, M|100/100
|turn|1
|
|move|p2a: Seismitoad|Scald|p1a: Shuckle
|-supereffective|p1a: Shuckle
|-damage|p1a: Shuckle|69/100
|-status|p1a: Shuckle|brn
|move|p1a: Shuckle|Stealth Rock|p2a: Seismitoad
|-sidestart|p2: Q114|move: Stealth Rock
|
|-damage|p1a: Shuckle|62/100 brn|[from] brn
|upkeep
|turn|2
|inactive|Battle timer is ON: inactive players will automatically lose when time's up. (requested by piyush21)
|
|move|p2a: Seismitoad|Scald|p1a: Shuckle
|-supereffective|p1a: Shuckle
|-damage|p1a: Shuckle|30/100 brn
|move|p1a: Shuckle|Sticky Web|p2a: Seismitoad
|-sidestart|p2: Q114|move: Sticky Web
|
|-damage|p1a: Shuckle|23/100 brn|[from] brn
|upkeep
|turn|3
|
|move|p2a: Seismitoad|Scald|p1a: Shuckle
|-supereffective|p1a: Shuckle
|-damage|p1a: Shuckle|0 fnt
|faint|p1a: Shuckle
|
|upkeep
|
|switch|p1a: Aegislash|Aegislash, M|100/100
|turn|4
|
|move|p1a: Aegislash|Swords Dance|p1a: Aegislash
|-boost|p1a: Aegislash|atk|2
|move|p2a: Seismitoad|Scald|p1a: Aegislash
|-damage|p1a: Aegislash|77/100
|
|upkeep
|turn|5
|
|-formechange|p1a: Aegislash|Aegislash-Blade||[from] ability: Stance Change
|move|p1a: Aegislash|Close Combat|p2a: Seismitoad
|-damage|p2a: Seismitoad|17/100
|-unboost|p1a: Aegislash|def|1
|-unboost|p1a: Aegislash|spd|1
|-damage|p1a: Aegislash|67/100|[from] item: Life Orb
|move|p2a: Seismitoad|Knock Off|p1a: Aegislash
|-supereffective|p1a: Aegislash
|-crit|p1a: Aegislash
|-damage|p1a: Aegislash|0 fnt
|-enditem|p1a: Aegislash|Life Orb|[from] move: Knock Off|[of] p2a: Seismitoad
|faint|p1a: Aegislash
|
|-heal|p2a: Seismitoad|23/100|[from] item: Leftovers
|upkeep
|j| myjava
|
|switch|p1a: Cloyster|Cloyster, F|100/100
|turn|6
|
|move|p1a: Cloyster|Icicle Spear|p2a: Seismitoad
|-damage|p2a: Seismitoad|15/100
|-damage|p2a: Seismitoad|6/100
|-damage|p2a: Seismitoad|0 fnt
|-hitcount|p2a: Seismitoad|3
|faint|p2a: Seismitoad
|
|upkeep
|
|switch|p2a: Toxapex|Toxapex, F|100/100
|-activate|p2a: Toxapex|move: Sticky Web
|-unboost|p2a: Toxapex|spe|1
|-damage|p2a: Toxapex|88/100|[from] Stealth Rock
|turn|7
|
|move|p1a: Cloyster|Substitute|p1a: Cloyster
|-start|p1a: Cloyster|Substitute
|-damage|p1a: Cloyster|76/100
|move|p2a: Toxapex|Scald|p1a: Cloyster
|-resisted|p1a: Cloyster
|-activate|p1a: Cloyster|move: Substitute|[damage]
|
|-heal|p2a: Toxapex|94/100|[from] item: Black Sludge
|upkeep
|turn|8
|j| aerotics
|j|‽asderftyu
|j| chan da lure
|
|move|p1a: Cloyster|Shell Smash|p1a: Cloyster
|-unboost|p1a: Cloyster|def|1
|-unboost|p1a: Cloyster|spd|1
|-boost|p1a: Cloyster|atk|2
|-boost|p1a: Cloyster|spa|2
|-boost|p1a: Cloyster|spe|2
|move|p2a: Toxapex|Knock Off|p1a: Cloyster
|-crit|p1a: Cloyster
|-end|p1a: Cloyster|Substitute
|
|-heal|p2a: Toxapex|99/100|[from] item: Black Sludge
|upkeep
|turn|9
|j| xxxsaaawxxx
|
|move|p1a: Cloyster|Rock Blast|p2a: Toxapex|[miss]
|-miss|p1a: Cloyster|p2a: Toxapex
|move|p2a: Toxapex|Poison Jab|p1a: Cloyster
|-damage|p1a: Cloyster|53/100
|
|-heal|p2a: Toxapex|100/100|[from] item: Black Sludge
|upkeep
|turn|10
|
|move|p1a: Cloyster|Rock Blast|p2a: Toxapex
|-damage|p2a: Toxapex|91/100
|-damage|p2a: Toxapex|82/100
|-damage|p2a: Toxapex|73/100
|-damage|p2a: Toxapex|62/100
|-damage|p2a: Toxapex|52/100
|-hitcount|p2a: Toxapex|5
|move|p2a: Toxapex|Knock Off|p1a: Cloyster
|-damage|p1a: Cloyster|34/100
|-enditem|p1a: Cloyster|King's Rock|[from] move: Knock Off|[of] p2a: Toxapex
|
|-heal|p2a: Toxapex|58/100|[from] item: Black Sludge
|upkeep
|turn|11
|
|move|p1a: Cloyster|Rock Blast|p2a: Toxapex
|-damage|p2a: Toxapex|48/100
|-damage|p2a: Toxapex|38/100
|-damage|p2a: Toxapex|29/100
|-damage|p2a: Toxapex|19/100
|-damage|p2a: Toxapex|9/100
|-hitcount|p2a: Toxapex|5
|move|p2a: Toxapex|Poison Jab|p1a: Cloyster
|-damage|p1a: Cloyster|9/100
|
|-heal|p2a: Toxapex|15/100|[from] item: Black Sludge
|upkeep
|turn|12
|l| lechugasismica
|
|move|p1a: Cloyster|Icicle Spear|p2a: Toxapex
|-resisted|p2a: Toxapex
|-damage|p2a: Toxapex|8/100
|-resisted|p2a: Toxapex
|-damage|p2a: Toxapex|1/100
|-resisted|p2a: Toxapex
|-damage|p2a: Toxapex|0 fnt
|-hitcount|p2a: Toxapex|3
|faint|p2a: Toxapex
|
|upkeep
|
|switch|p2a: Clefable|Clefable, M|100/100
|-damage|p2a: Clefable|88/100|[from] Stealth Rock
|-activate|p2a: Clefable|move: Sticky Web
|-unboost|p2a: Clefable|spe|1
|turn|13
|j| Blackout9210
|
|move|p2a: Clefable|Protect|p2a: Clefable
|-singleturn|p2a: Clefable|Protect
|move|p1a: Cloyster|Icicle Spear|p2a: Clefable
|-activate|p2a: Clefable|move: Protect
|
|-heal|p2a: Clefable|94/100|[from] item: Leftovers
|upkeep
|turn|14
|
|move|p1a: Cloyster|Icicle Spear|p2a: Clefable
|-damage|p2a: Clefable|86/100
|-damage|p2a: Clefable|77/100
|-damage|p2a: Clefable|68/100
|-damage|p2a: Clefable|59/100
|-damage|p2a: Clefable|50/100
|-hitcount|p2a: Clefable|5
|move|p2a: Clefable|Wish|p2a: Clefable
|
|-heal|p2a: Clefable|56/100|[from] item: Leftovers
|upkeep
|turn|15
|
|move|p2a: Clefable|Protect|p2a: Clefable
|-singleturn|p2a: Clefable|Protect
|move|p1a: Cloyster|Icicle Spear|p2a: Clefable
|-activate|p2a: Clefable|move: Protect
|
|-heal|p2a: Clefable|100/100|[from] move: Wish|[wisher] Clefable
|upkeep
|turn|16
|
|move|p1a: Cloyster|Icicle Spear|p2a: Clefable
|-damage|p2a: Clefable|92/100
|-damage|p2a: Clefable|83/100
|-damage|p2a: Clefable|74/100
|-damage|p2a: Clefable|66/100
|-damage|p2a: Clefable|57/100
|-hitcount|p2a: Clefable|5
|move|p2a: Clefable|Wish|p2a: Clefable
|
|-heal|p2a: Clefable|63/100|[from] item: Leftovers
|upkeep
|turn|17
|
|move|p1a: Cloyster|Icicle Spear|p2a: Clefable
|-damage|p2a: Clefable|54/100
|-crit|p2a: Clefable
|-damage|p2a: Clefable|41/100
|-damage|p2a: Clefable|31/100
|-damage|p2a: Clefable|22/100
|-damage|p2a: Clefable|12/100
|-hitcount|p2a: Clefable|5
|move|p2a: Clefable|Moonblast|p1a: Cloyster
|-damage|p1a: Cloyster|0 fnt
|faint|p1a: Cloyster
|
|-heal|p2a: Clefable|62/100|[from] move: Wish|[wisher] Clefable
|-heal|p2a: Clefable|68/100|[from] item: Leftovers
|upkeep
|
|switch|p1a: Bisharp|Bisharp, F|100/100
|turn|18
|
|switch|p1a: Total skill|Togekiss, F|100/100
|move|p2a: Clefable|Moonblast|p1a: Total skill
|-damage|p1a: Total skill|72/100
|
|-heal|p2a: Clefable|74/100|[from] item: Leftovers
|upkeep
|turn|19
|l| Blackout9210
|j| Youngster Maxance
|
|switch|p1a: Bisharp|Bisharp, F|100/100
|switch|p2a: Tyranitar|Tyranitar, F|100/100
|-damage|p2a: Tyranitar|88/100|[from] Stealth Rock
|-activate|p2a: Tyranitar|move: Sticky Web
|-unboost|p2a: Tyranitar|spe|1
|-weather|Sandstorm|[from] ability: Sand Stream|[of] p2a: Tyranitar
|
|-weather|Sandstorm|[upkeep]
|upkeep
|turn|20
|
|switch|p1a: Total skill|Togekiss, F|72/100
|switch|p2a: Corviknight|Corviknight, M|100/100
|-damage|p2a: Corviknight|88/100|[from] Stealth Rock
|-ability|p2a: Corviknight|Pressure
|
|-weather|Sandstorm|[upkeep]
|-damage|p1a: Total skill|65/100|[from] Sandstorm
|upkeep
|turn|21
|l| Youngster Maxance
|
|move|p1a: Total skill|Air Slash|p2a: Corviknight
|-resisted|p2a: Corviknight
|-damage|p2a: Corviknight|71/100
|cant|p2a: Corviknight|flinch
|
|-weather|Sandstorm|[upkeep]
|-damage|p1a: Total skill|59/100|[from] Sandstorm
|upkeep
|turn|22
|
|move|p1a: Total skill|Air Slash|p2a: Corviknight
|-resisted|p2a: Corviknight
|-damage|p2a: Corviknight|50/100
|cant|p2a: Corviknight|flinch
|
|-weather|Sandstorm|[upkeep]
|-damage|p1a: Total skill|53/100|[from] Sandstorm
|upkeep
|turn|23
|
|move|p1a: Total skill|Air Slash|p2a: Corviknight
|-resisted|p2a: Corviknight
|-damage|p2a: Corviknight|26/100
|cant|p2a: Corviknight|flinch
|
|-weather|none
|upkeep
|turn|24
|
|switch|p2a: Tyranitar|Tyranitar, F|88/100
|-activate|p2a: Tyranitar|move: Sticky Web
|-unboost|p2a: Tyranitar|spe|1
|-damage|p2a: Tyranitar|76/100|[from] Stealth Rock
|-weather|Sandstorm|[from] ability: Sand Stream|[of] p2a: Tyranitar
|move|p1a: Total skill|Air Slash|p2a: Tyranitar|[miss]
|-miss|p1a: Total skill|p2a: Tyranitar
|
|-weather|Sandstorm|[upkeep]
|-damage|p1a: Total skill|47/100|[from] Sandstorm
|upkeep
|turn|25
|
|move|p1a: Total skill|Air Slash|p2a: Tyranitar
|-resisted|p2a: Tyranitar
|-damage|p2a: Tyranitar|71/100
|move|p2a: Tyranitar|Stone Edge|p1a: Total skill
|-supereffective|p1a: Total skill
|-crit|p1a: Total skill
|-damage|p1a: Total skill|0 fnt
|faint|p1a: Total skill
|
|-weather|Sandstorm|[upkeep]
|upkeep
|
|switch|p1a: Bisharp|Bisharp, F|100/100
|turn|26
|
|move|p1a: Bisharp|Iron Head|p2a: Tyranitar
|-supereffective|p2a: Tyranitar
|-damage|p2a: Tyranitar|0 fnt
|-damage|p1a: Bisharp|91/100|[from] item: Life Orb
|faint|p2a: Tyranitar
|
|-weather|Sandstorm|[upkeep]
|upkeep
|
|switch|p2a: Ferrothorn|Ferrothorn, M|100/100
|-activate|p2a: Ferrothorn|move: Sticky Web
|-unboost|p2a: Ferrothorn|spe|1
|-damage|p2a: Ferrothorn|95/100|[from] Stealth Rock
|turn|27
|
|switch|p1a: Cinderace|Cinderace, F|100/100
|move|p2a: Ferrothorn|Leech Seed|p1a: Cinderace
|-start|p1a: Cinderace|move: Leech Seed
|
|-weather|Sandstorm|[upkeep]
|-damage|p1a: Cinderace|95/100|[from] Sandstorm
|-heal|p2a: Ferrothorn|100/100|[from] item: Leftovers
|-damage|p1a: Cinderace|82/100|[from] Leech Seed|[of] p2a: Ferrothorn
|upkeep
|turn|28
|
|move|p2a: Ferrothorn|Protect|p2a: Ferrothorn
|-singleturn|p2a: Ferrothorn|Protect
|move|p1a: Cinderace|Pyro Ball|p2a: Ferrothorn
|-activate|p2a: Ferrothorn|move: Protect
|
|-weather|none
|-damage|p1a: Cinderace|70/100|[from] Leech Seed|[of] p2a: Ferrothorn
|upkeep
|turn|29
|j| zeta2048
|
|switch|p2a: Corviknight|Corviknight, M|26/100
|-damage|p2a: Corviknight|14/100|[from] Stealth Rock
|-ability|p2a: Corviknight|Pressure
|move|p1a: Cinderace|Pyro Ball|p2a: Corviknight
|-supereffective|p2a: Corviknight
|-damage|p2a: Corviknight|0 fnt
|faint|p2a: Corviknight
|
|upkeep
|
|switch|p2a: Clefable|Clefable, M|74/100
|-activate|p2a: Clefable|move: Sticky Web
|-unboost|p2a: Clefable|spe|1
|-damage|p2a: Clefable|62/100|[from] Stealth Rock
|turn|30
|
|switch|p1a: Bisharp|Bisharp, F|91/100
|move|p2a: Clefable|Wish|p2a: Clefable
|
|-heal|p2a: Clefable|68/100|[from] item: Leftovers
|upkeep
|turn|31
|
|move|p1a: Bisharp|Swords Dance|p1a: Bisharp
|-boost|p1a: Bisharp|atk|2
|move|p2a: Clefable|Moonblast|p1a: Bisharp
|-damage|p1a: Bisharp|42/100
|-unboost|p1a: Bisharp|spa|1
|-ability|p1a: Bisharp|Defiant
|-boost|p1a: Bisharp|atk|2
|
|-heal|p2a: Clefable|100/100|[from] move: Wish|[wisher] Clefable
|upkeep
|turn|32
|
|switch|p2a: Ferrothorn|Ferrothorn, M|100/100
|-activate|p2a: Ferrothorn|move: Sticky Web
|-unboost|p2a: Ferrothorn|spe|1
|-damage|p2a: Ferrothorn|95/100|[from] Stealth Rock
|move|p1a: Bisharp|Knock Off|p2a: Ferrothorn
|-damage|p2a: Ferrothorn|0 fnt
|-damage|p1a: Bisharp|29/100|[from] ability: Iron Barbs|[of] p2a: Ferrothorn
|-enditem|p2a: Ferrothorn|Leftovers|[from] move: Knock Off|[of] p1a: Bisharp
|-damage|p1a: Bisharp|19/100|[from] item: Life Orb
|faint|p2a: Ferrothorn
|
|upkeep
|l| chan da lure
|inactive|Q114 has 120 seconds left.
|
|switch|p2a: Clefable|Clefable, M|100/100
|-damage|p2a: Clefable|88/100|[from] Stealth Rock
|-activate|p2a: Clefable|move: Sticky Web
|-unboost|p2a: Clefable|spe|1
|turn|33
|
|move|p2a: Clefable|Protect|p2a: Clefable
|-singleturn|p2a: Clefable|Protect
|move|p1a: Bisharp|Iron Head|p2a: Clefable
|-activate|p2a: Clefable|move: Protect
|
|-heal|p2a: Clefable|94/100|[from] item: Leftovers
|upkeep
|turn|34
|
|move|p1a: Bisharp|Iron Head|p2a: Clefable
|-supereffective|p2a: Clefable
|-damage|p2a: Clefable|6/100
|-damage|p1a: Bisharp|9/100|[from] item: Life Orb
|move|p2a: Clefable|Moonblast|p1a: Bisharp
|-damage|p1a: Bisharp|0 fnt
|faint|p1a: Bisharp
|
|-heal|p2a: Clefable|12/100|[from] item: Leftovers
|upkeep
|
|switch|p1a: Cinderace|Cinderace, F|70/100
|turn|35
|
|move|p2a: Clefable|Protect|p2a: Clefable
|-singleturn|p2a: Clefable|Protect
|move|p1a: Cinderace|Pyro Ball|p2a: Clefable
|-activate|p2a: Clefable|move: Protect
|
|-heal|p2a: Clefable|18/100|[from] item: Leftovers
|upkeep
|turn|36
|j| bramito the legend
|inactive|Q114 has 120 seconds left.
|inactive|Q114 has 90 seconds left.
|j| Lets go swinub
|l| aerotics
|inactive|Q114 has 60 seconds left.
|j| wly6666
|inactive|Q114 has 30 seconds left.
|l| Lets go swinub
|l| Cookin'Drugs
|inactive|Q114 has 20 seconds left.
|j| spreadfire
|inactive|Q114 has 15 seconds left.
|j| PhaylynnDeGray
|c| Looda32|Lol this guy
|inactive|Q114 has 10 seconds left.
|c| Agents of Fortune|classic stall player
|inactive|Q114 has 5 seconds left.
|l| zeta2048
|-message|Q114 lost due to inactivity.
|
|win|piyush21
|l| Commando 55
|c| Agents of Fortune|no respect at all
|l| PhaylynnDeGray
|l|☆piyush21
|raw|piyush21's rating: 1907 &rarr; <strong>1921</strong><br />(+14 for winning)
|raw|Q114's rating: 1783 &rarr; <strong>1770</strong><br />(-13 for losing)
|c| Looda32|Got it coming
