|j|☆Cdbdc
|j|☆Pinks1ip
|t:|1667169880
|gametype|singles
|player|p1|Cdbdc|fisherman-gen4|1611
|player|p2|Pinks1ip|skierf|1603
|teamsize|p1|6
|teamsize|p2|6
|gen|8
|tier|[Gen 8] OU
|rated|
|rule|Sleep Clause Mod: Limit one foe put to sleep
|rule|Species Clause: Limit one of each Pokémon
|rule|OHKO Clause: OHKO moves are banned
|rule|Evasion Items Clause: Evasion items are banned
|rule|Evasion Moves Clause: Evasion moves are banned
|rule|Endless Battle Clause: Forcing endless battles is banned
|rule|HP Percentage Mod: HP is shown in percentages
|rule|Dynamax Clause: You cannot dynamax
|clearpoke
|poke|p1|Nihilego|
|poke|p1|Landorus-Therian, M|
|poke|p1|Melmetal|
|poke|p1|Dragapult, F|
|poke|p1|Slowbro, F|
|poke|p1|Weavile, F|
|poke|p2|Garchomp, F|
|poke|p2|Weavile, F|
|poke|p2|Blacephalon|
|poke|p2|Mew|
|poke|p2|Azumarill, M|
|poke|p2|Celesteela|
|teampreview
|j| GalarianN00b3
|l| GalarianN00b3
|
|t:|1667169916
|start
|switch|p1a: Melmetal|Melmetal|100/100
|switch|p2a: Mew|Mew|100/100
|turn|1
|
|t:|1667169919
|move|p2a: Mew|Thunder Wave|p1a: Melmetal
|-status|p1a: Melmetal|par
|move|p1a: Melmetal|Double Iron Bash|p2a: Mew
|-damage|p2a: Mew|41/100
|-damage|p2a: Mew|0 fnt
|faint|p2a: Mew
|-hitcount|p2: Mew|2
|
|upkeep
|
|t:|1667169929
|switch|p2a: Celesteela|Celesteela|100/100
|turn|2
|
|t:|1667169944
|switch|p1a: Dragapult|Dragapult, F|100/100
|move|p2a: Celesteela|Flamethrower|p1a: Dragapult
|-resisted|p1a: Dragapult
|-damage|p1a: Dragapult|82/100
|
|upkeep
|turn|3
|
|t:|1667169949
|switch|p2a: Garchomp|Garchomp, F|100/100
|move|p1a: Dragapult|Flamethrower|p2a: Garchomp
|-resisted|p2a: Garchomp
|-damage|p2a: Garchomp|78/100
|
|upkeep
|turn|4
|
|t:|1667169956
|switch|p1a: Landorus|Landorus-Therian, M|100/100
|-ability|p1a: Landorus|Intimidate|boost
|-unboost|p2a: Garchomp|atk|1
|move|p2a: Garchomp|Swords Dance|p2a: Garchomp
|-boost|p2a: Garchomp|atk|2
|
|upkeep
|turn|5
|
|t:|1667169960
|move|p2a: Garchomp|Scale Shot|p1a: Landorus
|-damage|p1a: Landorus|79/100
|-damage|p1a: Landorus|57/100
|-hitcount|p1a: Landorus|2
|-unboost|p2a: Garchomp|def|1
|-boost|p2a: Garchomp|spe|1
|-damage|p2a: Garchomp|68/100|[from] item: Life Orb
|move|p1a: Landorus|Toxic|p2a: Garchomp
|-status|p2a: Garchomp|tox
|
|-heal|p1a: Landorus|63/100|[from] item: Leftovers
|-damage|p2a: Garchomp|62/100 tox|[from] psn
|upkeep
|turn|6
|
|t:|1667169975
|move|p2a: Garchomp|Scale Shot|p1a: Landorus
|-damage|p1a: Landorus|42/100
|-damage|p1a: Landorus|20/100
|-hitcount|p1a: Landorus|2
|-unboost|p2a: Garchomp|def|1
|-boost|p2a: Garchomp|spe|1
|-damage|p2a: Garchomp|52/100 tox|[from] item: Life Orb
|move|p1a: Landorus|Earthquake|p2a: Garchomp
|-damage|p2a: Garchomp|0 fnt
|faint|p2a: Garchomp
|
|-heal|p1a: Landorus|26/100|[from] item: Leftovers
|upkeep
|
|t:|1667169986
|switch|p2a: Blacephalon|Blacephalon|100/100
|turn|7
|
|t:|1667169993
|move|p2a: Blacephalon|Shadow Ball|p1a: Landorus
|-damage|p1a: Landorus|0 fnt
|faint|p1a: Landorus
|-ability|p2a: Blacephalon|Beast Boost|boost
|-boost|p2a: Blacephalon|spa|1
|
|upkeep
|
|t:|1667170008
|switch|p1a: Melmetal|Melmetal|100/100 par
|turn|8
|
|t:|1667170012
|switch|p2a: Celesteela|Celesteela|100/100
|move|p1a: Melmetal|Earthquake|p2a: Celesteela
|-immune|p2a: Celesteela
|
|upkeep
|turn|9
|
|t:|1667170060
|switch|p1a: Dragapult|Dragapult, F|82/100
|move|p2a: Celesteela|Autotomize|p2a: Celesteela
|-boost|p2a: Celesteela|spe|2
|-start|p2a: Celesteela|Autotomize
|
|upkeep
|turn|10
|
|t:|1667170065
|move|p2a: Celesteela|Meteor Beam||[still]
|-prepare|p2a: Celesteela|Meteor Beam
|-boost|p2a: Celesteela|spa|1
|-enditem|p2a: Celesteela|Power Herb
|-anim|p2a: Celesteela|Meteor Beam|p1a: Dragapult
|-damage|p1a: Dragapult|12/100
|move|p1a: Dragapult|Flamethrower|p2a: Celesteela
|-supereffective|p2a: Celesteela
|-damage|p2a: Celesteela|28/100
|
|upkeep
|turn|11
|
|t:|1667170073
|move|p2a: Celesteela|Air Slash|p1a: Dragapult
|-damage|p1a: Dragapult|0 fnt
|faint|p1a: Dragapult
|-ability|p2a: Celesteela|Beast Boost|boost
|-boost|p2a: Celesteela|spa|1
|
|upkeep
|
|t:|1667170091
|switch|p1a: Slowbro|Slowbro, F|100/100
|turn|12
|
|t:|1667170094
|move|p2a: Celesteela|Air Slash|p1a: Slowbro
|-damage|p1a: Slowbro|54/100
|cant|p1a: Slowbro|flinch
|
|upkeep
|turn|13
|j| KappaHalo
|
|t:|1667170098
|move|p2a: Celesteela|Air Slash|p1a: Slowbro
|-damage|p1a: Slowbro|10/100
|cant|p1a: Slowbro|flinch
|
|upkeep
|turn|14
|
|t:|1667170105
|switch|p1a: Melmetal|Melmetal|100/100 par
|move|p2a: Celesteela|Air Slash|p1a: Melmetal
|-resisted|p1a: Melmetal
|-damage|p1a: Melmetal|69/100 par
|
|upkeep
|turn|15
|
|t:|1667170109
|move|p2a: Celesteela|Flamethrower|p1a: Melmetal
|-supereffective|p1a: Melmetal
|-damage|p1a: Melmetal|0 fnt
|faint|p1a: Melmetal
|-ability|p2a: Celesteela|Beast Boost|boost
|-boost|p2a: Celesteela|spa|1
|
|upkeep
|
|t:|1667170113
|switch|p1a: Slowbro|Slowbro, F|43/100
|turn|16
|
|t:|1667170118
|switch|p1a: NihilegOU|Nihilego|100/100
|move|p2a: Celesteela|Air Slash|p1a: NihilegOU
|-resisted|p1a: NihilegOU
|-crit|p1a: NihilegOU
|-damage|p1a: NihilegOU|56/100
|
|upkeep
|turn|17
|
|t:|1667170125
|move|p2a: Celesteela|Air Slash|p1a: NihilegOU
|-resisted|p1a: NihilegOU
|-damage|p1a: NihilegOU|24/100
|cant|p1a: NihilegOU|flinch
|
|upkeep
|turn|18
|c|☆Cdbdc||:
|
|t:|1667170132
|move|p2a: Celesteela|Air Slash|p1a: NihilegOU
|-resisted|p1a: NihilegOU
|-damage|p1a: NihilegOU|0 fnt
|faint|p1a: NihilegOU
|-ability|p2a: Celesteela|Beast Boost|boost
|-boost|p2a: Celesteela|spa|1
|
|upkeep
|
|t:|1667170135
|switch|p1a: Slowbro|Slowbro, F|76/100
|turn|19
|c|☆Pinks1ip|hax
|j| Tegalik
|c|☆Pinks1ip|If you’re life orb or banded Weavile you can kill
|c|☆Pinks1ip|maybe even boots
|
|t:|1667170164
|move|p2a: Celesteela|Air Slash|p1a: Slowbro
|-damage|p1a: Slowbro|3/100
|move|p1a: Slowbro|Flamethrower|p2a: Celesteela
|-supereffective|p2a: Celesteela
|-damage|p2a: Celesteela|0 fnt
|faint|p2a: Celesteela
|
|upkeep
|
|t:|1667170171
|switch|p2a: Blacephalon|Blacephalon|100/100
|turn|20
|
|t:|1667170181
|switch|p1a: Weavile|Weavile, F|100/100
|move|p2a: Blacephalon|Flamethrower|p1a: Weavile
|-supereffective|p1a: Weavile
|-damage|p1a: Weavile|0 fnt
|faint|p1a: Weavile
|-ability|p2a: Blacephalon|Beast Boost|boost
|-boost|p2a: Blacephalon|spa|1
|
|upkeep
|-message|Cdbdc forfeited.
|
|win|Pinks1ip
|raw|Cdbdc's rating: 1611 &rarr; <strong>1591</strong><br />(-20 for losing)
|raw|Pinks1ip's rating: 1603 &rarr; <strong>1623</strong><br />(+20 for winning)
|l|☆Cdbdc
|l|☆Pinks1ip
