|j|☆xyz anxiety
|j|☆Shivam_Z
|inactive|Battle timer is ON: inactive players will automatically lose when time's up.
|t:|1654517241
|gametype|singles
|player|p1|xyz anxiety|gambler-gen1|
|player|p2|Shivam_Z|burglar|
|teamsize|p1|6
|teamsize|p2|6
|gen|8
|tier|[Gen 8] OU
|rated|Tournament battle
|rule|Sleep Clause Mod: Limit one foe put to sleep
|rule|Species Clause: Limit one of each Pokémon
|rule|OHKO Clause: OHKO moves are banned
|rule|Evasion Moves Clause: Evasion moves are banned
|rule|Endless Battle Clause: Forcing endless battles is banned
|rule|HP Percentage Mod: HP is shown in percentages
|rule|Dynamax Clause: You cannot dynamax
|clearpoke
|poke|p1|Avalugg, F|
|poke|p1|Toxapex, F|
|poke|p1|Blissey, F|
|poke|p1|Corviknight, F|
|poke|p1|Xatu, M|
|poke|p1|Shedinja|
|poke|p2|Moltres-Galar|
|poke|p2|Landorus-Therian, M|
|poke|p2|Urshifu-*, F|
|poke|p2|Heatran, F|
|poke|p2|Slowking-Galar, F|
|poke|p2|Tangrowth, F|
|teampreview
|c|☆Shivam_Z|Glhf
|j| labsworld
|c|☆xyz anxiety|u2
|j| revolver 1966
|inactive|xyz anxiety has 120 seconds left.
|inactive|Shivam_Z has 120 seconds left.
|
|t:|1654517293
|start
|switch|p1a: Toxapex|Toxapex, F, shiny|100/100
|switch|p2a: Smogon daddy|Landorus-Therian, M|100/100
|-ability|p2a: Smogon daddy|Intimidate|boost
|-unboost|p1a: Toxapex|atk|1
|turn|1
|c|☆Shivam_Z|Look like no Rock for me
|
|t:|1654517300
|move|p2a: Smogon daddy|U-turn|p1a: Toxapex
|-resisted|p1a: Toxapex
|-damage|p1a: Toxapex|94/100
|j| Anonymous43567
|
|t:|1654517304
|switch|p2a: King of 30%|Slowking-Galar, F, shiny|100/100|[from]move: U-turn
|move|p1a: Toxapex|Toxic|p2a: King of 30%
|-immune|p2a: King of 30%
|
|upkeep
|turn|2
|
|t:|1654517309
|switch|p1a: Corviknight|Corviknight, F, shiny|100/100
|-ability|p1a: Corviknight|Pressure
|move|p2a: King of 30%|Future Sight|p1a: Corviknight
|-start|p2a: King of 30%|move: Future Sight
|
|upkeep
|turn|3
|
|t:|1654517314
|move|p1a: Corviknight|U-turn|p2a: King of 30%
|-damage|p2a: King of 30%|85/100
|
|t:|1654517316
|switch|p1a: Blissey|Blissey, F, shiny|100/100|[from]move: U-turn
|move|p2a: King of 30%|Flamethrower|p1a: Blissey
|-damage|p1a: Blissey|93/100
|
|-heal|p1a: Blissey|99/100|[from] item: Leftovers
|upkeep
|turn|4
|inactive|Shivam_Z has 120 seconds left.
|
|t:|1654517350
|switch|p2a: A storm is coming|Heatran, F|100/100
|move|p1a: Blissey|Stealth Rock|p2a: A storm is coming
|-sidestart|p2: Shivam_Z|move: Stealth Rock
|
|-end|p1a: Blissey|move: Future Sight
|-damage|p1a: Blissey|82/100
|-heal|p1a: Blissey|88/100|[from] item: Leftovers
|upkeep
|turn|5
|
|t:|1654517356
|switch|p1a: Xatu|Xatu, M, shiny|100/100
|move|p2a: A storm is coming|Taunt|p1a: Xatu
|move|p1a: Xatu|Taunt|p2a: A storm is coming|[from]ability: Magic Bounce
|-start|p2a: A storm is coming|move: Taunt
|
|upkeep
|turn|6
|c|☆Shivam_Z|Ever time
|
|t:|1654517365
|move|p1a: Xatu|Night Shade|p2a: A storm is coming
|-damage|p2a: A storm is coming|75/100
|move|p2a: A storm is coming|Magma Storm|p1a: Xatu
|-damage|p1a: Xatu|51/100
|-activate|p1a: Xatu|move: Magma Storm|[of] p2a: A storm is coming
|
|-heal|p1a: Xatu|57/100|[from] item: Leftovers
|-heal|p2a: A storm is coming|81/100|[from] item: Leftovers
|-damage|p1a: Xatu|45/100|[from] move: Magma Storm|[partiallytrapped]
|upkeep
|turn|7
|
|t:|1654517369
|move|p1a: Xatu|Roost|p1a: Xatu
|-heal|p1a: Xatu|95/100
|-singleturn|p1a: Xatu|move: Roost
|move|p2a: A storm is coming|Magma Storm|p1a: Xatu|[miss]
|-miss|p2a: A storm is coming|p1a: Xatu
|
|-heal|p1a: Xatu|100/100|[from] item: Leftovers
|-heal|p2a: A storm is coming|87/100|[from] item: Leftovers
|-damage|p1a: Xatu|88/100|[from] move: Magma Storm|[partiallytrapped]
|upkeep
|turn|8
|
|t:|1654517372
|move|p1a: Xatu|Night Shade|p2a: A storm is coming
|-damage|p2a: A storm is coming|61/100
|move|p2a: A storm is coming|Magma Storm|p1a: Xatu
|-damage|p1a: Xatu|39/100
|
|-heal|p1a: Xatu|45/100|[from] item: Leftovers
|-heal|p2a: A storm is coming|67/100|[from] item: Leftovers
|-damage|p1a: Xatu|33/100|[from] move: Magma Storm|[partiallytrapped]
|-end|p2a: A storm is coming|move: Taunt
|upkeep
|turn|9
|
|t:|1654517377
|move|p1a: Xatu|Roost|p1a: Xatu
|-heal|p1a: Xatu|83/100
|-singleturn|p1a: Xatu|move: Roost
|move|p2a: A storm is coming|Magma Storm|p1a: Xatu
|-damage|p1a: Xatu|36/100
|
|-heal|p1a: Xatu|42/100|[from] item: Leftovers
|-heal|p2a: A storm is coming|74/100|[from] item: Leftovers
|-damage|p1a: Xatu|29/100|[from] move: Magma Storm|[partiallytrapped]
|upkeep
|turn|10
|
|t:|1654517381
|move|p1a: Xatu|Roost|p1a: Xatu
|-heal|p1a: Xatu|79/100
|-singleturn|p1a: Xatu|move: Roost
|move|p2a: A storm is coming|Magma Storm|p1a: Xatu
|-damage|p1a: Xatu|28/100
|
|-heal|p1a: Xatu|34/100|[from] item: Leftovers
|-heal|p2a: A storm is coming|80/100|[from] item: Leftovers
|-damage|p1a: Xatu|21/100|[from] move: Magma Storm|[partiallytrapped]
|upkeep
|turn|11
|
|t:|1654517388
|move|p1a: Xatu|Roost|p1a: Xatu
|-heal|p1a: Xatu|71/100
|-singleturn|p1a: Xatu|move: Roost
|move|p2a: A storm is coming|Earth Power|p1a: Xatu
|-damage|p1a: Xatu|44/100
|-unboost|p1a: Xatu|spd|1
|
|-heal|p1a: Xatu|50/100|[from] item: Leftovers
|-heal|p2a: A storm is coming|86/100|[from] item: Leftovers
|-end|p1a: Xatu|Magma Storm|[partiallytrapped]
|upkeep
|turn|12
|j| call the crew
|c| call the crew|go xyz anxiety1
|c| call the crew|!
|
|t:|1654517406
|switch|p1a: Toxapex|Toxapex, F, shiny|100/100
|switch|p2a: ShifuHelmet-Strike|Urshifu-Rapid-Strike, F|100/100
|-damage|p2a: ShifuHelmet-Strike|94/100|[from] Stealth Rock
|
|upkeep
|turn|13
|
|t:|1654517412
|move|p2a: ShifuHelmet-Strike|U-turn|p1a: Toxapex
|-resisted|p1a: Toxapex
|-damage|p1a: Toxapex|93/100
|
|t:|1654517414
|switch|p2a: King of 30%|Slowking-Galar, F, shiny|100/100|[from]move: U-turn
|-damage|p2a: King of 30%|88/100|[from] Stealth Rock
|move|p1a: Toxapex|Knock Off|p2a: King of 30%
|-supereffective|p2a: King of 30%
|-damage|p2a: King of 30%|55/100
|-enditem|p2a: King of 30%|Assault Vest|[from] move: Knock Off|[of] p1a: Toxapex
|
|upkeep
|turn|14
|
|t:|1654517417
|switch|p1a: Corviknight|Corviknight, F, shiny|100/100
|-ability|p1a: Corviknight|Pressure
|move|p2a: King of 30%|Future Sight|p1a: Corviknight
|-start|p2a: King of 30%|move: Future Sight
|
|upkeep
|turn|15
|
|t:|1654517423
|move|p1a: Corviknight|U-turn|p2a: King of 30%
|-damage|p2a: King of 30%|39/100
|
|t:|1654517425
|switch|p1a: Blissey|Blissey, F, shiny|88/100|[from]move: U-turn
|move|p2a: King of 30%|Sludge Bomb|p1a: Blissey
|-damage|p1a: Blissey|75/100
|-status|p1a: Blissey|psn
|
|-heal|p1a: Blissey|81/100 psn|[from] item: Leftovers
|-damage|p1a: Blissey|69/100 psn|[from] psn
|upkeep
|turn|16
|
|t:|1654517429
|switch|p2a: Smogon daddy|Landorus-Therian, M|100/100
|-damage|p2a: Smogon daddy|88/100|[from] Stealth Rock
|-ability|p2a: Smogon daddy|Intimidate|boost
|-unboost|p1a: Blissey|atk|1
|move|p1a: Blissey|Soft-Boiled|p1a: Blissey
|-heal|p1a: Blissey|100/100 psn
|
|-end|p1a: Blissey|move: Future Sight
|-damage|p1a: Blissey|86/100 psn
|-heal|p2a: Smogon daddy|94/100|[from] item: Leftovers
|-heal|p1a: Blissey|92/100 psn|[from] item: Leftovers
|-damage|p1a: Blissey|79/100 psn|[from] psn
|upkeep
|turn|17
|
|t:|1654517433
|-curestatus|p1a: Blissey|psn|[from] ability: Natural Cure
|switch|p1a: Xatu|Xatu, M, shiny|50/100
|move|p2a: Smogon daddy|Defog|p1a: Xatu
|move|p1a: Xatu|Defog|p2a: Smogon daddy|[from]ability: Magic Bounce
|-unboost|p2a: Smogon daddy|evasion|1
|-sideend|p2: Shivam_Z|Stealth Rock|[from] move: Defog|[of] p1a: Xatu
|
|-heal|p1a: Xatu|56/100|[from] item: Leftovers
|-heal|p2a: Smogon daddy|99/100|[from] item: Leftovers
|upkeep
|turn|18
|
|t:|1654517440
|switch|p1a: Corviknight|Corviknight, F, shiny|100/100
|-ability|p1a: Corviknight|Pressure
|move|p2a: Smogon daddy|U-turn|p1a: Corviknight
|-resisted|p1a: Corviknight
|-damage|p1a: Corviknight|97/100
|
|t:|1654517444
|switch|p2a: Moltres-Flinch|Moltres-Galar|100/100|[from]move: U-turn
|
|-heal|p1a: Corviknight|100/100|[from] item: Leftovers
|upkeep
|turn|19
|
|t:|1654517447
|move|p2a: Moltres-Flinch|Agility|p2a: Moltres-Flinch
|-boost|p2a: Moltres-Flinch|spe|2
|move|p1a: Corviknight|U-turn|p2a: Moltres-Flinch
|-damage|p2a: Moltres-Flinch|83/100
|
|t:|1654517449
|switch|p1a: Blissey|Blissey, F, shiny|79/100|[from]move: U-turn
|
|-heal|p1a: Blissey|85/100|[from] item: Leftovers
|upkeep
|turn|20
|
|t:|1654517452
|move|p2a: Moltres-Flinch|Nasty Plot|p2a: Moltres-Flinch
|-boost|p2a: Moltres-Flinch|spa|2
|move|p1a: Blissey|Toxic|p2a: Moltres-Flinch|[miss]
|-miss|p1a: Blissey|p2a: Moltres-Flinch
|
|-heal|p1a: Blissey|92/100|[from] item: Leftovers
|upkeep
|turn|21
|
|t:|1654517456
|move|p2a: Moltres-Flinch|Hurricane|p1a: Blissey
|-damage|p1a: Blissey|55/100
|move|p1a: Blissey|Toxic|p2a: Moltres-Flinch
|-status|p2a: Moltres-Flinch|tox
|
|-heal|p1a: Blissey|61/100|[from] item: Leftovers
|-damage|p2a: Moltres-Flinch|77/100 tox|[from] psn
|upkeep
|turn|22
|
|t:|1654517459
|move|p2a: Moltres-Flinch|Hurricane|p1a: Blissey
|-damage|p1a: Blissey|26/100
|move|p1a: Blissey|Soft-Boiled|p1a: Blissey
|-heal|p1a: Blissey|76/100
|
|-heal|p1a: Blissey|82/100|[from] item: Leftovers
|-damage|p2a: Moltres-Flinch|64/100 tox|[from] psn
|upkeep
|turn|23
|
|t:|1654517462
|move|p2a: Moltres-Flinch|Fiery Wrath|p1a: Blissey
|-damage|p1a: Blissey|56/100
|move|p1a: Blissey|Soft-Boiled|p1a: Blissey
|-heal|p1a: Blissey|100/100
|
|-damage|p2a: Moltres-Flinch|46/100 tox|[from] psn
|upkeep
|turn|24
|
|t:|1654517465
|move|p2a: Moltres-Flinch|Nasty Plot|p2a: Moltres-Flinch
|-boost|p2a: Moltres-Flinch|spa|2
|move|p1a: Blissey|Stealth Rock|p2a: Moltres-Flinch
|-sidestart|p2: Shivam_Z|move: Stealth Rock
|
|-damage|p2a: Moltres-Flinch|21/100 tox|[from] psn
|upkeep
|turn|25
|
|t:|1654517467
|move|p2a: Moltres-Flinch|Hurricane|p1a: Blissey
|-damage|p1a: Blissey|49/100
|move|p1a: Blissey|Soft-Boiled|p1a: Blissey
|-heal|p1a: Blissey|99/100
|
|-heal|p1a: Blissey|100/100|[from] item: Leftovers
|-damage|p2a: Moltres-Flinch|0 fnt|[from] psn
|faint|p2a: Moltres-Flinch
|upkeep
|c|☆Shivam_Z|Ha
|c| call the crew|yeah! stall this man out!!!!!
|c|☆Shivam_Z|It never work
|c|☆Shivam_Z|:D
|c|☆xyz anxiety|hell ya
|c| call the crew|You can do it!
|inactive|Shivam_Z has 120 seconds left.
|c|☆Shivam_Z|Call what did i ever do to you
|
|t:|1654517514
|switch|p2a: Smogon daddy|Landorus-Therian, M|99/100
|-damage|p2a: Smogon daddy|88/100|[from] Stealth Rock
|-ability|p2a: Smogon daddy|Intimidate|boost
|-unboost|p1a: Blissey|atk|1
|turn|26
|l| Anonymous43567
|
|t:|1654517519
|switch|p1a: Xatu|Xatu, M, shiny|56/100
|move|p2a: Smogon daddy|U-turn|p1a: Xatu
|-damage|p1a: Xatu|32/100
|
|t:|1654517525
|switch|p2a: ShifuHelmet-Strike|Urshifu-Rapid-Strike, F|94/100|[from]move: U-turn
|-damage|p2a: ShifuHelmet-Strike|88/100|[from] Stealth Rock
|
|-heal|p1a: Xatu|38/100|[from] item: Leftovers
|upkeep
|turn|27
|
|t:|1654517528
|switch|p1a: Toxapex|Toxapex, F, shiny|100/100
|move|p2a: ShifuHelmet-Strike|U-turn|p1a: Toxapex
|-resisted|p1a: Toxapex
|-damage|p1a: Toxapex|93/100
|
|t:|1654517530
|switch|p2a: Best waifu|Tangrowth, F, shiny|100/100|[from]move: U-turn
|-damage|p2a: Best waifu|88/100|[from] Stealth Rock
|
|upkeep
|turn|28
|
|t:|1654517534
|move|p2a: Best waifu|Giga Drain|p1a: Toxapex
|-damage|p1a: Toxapex|71/100
|-heal|p2a: Best waifu|97/100|[from] drain|[of] p1a: Toxapex
|move|p1a: Toxapex|Toxic|p2a: Best waifu
|-status|p2a: Best waifu|tox
|
|-damage|p2a: Best waifu|90/100 tox|[from] psn
|upkeep
|turn|29
|
|t:|1654517539
|move|p2a: Best waifu|Knock Off|p1a: Toxapex
|-damage|p1a: Toxapex|57/100
|-enditem|p1a: Toxapex|Shed Shell|[from] move: Knock Off|[of] p2a: Best waifu
|move|p1a: Toxapex|Knock Off|p2a: Best waifu
|-damage|p2a: Best waifu|83/100 tox
|-damage|p1a: Toxapex|40/100|[from] item: Rocky Helmet|[of] p2a: Best waifu
|-enditem|p2a: Best waifu|Rocky Helmet|[from] move: Knock Off|[of] p1a: Toxapex
|
|-damage|p2a: Best waifu|71/100 tox|[from] psn
|upkeep
|turn|30
|
|t:|1654517544
|switch|p2a: Smogon daddy|Landorus-Therian, M|88/100
|-damage|p2a: Smogon daddy|76/100|[from] Stealth Rock
|-ability|p2a: Smogon daddy|Intimidate|boost
|-unboost|p1a: Toxapex|atk|1
|move|p1a: Toxapex|Recover|p1a: Toxapex
|-heal|p1a: Toxapex|90/100
|
|-heal|p2a: Smogon daddy|82/100|[from] item: Leftovers
|upkeep
|turn|31
|
|t:|1654517548
|move|p2a: Smogon daddy|Earthquake|p1a: Toxapex
|-supereffective|p1a: Toxapex
|-damage|p1a: Toxapex|33/100
|move|p1a: Toxapex|Knock Off|p2a: Smogon daddy
|-damage|p2a: Smogon daddy|72/100
|-enditem|p2a: Smogon daddy|Leftovers|[from] move: Knock Off|[of] p1a: Toxapex
|
|upkeep
|turn|32
|
|t:|1654517552
|switch|p1a: Xatu|Xatu, M, shiny|38/100
|move|p2a: Smogon daddy|Defog|p1a: Xatu
|move|p1a: Xatu|Defog|p2a: Smogon daddy|[from]ability: Magic Bounce
|-unboost|p2a: Smogon daddy|evasion|1
|-sideend|p2: Shivam_Z|Stealth Rock|[from] move: Defog|[of] p1a: Xatu
|
|-heal|p1a: Xatu|44/100|[from] item: Leftovers
|upkeep
|turn|33
|
|t:|1654517557
|move|p1a: Xatu|Roost|p1a: Xatu
|-heal|p1a: Xatu|94/100
|-singleturn|p1a: Xatu|move: Roost
|move|p2a: Smogon daddy|U-turn|p1a: Xatu
|-supereffective|p1a: Xatu
|-damage|p1a: Xatu|43/100
|
|t:|1654517562
|switch|p2a: ShifuHelmet-Strike|Urshifu-Rapid-Strike, F|88/100|[from]move: U-turn
|
|-heal|p1a: Xatu|49/100|[from] item: Leftovers
|upkeep
|turn|34
|
|t:|1654517565
|switch|p1a: Shedinja|Shedinja, shiny|100/100
|move|p2a: ShifuHelmet-Strike|U-turn|p1a: Shedinja
|-immune|p1a: Shedinja|[from] ability: Wonder Guard
|
|upkeep
|turn|35
|
|t:|1654517571
|switch|p2a: King of 30%|Slowking-Galar, F, shiny|72/100
|switch|p1a: Xatu|Xatu, M, shiny|49/100
|
|-heal|p1a: Xatu|55/100|[from] item: Leftovers
|upkeep
|turn|36
|
|t:|1654517581
|switch|p1a: Corviknight|Corviknight, F, shiny|100/100
|-ability|p1a: Corviknight|Pressure
|move|p2a: King of 30%|Future Sight|p1a: Corviknight
|-start|p2a: King of 30%|move: Future Sight
|
|upkeep
|turn|37
|
|t:|1654517585
|move|p1a: Corviknight|U-turn|p2a: King of 30%
|-damage|p2a: King of 30%|56/100
|
|t:|1654517586
|switch|p1a: Blissey|Blissey, F, shiny|100/100|[from]move: U-turn
|move|p2a: King of 30%|Flamethrower|p1a: Blissey
|-damage|p1a: Blissey|92/100
|-status|p1a: Blissey|brn
|
|-heal|p1a: Blissey|98/100 brn|[from] item: Leftovers
|-damage|p1a: Blissey|92/100 brn|[from] brn
|upkeep
|turn|38
|
|t:|1654517591
|move|p1a: Blissey|Stealth Rock|p2a: King of 30%
|-sidestart|p2: Shivam_Z|move: Stealth Rock
|move|p2a: King of 30%|Earthquake|p1a: Blissey
|-damage|p1a: Blissey|74/100 brn
|
|-end|p1a: Blissey|move: Future Sight
|-damage|p1a: Blissey|59/100 brn
|-heal|p1a: Blissey|65/100 brn|[from] item: Leftovers
|-damage|p1a: Blissey|59/100 brn|[from] brn
|upkeep
|turn|39
|
|t:|1654517595
|switch|p2a: Smogon daddy|Landorus-Therian, M|72/100
|-damage|p2a: Smogon daddy|60/100|[from] Stealth Rock
|-ability|p2a: Smogon daddy|Intimidate|boost
|-unboost|p1a: Blissey|atk|1
|move|p1a: Blissey|Soft-Boiled|p1a: Blissey
|-heal|p1a: Blissey|100/100 brn
|
|-damage|p1a: Blissey|94/100 brn|[from] brn
|upkeep
|turn|40
|
|t:|1654517602
|-curestatus|p1a: Blissey|brn|[from] ability: Natural Cure
|switch|p1a: Xatu|Xatu, M, shiny|55/100
|move|p2a: Smogon daddy|Defog|p1a: Xatu
|move|p1a: Xatu|Defog|p2a: Smogon daddy|[from]ability: Magic Bounce
|-unboost|p2a: Smogon daddy|evasion|1
|-sideend|p2: Shivam_Z|Stealth Rock|[from] move: Defog|[of] p1a: Xatu
|
|-heal|p1a: Xatu|61/100|[from] item: Leftovers
|upkeep
|turn|41
|c|☆Shivam_Z|So i can't win
|c|☆Shivam_Z|Ha
|c|☆Shivam_Z|I can't break through
|
|t:|1654517617
|switch|p1a: Toxapex|Toxapex, F, shiny|66/100
|move|p2a: Smogon daddy|U-turn|p1a: Toxapex
|-resisted|p1a: Toxapex
|-damage|p1a: Toxapex|59/100
|
|t:|1654517621
|switch|p2a: A storm is coming|Heatran, F|86/100|[from]move: U-turn
|
|-heal|p2a: A storm is coming|92/100|[from] item: Leftovers
|upkeep
|turn|42
|
|t:|1654517625
|switch|p1a: Xatu|Xatu, M, shiny|61/100
|move|p2a: A storm is coming|Magma Storm|p1a: Xatu
|-damage|p1a: Xatu|6/100
|-activate|p1a: Xatu|move: Magma Storm|[of] p2a: A storm is coming
|
|-heal|p1a: Xatu|12/100|[from] item: Leftovers
|-heal|p2a: A storm is coming|98/100|[from] item: Leftovers
|-damage|p1a: Xatu|0 fnt|[from] move: Magma Storm|[partiallytrapped]
|faint|p1a: Xatu
|upkeep
|c|☆Shivam_Z|Finally
|
|t:|1654517642
|switch|p1a: Corviknight|Corviknight, F, shiny|100/100
|-ability|p1a: Corviknight|Pressure
|turn|43
|
|t:|1654517645
|move|p1a: Corviknight|Body Press|p2a: A storm is coming
|-supereffective|p2a: A storm is coming
|-damage|p2a: A storm is coming|71/100
|-status|p1a: Corviknight|brn|[from] ability: Flame Body|[of] p2a: A storm is coming
|move|p2a: A storm is coming|Stealth Rock|p1a: Corviknight
|-sidestart|p1: xyz anxiety|move: Stealth Rock
|
|-heal|p2a: A storm is coming|78/100|[from] item: Leftovers
|-damage|p1a: Corviknight|94/100 brn|[from] brn
|upkeep
|turn|44
|
|t:|1654517652
|switch|p2a: King of 30%|Slowking-Galar, F, shiny|90/100
|move|p1a: Corviknight|Defog|p2a: King of 30%
|-unboost|p2a: King of 30%|evasion|1
|-sideend|p1: xyz anxiety|Stealth Rock|[from] move: Defog|[of] p1a: Corviknight
|
|-heal|p1a: Corviknight|100/100 brn|[from] item: Leftovers
|-damage|p1a: Corviknight|94/100 brn|[from] brn
|upkeep
|turn|45
|
|t:|1654517656
|move|p1a: Corviknight|U-turn|p2a: King of 30%
|-damage|p2a: King of 30%|83/100
|
|t:|1654517657
|switch|p1a: Blissey|Blissey, F, shiny|94/100|[from]move: U-turn
|move|p2a: King of 30%|Future Sight|p1a: Blissey
|-start|p2a: King of 30%|move: Future Sight
|
|-heal|p1a: Blissey|100/100|[from] item: Leftovers
|upkeep
|turn|46
|
|t:|1654517666
|switch|p2a: Best waifu|Tangrowth, F, shiny|100/100 tox
|move|p1a: Blissey|Stealth Rock|p2a: Best waifu
|-sidestart|p2: Shivam_Z|move: Stealth Rock
|
|-damage|p2a: Best waifu|94/100 tox|[from] psn
|upkeep
|turn|47
|
|t:|1654517681
|switch|p1a: Corviknight|Corviknight, F, shiny|94/100 brn
|-ability|p1a: Corviknight|Pressure
|move|p2a: Best waifu|Knock Off|p1a: Corviknight
|-damage|p1a: Corviknight|77/100 brn
|-enditem|p1a: Corviknight|Leftovers|[from] move: Knock Off|[of] p2a: Best waifu
|
|-end|p1a: Corviknight|move: Future Sight
|-resisted|p1a: Corviknight
|-damage|p1a: Corviknight|51/100 brn
|-damage|p2a: Best waifu|82/100 tox|[from] psn
|-damage|p1a: Corviknight|45/100 brn|[from] brn
|upkeep
|turn|48
|
|t:|1654517688
|switch|p2a: Smogon daddy|Landorus-Therian, M|60/100
|-damage|p2a: Smogon daddy|47/100|[from] Stealth Rock
|-ability|p2a: Smogon daddy|Intimidate|boost
|-unboost|p1a: Corviknight|atk|1
|move|p1a: Corviknight|Roost|p1a: Corviknight
|-heal|p1a: Corviknight|96/100 brn
|-singleturn|p1a: Corviknight|move: Roost
|
|-damage|p1a: Corviknight|90/100 brn|[from] brn
|upkeep
|turn|49
|
|t:|1654517694
|move|p1a: Corviknight|U-turn|p2a: Smogon daddy
|-resisted|p2a: Smogon daddy
|-damage|p2a: Smogon daddy|45/100
|
|t:|1654517696
|switch|p1a: Avalugg|Avalugg, F, shiny|100/100|[from]move: U-turn
|move|p2a: Smogon daddy|Defog|p1a: Avalugg
|-unboost|p1a: Avalugg|evasion|1
|-sideend|p2: Shivam_Z|Stealth Rock|[from] move: Defog|[of] p2a: Smogon daddy
|
|upkeep
|turn|50
|
|t:|1654517704
|move|p2a: Smogon daddy|U-turn|p1a: Avalugg
|-damage|p1a: Avalugg|92/100
|
|t:|1654517705
|switch|p2a: King of 30%|Slowking-Galar, F, shiny|100/100|[from]move: U-turn
|move|p1a: Avalugg|Body Press|p2a: King of 30%
|-resisted|p2a: King of 30%
|-damage|p2a: King of 30%|91/100
|
|upkeep
|turn|51
|
|t:|1654517710
|switch|p1a: Blissey|Blissey, F, shiny|100/100
|move|p2a: King of 30%|Future Sight|p1a: Blissey
|-start|p2a: King of 30%|move: Future Sight
|
|upkeep
|turn|52
|
|t:|1654517714
|move|p1a: Blissey|Stealth Rock|p2a: King of 30%
|-sidestart|p2: Shivam_Z|move: Stealth Rock
|move|p2a: King of 30%|Earthquake|p1a: Blissey
|-damage|p1a: Blissey|83/100
|
|-heal|p1a: Blissey|89/100|[from] item: Leftovers
|upkeep
|turn|53
|
|t:|1654517717
|move|p1a: Blissey|Seismic Toss|p2a: King of 30%
|-damage|p2a: King of 30%|65/100
|move|p2a: King of 30%|Sludge Bomb|p1a: Blissey
|-damage|p1a: Blissey|77/100
|
|-end|p1a: Blissey|move: Future Sight
|-damage|p1a: Blissey|61/100
|-heal|p1a: Blissey|67/100|[from] item: Leftovers
|upkeep
|turn|54
|
|t:|1654517724
|move|p1a: Blissey|Soft-Boiled|p1a: Blissey
|-heal|p1a: Blissey|100/100
|move|p2a: King of 30%|Sludge Bomb|p1a: Blissey
|-damage|p1a: Blissey|88/100
|
|-heal|p1a: Blissey|94/100|[from] item: Leftovers
|upkeep
|turn|55
|j| prof dankness
|
|t:|1654517728
|switch|p2a: Best waifu|Tangrowth, F, shiny|100/100 tox
|-damage|p2a: Best waifu|88/100 tox|[from] Stealth Rock
|move|p1a: Blissey|Seismic Toss|p2a: Best waifu
|-damage|p2a: Best waifu|63/100 tox
|
|-heal|p1a: Blissey|99/100|[from] item: Leftovers
|-damage|p2a: Best waifu|57/100 tox|[from] psn
|upkeep
|turn|56
|j| bizarman
|
|t:|1654517737
|switch|p1a: Corviknight|Corviknight, F, shiny|90/100 brn
|-ability|p1a: Corviknight|Pressure
|move|p2a: Best waifu|Focus Blast|p1a: Corviknight
|-damage|p1a: Corviknight|59/100 brn
|
|-damage|p2a: Best waifu|45/100 tox|[from] psn
|-damage|p1a: Corviknight|53/100 brn|[from] brn
|upkeep
|turn|57
|
|t:|1654517740
|move|p1a: Corviknight|U-turn|p2a: Best waifu
|-supereffective|p2a: Best waifu
|-damage|p2a: Best waifu|38/100 tox
|
|t:|1654517742
|switch|p1a: Toxapex|Toxapex, F, shiny|93/100|[from]move: U-turn
|move|p2a: Best waifu|Focus Blast|p1a: Toxapex|[miss]
|-miss|p2a: Best waifu|p1a: Toxapex
|
|-damage|p2a: Best waifu|19/100 tox|[from] psn
|upkeep
|turn|58
|
|t:|1654517746
|switch|p2a: Smogon daddy|Landorus-Therian, M|45/100
|-damage|p2a: Smogon daddy|33/100|[from] Stealth Rock
|-ability|p2a: Smogon daddy|Intimidate|boost
|-unboost|p1a: Toxapex|atk|1
|move|p1a: Toxapex|Knock Off|p2a: Smogon daddy
|-damage|p2a: Smogon daddy|25/100
|
|upkeep
|turn|59
|
|t:|1654517749
|move|p2a: Smogon daddy|Defog|p1a: Toxapex
|-unboost|p1a: Toxapex|evasion|1
|-sideend|p2: Shivam_Z|Stealth Rock|[from] move: Defog|[of] p2a: Smogon daddy
|move|p1a: Toxapex|Toxic|p2a: Smogon daddy
|-status|p2a: Smogon daddy|tox
|
|-damage|p2a: Smogon daddy|19/100 tox|[from] psn
|upkeep
|turn|60
|
|t:|1654517754
|move|p2a: Smogon daddy|Earthquake|p1a: Toxapex
|-supereffective|p1a: Toxapex
|-damage|p1a: Toxapex|37/100
|move|p1a: Toxapex|Knock Off|p2a: Smogon daddy
|-damage|p2a: Smogon daddy|13/100 tox
|
|-damage|p2a: Smogon daddy|1/100 tox|[from] psn
|upkeep
|turn|61
|
|t:|1654517764
|switch|p1a: Avalugg|Avalugg, F, shiny|92/100
|move|p2a: Smogon daddy|U-turn|p1a: Avalugg
|-damage|p1a: Avalugg|82/100
|
|t:|1654517768
|switch|p2a: ShifuHelmet-Strike|Urshifu-Rapid-Strike, F|88/100|[from]move: U-turn
|
|upkeep
|turn|62
|l| call the crew
|
|t:|1654517777
|switch|p2a: A storm is coming|Heatran, F|78/100
|switch|p1a: Shedinja|Shedinja, shiny|100/100
|
|-heal|p2a: A storm is coming|84/100|[from] item: Leftovers
|upkeep
|turn|63
|
|t:|1654517786
|switch|p1a: Corviknight|Corviknight, F, shiny|53/100 brn
|-ability|p1a: Corviknight|Pressure
|move|p2a: A storm is coming|Stealth Rock|p1a: Corviknight
|-sidestart|p1: xyz anxiety|move: Stealth Rock
|
|-heal|p2a: A storm is coming|90/100|[from] item: Leftovers
|-damage|p1a: Corviknight|47/100 brn|[from] brn
|upkeep
|turn|64
|j| call the crew
|
|t:|1654517793
|move|p1a: Corviknight|Defog|p2a: A storm is coming
|-unboost|p2a: A storm is coming|evasion|1
|-sideend|p1: xyz anxiety|Stealth Rock|[from] move: Defog|[of] p1a: Corviknight
|move|p2a: A storm is coming|Magma Storm|p1a: Corviknight
|-supereffective|p1a: Corviknight
|-damage|p1a: Corviknight|0 fnt
|faint|p1a: Corviknight
|
|-heal|p2a: A storm is coming|96/100|[from] item: Leftovers
|upkeep
|
|t:|1654517798
|switch|p1a: Blissey|Blissey, F, shiny|99/100
|turn|65
|
|t:|1654517801
|move|p2a: A storm is coming|Stealth Rock|p1a: Blissey
|-sidestart|p1: xyz anxiety|move: Stealth Rock
|move|p1a: Blissey|Stealth Rock|p2a: A storm is coming
|-sidestart|p2: Shivam_Z|move: Stealth Rock
|
|-heal|p2a: A storm is coming|100/100|[from] item: Leftovers
|-heal|p1a: Blissey|100/100|[from] item: Leftovers
|upkeep
|turn|66
|
|t:|1654517817
|move|p2a: A storm is coming|Taunt|p1a: Blissey
|-start|p1a: Blissey|move: Taunt
|move|p1a: Blissey|Seismic Toss|p2a: A storm is coming
|-damage|p2a: A storm is coming|75/100
|-status|p1a: Blissey|brn|[from] ability: Flame Body|[of] p2a: A storm is coming
|
|-heal|p2a: A storm is coming|81/100|[from] item: Leftovers
|-damage|p1a: Blissey|94/100 brn|[from] brn
|upkeep
|turn|67
|
|t:|1654517821
|switch|p2a: Smogon daddy|Landorus-Therian, M|1/100 tox
|-damage|p2a: Smogon daddy|0 fnt|[from] Stealth Rock
|faint|p2a: Smogon daddy
|move|p1a: Blissey|Seismic Toss|p2: Smogon daddy|[notarget]
|-fail|p1a: Blissey
|
|-heal|p1a: Blissey|100/100 brn|[from] item: Leftovers
|-damage|p1a: Blissey|94/100 brn|[from] brn
|upkeep
|
|t:|1654517824
|switch|p2a: Best waifu|Tangrowth, F, shiny|52/100 tox
|-damage|p2a: Best waifu|40/100 tox|[from] Stealth Rock
|turn|68
|
|t:|1654517827
|-curestatus|p1a: Blissey|brn|[from] ability: Natural Cure
|switch|p1a: Toxapex|Toxapex, F, shiny|70/100
|-damage|p1a: Toxapex|57/100|[from] Stealth Rock
|switch|p2a: King of 30%|Slowking-Galar, F, shiny|98/100
|-damage|p2a: King of 30%|86/100|[from] Stealth Rock
|
|upkeep
|turn|69
|
|t:|1654517837
|move|p1a: Toxapex|Recover|p1a: Toxapex
|-heal|p1a: Toxapex|100/100
|move|p2a: King of 30%|Future Sight|p1a: Toxapex
|-start|p2a: King of 30%|move: Future Sight
|
|upkeep
|turn|70
|
|t:|1654517843
|switch|p2a: A storm is coming|Heatran, F|81/100
|-damage|p2a: A storm is coming|68/100|[from] Stealth Rock
|move|p1a: Toxapex|Toxic|p2a: A storm is coming
|-immune|p2a: A storm is coming
|
|-heal|p2a: A storm is coming|75/100|[from] item: Leftovers
|upkeep
|turn|71
|
|t:|1654517846
|switch|p1a: Blissey|Blissey, F, shiny|94/100
|-damage|p1a: Blissey|82/100|[from] Stealth Rock
|move|p2a: A storm is coming|Taunt|p1a: Blissey
|-start|p1a: Blissey|move: Taunt
|
|-end|p1a: Blissey|move: Future Sight
|-damage|p1a: Blissey|65/100
|-heal|p2a: A storm is coming|81/100|[from] item: Leftovers
|-heal|p1a: Blissey|71/100|[from] item: Leftovers
|upkeep
|turn|72
|
|t:|1654517854
|move|p2a: A storm is coming|Earth Power|p1a: Blissey
|-damage|p1a: Blissey|62/100
|move|p1a: Blissey|Seismic Toss|p2a: A storm is coming
|-damage|p2a: A storm is coming|55/100
|
|-heal|p2a: A storm is coming|61/100|[from] item: Leftovers
|-heal|p1a: Blissey|69/100|[from] item: Leftovers
|upkeep
|turn|73
|
|t:|1654517857
|switch|p2a: ShifuHelmet-Strike|Urshifu-Rapid-Strike, F|88/100
|-damage|p2a: ShifuHelmet-Strike|82/100|[from] Stealth Rock
|move|p1a: Blissey|Seismic Toss|p2a: ShifuHelmet-Strike
|-damage|p2a: ShifuHelmet-Strike|53/100
|
|-heal|p1a: Blissey|75/100|[from] item: Leftovers
|-end|p1a: Blissey|move: Taunt
|upkeep
|turn|74
|
|t:|1654517865
|switch|p1a: Toxapex|Toxapex, F, shiny|100/100
|-damage|p1a: Toxapex|88/100|[from] Stealth Rock
|move|p2a: ShifuHelmet-Strike|U-turn|p1a: Toxapex
|-resisted|p1a: Toxapex
|-damage|p1a: Toxapex|80/100
|
|t:|1654517870
|switch|p2a: A storm is coming|Heatran, F|61/100|[from]move: U-turn
|-damage|p2a: A storm is coming|49/100|[from] Stealth Rock
|
|-heal|p2a: A storm is coming|55/100|[from] item: Leftovers
|upkeep
|turn|75
|
|t:|1654517876
|switch|p2a: ShifuHelmet-Strike|Urshifu-Rapid-Strike, F|53/100
|-damage|p2a: ShifuHelmet-Strike|47/100|[from] Stealth Rock
|move|p1a: Toxapex|Knock Off|p2a: ShifuHelmet-Strike
|-resisted|p2a: ShifuHelmet-Strike
|-damage|p2a: ShifuHelmet-Strike|38/100
|-enditem|p2a: ShifuHelmet-Strike|Choice Scarf|[from] move: Knock Off|[of] p1a: Toxapex
|
|upkeep
|turn|76
|
|t:|1654517882
|move|p2a: ShifuHelmet-Strike|U-turn|p1a: Toxapex
|-resisted|p1a: Toxapex
|-damage|p1a: Toxapex|73/100
|
|t:|1654517885
|switch|p2a: A storm is coming|Heatran, F|55/100|[from]move: U-turn
|-damage|p2a: A storm is coming|42/100|[from] Stealth Rock
|move|p1a: Toxapex|Knock Off|p2a: A storm is coming
|-damage|p2a: A storm is coming|33/100
|-status|p1a: Toxapex|brn|[from] ability: Flame Body|[of] p2a: A storm is coming
|-enditem|p2a: A storm is coming|Leftovers|[from] move: Knock Off|[of] p1a: Toxapex
|
|-damage|p1a: Toxapex|67/100 brn|[from] brn
|upkeep
|turn|77
|
|t:|1654517890
|switch|p2a: ShifuHelmet-Strike|Urshifu-Rapid-Strike, F|38/100
|-damage|p2a: ShifuHelmet-Strike|32/100|[from] Stealth Rock
|switch|p1a: Blissey|Blissey, F, shiny|75/100
|-damage|p1a: Blissey|62/100|[from] Stealth Rock
|
|-heal|p1a: Blissey|68/100|[from] item: Leftovers
|upkeep
|turn|78
|
|t:|1654517894
|switch|p1a: Toxapex|Toxapex, F, shiny|99/100 brn
|-damage|p1a: Toxapex|88/100 brn|[from] Stealth Rock
|move|p2a: ShifuHelmet-Strike|Close Combat|p1a: Toxapex
|-resisted|p1a: Toxapex
|-damage|p1a: Toxapex|69/100 brn
|-unboost|p2a: ShifuHelmet-Strike|def|1
|-unboost|p2a: ShifuHelmet-Strike|spd|1
|
|-damage|p1a: Toxapex|63/100 brn|[from] brn
|upkeep
|turn|79
|
|t:|1654517900
|move|p2a: ShifuHelmet-Strike|U-turn|p1a: Toxapex
|-resisted|p1a: Toxapex
|-damage|p1a: Toxapex|56/100 brn
|
|t:|1654517902
|switch|p2a: Best waifu|Tangrowth, F, shiny|73/100 tox|[from]move: U-turn
|-damage|p2a: Best waifu|61/100 tox|[from] Stealth Rock
|move|p1a: Toxapex|Recover|p1a: Toxapex
|-heal|p1a: Toxapex|100/100 brn
|
|-damage|p2a: Best waifu|54/100 tox|[from] psn
|-damage|p1a: Toxapex|94/100 brn|[from] brn
|upkeep
|turn|80
|
|t:|1654517908
|move|p2a: Best waifu|Giga Drain|p1a: Toxapex
|-damage|p1a: Toxapex|70/100 brn
|-heal|p2a: Best waifu|64/100 tox|[from] drain|[of] p1a: Toxapex
|move|p1a: Toxapex|Knock Off|p2a: Best waifu
|-damage|p2a: Best waifu|61/100 tox
|
|-damage|p2a: Best waifu|49/100 tox|[from] psn
|-damage|p1a: Toxapex|64/100 brn|[from] brn
|upkeep
|turn|81
|
|t:|1654517912
|switch|p2a: King of 30%|Slowking-Galar, F, shiny|100/100
|-damage|p2a: King of 30%|88/100|[from] Stealth Rock
|move|p1a: Toxapex|Toxic|p2a: King of 30%
|-immune|p2a: King of 30%
|
|-damage|p1a: Toxapex|58/100 brn|[from] brn
|upkeep
|turn|82
|
|t:|1654517919
|switch|p2a: Best waifu|Tangrowth, F, shiny|82/100 tox
|-damage|p2a: Best waifu|70/100 tox|[from] Stealth Rock
|move|p1a: Toxapex|Recover|p1a: Toxapex
|-heal|p1a: Toxapex|100/100 brn
|
|-damage|p2a: Best waifu|63/100 tox|[from] psn
|-damage|p1a: Toxapex|94/100 brn|[from] brn
|upkeep
|turn|83
|
|t:|1654517928
|move|p2a: Best waifu|Focus Blast|p1a: Toxapex
|-resisted|p1a: Toxapex
|-damage|p1a: Toxapex|81/100 brn
|move|p1a: Toxapex|Knock Off|p2a: Best waifu
|-damage|p2a: Best waifu|61/100 tox
|
|-damage|p2a: Best waifu|48/100 tox|[from] psn
|-damage|p1a: Toxapex|75/100 brn|[from] brn
|upkeep
|turn|84
|
|t:|1654517934
|switch|p2a: King of 30%|Slowking-Galar, F, shiny|100/100
|-damage|p2a: King of 30%|88/100|[from] Stealth Rock
|switch|p1a: Blissey|Blissey, F, shiny|68/100
|-damage|p1a: Blissey|56/100|[from] Stealth Rock
|
|-heal|p1a: Blissey|62/100|[from] item: Leftovers
|upkeep
|turn|85
|c|☆Shivam_Z|;(
|
|t:|1654517941
|move|p1a: Blissey|Soft-Boiled|p1a: Blissey
|-heal|p1a: Blissey|100/100
|move|p2a: King of 30%|Future Sight|p1a: Blissey
|-start|p2a: King of 30%|move: Future Sight
|
|upkeep
|turn|86
|
|t:|1654517944
|move|p1a: Blissey|Toxic|p2a: King of 30%
|-immune|p2a: King of 30%
|move|p2a: King of 30%|Sludge Bomb|p1a: Blissey
|-damage|p1a: Blissey|89/100
|
|-heal|p1a: Blissey|95/100|[from] item: Leftovers
|upkeep
|turn|87
|
|t:|1654517947
|move|p1a: Blissey|Seismic Toss|p2a: King of 30%
|-damage|p2a: King of 30%|63/100
|move|p2a: King of 30%|Sludge Bomb|p1a: Blissey
|-damage|p1a: Blissey|84/100
|
|-end|p1a: Blissey|move: Future Sight
|-damage|p1a: Blissey|69/100
|-heal|p1a: Blissey|75/100|[from] item: Leftovers
|upkeep
|turn|88
|
|t:|1654517950
|switch|p2a: Best waifu|Tangrowth, F, shiny|81/100 tox
|-damage|p2a: Best waifu|69/100 tox|[from] Stealth Rock
|move|p1a: Blissey|Seismic Toss|p2a: Best waifu
|-damage|p2a: Best waifu|44/100 tox
|
|-heal|p1a: Blissey|81/100|[from] item: Leftovers
|-damage|p2a: Best waifu|38/100 tox|[from] psn
|upkeep
|turn|89
|
|t:|1654517953
|switch|p2a: King of 30%|Slowking-Galar, F, shiny|96/100
|-damage|p2a: King of 30%|83/100|[from] Stealth Rock
|move|p1a: Blissey|Seismic Toss|p2a: King of 30%
|-damage|p2a: King of 30%|58/100
|
|-heal|p1a: Blissey|87/100|[from] item: Leftovers
|upkeep
|turn|90
|
|t:|1654517956
|move|p1a: Blissey|Seismic Toss|p2a: King of 30%
|-damage|p2a: King of 30%|33/100
|move|p2a: King of 30%|Future Sight|p1a: Blissey
|-start|p2a: King of 30%|move: Future Sight
|
|-heal|p1a: Blissey|93/100|[from] item: Leftovers
|upkeep
|turn|91
|
|t:|1654517958
|switch|p2a: ShifuHelmet-Strike|Urshifu-Rapid-Strike, F|32/100
|-damage|p2a: ShifuHelmet-Strike|26/100|[from] Stealth Rock
|move|p1a: Blissey|Seismic Toss|p2a: ShifuHelmet-Strike
|-damage|p2a: ShifuHelmet-Strike|0 fnt
|faint|p2a: ShifuHelmet-Strike
|
|-heal|p1a: Blissey|99/100|[from] item: Leftovers
|upkeep
|c|☆Shivam_Z|Rip
|
|t:|1654517964
|switch|p2a: Best waifu|Tangrowth, F, shiny|71/100 tox
|-damage|p2a: Best waifu|59/100 tox|[from] Stealth Rock
|turn|92
|c|☆xyz anxiety|you choked
|c| call the crew|^^
|c|☆xyz anxiety|like really hard
|
|t:|1654517978
|switch|p1a: Shedinja|Shedinja, shiny|100/100
|-damage|p1a: Shedinja|0 fnt|[from] Stealth Rock
|faint|p1a: Shedinja
|move|p2a: Best waifu|Giga Drain|p1: Shedinja|[notarget]
|-fail|p2a: Best waifu
|
|-hint|Future Sight did not hit because the target is fainted.
|-damage|p2a: Best waifu|53/100 tox|[from] psn
|upkeep
|c|☆Shivam_Z|Gg
|
|t:|1654517981
|switch|p1a: Blissey|Blissey, F, shiny|99/100
|-damage|p1a: Blissey|87/100|[from] Stealth Rock
|turn|93
|c|☆xyz anxiety|gg
|
|t:|1654517984
|move|p1a: Blissey|Seismic Toss|p2a: Best waifu
|-damage|p2a: Best waifu|28/100 tox
|move|p2a: Best waifu|Focus Blast|p1a: Blissey|[miss]
|-miss|p2a: Best waifu|p1a: Blissey
|
|-heal|p1a: Blissey|93/100|[from] item: Leftovers
|-damage|p2a: Best waifu|16/100 tox|[from] psn
|upkeep
|turn|94
|
|t:|1654517990
|switch|p2a: King of 30%|Slowking-Galar, F, shiny|66/100
|-damage|p2a: King of 30%|53/100|[from] Stealth Rock
|move|p1a: Blissey|Seismic Toss|p2a: King of 30%
|-damage|p2a: King of 30%|28/100
|
|-heal|p1a: Blissey|99/100|[from] item: Leftovers
|upkeep
|turn|95
|
|t:|1654517993
|switch|p2a: A storm is coming|Heatran, F|33/100
|-damage|p2a: A storm is coming|21/100|[from] Stealth Rock
|move|p1a: Blissey|Seismic Toss|p2a: A storm is coming
|-damage|p2a: A storm is coming|0 fnt
|faint|p2a: A storm is coming
|
|-heal|p1a: Blissey|100/100|[from] item: Leftovers
|upkeep
|
|t:|1654517995
|switch|p2a: Best waifu|Tangrowth, F, shiny|49/100 tox
|-damage|p2a: Best waifu|36/100 tox|[from] Stealth Rock
|turn|96
|
|t:|1654517997
|switch|p2a: King of 30%|Slowking-Galar, F, shiny|61/100
|-damage|p2a: King of 30%|49/100|[from] Stealth Rock
|move|p1a: Blissey|Seismic Toss|p2a: King of 30%
|-damage|p2a: King of 30%|23/100
|
|upkeep
|turn|97
|c| revolver 1966|no boots on shedinja?
|
|t:|1654517999
|switch|p2a: Best waifu|Tangrowth, F, shiny|70/100 tox
|-damage|p2a: Best waifu|57/100 tox|[from] Stealth Rock
|move|p1a: Blissey|Seismic Toss|p2a: Best waifu
|-damage|p2a: Best waifu|32/100 tox
|
|-damage|p2a: Best waifu|26/100 tox|[from] psn
|upkeep
|turn|98
|c| revolver 1966|is it safety goggles?
|
|t:|1654518002
|move|p1a: Blissey|Seismic Toss|p2a: Best waifu
|-damage|p2a: Best waifu|1/100 tox
|move|p2a: Best waifu|Focus Blast|p1a: Blissey|[miss]
|-miss|p2a: Best waifu|p1a: Blissey
|
|-damage|p2a: Best waifu|0 fnt|[from] psn
|faint|p2a: Best waifu
|upkeep
|c|☆xyz anxiety|goggles
|
|t:|1654518009
|switch|p2a: King of 30%|Slowking-Galar, F, shiny|57/100
|-damage|p2a: King of 30%|44/100|[from] Stealth Rock
|turn|99
|c|☆Shivam_Z|Gg
|
|t:|1654518017
|move|p1a: Blissey|Seismic Toss|p2a: King of 30%
|-damage|p2a: King of 30%|19/100
|move|p2a: King of 30%|Earthquake|p1a: Blissey
|-damage|p1a: Blissey|84/100
|
|-heal|p1a: Blissey|90/100|[from] item: Leftovers
|upkeep
|turn|100
|-message|Shivam_Z forfeited.
|
|win|xyz anxiety
|n|☆xyz anxiety|xyzanxiety
|n|☆Shivam_Z|shivamz
|n| labsworld|labsworld
|n| revolver 1966|revolver1966
|n| prof dankness|profdankness
|n| bizarman|bizarman
|n| call the crew|callthecrew
|l|☆Shivam_Z
