|j|‽goran el draco
|j|‽djok barra hi
|t:|1649675962
|gametype|singles
|player|p1|goran el draco|harlequin|1934
|player|p2|djok barra hi|102|1796
|teamsize|p1|6
|teamsize|p2|6
|gen|8
|tier|[Gen 8] OU
|rated|
|rule|Sleep Clause Mod: Limit one foe put to sleep
|rule|Species Clause: Limit one of each Pokémon
|rule|OHKO Clause: OHKO moves are banned
|rule|Evasion Moves Clause: Evasion moves are banned
|rule|Endless Battle Clause: Forcing endless battles is banned
|rule|HP Percentage Mod: HP is shown in percentages
|rule|Dynamax Clause: You cannot dynamax
|clearpoke
|poke|p1|Obstagoon, F|
|poke|p1|Tyranitar, F|
|poke|p1|Landorus-Therian, M|
|poke|p1|Dragapult, M|
|poke|p1|Blacephalon|
|poke|p1|Clefable, M|
|poke|p2|Regieleki|
|poke|p2|Garchomp, M|
|poke|p2|Blissey, F|
|poke|p2|Heatran, M|
|poke|p2|Zapdos|
|poke|p2|Buzzwole|
|teampreview
|inactive|Battle timer is ON: inactive players will automatically lose when time's up. (requested by goran el draco)
|
|t:|1649675976
|start
|switch|p1a: Clefable|Clefable, M|100/100
|switch|p2a: Garchomp|Garchomp, M|100/100
|turn|1
|
|t:|1649675980
|move|p2a: Garchomp|Stealth Rock|p1a: Clefable
|-sidestart|p1: goran el draco|move: Stealth Rock
|move|p1a: Clefable|Moonblast|p2a: Garchomp
|-supereffective|p2a: Garchomp
|-damage|p2a: Garchomp|44/100
|
|-heal|p2a: Garchomp|50/100|[from] item: Leftovers
|upkeep
|turn|2
|
|t:|1649675984
|move|p2a: Garchomp|Protect|p2a: Garchomp
|-singleturn|p2a: Garchomp|Protect
|move|p1a: Clefable|Teleport|p1a: Clefable
|
|t:|1649675988
|switch|p1a: Dragapult|Dragapult, M|100/100|[from]move: Teleport
|-damage|p1a: Dragapult|88/100|[from] Stealth Rock
|
|-heal|p2a: Garchomp|57/100|[from] item: Leftovers
|upkeep
|turn|3
|
|t:|1649675995
|switch|p2a: Blissey|Blissey, F|100/100
|move|p1a: Dragapult|U-turn|p2a: Blissey
|-damage|p2a: Blissey|87/100
|-damage|p1a: Dragapult|72/100|[from] item: Rocky Helmet|[of] p2a: Blissey
|
|t:|1649676000
|switch|p1a: Obstagoon|Obstagoon, F|100/100|[from]move: U-turn
|-damage|p1a: Obstagoon|88/100|[from] Stealth Rock
|
|-status|p1a: Obstagoon|brn|[from] item: Flame Orb
|upkeep
|turn|4
|
|t:|1649676005
|switch|p2a: Heatran|Heatran, M|100/100
|move|p1a: Obstagoon|Facade|p2a: Heatran
|-resisted|p2a: Heatran
|-damage|p2a: Heatran|70/100
|
|-heal|p2a: Heatran|76/100|[from] item: Leftovers
|-damage|p1a: Obstagoon|82/100 brn|[from] brn
|upkeep
|turn|5
|
|t:|1649676010
|switch|p1a: Landorus|Landorus-Therian, M|100/100
|-damage|p1a: Landorus|88/100|[from] Stealth Rock
|-ability|p1a: Landorus|Intimidate|boost
|-unboost|p2a: Heatran|atk|1
|move|p2a: Heatran|Heavy Slam|p1a: Landorus
|-damage|p1a: Landorus|65/100
|-damage|p2a: Heatran|59/100|[from] item: Rocky Helmet|[of] p1a: Landorus
|
|-heal|p2a: Heatran|66/100|[from] item: Leftovers
|upkeep
|turn|6
|
|t:|1649676015
|switch|p2a: Buzzwole|Buzzwole|100/100
|move|p1a: Landorus|Stealth Rock|p2a: Buzzwole
|-sidestart|p2: djok barra hi|move: Stealth Rock
|
|upkeep
|turn|7
|
|t:|1649676017
|switch|p1a: Clefable|Clefable, M|100/100
|move|p2a: Buzzwole|Ice Punch|p1a: Clefable
|-damage|p1a: Clefable|77/100
|-damage|p2a: Buzzwole|84/100|[from] item: Rocky Helmet|[of] p1a: Clefable
|
|upkeep
|turn|8
|
|t:|1649676024
|switch|p2a: Heatran|Heatran, M|66/100
|-damage|p2a: Heatran|53/100|[from] Stealth Rock
|move|p1a: Clefable|Teleport|p1a: Clefable
|
|t:|1649676041
|switch|p1a: Tyranitar|Tyranitar, F|100/100|[from]move: Teleport
|-damage|p1a: Tyranitar|88/100|[from] Stealth Rock
|-weather|Sandstorm|[from] ability: Sand Stream|[of] p1a: Tyranitar
|
|-weather|Sandstorm|[upkeep]
|-heal|p2a: Heatran|59/100|[from] item: Leftovers
|upkeep
|turn|9
|
|t:|1649676044
|switch|p2a: Garchomp|Garchomp, M|57/100
|-damage|p2a: Garchomp|50/100|[from] Stealth Rock
|move|p1a: Tyranitar|Stone Edge|p2a: Garchomp|[miss]
|-miss|p1a: Tyranitar|p2a: Garchomp
|
|-weather|Sandstorm|[upkeep]
|-heal|p2a: Garchomp|57/100|[from] item: Leftovers
|upkeep
|turn|10
|
|t:|1649676052
|move|p2a: Garchomp|Earthquake|p1a: Tyranitar
|-supereffective|p1a: Tyranitar
|-damage|p1a: Tyranitar|12/100
|move|p1a: Tyranitar|Stone Edge|p2a: Garchomp
|-resisted|p2a: Garchomp
|-damage|p2a: Garchomp|31/100
|
|-weather|Sandstorm|[upkeep]
|-heal|p2a: Garchomp|37/100|[from] item: Leftovers
|upkeep
|turn|11
|
|t:|1649676056
|move|p2a: Garchomp|Toxic|p1a: Tyranitar|[miss]
|-miss|p2a: Garchomp|p1a: Tyranitar
|move|p1a: Tyranitar|Stone Edge|p2a: Garchomp|[miss]
|-miss|p1a: Tyranitar|p2a: Garchomp
|
|-weather|Sandstorm|[upkeep]
|-heal|p2a: Garchomp|43/100|[from] item: Leftovers
|upkeep
|turn|12
|
|t:|1649676060
|move|p2a: Garchomp|Earthquake|p1a: Tyranitar
|-supereffective|p1a: Tyranitar
|-damage|p1a: Tyranitar|0 fnt
|faint|p1a: Tyranitar
|
|-weather|none
|-heal|p2a: Garchomp|50/100|[from] item: Leftovers
|upkeep
|
|t:|1649676063
|switch|p1a: Clefable|Clefable, M|77/100
|turn|13
|
|t:|1649676070
|move|p2a: Garchomp|Protect|p2a: Garchomp
|-singleturn|p2a: Garchomp|Protect
|move|p1a: Clefable|Moonblast|p2a: Garchomp
|-activate|p2a: Garchomp|move: Protect
|
|-heal|p2a: Garchomp|56/100|[from] item: Leftovers
|upkeep
|turn|14
|
|t:|1649676074
|switch|p2a: Blissey|Blissey, F|87/100
|-damage|p2a: Blissey|75/100|[from] Stealth Rock
|move|p1a: Clefable|Teleport|p1a: Clefable
|
|t:|1649676076
|switch|p1a: Obstagoon|Obstagoon, F|82/100 brn|[from]move: Teleport
|-damage|p1a: Obstagoon|70/100 brn|[from] Stealth Rock
|
|-damage|p1a: Obstagoon|64/100 brn|[from] brn
|upkeep
|turn|15
|
|t:|1649676085
|switch|p2a: Buzzwole|Buzzwole|84/100
|-damage|p2a: Buzzwole|71/100|[from] Stealth Rock
|move|p1a: Obstagoon|Facade|p2a: Buzzwole
|-damage|p2a: Buzzwole|7/100
|-damage|p1a: Obstagoon|48/100 brn|[from] item: Rocky Helmet|[of] p2a: Buzzwole
|
|-damage|p1a: Obstagoon|42/100 brn|[from] brn
|upkeep
|turn|16
|
|t:|1649676091
|move|p1a: Obstagoon|Knock Off|p2a: Buzzwole
|-resisted|p2a: Buzzwole
|-damage|p2a: Buzzwole|0 fnt
|-damage|p1a: Obstagoon|25/100 brn|[from] item: Rocky Helmet|[of] p2a: Buzzwole
|-enditem|p2a: Buzzwole|Rocky Helmet|[from] move: Knock Off|[of] p1a: Obstagoon
|faint|p2a: Buzzwole
|
|-damage|p1a: Obstagoon|19/100 brn|[from] brn
|upkeep
|
|t:|1649676096
|switch|p2a: Regieleki|Regieleki|100/100
|-damage|p2a: Regieleki|88/100|[from] Stealth Rock
|turn|17
|
|t:|1649676101
|switch|p1a: Landorus|Landorus-Therian, M|65/100
|-damage|p1a: Landorus|53/100|[from] Stealth Rock
|-ability|p1a: Landorus|Intimidate|boost
|-unboost|p2a: Regieleki|atk|1
|move|p2a: Regieleki|Substitute|p2a: Regieleki
|-start|p2a: Regieleki|Substitute
|-damage|p2a: Regieleki|63/100
|
|-heal|p2a: Regieleki|69/100|[from] item: Leftovers
|upkeep
|turn|18
|
|t:|1649676104
|move|p2a: Regieleki|Protect|p2a: Regieleki
|-singleturn|p2a: Regieleki|Protect
|move|p1a: Landorus|Earthquake|p2a: Regieleki
|-activate|p2a: Regieleki|move: Protect
|
|-heal|p2a: Regieleki|75/100|[from] item: Leftovers
|upkeep
|turn|19
|
|t:|1649676106
|move|p2a: Regieleki|Rapid Spin|p1a: Landorus
|-damage|p1a: Landorus|47/100
|-boost|p2a: Regieleki|spe|1
|-damage|p2a: Regieleki|59/100|[from] item: Rocky Helmet|[of] p1a: Landorus
|-sideend|p2: djok barra hi|Stealth Rock|[from] move: Rapid Spin|[of] p2a: Regieleki
|move|p1a: Landorus|Earthquake|p2a: Regieleki
|-supereffective|p2a: Regieleki
|-crit|p2a: Regieleki
|-end|p2a: Regieleki|Substitute
|
|-heal|p2a: Regieleki|65/100|[from] item: Leftovers
|upkeep
|turn|20
|
|t:|1649676110
|switch|p2a: Zapdos|Zapdos|100/100
|move|p1a: Landorus|Stealth Rock|p2a: Zapdos
|-sidestart|p2: djok barra hi|move: Stealth Rock
|
|upkeep
|turn|21
|
|t:|1649676120
|switch|p1a: Blacephalon|Blacephalon|100/100
|-damage|p1a: Blacephalon|76/100|[from] Stealth Rock
|move|p2a: Zapdos|Hurricane|p1a: Blacephalon
|-damage|p1a: Blacephalon|0 fnt
|faint|p1a: Blacephalon
|
|upkeep
|
|t:|1649676124
|switch|p1a: Dragapult|Dragapult, M|72/100
|-damage|p1a: Dragapult|59/100|[from] Stealth Rock
|turn|22
|
|t:|1649676131
|switch|p2a: Blissey|Blissey, F|75/100
|-damage|p2a: Blissey|62/100|[from] Stealth Rock
|move|p1a: Dragapult|Draco Meteor|p2a: Blissey
|-damage|p2a: Blissey|30/100
|-unboost|p1a: Dragapult|spa|2
|
|upkeep
|turn|23
|
|t:|1649676137
|switch|p1a: Clefable|Clefable, M|77/100
|move|p2a: Blissey|Soft-Boiled|p2a: Blissey
|-heal|p2a: Blissey|80/100
|
|upkeep
|turn|24
|
|t:|1649676145
|switch|p2a: Zapdos|Zapdos|100/100
|move|p1a: Clefable|Wish|p1a: Clefable
|
|upkeep
|turn|25
|
|t:|1649676149
|move|p2a: Zapdos|Thunderbolt|p1a: Clefable
|-damage|p1a: Clefable|34/100
|move|p1a: Clefable|Teleport|p1a: Clefable
|
|t:|1649676151
|switch|p1a: Obstagoon|Obstagoon, F|19/100 brn|[from]move: Teleport
|-damage|p1a: Obstagoon|7/100 brn|[from] Stealth Rock
|
|-heal|p1a: Obstagoon|63/100 brn|[from] move: Wish|[wisher] Clefable
|-damage|p1a: Obstagoon|57/100 brn|[from] brn
|upkeep
|turn|26
|
|t:|1649676156
|move|p2a: Zapdos|Thunderbolt|p1a: Obstagoon
|-damage|p1a: Obstagoon|1/100 brn
|move|p1a: Obstagoon|Facade|p2a: Zapdos
|-damage|p2a: Zapdos|1/100
|
|-damage|p1a: Obstagoon|0 fnt|[from] brn
|faint|p1a: Obstagoon
|upkeep
|
|t:|1649676171
|switch|p1a: Dragapult|Dragapult, M|59/100
|-damage|p1a: Dragapult|47/100|[from] Stealth Rock
|turn|27
|
|t:|1649676174
|move|p1a: Dragapult|U-turn|p2a: Zapdos
|-resisted|p2a: Zapdos
|-damage|p2a: Zapdos|0 fnt
|faint|p2a: Zapdos
|
|t:|1649676180
|switch|p1a: Landorus|Landorus-Therian, M|47/100|[from]move: U-turn
|-damage|p1a: Landorus|35/100|[from] Stealth Rock
|
|upkeep
|
|t:|1649676189
|switch|p2a: Blissey|Blissey, F|80/100
|-damage|p2a: Blissey|68/100|[from] Stealth Rock
|turn|28
|
|t:|1649676199
|switch|p1a: Clefable|Clefable, M|34/100
|move|p2a: Blissey|Seismic Toss|p1a: Clefable
|-damage|p1a: Clefable|8/100
|-damage|p2a: Blissey|51/100|[from] item: Rocky Helmet|[of] p1a: Clefable
|
|upkeep
|turn|29
|
|t:|1649676222
|move|p1a: Clefable|Wish|p1a: Clefable
|move|p2a: Blissey|Seismic Toss|p1a: Clefable
|-damage|p1a: Clefable|0 fnt
|-damage|p2a: Blissey|34/100|[from] item: Rocky Helmet|[of] p1a: Clefable
|faint|p1a: Clefable
|
|upkeep
|
|t:|1649676226
|switch|p1a: Landorus|Landorus-Therian, M|35/100
|-damage|p1a: Landorus|22/100|[from] Stealth Rock
|-ability|p1a: Landorus|Intimidate|boost
|-unboost|p2a: Blissey|atk|1
|turn|30
|
|t:|1649676236
|switch|p2a: Regieleki|Regieleki|65/100
|-damage|p2a: Regieleki|52/100|[from] Stealth Rock
|move|p1a: Landorus|Earthquake|p2a: Regieleki
|-supereffective|p2a: Regieleki
|-damage|p2a: Regieleki|0 fnt
|faint|p2a: Regieleki
|
|-heal|p1a: Landorus|74/100|[from] move: Wish|[wisher] Clefable
|upkeep
|
|t:|1649676238
|switch|p2a: Garchomp|Garchomp, M|56/100
|-damage|p2a: Garchomp|50/100|[from] Stealth Rock
|turn|31
|
|t:|1649676250
|move|p2a: Garchomp|Toxic|p1a: Landorus
|-status|p1a: Landorus|tox
|move|p1a: Landorus|Earthquake|p2a: Garchomp
|-damage|p2a: Garchomp|19/100
|
|-heal|p2a: Garchomp|25/100|[from] item: Leftovers
|-damage|p1a: Landorus|68/100 tox|[from] psn
|upkeep
|turn|32
|
|t:|1649676269
|move|p2a: Garchomp|Protect|p2a: Garchomp
|-singleturn|p2a: Garchomp|Protect
|move|p1a: Landorus|Earthquake|p2a: Garchomp
|-activate|p2a: Garchomp|move: Protect
|
|-heal|p2a: Garchomp|31/100|[from] item: Leftovers
|-damage|p1a: Landorus|56/100 tox|[from] psn
|upkeep
|turn|33
|
|t:|1649676283
|move|p2a: Garchomp|Earthquake|p1a: Landorus
|-immune|p1a: Landorus
|move|p1a: Landorus|Earthquake|p2a: Garchomp
|-damage|p2a: Garchomp|3/100
|
|-heal|p2a: Garchomp|9/100|[from] item: Leftovers
|-damage|p1a: Landorus|38/100 tox|[from] psn
|upkeep
|turn|34
|
|t:|1649676289
|switch|p1a: Dragapult|Dragapult, M|47/100
|-damage|p1a: Dragapult|34/100|[from] Stealth Rock
|move|p2a: Garchomp|Protect||[still]
|-fail|p2a: Garchomp
|
|-heal|p2a: Garchomp|15/100|[from] item: Leftovers
|upkeep
|turn|35
|
|t:|1649676303
|move|p2a: Garchomp|Protect|p2a: Garchomp
|-singleturn|p2a: Garchomp|Protect
|move|p1a: Dragapult|U-turn|p2a: Garchomp
|-activate|p2a: Garchomp|move: Protect
|
|-heal|p2a: Garchomp|21/100|[from] item: Leftovers
|upkeep
|turn|36
|
|t:|1649676314
|move|p1a: Dragapult|U-turn|p2a: Garchomp
|-damage|p2a: Garchomp|12/100
|-damage|p1a: Dragapult|22/100|[from] ability: Rough Skin|[of] p2a: Garchomp
|
|t:|1649676318
|switch|p1a: Landorus|Landorus-Therian, M|38/100 tox|[from]move: U-turn
|-damage|p1a: Landorus|25/100 tox|[from] Stealth Rock
|-ability|p1a: Landorus|Intimidate|boost
|-unboost|p2a: Garchomp|atk|1
|move|p2a: Garchomp|Earthquake|p1a: Landorus
|-immune|p1a: Landorus
|
|-heal|p2a: Garchomp|18/100|[from] item: Leftovers
|-damage|p1a: Landorus|19/100 tox|[from] psn
|upkeep
|turn|37
|
|t:|1649676321
|move|p2a: Garchomp|Protect|p2a: Garchomp
|-singleturn|p2a: Garchomp|Protect
|move|p1a: Landorus|Earthquake|p2a: Garchomp
|-activate|p2a: Garchomp|move: Protect
|
|-heal|p2a: Garchomp|24/100|[from] item: Leftovers
|-damage|p1a: Landorus|7/100 tox|[from] psn
|upkeep
|turn|38
|
|t:|1649676324
|move|p2a: Garchomp|Protect||[still]
|-fail|p2a: Garchomp
|move|p1a: Landorus|Earthquake|p2a: Garchomp
|-damage|p2a: Garchomp|0 fnt
|faint|p2a: Garchomp
|
|-damage|p1a: Landorus|0 fnt|[from] psn
|faint|p1a: Landorus
|upkeep
|
|t:|1649676330
|switch|p2a: Heatran|Heatran, M|59/100
|switch|p1a: Dragapult|Dragapult, M|22/100
|-damage|p1a: Dragapult|9/100|[from] Stealth Rock
|-damage|p2a: Heatran|47/100|[from] Stealth Rock
|turn|39
|
|t:|1649676335
|move|p1a: Dragapult|Draco Meteor|p2a: Heatran
|-resisted|p2a: Heatran
|-damage|p2a: Heatran|11/100
|-unboost|p1a: Dragapult|spa|2
|move|p2a: Heatran|Earth Power|p1a: Dragapult
|-damage|p1a: Dragapult|0 fnt
|faint|p1a: Dragapult
|
|win|djok barra hi
|raw|goran el draco's rating: 1934 &rarr; <strong>1906</strong><br />(-28 for losing)
|raw|djok barra hi's rating: 1796 &rarr; <strong>1824</strong><br />(+28 for winning)
|c|‽djok barra hi|/log djok barra hi made this room public.
