|j|☆ChandosH
|j|☆Wemm
|t:|1667976078
|gametype|singles
|player|p1|ChandosH|n-masters|1771
|player|p2|Wemm|cynthia-gen4|1702
|teamsize|p1|6
|teamsize|p2|6
|gen|8
|tier|[Gen 8] OU
|rated|
|rule|Sleep Clause Mod: Limit one foe put to sleep
|rule|Species Clause: Limit one of each Pokémon
|rule|OHKO Clause: OHKO moves are banned
|rule|Evasion Items Clause: Evasion items are banned
|rule|Evasion Moves Clause: Evasion moves are banned
|rule|Endless Battle Clause: Forcing endless battles is banned
|rule|HP Percentage Mod: HP is shown in percentages
|rule|Dynamax Clause: You cannot dynamax
|clearpoke
|poke|p1|Tyranitar, F|
|poke|p1|Excadrill, F|
|poke|p1|Slowbro, M|
|poke|p1|Tornadus-Therian, M|
|poke|p1|Buzzwole|
|poke|p1|Heatran, F|
|poke|p2|Snorlax, F|
|poke|p2|Urshifu-*, F|
|poke|p2|Zapdos|
|poke|p2|Landorus-Therian, M|
|poke|p2|Ferrothorn, F|
|poke|p2|Tapu Koko|
|teampreview
|
|t:|1667976109
|start
|switch|p1a: Tornadus|Tornadus-Therian, M|100/100
|switch|p2a: Landorus|Landorus-Therian, M|100/100
|-ability|p2a: Landorus|Intimidate|boost
|-unboost|p1a: Tornadus|atk|1
|turn|1
|
|t:|1667976119
|move|p1a: Tornadus|Toxic|p2a: Landorus
|-status|p2a: Landorus|tox
|move|p2a: Landorus|Knock Off|p1a: Tornadus
|-damage|p1a: Tornadus|68/100
|-enditem|p1a: Tornadus|Heavy-Duty Boots|[from] move: Knock Off|[of] p2a: Landorus
|
|-damage|p2a: Landorus|94/100 tox|[from] psn
|upkeep
|turn|2
|
|t:|1667976132
|switch|p2a: Tapu Koko|Tapu Koko, shiny|100/100
|-fieldstart|move: Electric Terrain|[from] ability: Electric Surge|[of] p2a: Tapu Koko
|move|p1a: Tornadus|Knock Off|p2a: Tapu Koko
|-resisted|p2a: Tapu Koko
|-crit|p2a: Tapu Koko
|-damage|p2a: Tapu Koko|82/100
|-enditem|p2a: Tapu Koko|Heavy-Duty Boots|[from] move: Knock Off|[of] p1a: Tornadus
|
|upkeep
|turn|3
|
|t:|1667976143
|switch|p1a: Excadrill|Excadrill, F|100/100
|move|p2a: Tapu Koko|U-turn|p1a: Excadrill
|-resisted|p1a: Excadrill
|-damage|p1a: Excadrill|89/100
|
|t:|1667976147
|switch|p2a: Urshifu|Urshifu-Rapid-Strike, F|100/100|[from]move: U-turn
|
|-heal|p1a: Excadrill|95/100|[from] item: Leftovers
|upkeep
|turn|4
|j| Horuskoria
|
|t:|1667976156
|switch|p1a: Slowbro|Slowbro, M|100/100
|move|p2a: Urshifu|U-turn|p1a: Slowbro
|-supereffective|p1a: Slowbro
|-damage|p1a: Slowbro|73/100
|j| t qwrhgaw
|
|t:|1667976163
|switch|p2a: Ferrothorn|Ferrothorn, F|100/100|[from]move: U-turn
|
|upkeep
|turn|5
|j| tapu moxo
|j| Rex Rei
|
|t:|1667976173
|move|p2a: Ferrothorn|Knock Off|p1a: Slowbro
|-supereffective|p1a: Slowbro
|-damage|p1a: Slowbro|46/100
|-damage|p2a: Ferrothorn|84/100|[from] item: Rocky Helmet|[of] p1a: Slowbro
|-enditem|p1a: Slowbro|Rocky Helmet|[from] move: Knock Off|[of] p2a: Ferrothorn
|move|p1a: Slowbro|Thunder Wave|p2a: Ferrothorn
|-status|p2a: Ferrothorn|par
|
|-heal|p2a: Ferrothorn|90/100 par|[from] item: Leftovers
|upkeep
|turn|6
|
|t:|1667976184
|switch|p1a: Heatran|Heatran, F|100/100
|cant|p2a: Ferrothorn|par
|
|-heal|p2a: Ferrothorn|96/100 par|[from] item: Leftovers
|-fieldend|move: Electric Terrain
|upkeep
|turn|7
|
|t:|1667976192
|switch|p2a: Snorlax|Snorlax, F, shiny|100/100
|move|p1a: Heatran|Stealth Rock|p2a: Snorlax
|-sidestart|p2: Wemm|move: Stealth Rock
|
|upkeep
|turn|8
|
|t:|1667976203
|switch|p1a: Buzzwole|Buzzwole|100/100
|move|p2a: Snorlax|Body Slam|p1a: Buzzwole
|-damage|p1a: Buzzwole|77/100
|-damage|p2a: Snorlax|84/100|[from] item: Rocky Helmet|[of] p1a: Buzzwole
|
|upkeep
|turn|9
|
|t:|1667976217
|switch|p2a: Zapdos|Zapdos|100/100
|move|p1a: Buzzwole|Toxic|p2a: Zapdos
|-status|p2a: Zapdos|tox
|
|-damage|p2a: Zapdos|94/100 tox|[from] psn
|upkeep
|turn|10
|
|t:|1667976231
|switch|p2a: Urshifu|Urshifu-Rapid-Strike, F|100/100
|-damage|p2a: Urshifu|94/100|[from] Stealth Rock
|switch|p1a: Excadrill|Excadrill, F|95/100
|
|-heal|p1a: Excadrill|100/100|[from] item: Leftovers
|upkeep
|turn|11
|
|t:|1667976238
|switch|p1a: Slowbro|Slowbro, M|79/100
|move|p2a: Urshifu|Surging Strikes|p1a: Slowbro
|-resisted|p1a: Slowbro
|-crit|p1a: Slowbro
|-damage|p1a: Slowbro|74/100
|-resisted|p1a: Slowbro
|-crit|p1a: Slowbro
|-damage|p1a: Slowbro|67/100
|-resisted|p1a: Slowbro
|-crit|p1a: Slowbro
|-damage|p1a: Slowbro|62/100
|-hitcount|p1a: Slowbro|3
|
|upkeep
|turn|12
|
|t:|1667976245
|move|p2a: Urshifu|U-turn|p1a: Slowbro
|-supereffective|p1a: Slowbro
|-damage|p1a: Slowbro|31/100
|
|t:|1667976259
|switch|p2a: Ferrothorn|Ferrothorn, F|96/100 par|[from]move: U-turn
|-damage|p2a: Ferrothorn|90/100 par|[from] Stealth Rock
|move|p1a: Slowbro|Slack Off|p1a: Slowbro
|-heal|p1a: Slowbro|81/100
|
|-heal|p2a: Ferrothorn|96/100 par|[from] item: Leftovers
|upkeep
|turn|13
|
|t:|1667976276
|move|p2a: Ferrothorn|Spikes|p1a: Slowbro
|-sidestart|p1: ChandosH|Spikes
|move|p1a: Slowbro|Teleport|p1a: Slowbro
|
|t:|1667976280
|switch|p1a: Heatran|Heatran, F|100/100|[from]move: Teleport
|-damage|p1a: Heatran|88/100|[from] Spikes
|
|-heal|p1a: Heatran|94/100|[from] item: Leftovers
|-heal|p2a: Ferrothorn|100/100 par|[from] item: Leftovers
|upkeep
|turn|14
|
|t:|1667976289
|switch|p2a: Snorlax|Snorlax, F, shiny|84/100
|-damage|p2a: Snorlax|72/100|[from] Stealth Rock
|move|p1a: Heatran|Magma Storm|p2a: Snorlax
|-damage|p2a: Snorlax|61/100
|-activate|p2a: Snorlax|move: Magma Storm|[of] p1a: Heatran
|
|-heal|p1a: Heatran|100/100|[from] item: Leftovers
|-damage|p2a: Snorlax|49/100|[from] move: Magma Storm|[partiallytrapped]
|upkeep
|turn|15
|
|t:|1667976303
|switch|p1a: Buzzwole|Buzzwole|77/100
|-damage|p1a: Buzzwole|64/100|[from] Spikes
|move|p2a: Snorlax|Body Slam|p1a: Buzzwole
|-damage|p1a: Buzzwole|41/100
|-damage|p2a: Snorlax|32/100|[from] item: Rocky Helmet|[of] p1a: Buzzwole
|
|-end|p2a: Snorlax|Magma Storm|[partiallytrapped]|[silent]
|upkeep
|turn|16
|
|t:|1667976309
|move|p1a: Buzzwole|Roost|p1a: Buzzwole
|-heal|p1a: Buzzwole|91/100
|-singleturn|p1a: Buzzwole|move: Roost
|move|p2a: Snorlax|Body Slam|p1a: Buzzwole
|-damage|p1a: Buzzwole|69/100
|-status|p1a: Buzzwole|par
|-damage|p2a: Snorlax|16/100|[from] item: Rocky Helmet|[of] p1a: Buzzwole
|
|upkeep
|turn|17
|j| LT_Alt1
|
|t:|1667976316
|move|p1a: Buzzwole|Roost|p1a: Buzzwole
|-heal|p1a: Buzzwole|100/100 par
|-singleturn|p1a: Buzzwole|move: Roost
|move|p2a: Snorlax|Body Slam|p1a: Buzzwole
|-damage|p1a: Buzzwole|78/100 par
|-damage|p2a: Snorlax|0 fnt|[from] item: Rocky Helmet|[of] p1a: Buzzwole
|faint|p2a: Snorlax
|
|upkeep
|
|t:|1667976329
|switch|p2a: Tapu Koko|Tapu Koko, shiny|82/100
|-damage|p2a: Tapu Koko|70/100|[from] Stealth Rock
|-fieldstart|move: Electric Terrain|[from] ability: Electric Surge|[of] p2a: Tapu Koko
|turn|18
|
|t:|1667976336
|switch|p1a: Excadrill|Excadrill, F|100/100
|-damage|p1a: Excadrill|88/100|[from] Spikes
|move|p2a: Tapu Koko|U-turn|p1a: Excadrill
|-resisted|p1a: Excadrill
|-damage|p1a: Excadrill|76/100
|
|t:|1667976338
|switch|p2a: Urshifu|Urshifu-Rapid-Strike, F|94/100|[from]move: U-turn
|-damage|p2a: Urshifu|88/100|[from] Stealth Rock
|
|-heal|p1a: Excadrill|82/100|[from] item: Leftovers
|upkeep
|turn|19
|
|t:|1667976350
|switch|p1a: Slowbro|Slowbro, M|100/100
|-damage|p1a: Slowbro|88/100|[from] Spikes
|move|p2a: Urshifu|U-turn|p1a: Slowbro
|-supereffective|p1a: Slowbro
|-damage|p1a: Slowbro|62/100
|
|t:|1667976355
|switch|p2a: Tapu Koko|Tapu Koko, shiny|70/100|[from]move: U-turn
|-damage|p2a: Tapu Koko|57/100|[from] Stealth Rock
|
|upkeep
|turn|20
|
|t:|1667976361
|switch|p1a: Excadrill|Excadrill, F|82/100
|-damage|p1a: Excadrill|69/100|[from] Spikes
|move|p2a: Tapu Koko|U-turn|p1a: Excadrill
|-resisted|p1a: Excadrill
|-damage|p1a: Excadrill|57/100
|
|t:|1667976370
|switch|p2a: Urshifu|Urshifu-Rapid-Strike, F|88/100|[from]move: U-turn
|-damage|p2a: Urshifu|82/100|[from] Stealth Rock
|
|-heal|p1a: Excadrill|63/100|[from] item: Leftovers
|upkeep
|turn|21
|
|t:|1667976413
|switch|p1a: Slowbro|Slowbro, M|95/100
|-damage|p1a: Slowbro|82/100|[from] Spikes
|move|p2a: Urshifu|U-turn|p1a: Slowbro
|-supereffective|p1a: Slowbro
|-damage|p1a: Slowbro|54/100
|
|t:|1667976417
|switch|p2a: Tapu Koko|Tapu Koko, shiny|57/100|[from]move: U-turn
|-damage|p2a: Tapu Koko|45/100|[from] Stealth Rock
|
|upkeep
|turn|22
|
|t:|1667976423
|switch|p1a: Excadrill|Excadrill, F|63/100
|-damage|p1a: Excadrill|50/100|[from] Spikes
|move|p2a: Tapu Koko|U-turn|p1a: Excadrill
|-resisted|p1a: Excadrill
|-damage|p1a: Excadrill|38/100
|
|t:|1667976427
|switch|p2a: Urshifu|Urshifu-Rapid-Strike, F|82/100|[from]move: U-turn
|-damage|p2a: Urshifu|76/100|[from] Stealth Rock
|
|-heal|p1a: Excadrill|44/100|[from] item: Leftovers
|-fieldend|move: Electric Terrain
|upkeep
|turn|23
|
|t:|1667976434
|switch|p1a: Tornadus|Tornadus-Therian, M|100/100
|move|p2a: Urshifu|U-turn|p1a: Tornadus
|-resisted|p1a: Tornadus
|-damage|p1a: Tornadus|88/100
|
|t:|1667976438
|switch|p2a: Zapdos|Zapdos|94/100 tox|[from]move: U-turn
|
|-damage|p2a: Zapdos|88/100 tox|[from] psn
|upkeep
|turn|24
|
|t:|1667976449
|switch|p1a: Excadrill|Excadrill, F|44/100
|-damage|p1a: Excadrill|32/100|[from] Spikes
|move|p2a: Zapdos|Hurricane|p1a: Excadrill|[miss]
|-miss|p2a: Zapdos|p1a: Excadrill
|
|-heal|p1a: Excadrill|38/100|[from] item: Leftovers
|-damage|p2a: Zapdos|76/100 tox|[from] psn
|upkeep
|turn|25
|
|t:|1667976454
|move|p2a: Zapdos|Hurricane|p1a: Excadrill
|-resisted|p1a: Excadrill
|-damage|p1a: Excadrill|4/100
|move|p1a: Excadrill|Rapid Spin|p2a: Zapdos
|-damage|p2a: Zapdos|56/100 tox
|-boost|p1a: Excadrill|spe|1
|-sideend|p1: ChandosH|Spikes|[from] move: Rapid Spin|[of] p1a: Excadrill
|
|-heal|p1a: Excadrill|10/100|[from] item: Leftovers
|-damage|p2a: Zapdos|38/100 tox|[from] psn
|upkeep
|turn|26
|
|t:|1667976468
|switch|p2a: Landorus|Landorus-Therian, M|94/100 tox
|-damage|p2a: Landorus|82/100 tox|[from] Stealth Rock
|-ability|p2a: Landorus|Intimidate|boost
|-unboost|p1a: Excadrill|atk|1
|move|p1a: Excadrill|Iron Head|p2a: Landorus
|-damage|p2a: Landorus|53/100 tox
|-damage|p1a: Excadrill|0 fnt|[from] item: Rocky Helmet|[of] p2a: Landorus
|faint|p1a: Excadrill
|
|-damage|p2a: Landorus|47/100 tox|[from] psn
|upkeep
|j| wdz999
|
|t:|1667976561
|switch|p1a: Tornadus|Tornadus-Therian, M|100/100
|turn|27
|
|t:|1667976566
|switch|p2a: Tapu Koko|Tapu Koko, shiny|45/100
|-damage|p2a: Tapu Koko|32/100|[from] Stealth Rock
|-fieldstart|move: Electric Terrain|[from] ability: Electric Surge|[of] p2a: Tapu Koko
|move|p1a: Tornadus|Hurricane|p2a: Tapu Koko
|-resisted|p2a: Tapu Koko
|-damage|p2a: Tapu Koko|0 fnt
|faint|p2a: Tapu Koko
|
|upkeep
|
|t:|1667976573
|switch|p2a: Zapdos|Zapdos|38/100 tox
|turn|28
|
|t:|1667976592
|move|p1a: Tornadus|Knock Off|p2a: Zapdos
|-damage|p2a: Zapdos|15/100 tox
|-enditem|p2a: Zapdos|Heavy-Duty Boots|[from] move: Knock Off|[of] p1a: Tornadus
|move|p2a: Zapdos|Roost|p2a: Zapdos
|-heal|p2a: Zapdos|65/100 tox
|-singleturn|p2a: Zapdos|move: Roost
|
|-damage|p2a: Zapdos|59/100 tox|[from] psn
|upkeep
|turn|29
|
|t:|1667976614
|switch|p1a: Tyranitar|Tyranitar, F|100/100
|-weather|Sandstorm|[from] ability: Sand Stream|[of] p1a: Tyranitar
|move|p2a: Zapdos|Roost|p2a: Zapdos
|-heal|p2a: Zapdos|100/100 tox
|-singleturn|p2a: Zapdos|move: Roost
|
|-weather|Sandstorm|[upkeep]
|-damage|p2a: Zapdos|94/100 tox|[from] Sandstorm
|-damage|p2a: Zapdos|82/100 tox|[from] psn
|upkeep
|turn|30
|
|t:|1667976623
|move|p2a: Zapdos|Volt Switch|p1a: Tyranitar
|-damage|p1a: Tyranitar|80/100
|
|t:|1667976628
|switch|p2a: Ferrothorn|Ferrothorn, F|100/100 par|[from]move: Volt Switch
|-damage|p2a: Ferrothorn|95/100 par|[from] Stealth Rock
|move|p1a: Tyranitar|Crunch|p2a: Ferrothorn
|-crit|p2a: Ferrothorn
|-damage|p2a: Ferrothorn|28/100 par
|-damage|p1a: Tyranitar|68/100|[from] ability: Iron Barbs|[of] p2a: Ferrothorn
|
|-weather|Sandstorm|[upkeep]
|-heal|p2a: Ferrothorn|34/100 par|[from] item: Leftovers
|upkeep
|turn|31
|
|t:|1667976641
|move|p1a: Tyranitar|Crunch|p2a: Ferrothorn
|-damage|p2a: Ferrothorn|0 fnt
|-damage|p1a: Tyranitar|55/100|[from] ability: Iron Barbs|[of] p2a: Ferrothorn
|faint|p2a: Ferrothorn
|
|-weather|Sandstorm|[upkeep]
|-fieldend|move: Electric Terrain
|upkeep
|
|t:|1667976645
|switch|p2a: Urshifu|Urshifu-Rapid-Strike, F|76/100
|-damage|p2a: Urshifu|70/100|[from] Stealth Rock
|turn|32
|
|t:|1667976652
|switch|p1a: Slowbro|Slowbro, M|88/100
|move|p2a: Urshifu|U-turn|p1a: Slowbro
|-supereffective|p1a: Slowbro
|-damage|p1a: Slowbro|57/100
|
|t:|1667976654
|switch|p2a: Zapdos|Zapdos|82/100 tox|[from]move: U-turn
|-damage|p2a: Zapdos|57/100 tox|[from] Stealth Rock
|
|-weather|Sandstorm|[upkeep]
|-damage|p2a: Zapdos|51/100 tox|[from] Sandstorm
|-damage|p1a: Slowbro|51/100|[from] Sandstorm
|-damage|p2a: Zapdos|45/100 tox|[from] psn
|upkeep
|turn|33
|
|t:|1667976660
|switch|p1a: Heatran|Heatran, F|100/100
|move|p2a: Zapdos|Volt Switch|p1a: Heatran
|-damage|p1a: Heatran|69/100
|
|t:|1667976663
|switch|p2a: Urshifu|Urshifu-Rapid-Strike, F|70/100|[from]move: Volt Switch
|-damage|p2a: Urshifu|64/100|[from] Stealth Rock
|
|-weather|none
|-heal|p1a: Heatran|75/100|[from] item: Leftovers
|upkeep
|turn|34
|-message|Wemm forfeited.
|
|win|ChandosH
|raw|ChandosH's rating: 1771 &rarr; <strong>1787</strong><br />(+16 for winning)
|raw|Wemm's rating: 1702 &rarr; <strong>1686</strong><br />(-16 for losing)
|l|☆Wemm
|l| Horuskoria
||Ladder isn't responding, score probably updated but might not have (Request timeout).
