|j|☆Intimidate Squad
|j|☆someidiot19
|t:|1665423745
|gametype|singles
|player|p1|Intimidate Squad|cynthia|1713
|player|p2|someidiot19|teacher-gen2|1651
|teamsize|p1|6
|teamsize|p2|6
|gen|8
|tier|[Gen 8] OU
|rated|
|rule|Sleep Clause Mod: Limit one foe put to sleep
|rule|Species Clause: Limit one of each Pokémon
|rule|OHKO Clause: OHKO moves are banned
|rule|Evasion Items Clause: Evasion items are banned
|rule|Evasion Moves Clause: Evasion moves are banned
|rule|Endless Battle Clause: Forcing endless battles is banned
|rule|HP Percentage Mod: HP is shown in percentages
|rule|Dynamax Clause: You cannot dynamax
|clearpoke
|poke|p1|Pelipper, M|
|poke|p1|Crawdaunt, M|
|poke|p1|Zapdos|
|poke|p1|Garchomp, F|
|poke|p1|Melmetal|
|poke|p1|Gardevoir, M|
|poke|p2|Toxicroak, F|
|poke|p2|Clefable, F|
|poke|p2|Heatran, M|
|poke|p2|Melmetal|
|poke|p2|Urshifu-*, F|
|poke|p2|Landorus-Therian, M|
|teampreview
|inactive|Battle timer is ON: inactive players will automatically lose when time's up. (requested by someidiot19)
|inactive|someidiot19 has 120 seconds left.
|inactive|someidiot19 has 90 seconds left.
|
|t:|1665423827
|start
|switch|p1a: Gardevoir|Gardevoir, M|100/100
|switch|p2a: Heatran|Heatran, M|100/100
|-ability|p1a: Gardevoir|Flash Fire|[from] ability: Trace|[of] p2a: Heatran
|turn|1
|
|t:|1665423832
|move|p1a: Gardevoir|Psyshock|p2a: Heatran
|-resisted|p2a: Heatran
|-damage|p2a: Heatran|83/100
|move|p2a: Heatran|Stealth Rock|p1a: Gardevoir
|-sidestart|p1: Intimidate Squad|move: Stealth Rock
|
|-heal|p2a: Heatran|89/100|[from] item: Leftovers
|upkeep
|turn|2
|
|t:|1665423839
|switch|p1a: Pelipper|Pelipper, M|100/100
|-damage|p1a: Pelipper|76/100|[from] Stealth Rock
|-weather|RainDance|[from] ability: Drizzle|[of] p1a: Pelipper
|move|p2a: Heatran|Earth Power|p1a: Pelipper
|-immune|p1a: Pelipper
|
|-weather|RainDance|[upkeep]
|-heal|p2a: Heatran|95/100|[from] item: Leftovers
|upkeep
|turn|3
|
|t:|1665423850
|move|p2a: Heatran|Taunt|p1a: Pelipper
|-start|p1a: Pelipper|move: Taunt
|move|p1a: Pelipper|Hurricane|p2a: Heatran
|-resisted|p2a: Heatran
|-damage|p2a: Heatran|70/100
|
|-weather|RainDance|[upkeep]
|-heal|p2a: Heatran|76/100|[from] item: Leftovers
|upkeep
|turn|4
|inactive|someidiot19 has 120 seconds left.
|
|t:|1665423883
|switch|p2a: Melmetal|Melmetal|100/100
|move|p1a: Pelipper|Hurricane|p2a: Melmetal
|-resisted|p2a: Melmetal
|-damage|p2a: Melmetal|69/100
|
|-weather|RainDance|[upkeep]
|-heal|p2a: Melmetal|75/100|[from] item: Leftovers
|upkeep
|turn|5
|
|t:|1665423896
|switch|p1a: Zapdos|Zapdos|100/100
|move|p2a: Melmetal|Toxic|p1a: Zapdos
|-status|p1a: Zapdos|tox
|
|-weather|RainDance|[upkeep]
|-heal|p2a: Melmetal|82/100|[from] item: Leftovers
|-damage|p1a: Zapdos|94/100 tox|[from] psn
|upkeep
|turn|6
|
|t:|1665423899
|move|p2a: Melmetal|Protect|p2a: Melmetal
|-singleturn|p2a: Melmetal|Protect
|move|p1a: Zapdos|Defog|p2a: Melmetal
|-activate|p2a: Melmetal|move: Protect
|
|-weather|none
|-heal|p2a: Melmetal|88/100|[from] item: Leftovers
|-damage|p1a: Zapdos|82/100 tox|[from] psn
|upkeep
|turn|7
|
|t:|1665423912
|switch|p2a: Landorus|Landorus-Therian, M|100/100
|-ability|p2a: Landorus|Intimidate|boost
|-unboost|p1a: Zapdos|atk|1
|move|p1a: Zapdos|Defog|p2a: Landorus
|-unboost|p2a: Landorus|evasion|1
|-sideend|p1: Intimidate Squad|Stealth Rock|[from] move: Defog|[of] p1a: Zapdos
|
|-damage|p1a: Zapdos|63/100 tox|[from] psn
|upkeep
|turn|8
|
|t:|1665423918
|switch|p1a: Pelipper|Pelipper, M|76/100
|-weather|RainDance|[from] ability: Drizzle|[of] p1a: Pelipper
|move|p2a: Landorus|U-turn|p1a: Pelipper
|-resisted|p1a: Pelipper
|-damage|p1a: Pelipper|64/100
|
|t:|1665423922
|switch|p2a: Melmetal|Melmetal|88/100|[from]move: U-turn
|
|-weather|RainDance|[upkeep]
|-heal|p2a: Melmetal|94/100|[from] item: Leftovers
|upkeep
|turn|9
|
|t:|1665423925
|move|p2a: Melmetal|Protect|p2a: Melmetal
|-singleturn|p2a: Melmetal|Protect
|move|p1a: Pelipper|Weather Ball|p2a: Melmetal
|-activate|p2a: Melmetal|move: Protect
|
|-weather|RainDance|[upkeep]
|-heal|p2a: Melmetal|99/100|[from] item: Leftovers
|upkeep
|turn|10
|
|t:|1665423928
|switch|p2a: Toxicroak|Toxicroak, F|100/100
|move|p1a: Pelipper|Weather Ball|p2a: Toxicroak
|-immune|p2a: Toxicroak|[from] ability: Dry Skin
|
|-weather|RainDance|[upkeep]
|upkeep
|turn|11
|
|t:|1665423931
|switch|p1a: Garchomp|Garchomp, F|100/100
|move|p2a: Toxicroak|Super Fang|p1a: Garchomp
|-damage|p1a: Garchomp|50/100
|-damage|p2a: Toxicroak|88/100|[from] ability: Rough Skin|[of] p1a: Garchomp
|-damage|p2a: Toxicroak|72/100|[from] item: Rocky Helmet|[of] p1a: Garchomp
|
|-weather|RainDance|[upkeep]
|-heal|p2a: Toxicroak|84/100|[from] ability: Dry Skin
|-heal|p2a: Toxicroak|90/100|[from] item: Black Sludge
|upkeep
|turn|12
|
|t:|1665423938
|switch|p2a: Urshifu|Urshifu-Rapid-Strike, F|100/100
|move|p1a: Garchomp|Stealth Rock|p2a: Urshifu
|-sidestart|p2: someidiot19|move: Stealth Rock
|
|-weather|none
|upkeep
|turn|13
|
|t:|1665423949
|move|p2a: Urshifu|Surging Strikes|p1a: Garchomp
|-crit|p1a: Garchomp
|-damage|p1a: Garchomp|39/100
|-activate|p1a: Garchomp|ability: Rough Skin
|-activate|p2a: Urshifu|item: Protective Pads
|-crit|p1a: Garchomp
|-damage|p1a: Garchomp|28/100
|-activate|p1a: Garchomp|ability: Rough Skin
|-activate|p2a: Urshifu|item: Protective Pads
|-crit|p1a: Garchomp
|-damage|p1a: Garchomp|17/100
|-activate|p1a: Garchomp|ability: Rough Skin
|-activate|p2a: Urshifu|item: Protective Pads
|-hitcount|p1a: Garchomp|3
|move|p1a: Garchomp|Toxic|p2a: Urshifu
|-status|p2a: Urshifu|tox
|
|-damage|p2a: Urshifu|94/100 tox|[from] psn
|upkeep
|turn|14
|
|t:|1665423962
|move|p2a: Urshifu|Surging Strikes|p1a: Garchomp
|-crit|p1a: Garchomp
|-damage|p1a: Garchomp|6/100
|-activate|p1a: Garchomp|ability: Rough Skin
|-activate|p2a: Urshifu|item: Protective Pads
|-crit|p1a: Garchomp
|-damage|p1a: Garchomp|0 fnt
|-activate|p1a: Garchomp|ability: Rough Skin
|-activate|p2a: Urshifu|item: Protective Pads
|faint|p1a: Garchomp
|-hitcount|p1: Garchomp|2
|
|-damage|p2a: Urshifu|82/100 tox|[from] psn
|upkeep
|
|t:|1665423964
|switch|p1a: Gardevoir|Gardevoir, M|100/100
|-ability|p1a: Gardevoir|Unseen Fist|[from] ability: Trace|[of] p2a: Urshifu
|turn|15
|
|t:|1665423971
|switch|p1a: Pelipper|Pelipper, M|64/100
|-weather|RainDance|[from] ability: Drizzle|[of] p1a: Pelipper
|switch|p2a: Heatran|Heatran, M|76/100
|-damage|p2a: Heatran|64/100|[from] Stealth Rock
|
|-weather|RainDance|[upkeep]
|-heal|p2a: Heatran|70/100|[from] item: Leftovers
|upkeep
|turn|16
|
|t:|1665423985
|switch|p2a: Melmetal|Melmetal|99/100
|-damage|p2a: Melmetal|94/100|[from] Stealth Rock
|switch|p1a: Crawdaunt|Crawdaunt, M|100/100
|
|-weather|RainDance|[upkeep]
|-heal|p2a: Melmetal|99/100|[from] item: Leftovers
|upkeep
|turn|17
|
|t:|1665423996
|switch|p2a: Landorus|Landorus-Therian, M|100/100
|-damage|p2a: Landorus|88/100|[from] Stealth Rock
|-ability|p2a: Landorus|Intimidate|boost
|-unboost|p1a: Crawdaunt|atk|1
|move|p1a: Crawdaunt|Liquidation|p2a: Landorus
|-supereffective|p2a: Landorus
|-damage|p2a: Landorus|0 fnt
|faint|p2a: Landorus
|
|-weather|RainDance|[upkeep]
|upkeep
|
|t:|1665423999
|switch|p2a: Toxicroak|Toxicroak, F|90/100
|-damage|p2a: Toxicroak|84/100|[from] Stealth Rock
|turn|18
|
|t:|1665424007
|switch|p1a: Zapdos|Zapdos|63/100 tox
|move|p2a: Toxicroak|Super Fang|p1a: Zapdos
|-damage|p1a: Zapdos|32/100 tox
|
|-weather|RainDance|[upkeep]
|-heal|p2a: Toxicroak|96/100|[from] ability: Dry Skin
|-heal|p2a: Toxicroak|100/100|[from] item: Black Sludge
|-damage|p1a: Zapdos|25/100 tox|[from] psn
|upkeep
|turn|19
|
|t:|1665424014
|switch|p2a: Melmetal|Melmetal|99/100
|-damage|p2a: Melmetal|94/100|[from] Stealth Rock
|move|p1a: Zapdos|Roost|p1a: Zapdos
|-heal|p1a: Zapdos|75/100 tox
|-singleturn|p1a: Zapdos|move: Roost
|
|-weather|none
|-heal|p2a: Melmetal|99/100|[from] item: Leftovers
|-damage|p1a: Zapdos|63/100 tox|[from] psn
|upkeep
|turn|20
|
|t:|1665424025
|move|p1a: Zapdos|Roost|p1a: Zapdos
|-heal|p1a: Zapdos|100/100 tox
|-singleturn|p1a: Zapdos|move: Roost
|move|p2a: Melmetal|Toxic|p1a: Zapdos
|-fail|p1a: Zapdos|tox
|
|-heal|p2a: Melmetal|100/100|[from] item: Leftovers
|-damage|p1a: Zapdos|82/100 tox|[from] psn
|upkeep
|turn|21
|
|t:|1665424034
|switch|p1a: Pelipper|Pelipper, M|64/100
|-weather|RainDance|[from] ability: Drizzle|[of] p1a: Pelipper
|move|p2a: Melmetal|Protect||[still]
|-fail|p2a: Melmetal
|
|-weather|RainDance|[upkeep]
|upkeep
|turn|22
|
|t:|1665424040
|move|p2a: Melmetal|Protect|p2a: Melmetal
|-singleturn|p2a: Melmetal|Protect
|move|p1a: Pelipper|Roost|p1a: Pelipper
|-heal|p1a: Pelipper|100/100
|-singleturn|p1a: Pelipper|move: Roost
|
|-weather|RainDance|[upkeep]
|upkeep
|turn|23
|
|t:|1665424044
|switch|p1a: Zapdos|Zapdos|82/100 tox
|move|p2a: Melmetal|Earthquake|p1a: Zapdos
|-immune|p1a: Zapdos
|
|-weather|RainDance|[upkeep]
|-damage|p1a: Zapdos|75/100 tox|[from] psn
|upkeep
|turn|24
|
|t:|1665424052
|move|p2a: Melmetal|Protect|p2a: Melmetal
|-singleturn|p2a: Melmetal|Protect
|move|p1a: Zapdos|Discharge|p2a: Melmetal
|-activate|p2a: Melmetal|move: Protect
|
|-weather|RainDance|[upkeep]
|-damage|p1a: Zapdos|63/100 tox|[from] psn
|upkeep
|turn|25
|
|t:|1665424075
|move|p1a: Zapdos|Discharge|p2a: Melmetal
|-damage|p2a: Melmetal|70/100
|move|p2a: Melmetal|Earthquake|p1a: Zapdos
|-immune|p1a: Zapdos
|
|-weather|none
|-heal|p2a: Melmetal|76/100|[from] item: Leftovers
|-damage|p1a: Zapdos|44/100 tox|[from] psn
|upkeep
|turn|26
|j| Ran Kob
|
|t:|1665424082
|switch|p1a: Pelipper|Pelipper, M|100/100
|-weather|RainDance|[from] ability: Drizzle|[of] p1a: Pelipper
|move|p2a: Melmetal|Earthquake|p1a: Pelipper
|-immune|p1a: Pelipper
|
|-weather|RainDance|[upkeep]
|-heal|p2a: Melmetal|82/100|[from] item: Leftovers
|upkeep
|turn|27
|
|t:|1665424090
|switch|p1a: Zapdos|Zapdos|44/100 tox
|move|p2a: Melmetal|Protect||[still]
|-fail|p2a: Melmetal
|
|-weather|RainDance|[upkeep]
|-heal|p2a: Melmetal|89/100|[from] item: Leftovers
|-damage|p1a: Zapdos|38/100 tox|[from] psn
|upkeep
|turn|28
|
|t:|1665424094
|move|p1a: Zapdos|Discharge|p2a: Melmetal
|-damage|p2a: Melmetal|62/100
|-status|p2a: Melmetal|par
|cant|p2a: Melmetal|par
|
|-weather|RainDance|[upkeep]
|-heal|p2a: Melmetal|68/100 par|[from] item: Leftovers
|-damage|p1a: Zapdos|25/100 tox|[from] psn
|upkeep
|turn|29
|
|t:|1665424104
|move|p1a: Zapdos|Roost|p1a: Zapdos
|-heal|p1a: Zapdos|75/100 tox
|-singleturn|p1a: Zapdos|move: Roost
|move|p2a: Melmetal|Earthquake|p1a: Zapdos
|-supereffective|p1a: Zapdos
|-damage|p1a: Zapdos|15/100 tox
|
|-weather|RainDance|[upkeep]
|-heal|p2a: Melmetal|74/100 par|[from] item: Leftovers
|-damage|p1a: Zapdos|0 fnt|[from] psn
|faint|p1a: Zapdos
|upkeep
|
|t:|1665424112
|switch|p1a: Crawdaunt|Crawdaunt, M|100/100
|turn|30
|
|t:|1665424115
|move|p2a: Melmetal|Protect|p2a: Melmetal
|-singleturn|p2a: Melmetal|Protect
|move|p1a: Crawdaunt|Knock Off|p2a: Melmetal
|-activate|p2a: Melmetal|move: Protect
|
|-weather|none
|-heal|p2a: Melmetal|80/100 par|[from] item: Leftovers
|upkeep
|turn|31
|
|t:|1665424120
|switch|p2a: Clefable|Clefable, F|100/100
|move|p1a: Crawdaunt|Knock Off|p2a: Clefable
|-resisted|p2a: Clefable
|-damage|p2a: Clefable|58/100
|-enditem|p2a: Clefable|Leftovers|[from] move: Knock Off|[of] p1a: Crawdaunt
|
|upkeep
|turn|32
|
|t:|1665424125
|switch|p1a: Melmetal|Melmetal|100/100
|move|p2a: Clefable|Wish|p2a: Clefable
|
|upkeep
|turn|33
|
|t:|1665424130
|switch|p2a: Heatran|Heatran, M|70/100
|-damage|p2a: Heatran|57/100|[from] Stealth Rock
|move|p1a: Melmetal|Double Iron Bash|p2a: Heatran
|-resisted|p2a: Heatran
|-damage|p2a: Heatran|48/100
|-resisted|p2a: Heatran
|-damage|p2a: Heatran|38/100
|-hitcount|p2a: Heatran|2
|
|-heal|p2a: Heatran|92/100|[from] move: Wish|[wisher] Clefable
|-heal|p2a: Heatran|98/100|[from] item: Leftovers
|upkeep
|turn|34
|
|t:|1665424134
|move|p2a: Heatran|Stealth Rock|p1a: Melmetal
|-sidestart|p1: Intimidate Squad|move: Stealth Rock
|move|p1a: Melmetal|High Horsepower|p2a: Heatran
|-supereffective|p2a: Heatran
|-damage|p2a: Heatran|0 fnt
|faint|p2a: Heatran
|
|upkeep
|
|t:|1665424141
|switch|p2a: Urshifu|Urshifu-Rapid-Strike, F|82/100 tox
|-damage|p2a: Urshifu|76/100 tox|[from] Stealth Rock
|turn|35
|
|t:|1665424149
|move|p2a: Urshifu|Close Combat|p1a: Melmetal
|-supereffective|p1a: Melmetal
|-damage|p1a: Melmetal|37/100
|-unboost|p2a: Urshifu|def|1
|-unboost|p2a: Urshifu|spd|1
|move|p1a: Melmetal|Double Iron Bash|p2a: Urshifu
|-resisted|p2a: Urshifu
|-damage|p2a: Urshifu|43/100 tox
|-resisted|p2a: Urshifu
|-damage|p2a: Urshifu|10/100 tox
|-hitcount|p2a: Urshifu|2
|
|-damage|p2a: Urshifu|4/100 tox|[from] psn
|upkeep
|turn|36
|
|t:|1665424162
|switch|p1a: Pelipper|Pelipper, M|100/100
|-damage|p1a: Pelipper|76/100|[from] Stealth Rock
|-weather|RainDance|[from] ability: Drizzle|[of] p1a: Pelipper
|move|p2a: Urshifu|Surging Strikes|p1a: Pelipper
|-resisted|p1a: Pelipper
|-crit|p1a: Pelipper
|-damage|p1a: Pelipper|61/100
|-resisted|p1a: Pelipper
|-crit|p1a: Pelipper
|-damage|p1a: Pelipper|45/100
|-resisted|p1a: Pelipper
|-crit|p1a: Pelipper
|-damage|p1a: Pelipper|30/100
|-hitcount|p1a: Pelipper|3
|
|-weather|RainDance|[upkeep]
|-damage|p2a: Urshifu|0 fnt|[from] psn
|faint|p2a: Urshifu
|upkeep
|
|t:|1665424166
|switch|p2a: Clefable|Clefable, F|58/100
|turn|37
|
|t:|1665424172
|move|p2a: Clefable|Protect|p2a: Clefable
|-singleturn|p2a: Clefable|Protect
|move|p1a: Pelipper|Roost|p1a: Pelipper
|-heal|p1a: Pelipper|80/100
|-singleturn|p1a: Pelipper|move: Roost
|
|-weather|RainDance|[upkeep]
|upkeep
|turn|38
|
|t:|1665424176
|switch|p1a: Melmetal|Melmetal|37/100
|-damage|p1a: Melmetal|31/100|[from] Stealth Rock
|move|p2a: Clefable|Wish|p2a: Clefable
|
|-weather|RainDance|[upkeep]
|upkeep
|turn|39
|
|t:|1665424181
|move|p2a: Clefable|Protect|p2a: Clefable
|-singleturn|p2a: Clefable|Protect
|move|p1a: Melmetal|Double Iron Bash|p2a: Clefable
|-activate|p2a: Clefable|move: Protect
|
|-weather|RainDance|[upkeep]
|-heal|p2a: Clefable|100/100|[from] move: Wish|[wisher] Clefable
|upkeep
|turn|40
|
|t:|1665424192
|switch|p2a: Melmetal|Melmetal|80/100 par
|-damage|p2a: Melmetal|74/100 par|[from] Stealth Rock
|move|p1a: Melmetal|Double Iron Bash|p2a: Melmetal
|-resisted|p2a: Melmetal
|-damage|p2a: Melmetal|62/100 par
|-resisted|p2a: Melmetal
|-damage|p2a: Melmetal|48/100 par
|-hitcount|p2a: Melmetal|2
|
|-weather|none
|-heal|p2a: Melmetal|54/100 par|[from] item: Leftovers
|upkeep
|turn|41
|
|t:|1665424204
|cant|p2a: Melmetal|par
|move|p1a: Melmetal|High Horsepower|p2a: Melmetal
|-supereffective|p2a: Melmetal
|-damage|p2a: Melmetal|2/100 par
|
|-heal|p2a: Melmetal|9/100 par|[from] item: Leftovers
|upkeep
|turn|42
|
|t:|1665424209
|move|p1a: Melmetal|High Horsepower|p2a: Melmetal
|-supereffective|p2a: Melmetal
|-damage|p2a: Melmetal|0 fnt
|faint|p2a: Melmetal
|
|upkeep
|
|t:|1665424211
|switch|p2a: Toxicroak|Toxicroak, F|100/100
|-damage|p2a: Toxicroak|94/100|[from] Stealth Rock
|turn|43
|
|t:|1665424217
|switch|p1a: Pelipper|Pelipper, M|80/100
|-damage|p1a: Pelipper|56/100|[from] Stealth Rock
|-weather|RainDance|[from] ability: Drizzle|[of] p1a: Pelipper
|move|p2a: Toxicroak|Knock Off|p1a: Pelipper
|-damage|p1a: Pelipper|32/100
|-enditem|p1a: Pelipper|Choice Specs|[from] move: Knock Off|[of] p2a: Toxicroak
|
|-weather|RainDance|[upkeep]
|-heal|p2a: Toxicroak|100/100|[from] ability: Dry Skin
|upkeep
|turn|44
|-message|someidiot19 forfeited.
|
|win|Intimidate Squad
|raw|Intimidate Squad's rating: 1713 &rarr; <strong>1729</strong><br />(+16 for winning)
|raw|someidiot19's rating: 1651 &rarr; <strong>1635</strong><br />(-16 for losing)
|l|☆someidiot19
|l|☆Intimidate Squad
