|j|☆Sky00000005
|j|☆ty-tyui↻
|t:|1665270218
|gametype|singles
|player|p1|Sky00000005|cheren-gen5bw2|1589
|player|p2|ty-tyui↻|kamado|1579
|teamsize|p1|6
|teamsize|p2|6
|gen|8
|tier|[Gen 8] OU
|rated|
|rule|Sleep Clause Mod: Limit one foe put to sleep
|rule|Species Clause: Limit one of each Pokémon
|rule|OHKO Clause: OHKO moves are banned
|rule|Evasion Items Clause: Evasion items are banned
|rule|Evasion Moves Clause: Evasion moves are banned
|rule|Endless Battle Clause: Forcing endless battles is banned
|rule|HP Percentage Mod: HP is shown in percentages
|rule|Dynamax Clause: You cannot dynamax
|clearpoke
|poke|p1|Tapu Lele|
|poke|p1|Garchomp, M|
|poke|p1|Zapdos|
|poke|p1|Volcarona, F|
|poke|p1|Urshifu-*, M|
|poke|p1|Aegislash, M|
|poke|p2|Conkeldurr, F|
|poke|p2|Ninetales-Alola, M|
|poke|p2|Blacephalon|
|poke|p2|Landorus-Therian, M|
|poke|p2|Corviknight, F|
|poke|p2|Rotom-Wash|
|teampreview
|inactive|Battle timer is ON: inactive players will automatically lose when time's up. (requested by Sky00000005)
|
|t:|1665270227
|start
|switch|p1a: Urshifu|Urshifu-Rapid-Strike, M|100/100
|switch|p2a: Ninetales|Ninetales-Alola, M|100/100
|-weather|Hail|[from] ability: Snow Warning|[of] p2a: Ninetales
|turn|1
|
|t:|1665270230
|move|p2a: Ninetales|Moonblast|p1a: Urshifu
|-supereffective|p1a: Urshifu
|-damage|p1a: Urshifu|0 fnt
|faint|p1a: Urshifu
|
|-weather|Hail|[upkeep]
|upkeep
|
|t:|1665270235
|switch|p1a: Aegislash|Aegislash, M|100/100
|turn|2
|
|t:|1665270240
|switch|p2a: Landorus|Landorus-Therian, M|100/100
|-ability|p2a: Landorus|Intimidate|boost
|-unboost|p1a: Aegislash|atk|1
|-formechange|p1a: Aegislash|Aegislash-Blade||[from] ability: Stance Change
|move|p1a: Aegislash|Iron Head|p2a: Landorus
|-damage|p2a: Landorus|60/100
|-damage|p1a: Aegislash|91/100|[from] item: Life Orb
|
|-weather|Hail|[upkeep]
|-damage|p2a: Landorus|54/100|[from] Hail
|-damage|p1a: Aegislash|84/100|[from] Hail
|-heal|p2a: Landorus|60/100|[from] item: Leftovers
|upkeep
|turn|3
|
|t:|1665270245
|switch|p1a: Zapdos|Zapdos|100/100
|move|p2a: Landorus|Stealth Rock|p1a: Zapdos
|-sidestart|p1: Sky00000005|move: Stealth Rock
|
|-weather|Hail|[upkeep]
|-damage|p1a: Zapdos|94/100|[from] Hail
|-damage|p2a: Landorus|54/100|[from] Hail
|-heal|p2a: Landorus|60/100|[from] item: Leftovers
|upkeep
|turn|4
|
|t:|1665270248
|move|p1a: Zapdos|Defog|p2a: Landorus
|-unboost|p2a: Landorus|evasion|1
|-sideend|p1: Sky00000005|Stealth Rock|[from] move: Defog|[of] p1a: Zapdos
|move|p2a: Landorus|Toxic|p1a: Zapdos|[miss]
|-miss|p2a: Landorus|p1a: Zapdos
|
|-weather|Hail|[upkeep]
|-damage|p1a: Zapdos|88/100|[from] Hail
|-damage|p2a: Landorus|54/100|[from] Hail
|-heal|p2a: Landorus|60/100|[from] item: Leftovers
|upkeep
|turn|5
|
|t:|1665270254
|switch|p2a: Rotom|Rotom-Wash|100/100
|move|p1a: Zapdos|Hurricane|p2a: Rotom
|-resisted|p2a: Rotom
|-damage|p2a: Rotom|76/100
|
|-weather|none
|-heal|p2a: Rotom|82/100|[from] item: Leftovers
|upkeep
|turn|6
|
|t:|1665270258
|move|p1a: Zapdos|Discharge|p2a: Rotom
|-damage|p2a: Rotom|45/100
|move|p2a: Rotom|Volt Switch|p1a: Zapdos
|-damage|p1a: Zapdos|66/100
|
|t:|1665270262
|switch|p2a: Ninetales|Ninetales-Alola, M|100/100|[from]move: Volt Switch
|-weather|Hail|[from] ability: Snow Warning|[of] p2a: Ninetales
|
|-weather|Hail|[upkeep]
|-damage|p1a: Zapdos|60/100|[from] Hail
|upkeep
|turn|7
|
|t:|1665270271
|switch|p1a: Volcarona|Volcarona, F|100/100
|move|p2a: Ninetales|Dark Pulse|p1a: Volcarona
|-damage|p1a: Volcarona|68/100
|
|-weather|Hail|[upkeep]
|-damage|p1a: Volcarona|62/100|[from] Hail
|upkeep
|turn|8
|
|t:|1665270279
|switch|p2a: Landorus|Landorus-Therian, M|60/100
|-ability|p2a: Landorus|Intimidate|boost
|-unboost|p1a: Volcarona|atk|1
|move|p1a: Volcarona|Quiver Dance|p1a: Volcarona
|-boost|p1a: Volcarona|spa|1
|-boost|p1a: Volcarona|spd|1
|-boost|p1a: Volcarona|spe|1
|
|-weather|Hail|[upkeep]
|-damage|p1a: Volcarona|56/100|[from] Hail
|-damage|p2a: Landorus|54/100|[from] Hail
|-heal|p2a: Landorus|60/100|[from] item: Leftovers
|upkeep
|turn|9
|
|t:|1665270284
|move|p1a: Volcarona|Fiery Dance|p2a: Landorus
|-damage|p2a: Landorus|5/100
|move|p2a: Landorus|Earthquake|p1a: Volcarona
|-damage|p1a: Volcarona|0 fnt
|faint|p1a: Volcarona
|
|-weather|Hail|[upkeep]
|-damage|p2a: Landorus|0 fnt|[from] Hail
|faint|p2a: Landorus
|upkeep
|
|t:|1665270297
|switch|p1a: Zapdos|Zapdos|60/100
|switch|p2a: Blacephalon|Blacephalon|100/100
|turn|10
|
|t:|1665270302
|switch|p1a: Garchomp|Garchomp, M|100/100
|move|p2a: Blacephalon|Overheat|p1a: Garchomp
|-resisted|p1a: Garchomp
|-crit|p1a: Garchomp
|-damage|p1a: Garchomp|63/100
|-unboost|p2a: Blacephalon|spa|2
|
|-weather|none
|upkeep
|turn|11
|
|t:|1665270312
|switch|p2a: Ninetales|Ninetales-Alola, M|100/100
|-weather|Hail|[from] ability: Snow Warning|[of] p2a: Ninetales
|move|p1a: Garchomp|Fire Fang|p2a: Ninetales
|-supereffective|p2a: Ninetales
|-damage|p2a: Ninetales|20/100
|
|-weather|Hail|[upkeep]
|-damage|p1a: Garchomp|57/100|[from] Hail
|upkeep
|turn|12
|
|t:|1665270319
|switch|p1a: Tapu Lele|Tapu Lele|100/100
|-fieldstart|move: Psychic Terrain|[from] ability: Psychic Surge|[of] p1a: Tapu Lele
|move|p2a: Ninetales|Blizzard|p1a: Tapu Lele
|-damage|p1a: Tapu Lele|29/100
|
|-weather|Hail|[upkeep]
|-damage|p1a: Tapu Lele|23/100|[from] Hail
|upkeep
|turn|13
|
|t:|1665270329
|switch|p2a: Corviknight|Corviknight, F|100/100
|-ability|p2a: Corviknight|Pressure
|move|p1a: Tapu Lele|Psychic|p2a: Corviknight
|-resisted|p2a: Corviknight
|-damage|p2a: Corviknight|76/100
|
|-weather|Hail|[upkeep]
|-damage|p1a: Tapu Lele|17/100|[from] Hail
|-damage|p2a: Corviknight|70/100|[from] Hail
|-heal|p2a: Corviknight|76/100|[from] item: Leftovers
|upkeep
|turn|14
|
|t:|1665270335
|switch|p1a: Zapdos|Zapdos|60/100
|move|p2a: Corviknight|U-turn|p1a: Zapdos
|-resisted|p1a: Zapdos
|-damage|p1a: Zapdos|52/100
|
|t:|1665270338
|switch|p2a: Ninetales|Ninetales-Alola, M|20/100|[from]move: U-turn
|
|-weather|Hail|[upkeep]
|-damage|p1a: Zapdos|46/100|[from] Hail
|upkeep
|turn|15
|
|t:|1665270342
|move|p2a: Ninetales|Blizzard|p1a: Zapdos
|-supereffective|p1a: Zapdos
|-damage|p1a: Zapdos|0 fnt
|faint|p1a: Zapdos
|
|-weather|none
|upkeep
|
|t:|1665270348
|switch|p1a: Tapu Lele|Tapu Lele|17/100
|turn|16
|
|t:|1665270357
|switch|p2a: Rotom|Rotom-Wash|45/100
|move|p1a: Tapu Lele|Focus Blast|p2a: Rotom
|-damage|p2a: Rotom|12/100
|
|-heal|p2a: Rotom|19/100|[from] item: Leftovers
|-fieldend|move: Psychic Terrain
|upkeep
|turn|17
|
|t:|1665270362
|switch|p2a: Blacephalon|Blacephalon|100/100
|move|p1a: Tapu Lele|Focus Blast|p2a: Blacephalon
|-immune|p2a: Blacephalon
|
|upkeep
|turn|18
|
|t:|1665270367
|move|p2a: Blacephalon|Shadow Ball|p1a: Tapu Lele
|-supereffective|p1a: Tapu Lele
|-damage|p1a: Tapu Lele|0 fnt
|faint|p1a: Tapu Lele
|-ability|p2a: Blacephalon|Beast Boost|boost
|-boost|p2a: Blacephalon|spa|1
|
|upkeep
|
|t:|1665270369
|switch|p1a: Aegislash|Aegislash, M|84/100
|turn|19
|
|t:|1665270375
|switch|p2a: Rotom|Rotom-Wash|19/100
|-formechange|p1a: Aegislash|Aegislash-Blade||[from] ability: Stance Change
|move|p1a: Aegislash|Shadow Sneak|p2a: Rotom
|-damage|p2a: Rotom|0 fnt
|faint|p2a: Rotom
|-damage|p1a: Aegislash|75/100|[from] item: Life Orb
|
|upkeep
|
|t:|1665270377
|switch|p2a: Conkeldurr|Conkeldurr, F|100/100
|turn|20
|
|t:|1665270385
|move|p2a: Conkeldurr|Facade|p1a: Aegislash
|-immune|p1a: Aegislash
|move|p1a: Aegislash|Iron Head|p2a: Conkeldurr
|-damage|p2a: Conkeldurr|41/100
|-damage|p1a: Aegislash|65/100|[from] item: Life Orb
|
|-status|p2a: Conkeldurr|brn|[from] item: Flame Orb
|upkeep
|turn|21
|
|t:|1665270392
|-formechange|p1a: Aegislash|Aegislash||[from] ability: Stance Change
|move|p1a: Aegislash|King's Shield|p1a: Aegislash
|-singleturn|p1a: Aegislash|Protect
|move|p2a: Conkeldurr|Knock Off|p1a: Aegislash
|-activate|p1a: Aegislash|move: Protect
|-unboost|p2a: Conkeldurr|atk|1
|
|-damage|p2a: Conkeldurr|34/100 brn|[from] brn
|upkeep
|turn|22
|
|t:|1665270407
|switch|p2a: Ninetales|Ninetales-Alola, M|20/100
|-weather|Hail|[from] ability: Snow Warning|[of] p2a: Ninetales
|switch|p1a: Garchomp|Garchomp, M|57/100
|
|-weather|Hail|[upkeep]
|-damage|p1a: Garchomp|50/100|[from] Hail
|upkeep
|turn|23
|
|t:|1665270412
|move|p2a: Ninetales|Blizzard|p1a: Garchomp
|-supereffective|p1a: Garchomp
|-damage|p1a: Garchomp|0 fnt
|faint|p1a: Garchomp
|
|-weather|Hail|[upkeep]
|upkeep
|
|t:|1665270415
|switch|p1a: Aegislash|Aegislash, M|65/100
|turn|24
|
|t:|1665270418
|-formechange|p1a: Aegislash|Aegislash-Blade||[from] ability: Stance Change
|move|p1a: Aegislash|Shadow Sneak|p2a: Ninetales
|-damage|p2a: Ninetales|0 fnt
|faint|p2a: Ninetales
|-damage|p1a: Aegislash|55/100|[from] item: Life Orb
|
|-weather|Hail|[upkeep]
|-damage|p1a: Aegislash|49/100|[from] Hail
|upkeep
|
|t:|1665270426
|switch|p2a: Corviknight|Corviknight, F|76/100
|-ability|p2a: Corviknight|Pressure
|turn|25
|
|t:|1665270429
|-formechange|p1a: Aegislash|Aegislash||[from] ability: Stance Change
|move|p1a: Aegislash|King's Shield|p1a: Aegislash
|-singleturn|p1a: Aegislash|Protect
|move|p2a: Corviknight|Brave Bird|p1a: Aegislash
|-activate|p1a: Aegislash|move: Protect
|-unboost|p2a: Corviknight|atk|1
|
|-weather|Hail|[upkeep]
|-damage|p2a: Corviknight|70/100|[from] Hail
|-damage|p1a: Aegislash|42/100|[from] Hail
|-heal|p2a: Corviknight|76/100|[from] item: Leftovers
|upkeep
|turn|26
|
|t:|1665270441
|move|p2a: Corviknight|Roost|p2a: Corviknight
|-heal|p2a: Corviknight|100/100
|-singleturn|p2a: Corviknight|move: Roost
|-formechange|p1a: Aegislash|Aegislash-Blade||[from] ability: Stance Change
|move|p1a: Aegislash|Close Combat|p2a: Corviknight
|-supereffective|p2a: Corviknight
|-damage|p2a: Corviknight|13/100
|-unboost|p1a: Aegislash|def|1
|-unboost|p1a: Aegislash|spd|1
|-damage|p1a: Aegislash|33/100|[from] item: Life Orb
|
|-weather|none
|-heal|p2a: Corviknight|19/100|[from] item: Leftovers
|upkeep
|turn|27
|
|t:|1665270453
|move|p1a: Aegislash|Shadow Sneak|p2a: Corviknight
|-damage|p2a: Corviknight|0 fnt
|faint|p2a: Corviknight
|-damage|p1a: Aegislash|23/100|[from] item: Life Orb
|
|upkeep
|
|t:|1665270455
|switch|p2a: Conkeldurr|Conkeldurr, F|34/100 brn
|turn|28
|
|t:|1665270460
|-formechange|p1a: Aegislash|Aegislash||[from] ability: Stance Change
|move|p1a: Aegislash|King's Shield|p1a: Aegislash
|-singleturn|p1a: Aegislash|Protect
|move|p2a: Conkeldurr|Knock Off|p1a: Aegislash
|-activate|p1a: Aegislash|move: Protect
|-unboost|p2a: Conkeldurr|atk|1
|
|-damage|p2a: Conkeldurr|28/100 brn|[from] brn
|upkeep
|turn|29
|
|t:|1665270468
|-formechange|p1a: Aegislash|Aegislash-Blade||[from] ability: Stance Change
|move|p1a: Aegislash|Shadow Sneak|p2a: Conkeldurr
|-damage|p2a: Conkeldurr|0 fnt
|faint|p2a: Conkeldurr
|-damage|p1a: Aegislash|13/100|[from] item: Life Orb
|
|upkeep
|-message|ty-tyui↻ forfeited.
|
|win|Sky00000005
|raw|Sky00000005's rating: 1589 &rarr; <strong>1608</strong><br />(+19 for winning)
|raw|ty-tyui↻'s rating: 1579 &rarr; <strong>1560</strong><br />(-19 for losing)
|l|☆ty-tyui↻
||Ladder isn't responding, score probably updated but might not have (Request timeout).
