|j|☆Mamaw31180
|j|‽Qiuescent
|player|p1|Mamaw31180|102|1594
|player|p2|Qiuescent|lusamine-nihilego|1548
|teamsize|p1|6
|teamsize|p2|6
|gametype|singles
|gen|8
|tier|[Gen 8] OU
|rated|
|clearpoke
|poke|p1|Clefable, M|
|poke|p1|Zeraora|
|poke|p1|Dracovish|
|poke|p1|Seismitoad, M|
|poke|p1|Corviknight, F|
|poke|p1|Kyurem|
|poke|p2|Clefable, F|
|poke|p2|Virizion|
|poke|p2|Crawdaunt, F|
|poke|p2|Excadrill, M|
|poke|p2|Gyarados, M|
|poke|p2|Incineroar, M|
|rule|Sleep Clause Mod: Limit one foe put to sleep
|rule|Species Clause: Limit one of each Pokémon
|rule|OHKO Clause: OHKO moves are banned
|rule|Evasion Moves Clause: Evasion moves are banned
|rule|Endless Battle Clause: Forcing endless battles is banned
|rule|HP Percentage Mod: HP is shown in percentages
|rule|Dynamax Clause: You cannot dynamax
|teampreview
|
|start
|switch|p1a: Kyurem|Kyurem|100/100
|switch|p2a: Crawdaunt|Crawdaunt, F|100/100
|-ability|p1a: Kyurem|Pressure
|turn|1
|inactive|Battle timer is ON: inactive players will automatically lose when time's up. (requested by Mamaw31180)
|
|switch|p2a: Incineroar|Incineroar, M|100/100
|-ability|p2a: Incineroar|Intimidate|boost
|-unboost|p1a: Kyurem|atk|1
|move|p1a: Kyurem|Freeze-Dry|p2a: Incineroar
|-resisted|p2a: Incineroar
|-damage|p2a: Incineroar|87/100
|
|upkeep
|turn|2
|
|switch|p1a: Seismitoad|Seismitoad, M|100/100
|move|p2a: Incineroar|U-turn|p1a: Seismitoad
|-damage|p1a: Seismitoad|87/100
|
|switch|p2a: Crawdaunt|Crawdaunt, F|100/100|[from]move: U-turn
|
|-heal|p1a: Seismitoad|93/100|[from] item: Leftovers
|upkeep
|turn|3
|
|move|p2a: Crawdaunt|Crunch|p1a: Seismitoad
|-crit|p1a: Seismitoad
|-damage|p1a: Seismitoad|0 fnt
|faint|p1a: Seismitoad
|
|upkeep
|
|switch|p1a: Zeraora|Zeraora|100/100
|turn|4
|inactive|Qiuescent has 120 seconds left.
|
|switch|p2a: Clefable|Clefable, F|100/100
|move|p1a: Zeraora|Bulk Up|p1a: Zeraora
|-boost|p1a: Zeraora|atk|1
|-boost|p1a: Zeraora|def|1
|
|upkeep
|turn|5
|
|move|p1a: Zeraora|Plasma Fists|p2a: Clefable
|-damage|p2a: Clefable|62/100
|-fieldactivate|move: Ion Deluge
|move|p2a: Clefable|Moonblast|p1a: Zeraora
|-damage|p1a: Zeraora|58/100
|
|-heal|p1a: Zeraora|64/100|[from] item: Leftovers
|-heal|p2a: Clefable|68/100|[from] item: Leftovers
|upkeep
|turn|6
|inactive|Qiuescent has 120 seconds left.
|
|switch|p1a: Clefable|Clefable, M|100/100
|move|p2a: Clefable|Wish|p2a: Clefable
|
|-heal|p2a: Clefable|74/100|[from] item: Leftovers
|upkeep
|turn|7
|
|move|p2a: Clefable|Moonblast|p1a: Clefable
|-damage|p1a: Clefable|80/100
|move|p1a: Clefable|Wish|p1a: Clefable
|
|-heal|p2a: Clefable|100/100|[from] move: Wish|[wisher] Clefable
|-heal|p1a: Clefable|86/100|[from] item: Leftovers
|upkeep
|turn|8
|inactive|Qiuescent has 120 seconds left.
|
|move|p1a: Clefable|Teleport|p1a: Clefable
|
|switch|p1a: Zeraora|Zeraora|64/100|[from]move: Teleport
|move|p2a: Clefable|Teleport|p2a: Clefable
|
|switch|p2a: Incineroar|Incineroar, M|87/100|[from]move: Teleport
|-ability|p2a: Incineroar|Intimidate|boost
|-unboost|p1a: Zeraora|atk|1
|
|-heal|p1a: Zeraora|100/100|[from] move: Wish|[wisher] Clefable
|upkeep
|turn|9
|
|switch|p2a: Clefable|Clefable, F|100/100
|move|p1a: Zeraora|Bulk Up|p1a: Zeraora
|-boost|p1a: Zeraora|atk|1
|-boost|p1a: Zeraora|def|1
|
|upkeep
|turn|10
|
|switch|p1a: Clefable|Clefable, M|86/100
|move|p2a: Clefable|Moonblast|p1a: Clefable
|-damage|p1a: Clefable|65/100
|
|-heal|p1a: Clefable|71/100|[from] item: Leftovers
|upkeep
|turn|11
|
|move|p1a: Clefable|Wish|p1a: Clefable
|move|p2a: Clefable|Teleport|p2a: Clefable
|
|switch|p2a: Crawdaunt|Crawdaunt, F|100/100|[from]move: Teleport
|
|-heal|p1a: Clefable|77/100|[from] item: Leftovers
|upkeep
|turn|12
|
|switch|p1a: Corviknight|Corviknight, F|100/100
|-ability|p1a: Corviknight|Pressure
|move|p2a: Crawdaunt|Liquidation|p1a: Corviknight
|-damage|p1a: Corviknight|44/100
|
|-heal|p1a: Corviknight|93/100|[from] move: Wish|[wisher] Clefable
|-heal|p1a: Corviknight|99/100|[from] item: Leftovers
|upkeep
|turn|13
|
|move|p2a: Crawdaunt|Liquidation|p1a: Corviknight
|-damage|p1a: Corviknight|41/100
|move|p1a: Corviknight|Iron Defense|p1a: Corviknight
|-boost|p1a: Corviknight|def|2
|
|-heal|p1a: Corviknight|48/100|[from] item: Leftovers
|upkeep
|turn|14
|
|move|p2a: Crawdaunt|Liquidation|p1a: Corviknight
|-damage|p1a: Corviknight|18/100
|move|p1a: Corviknight|Roost|p1a: Corviknight
|-heal|p1a: Corviknight|68/100
|-singleturn|p1a: Corviknight|move: Roost
|
|-heal|p1a: Corviknight|74/100|[from] item: Leftovers
|upkeep
|turn|15
|
|switch|p2a: Clefable|Clefable, F|100/100
|move|p1a: Corviknight|Roost|p1a: Corviknight
|-heal|p1a: Corviknight|100/100
|-singleturn|p1a: Corviknight|move: Roost
|
|upkeep
|turn|16
|
|switch|p1a: Clefable|Clefable, M|77/100
|move|p2a: Clefable|Moonblast|p1a: Clefable
|-damage|p1a: Clefable|58/100
|
|-heal|p1a: Clefable|64/100|[from] item: Leftovers
|upkeep
|turn|17
|
|move|p1a: Clefable|Wish|p1a: Clefable
|move|p2a: Clefable|Teleport|p2a: Clefable
|
|switch|p2a: Crawdaunt|Crawdaunt, F|100/100|[from]move: Teleport
|
|-heal|p1a: Clefable|70/100|[from] item: Leftovers
|upkeep
|turn|18
|
|move|p1a: Clefable|Protect|p1a: Clefable
|-singleturn|p1a: Clefable|Protect
|move|p2a: Crawdaunt|Liquidation|p1a: Clefable
|-activate|p1a: Clefable|move: Protect
|
|-heal|p1a: Clefable|100/100|[from] move: Wish|[wisher] Clefable
|upkeep
|turn|19
|
|switch|p1a: Dracovish|Dracovish|100/100
|move|p2a: Crawdaunt|Liquidation|p1a: Dracovish
|-resisted|p1a: Dracovish
|-crit|p1a: Dracovish
|-damage|p1a: Dracovish|66/100
|
|upkeep
|turn|20
|j| Turn11keepmealive
|l| Turn11keepmealive
|
|switch|p2a: Gyarados|Gyarados, M|100/100
|-ability|p2a: Gyarados|Intimidate|boost
|-unboost|p1a: Dracovish|atk|1
|move|p1a: Dracovish|Fishious Rend|p2a: Gyarados
|-resisted|p2a: Gyarados
|-crit|p2a: Gyarados
|-damage|p2a: Gyarados|18/100
|
|upkeep
|turn|21
|
|move|p1a: Dracovish|Fishious Rend|p2a: Gyarados
|-resisted|p2a: Gyarados
|-damage|p2a: Gyarados|0 fnt
|faint|p2a: Gyarados
|
|upkeep
|
|switch|p2a: Virizion|Virizion|100/100
|turn|22
|
|switch|p1a: Corviknight|Corviknight, F|100/100
|-ability|p1a: Corviknight|Pressure
|move|p2a: Virizion|Swords Dance|p2a: Virizion
|-boost|p2a: Virizion|atk|2
|
|upkeep
|turn|23
|
|move|p2a: Virizion|Close Combat|p1a: Corviknight
|-damage|p1a: Corviknight|48/100
|-unboost|p2a: Virizion|def|1
|-unboost|p2a: Virizion|spd|1
|move|p1a: Corviknight|Iron Defense|p1a: Corviknight
|-boost|p1a: Corviknight|def|2
|
|-heal|p1a: Corviknight|54/100|[from] item: Leftovers
|upkeep
|turn|24
|
|move|p2a: Virizion|Swords Dance|p2a: Virizion
|-boost|p2a: Virizion|atk|2
|move|p1a: Corviknight|Roost|p1a: Corviknight
|-heal|p1a: Corviknight|100/100
|-singleturn|p1a: Corviknight|move: Roost
|
|upkeep
|turn|25
|
|move|p2a: Virizion|Close Combat|p1a: Corviknight
|-damage|p1a: Corviknight|56/100
|-unboost|p2a: Virizion|def|1
|-unboost|p2a: Virizion|spd|1
|move|p1a: Corviknight|Iron Defense|p1a: Corviknight
|-boost|p1a: Corviknight|def|2
|
|-heal|p1a: Corviknight|62/100|[from] item: Leftovers
|upkeep
|turn|26
|
|switch|p2a: Clefable|Clefable, F|100/100
|move|p1a: Corviknight|Iron Defense|p1a: Corviknight
|-boost|p1a: Corviknight|def|2
|
|-heal|p1a: Corviknight|69/100|[from] item: Leftovers
|upkeep
|turn|27
|
|move|p1a: Corviknight|Roost|p1a: Corviknight
|-heal|p1a: Corviknight|100/100
|-singleturn|p1a: Corviknight|move: Roost
|move|p2a: Clefable|Teleport|p2a: Clefable
|
|switch|p2a: Crawdaunt|Crawdaunt, F|100/100|[from]move: Teleport
|
|upkeep
|turn|28
|
|switch|p2a: Clefable|Clefable, F|100/100
|move|p1a: Corviknight|Body Press|p2a: Clefable
|-resisted|p2a: Clefable
|-damage|p2a: Clefable|90/100
|
|-heal|p2a: Clefable|96/100|[from] item: Leftovers
|upkeep
|turn|29
|
|move|p1a: Corviknight|Defog|p2a: Clefable
|-unboost|p2a: Clefable|evasion|1
|move|p2a: Clefable|Teleport|p2a: Clefable
|
|switch|p2a: Incineroar|Incineroar, M|87/100|[from]move: Teleport
|-ability|p2a: Incineroar|Intimidate|boost
|-unboost|p1a: Corviknight|atk|1
|
|upkeep
|turn|30
|
|switch|p2a: Clefable|Clefable, F|96/100
|move|p1a: Corviknight|Body Press|p2a: Clefable
|-resisted|p2a: Clefable
|-damage|p2a: Clefable|86/100
|
|-heal|p2a: Clefable|92/100|[from] item: Leftovers
|upkeep
|turn|31
|
|move|p1a: Corviknight|Defog|p2a: Clefable
|-unboost|p2a: Clefable|evasion|1
|move|p2a: Clefable|Wish|p2a: Clefable
|
|-heal|p2a: Clefable|98/100|[from] item: Leftovers
|upkeep
|turn|32
|
|move|p1a: Corviknight|Defog|p2a: Clefable
|-unboost|p2a: Clefable|evasion|1
|move|p2a: Clefable|Teleport|p2a: Clefable
|
|switch|p2a: Incineroar|Incineroar, M|87/100|[from]move: Teleport
|-ability|p2a: Incineroar|Intimidate|boost
|-unboost|p1a: Corviknight|atk|1
|
|-heal|p2a: Incineroar|100/100|[from] move: Wish|[wisher] Clefable
|upkeep
|turn|33
|
|switch|p2a: Clefable|Clefable, F|98/100
|move|p1a: Corviknight|Body Press|p2a: Clefable
|-resisted|p2a: Clefable
|-damage|p2a: Clefable|88/100
|
|-heal|p2a: Clefable|94/100|[from] item: Leftovers
|upkeep
|turn|34
|
|move|p1a: Corviknight|Defog|p2a: Clefable
|-unboost|p2a: Clefable|evasion|1
|move|p2a: Clefable|Moonblast|p1a: Corviknight
|-resisted|p1a: Corviknight
|-damage|p1a: Corviknight|86/100
|
|-heal|p1a: Corviknight|93/100|[from] item: Leftovers
|-heal|p2a: Clefable|99/100|[from] item: Leftovers
|upkeep
|turn|35
|
|move|p1a: Corviknight|Defog|p2a: Clefable
|-unboost|p2a: Clefable|evasion|1
|move|p2a: Clefable|Teleport|p2a: Clefable
|
|switch|p2a: Incineroar|Incineroar, M|100/100|[from]move: Teleport
|-ability|p2a: Incineroar|Intimidate|boost
|-unboost|p1a: Corviknight|atk|1
|
|-heal|p1a: Corviknight|99/100|[from] item: Leftovers
|upkeep
|turn|36
|
|switch|p2a: Clefable|Clefable, F|99/100
|move|p1a: Corviknight|Body Press|p2a: Clefable
|-resisted|p2a: Clefable
|-damage|p2a: Clefable|90/100
|
|-heal|p1a: Corviknight|100/100|[from] item: Leftovers
|-heal|p2a: Clefable|96/100|[from] item: Leftovers
|upkeep
|turn|37
|
|move|p1a: Corviknight|Defog|p2a: Clefable
|-unboost|p2a: Clefable|evasion|1
|move|p2a: Clefable|Teleport|p2a: Clefable
|
|switch|p2a: Crawdaunt|Crawdaunt, F|100/100|[from]move: Teleport
|
|upkeep
|turn|38
|
|switch|p2a: Clefable|Clefable, F|96/100
|move|p1a: Corviknight|Body Press|p2a: Clefable
|-resisted|p2a: Clefable
|-damage|p2a: Clefable|86/100
|
|-heal|p2a: Clefable|92/100|[from] item: Leftovers
|upkeep
|turn|39
|
|move|p1a: Corviknight|Defog|p2a: Clefable
|-unboost|p2a: Clefable|evasion|1
|move|p2a: Clefable|Moonblast|p1a: Corviknight
|-resisted|p1a: Corviknight
|-damage|p1a: Corviknight|86/100
|
|-heal|p1a: Corviknight|92/100|[from] item: Leftovers
|-heal|p2a: Clefable|98/100|[from] item: Leftovers
|upkeep
|turn|40
|
|move|p2a: Clefable|Protect|p2a: Clefable
|-singleturn|p2a: Clefable|Protect
|move|p1a: Corviknight|Defog|p2a: Clefable
|-activate|p2a: Clefable|move: Protect
|
|-heal|p1a: Corviknight|99/100|[from] item: Leftovers
|-heal|p2a: Clefable|100/100|[from] item: Leftovers
|upkeep
|turn|41
|
|move|p1a: Corviknight|Iron Defense|p1a: Corviknight
|-boost|p1a: Corviknight|def|0
|move|p2a: Clefable|Moonblast|p1a: Corviknight
|-resisted|p1a: Corviknight
|-damage|p1a: Corviknight|84/100
|
|-heal|p1a: Corviknight|91/100|[from] item: Leftovers
|upkeep
|turn|42
|
|move|p1a: Corviknight|Iron Defense|p1a: Corviknight
|-boost|p1a: Corviknight|def|0
|move|p2a: Clefable|Teleport|p2a: Clefable
|
|switch|p2a: Virizion|Virizion|100/100|[from]move: Teleport
|
|-heal|p1a: Corviknight|97/100|[from] item: Leftovers
|upkeep
|turn|43
|
|switch|p2a: Clefable|Clefable, F|100/100
|move|p1a: Corviknight|Body Press|p2a: Clefable
|-resisted|p2a: Clefable
|-damage|p2a: Clefable|90/100
|
|-heal|p1a: Corviknight|100/100|[from] item: Leftovers
|-heal|p2a: Clefable|96/100|[from] item: Leftovers
|upkeep
|turn|44
|
|switch|p1a: Clefable|Clefable, M|100/100
|move|p2a: Clefable|Teleport|p2a: Clefable
|
|switch|p2a: Crawdaunt|Crawdaunt, F|100/100|[from]move: Teleport
|
|upkeep
|turn|45
|
|move|p1a: Clefable|Protect|p1a: Clefable
|-singleturn|p1a: Clefable|Protect
|move|p2a: Crawdaunt|Liquidation|p1a: Clefable
|-activate|p1a: Clefable|move: Protect
|
|upkeep
|turn|46
|
|switch|p1a: Dracovish|Dracovish|66/100
|move|p2a: Crawdaunt|Liquidation|p1a: Dracovish
|-resisted|p1a: Dracovish
|-damage|p1a: Dracovish|43/100
|
|upkeep
|turn|47
|
|switch|p2a: Excadrill|Excadrill, M|100/100
|-ability|p2a: Excadrill|Mold Breaker
|-item|p2a: Excadrill|Air Balloon
|move|p1a: Dracovish|Fishious Rend|p2a: Excadrill
|-supereffective|p2a: Excadrill
|-damage|p2a: Excadrill|0 fnt
|-enditem|p2a: Excadrill|Air Balloon
|faint|p2a: Excadrill
|
|upkeep
|
|switch|p2a: Virizion|Virizion|100/100
|turn|48
|
|switch|p1a: Corviknight|Corviknight, F|100/100
|-ability|p1a: Corviknight|Pressure
|move|p2a: Virizion|Swords Dance|p2a: Virizion
|-boost|p2a: Virizion|atk|2
|
|upkeep
|turn|49
|
|switch|p2a: Clefable|Clefable, F|96/100
|move|p1a: Corviknight|Iron Defense|p1a: Corviknight
|-boost|p1a: Corviknight|def|2
|
|-heal|p2a: Clefable|100/100|[from] item: Leftovers
|upkeep
|turn|50
|
|switch|p1a: Clefable|Clefable, M|100/100
|move|p2a: Clefable|Moonblast|p1a: Clefable
|-damage|p1a: Clefable|79/100
|
|-heal|p1a: Clefable|85/100|[from] item: Leftovers
|upkeep
|turn|51
|
|move|p2a: Clefable|Teleport|p2a: Clefable
|
|switch|p2a: Crawdaunt|Crawdaunt, F|100/100|[from]move: Teleport
|move|p1a: Clefable|Teleport|p1a: Clefable
|
|switch|p1a: Dracovish|Dracovish|43/100|[from]move: Teleport
|
|upkeep
|turn|52
|
|move|p1a: Dracovish|Fishious Rend|p2a: Crawdaunt
|-resisted|p2a: Crawdaunt
|-damage|p2a: Crawdaunt|22/100
|move|p2a: Crawdaunt|Crunch|p1a: Dracovish
|-damage|p1a: Dracovish|0 fnt
|faint|p1a: Dracovish
|
|upkeep
|
|switch|p1a: Zeraora|Zeraora|100/100
|turn|53
|
|switch|p2a: Clefable|Clefable, F|100/100
|move|p1a: Zeraora|Plasma Fists|p2a: Clefable
|-damage|p2a: Clefable|61/100
|-fieldactivate|move: Ion Deluge
|
|-heal|p2a: Clefable|67/100|[from] item: Leftovers
|upkeep
|turn|54
|
|switch|p1a: Clefable|Clefable, M|85/100
|move|p2a: Clefable|Wish|p2a: Clefable
|
|-heal|p2a: Clefable|73/100|[from] item: Leftovers
|-heal|p1a: Clefable|91/100|[from] item: Leftovers
|upkeep
|turn|55
|
|move|p2a: Clefable|Protect|p2a: Clefable
|-singleturn|p2a: Clefable|Protect
|move|p1a: Clefable|Teleport|p1a: Clefable
|
|switch|p1a: Kyurem|Kyurem|100/100|[from]move: Teleport
|-ability|p1a: Kyurem|Pressure
|
|-heal|p2a: Clefable|100/100|[from] move: Wish|[wisher] Clefable
|upkeep
|turn|56
|
|switch|p2a: Incineroar|Incineroar, M|100/100
|-ability|p2a: Incineroar|Intimidate|boost
|-unboost|p1a: Kyurem|atk|1
|move|p1a: Kyurem|Ice Beam|p2a: Incineroar
|-resisted|p2a: Incineroar
|-damage|p2a: Incineroar|83/100
|
|upkeep
|turn|57
|
|switch|p1a: Clefable|Clefable, M|91/100
|move|p2a: Incineroar|U-turn|p1a: Clefable
|-resisted|p1a: Clefable
|-damage|p1a: Clefable|80/100
|
|switch|p2a: Clefable|Clefable, F|100/100|[from]move: U-turn
|
|-heal|p1a: Clefable|87/100|[from] item: Leftovers
|upkeep
|turn|58
|
|move|p2a: Clefable|Wish|p2a: Clefable
|move|p1a: Clefable|Teleport|p1a: Clefable
|
|switch|p1a: Kyurem|Kyurem|100/100|[from]move: Teleport
|-ability|p1a: Kyurem|Pressure
|
|upkeep
|turn|59
|
|switch|p2a: Incineroar|Incineroar, M|83/100
|-ability|p2a: Incineroar|Intimidate|boost
|-unboost|p1a: Kyurem|atk|1
|move|p1a: Kyurem|Ice Beam|p2a: Incineroar
|-resisted|p2a: Incineroar
|-damage|p2a: Incineroar|67/100
|
|-heal|p2a: Incineroar|100/100|[from] move: Wish|[wisher] Clefable
|upkeep
|turn|60
|
|switch|p1a: Clefable|Clefable, M|87/100
|move|p2a: Incineroar|Flare Blitz|p1a: Clefable
|-damage|p1a: Clefable|32/100
|-damage|p2a: Incineroar|82/100|[from] Recoil
|
|-heal|p1a: Clefable|38/100|[from] item: Leftovers
|upkeep
|turn|61
|
|move|p1a: Clefable|Protect|p1a: Clefable
|-singleturn|p1a: Clefable|Protect
|move|p2a: Incineroar|Flare Blitz|p1a: Clefable
|-activate|p1a: Clefable|move: Protect
|
|-heal|p1a: Clefable|44/100|[from] item: Leftovers
|upkeep
|turn|62
|
|switch|p1a: Corviknight|Corviknight, F|100/100
|-ability|p1a: Corviknight|Pressure
|move|p2a: Incineroar|Flare Blitz|p1a: Corviknight
|-supereffective|p1a: Corviknight
|-damage|p1a: Corviknight|40/100
|-damage|p2a: Incineroar|62/100|[from] Recoil
|
|-heal|p1a: Corviknight|47/100|[from] item: Leftovers
|upkeep
|turn|63
|
|switch|p2a: Clefable|Clefable, F|100/100
|move|p1a: Corviknight|Roost|p1a: Corviknight
|-heal|p1a: Corviknight|97/100
|-singleturn|p1a: Corviknight|move: Roost
|
|-heal|p1a: Corviknight|100/100|[from] item: Leftovers
|upkeep
|turn|64
|
|switch|p1a: Clefable|Clefable, M|44/100
|move|p2a: Clefable|Wish|p2a: Clefable
|
|-heal|p1a: Clefable|50/100|[from] item: Leftovers
|upkeep
|turn|65
|
|move|p1a: Clefable|Wish|p1a: Clefable
|move|p2a: Clefable|Teleport|p2a: Clefable
|
|switch|p2a: Crawdaunt|Crawdaunt, F|22/100|[from]move: Teleport
|
|-heal|p2a: Crawdaunt|96/100|[from] move: Wish|[wisher] Clefable
|-heal|p1a: Clefable|56/100|[from] item: Leftovers
|upkeep
|turn|66
|
|move|p1a: Clefable|Protect|p1a: Clefable
|-singleturn|p1a: Clefable|Protect
|move|p2a: Crawdaunt|Liquidation|p1a: Clefable
|-activate|p1a: Clefable|move: Protect
|
|-heal|p1a: Clefable|100/100|[from] move: Wish|[wisher] Clefable
|upkeep
|turn|67
|
|switch|p2a: Virizion|Virizion|100/100
|switch|p1a: Corviknight|Corviknight, F|100/100
|-ability|p1a: Corviknight|Pressure
|
|upkeep
|turn|68
|
|switch|p2a: Clefable|Clefable, F|100/100
|switch|p1a: Kyurem|Kyurem|100/100
|-ability|p1a: Kyurem|Pressure
|
|upkeep
|turn|69
|
|move|p2a: Clefable|Protect|p2a: Clefable
|-singleturn|p2a: Clefable|Protect
|move|p1a: Kyurem|Earth Power|p2a: Clefable
|-activate|p2a: Clefable|move: Protect
|
|upkeep
|turn|70
|
|move|p1a: Kyurem|Earth Power|p2a: Clefable
|-damage|p2a: Clefable|55/100
|move|p2a: Clefable|Wish|p2a: Clefable
|
|-heal|p2a: Clefable|61/100|[from] item: Leftovers
|upkeep
|turn|71
|
|move|p2a: Clefable|Protect|p2a: Clefable
|-singleturn|p2a: Clefable|Protect
|move|p1a: Kyurem|Earth Power|p2a: Clefable
|-activate|p2a: Clefable|move: Protect
|
|-heal|p2a: Clefable|100/100|[from] move: Wish|[wisher] Clefable
|upkeep
|turn|72
|
|switch|p2a: Virizion|Virizion|100/100
|move|p1a: Kyurem|Earth Power|p2a: Virizion
|-resisted|p2a: Virizion
|-damage|p2a: Virizion|80/100
|
|-heal|p2a: Virizion|86/100|[from] item: Leftovers
|upkeep
|turn|73
|
|switch|p2a: Clefable|Clefable, F|100/100
|switch|p1a: Corviknight|Corviknight, F|100/100
|-ability|p1a: Corviknight|Pressure
|
|upkeep
|turn|74
|
|switch|p1a: Kyurem|Kyurem|100/100
|-ability|p1a: Kyurem|Pressure
|move|p2a: Clefable|Wish|p2a: Clefable
|
|upkeep
|turn|75
|
|move|p2a: Clefable|Protect|p2a: Clefable
|-singleturn|p2a: Clefable|Protect
|move|p1a: Kyurem|Earth Power|p2a: Clefable
|-activate|p2a: Clefable|move: Protect
|
|upkeep
|turn|76
|
|switch|p1a: Clefable|Clefable, M|100/100
|move|p2a: Clefable|Moonblast|p1a: Clefable
|-damage|p1a: Clefable|80/100
|
|-heal|p1a: Clefable|86/100|[from] item: Leftovers
|upkeep
|turn|77
|
|move|p2a: Clefable|Wish|p2a: Clefable
|move|p1a: Clefable|Teleport|p1a: Clefable
|
|switch|p1a: Corviknight|Corviknight, F|100/100|[from]move: Teleport
|-ability|p1a: Corviknight|Pressure
|
|upkeep
|turn|78
|
|move|p1a: Corviknight|Iron Defense|p1a: Corviknight
|-boost|p1a: Corviknight|def|2
|move|p2a: Clefable|Teleport|p2a: Clefable
|
|switch|p2a: Incineroar|Incineroar, M|62/100|[from]move: Teleport
|-ability|p2a: Incineroar|Intimidate|boost
|-unboost|p1a: Corviknight|atk|1
|
|-heal|p2a: Incineroar|100/100|[from] move: Wish|[wisher] Clefable
|upkeep
|turn|79
|
|switch|p2a: Clefable|Clefable, F|100/100
|move|p1a: Corviknight|Body Press|p2a: Clefable
|-resisted|p2a: Clefable
|-damage|p2a: Clefable|91/100
|
|-heal|p2a: Clefable|97/100|[from] item: Leftovers
|upkeep
|turn|80
|
|move|p1a: Corviknight|Defog|p2a: Clefable
|-unboost|p2a: Clefable|evasion|1
|move|p2a: Clefable|Moonblast|p1a: Corviknight
|-resisted|p1a: Corviknight
|-damage|p1a: Corviknight|86/100
|-unboost|p1a: Corviknight|spa|1
|
|-heal|p1a: Corviknight|92/100|[from] item: Leftovers
|-heal|p2a: Clefable|100/100|[from] item: Leftovers
|upkeep
|turn|81
|
|move|p1a: Corviknight|Defog|p2a: Clefable
|-unboost|p2a: Clefable|evasion|1
|move|p2a: Clefable|Wish|p2a: Clefable
|
|-heal|p1a: Corviknight|99/100|[from] item: Leftovers
|upkeep
|turn|82
|
|move|p1a: Corviknight|Iron Defense|p1a: Corviknight
|-boost|p1a: Corviknight|def|2
|move|p2a: Clefable|Teleport|p2a: Clefable
|
|switch|p2a: Virizion|Virizion|86/100|[from]move: Teleport
|
|-heal|p2a: Virizion|100/100|[from] move: Wish|[wisher] Clefable
|-heal|p1a: Corviknight|100/100|[from] item: Leftovers
|upkeep
|turn|83
|
|switch|p2a: Clefable|Clefable, F|100/100
|move|p1a: Corviknight|Body Press|p2a: Clefable
|-resisted|p2a: Clefable
|-damage|p2a: Clefable|89/100
|
|-heal|p2a: Clefable|95/100|[from] item: Leftovers
|upkeep
|turn|84
|
|move|p1a: Corviknight|Iron Defense|p1a: Corviknight
|-boost|p1a: Corviknight|def|2
|move|p2a: Clefable|Teleport|p2a: Clefable
|
|switch|p2a: Virizion|Virizion|100/100|[from]move: Teleport
|
|upkeep
|turn|85
|
|move|p2a: Virizion|Substitute|p2a: Virizion
|-start|p2a: Virizion|Substitute
|-damage|p2a: Virizion|76/100
|move|p1a: Corviknight|Defog||[still]
|-fail|p1a: Corviknight
|
|-heal|p2a: Virizion|82/100|[from] item: Leftovers
|upkeep
|turn|86
|
|move|p2a: Virizion|Swords Dance|p2a: Virizion
|-boost|p2a: Virizion|atk|2
|move|p1a: Corviknight|Body Press|p2a: Virizion
|-end|p2a: Virizion|Substitute
|
|-heal|p2a: Virizion|88/100|[from] item: Leftovers
|upkeep
|turn|87
|
|move|p2a: Virizion|Substitute|p2a: Virizion
|-start|p2a: Virizion|Substitute
|-damage|p2a: Virizion|63/100
|move|p1a: Corviknight|Body Press|p2a: Virizion
|-end|p2a: Virizion|Substitute
|
|-heal|p2a: Virizion|70/100|[from] item: Leftovers
|upkeep
|turn|88
|
|move|p2a: Virizion|Substitute|p2a: Virizion
|-start|p2a: Virizion|Substitute
|-damage|p2a: Virizion|45/100
|move|p1a: Corviknight|Body Press|p2a: Virizion
|-end|p2a: Virizion|Substitute
|
|-heal|p2a: Virizion|51/100|[from] item: Leftovers
|upkeep
|turn|89
|
|switch|p2a: Clefable|Clefable, F|95/100
|move|p1a: Corviknight|Body Press|p2a: Clefable
|-resisted|p2a: Clefable
|-damage|p2a: Clefable|84/100
|
|-heal|p2a: Clefable|90/100|[from] item: Leftovers
|upkeep
|turn|90
|
|move|p1a: Corviknight|Defog|p2a: Clefable
|-unboost|p2a: Clefable|evasion|1
|move|p2a: Clefable|Wish|p2a: Clefable
|
|-heal|p2a: Clefable|96/100|[from] item: Leftovers
|upkeep
|turn|91
|
|move|p1a: Corviknight|Defog|p2a: Clefable
|-unboost|p2a: Clefable|evasion|1
|move|p2a: Clefable|Teleport|p2a: Clefable
|
|switch|p2a: Virizion|Virizion|51/100|[from]move: Teleport
|
|-heal|p2a: Virizion|100/100|[from] move: Wish|[wisher] Clefable
|upkeep
|turn|92
|
|move|p2a: Virizion|Substitute|p2a: Virizion
|-start|p2a: Virizion|Substitute
|-damage|p2a: Virizion|76/100
|move|p1a: Corviknight|Body Press|p2a: Virizion
|-crit|p2a: Virizion
|-end|p2a: Virizion|Substitute
|
|-heal|p2a: Virizion|82/100|[from] item: Leftovers
|upkeep
|turn|93
|
|move|p2a: Virizion|Substitute|p2a: Virizion
|-start|p2a: Virizion|Substitute
|-damage|p2a: Virizion|57/100
|move|p1a: Corviknight|Body Press|p2a: Virizion
|-end|p2a: Virizion|Substitute
|
|-heal|p2a: Virizion|63/100|[from] item: Leftovers
|upkeep
|turn|94
|
|switch|p2a: Clefable|Clefable, F|96/100
|move|p1a: Corviknight|Body Press|p2a: Clefable
|-resisted|p2a: Clefable
|-damage|p2a: Clefable|86/100
|
|-heal|p2a: Clefable|92/100|[from] item: Leftovers
|upkeep
|turn|95
|
|move|p1a: Corviknight|Iron Defense|p1a: Corviknight
|-boost|p1a: Corviknight|def|0
|move|p2a: Clefable|Wish|p2a: Clefable
|
|-heal|p2a: Clefable|98/100|[from] item: Leftovers
|upkeep
|turn|96
|
|move|p1a: Corviknight|Iron Defense|p1a: Corviknight
|-boost|p1a: Corviknight|def|0
|move|p2a: Clefable|Teleport|p2a: Clefable
|
|switch|p2a: Virizion|Virizion|63/100|[from]move: Teleport
|
|-heal|p2a: Virizion|100/100|[from] move: Wish|[wisher] Clefable
|upkeep
|turn|97
|
|move|p2a: Virizion|Substitute|p2a: Virizion
|-start|p2a: Virizion|Substitute
|-damage|p2a: Virizion|76/100
|move|p1a: Corviknight|Body Press|p2a: Virizion
|-end|p2a: Virizion|Substitute
|
|-heal|p2a: Virizion|82/100|[from] item: Leftovers
|upkeep
|turn|98
|
|move|p2a: Virizion|Substitute|p2a: Virizion
|-start|p2a: Virizion|Substitute
|-damage|p2a: Virizion|57/100
|move|p1a: Corviknight|Defog||[still]
|-fail|p1a: Corviknight
|
|-heal|p2a: Virizion|63/100|[from] item: Leftovers
|upkeep
|turn|99
|
|move|p2a: Virizion|Swords Dance|p2a: Virizion
|-boost|p2a: Virizion|atk|2
|move|p1a: Corviknight|Defog||[still]
|-fail|p1a: Corviknight
|
|-heal|p2a: Virizion|70/100|[from] item: Leftovers
|upkeep
|turn|100
|
|move|p2a: Virizion|Swords Dance|p2a: Virizion
|-boost|p2a: Virizion|atk|2
|move|p1a: Corviknight|Defog||[still]
|-fail|p1a: Corviknight
|
|-heal|p2a: Virizion|76/100|[from] item: Leftovers
|upkeep
|turn|101
|
|move|p2a: Virizion|Swords Dance|p2a: Virizion
|-boost|p2a: Virizion|atk|2
|move|p1a: Corviknight|Defog||[still]
|-fail|p1a: Corviknight
|
|-heal|p2a: Virizion|82/100|[from] item: Leftovers
|upkeep
|turn|102
|
|move|p2a: Virizion|Swords Dance|p2a: Virizion
|-boost|p2a: Virizion|atk|0
|move|p1a: Corviknight|Defog||[still]
|-fail|p1a: Corviknight
|
|-heal|p2a: Virizion|88/100|[from] item: Leftovers
|upkeep
|turn|103
|
|move|p2a: Virizion|Swords Dance|p2a: Virizion
|-boost|p2a: Virizion|atk|0
|move|p1a: Corviknight|Iron Defense|p1a: Corviknight
|-boost|p1a: Corviknight|def|0
|
|-heal|p2a: Virizion|94/100|[from] item: Leftovers
|upkeep
|turn|104
|
|move|p2a: Virizion|Swords Dance|p2a: Virizion
|-boost|p2a: Virizion|atk|0
|move|p1a: Corviknight|Iron Defense|p1a: Corviknight
|-boost|p1a: Corviknight|def|0
|
|-heal|p2a: Virizion|100/100|[from] item: Leftovers
|upkeep
|turn|105
|
|move|p2a: Virizion|Swords Dance|p2a: Virizion
|-boost|p2a: Virizion|atk|0
|move|p1a: Corviknight|Iron Defense|p1a: Corviknight
|-boost|p1a: Corviknight|def|0
|
|upkeep
|turn|106
|
|move|p2a: Virizion|Swords Dance|p2a: Virizion
|-boost|p2a: Virizion|atk|0
|move|p1a: Corviknight|Iron Defense|p1a: Corviknight
|-boost|p1a: Corviknight|def|0
|
|upkeep
|turn|107
|
|move|p2a: Virizion|Swords Dance|p2a: Virizion
|-boost|p2a: Virizion|atk|0
|move|p1a: Corviknight|Iron Defense|p1a: Corviknight
|-boost|p1a: Corviknight|def|0
|
|upkeep
|turn|108
|
|move|p2a: Virizion|Swords Dance|p2a: Virizion
|-boost|p2a: Virizion|atk|0
|move|p1a: Corviknight|Iron Defense|p1a: Corviknight
|-boost|p1a: Corviknight|def|0
|
|upkeep
|turn|109
|
|move|p2a: Virizion|Swords Dance|p2a: Virizion
|-boost|p2a: Virizion|atk|0
|move|p1a: Corviknight|Iron Defense|p1a: Corviknight
|-boost|p1a: Corviknight|def|0
|
|upkeep
|turn|110
|
|move|p2a: Virizion|Swords Dance|p2a: Virizion
|-boost|p2a: Virizion|atk|0
|move|p1a: Corviknight|Iron Defense|p1a: Corviknight
|-boost|p1a: Corviknight|def|0
|
|upkeep
|turn|111
|
|move|p2a: Virizion|Swords Dance|p2a: Virizion
|-boost|p2a: Virizion|atk|0
|move|p1a: Corviknight|Iron Defense|p1a: Corviknight
|-boost|p1a: Corviknight|def|0
|
|upkeep
|turn|112
|
|move|p2a: Virizion|Leaf Blade|p1a: Corviknight
|-resisted|p1a: Corviknight
|-crit|p1a: Corviknight
|-damage|p1a: Corviknight|70/100
|move|p1a: Corviknight|Iron Defense|p1a: Corviknight
|-boost|p1a: Corviknight|def|0
|
|-heal|p1a: Corviknight|76/100|[from] item: Leftovers
|upkeep
|turn|113
|
|move|p2a: Virizion|Leaf Blade|p1a: Corviknight
|-resisted|p1a: Corviknight
|-damage|p1a: Corviknight|71/100
|move|p1a: Corviknight|Iron Defense|p1a: Corviknight
|-boost|p1a: Corviknight|def|0
|
|-heal|p1a: Corviknight|77/100|[from] item: Leftovers
|upkeep
|turn|114
|
|move|p2a: Virizion|Leaf Blade|p1a: Corviknight
|-resisted|p1a: Corviknight
|-crit|p1a: Corviknight
|-damage|p1a: Corviknight|43/100
|move|p1a: Corviknight|Iron Defense|p1a: Corviknight
|-boost|p1a: Corviknight|def|0
|
|-heal|p1a: Corviknight|49/100|[from] item: Leftovers
|upkeep
|turn|115
|
|move|p2a: Virizion|Swords Dance|p2a: Virizion
|-boost|p2a: Virizion|atk|0
|move|p1a: Corviknight|Roost|p1a: Corviknight
|-heal|p1a: Corviknight|99/100
|-singleturn|p1a: Corviknight|move: Roost
|
|-heal|p1a: Corviknight|100/100|[from] item: Leftovers
|upkeep
|turn|116
|
|move|p2a: Virizion|Swords Dance|p2a: Virizion
|-boost|p2a: Virizion|atk|0
|move|p1a: Corviknight|Defog||[still]
|-fail|p1a: Corviknight
|
|upkeep
|turn|117
|
|move|p2a: Virizion|Swords Dance|p2a: Virizion
|-boost|p2a: Virizion|atk|0
|move|p1a: Corviknight|Defog||[still]
|-fail|p1a: Corviknight
|
|upkeep
|turn|118
|
|move|p2a: Virizion|Swords Dance|p2a: Virizion
|-boost|p2a: Virizion|atk|0
|move|p1a: Corviknight|Defog||[still]
|-fail|p1a: Corviknight
|
|upkeep
|turn|119
|
|move|p2a: Virizion|Leaf Blade|p1a: Corviknight
|-resisted|p1a: Corviknight
|-damage|p1a: Corviknight|95/100
|move|p1a: Corviknight|Defog||[still]
|-fail|p1a: Corviknight
|
|-heal|p1a: Corviknight|100/100|[from] item: Leftovers
|upkeep
|turn|120
|
|move|p2a: Virizion|Swords Dance|p2a: Virizion
|-boost|p2a: Virizion|atk|0
|move|p1a: Corviknight|Defog||[still]
|-fail|p1a: Corviknight
|
|upkeep
|turn|121
|
|move|p2a: Virizion|Leaf Blade|p1a: Corviknight
|-resisted|p1a: Corviknight
|-damage|p1a: Corviknight|95/100
|move|p1a: Corviknight|Defog||[still]
|-fail|p1a: Corviknight
|
|-heal|p1a: Corviknight|100/100|[from] item: Leftovers
|upkeep
|turn|122
|
|move|p2a: Virizion|Substitute|p2a: Virizion
|-fail|p2a: Virizion|move: Substitute
|move|p1a: Corviknight|Roost||[still]
|-fail|p1a: Corviknight|heal
|
|upkeep
|turn|123
|
|move|p2a: Virizion|Substitute|p2a: Virizion
|-fail|p2a: Virizion|move: Substitute
|move|p1a: Corviknight|Roost||[still]
|-fail|p1a: Corviknight|heal
|
|upkeep
|turn|124
|
|move|p2a: Virizion|Leaf Blade|p1a: Corviknight
|-resisted|p1a: Corviknight
|-crit|p1a: Corviknight
|-damage|p1a: Corviknight|69/100
|move|p1a: Corviknight|Roost|p1a: Corviknight
|-heal|p1a: Corviknight|100/100
|-singleturn|p1a: Corviknight|move: Roost
|
|upkeep
|turn|125
|
|move|p2a: Virizion|Swords Dance|p2a: Virizion
|-boost|p2a: Virizion|atk|0
|move|p1a: Corviknight|Roost||[still]
|-fail|p1a: Corviknight|heal
|
|upkeep
|turn|126
|
|move|p2a: Virizion|Leaf Blade|p1a: Corviknight
|-resisted|p1a: Corviknight
|-damage|p1a: Corviknight|95/100
|move|p1a: Corviknight|Roost|p1a: Corviknight
|-heal|p1a: Corviknight|100/100
|-singleturn|p1a: Corviknight|move: Roost
|
|upkeep
|turn|127
|
|move|p2a: Virizion|Swords Dance|p2a: Virizion
|-boost|p2a: Virizion|atk|0
|move|p1a: Corviknight|Roost||[still]
|-fail|p1a: Corviknight|heal
|
|upkeep
|turn|128
|
|move|p2a: Virizion|Swords Dance|p2a: Virizion
|-boost|p2a: Virizion|atk|0
|move|p1a: Corviknight|Roost||[still]
|-fail|p1a: Corviknight|heal
|
|upkeep
|turn|129
|
|move|p2a: Virizion|Swords Dance|p2a: Virizion
|-boost|p2a: Virizion|atk|0
|move|p1a: Corviknight|Roost||[still]
|-fail|p1a: Corviknight|heal
|
|upkeep
|turn|130
|
|move|p2a: Virizion|Leaf Blade|p1a: Corviknight
|-resisted|p1a: Corviknight
|-damage|p1a: Corviknight|95/100
|move|p1a: Corviknight|Roost|p1a: Corviknight
|-heal|p1a: Corviknight|100/100
|-singleturn|p1a: Corviknight|move: Roost
|
|upkeep
|turn|131
|
|move|p2a: Virizion|Leaf Blade|p1a: Corviknight
|-resisted|p1a: Corviknight
|-damage|p1a: Corviknight|95/100
|move|p1a: Corviknight|Roost|p1a: Corviknight
|-heal|p1a: Corviknight|100/100
|-singleturn|p1a: Corviknight|move: Roost
|
|upkeep
|turn|132
|
|move|p2a: Virizion|Swords Dance|p2a: Virizion
|-boost|p2a: Virizion|atk|0
|-activate|p1a: Corviknight|move: Struggle
|move|p1a: Corviknight|Struggle|p2a: Virizion
|-activate|p2a: Virizion|move: Substitute|[damage]
|-damage|p1a: Corviknight|75/100|[from] recoil
|
|-heal|p1a: Corviknight|82/100|[from] item: Leftovers
|upkeep
|turn|133
|
|move|p2a: Virizion|Swords Dance|p2a: Virizion
|-boost|p2a: Virizion|atk|0
|-activate|p1a: Corviknight|move: Struggle
|move|p1a: Corviknight|Struggle|p2a: Virizion
|-activate|p2a: Virizion|move: Substitute|[damage]
|-damage|p1a: Corviknight|57/100|[from] recoil
|
|-heal|p1a: Corviknight|63/100|[from] item: Leftovers
|upkeep
|turn|134
|
|move|p2a: Virizion|Swords Dance|p2a: Virizion
|-boost|p2a: Virizion|atk|0
|-activate|p1a: Corviknight|move: Struggle
|move|p1a: Corviknight|Struggle|p2a: Virizion
|-end|p2a: Virizion|Substitute
|-damage|p1a: Corviknight|38/100|[from] recoil
|
|-heal|p1a: Corviknight|44/100|[from] item: Leftovers
|upkeep
|turn|135
|
|move|p2a: Virizion|Substitute|p2a: Virizion
|-start|p2a: Virizion|Substitute
|-damage|p2a: Virizion|76/100
|-activate|p1a: Corviknight|move: Struggle
|move|p1a: Corviknight|Struggle|p2a: Virizion
|-activate|p2a: Virizion|move: Substitute|[damage]
|-damage|p1a: Corviknight|19/100|[from] recoil
|
|-heal|p2a: Virizion|82/100|[from] item: Leftovers
|-heal|p1a: Corviknight|25/100|[from] item: Leftovers
|upkeep
|turn|136
|
|move|p2a: Virizion|Leaf Blade|p1a: Corviknight
|-resisted|p1a: Corviknight
|-damage|p1a: Corviknight|20/100
|-activate|p1a: Corviknight|move: Struggle
|move|p1a: Corviknight|Struggle|p2a: Virizion
|-activate|p2a: Virizion|move: Substitute|[damage]
|-damage|p1a: Corviknight|0 fnt|[from] recoil
|faint|p1a: Corviknight
|
|-heal|p2a: Virizion|88/100|[from] item: Leftovers
|upkeep
|
|switch|p1a: Kyurem|Kyurem|100/100
|-ability|p1a: Kyurem|Pressure
|turn|137
|
|switch|p1a: Clefable|Clefable, M|86/100
|move|p2a: Virizion|Close Combat|p1a: Clefable
|-resisted|p1a: Clefable
|-damage|p1a: Clefable|0 fnt
|-unboost|p2a: Virizion|def|1
|-unboost|p2a: Virizion|spd|1
|faint|p1a: Clefable
|
|-heal|p2a: Virizion|94/100|[from] item: Leftovers
|upkeep
|
|switch|p1a: Kyurem|Kyurem|100/100
|-ability|p1a: Kyurem|Pressure
|turn|138
|
|move|p2a: Virizion|Close Combat|p1a: Kyurem
|-supereffective|p1a: Kyurem
|-damage|p1a: Kyurem|0 fnt
|-unboost|p2a: Virizion|def|1
|-unboost|p2a: Virizion|spd|1
|faint|p1a: Kyurem
|
|-heal|p2a: Virizion|100/100|[from] item: Leftovers
|upkeep
|
|switch|p1a: Zeraora|Zeraora|100/100
|turn|139
|
|move|p1a: Zeraora|Drain Punch|p2a: Virizion
|-end|p2a: Virizion|Substitute
|move|p2a: Virizion|Leaf Blade|p1a: Zeraora
|-damage|p1a: Zeraora|0 fnt
|faint|p1a: Zeraora
|
|win|Qiuescent
|l|☆Mamaw31180
||Ladder (probably) updated, but score could not be retrieved (Response not received).
