|html|<div class="broadcast-blue"><strong>[Gen 8] OU is currently suspecting Melmetal! For information on how to participate check out the <a href="https://www.smogon.com/forums/threads/np-ss-ou-suspect-process-round-12-monster-mash.3709234/">suspect thread</a>.</strong></div>
|j|☆Dreepy Airlines
|j|☆OUTD Wraks2
|t:|1666046390
|gametype|singles
|player|p1|Dreepy Airlines|cynthia-masters|1500
|player|p2|OUTD Wraks2|101|1508
|teamsize|p1|6
|teamsize|p2|6
|gen|8
|tier|[Gen 8] OU
|rated|
|rule|Sleep Clause Mod: Limit one foe put to sleep
|rule|Species Clause: Limit one of each Pokémon
|rule|OHKO Clause: OHKO moves are banned
|rule|Evasion Items Clause: Evasion items are banned
|rule|Evasion Moves Clause: Evasion moves are banned
|rule|Endless Battle Clause: Forcing endless battles is banned
|rule|HP Percentage Mod: HP is shown in percentages
|rule|Dynamax Clause: You cannot dynamax
|clearpoke
|poke|p1|Tapu Koko|
|poke|p1|Urshifu-*, F|
|poke|p1|Melmetal|
|poke|p1|Heatran, M|
|poke|p1|Landorus-Therian, M|
|poke|p1|Tornadus-Therian, M|
|poke|p2|Swampert, F|
|poke|p2|Corviknight, M|
|poke|p2|Blissey, F|
|poke|p2|Rillaboom, M|
|poke|p2|Dragapult, M|
|poke|p2|Conkeldurr, F|
|teampreview
|inactive|Battle timer is ON: inactive players will automatically lose when time's up. (requested by Dreepy Airlines)
|
|t:|1666046402
|start
|switch|p1a: Tapu Koko|Tapu Koko|100/100
|switch|p2a: Dragapult|Dragapult, M|100/100
|-fieldstart|move: Electric Terrain|[from] ability: Electric Surge|[of] p1a: Tapu Koko
|turn|1
|
|t:|1666046417
|move|p2a: Dragapult|U-turn|p1a: Tapu Koko
|-resisted|p1a: Tapu Koko
|-damage|p1a: Tapu Koko|89/100
|
|t:|1666046421
|switch|p2a: Corviknight|Corviknight, M|100/100|[from]move: U-turn
|-ability|p2a: Corviknight|Pressure
|move|p1a: Tapu Koko|U-turn|p2a: Corviknight
|-resisted|p2a: Corviknight
|-damage|p2a: Corviknight|98/100
|-damage|p1a: Tapu Koko|72/100|[from] item: Rocky Helmet|[of] p2a: Corviknight
|
|t:|1666046424
|switch|p1a: Heatran|Heatran, M|100/100|[from]move: U-turn
|-item|p1a: Heatran|Air Balloon
|
|upkeep
|turn|2
|
|t:|1666046431
|switch|p2a: Swampert|Swampert, F|100/100
|move|p1a: Heatran|Eruption|p2a: Swampert
|-resisted|p2a: Swampert
|-damage|p2a: Swampert|74/100
|
|-heal|p2a: Swampert|80/100|[from] item: Leftovers
|upkeep
|turn|3
|
|t:|1666046440
|switch|p1a: Landorus|Landorus-Therian, M|100/100
|-ability|p1a: Landorus|Intimidate|boost
|-unboost|p2a: Swampert|atk|1
|move|p2a: Swampert|Flip Turn|p1a: Landorus
|-supereffective|p1a: Landorus
|-damage|p1a: Landorus|69/100
|inactive|OUTD Wraks2 has 120 seconds left.
|j| Aitana y Zoilo
|inactive|OUTD Wraks2 has 90 seconds left.
|
|t:|1666046500
|switch|p2a: Corviknight|Corviknight, M|98/100|[from]move: Flip Turn
|-ability|p2a: Corviknight|Pressure
|
|-heal|p1a: Landorus|75/100|[from] item: Leftovers
|upkeep
|turn|4
|
|t:|1666046526
|switch|p1a: Tapu Koko|Tapu Koko|72/100
|move|p2a: Corviknight|Brave Bird|p1a: Tapu Koko
|-resisted|p1a: Tapu Koko
|-damage|p1a: Tapu Koko|47/100
|-damage|p2a: Corviknight|92/100|[from] Recoil
|
|upkeep
|turn|5
|
|t:|1666046534
|switch|p2a: Swampert|Swampert, F|80/100
|move|p1a: Tapu Koko|U-turn|p2a: Swampert
|-damage|p2a: Swampert|64/100
|
|t:|1666046544
|switch|p1a: Melmetal|Melmetal|100/100|[from]move: U-turn
|
|-heal|p2a: Swampert|70/100|[from] item: Leftovers
|-fieldend|move: Electric Terrain
|upkeep
|turn|6
|j| Youressi
|
|t:|1666046549
|move|p1a: Melmetal|Toxic|p2a: Swampert
|-status|p2a: Swampert|tox
|move|p2a: Swampert|Flip Turn|p1a: Melmetal
|-damage|p1a: Melmetal|86/100
|
|t:|1666046553
|switch|p2a: Conkeldurr|Conkeldurr, F|100/100|[from]move: Flip Turn
|
|-heal|p1a: Melmetal|92/100|[from] item: Leftovers
|-status|p2a: Conkeldurr|brn|[from] item: Flame Orb
|upkeep
|turn|7
|l| Youressi
|inactive|OUTD Wraks2 has 120 seconds left.
|
|t:|1666046569
|switch|p1a: Landorus|Landorus-Therian, M|75/100
|-ability|p1a: Landorus|Intimidate|boost
|-unboost|p2a: Conkeldurr|atk|1
|move|p2a: Conkeldurr|Knock Off|p1a: Landorus
|-damage|p1a: Landorus|34/100
|-enditem|p1a: Landorus|Leftovers|[from] move: Knock Off|[of] p2a: Conkeldurr
|
|-damage|p2a: Conkeldurr|95/100 brn|[from] brn
|upkeep
|turn|8
|
|t:|1666046577
|switch|p2a: Corviknight|Corviknight, M|92/100
|-ability|p2a: Corviknight|Pressure
|move|p1a: Landorus|U-turn|p2a: Corviknight
|-resisted|p2a: Corviknight
|-damage|p2a: Corviknight|88/100
|-damage|p1a: Landorus|17/100|[from] item: Rocky Helmet|[of] p2a: Corviknight
|
|t:|1666046581
|switch|p1a: Tapu Koko|Tapu Koko|47/100|[from]move: U-turn
|-fieldstart|move: Electric Terrain|[from] ability: Electric Surge|[of] p1a: Tapu Koko
|
|upkeep
|turn|9
|
|t:|1666046604
|switch|p2a: Blissey|Blissey, F|100/100
|move|p1a: Tapu Koko|Thunderbolt|p2a: Blissey
|-damage|p2a: Blissey|84/100
|
|upkeep
|turn|10
|
|t:|1666046610
|move|p1a: Tapu Koko|U-turn|p2a: Blissey
|-damage|p2a: Blissey|69/100
|
|t:|1666046613
|switch|p1a: Melmetal|Melmetal|92/100|[from]move: U-turn
|move|p2a: Blissey|Teleport|p2a: Blissey
|
|t:|1666046618
|switch|p2a: Conkeldurr|Conkeldurr, F|95/100 brn|[from]move: Teleport
|
|-heal|p1a: Melmetal|99/100|[from] item: Leftovers
|-damage|p2a: Conkeldurr|89/100 brn|[from] brn
|upkeep
|turn|11
|
|t:|1666046626
|switch|p1a: Tornadus|Tornadus-Therian, M|100/100
|move|p2a: Conkeldurr|Drain Punch|p1a: Tornadus
|-resisted|p1a: Tornadus
|-damage|p1a: Tornadus|65/100
|-heal|p2a: Conkeldurr|100/100 brn|[from] drain|[of] p1a: Tornadus
|
|-damage|p2a: Conkeldurr|95/100 brn|[from] brn
|upkeep
|turn|12
|
|t:|1666046633
|switch|p2a: Corviknight|Corviknight, M|88/100
|-ability|p2a: Corviknight|Pressure
|move|p1a: Tornadus|U-turn|p2a: Corviknight
|-resisted|p2a: Corviknight
|-damage|p2a: Corviknight|86/100
|-damage|p1a: Tornadus|49/100|[from] item: Rocky Helmet|[of] p2a: Corviknight
|
|t:|1666046637
|switch|p1a: Heatran|Heatran, M|100/100|[from]move: U-turn
|-item|p1a: Heatran|Air Balloon
|
|-fieldend|move: Electric Terrain
|upkeep
|turn|13
|
|t:|1666046642
|switch|p2a: Swampert|Swampert, F|70/100 tox
|move|p1a: Heatran|Eruption|p2a: Swampert
|-resisted|p2a: Swampert
|-damage|p2a: Swampert|41/100 tox
|
|-heal|p2a: Swampert|47/100 tox|[from] item: Leftovers
|-damage|p2a: Swampert|41/100 tox|[from] psn
|upkeep
|turn|14
|
|t:|1666046650
|switch|p1a: Tornadus|Tornadus-Therian, M|82/100
|move|p2a: Swampert|Flip Turn|p1a: Tornadus
|-damage|p1a: Tornadus|57/100
|
|t:|1666046656
|switch|p2a: Dragapult|Dragapult, M|100/100|[from]move: Flip Turn
|
|upkeep
|turn|15
|
|t:|1666046666
|move|p2a: Dragapult|Shadow Ball|p1a: Tornadus
|-damage|p1a: Tornadus|19/100
|-unboost|p1a: Tornadus|spd|1
|move|p1a: Tornadus|Knock Off|p2a: Dragapult
|-supereffective|p2a: Dragapult
|-damage|p2a: Dragapult|54/100
|-enditem|p2a: Dragapult|Choice Specs|[from] move: Knock Off|[of] p1a: Tornadus
|
|upkeep
|turn|16
|
|t:|1666046677
|switch|p1a: Melmetal|Melmetal|99/100
|move|p2a: Dragapult|Shadow Ball|p1a: Melmetal
|-damage|p1a: Melmetal|66/100
|
|-heal|p1a: Melmetal|73/100|[from] item: Leftovers
|upkeep
|turn|17
|
|t:|1666046683
|move|p1a: Melmetal|Protect|p1a: Melmetal
|-singleturn|p1a: Melmetal|Protect
|move|p2a: Dragapult|U-turn|p1a: Melmetal
|-activate|p1a: Melmetal|move: Protect
|
|-heal|p1a: Melmetal|79/100|[from] item: Leftovers
|upkeep
|turn|18
|
|t:|1666046691
|move|p2a: Dragapult|U-turn|p1a: Melmetal
|-resisted|p1a: Melmetal
|-damage|p1a: Melmetal|73/100
|
|t:|1666046694
|switch|p2a: Corviknight|Corviknight, M|86/100|[from]move: U-turn
|-ability|p2a: Corviknight|Pressure
|move|p1a: Melmetal|Double Iron Bash|p2a: Corviknight
|-resisted|p2a: Corviknight
|-damage|p2a: Corviknight|72/100
|-damage|p1a: Melmetal|57/100|[from] item: Rocky Helmet|[of] p2a: Corviknight
|-resisted|p2a: Corviknight
|-damage|p2a: Corviknight|58/100
|-damage|p1a: Melmetal|40/100|[from] item: Rocky Helmet|[of] p2a: Corviknight
|-hitcount|p2a: Corviknight|2
|
|-heal|p1a: Melmetal|46/100|[from] item: Leftovers
|upkeep
|turn|19
|
|t:|1666046704
|switch|p1a: Tapu Koko|Tapu Koko|47/100
|-fieldstart|move: Electric Terrain|[from] ability: Electric Surge|[of] p1a: Tapu Koko
|move|p2a: Corviknight|Brave Bird|p1a: Tapu Koko
|-resisted|p1a: Tapu Koko
|-damage|p1a: Tapu Koko|20/100
|-damage|p2a: Corviknight|52/100|[from] Recoil
|
|upkeep
|turn|20
|
|t:|1666046714
|switch|p2a: Blissey|Blissey, F|69/100
|move|p1a: Tapu Koko|Thunderbolt|p2a: Blissey
|-damage|p2a: Blissey|52/100
|
|upkeep
|turn|21
|
|t:|1666046722
|move|p1a: Tapu Koko|Thunderbolt|p2a: Blissey
|-damage|p2a: Blissey|35/100
|move|p2a: Blissey|Teleport|p2a: Blissey
|
|t:|1666046726
|switch|p2a: Dragapult|Dragapult, M|54/100|[from]move: Teleport
|
|upkeep
|turn|22
|
|t:|1666046735
|switch|p1a: Landorus|Landorus-Therian, M|17/100
|-ability|p1a: Landorus|Intimidate|boost
|-unboost|p2a: Dragapult|atk|1
|move|p2a: Dragapult|Shadow Ball|p1a: Landorus
|-damage|p1a: Landorus|0 fnt
|faint|p1a: Landorus
|
|upkeep
|
|t:|1666046742
|switch|p1a: Tornadus|Tornadus-Therian, M|52/100
|turn|23
|
|t:|1666046751
|move|p2a: Dragapult|Shadow Ball|p1a: Tornadus
|-damage|p1a: Tornadus|28/100
|-unboost|p1a: Tornadus|spd|1
|move|p1a: Tornadus|Icy Wind|p2a: Dragapult
|-supereffective|p2a: Dragapult
|-damage|p2a: Dragapult|18/100
|-unboost|p2a: Dragapult|spe|1
|
|-fieldend|move: Electric Terrain
|upkeep
|turn|24
|
|t:|1666046759
|switch|p2a: Corviknight|Corviknight, M|52/100
|-ability|p2a: Corviknight|Pressure
|move|p1a: Tornadus|Knock Off|p2a: Corviknight
|-damage|p2a: Corviknight|39/100
|-damage|p1a: Tornadus|12/100|[from] item: Rocky Helmet|[of] p2a: Corviknight
|-enditem|p2a: Corviknight|Rocky Helmet|[from] move: Knock Off|[of] p1a: Tornadus
|
|upkeep
|turn|25
|
|t:|1666046766
|move|p1a: Tornadus|Heat Wave|p2a: Corviknight
|-supereffective|p2a: Corviknight
|-crit|p2a: Corviknight
|-damage|p2a: Corviknight|0 fnt
|faint|p2a: Corviknight
|
|upkeep
|
|t:|1666046772
|switch|p2a: Dragapult|Dragapult, M|18/100
|turn|26
|
|t:|1666046782
|move|p2a: Dragapult|Shadow Ball|p1a: Tornadus
|-damage|p1a: Tornadus|0 fnt
|faint|p1a: Tornadus
|
|upkeep
|
|t:|1666046785
|switch|p1a: Urshifu|Urshifu-Rapid-Strike, F|100/100
|turn|27
|
|t:|1666046791
|switch|p2a: Rillaboom|Rillaboom, M|100/100
|-fieldstart|move: Grassy Terrain|[from] ability: Grassy Surge|[of] p2a: Rillaboom
|move|p1a: Urshifu|Close Combat|p2a: Rillaboom
|-damage|p2a: Rillaboom|33/100
|-unboost|p1a: Urshifu|def|1
|-unboost|p1a: Urshifu|spd|1
|
|-heal|p2a: Rillaboom|40/100|[from] Grassy Terrain
|upkeep
|turn|28
|
|t:|1666046799
|switch|p1a: Melmetal|Melmetal|46/100
|move|p2a: Rillaboom|U-turn|p1a: Melmetal
|-resisted|p1a: Melmetal
|-damage|p1a: Melmetal|35/100
|
|t:|1666046806
|switch|p2a: Conkeldurr|Conkeldurr, F|95/100 brn|[from]move: U-turn
|
|-heal|p2a: Conkeldurr|100/100 brn|[from] Grassy Terrain
|-heal|p1a: Melmetal|41/100|[from] Grassy Terrain
|-heal|p1a: Melmetal|47/100|[from] item: Leftovers
|-damage|p2a: Conkeldurr|95/100 brn|[from] brn
|upkeep
|turn|29
|
|t:|1666046814
|move|p2a: Conkeldurr|Drain Punch|p1a: Melmetal
|-supereffective|p1a: Melmetal
|-damage|p1a: Melmetal|0 fnt
|-heal|p2a: Conkeldurr|100/100 brn|[from] drain|[of] p1a: Melmetal
|faint|p1a: Melmetal
|
|-damage|p2a: Conkeldurr|95/100 brn|[from] brn
|upkeep
|
|t:|1666046820
|switch|p1a: Tapu Koko|Tapu Koko|20/100
|-fieldstart|move: Electric Terrain|[from] ability: Electric Surge|[of] p1a: Tapu Koko
|turn|30
|inactive|OUTD Wraks2 has 120 seconds left.
|
|t:|1666046857
|switch|p2a: Blissey|Blissey, F|35/100
|move|p1a: Tapu Koko|Dazzling Gleam|p2a: Blissey
|-damage|p2a: Blissey|22/100
|
|upkeep
|turn|31
|inactive|OUTD Wraks2 has 120 seconds left.
|
|t:|1666046867
|move|p1a: Tapu Koko|U-turn|p2a: Blissey
|-damage|p2a: Blissey|9/100
|
|t:|1666046870
|switch|p1a: Urshifu|Urshifu-Rapid-Strike, F|100/100|[from]move: U-turn
|move|p2a: Blissey|Teleport|p2a: Blissey
|inactive|OUTD Wraks2 has 120 seconds left.
|inactive|OUTD Wraks2 has 90 seconds left.
|
|t:|1666046906
|switch|p2a: Conkeldurr|Conkeldurr, F|95/100 brn|[from]move: Teleport
|
|-damage|p2a: Conkeldurr|89/100 brn|[from] brn
|upkeep
|turn|32
|inactive|OUTD Wraks2 has 90 seconds left.
|
|t:|1666046946
|move|p1a: Urshifu|U-turn|p2a: Conkeldurr
|-resisted|p2a: Conkeldurr
|-damage|p2a: Conkeldurr|76/100 brn
|
|t:|1666046952
|switch|p1a: Tapu Koko|Tapu Koko|20/100|[from]move: U-turn
|move|p2a: Conkeldurr|Facade|p1a: Tapu Koko
|-damage|p1a: Tapu Koko|0 fnt
|faint|p1a: Tapu Koko
|
|-damage|p2a: Conkeldurr|70/100 brn|[from] brn
|upkeep
|
|t:|1666046958
|switch|p1a: Heatran|Heatran, M|100/100
|-item|p1a: Heatran|Air Balloon
|turn|33
|
|t:|1666046965
|switch|p2a: Blissey|Blissey, F|9/100
|move|p1a: Heatran|Eruption|p2a: Blissey
|-damage|p2a: Blissey|0 fnt
|faint|p2a: Blissey
|
|upkeep
|
|t:|1666046971
|switch|p2a: Dragapult|Dragapult, M|18/100
|turn|34
|
|t:|1666046976
|move|p2a: Dragapult|Shadow Ball|p1a: Heatran
|-damage|p1a: Heatran|67/100
|-enditem|p1a: Heatran|Air Balloon
|move|p1a: Heatran|Earth Power|p2a: Dragapult
|-damage|p2a: Dragapult|0 fnt
|faint|p2a: Dragapult
|
|-fieldend|move: Electric Terrain
|upkeep
|inactive|OUTD Wraks2 has 90 seconds left.
|inactive|OUTD Wraks2 has 60 seconds left.
|
|t:|1666047022
|switch|p2a: Swampert|Swampert, F|41/100 tox
|turn|35
|
|t:|1666047027
|switch|p1a: Urshifu|Urshifu-Rapid-Strike, F|100/100
|move|p2a: Swampert|Flip Turn|p1a: Urshifu
|-resisted|p1a: Urshifu
|-damage|p1a: Urshifu|89/100
|
|t:|1666047031
|switch|p2a: Rillaboom|Rillaboom, M|40/100|[from]move: Flip Turn
|-fieldstart|move: Grassy Terrain|[from] ability: Grassy Surge|[of] p2a: Rillaboom
|
|-heal|p1a: Urshifu|95/100|[from] Grassy Terrain
|-heal|p2a: Rillaboom|46/100|[from] Grassy Terrain
|upkeep
|turn|36
|inactive|OUTD Wraks2 has 60 seconds left.
|
|t:|1666047060
|move|p2a: Rillaboom|Grassy Glide|p1a: Urshifu
|-supereffective|p1a: Urshifu
|-damage|p1a: Urshifu|0 fnt
|faint|p1a: Urshifu
|
|-heal|p2a: Rillaboom|52/100|[from] Grassy Terrain
|upkeep
|
|t:|1666047063
|switch|p1a: Heatran|Heatran, M|67/100
|turn|37
|
|t:|1666047067
|move|p2a: Rillaboom|Grassy Glide|p1a: Heatran
|-resisted|p1a: Heatran
|-damage|p1a: Heatran|47/100
|move|p1a: Heatran|Magma Storm|p2a: Rillaboom|[miss]
|-miss|p1a: Heatran|p2a: Rillaboom
|
|-heal|p2a: Rillaboom|58/100|[from] Grassy Terrain
|-heal|p1a: Heatran|53/100|[from] Grassy Terrain
|upkeep
|turn|38
|
|t:|1666047070
|move|p2a: Rillaboom|Grassy Glide|p1a: Heatran
|-resisted|p1a: Heatran
|-damage|p1a: Heatran|34/100
|move|p1a: Heatran|Magma Storm|p2a: Rillaboom
|-supereffective|p2a: Rillaboom
|-damage|p2a: Rillaboom|0 fnt
|faint|p2a: Rillaboom
|
|-heal|p1a: Heatran|40/100|[from] Grassy Terrain
|upkeep
|
|t:|1666047074
|switch|p2a: Conkeldurr|Conkeldurr, F|70/100 brn
|turn|39
|
|t:|1666047078
|move|p2a: Conkeldurr|Mach Punch|p1a: Heatran
|-supereffective|p1a: Heatran
|-damage|p1a: Heatran|0 fnt
|faint|p1a: Heatran
|
|win|OUTD Wraks2
|raw|Dreepy Airlines's rating: 1500 &rarr; <strong>1480</strong><br />(-20 for losing)
|raw|OUTD Wraks2's rating: 1508 &rarr; <strong>1528</strong><br />(+20 for winning)
|l|☆Dreepy Airlines
|c|☆OUTD Wraks2|gg
||Ladder isn't responding, score probably updated but might not have (Request timeout).
