|j|☆Starbitstorm
|j|☆GuardArc
|t:|1641153618
|gametype|singles
|player|p1|Starbitstorm|clown|
|player|p2|GuardArc|lance-gen3|
|teamsize|p1|6
|teamsize|p2|6
|gen|8
|tier|[Gen 8] OU
|rule|Sleep Clause Mod: Limit one foe put to sleep
|rule|Species Clause: Limit one of each Pokémon
|rule|OHKO Clause: OHKO moves are banned
|rule|Evasion Moves Clause: Evasion moves are banned
|rule|Endless Battle Clause: Forcing endless battles is banned
|rule|HP Percentage Mod: HP is shown in percentages
|rule|Dynamax Clause: You cannot dynamax
|clearpoke
|poke|p1|Landorus-Therian, M|
|poke|p1|Heatran, F|
|poke|p1|Clefable, M|
|poke|p1|Weavile, F|
|poke|p1|Tornadus-Therian, M|
|poke|p1|Toxapex, M|
|poke|p2|Venusaur, M|
|poke|p2|Torkoal, M|
|poke|p2|Heatran, M|
|poke|p2|Landorus-Therian, M|
|poke|p2|Volcarona, M|
|poke|p2|Dragapult, M|
|teampreview
|c|☆GuardArc|hf bud
|c|☆GuardArc|I'll link
|c|☆Starbitstorm|gl ok
|j| jeu qui pue
|j| JGeermo
|j| Coolcodename
|j| Typical_bastatd
|j|+J0rdy004 ♫@!
|c| Typical_bastatd|What's the current score?
|j| szns
|j| davynavy
|c| JGeermo|5-2 I think
|c| Typical_bastatd|Holy
|j| myjava
|c| davynavy|Lets go ACEY
|c| Typical_bastatd|Who's 5, mafia?
|j| Ron 5
|c| JGeermo|ye
|c| szns|Ye
|c| Typical_bastatd|So it's almost over, who's from mafia here
|c| Ron 5|time to get it back Guard arc
|j| piyush21
|c| JGeermo|Star = mafia
|c| Typical_bastatd|Alr Ty
|c| JGeermo|np
|j| AlphaRay01
|l| piyush21
|j| devin
|inactive|Battle timer is ON: inactive players will automatically lose when time's up. (requested by GuardArc)
|j| Leavers
|
|t:|1641153811
|start
|switch|p1a: Landorus|Landorus-Therian, M|100/100
|switch|p2a: Landorus|Landorus-Therian, M|100/100
|-ability|p2a: Landorus|Intimidate|boost
|-unboost|p1a: Landorus|atk|1
|-ability|p1a: Landorus|Intimidate|boost
|-unboost|p2a: Landorus|atk|1
|turn|1
|j| Waffleztastegood
|l| szns
|inactive|Starbitstorm has 270 seconds left.
|j| szns
|
|t:|1641153857
|move|p2a: Landorus|Knock Off|p1a: Landorus
|-damage|p1a: Landorus|77/100
|-enditem|p1a: Landorus|Leftovers|[from] move: Knock Off|[of] p2a: Landorus
|move|p1a: Landorus|Toxic|p2a: Landorus
|-status|p2a: Landorus|tox
|
|-damage|p2a: Landorus|94/100 tox|[from] psn
|upkeep
|turn|2
|j| AlterAbsol
|inactive|Starbitstorm has 240 seconds left.
|j| piyush21
|j| Maverick shooters
|
|t:|1641153911
|switch|p2a: Torkoal|Torkoal, M|100/100
|-weather|SunnyDay|[from] ability: Drought|[of] p2a: Torkoal
|move|p1a: Landorus|U-turn|p2a: Torkoal
|-resisted|p2a: Torkoal
|-damage|p2a: Torkoal|97/100
|inactive|Starbitstorm has 210 seconds left.
|c| Maverick shooters|Lgi  Mafia
|
|t:|1641153943
|switch|p1a: Heatran|Heatran, F|100/100|[from]move: U-turn
|-item|p1a: Heatran|Air Balloon
|
|-weather|SunnyDay|[upkeep]
|upkeep
|turn|3
|
|t:|1641153962
|move|p1a: Heatran|Magma Storm|p2a: Torkoal
|-resisted|p2a: Torkoal
|-damage|p2a: Torkoal|37/100
|-activate|p2a: Torkoal|move: Magma Storm|[of] p1a: Heatran
|move|p2a: Torkoal|Body Press|p1a: Heatran
|-supereffective|p1a: Heatran
|-damage|p1a: Heatran|31/100
|-enditem|p1a: Heatran|Air Balloon
|
|-weather|SunnyDay|[upkeep]
|-damage|p2a: Torkoal|25/100|[from] move: Magma Storm|[partiallytrapped]
|upkeep
|turn|4
|inactive|Starbitstorm has 180 seconds left.
|j| Rumperto Oswaldo
|j| user1097
|
|t:|1641154000
|move|p1a: Heatran|Earth Power|p2a: Torkoal
|-supereffective|p2a: Torkoal
|-damage|p2a: Torkoal|0 fnt
|faint|p2a: Torkoal
|
|-weather|SunnyDay|[upkeep]
|upkeep
|
|t:|1641154025
|switch|p2a: Venusaur|Venusaur, M|100/100
|turn|5
|
|t:|1641154044
|switch|p1a: Toxapex|Toxapex, M|100/100
|move|p2a: Venusaur|Earth Power|p1a: Toxapex
|-supereffective|p1a: Toxapex
|-damage|p1a: Toxapex|49/100
|
|-weather|SunnyDay|[upkeep]
|upkeep
|turn|6
|inactive|Starbitstorm has 150 seconds left.
|j| 413XPlayz
|
|t:|1641154097
|switch|p1a: Tornadus|Tornadus-Therian, M|100/100
|move|p2a: Venusaur|Growth|p2a: Venusaur
|-boost|p2a: Venusaur|atk|2
|-boost|p2a: Venusaur|spa|2
|
|-weather|SunnyDay|[upkeep]
|upkeep
|turn|7
|
|t:|1641154116
|move|p2a: Venusaur|Sludge Bomb|p1a: Tornadus
|-damage|p1a: Tornadus|35/100
|move|p1a: Tornadus|Heat Wave|p2a: Venusaur
|-supereffective|p2a: Venusaur
|-damage|p2a: Venusaur|26/100
|
|-weather|SunnyDay|[upkeep]
|upkeep
|turn|8
|inactive|Starbitstorm has 120 seconds left.
|j| BitchAssBoyo
|j| Gfyhjo
|
|t:|1641154159
|switch|p1a: Heatran|Heatran, F|31/100
|move|p2a: Venusaur|Weather Ball|p1a: Heatran
|-start|p1a: Heatran|ability: Flash Fire
|
|-weather|SunnyDay|[upkeep]
|upkeep
|turn|9
|l| Gfyhjo
|inactive|Starbitstorm has 90 seconds left.
|inactive|GuardArc has 270 seconds left.
|
|t:|1641154207
|-end|p1a: Heatran|ability: Flash Fire|[silent]
|switch|p1a: Toxapex|Toxapex, M|82/100
|move|p2a: Venusaur|Earth Power|p1a: Toxapex
|-supereffective|p1a: Toxapex
|-damage|p1a: Toxapex|0 fnt
|faint|p1a: Toxapex
|
|-weather|none
|upkeep
|j| A Real Jester
|
|t:|1641154216
|switch|p1a: Weavile|Weavile, F|100/100
|-ability|p1a: Weavile|Pressure
|turn|10
|j| clean cuts
|inactive|GuardArc has 270 seconds left.
|
|t:|1641154233
|move|p1a: Weavile|Knock Off|p2a: Venusaur
|-damage|p2a: Venusaur|0 fnt
|-enditem|p2a: Venusaur|Poison Barb|[from] move: Knock Off|[of] p1a: Weavile
|faint|p2a: Venusaur
|
|upkeep
|
|t:|1641154241
|switch|p2a: Volcarona|Volcarona, M|100/100
|turn|11
|inactive|Starbitstorm has 90 seconds left.
|j| EliteSexer69
|
|t:|1641154267
|switch|p1a: Landorus|Landorus-Therian, M|77/100
|-ability|p1a: Landorus|Intimidate|boost
|-unboost|p2a: Volcarona|atk|1
|switch|p2a: Heatran|Heatran, M|100/100
|-item|p2a: Heatran|Air Balloon
|
|upkeep
|turn|12
|l| clean cuts
|inactive|GuardArc has 270 seconds left.
|
|t:|1641154276
|move|p2a: Heatran|Eruption|p1a: Landorus
|-damage|p1a: Landorus|16/100
|move|p1a: Landorus|U-turn|p2a: Heatran
|-resisted|p2a: Heatran
|-damage|p2a: Heatran|95/100
|-enditem|p2a: Heatran|Air Balloon
|j| p****cord
|inactive|Starbitstorm has 60 seconds left.
|l| EliteSexer69
|l| p****cord
|inactive|Starbitstorm has 30 seconds left.
|inactive|Starbitstorm has 20 seconds left.
|
|t:|1641154337
|switch|p1a: Tornadus|Tornadus-Therian, M|68/100|[from]move: U-turn
|
|upkeep
|turn|13
|inactive|Starbitstorm has 30 seconds left this turn.
|
|t:|1641154344
|switch|p2a: Landorus|Landorus-Therian, M|94/100 tox
|-ability|p2a: Landorus|Intimidate|boost
|-unboost|p1a: Tornadus|atk|1
|move|p1a: Tornadus|Knock Off|p2a: Landorus
|-crit|p2a: Landorus
|-damage|p2a: Landorus|56/100 tox
|-enditem|p2a: Landorus|Choice Scarf|[from] move: Knock Off|[of] p1a: Tornadus
|
|-damage|p2a: Landorus|50/100 tox|[from] psn
|upkeep
|turn|14
|j| p****cord
|inactive|Starbitstorm has 30 seconds left.
|l| p****cord
|
|t:|1641154354
|move|p1a: Tornadus|U-turn|p2a: Landorus
|-resisted|p2a: Landorus
|-crit|p2a: Landorus
|-damage|p2a: Landorus|37/100 tox
|
|t:|1641154358
|switch|p1a: Landorus|Landorus-Therian, M|16/100|[from]move: U-turn
|-ability|p1a: Landorus|Intimidate|boost
|-unboost|p2a: Landorus|atk|1
|move|p2a: Landorus|Explosion|p1a: Landorus
|-damage|p1a: Landorus|0 fnt
|faint|p2a: Landorus
|faint|p1a: Landorus
|
|upkeep
|j| CG12
|inactiveoff|Battle timer is now OFF.
|
|t:|1641154383
|switch|p2a: Heatran|Heatran, M|95/100
|switch|p1a: Heatran|Heatran, F|31/100
|turn|15
|
|t:|1641154391
|move|p1a: Heatran|Earth Power|p2a: Heatran
|-supereffective|p2a: Heatran
|-damage|p2a: Heatran|0 fnt
|faint|p2a: Heatran
|
|upkeep
|c|☆Starbitstorm|oh
|c|☆Starbitstorm|my
|j| jojo8868
|c|☆Starbitstorm|god
|j| p****cord
|c|☆GuardArc|that had to be a tie lol
|l| p****cord
|
|t:|1641154414
|switch|p2a: Dragapult|Dragapult, M|100/100
|turn|16
|j| p****cord
|l| p****cord
|
|t:|1641154444
|switch|p2a: Volcarona|Volcarona, M|100/100
|move|p1a: Heatran|Earth Power|p2a: Volcarona
|-damage|p2a: Volcarona|68/100
|
|upkeep
|turn|17
|j| p****cord
|inactive|Battle timer is ON: inactive players will automatically lose when time's up. (requested by Starbitstorm)
|
|t:|1641154459
|switch|p2a: Dragapult|Dragapult, M|100/100
|move|p1a: Heatran|Magma Storm|p2a: Dragapult
|-resisted|p2a: Dragapult
|-damage|p2a: Dragapult|59/100
|-activate|p2a: Dragapult|move: Magma Storm|[of] p1a: Heatran
|
|-damage|p2a: Dragapult|46/100|[from] move: Magma Storm|[partiallytrapped]
|upkeep
|turn|18
|
|t:|1641154464
|move|p2a: Dragapult|Phantom Force||[still]
|-prepare|p2a: Dragapult|Phantom Force
|move|p1a: Heatran|Earth Power|p2a: Dragapult|[miss]
|-miss|p1a: Heatran|p2a: Dragapult
|
|-damage|p2a: Dragapult|34/100|[from] move: Magma Storm|[partiallytrapped]
|upkeep
|turn|19
|j| deg
|
|t:|1641154470
|switch|p1a: Weavile|Weavile, F|100/100
|-ability|p1a: Weavile|Pressure
|move|p2a: Dragapult|Phantom Force|p1a: Weavile|[from]lockedmove
|-resisted|p1a: Weavile
|-damage|p1a: Weavile|57/100
|
|-end|p2a: Dragapult|Magma Storm|[partiallytrapped]|[silent]
|upkeep
|turn|20
|
|t:|1641154473
|switch|p2a: Volcarona|Volcarona, M|68/100
|move|p1a: Weavile|Knock Off|p2a: Volcarona
|-damage|p2a: Volcarona|18/100
|-enditem|p2a: Volcarona|Heavy-Duty Boots|[from] move: Knock Off|[of] p1a: Weavile
|
|upkeep
|turn|21
|c|☆Starbitstorm|gg
|j| cnaixhOdigns
|c|☆GuardArc|gg
|c| szns|WAFIA
|c| cnaixhOdigns|WEWONNADPL
|
|t:|1641154489
|move|p1a: Weavile|Knock Off|p2a: Volcarona
|-damage|p2a: Volcarona|0 fnt
|-status|p1a: Weavile|brn|[from] ability: Flame Body|[of] p2a: Volcarona
|faint|p2a: Volcarona
|
|-damage|p1a: Weavile|51/100 brn|[from] brn
|upkeep
|c| cnaixhOdigns|😭😭😭😂😂😂
|c| cnaixhOdigns|Shotiuts kaif
|l| AlterAbsol
|
|t:|1641154497
|switch|p2a: Dragapult|Dragapult, M|34/100
|turn|22
|
|t:|1641154504
|move|p1a: Weavile|Ice Shard|p2a: Dragapult
|-supereffective|p2a: Dragapult
|-damage|p2a: Dragapult|5/100
|move|p2a: Dragapult|Dragon Dance|p2a: Dragapult
|-boost|p2a: Dragapult|atk|1
|-boost|p2a: Dragapult|spe|1
|
|-damage|p1a: Weavile|45/100 brn|[from] brn
|upkeep
|turn|23
|c| Ron 5|Ggs Mafia
|l| deg
|
|t:|1641154512
|move|p1a: Weavile|Ice Shard|p2a: Dragapult
|-supereffective|p2a: Dragapult
|-damage|p2a: Dragapult|0 fnt
|faint|p2a: Dragapult
|
|win|Starbitstorm
|c| cnaixhOdigns|Ggs
|l| Coolcodename
|l| Ron 5
|l| Rumperto Oswaldo
|l| jojo8868
|l| cnaixhOdigns
|l| szns
|j| Rumperto Oswaldo
|l| Typical_bastatd
|l| Waffleztastegood
|l|☆GuardArc
|l| myjava
|l| Leavers
|j| mishimono
|l|+J0rdy004 ♫
|l| AlphaRay01
|l| p****cord
|l| devin
|j|+Fc
|l| mishimono
|j| DA COME UP
|l| CG12
|l| Rumperto Oswaldo
|l| DA COME UP
