|raw|<div class="broadcast-blue"><strong>This battle is required to be public due to a player having a name starting with 'lt93oq'.</div>
|j|☆LT93OQ Fa
|j|☆kazt 5
|t:|1660618657
|gametype|singles
|player|p1|LT93OQ Fa|skyla-masters2|1777
|player|p2|kazt 5|acetrainersnowf|1797
|teamsize|p1|6
|teamsize|p2|6
|gen|8
|tier|[Gen 8] OU
|rated|
|rule|Sleep Clause Mod: Limit one foe put to sleep
|rule|Species Clause: Limit one of each Pokémon
|rule|OHKO Clause: OHKO moves are banned
|rule|Evasion Items Clause: Evasion items are banned
|rule|Evasion Moves Clause: Evasion moves are banned
|rule|Endless Battle Clause: Forcing endless battles is banned
|rule|HP Percentage Mod: HP is shown in percentages
|rule|Dynamax Clause: You cannot dynamax
|clearpoke
|poke|p1|Dragapult, M|
|poke|p1|Bisharp, M|
|poke|p1|Aegislash, M|
|poke|p1|Rillaboom, M|
|poke|p1|Blaziken, M|
|poke|p1|Kartana|
|poke|p2|Heatran, F|
|poke|p2|Heracross, M|
|poke|p2|Landorus-Therian, M|
|poke|p2|Slowbro, M|
|poke|p2|Mandibuzz, F|
|poke|p2|Gengar, F|
|teampreview
|
|t:|1660618675
|start
|switch|p1a: Bishop|Bisharp, M, shiny|100/100
|switch|p2a: Heracross|Heracross, M|100/100
|turn|1
|inactive|Battle timer is ON: inactive players will automatically lose when time's up. (requested by kazt 5)
|
|t:|1660618679
|move|p2a: Heracross|Earthquake|p1a: Bishop
|-supereffective|p1a: Bishop
|-damage|p1a: Bishop|7/100
|move|p1a: Bishop|Stealth Rock|p2a: Heracross
|-sidestart|p2: kazt 5|move: Stealth Rock
|
|-status|p2a: Heracross|brn|[from] item: Flame Orb
|upkeep
|turn|2
|j| Stonkystinky
|
|t:|1660618682
|move|p1a: Bishop|Sucker Punch|p2a: Heracross
|-resisted|p2a: Heracross
|-damage|p2a: Heracross|75/100 brn
|move|p2a: Heracross|Earthquake|p1a: Bishop
|-supereffective|p1a: Bishop
|-damage|p1a: Bishop|0 fnt
|faint|p1a: Bishop
|
|-damage|p2a: Heracross|69/100 brn|[from] brn
|upkeep
|
|t:|1660618685
|switch|p1a: Destroyer|Blaziken, M, shiny|100/100
|turn|3
|
|t:|1660618698
|switch|p2a: Slowbro|Slowbro, M|100/100
|-damage|p2a: Slowbro|88/100|[from] Stealth Rock
|move|p1a: Destroyer|Protect||[still]
|-fail|p1a: Destroyer
|
|-ability|p1a: Destroyer|Speed Boost|boost
|-boost|p1a: Destroyer|spe|1
|upkeep
|turn|4
|
|t:|1660618710
|switch|p1a: Achilles|Aegislash, M, shiny|100/100
|move|p2a: Slowbro|Future Sight|p1a: Achilles
|-start|p2a: Slowbro|move: Future Sight
|
|upkeep
|turn|5
|
|t:|1660618717
|switch|p2a: Heatran|Heatran, F|100/100
|-damage|p2a: Heatran|88/100|[from] Stealth Rock
|-formechange|p1a: Achilles|Aegislash-Blade||[from] ability: Stance Change
|move|p1a: Achilles|Shadow Claw|p2a: Heatran
|-damage|p2a: Heatran|53/100
|
|-heal|p2a: Heatran|59/100|[from] item: Leftovers
|upkeep
|turn|6
|
|t:|1660618733
|switch|p1a: Deathstroke|Kartana, shiny|100/100
|move|p2a: Heatran|Magma Storm|p1a: Deathstroke|[miss]
|-miss|p2a: Heatran|p1a: Deathstroke
|
|-end|p1a: Deathstroke|move: Future Sight
|-resisted|p1a: Deathstroke
|-damage|p1a: Deathstroke|31/100
|-heal|p2a: Heatran|65/100|[from] item: Leftovers
|upkeep
|turn|7
|
|t:|1660618739
|switch|p2a: Mandibuzz|Mandibuzz, F|100/100
|move|p1a: Deathstroke|Knock Off|p2a: Mandibuzz
|-resisted|p2a: Mandibuzz
|-damage|p2a: Mandibuzz|88/100
|-enditem|p2a: Mandibuzz|Heavy-Duty Boots|[from] move: Knock Off|[of] p1a: Deathstroke
|
|upkeep
|turn|8
|
|t:|1660618746
|switch|p1a: Destroyer|Blaziken, M, shiny|100/100
|move|p2a: Mandibuzz|Defog|p1a: Destroyer
|-unboost|p1a: Destroyer|evasion|1
|-sideend|p2: kazt 5|Stealth Rock|[from] move: Defog|[of] p2a: Mandibuzz
|
|upkeep
|turn|9
|
|t:|1660618750
|switch|p2a: Slowbro|Slowbro, M|100/100
|move|p1a: Destroyer|Flare Blitz|p2a: Slowbro
|-resisted|p2a: Slowbro
|-damage|p2a: Slowbro|75/100
|-damage|p1a: Destroyer|84/100|[from] item: Rocky Helmet|[of] p2a: Slowbro
|-damage|p1a: Destroyer|73/100|[from] Recoil
|-damage|p1a: Destroyer|63/100|[from] item: Life Orb
|
|-ability|p1a: Destroyer|Speed Boost|boost
|-boost|p1a: Destroyer|spe|1
|upkeep
|turn|10
|
|t:|1660618757
|move|p1a: Destroyer|Swords Dance|p1a: Destroyer
|-boost|p1a: Destroyer|atk|2
|move|p2a: Slowbro|Scald|p1a: Destroyer
|-supereffective|p1a: Destroyer
|-damage|p1a: Destroyer|0 fnt
|faint|p1a: Destroyer
|
|upkeep
|
|t:|1660618759
|switch|p1a: Leviathan|Dragapult, M, shiny|100/100
|turn|11
|
|t:|1660618764
|move|p1a: Leviathan|Dragon Dance|p1a: Leviathan
|-boost|p1a: Leviathan|atk|1
|-boost|p1a: Leviathan|spe|1
|move|p2a: Slowbro|Teleport|p2a: Slowbro
|
|t:|1660618766
|switch|p2a: Mandibuzz|Mandibuzz, F|88/100|[from]move: Teleport
|
|upkeep
|turn|12
|
|t:|1660618768
|move|p1a: Leviathan|Dragon Darts|p2a: Mandibuzz
|-damage|p2a: Mandibuzz|61/100
|-anim|p1a: Leviathan|Dragon Darts|p2a: Mandibuzz
|-damage|p2a: Mandibuzz|30/100
|-damage|p1a: Leviathan|91/100|[from] item: Life Orb
|move|p2a: Mandibuzz|Foul Play|p1a: Leviathan
|-supereffective|p1a: Leviathan
|-damage|p1a: Leviathan|0 fnt
|faint|p1a: Leviathan
|
|upkeep
|
|t:|1660618773
|switch|p1a: Kong|Rillaboom, M, shiny|100/100
|-fieldstart|move: Grassy Terrain|[from] ability: Grassy Surge|[of] p1a: Kong
|turn|13
|
|t:|1660618784
|switch|p2a: Slowbro|Slowbro, M|100/100
|move|p1a: Kong|Swords Dance|p1a: Kong
|-boost|p1a: Kong|atk|2
|
|upkeep
|turn|14
|
|t:|1660618789
|move|p1a: Kong|Wood Hammer|p2a: Slowbro
|-supereffective|p2a: Slowbro
|-damage|p2a: Slowbro|0 fnt
|-damage|p1a: Kong|84/100|[from] item: Rocky Helmet|[of] p2a: Slowbro
|faint|p2a: Slowbro
|-damage|p1a: Kong|46/100|[from] Recoil
|-damage|p1a: Kong|36/100|[from] item: Life Orb
|
|-heal|p1a: Kong|42/100|[from] Grassy Terrain
|upkeep
|inactive|kazt 5 has 120 seconds left.
|c| Stonkystinky|everything alright?
|inactive|kazt 5 has 90 seconds left.
|inactive|kazt 5 has 60 seconds left.
|
|t:|1660618886
|switch|p2a: Landorus|Landorus-Therian, M|100/100
|-ability|p2a: Landorus|Intimidate|boost
|-unboost|p1a: Kong|atk|1
|turn|15
|
|t:|1660618890
|move|p2a: Landorus|U-turn|p1a: Kong
|-supereffective|p1a: Kong
|-damage|p1a: Kong|0 fnt
|faint|p1a: Kong
|j| LT_Alt1
|inactive|kazt 5 has 60 seconds left.
|c|☆kazt 5|I was calcinglmao
|l| Stonkystinky
|
|t:|1660618917
|switch|p2a: Gengar|Gengar, F|100/100|[from]move: U-turn
|
|upkeep
|
|t:|1660618927
|switch|p1a: Deathstroke|Kartana, shiny|31/100
|turn|16
|
|t:|1660618934
|move|p1a: Deathstroke|Leaf Blade|p2a: Gengar
|-resisted|p2a: Gengar
|-damage|p2a: Gengar|25/100
|-start|p1a: Deathstroke|Disable|Leaf Blade|[from] ability: Cursed Body|[of] p2a: Gengar
|move|p2a: Gengar|Shadow Ball|p1a: Deathstroke
|-damage|p1a: Deathstroke|0 fnt
|faint|p1a: Deathstroke
|
|-heal|p2a: Gengar|31/100|[from] Grassy Terrain
|upkeep
|
|t:|1660618937
|switch|p1a: Achilles|Aegislash, M, shiny|100/100
|turn|17
|
|t:|1660618938
|move|p2a: Gengar|Shadow Ball|p1a: Achilles
|-supereffective|p1a: Achilles
|-damage|p1a: Achilles|0 fnt
|faint|p1a: Achilles
|
|win|kazt 5
|raw|LT93OQ Fa's rating: 1795 &rarr; <strong>1775</strong><br />(-20 for losing)
|raw|kazt 5's rating: 1797 &rarr; <strong>1817</strong><br />(+20 for winning)
|l|☆LT93OQ Fa
|c|☆kazt 5|gg
