|j|☆lt71lx samqian
|j|☆Commando 55
|t:|1596853675
|player|p1|lt71lx samqian|1|1847
|player|p2|Commando 55|iris-gen5bw2|1861
|teamsize|p1|6
|teamsize|p2|6
|gametype|singles
|gen|8
|tier|[Gen 8] OU
|rated|
|clearpoke
|poke|p1|Pelipper, F|
|poke|p1|Urshifu-*, M|
|poke|p1|Kingdra, M|
|poke|p1|Ferrothorn, F|
|poke|p1|Kyurem|
|poke|p1|Clefable, F|
|poke|p2|Raboot, F|
|poke|p2|Dragapult, M|
|poke|p2|Zeraora|
|poke|p2|Clefable, F|
|poke|p2|Slowbro, F|
|poke|p2|Mandibuzz, F|
|rule|Sleep Clause Mod: Limit one foe put to sleep
|rule|Species Clause: Limit one of each Pokémon
|rule|OHKO Clause: OHKO moves are banned
|rule|Evasion Moves Clause: Evasion moves are banned
|rule|Endless Battle Clause: Forcing endless battles is banned
|rule|HP Percentage Mod: HP is shown in percentages
|rule|Dynamax Clause: You cannot dynamax
|teampreview
|inactive|Battle timer is ON: inactive players will automatically lose when time's up. (requested by lt71lx samqian)
|j| Congwuyu
|
|t:|1596853686
|start
|switch|p1a: Pelipper|Pelipper, F|100/100
|switch|p2a: Zeraora|Zeraora|100/100
|-weather|RainDance|[from] ability: Drizzle|[of] p1a: Pelipper
|turn|1
|
|t:|1596853690
|switch|p1a: Ferrothorn|Ferrothorn, F|100/100
|move|p2a: Zeraora|Volt Switch|p1a: Ferrothorn
|-resisted|p1a: Ferrothorn
|-damage|p1a: Ferrothorn|91/100
|j|+FMG
|
|t:|1596853698
|switch|p2a: Raboot|Raboot, F, shiny|100/100|[from]move: Volt Switch
|
|-weather|RainDance|[upkeep]
|-heal|p1a: Ferrothorn|98/100|[from] item: Leftovers
|upkeep
|turn|2
|j| Gussy
|
|t:|1596853704
|move|p2a: Raboot|High Jump Kick|p1a: Ferrothorn
|-start|p2a: Raboot|typechange|Fighting|[from] ability: Libero
|-supereffective|p1a: Ferrothorn
|-crit|p1a: Ferrothorn
|-damage|p1a: Ferrothorn|0 fnt
|-damage|p2a: Raboot|88/100|[from] ability: Iron Barbs|[of] p1a: Ferrothorn
|faint|p1a: Ferrothorn
|
|-weather|RainDance|[upkeep]
|upkeep
|c|☆lt71lx samqian|lol
|
|t:|1596853709
|switch|p1a: Kingdra|Kingdra, M|100/100
|turn|3
|j| g767584yg
|l| Congwuyu
|l| g767584yg
|j| spreadfire
|
|t:|1596853728
|switch|p2a: Mandibuzz|Mandibuzz, F|100/100
|move|p1a: Kingdra|Hydro Pump|p2a: Mandibuzz
|-damage|p2a: Mandibuzz|11/100
|
|-weather|RainDance|[upkeep]
|upkeep
|turn|4
|
|t:|1596853733
|move|p1a: Kingdra|Hydro Pump|p2a: Mandibuzz
|-damage|p2a: Mandibuzz|0 fnt
|faint|p2a: Mandibuzz
|
|-weather|RainDance|[upkeep]
|upkeep
|j| pizza
|
|t:|1596853753
|switch|p2a: Slowbro|Slowbro, F|100/100
|turn|5
|j| waiv
|l| pizza
|inactive|lt71lx samqian has 120 seconds left.
|
|t:|1596853784
|switch|p1a: Kyurem|Kyurem|100/100
|-ability|p1a: Kyurem|Pressure
|move|p2a: Slowbro|Thunder Wave|p1a: Kyurem
|-status|p1a: Kyurem|par
|
|-weather|RainDance|[upkeep]
|upkeep
|turn|6
|
|t:|1596853800
|switch|p2a: Raboot|Raboot, F, shiny|88/100
|move|p1a: Kyurem|Freeze-Dry|p2a: Raboot
|-resisted|p2a: Raboot
|-damage|p2a: Raboot|62/100
|
|-weather|RainDance|[upkeep]
|upkeep
|turn|7
|inactive|lt71lx samqian has 120 seconds left.
|
|t:|1596853821
|switch|p1a: Clefable|Clefable, F|100/100
|move|p2a: Raboot|Gunk Shot|p1a: Clefable
|-start|p2a: Raboot|typechange|Poison|[from] ability: Libero
|-supereffective|p1a: Clefable
|-damage|p1a: Clefable|0 fnt
|faint|p1a: Clefable
|
|-weather|RainDance|[upkeep]
|upkeep
|inactive|lt71lx samqian has 120 seconds left.
|
|t:|1596853826
|switch|p1a: Kingdra|Kingdra, M|100/100
|turn|8
|inactive|Commando 55 has 120 seconds left.
|
|t:|1596853867
|switch|p2a: Clefable|Clefable, F|100/100
|move|p1a: Kingdra|Surf|p2a: Clefable
|-damage|p2a: Clefable|13/100
|
|-weather|none
|-heal|p2a: Clefable|19/100|[from] item: Leftovers
|upkeep
|turn|9
|inactive|lt71lx samqian has 120 seconds left.
|
|t:|1596853909
|switch|p2a: Dragapult|Dragapult, M, shiny|100/100
|move|p1a: Kingdra|Surf|p2a: Dragapult
|-resisted|p2a: Dragapult
|-damage|p2a: Dragapult|56/100
|
|upkeep
|turn|10
|inactive|Commando 55 has 120 seconds left.
|
|t:|1596853920
|switch|p1a: Pelipper|Pelipper, F|100/100
|-weather|RainDance|[from] ability: Drizzle|[of] p1a: Pelipper
|move|p2a: Dragapult|Draco Meteor|p1a: Pelipper
|-damage|p1a: Pelipper|0 fnt
|-unboost|p2a: Dragapult|spa|2
|faint|p1a: Pelipper
|
|-weather|RainDance|[upkeep]
|upkeep
|inactive|lt71lx samqian has 90 seconds left.
|
|t:|1596853946
|switch|p1a: Kingdra|Kingdra, M|100/100
|turn|11
|inactive|Commando 55 has 120 seconds left.
|
|t:|1596853957
|switch|p2a: Clefable|Clefable, F|19/100
|move|p1a: Kingdra|Surf|p2a: Clefable
|-damage|p2a: Clefable|0 fnt
|faint|p2a: Clefable
|
|-weather|RainDance|[upkeep]
|upkeep
|inactive|Commando 55 has 120 seconds left.
|
|t:|1596853973
|switch|p2a: Slowbro|Slowbro, F|100/100
|turn|12
|
|t:|1596853990
|switch|p1a: Kyurem|Kyurem|100/100 par
|-ability|p1a: Kyurem|Pressure
|move|p2a: Slowbro|Teleport|p2a: Slowbro
|j| Tace
|
|t:|1596854004
|switch|p2a: Dragapult|Dragapult, M, shiny|56/100|[from]move: Teleport
|
|-weather|RainDance|[upkeep]
|upkeep
|turn|13
|
|t:|1596854007
|move|p2a: Dragapult|Draco Meteor|p1a: Kyurem|[miss]
|-miss|p2a: Dragapult|p1a: Kyurem
|cant|p1a: Kyurem|par
|
|-weather|RainDance|[upkeep]
|upkeep
|turn|14
|
|t:|1596854011
|move|p2a: Dragapult|Draco Meteor|p1a: Kyurem
|-supereffective|p1a: Kyurem
|-damage|p1a: Kyurem|0 fnt
|-unboost|p2a: Dragapult|spa|2
|faint|p1a: Kyurem
|
|-weather|RainDance|[upkeep]
|upkeep
|
|t:|1596854012
|switch|p1a: Kingdra|Kingdra, M|100/100
|turn|15
|j| sugarhigh
|j| Bunny Girl Mai
|
|t:|1596854020
|switch|p2a: Raboot|Raboot, F, shiny|62/100
|move|p1a: Kingdra|Hydro Pump|p2a: Raboot
|-supereffective|p2a: Raboot
|-damage|p2a: Raboot|0 fnt
|faint|p2a: Raboot
|
|-weather|RainDance|[upkeep]
|upkeep
|
|t:|1596854027
|switch|p2a: Slowbro|Slowbro, F|100/100
|turn|16
|c| Bunny Girl Mai|Goatqian
|
|t:|1596854031
|move|p1a: Kingdra|Hydro Pump|p2a: Slowbro
|-resisted|p2a: Slowbro
|-crit|p2a: Slowbro
|-damage|p2a: Slowbro|9/100
|move|p2a: Slowbro|Thunder Wave|p1a: Kingdra
|-status|p1a: Kingdra|par
|
|-weather|RainDance|[upkeep]
|upkeep
|turn|17
|
|t:|1596854044
|move|p1a: Kingdra|Hydro Pump|p2a: Slowbro
|-resisted|p2a: Slowbro
|-damage|p2a: Slowbro|0 fnt
|faint|p2a: Slowbro
|
|-weather|none
|upkeep
|inactive|Commando 55 has 120 seconds left.
|c| Bunny Girl Mai|Godqian
|
|t:|1596854077
|switch|p2a: Dragapult|Dragapult, M, shiny|56/100
|turn|18
|inactive|Commando 55 has 120 seconds left.
|j| GOATDON
|inactive|lt71lx samqian has 120 seconds left.
|l| Bunny Girl Mai
|
|t:|1596854120
|switch|p1a: Urshifu|Urshifu-Rapid-Strike, M|100/100
|move|p2a: Dragapult|Draco Meteor|p1a: Urshifu
|-damage|p1a: Urshifu|0 fnt
|-unboost|p2a: Dragapult|spa|2
|faint|p1a: Urshifu
|
|upkeep
|j| LowLadderNoob13
|j| Bunny Girl Mai
|inactive|lt71lx samqian has 120 seconds left.
|c| sugarhigh|Dam
|c| sugarhigh|my man really flexed so hard with mini rabbit
|j| All out cooking
|inactive|lt71lx samqian has 90 seconds left.
|c| sugarhigh|actually got two kills mans insane LMAO
|l| Bunny Girl Mai
|l|☆Commando 55
|inactive|Commando 55 disconnected and has a minute to reconnect!
|player|p2|
|
|t:|1596854163
|switch|p1a: Kingdra|Kingdra, M|100/100 par
|turn|19
|j|☆Commando 55
|inactive|Commando 55 reconnected and has 110 seconds left.
|player|p2|Commando 55|iris-gen5bw2
|
|t:|1596854168
|switch|p2a: Zeraora|Zeraora|100/100
|move|p1a: Kingdra|Draco Meteor|p2a: Zeraora
|-damage|p2a: Zeraora|0 fnt
|-unboost|p1a: Kingdra|spa|2
|faint|p2a: Zeraora
|
|upkeep
|
|t:|1596854173
|switch|p2a: Dragapult|Dragapult, M, shiny|56/100
|turn|20
|j| skyexperimenter
|
|t:|1596854183
|move|p2a: Dragapult|Hex|p1a: Kingdra
|-damage|p1a: Kingdra|0 fnt
|faint|p1a: Kingdra
|
|win|Commando 55
|l|☆lt71lx samqian
|c|☆Commando 55|Gg
|raw|lt71lx samqian's rating: 1832 &rarr; <strong>1812</strong><br />(-20 for losing)
|raw|Commando 55's rating: 1835 &rarr; <strong>1855</strong><br />(+20 for winning)
|l| LowLadderNoob13
|l|☆Commando 55
|l| Gussy
|l| skyexperimenter
|l| sugarhigh
|l|+FMG
|j| LowLadderNoob13
|l| Tace
|l| LowLadderNoob13
|l| GOATDON
|j| sugarhigh
