|j|☆Huskothy
|j|☆yokobaby
|t:|1665163119
|gametype|singles
|player|p1|Huskothy|lucas|1688
|player|p2|yokobaby|cynthia-masters|1686
|teamsize|p1|6
|teamsize|p2|6
|gen|8
|tier|[Gen 8] OU
|rated|
|rule|Sleep Clause Mod: Limit one foe put to sleep
|rule|Species Clause: Limit one of each Pokémon
|rule|OHKO Clause: OHKO moves are banned
|rule|Evasion Items Clause: Evasion items are banned
|rule|Evasion Moves Clause: Evasion moves are banned
|rule|Endless Battle Clause: Forcing endless battles is banned
|rule|HP Percentage Mod: HP is shown in percentages
|rule|Dynamax Clause: You cannot dynamax
|clearpoke
|poke|p1|Lurantis, M|
|poke|p1|Umbreon, F|
|poke|p1|Dragapult, M|
|poke|p1|Garchomp, M|
|poke|p1|Scizor, F|
|poke|p1|Tornadus-Therian, M|
|poke|p2|Weavile, F|
|poke|p2|Slowking-Galar, F|
|poke|p2|Garchomp, M|
|poke|p2|Corviknight, F|
|poke|p2|Urshifu-*, F|
|poke|p2|Melmetal|
|teampreview
|inactive|Battle timer is ON: inactive players will automatically lose when time's up. (requested by yokobaby)
|
|t:|1665163149
|start
|switch|p1a: Garchomp|Garchomp, M|100/100
|switch|p2a: Garchomp|Garchomp, M|100/100
|turn|1
|
|t:|1665163152
|move|p1a: Garchomp|Swords Dance|p1a: Garchomp
|-boost|p1a: Garchomp|atk|2
|move|p2a: Garchomp|Toxic|p1a: Garchomp|[miss]
|-miss|p2a: Garchomp|p1a: Garchomp
|
|upkeep
|turn|2
|
|t:|1665163154
|move|p2a: Garchomp|Protect|p2a: Garchomp
|-singleturn|p2a: Garchomp|Protect
|move|p1a: Garchomp|Earthquake|p2a: Garchomp
|-activate|p2a: Garchomp|move: Protect
|
|upkeep
|turn|3
|
|t:|1665163157
|switch|p2a: Corviknight|Corviknight, F|100/100
|-ability|p2a: Corviknight|Pressure
|move|p1a: Garchomp|Earthquake|p2a: Corviknight
|-immune|p2a: Corviknight
|
|upkeep
|turn|4
|
|t:|1665163160
|move|p1a: Garchomp|Stealth Rock|p2a: Corviknight
|-sidestart|p2: yokobaby|move: Stealth Rock
|move|p2a: Corviknight|U-turn|p1a: Garchomp
|-damage|p1a: Garchomp|85/100
|-damage|p2a: Corviknight|88/100|[from] ability: Rough Skin|[of] p1a: Garchomp
|
|t:|1665163162
|switch|p2a: Weavile|Weavile, F|100/100|[from]move: U-turn
|
|upkeep
|turn|5
|
|t:|1665163165
|switch|p2a: Corviknight|Corviknight, F|88/100
|-damage|p2a: Corviknight|75/100|[from] Stealth Rock
|-ability|p2a: Corviknight|Pressure
|switch|p1a: Scizor|Scizor, F|100/100
|
|-heal|p2a: Corviknight|82/100|[from] item: Leftovers
|upkeep
|turn|6
|
|t:|1665163171
|switch|p1a: Lurantis|Lurantis, M|100/100
|move|p2a: Corviknight|Defog|p1a: Lurantis
|-boost|p1a: Lurantis|evasion|1
|-sideend|p2: yokobaby|Stealth Rock|[from] move: Defog|[of] p2a: Corviknight
|
|-heal|p2a: Corviknight|88/100|[from] item: Leftovers
|upkeep
|turn|7
|
|t:|1665163175
|move|p2a: Corviknight|U-turn|p1a: Lurantis|[miss]
|-miss|p2a: Corviknight|p1a: Lurantis
|move|p1a: Lurantis|Superpower|p2a: Corviknight
|-damage|p2a: Corviknight|60/100
|-boost|p1a: Lurantis|atk|1
|-boost|p1a: Lurantis|def|1
|
|-heal|p2a: Corviknight|67/100|[from] item: Leftovers
|upkeep
|turn|8
|
|t:|1665163184
|move|p2a: Corviknight|U-turn|p1a: Lurantis
|-supereffective|p1a: Lurantis
|-damage|p1a: Lurantis|76/100
|
|t:|1665163201
|switch|p2a: Slowking|Slowking-Galar, F|100/100|[from]move: U-turn
|move|p1a: Lurantis|Superpower|p2a: Slowking
|-resisted|p2a: Slowking
|-damage|p2a: Slowking|85/100
|-boost|p1a: Lurantis|atk|1
|-boost|p1a: Lurantis|def|1
|
|upkeep
|turn|9
|
|t:|1665163203
|move|p1a: Lurantis|Knock Off|p2a: Slowking
|-supereffective|p2a: Slowking
|-crit|p2a: Slowking
|-damage|p2a: Slowking|0 fnt
|-enditem|p2a: Slowking|Assault Vest|[from] move: Knock Off|[of] p1a: Lurantis
|faint|p2a: Slowking
|
|upkeep
|
|t:|1665163208
|switch|p2a: Melmetal|Melmetal|100/100
|turn|10
|
|t:|1665163211
|move|p2a: Melmetal|Double Iron Bash|p1a: Lurantis|[miss]
|-miss|p2a: Melmetal|p1a: Lurantis
|move|p1a: Lurantis|Superpower|p2a: Melmetal
|-supereffective|p2a: Melmetal
|-damage|p2a: Melmetal|11/100
|-boost|p1a: Lurantis|atk|1
|-boost|p1a: Lurantis|def|1
|
|upkeep
|turn|11
|
|t:|1665163217
|move|p2a: Melmetal|Double Iron Bash|p1a: Lurantis|[miss]
|-miss|p2a: Melmetal|p1a: Lurantis
|move|p1a: Lurantis|Superpower|p2a: Melmetal
|-supereffective|p2a: Melmetal
|-damage|p2a: Melmetal|0 fnt
|-boost|p1a: Lurantis|atk|1
|-boost|p1a: Lurantis|def|1
|faint|p2a: Melmetal
|
|upkeep
|
|t:|1665163228
|switch|p2a: Weavile|Weavile, F|100/100
|turn|12
|
|t:|1665163232
|move|p2a: Weavile|Triple Axel|p1a: Lurantis
|-supereffective|p1a: Lurantis
|-damage|p1a: Lurantis|69/100
|-supereffective|p1a: Lurantis
|-damage|p1a: Lurantis|51/100
|-hitcount|p1a: Lurantis|2
|move|p1a: Lurantis|Superpower|p2a: Weavile
|-supereffective|p2a: Weavile
|-damage|p2a: Weavile|0 fnt
|-boost|p1a: Lurantis|atk|1
|-boost|p1a: Lurantis|def|1
|faint|p2a: Weavile
|
|upkeep
|-message|yokobaby forfeited.
|
|win|Huskothy
|raw|Huskothy's rating: 1688 &rarr; <strong>1708</strong><br />(+20 for winning)
|raw|yokobaby's rating: 1686 &rarr; <strong>1666</strong><br />(-20 for losing)
|l|☆yokobaby
||Ladder isn't responding, score probably updated but might not have (Request timeout).
