|j|☆kazt 5
|j|☆atium vial
|inactive|Battle timer is ON: inactive players will automatically lose when time's up.
|t:|1663468625
|gametype|singles
|player|p1|kazt 5|acetrainersnowf|
|player|p2|atium vial|acetrainersnowf|
|teamsize|p1|6
|teamsize|p2|6
|gen|8
|tier|[Gen 8] OU
|rated|Tournament battle
|rule|Sleep Clause Mod: Limit one foe put to sleep
|rule|Species Clause: Limit one of each Pokémon
|rule|OHKO Clause: OHKO moves are banned
|rule|Evasion Items Clause: Evasion items are banned
|rule|Evasion Moves Clause: Evasion moves are banned
|rule|Endless Battle Clause: Forcing endless battles is banned
|rule|HP Percentage Mod: HP is shown in percentages
|rule|Dynamax Clause: You cannot dynamax
|clearpoke
|poke|p1|Volcarona, F|
|poke|p1|Clefable, F|
|poke|p1|Kartana|
|poke|p1|Zeraora|
|poke|p1|Landorus-Therian, M|
|poke|p1|Slowbro, F|
|poke|p2|Tapu Koko|
|poke|p2|Landorus-Therian, M|
|poke|p2|Heatran, F|
|poke|p2|Kartana|
|poke|p2|Slowbro, M|
|poke|p2|Umbreon, F|
|teampreview
|j| knexhawk2
|c|☆atium vial|hf
|c|☆kazt 5|hf
|l| knexhawk2
|j| quixana
|j|@Mimikyu Stardust
|j| SubjectGegS
|
|t:|1663468655
|start
|switch|p1a: Clefable|Clefable, F|100/100
|switch|p2a: Kartana|Kartana|100/100
|turn|1
|
|t:|1663468662
|switch|p1a: Volcarona|Volcarona, F|100/100
|move|p2a: Kartana|Smart Strike|p1a: Volcarona
|-resisted|p1a: Volcarona
|-damage|p1a: Volcarona|60/100
|
|upkeep
|turn|2
|j| X-Wing Fighter
|
|t:|1663468667
|switch|p2a: Heatran|Heatran, F|100/100
|move|p1a: Volcarona|Roost|p1a: Volcarona
|-heal|p1a: Volcarona|100/100
|-singleturn|p1a: Volcarona|move: Roost
|
|upkeep
|turn|3
|
|t:|1663468673
|switch|p1a: Landorus|Landorus-Therian, M|100/100
|-ability|p1a: Landorus|Intimidate|boost
|-unboost|p2a: Heatran|atk|1
|move|p2a: Heatran|Stealth Rock|p1a: Landorus
|-sidestart|p1: kazt 5|move: Stealth Rock
|
|upkeep
|turn|4
|
|t:|1663468686
|switch|p2a: Landorus|Landorus-Therian, M|100/100
|-ability|p2a: Landorus|Intimidate|boost
|-unboost|p1a: Landorus|atk|1
|move|p1a: Landorus|Earthquake|p2a: Landorus
|-immune|p2a: Landorus
|
|upkeep
|turn|5
|
|t:|1663468688
|move|p1a: Landorus|Toxic|p2a: Landorus|[miss]
|-miss|p1a: Landorus|p2a: Landorus
|move|p2a: Landorus|Toxic|p1a: Landorus
|-status|p1a: Landorus|tox
|
|-damage|p1a: Landorus|94/100 tox|[from] psn
|upkeep
|turn|6
|
|t:|1663468694
|switch|p2a: Kartana|Kartana|100/100
|move|p1a: Landorus|Defog|p2a: Kartana
|-unboost|p2a: Kartana|evasion|1
|-sideend|p1: kazt 5|Stealth Rock|[from] move: Defog|[of] p1a: Landorus
|
|-heal|p1a: Landorus|100/100 tox|[from] item: Leftovers
|-damage|p1a: Landorus|88/100 tox|[from] psn
|upkeep
|turn|7
|
|t:|1663468704
|switch|p1a: Volcarona|Volcarona, F|100/100
|move|p2a: Kartana|Knock Off|p1a: Volcarona
|-damage|p1a: Volcarona|21/100
|-status|p2a: Kartana|brn|[from] ability: Flame Body|[of] p1a: Volcarona
|-enditem|p1a: Volcarona|Heavy-Duty Boots|[from] move: Knock Off|[of] p2a: Kartana
|
|-damage|p2a: Kartana|94/100 brn|[from] brn
|upkeep
|turn|8
|
|t:|1663468715
|switch|p1a: Landorus|Landorus-Therian, M|88/100 tox
|-ability|p1a: Landorus|Intimidate|boost
|-unboost|p2a: Kartana|atk|1
|move|p2a: Kartana|Knock Off|p1a: Landorus
|-damage|p1a: Landorus|67/100 tox
|-enditem|p1a: Landorus|Leftovers|[from] move: Knock Off|[of] p2a: Kartana
|
|-damage|p1a: Landorus|61/100 tox|[from] psn
|-damage|p2a: Kartana|88/100 brn|[from] brn
|upkeep
|turn|9
|
|t:|1663468722
|switch|p2a: Landorus|Landorus-Therian, M|100/100
|-ability|p2a: Landorus|Intimidate|boost
|-unboost|p1a: Landorus|atk|1
|move|p1a: Landorus|Toxic|p2a: Landorus
|-status|p2a: Landorus|tox
|
|-damage|p1a: Landorus|49/100 tox|[from] psn
|-damage|p2a: Landorus|94/100 tox|[from] psn
|upkeep
|turn|10
|
|t:|1663468727
|move|p1a: Landorus|U-turn|p2a: Landorus
|-resisted|p2a: Landorus
|-damage|p2a: Landorus|87/100 tox
|
|t:|1663468728
|switch|p1a: Slowbro|Slowbro, F|100/100|[from]move: U-turn
|move|p2a: Landorus|U-turn|p1a: Slowbro
|-supereffective|p1a: Slowbro
|-damage|p1a: Slowbro|74/100
|
|t:|1663468737
|switch|p2a: Heatran|Heatran, F|100/100|[from]move: U-turn
|
|upkeep
|turn|11
|
|t:|1663468747
|switch|p1a: Landorus|Landorus-Therian, M|49/100 tox
|-ability|p1a: Landorus|Intimidate|boost
|-unboost|p2a: Heatran|atk|1
|move|p2a: Heatran|Stealth Rock|p1a: Landorus
|-sidestart|p1: kazt 5|move: Stealth Rock
|
|-damage|p1a: Landorus|43/100 tox|[from] psn
|upkeep
|turn|12
|
|t:|1663468754
|move|p2a: Heatran|Protect|p2a: Heatran
|-singleturn|p2a: Heatran|Protect
|move|p1a: Landorus|Earthquake|p2a: Heatran
|-activate|p2a: Heatran|move: Protect
|
|-damage|p1a: Landorus|31/100 tox|[from] psn
|upkeep
|turn|13
|
|t:|1663468758
|switch|p2a: Landorus|Landorus-Therian, M|87/100 tox
|-ability|p2a: Landorus|Intimidate|boost
|-unboost|p1a: Landorus|atk|1
|move|p1a: Landorus|Defog|p2a: Landorus
|-unboost|p2a: Landorus|evasion|1
|-sideend|p1: kazt 5|Stealth Rock|[from] move: Defog|[of] p1a: Landorus
|
|-heal|p2a: Landorus|93/100 tox|[from] item: Leftovers
|-damage|p1a: Landorus|13/100 tox|[from] psn
|-damage|p2a: Landorus|87/100 tox|[from] psn
|upkeep
|turn|14
|
|t:|1663468764
|move|p1a: Landorus|U-turn|p2a: Landorus
|-resisted|p2a: Landorus
|-damage|p2a: Landorus|80/100 tox
|
|t:|1663468765
|switch|p1a: Clefable|Clefable, F|100/100|[from]move: U-turn
|move|p2a: Landorus|U-turn|p1a: Clefable
|-resisted|p1a: Clefable
|-damage|p1a: Clefable|88/100
|
|t:|1663468770
|switch|p2a: Heatran|Heatran, F|100/100|[from]move: U-turn
|
|upkeep
|turn|15
|
|t:|1663468782
|switch|p2a: Slowbro|Slowbro, M|100/100
|move|p1a: Clefable|Trick|p2a: Slowbro
|-activate|p1a: Clefable|move: Trick|[of] p2a: Slowbro
|-item|p2a: Slowbro|Sticky Barb|[from] move: Trick
|-item|p1a: Clefable|Heavy-Duty Boots|[from] move: Trick
|
|-damage|p2a: Slowbro|88/100|[from] item: Sticky Barb
|upkeep
|turn|16
|
|t:|1663468785
|move|p1a: Clefable|Stealth Rock|p2a: Slowbro
|-sidestart|p2: atium vial|move: Stealth Rock
|move|p2a: Slowbro|Teleport|p2a: Slowbro
|
|t:|1663468787
|switch|p2a: Heatran|Heatran, F|100/100|[from]move: Teleport
|-damage|p2a: Heatran|88/100|[from] Stealth Rock
|
|-heal|p2a: Heatran|94/100|[from] item: Leftovers
|upkeep
|turn|17
|
|t:|1663468789
|move|p2a: Heatran|Stealth Rock|p1a: Clefable
|-sidestart|p1: kazt 5|move: Stealth Rock
|move|p1a: Clefable|Trick|p2a: Heatran
|-activate|p1a: Clefable|move: Trick|[of] p2a: Heatran
|-item|p2a: Heatran|Heavy-Duty Boots|[from] move: Trick
|-item|p1a: Clefable|Leftovers|[from] move: Trick
|
|-heal|p1a: Clefable|94/100|[from] item: Leftovers
|upkeep
|turn|18
|
|t:|1663468805
|switch|p2a: Slowbro|Slowbro, M|100/100
|-damage|p2a: Slowbro|88/100|[from] Stealth Rock
|switch|p1a: Slowbro|Slowbro, F|100/100
|-damage|p1a: Slowbro|88/100|[from] Stealth Rock
|
|-damage|p2a: Slowbro|76/100|[from] item: Sticky Barb
|upkeep
|turn|19
|
|t:|1663468808
|move|p1a: Slowbro|Scald|p2a: Slowbro
|-resisted|p2a: Slowbro
|-damage|p2a: Slowbro|66/100
|move|p2a: Slowbro|Future Sight|p1a: Slowbro
|-start|p2a: Slowbro|move: Future Sight
|
|-damage|p2a: Slowbro|53/100|[from] item: Sticky Barb
|upkeep
|turn|20
|
|t:|1663468814
|move|p1a: Slowbro|Scald|p2a: Slowbro
|-resisted|p2a: Slowbro
|-damage|p2a: Slowbro|43/100
|move|p2a: Slowbro|Teleport|p2a: Slowbro
|
|t:|1663468820
|switch|p2a: Tapu Koko|Tapu Koko|100/100|[from]move: Teleport
|-fieldstart|move: Electric Terrain|[from] ability: Electric Surge|[of] p2a: Tapu Koko
|
|upkeep
|turn|21
|
|t:|1663468833
|switch|p1a: Volcarona|Volcarona, F|21/100
|-damage|p1a: Volcarona|0 fnt|[from] Stealth Rock
|faint|p1a: Volcarona
|move|p2a: Tapu Koko|Calm Mind|p2a: Tapu Koko
|-boost|p2a: Tapu Koko|spa|1
|-boost|p2a: Tapu Koko|spd|1
|
|-hint|Future Sight did not hit because the target is fainted.
|upkeep
|
|t:|1663468849
|switch|p1a: Zeraora|Zeraora|100/100
|-damage|p1a: Zeraora|88/100|[from] Stealth Rock
|turn|22
|
|t:|1663468856
|move|p1a: Zeraora|Plasma Fists|p2a: Tapu Koko
|-resisted|p2a: Tapu Koko
|-damage|p2a: Tapu Koko|38/100
|-fieldactivate|move: Ion Deluge
|-hint|Normal-type moves become Electric-type after using Plasma Fists.
|move|p2a: Tapu Koko|Dazzling Gleam|p1a: Zeraora
|-damage|p1a: Zeraora|20/100
|
|upkeep
|turn|23
|
|t:|1663468864
|switch|p2a: Landorus|Landorus-Therian, M|80/100 tox
|-damage|p2a: Landorus|68/100 tox|[from] Stealth Rock
|-ability|p2a: Landorus|Intimidate|boost
|-unboost|p1a: Zeraora|atk|1
|move|p1a: Zeraora|Plasma Fists|p2a: Landorus
|-immune|p2a: Landorus
|
|-heal|p2a: Landorus|74/100 tox|[from] item: Leftovers
|-damage|p2a: Landorus|68/100 tox|[from] psn
|upkeep
|turn|24
|
|t:|1663468870
|switch|p1a: Landorus|Landorus-Therian, M|13/100 tox
|-damage|p1a: Landorus|0 fnt|[from] Stealth Rock
|faint|p1a: Landorus
|move|p2a: Landorus|U-turn|p1: Landorus|[notarget]
|-fail|p2a: Landorus
|
|-heal|p2a: Landorus|74/100 tox|[from] item: Leftovers
|-damage|p2a: Landorus|62/100 tox|[from] psn
|-fieldend|move: Electric Terrain
|upkeep
|
|t:|1663468884
|switch|p1a: Slowbro|Slowbro, F|100/100
|-damage|p1a: Slowbro|88/100|[from] Stealth Rock
|turn|25
|
|t:|1663468888
|move|p2a: Landorus|U-turn|p1a: Slowbro
|-supereffective|p1a: Slowbro
|-damage|p1a: Slowbro|61/100
|
|t:|1663468893
|switch|p2a: Umbreon|Umbreon, F, shiny|100/100|[from]move: U-turn
|-damage|p2a: Umbreon|88/100|[from] Stealth Rock
|move|p1a: Slowbro|Scald|p2a: Umbreon
|-damage|p2a: Umbreon|69/100
|
|-heal|p2a: Umbreon|75/100|[from] item: Leftovers
|upkeep
|turn|26
|
|t:|1663468901
|move|p2a: Umbreon|Heal Bell|p2a: Umbreon
|-activate|p2a: Umbreon|move: Heal Bell
|-curestatus|p2: Kartana|brn|[msg]
|-curestatus|p2: Landorus|tox|[msg]
|move|p1a: Slowbro|Teleport|p1a: Slowbro
|
|t:|1663468909
|switch|p1a: Kartana|Kartana|100/100|[from]move: Teleport
|-damage|p1a: Kartana|94/100|[from] Stealth Rock
|
|-heal|p2a: Umbreon|81/100|[from] item: Leftovers
|upkeep
|turn|27
|
|t:|1663468915
|move|p1a: Kartana|Sacred Sword|p2a: Umbreon
|-supereffective|p2a: Umbreon
|-damage|p2a: Umbreon|13/100
|move|p2a: Umbreon|Foul Play|p1a: Kartana
|-damage|p1a: Kartana|27/100
|
|-heal|p2a: Umbreon|19/100|[from] item: Leftovers
|upkeep
|turn|28
|
|t:|1663468922
|switch|p1a: Slowbro|Slowbro, F|94/100
|-damage|p1a: Slowbro|82/100|[from] Stealth Rock
|move|p2a: Umbreon|Protect||[still]
|-fail|p2a: Umbreon
|
|-heal|p2a: Umbreon|25/100|[from] item: Leftovers
|upkeep
|turn|29
|
|t:|1663468925
|move|p2a: Umbreon|Wish|p2a: Umbreon
|move|p1a: Slowbro|Body Press|p2a: Umbreon
|-supereffective|p2a: Umbreon
|-damage|p2a: Umbreon|0 fnt
|faint|p2a: Umbreon
|
|upkeep
|
|t:|1663468944
|switch|p2a: Tapu Koko|Tapu Koko|38/100
|-fieldstart|move: Electric Terrain|[from] ability: Electric Surge|[of] p2a: Tapu Koko
|turn|30
|
|t:|1663468949
|move|p2a: Tapu Koko|Thunderbolt|p1a: Slowbro
|-supereffective|p1a: Slowbro
|-damage|p1a: Slowbro|0 fnt
|faint|p1a: Slowbro
|
|-heal|p2a: Tapu Koko|100/100|[from] move: Wish|[wisher] Umbreon
|upkeep
|
|t:|1663468959
|switch|p1a: Zeraora|Zeraora|20/100
|-damage|p1a: Zeraora|8/100|[from] Stealth Rock
|turn|31
|
|t:|1663468963
|switch|p2a: Landorus|Landorus-Therian, M|62/100
|-damage|p2a: Landorus|49/100|[from] Stealth Rock
|-ability|p2a: Landorus|Intimidate|boost
|-unboost|p1a: Zeraora|atk|1
|move|p1a: Zeraora|Knock Off|p2a: Landorus
|-damage|p2a: Landorus|20/100
|-enditem|p2a: Landorus|Leftovers|[from] move: Knock Off|[of] p1a: Zeraora
|
|upkeep
|turn|32
|
|t:|1663468968
|move|p1a: Zeraora|Knock Off|p2a: Landorus
|-damage|p2a: Landorus|1/100
|move|p2a: Landorus|U-turn|p1a: Zeraora
|-damage|p1a: Zeraora|0 fnt
|faint|p1a: Zeraora
|
|t:|1663468970
|switch|p2a: Tapu Koko|Tapu Koko|100/100|[from]move: U-turn
|
|upkeep
|
|t:|1663468972
|switch|p1a: Clefable|Clefable, F|94/100
|turn|33
|
|t:|1663468975
|move|p2a: Tapu Koko|Calm Mind|p2a: Tapu Koko
|-boost|p2a: Tapu Koko|spa|1
|-boost|p2a: Tapu Koko|spd|1
|move|p1a: Clefable|Moonblast|p2a: Tapu Koko
|-damage|p2a: Tapu Koko|70/100
|
|-heal|p1a: Clefable|99/100|[from] item: Leftovers
|upkeep
|turn|34
|
|t:|1663468977
|move|p2a: Tapu Koko|Thunderbolt|p1a: Clefable
|-damage|p1a: Clefable|50/100
|move|p1a: Clefable|Moonblast|p2a: Tapu Koko
|-damage|p2a: Tapu Koko|40/100
|
|-heal|p1a: Clefable|56/100|[from] item: Leftovers
|-fieldend|move: Electric Terrain
|upkeep
|turn|35
|
|t:|1663468981
|move|p2a: Tapu Koko|Calm Mind|p2a: Tapu Koko
|-boost|p2a: Tapu Koko|spa|1
|-boost|p2a: Tapu Koko|spd|1
|move|p1a: Clefable|Moonblast|p2a: Tapu Koko
|-crit|p2a: Tapu Koko
|-damage|p2a: Tapu Koko|0 fnt
|faint|p2a: Tapu Koko
|
|-heal|p1a: Clefable|62/100|[from] item: Leftovers
|upkeep
|
|t:|1663468984
|switch|p2a: Kartana|Kartana|88/100
|-damage|p2a: Kartana|82/100|[from] Stealth Rock
|turn|36
|l|@Mimikyu Stardust
|
|t:|1663469001
|move|p2a: Kartana|Smart Strike|p1a: Clefable
|-supereffective|p1a: Clefable
|-damage|p1a: Clefable|0 fnt
|faint|p1a: Clefable
|-ability|p2a: Kartana|Beast Boost|boost
|-boost|p2a: Kartana|atk|1
|
|upkeep
|
|t:|1663469002
|switch|p1a: Kartana|Kartana|27/100
|-damage|p1a: Kartana|21/100|[from] Stealth Rock
|turn|37
|
|t:|1663469013
|switch|p2a: Landorus|Landorus-Therian, M|1/100
|-damage|p2a: Landorus|0 fnt|[from] Stealth Rock
|faint|p2a: Landorus
|move|p1a: Kartana|Sacred Sword|p2: Landorus|[notarget]
|-fail|p1a: Kartana
|
|upkeep
|
|t:|1663469016
|switch|p2a: Heatran|Heatran, F|94/100
|turn|38
|
|t:|1663469019
|move|p1a: Kartana|Sacred Sword|p2a: Heatran
|-supereffective|p2a: Heatran
|-damage|p2a: Heatran|14/100
|move|p2a: Heatran|Lava Plume|p1a: Kartana
|-supereffective|p1a: Kartana
|-damage|p1a: Kartana|0 fnt
|faint|p1a: Kartana
|
|win|atium vial
|n|☆kazt 5|kazt5
|n|☆atium vial|atiumvial
|n| quixana|quixana
|n| SubjectGegS|subjectgegs
|n| X-Wing Fighter|xwingfighter
|c|☆atium vial|gg
|c|☆kazt 5|gg
|l| SubjectGegS
