|j|☆soulgazer
|j|☆2222mm
|player|p1|soulgazer|#soulgazer|1605
|player|p2|2222mm|wallace|1510
|teamsize|p1|6
|teamsize|p2|6
|gametype|singles
|gen|8
|tier|[Gen 8] OU
|rated|
|clearpoke
|poke|p1|Clefable, M|
|poke|p1|Jirachi|
|poke|p1|Rotom-Heat|
|poke|p1|Bisharp, M|
|poke|p1|Primarina, M|
|poke|p1|Kommo-o, M|
|poke|p2|Pelipper, M|
|poke|p2|Dracovish|
|poke|p2|Mantine, M|
|poke|p2|Seismitoad, M|
|poke|p2|Ferrothorn, F|
|poke|p2|Jirachi|
|rule|Sleep Clause Mod: Limit one foe put to sleep
|rule|Species Clause: Limit one of each Pokémon
|rule|OHKO Clause: OHKO moves are banned
|rule|Evasion Moves Clause: Evasion moves are banned
|rule|Endless Battle Clause: Forcing endless battles is banned
|rule|HP Percentage Mod: HP is shown in percentages
|rule|Dynamax Clause: You cannot dynamax
|teampreview
|inactive|Battle timer is ON: inactive players will automatically lose when time's up. (requested by 2222mm)
|
|start
|switch|p1a: Starman|Jirachi, shiny|100/100
|switch|p2a: Pelipper|Pelipper, M|100/100
|-weather|RainDance|[from] ability: Drizzle|[of] p2a: Pelipper
|turn|1
|
|switch|p2a: Ferrothorn|Ferrothorn, F, shiny|100/100
|move|p1a: Starman|Trick|p2a: Ferrothorn
|-activate|p1a: Starman|move: Trick|[of] p2a: Ferrothorn
|-item|p2a: Ferrothorn|Choice Scarf|[from] move: Trick
|-item|p1a: Starman|Rocky Helmet|[from] move: Trick
|
|-weather|RainDance|[upkeep]
|upkeep
|turn|2
|
|move|p1a: Starman|U-turn|p2a: Ferrothorn
|-damage|p2a: Ferrothorn|88/100
|-damage|p1a: Starman|88/100|[from] ability: Iron Barbs|[of] p2a: Ferrothorn
|
|switch|p1a: Life on Mars?|Clefable, M|100/100|[from]move: U-turn
|move|p2a: Ferrothorn|Stealth Rock|p1a: Life on Mars?
|-sidestart|p1: soulgazer|move: Stealth Rock
|
|-weather|RainDance|[upkeep]
|upkeep
|turn|3
|
|switch|p2a: Jirachi|Jirachi, shiny|100/100
|move|p1a: Life on Mars?|Calm Mind|p1a: Life on Mars?
|-boost|p1a: Life on Mars?|spa|1
|-boost|p1a: Life on Mars?|spd|1
|
|-weather|RainDance|[upkeep]
|upkeep
|turn|4
|
|move|p2a: Jirachi|Trick|p1a: Life on Mars?
|-activate|p2a: Jirachi|move: Trick|[of] p1a: Life on Mars?
|-item|p1a: Life on Mars?|Choice Scarf|[from] move: Trick
|-item|p2a: Jirachi|Life Orb|[from] move: Trick
|move|p1a: Life on Mars?|Flamethrower|p2a: Jirachi
|-supereffective|p2a: Jirachi
|-damage|p2a: Jirachi|71/100
|
|-weather|RainDance|[upkeep]
|upkeep
|turn|5
|
|switch|p2a: Dracovish|Dracovish, shiny|100/100
|switch|p1a: Lady Stardust|Primarina, M, shiny|100/100
|-damage|p1a: Lady Stardust|88/100|[from] Stealth Rock
|
|-weather|RainDance|[upkeep]
|-heal|p1a: Lady Stardust|94/100|[from] item: Leftovers
|upkeep
|turn|6
|
|switch|p2a: Ferrothorn|Ferrothorn, F, shiny|88/100
|move|p1a: Lady Stardust|Moonblast|p2a: Ferrothorn
|-resisted|p2a: Ferrothorn
|-damage|p2a: Ferrothorn|72/100
|
|-weather|RainDance|[upkeep]
|-heal|p1a: Lady Stardust|99/100|[from] item: Leftovers
|upkeep
|turn|7
|
|move|p1a: Lady Stardust|Scald|p2a: Ferrothorn
|-resisted|p2a: Ferrothorn
|-damage|p2a: Ferrothorn|52/100
|move|p2a: Ferrothorn|Knock Off|p1a: Lady Stardust
|-resisted|p1a: Lady Stardust
|-damage|p1a: Lady Stardust|91/100
|-enditem|p1a: Lady Stardust|Leftovers|[from] move: Knock Off|[of] p2a: Ferrothorn
|
|-weather|RainDance|[upkeep]
|upkeep
|turn|8
|
|switch|p2a: Mantine|Mantine, M|100/100
|move|p1a: Lady Stardust|Scald|p2a: Mantine
|-resisted|p2a: Mantine
|-damage|p2a: Mantine|79/100
|
|-weather|none
|upkeep
|turn|9
|
|move|p2a: Mantine|Toxic|p1a: Lady Stardust
|-status|p1a: Lady Stardust|tox
|move|p1a: Lady Stardust|Moonblast|p2a: Mantine
|-damage|p2a: Mantine|45/100
|
|-damage|p1a: Lady Stardust|85/100 tox|[from] psn
|upkeep
|turn|10
|
|switch|p2a: Pelipper|Pelipper, M|100/100
|-weather|RainDance|[from] ability: Drizzle|[of] p2a: Pelipper
|move|p1a: Lady Stardust|Rest|p1a: Lady Stardust
|-status|p1a: Lady Stardust|slp|[from] move: Rest
|-heal|p1a: Lady Stardust|100/100 slp|[silent]
|
|-weather|RainDance|[upkeep]
|upkeep
|turn|11
|
|cant|p1a: Lady Stardust|slp
|move|p1a: Lady Stardust|Sleep Talk|p1a: Lady Stardust
|move|p1a: Lady Stardust|Scald|p2a: Pelipper|[from]Sleep Talk
|-resisted|p2a: Pelipper
|-damage|p2a: Pelipper|73/100
|move|p2a: Pelipper|U-turn|p1a: Lady Stardust
|-resisted|p1a: Lady Stardust
|-damage|p1a: Lady Stardust|97/100 slp
|
|switch|p2a: Seismitoad|Seismitoad, M|100/100|[from]move: U-turn
|
|-weather|RainDance|[upkeep]
|upkeep
|turn|12
|
|move|p2a: Seismitoad|Power Whip|p1a: Lady Stardust|[miss]
|-miss|p2a: Seismitoad|p1a: Lady Stardust
|cant|p1a: Lady Stardust|slp
|move|p1a: Lady Stardust|Sleep Talk|p1a: Lady Stardust
|move|p1a: Lady Stardust|Rest|p1a: Lady Stardust|[from]Sleep Talk
|-fail|p1a: Lady Stardust
|
|-weather|RainDance|[upkeep]
|upkeep
|turn|13
|
|switch|p1a: Life on Mars?|Clefable, M|100/100
|move|p2a: Seismitoad|Power Whip|p1a: Life on Mars?|[miss]
|-miss|p2a: Seismitoad|p1a: Life on Mars?
|
|-weather|RainDance|[upkeep]
|upkeep
|turn|14
|
|move|p2a: Seismitoad|Liquidation|p1a: Life on Mars?
|-damage|p1a: Life on Mars?|45/100
|-unboost|p1a: Life on Mars?|def|1
|-damage|p2a: Seismitoad|91/100|[from] item: Life Orb
|move|p1a: Life on Mars?|Moonblast|p2a: Seismitoad
|-damage|p2a: Seismitoad|52/100
|-unboost|p2a: Seismitoad|spa|1
|
|-weather|RainDance|[upkeep]
|upkeep
|turn|15
|
|move|p2a: Seismitoad|Liquidation|p1a: Life on Mars?
|-damage|p1a: Life on Mars?|0 fnt
|-damage|p2a: Seismitoad|42/100|[from] item: Life Orb
|faint|p1a: Life on Mars?
|
|-weather|RainDance|[upkeep]
|upkeep
|
|switch|p1a: Golden Years|Kommo-o, M, shiny|100/100
|-damage|p1a: Golden Years|94/100|[from] Stealth Rock
|turn|16
|
|move|p2a: Seismitoad|Earthquake|p1a: Golden Years
|-damage|p1a: Golden Years|58/100
|-damage|p2a: Seismitoad|32/100|[from] item: Life Orb
|move|p1a: Golden Years|Stealth Rock|p2a: Seismitoad
|-sidestart|p2: 2222mm|move: Stealth Rock
|
|-weather|RainDance|[upkeep]
|-heal|p1a: Golden Years|64/100|[from] item: Leftovers
|upkeep
|turn|17
|
|move|p2a: Seismitoad|Earthquake|p1a: Golden Years
|-damage|p1a: Golden Years|22/100
|-damage|p2a: Seismitoad|22/100|[from] item: Life Orb
|move|p1a: Golden Years|Body Press|p2a: Seismitoad
|-damage|p2a: Seismitoad|0 fnt
|faint|p2a: Seismitoad
|
|-weather|none
|-heal|p1a: Golden Years|28/100|[from] item: Leftovers
|upkeep
|
|switch|p2a: Jirachi|Jirachi, shiny|71/100
|-damage|p2a: Jirachi|65/100|[from] Stealth Rock
|turn|18
|
|switch|p1a: Starman|Jirachi, shiny|88/100
|-damage|p1a: Starman|82/100|[from] Stealth Rock
|move|p2a: Jirachi|U-turn|p1a: Starman
|-damage|p1a: Starman|54/100
|-damage|p2a: Jirachi|49/100|[from] item: Rocky Helmet|[of] p1a: Starman
|-damage|p2a: Jirachi|39/100|[from] item: Life Orb
|
|switch|p2a: Pelipper|Pelipper, M|73/100|[from]move: U-turn
|-damage|p2a: Pelipper|48/100|[from] Stealth Rock
|-weather|RainDance|[from] ability: Drizzle|[of] p2a: Pelipper
|
|-weather|RainDance|[upkeep]
|upkeep
|turn|19
|
|move|p1a: Starman|Healing Wish|p1a: Starman
|faint|p1a: Starman
|move|p2a: Pelipper|Roost|p2a: Pelipper
|-heal|p2a: Pelipper|99/100
|-singleturn|p2a: Pelipper|move: Roost
|
|-weather|RainDance|[upkeep]
|upkeep
|
|switch|p1a: Space Oddity|Rotom-Heat, shiny|100/100
|turn|20
|
|switch|p2a: Ferrothorn|Ferrothorn, F, shiny|52/100
|-damage|p2a: Ferrothorn|45/100|[from] Stealth Rock
|move|p1a: Space Oddity|Discharge|p2a: Ferrothorn
|-resisted|p2a: Ferrothorn
|-damage|p2a: Ferrothorn|33/100
|
|-weather|RainDance|[upkeep]
|upkeep
|turn|21
|
|move|p1a: Space Oddity|Overheat|p2a: Ferrothorn
|-supereffective|p2a: Ferrothorn
|-damage|p2a: Ferrothorn|0 fnt
|-unboost|p1a: Space Oddity|spa|2
|faint|p2a: Ferrothorn
|
|-weather|RainDance|[upkeep]
|upkeep
|
|switch|p2a: Dracovish|Dracovish, shiny|100/100
|-damage|p2a: Dracovish|88/100|[from] Stealth Rock
|turn|22
|
|switch|p1a: Golden Years|Kommo-o, M, shiny|28/100
|-heal|p1a: Golden Years|100/100|[from] move: Healing Wish
|-damage|p1a: Golden Years|94/100|[from] Stealth Rock
|move|p2a: Dracovish|Fishious Rend|p1a: Golden Years
|-resisted|p1a: Golden Years
|-damage|p1a: Golden Years|43/100
|
|-weather|RainDance|[upkeep]
|-heal|p1a: Golden Years|49/100|[from] item: Leftovers
|upkeep
|turn|23
|c|☆soulgazer|atleast im stalling rain a bit more
|inactive|soulgazer has 120 seconds left.
|
|move|p2a: Dracovish|Fishious Rend|p1a: Golden Years
|-resisted|p1a: Golden Years
|-damage|p1a: Golden Years|0 fnt
|faint|p1a: Golden Years
|
|-weather|RainDance|[upkeep]
|upkeep
|
|switch|p1a: Lady Stardust|Primarina, M, shiny|97/100 slp
|-damage|p1a: Lady Stardust|85/100 slp|[from] Stealth Rock
|turn|24
|
|move|p2a: Dracovish|Fishious Rend|p1a: Lady Stardust
|-resisted|p1a: Lady Stardust
|-damage|p1a: Lady Stardust|10/100 slp
|-curestatus|p1a: Lady Stardust|slp|[msg]
|move|p1a: Lady Stardust|Moonblast|p2a: Dracovish
|-supereffective|p2a: Dracovish
|-damage|p2a: Dracovish|0 fnt
|faint|p2a: Dracovish
|
|-weather|RainDance|[upkeep]
|upkeep
|inactive|2222mm has 120 seconds left.
|
|switch|p2a: Jirachi|Jirachi, shiny|39/100
|-damage|p2a: Jirachi|32/100|[from] Stealth Rock
|turn|25
|
|move|p2a: Jirachi|Iron Head|p1a: Lady Stardust
|-damage|p1a: Lady Stardust|0 fnt
|-damage|p2a: Jirachi|22/100|[from] item: Life Orb
|faint|p1a: Lady Stardust
|
|-weather|none
|upkeep
|
|switch|p1a: Space Oddity|Rotom-Heat, shiny|100/100
|turn|26
|inactive|2222mm has 120 seconds left.
|
|switch|p2a: Pelipper|Pelipper, M|99/100
|-damage|p2a: Pelipper|74/100|[from] Stealth Rock
|-weather|RainDance|[from] ability: Drizzle|[of] p2a: Pelipper
|move|p1a: Space Oddity|Discharge|p2a: Pelipper
|-supereffective|p2a: Pelipper
|-damage|p2a: Pelipper|0 fnt
|faint|p2a: Pelipper
|
|-weather|RainDance|[upkeep]
|upkeep
|
|switch|p2a: Jirachi|Jirachi, shiny|22/100
|-damage|p2a: Jirachi|16/100|[from] Stealth Rock
|turn|27
|
|move|p2a: Jirachi|Healing Wish|p2a: Jirachi
|faint|p2a: Jirachi
|move|p1a: Space Oddity|Discharge|p2: Jirachi|[notarget]
|-fail|p1a: Space Oddity
|
|-weather|RainDance|[upkeep]
|upkeep
|
|switch|p2a: Mantine|Mantine, M|45/100
|-heal|p2a: Mantine|100/100|[from] move: Healing Wish
|-damage|p2a: Mantine|76/100|[from] Stealth Rock
|turn|28
|
|move|p2a: Mantine|Surf|p1a: Space Oddity
|-supereffective|p1a: Space Oddity
|-damage|p1a: Space Oddity|0 fnt
|faint|p1a: Space Oddity
|
|-weather|RainDance|[upkeep]
|upkeep
|
|switch|p1a: Let's Dance|Bisharp, M, shiny|100/100
|-damage|p1a: Let's Dance|94/100|[from] Stealth Rock
|turn|29
|
|move|p1a: Let's Dance|Sucker Punch|p2a: Mantine
|-damage|p2a: Mantine|6/100
|move|p2a: Mantine|Surf|p1a: Let's Dance
|-damage|p1a: Let's Dance|0 fnt
|faint|p1a: Let's Dance
|
|win|2222mm
|raw|soulgazer's rating: 1605 &rarr; <strong>1580</strong><br />(-25 for losing)
|raw|2222mm's rating: 1506 &rarr; <strong>1532</strong><br />(+26 for winning)
|c|☆soulgazer|gg
|c|☆2222mm|gg
