|j|☆Kaleor
|j|☆amessofitall
|t:|1649947890
|gametype|singles
|player|p1|Kaleor|swimmer-gen4dp|1563
|player|p2|amessofitall|red-gen1|1559
|teamsize|p1|6
|teamsize|p2|6
|gen|8
|tier|[Gen 8] OU
|rated|
|rule|Sleep Clause Mod: Limit one foe put to sleep
|rule|Species Clause: Limit one of each Pokémon
|rule|OHKO Clause: OHKO moves are banned
|rule|Evasion Moves Clause: Evasion moves are banned
|rule|Endless Battle Clause: Forcing endless battles is banned
|rule|HP Percentage Mod: HP is shown in percentages
|rule|Dynamax Clause: You cannot dynamax
|clearpoke
|poke|p1|Volcanion|
|poke|p1|Tapu Lele|
|poke|p1|Landorus-Therian, M|
|poke|p1|Tyranitar, F|
|poke|p1|Dragapult, M|
|poke|p1|Ferrothorn, M|
|poke|p2|Tyranitar, M|
|poke|p2|Garchomp, M|
|poke|p2|Blacephalon|
|poke|p2|Slowbro, M|
|poke|p2|Landorus-Therian, M|
|poke|p2|Zapdos|
|teampreview
|inactive|Battle timer is ON: inactive players will automatically lose when time's up. (requested by Kaleor)
|
|t:|1649947901
|start
|switch|p1a: Landorus|Landorus-Therian, M|100/100
|switch|p2a: Zapdos|Zapdos, shiny|100/100
|-ability|p1a: Landorus|Intimidate|boost
|-unboost|p2a: Zapdos|atk|1
|turn|1
|
|t:|1649947904
|move|p2a: Zapdos|Substitute|p2a: Zapdos
|-start|p2a: Zapdos|Substitute
|-damage|p2a: Zapdos|76/100
|move|p1a: Landorus|Toxic||[still]
|-fail|p1a: Landorus
|
|upkeep
|turn|2
|
|t:|1649947907
|move|p2a: Zapdos|Heat Wave|p1a: Landorus
|-damage|p1a: Landorus|75/100
|move|p1a: Landorus|U-turn|p2a: Zapdos
|-resisted|p2a: Zapdos
|-activate|p2a: Zapdos|move: Substitute|[damage]
|
|t:|1649947911
|switch|p1a: Tyranitar|Tyranitar, F|100/100|[from]move: U-turn
|-weather|Sandstorm|[from] ability: Sand Stream|[of] p1a: Tyranitar
|
|-weather|Sandstorm|[upkeep]
|-damage|p2a: Zapdos|69/100|[from] Sandstorm
|upkeep
|turn|3
|
|t:|1649947921
|move|p2a: Zapdos|Thunderbolt|p1a: Tyranitar
|-damage|p1a: Tyranitar|70/100
|move|p1a: Tyranitar|Rock Blast|p2a: Zapdos
|-supereffective|p2a: Zapdos
|-end|p2a: Zapdos|Substitute
|-supereffective|p2a: Zapdos
|-damage|p2a: Zapdos|11/100
|-hitcount|p2a: Zapdos|2
|
|-weather|Sandstorm|[upkeep]
|-damage|p2a: Zapdos|5/100|[from] Sandstorm
|upkeep
|turn|4
|j| ppev
|
|t:|1649947933
|switch|p2a: Landorus|Landorus-Therian, M, shiny|100/100
|-ability|p2a: Landorus|Intimidate|boost
|-unboost|p1a: Tyranitar|atk|1
|switch|p1a: Ferrothorn|Ferrothorn, M|100/100
|
|-weather|Sandstorm|[upkeep]
|upkeep
|turn|5
|
|t:|1649947939
|move|p2a: Landorus|Knock Off|p1a: Ferrothorn
|-damage|p1a: Ferrothorn|82/100
|-damage|p2a: Landorus|88/100|[from] ability: Iron Barbs|[of] p1a: Ferrothorn
|-enditem|p1a: Ferrothorn|Leftovers|[from] move: Knock Off|[of] p2a: Landorus
|move|p1a: Ferrothorn|Spikes|p2a: Landorus
|-sidestart|p2: amessofitall|Spikes
|
|-weather|Sandstorm|[upkeep]
|-heal|p2a: Landorus|94/100|[from] item: Leftovers
|upkeep
|turn|6
|
|t:|1649947946
|move|p2a: Landorus|Defog|p1a: Ferrothorn
|-unboost|p1a: Ferrothorn|evasion|1
|-sideend|p2: amessofitall|Spikes|[from] move: Defog|[of] p2a: Landorus
|move|p1a: Ferrothorn|Leech Seed|p2a: Landorus
|-start|p2a: Landorus|move: Leech Seed
|
|-weather|none
|-heal|p2a: Landorus|99/100|[from] item: Leftovers
|-damage|p2a: Landorus|88/100|[from] Leech Seed|[of] p1a: Ferrothorn
|-heal|p1a: Ferrothorn|95/100|[silent]
|upkeep
|turn|7
|j| fasdgh
|l| fasdgh
|
|t:|1649947950
|move|p2a: Landorus|U-turn|p1a: Ferrothorn
|-damage|p1a: Ferrothorn|83/100
|-damage|p2a: Landorus|76/100|[from] ability: Iron Barbs|[of] p1a: Ferrothorn
|
|t:|1649947953
|switch|p2a: Garchomp|Garchomp, M|100/100|[from]move: U-turn
|move|p1a: Ferrothorn|Spikes|p2a: Garchomp
|-sidestart|p2: amessofitall|Spikes
|
|upkeep
|turn|8
|
|t:|1649947958
|switch|p1a: Landorus|Landorus-Therian, M|75/100
|-ability|p1a: Landorus|Intimidate|boost
|-unboost|p2a: Garchomp|atk|1
|move|p2a: Garchomp|Swords Dance|p2a: Garchomp
|-boost|p2a: Garchomp|atk|2
|
|-heal|p1a: Landorus|81/100|[from] item: Leftovers
|upkeep
|turn|9
|
|t:|1649947963
|switch|p2a: Landorus|Landorus-Therian, M, shiny|76/100
|-ability|p2a: Landorus|Intimidate|boost
|-unboost|p1a: Landorus|atk|1
|move|p1a: Landorus|Earthquake|p2a: Landorus
|-immune|p2a: Landorus
|
|-heal|p1a: Landorus|87/100|[from] item: Leftovers
|-heal|p2a: Landorus|82/100|[from] item: Leftovers
|upkeep
|turn|10
|
|t:|1649947966
|move|p1a: Landorus|Toxic|p2a: Landorus
|-status|p2a: Landorus|tox
|move|p2a: Landorus|Knock Off|p1a: Landorus
|-damage|p1a: Landorus|59/100
|-enditem|p1a: Landorus|Leftovers|[from] move: Knock Off|[of] p2a: Landorus
|
|-heal|p2a: Landorus|88/100 tox|[from] item: Leftovers
|-damage|p2a: Landorus|82/100 tox|[from] psn
|upkeep
|turn|11
|
|t:|1649947970
|move|p1a: Landorus|U-turn|p2a: Landorus
|-resisted|p2a: Landorus
|-damage|p2a: Landorus|74/100 tox
|
|t:|1649947972
|switch|p1a: Ferrothorn|Ferrothorn, M|83/100|[from]move: U-turn
|move|p2a: Landorus|Defog|p1a: Ferrothorn
|-unboost|p1a: Ferrothorn|evasion|1
|-sideend|p2: amessofitall|Spikes|[from] move: Defog|[of] p2a: Landorus
|
|-heal|p2a: Landorus|80/100 tox|[from] item: Leftovers
|-damage|p2a: Landorus|68/100 tox|[from] psn
|upkeep
|turn|12
|
|t:|1649947997
|switch|p2a: Slowbro|Slowbro, M, shiny|100/100
|move|p1a: Ferrothorn|Leech Seed|p2a: Slowbro
|-start|p2a: Slowbro|move: Leech Seed
|
|-damage|p2a: Slowbro|88/100|[from] Leech Seed|[of] p1a: Ferrothorn
|-heal|p1a: Ferrothorn|97/100|[silent]
|upkeep
|turn|13
|inactive|amessofitall has 120 seconds left.
|j| TJLD
|inactive|amessofitall has 90 seconds left.
|inactive|amessofitall has 60 seconds left.
|
|t:|1649948086
|move|p1a: Ferrothorn|Spikes|p2a: Slowbro
|-sidestart|p2: amessofitall|Spikes
|move|p2a: Slowbro|Teleport|p2a: Slowbro
|
|t:|1649948091
|switch|p2a: Tyranitar|Tyranitar, M, shiny|100/100|[from]move: Teleport
|-damage|p2a: Tyranitar|88/100|[from] Spikes
|-weather|Sandstorm|[from] ability: Sand Stream|[of] p2a: Tyranitar
|
|-weather|Sandstorm|[upkeep]
|upkeep
|turn|14
|
|t:|1649948097
|move|p2a: Tyranitar|Fire Punch|p1a: Ferrothorn
|-supereffective|p1a: Ferrothorn
|-damage|p1a: Ferrothorn|0 fnt
|-damage|p2a: Tyranitar|76/100|[from] ability: Iron Barbs|[of] p1a: Ferrothorn
|faint|p1a: Ferrothorn
|
|-weather|Sandstorm|[upkeep]
|upkeep
|
|t:|1649948101
|switch|p1a: Volcanion|Volcanion|100/100
|turn|15
|
|t:|1649948105
|switch|p2a: Zapdos|Zapdos, shiny|5/100
|move|p1a: Volcanion|Steam Eruption|p2a: Zapdos
|-damage|p2a: Zapdos|0 fnt
|faint|p2a: Zapdos
|
|-weather|Sandstorm|[upkeep]
|-damage|p1a: Volcanion|95/100|[from] Sandstorm
|upkeep
|
|t:|1649948121
|switch|p2a: Garchomp|Garchomp, M|100/100
|-damage|p2a: Garchomp|88/100|[from] Spikes
|turn|16
|
|t:|1649948126
|switch|p1a: Landorus|Landorus-Therian, M|59/100
|-ability|p1a: Landorus|Intimidate|boost
|-unboost|p2a: Garchomp|atk|1
|move|p2a: Garchomp|Earthquake|p1a: Landorus
|-immune|p1a: Landorus
|
|-weather|Sandstorm|[upkeep]
|-heal|p2a: Garchomp|94/100|[from] item: Leftovers
|upkeep
|turn|17
|
|t:|1649948132
|switch|p2a: Slowbro|Slowbro, M, shiny|100/100
|-damage|p2a: Slowbro|88/100|[from] Spikes
|move|p1a: Landorus|Earthquake|p2a: Slowbro
|-damage|p2a: Slowbro|59/100
|
|-weather|none
|upkeep
|turn|18
|
|t:|1649948138
|switch|p2a: Landorus|Landorus-Therian, M, shiny|68/100 tox
|-ability|p2a: Landorus|Intimidate|boost
|-unboost|p1a: Landorus|atk|1
|move|p1a: Landorus|U-turn|p2a: Landorus
|-resisted|p2a: Landorus
|-damage|p2a: Landorus|61/100 tox
|
|t:|1649948141
|switch|p1a: Tapu Lele|Tapu Lele|100/100|[from]move: U-turn
|-fieldstart|move: Psychic Terrain|[from] ability: Psychic Surge|[of] p1a: Tapu Lele
|
|-heal|p2a: Landorus|67/100 tox|[from] item: Leftovers
|-damage|p2a: Landorus|61/100 tox|[from] psn
|upkeep
|turn|19
|
|t:|1649948152
|move|p1a: Tapu Lele|Moonblast|p2a: Landorus
|-damage|p2a: Landorus|20/100 tox
|-unboost|p2a: Landorus|spa|1
|move|p2a: Landorus|Knock Off|p1a: Tapu Lele
|-damage|p1a: Tapu Lele|50/100
|-enditem|p1a: Tapu Lele|Choice Scarf|[from] move: Knock Off|[of] p2a: Landorus
|
|-heal|p2a: Landorus|26/100 tox|[from] item: Leftovers
|-damage|p2a: Landorus|14/100 tox|[from] psn
|upkeep
|turn|20
|
|t:|1649948165
|move|p1a: Tapu Lele|Moonblast|p2a: Landorus
|-damage|p2a: Landorus|0 fnt
|faint|p2a: Landorus
|
|upkeep
|
|t:|1649948176
|switch|p2a: Blacephalon|Blacephalon|100/100
|-damage|p2a: Blacephalon|88/100|[from] Spikes
|turn|21
|
|t:|1649948180
|switch|p1a: Tyranitar|Tyranitar, F|70/100
|-weather|Sandstorm|[from] ability: Sand Stream|[of] p1a: Tyranitar
|move|p2a: Blacephalon|Shadow Ball|p1a: Tyranitar
|-resisted|p1a: Tyranitar
|-crit|p1a: Tyranitar
|-damage|p1a: Tyranitar|47/100
|
|-weather|Sandstorm|[upkeep]
|-damage|p2a: Blacephalon|82/100|[from] Sandstorm
|upkeep
|turn|22
|inactive|Kaleor has 120 seconds left.
|
|t:|1649948212
|switch|p2a: Slowbro|Slowbro, M, shiny|92/100
|-damage|p2a: Slowbro|80/100|[from] Spikes
|move|p1a: Tyranitar|Rock Blast|p2a: Slowbro
|-damage|p2a: Slowbro|68/100
|-damage|p2a: Slowbro|55/100
|-damage|p2a: Slowbro|43/100
|-damage|p2a: Slowbro|28/100
|-hitcount|p2a: Slowbro|4
|
|-weather|Sandstorm|[upkeep]
|-damage|p2a: Slowbro|22/100|[from] Sandstorm
|-fieldend|move: Psychic Terrain
|upkeep
|turn|23
|inactive|amessofitall has 120 seconds left.
|
|t:|1649948223
|switch|p2a: Garchomp|Garchomp, M|94/100
|-damage|p2a: Garchomp|82/100|[from] Spikes
|move|p1a: Tyranitar|Rock Blast|p2a: Garchomp
|-resisted|p2a: Garchomp
|-damage|p2a: Garchomp|71/100
|-resisted|p2a: Garchomp
|-damage|p2a: Garchomp|61/100
|-hitcount|p2a: Garchomp|2
|
|-weather|Sandstorm|[upkeep]
|-heal|p2a: Garchomp|67/100|[from] item: Leftovers
|upkeep
|turn|24
|
|t:|1649948229
|switch|p1a: Landorus|Landorus-Therian, M|59/100
|-ability|p1a: Landorus|Intimidate|boost
|-unboost|p2a: Garchomp|atk|1
|move|p2a: Garchomp|Swords Dance|p2a: Garchomp
|-boost|p2a: Garchomp|atk|2
|
|-weather|Sandstorm|[upkeep]
|-heal|p2a: Garchomp|73/100|[from] item: Leftovers
|upkeep
|turn|25
|
|t:|1649948236
|move|p2a: Garchomp|Scale Shot|p1a: Landorus
|-damage|p1a: Landorus|41/100
|-damage|p1a: Landorus|22/100
|-damage|p1a: Landorus|4/100
|-hitcount|p1a: Landorus|3
|-unboost|p2a: Garchomp|def|1
|-boost|p2a: Garchomp|spe|1
|move|p1a: Landorus|Earthquake|p2a: Garchomp
|-damage|p2a: Garchomp|4/100
|
|-weather|none
|-heal|p2a: Garchomp|10/100|[from] item: Leftovers
|upkeep
|turn|26
|
|t:|1649948243
|move|p2a: Garchomp|Scale Shot|p1a: Landorus
|-damage|p1a: Landorus|0 fnt
|faint|p1a: Landorus
|-hitcount|p1: Landorus|1
|-unboost|p2a: Garchomp|def|1
|-boost|p2a: Garchomp|spe|1
|
|-heal|p2a: Garchomp|16/100|[from] item: Leftovers
|upkeep
|
|t:|1649948247
|switch|p1a: Dragapult|Dragapult, M|100/100
|turn|27
|inactive|amessofitall has 120 seconds left.
|
|t:|1649948306
|move|p1a: Dragapult|Sucker Punch|p2a: Garchomp
|-damage|p2a: Garchomp|0 fnt
|-damage|p1a: Dragapult|88/100|[from] ability: Rough Skin|[of] p2a: Garchomp
|faint|p2a: Garchomp
|
|upkeep
|inactive|amessofitall has 90 seconds left.
|
|t:|1649948317
|switch|p2a: Tyranitar|Tyranitar, M, shiny|76/100
|-damage|p2a: Tyranitar|64/100|[from] Spikes
|-weather|Sandstorm|[from] ability: Sand Stream|[of] p2a: Tyranitar
|turn|28
|c| ppev|wow u should have sd again
|
|t:|1649948324
|switch|p1a: Tyranitar|Tyranitar, F|47/100
|move|p2a: Tyranitar|Crunch|p1a: Tyranitar
|-resisted|p1a: Tyranitar
|-damage|p1a: Tyranitar|19/100
|
|-weather|Sandstorm|[upkeep]
|upkeep
|turn|29
|c| ppev|now u lose
|
|t:|1649948330
|move|p2a: Tyranitar|Crunch|p1a: Tyranitar
|-resisted|p1a: Tyranitar
|-damage|p1a: Tyranitar|0 fnt
|faint|p1a: Tyranitar
|
|-weather|Sandstorm|[upkeep]
|upkeep
|
|t:|1649948341
|switch|p1a: Volcanion|Volcanion|95/100
|turn|30
|
|t:|1649948358
|switch|p2a: Slowbro|Slowbro, M, shiny|56/100
|-damage|p2a: Slowbro|43/100|[from] Spikes
|move|p1a: Volcanion|Steam Eruption|p2a: Slowbro
|-resisted|p2a: Slowbro
|-damage|p2a: Slowbro|0 fnt
|faint|p2a: Slowbro
|
|-weather|Sandstorm|[upkeep]
|-damage|p1a: Volcanion|89/100|[from] Sandstorm
|upkeep
|
|t:|1649948369
|switch|p2a: Tyranitar|Tyranitar, M, shiny|64/100
|-damage|p2a: Tyranitar|51/100|[from] Spikes
|turn|31
|
|t:|1649948372
|move|p2a: Tyranitar|Earthquake|p1a: Volcanion
|-supereffective|p1a: Volcanion
|-damage|p1a: Volcanion|0 fnt
|faint|p1a: Volcanion
|
|-weather|Sandstorm|[upkeep]
|upkeep
|
|t:|1649948377
|switch|p1a: Dragapult|Dragapult, M|88/100
|turn|32
|inactive|amessofitall has 120 seconds left.
|
|t:|1649948404
|move|p1a: Dragapult|Dragon Darts|p2a: Tyranitar
|-damage|p2a: Tyranitar|18/100
|-anim|p1a: Dragapult|Dragon Darts|p2a: Tyranitar
|-damage|p2a: Tyranitar|0 fnt
|faint|p2a: Tyranitar
|
|-weather|none
|upkeep
|
|t:|1649948407
|switch|p2a: Blacephalon|Blacephalon|82/100
|-damage|p2a: Blacephalon|70/100|[from] Spikes
|turn|33
|
|t:|1649948412
|move|p2a: Blacephalon|Shadow Ball|p1a: Dragapult
|-supereffective|p1a: Dragapult
|-damage|p1a: Dragapult|0 fnt
|faint|p1a: Dragapult
|-ability|p2a: Blacephalon|Beast Boost|boost
|-boost|p2a: Blacephalon|spa|1
|
|upkeep
|-message|Kaleor forfeited.
|
|win|amessofitall
|raw|Kaleor's rating: 1563 &rarr; <strong>1543</strong><br />(-20 for losing)
|raw|amessofitall's rating: 1559 &rarr; <strong>1579</strong><br />(+20 for winning)
|l|☆Kaleor
|j| fasdgh
|l| fasdgh
||Ladder isn't responding, score probably updated but might not have (Request timeout).
