|j|☆Q114
|j|☆Cerpy
|player|p1|Q114|169|1684
|player|p2|Cerpy|hilda-dueldisk|1745
|teamsize|p1|6
|teamsize|p2|6
|gametype|singles
|gen|8
|tier|[Gen 8] OU
|rated|
|html|<div class="broadcast-blue"><strong>OU is currently suspecting Dracovish! For information on how to participate check out the <a href="https://www.smogon.com/forums/threads/3664521/">suspect thread</a>.</strong></div>
|clearpoke
|poke|p1|Toxapex, M|
|poke|p1|Ferrothorn, M|
|poke|p1|Seismitoad, F|
|poke|p1|Tyranitar, M|
|poke|p1|Clefable, F|
|poke|p1|Corviknight, M|
|poke|p2|Dragapult, M|
|poke|p2|Torkoal, M|
|poke|p2|Venusaur, F|
|poke|p2|Cinderace, F|
|poke|p2|Hatterene, F|
|poke|p2|Rotom-Heat|
|rule|Sleep Clause Mod: Limit one foe put to sleep
|rule|Species Clause: Limit one of each Pokémon
|rule|OHKO Clause: OHKO moves are banned
|rule|Evasion Moves Clause: Evasion moves are banned
|rule|Endless Battle Clause: Forcing endless battles is banned
|rule|HP Percentage Mod: HP is shown in percentages
|rule|Dynamax Clause: You cannot dynamax
|teampreview
|j| Glazou
|
|start
|switch|p1a: Seismitoad|Seismitoad, F|100/100
|switch|p2a: Cinderace|Cinderace, F|100/100
|turn|1
|j| takaaaa
|
|move|p2a: Cinderace|U-turn|p1a: Seismitoad
|-damage|p1a: Seismitoad|85/100
|j| HeavenStar
|
|switch|p2a: Hatterene|Hatterene, F|100/100|[from]move: U-turn
|move|p1a: Seismitoad|Knock Off|p2a: Hatterene
|-damage|p2a: Hatterene|71/100
|-enditem|p2a: Hatterene|Focus Sash|[from] move: Knock Off|[of] p1a: Seismitoad
|
|-heal|p1a: Seismitoad|92/100|[from] item: Leftovers
|upkeep
|turn|2
|
|move|p1a: Seismitoad|Scald|p2a: Hatterene
|-damage|p2a: Hatterene|39/100
|move|p2a: Hatterene|Nuzzle|p1a: Seismitoad
|-immune|p1a: Seismitoad
|
|-heal|p1a: Seismitoad|98/100|[from] item: Leftovers
|upkeep
|turn|3
|
|move|p1a: Seismitoad|Scald|p2a: Hatterene
|-damage|p2a: Hatterene|10/100
|move|p2a: Hatterene|Giga Drain|p1a: Seismitoad
|-supereffective|p1a: Seismitoad
|-damage|p1a: Seismitoad|0 fnt
|-heal|p2a: Hatterene|88/100|[from] drain|[of] p1a: Seismitoad
|faint|p1a: Seismitoad
|
|upkeep
|j| angrrry
|
|switch|p1a: Toxapex|Toxapex, M|100/100
|turn|4
|
|move|p2a: Hatterene|Psychic|p1a: Toxapex
|-supereffective|p1a: Toxapex
|-damage|p1a: Toxapex|15/100
|move|p1a: Toxapex|Poison Jab|p2a: Hatterene
|-supereffective|p2a: Hatterene
|-damage|p2a: Hatterene|38/100
|
|-heal|p1a: Toxapex|21/100|[from] item: Black Sludge
|upkeep
|turn|5
|
|switch|p1a: Ferrothorn|Ferrothorn, M|100/100
|move|p2a: Hatterene|Nuzzle|p1a: Ferrothorn
|-resisted|p1a: Ferrothorn
|-damage|p1a: Ferrothorn|99/100
|-status|p1a: Ferrothorn|par
|-damage|p2a: Hatterene|26/100|[from] ability: Iron Barbs|[of] p1a: Ferrothorn
|
|-heal|p1a: Ferrothorn|100/100 par|[from] item: Leftovers
|upkeep
|turn|6
|
|switch|p1a: Tyranitar|Tyranitar, M|100/100
|-weather|Sandstorm|[from] ability: Sand Stream|[of] p1a: Tyranitar
|move|p2a: Hatterene|Mystical Fire|p1a: Tyranitar
|-resisted|p1a: Tyranitar
|-damage|p1a: Tyranitar|96/100
|-unboost|p1a: Tyranitar|spa|1
|
|-weather|Sandstorm|[upkeep]
|-damage|p2a: Hatterene|20/100|[from] Sandstorm
|upkeep
|turn|7
|
|move|p1a: Tyranitar|Seismic Toss|p2a: Hatterene
|-damage|p2a: Hatterene|0 fnt
|faint|p2a: Hatterene
|
|-weather|Sandstorm|[upkeep]
|upkeep
|
|switch|p2a: Cinderace|Cinderace, F|100/100
|turn|8
|
|switch|p1a: Toxapex|Toxapex, M|54/100
|move|p2a: Cinderace|U-turn|p1a: Toxapex
|-resisted|p1a: Toxapex
|-damage|p1a: Toxapex|47/100
|
|switch|p2a: Rotom|Rotom-Heat|100/100|[from]move: U-turn
|
|-weather|Sandstorm|[upkeep]
|-damage|p2a: Rotom|95/100|[from] Sandstorm
|-damage|p1a: Toxapex|41/100|[from] Sandstorm
|-heal|p1a: Toxapex|47/100|[from] item: Black Sludge
|upkeep
|turn|9
|
|switch|p1a: Tyranitar|Tyranitar, M|96/100
|move|p2a: Rotom|Volt Switch|p1a: Tyranitar
|-damage|p1a: Tyranitar|89/100
|
|switch|p2a: Cinderace|Cinderace, F|100/100|[from]move: Volt Switch
|
|-weather|Sandstorm|[upkeep]
|-damage|p2a: Cinderace|95/100|[from] Sandstorm
|upkeep
|turn|10
|
|switch|p1a: Toxapex|Toxapex, M|80/100
|move|p2a: Cinderace|U-turn|p1a: Toxapex
|-resisted|p1a: Toxapex
|-damage|p1a: Toxapex|73/100
|
|switch|p2a: Rotom|Rotom-Heat|95/100|[from]move: U-turn
|
|-weather|none
|-heal|p1a: Toxapex|79/100|[from] item: Black Sludge
|upkeep
|turn|11
|
|move|p2a: Rotom|Volt Switch|p1a: Toxapex
|-supereffective|p1a: Toxapex
|-damage|p1a: Toxapex|40/100
|
|switch|p2a: Venusaur|Venusaur, F|100/100|[from]move: Volt Switch
|move|p1a: Toxapex|Knock Off|p2a: Venusaur
|-damage|p2a: Venusaur|81/100
|-enditem|p2a: Venusaur|Life Orb|[from] move: Knock Off|[of] p1a: Toxapex
|
|-heal|p1a: Toxapex|46/100|[from] item: Black Sludge
|upkeep
|turn|12
|
|switch|p2a: Torkoal|Torkoal, M|100/100
|-weather|SunnyDay|[from] ability: Drought|[of] p2a: Torkoal
|switch|p1a: Ferrothorn|Ferrothorn, M|100/100 par
|
|-weather|SunnyDay|[upkeep]
|upkeep
|turn|13
|
|switch|p1a: Tyranitar|Tyranitar, M|89/100
|-weather|Sandstorm|[from] ability: Sand Stream|[of] p1a: Tyranitar
|move|p2a: Torkoal|Stealth Rock|p1a: Tyranitar
|-sidestart|p1: Q114|move: Stealth Rock
|
|-weather|Sandstorm|[upkeep]
|-damage|p2a: Torkoal|94/100|[from] Sandstorm
|upkeep
|turn|14
|
|move|p1a: Tyranitar|Stone Edge|p2a: Torkoal
|-supereffective|p2a: Torkoal
|-crit|p2a: Torkoal
|-damage|p2a: Torkoal|12/100
|move|p2a: Torkoal|Yawn|p1a: Tyranitar
|-start|p1a: Tyranitar|move: Yawn|[of] p2a: Torkoal
|
|-weather|Sandstorm|[upkeep]
|-damage|p2a: Torkoal|6/100|[from] Sandstorm
|upkeep
|turn|15
|
|switch|p1a: Toxapex|Toxapex, M|80/100
|-damage|p1a: Toxapex|67/100|[from] Stealth Rock
|switch|p2a: Rotom|Rotom-Heat|95/100
|
|-weather|Sandstorm|[upkeep]
|-damage|p2a: Rotom|89/100|[from] Sandstorm
|-damage|p1a: Toxapex|62/100|[from] Sandstorm
|-heal|p1a: Toxapex|67/100|[from] item: Black Sludge
|upkeep
|turn|16
|
|move|p2a: Rotom|Volt Switch|p1a: Toxapex
|-supereffective|p1a: Toxapex
|-damage|p1a: Toxapex|24/100
|
|switch|p2a: Torkoal|Torkoal, M|6/100|[from]move: Volt Switch
|-weather|SunnyDay|[from] ability: Drought|[of] p2a: Torkoal
|move|p1a: Toxapex|Scald|p2a: Torkoal
|-supereffective|p2a: Torkoal
|-damage|p2a: Torkoal|0 fnt
|faint|p2a: Torkoal
|
|-weather|SunnyDay|[upkeep]
|-heal|p1a: Toxapex|30/100|[from] item: Black Sludge
|upkeep
|
|switch|p2a: Venusaur|Venusaur, F|81/100
|turn|17
|
|switch|p1a: Tyranitar|Tyranitar, M|89/100
|-damage|p1a: Tyranitar|76/100|[from] Stealth Rock
|-weather|Sandstorm|[from] ability: Sand Stream|[of] p1a: Tyranitar
|move|p2a: Venusaur|Growth|p2a: Venusaur
|-boost|p2a: Venusaur|atk|1
|-boost|p2a: Venusaur|spa|1
|
|-weather|Sandstorm|[upkeep]
|-damage|p2a: Venusaur|75/100|[from] Sandstorm
|upkeep
|turn|18
|
|move|p2a: Venusaur|Giga Drain|p1a: Tyranitar
|-supereffective|p1a: Tyranitar
|-damage|p1a: Tyranitar|46/100
|-heal|p2a: Venusaur|95/100|[from] drain|[of] p1a: Tyranitar
|move|p1a: Tyranitar|Stone Edge|p2a: Venusaur
|-damage|p2a: Venusaur|39/100
|
|-weather|Sandstorm|[upkeep]
|-damage|p2a: Venusaur|33/100|[from] Sandstorm
|upkeep
|turn|19
|
|switch|p1a: Ferrothorn|Ferrothorn, M|100/100 par
|-damage|p1a: Ferrothorn|95/100 par|[from] Stealth Rock
|move|p2a: Venusaur|Giga Drain|p1a: Ferrothorn
|-resisted|p1a: Ferrothorn
|-damage|p1a: Ferrothorn|86/100 par
|-heal|p2a: Venusaur|39/100|[from] drain|[of] p1a: Ferrothorn
|
|-weather|Sandstorm|[upkeep]
|-damage|p2a: Venusaur|33/100|[from] Sandstorm
|-heal|p1a: Ferrothorn|92/100 par|[from] item: Leftovers
|upkeep
|turn|20
|
|switch|p2a: Cinderace|Cinderace, F|95/100
|cant|p1a: Ferrothorn|par
|
|-weather|Sandstorm|[upkeep]
|-damage|p2a: Cinderace|89/100|[from] Sandstorm
|-heal|p1a: Ferrothorn|98/100 par|[from] item: Leftovers
|upkeep
|turn|21
|
|switch|p1a: Toxapex|Toxapex, M|63/100
|-damage|p1a: Toxapex|51/100|[from] Stealth Rock
|move|p2a: Cinderace|U-turn|p1a: Toxapex
|-resisted|p1a: Toxapex
|-damage|p1a: Toxapex|44/100
|
|switch|p2a: Dragapult|Dragapult, M|100/100|[from]move: U-turn
|
|-weather|none
|-heal|p1a: Toxapex|50/100|[from] item: Black Sludge
|upkeep
|turn|22
|
|switch|p1a: Clefable|Clefable, F|100/100
|-damage|p1a: Clefable|88/100|[from] Stealth Rock
|move|p2a: Dragapult|Dragon Darts|p1a: Clefable
|-immune|p1a: Clefable
|
|-heal|p1a: Clefable|94/100|[from] item: Leftovers
|upkeep
|turn|23
|inactive|Battle timer is ON: inactive players will automatically lose when time's up. (requested by Cerpy)
|
|switch|p2a: Rotom|Rotom-Heat|89/100
|move|p1a: Clefable|Wish|p1a: Clefable
|
|-heal|p1a: Clefable|99/100|[from] item: Leftovers
|upkeep
|turn|24
|
|switch|p1a: Tyranitar|Tyranitar, M|46/100
|-damage|p1a: Tyranitar|34/100|[from] Stealth Rock
|-weather|Sandstorm|[from] ability: Sand Stream|[of] p1a: Tyranitar
|move|p2a: Rotom|Nasty Plot|p2a: Rotom
|-boost|p2a: Rotom|spa|2
|
|-weather|Sandstorm|[upkeep]
|-damage|p2a: Rotom|83/100|[from] Sandstorm
|-heal|p1a: Tyranitar|83/100|[from] move: Wish|[wisher] Clefable
|upkeep
|turn|25
|
|move|p2a: Rotom|Volt Switch|p1a: Tyranitar
|-damage|p1a: Tyranitar|68/100
|
|switch|p2a: Cinderace|Cinderace, F|89/100|[from]move: Volt Switch
|move|p1a: Tyranitar|Stone Edge|p2a: Cinderace
|-supereffective|p2a: Cinderace
|-damage|p2a: Cinderace|0 fnt
|faint|p2a: Cinderace
|
|-weather|Sandstorm|[upkeep]
|upkeep
|
|switch|p2a: Dragapult|Dragapult, M|100/100
|turn|26
|
|switch|p1a: Corviknight|Corviknight, M|100/100
|-damage|p1a: Corviknight|88/100|[from] Stealth Rock
|-ability|p1a: Corviknight|Pressure
|move|p2a: Dragapult|Dragon Dance|p2a: Dragapult
|-boost|p2a: Dragapult|atk|1
|-boost|p2a: Dragapult|spe|1
|
|-weather|Sandstorm|[upkeep]
|-damage|p2a: Dragapult|95/100|[from] Sandstorm
|upkeep
|turn|27
|
|move|p2a: Dragapult|Flamethrower|p1a: Corviknight
|-supereffective|p1a: Corviknight
|-damage|p1a: Corviknight|37/100
|-damage|p2a: Dragapult|85/100|[from] item: Life Orb
|move|p1a: Corviknight|Defog|p2a: Dragapult
|-unboost|p2a: Dragapult|evasion|1
|-sideend|p1: Q114|Stealth Rock|[from] move: Defog|[of] p1a: Corviknight
|
|-weather|Sandstorm|[upkeep]
|-damage|p2a: Dragapult|79/100|[from] Sandstorm
|upkeep
|turn|28
|
|move|p2a: Dragapult|Flamethrower|p1a: Corviknight
|-supereffective|p1a: Corviknight
|-damage|p1a: Corviknight|0 fnt
|-damage|p2a: Dragapult|69/100|[from] item: Life Orb
|faint|p1a: Corviknight
|
|-weather|none
|upkeep
|
|switch|p1a: Clefable|Clefable, F|99/100
|turn|29
|
|move|p2a: Dragapult|Steel Wing|p1a: Clefable
|-supereffective|p1a: Clefable
|-damage|p1a: Clefable|52/100
|-damage|p2a: Dragapult|59/100|[from] item: Life Orb
|move|p1a: Clefable|Moonblast|p2a: Dragapult
|-supereffective|p2a: Dragapult
|-damage|p2a: Dragapult|0 fnt
|faint|p2a: Dragapult
|
|-heal|p1a: Clefable|58/100|[from] item: Leftovers
|upkeep
|
|switch|p2a: Rotom|Rotom-Heat|83/100
|turn|30
|
|switch|p1a: Tyranitar|Tyranitar, M|68/100
|-weather|Sandstorm|[from] ability: Sand Stream|[of] p1a: Tyranitar
|move|p2a: Rotom|Toxic|p1a: Tyranitar
|-status|p1a: Tyranitar|tox
|
|-weather|Sandstorm|[upkeep]
|-damage|p2a: Rotom|77/100|[from] Sandstorm
|-damage|p1a: Tyranitar|62/100 tox|[from] psn
|upkeep
|turn|31
|
|move|p2a: Rotom|Volt Switch|p1a: Tyranitar
|-damage|p1a: Tyranitar|55/100 tox
|
|switch|p2a: Venusaur|Venusaur, F|33/100|[from]move: Volt Switch
|move|p1a: Tyranitar|Stone Edge|p2a: Venusaur|[miss]
|-miss|p1a: Tyranitar|p2a: Venusaur
|
|-weather|Sandstorm|[upkeep]
|-damage|p2a: Venusaur|27/100|[from] Sandstorm
|-damage|p1a: Tyranitar|43/100 tox|[from] psn
|upkeep
|turn|32
|
|switch|p1a: Ferrothorn|Ferrothorn, M|98/100 par
|move|p2a: Venusaur|Giga Drain|p1a: Ferrothorn
|-resisted|p1a: Ferrothorn
|-damage|p1a: Ferrothorn|92/100 par
|-heal|p2a: Venusaur|30/100|[from] drain|[of] p1a: Ferrothorn
|
|-weather|Sandstorm|[upkeep]
|-damage|p2a: Venusaur|24/100|[from] Sandstorm
|-heal|p1a: Ferrothorn|98/100 par|[from] item: Leftovers
|upkeep
|turn|33
|
|switch|p2a: Rotom|Rotom-Heat|77/100
|cant|p1a: Ferrothorn|par
|
|-weather|Sandstorm|[upkeep]
|-damage|p2a: Rotom|71/100|[from] Sandstorm
|-heal|p1a: Ferrothorn|100/100 par|[from] item: Leftovers
|upkeep
|turn|34
|
|switch|p1a: Toxapex|Toxapex, M|83/100
|move|p2a: Rotom|Nasty Plot|p2a: Rotom
|-boost|p2a: Rotom|spa|2
|
|-weather|none
|-heal|p1a: Toxapex|89/100|[from] item: Black Sludge
|upkeep
|turn|35
|
|move|p2a: Rotom|Volt Switch|p1a: Toxapex
|-supereffective|p1a: Toxapex
|-damage|p1a: Toxapex|5/100
|
|switch|p2a: Venusaur|Venusaur, F|24/100|[from]move: Volt Switch
|move|p1a: Toxapex|Scald|p2a: Venusaur
|-resisted|p2a: Venusaur
|-damage|p2a: Venusaur|15/100
|
|-heal|p1a: Toxapex|11/100|[from] item: Black Sludge
|upkeep
|turn|36
|
|switch|p2a: Rotom|Rotom-Heat|71/100
|switch|p1a: Ferrothorn|Ferrothorn, M|100/100 par
|
|upkeep
|turn|37
|
|move|p2a: Rotom|Nasty Plot|p2a: Rotom
|-boost|p2a: Rotom|spa|2
|move|p1a: Ferrothorn|Leech Seed|p2a: Rotom
|-start|p2a: Rotom|move: Leech Seed
|
|-damage|p2a: Rotom|59/100|[from] Leech Seed|[of] p1a: Ferrothorn
|upkeep
|turn|38
|
|move|p1a: Ferrothorn|Protect|p1a: Ferrothorn
|-singleturn|p1a: Ferrothorn|Protect
|move|p2a: Rotom|Volt Switch|p1a: Ferrothorn
|-activate|p1a: Ferrothorn|move: Protect
|
|-damage|p2a: Rotom|46/100|[from] Leech Seed|[of] p1a: Ferrothorn
|upkeep
|turn|39
|
|switch|p1a: Clefable|Clefable, F|58/100
|move|p2a: Rotom|Overheat|p1a: Clefable
|-damage|p1a: Clefable|17/100
|-unboost|p2a: Rotom|spa|2
|
|-heal|p1a: Clefable|23/100|[from] item: Leftovers
|-damage|p2a: Rotom|34/100|[from] Leech Seed|[of] p1a: Clefable
|-heal|p1a: Clefable|32/100|[silent]
|upkeep
|turn|40
|
|switch|p2a: Venusaur|Venusaur, F|15/100
|move|p1a: Clefable|Protect||[still]
|-fail|p1a: Clefable
|
|-heal|p1a: Clefable|38/100|[from] item: Leftovers
|upkeep
|turn|41
|
|switch|p1a: Ferrothorn|Ferrothorn, M|100/100 par
|move|p2a: Venusaur|Growth|p2a: Venusaur
|-boost|p2a: Venusaur|atk|1
|-boost|p2a: Venusaur|spa|1
|
|upkeep
|turn|42
|
|move|p2a: Venusaur|Giga Drain|p1a: Ferrothorn
|-resisted|p1a: Ferrothorn
|-damage|p1a: Ferrothorn|91/100 par
|-heal|p2a: Venusaur|20/100|[from] drain|[of] p1a: Ferrothorn
|cant|p1a: Ferrothorn|par
|
|-heal|p1a: Ferrothorn|97/100 par|[from] item: Leftovers
|upkeep
|turn|43
|
|switch|p2a: Rotom|Rotom-Heat|34/100
|move|p1a: Ferrothorn|Knock Off|p2a: Rotom
|-damage|p2a: Rotom|13/100
|-enditem|p2a: Rotom|Heavy-Duty Boots|[from] move: Knock Off|[of] p1a: Ferrothorn
|
|-heal|p1a: Ferrothorn|100/100 par|[from] item: Leftovers
|upkeep
|turn|44
|-message|Cerpy forfeited.
|
|win|Q114
|l|☆Cerpy
|raw|Q114's rating: 1684 &rarr; <strong>1707</strong><br />(+23 for winning)
|raw|Cerpy's rating: 1745 &rarr; <strong>1721</strong><br />(-24 for losing)
