|j|☆Contorted Lies
|j|☆itzb
|t:|1606410372
|player|p1|Contorted Lies|101|1919
|player|p2|itzb|steven-gen3|1798
|teamsize|p1|6
|teamsize|p2|6
|gametype|singles
|gen|8
|tier|[Gen 8] OU
|rated|
|clearpoke
|poke|p1|Weavile, F|
|poke|p1|Urshifu-*, M|
|poke|p1|Magearna|
|poke|p1|Moltres|
|poke|p1|Hippowdon, M|
|poke|p1|Toxapex, F|
|poke|p2|Pelipper, M|
|poke|p2|Thundurus-Therian, M|
|poke|p2|Barraskewda, M|
|poke|p2|Volcanion|
|poke|p2|Blissey, F|
|poke|p2|Ferrothorn, M|
|rule|Sleep Clause Mod: Limit one foe put to sleep
|rule|Species Clause: Limit one of each Pokémon
|rule|OHKO Clause: OHKO moves are banned
|rule|Evasion Moves Clause: Evasion moves are banned
|rule|Endless Battle Clause: Forcing endless battles is banned
|rule|HP Percentage Mod: HP is shown in percentages
|rule|Dynamax Clause: You cannot dynamax
|teampreview
|inactive|Battle timer is ON: inactive players will automatically lose when time's up. (requested by itzb)
|j| znqq
|j| SoulElixer
|
|t:|1606410401
|start
|switch|p1a: Urshifu|Urshifu, M|100/100
|switch|p2a: fat bird|Pelipper, M|100/100
|-weather|RainDance|[from] ability: Drizzle|[of] p2a: fat bird
|turn|1
|
|t:|1606410404
|move|p1a: Urshifu|Wicked Blow|p2a: fat bird
|-crit|p2a: fat bird
|-damage|p2a: fat bird|30/100
|move|p2a: fat bird|Hurricane|p1a: Urshifu
|-supereffective|p1a: Urshifu
|-damage|p1a: Urshifu|0 fnt
|faint|p1a: Urshifu
|
|-weather|RainDance|[upkeep]
|upkeep
|j| lite my lit lie
|j| banana pies
|j| BigBandedBagon
|
|t:|1606410408
|switch|p1a: Weavile|Weavile, F|100/100
|-ability|p1a: Weavile|Pressure
|turn|2
|j| schluck runter
|
|t:|1606410411
|switch|p2a: do not touch|Ferrothorn, M|100/100
|move|p1a: Weavile|Knock Off|p2a: do not touch
|-damage|p2a: do not touch|66/100
|-damage|p1a: Weavile|88/100|[from] ability: Iron Barbs|[of] p2a: do not touch
|-damage|p1a: Weavile|72/100|[from] item: Rocky Helmet|[of] p2a: do not touch
|-enditem|p2a: do not touch|Rocky Helmet|[from] move: Knock Off|[of] p1a: Weavile
|-damage|p1a: Weavile|62/100|[from] item: Life Orb
|
|-weather|RainDance|[upkeep]
|upkeep
|turn|3
|
|t:|1606410418
|switch|p1a: Moltres|Moltres|100/100
|move|p2a: do not touch|Knock Off|p1a: Moltres
|-damage|p1a: Moltres|85/100
|-status|p2a: do not touch|brn|[from] ability: Flame Body|[of] p1a: Moltres
|-enditem|p1a: Moltres|Heavy-Duty Boots|[from] move: Knock Off|[of] p2a: do not touch
|
|-weather|RainDance|[upkeep]
|-damage|p2a: do not touch|60/100 brn|[from] brn
|upkeep
|turn|4
|
|t:|1606410422
|switch|p2a: nice resist|Volcanion|100/100
|move|p1a: Moltres|Flamethrower|p2a: nice resist
|-resisted|p2a: nice resist
|-damage|p2a: nice resist|95/100
|
|-weather|RainDance|[upkeep]
|upkeep
|turn|5
|
|t:|1606410424
|switch|p1a: Toxapex|Toxapex, F|100/100
|move|p2a: nice resist|Steam Eruption|p1a: Toxapex
|-resisted|p1a: Toxapex
|-damage|p1a: Toxapex|37/100
|
|-weather|RainDance|[upkeep]
|-heal|p1a: Toxapex|43/100|[from] item: Black Sludge
|upkeep
|turn|6
|j| Hondjie
|c|☆itzb|nice resist g
|
|t:|1606410434
|move|p2a: nice resist|Steam Eruption|p1a: Toxapex|[miss]
|-miss|p2a: nice resist|p1a: Toxapex
|move|p1a: Toxapex|Knock Off|p2a: nice resist
|-damage|p2a: nice resist|81/100
|-enditem|p2a: nice resist|Choice Specs|[from] move: Knock Off|[of] p1a: Toxapex
|
|-weather|RainDance|[upkeep]
|-heal|p1a: Toxapex|50/100|[from] item: Black Sludge
|upkeep
|turn|7
|j| Trappedzz
|
|t:|1606410438
|move|p2a: nice resist|Earth Power|p1a: Toxapex
|-supereffective|p1a: Toxapex
|-damage|p1a: Toxapex|0 fnt
|faint|p1a: Toxapex
|
|-weather|RainDance|[upkeep]
|upkeep
|
|t:|1606410444
|switch|p1a: Magearna|Magearna|100/100
|turn|8
|c| lite my lit lie|good hit
|
|t:|1606410449
|move|p2a: nice resist|Steam Eruption|p1a: Magearna|[miss]
|-miss|p2a: nice resist|p1a: Magearna
|move|p1a: Magearna|Volt Switch|p2a: nice resist
|-supereffective|p2a: nice resist
|-damage|p2a: nice resist|0 fnt
|faint|p2a: nice resist
|-ability|p1a: Magearna|Soul-Heart|boost
|-boost|p1a: Magearna|spa|1
|c|☆itzb|lies
|
|t:|1606410454
|switch|p1a: Weavile|Weavile, F|62/100|[from]move: Volt Switch
|-ability|p1a: Weavile|Pressure
|
|-weather|none
|upkeep
|c|☆itzb|95% accuracy
|c|☆itzb|bull shit
|c|☆itzb|complete lie
|
|t:|1606410459
|switch|p2a: fat bird|Pelipper, M|30/100
|-weather|RainDance|[from] ability: Drizzle|[of] p2a: fat bird
|turn|9
|
|t:|1606410464
|switch|p2a: do not touch|Ferrothorn, M|60/100 brn
|move|p1a: Weavile|Swords Dance|p1a: Weavile
|-boost|p1a: Weavile|atk|2
|
|-weather|RainDance|[upkeep]
|-damage|p2a: do not touch|54/100 brn|[from] brn
|upkeep
|turn|10
|c| BigBandedBagon|such excellent plays scaking ur whole team to volcanion
|c| lite my lit lie|well we tossed the coin 40 times and well
|
|t:|1606410487
|move|p1a: Weavile|Knock Off|p2a: do not touch
|-crit|p2a: do not touch
|-damage|p2a: do not touch|0 fnt
|-damage|p1a: Weavile|49/100|[from] ability: Iron Barbs|[of] p2a: do not touch
|-damage|p1a: Weavile|39/100|[from] item: Life Orb
|faint|p2a: do not touch
|
|-weather|RainDance|[upkeep]
|upkeep
|c|☆itzb|YOO
|j| lovekittie@!
|
|t:|1606410495
|switch|p2a: janitor|Barraskewda, M, shiny|100/100
|turn|11
|c| BigBandedBagon|never saw worse plays in my life
|c| lite my lit lie|what? the best play was to crit
|j| zoroarkfan34
|c|☆itzb|yea u right
|c|☆itzb|critting was ideal
|
|t:|1606410509
|switch|p1a: Moltres|Moltres|85/100
|move|p2a: janitor|Liquidation|p1a: Moltres
|-supereffective|p1a: Moltres
|-damage|p1a: Moltres|0 fnt
|-status|p2a: janitor|brn|[from] ability: Flame Body|[of] p1a: Moltres
|faint|p1a: Moltres
|
|-weather|RainDance|[upkeep]
|-damage|p2a: janitor|94/100 brn|[from] brn
|upkeep
|c|☆itzb|so was making me miss
|c| lite my lit lie|idk what ya'll trippin about
|c|☆itzb|and burning me
|
|t:|1606410514
|switch|p1a: Hippowdon|Hippowdon, M|100/100
|-weather|Sandstorm|[from] ability: Sand Stream|[of] p1a: Hippowdon
|turn|12
|c|☆itzb|yes
|c|☆itzb|yes
|c| lite my lit lie|he made the right play
|c|☆itzb|so skilled
|
|t:|1606410524
|switch|p2a: fat pink blob|Blissey, F|100/100
|move|p1a: Hippowdon|Stealth Rock|p2a: fat pink blob
|-sidestart|p2: itzb|move: Stealth Rock
|
|-weather|Sandstorm|[upkeep]
|-damage|p2a: fat pink blob|94/100|[from] Sandstorm
|upkeep
|turn|13
|c| banana pies|bully
|c| lite my lit lie|burning the skewda was the right play yes
|
|t:|1606410533
|switch|p1a: Magearna|Magearna|100/100
|move|p2a: fat pink blob|Toxic|p1a: Magearna
|-immune|p1a: Magearna
|
|-weather|Sandstorm|[upkeep]
|-damage|p2a: fat pink blob|88/100|[from] Sandstorm
|upkeep
|turn|14
|
|t:|1606410539
|move|p1a: Magearna|Focus Blast|p2a: fat pink blob
|-supereffective|p2a: fat pink blob
|-damage|p2a: fat pink blob|33/100
|move|p2a: fat pink blob|Teleport|p2a: fat pink blob
|c| lite my lit lie|omg, and the predict
|c| lite my lit lie|crazy
|j| tthe_third
|
|t:|1606410548
|switch|p2a: fat bird|Pelipper, M|30/100|[from]move: Teleport
|-damage|p2a: fat bird|5/100|[from] Stealth Rock
|-weather|RainDance|[from] ability: Drizzle|[of] p2a: fat bird
|
|-weather|RainDance|[upkeep]
|upkeep
|turn|15
|
|t:|1606410554
|move|p1a: Magearna|Focus Blast|p2a: fat bird
|-resisted|p2a: fat bird
|-damage|p2a: fat bird|0 fnt
|faint|p2a: fat bird
|-ability|p1a: Magearna|Soul-Heart|boost
|-boost|p1a: Magearna|spa|1
|
|-weather|RainDance|[upkeep]
|upkeep
|
|t:|1606410558
|switch|p2a: no hurricane :/|Thundurus-Therian, M|100/100
|turn|16
|
|t:|1606410565
|switch|p1a: Hippowdon|Hippowdon, M|100/100
|-weather|Sandstorm|[from] ability: Sand Stream|[of] p1a: Hippowdon
|move|p2a: no hurricane :/|Weather Ball|p1a: Hippowdon
|-resisted|p1a: Hippowdon
|-damage|p1a: Hippowdon|86/100
|
|-weather|Sandstorm|[upkeep]
|-damage|p2a: no hurricane :/|95/100|[from] Sandstorm
|-heal|p1a: Hippowdon|92/100|[from] item: Leftovers
|upkeep
|turn|17
|
|t:|1606410570
|move|p2a: no hurricane :/|Focus Blast|p1a: Hippowdon|[miss]
|-miss|p2a: no hurricane :/|p1a: Hippowdon
|move|p1a: Hippowdon|Toxic|p2a: no hurricane :/
|-status|p2a: no hurricane :/|tox
|
|-weather|Sandstorm|[upkeep]
|-damage|p2a: no hurricane :/|89/100 tox|[from] Sandstorm
|-heal|p1a: Hippowdon|98/100|[from] item: Leftovers
|-damage|p2a: no hurricane :/|83/100 tox|[from] psn
|upkeep
|turn|18
|c|☆itzb|wow
|j|%Adri
|c|☆itzb|now i fucking lose
|c|☆itzb|because you crit me, then burnt me, then dodged 2 steam eruptions
|-message|itzb forfeited.
|
|win|Contorted Lies
|c|☆itzb|bg
|j| dekachan
|l|☆Contorted Lies
|c| banana pies|..
|c| lite my lit lie|wow
|l| zoroarkfan34
|c| BigBandedBagon|always the pex players who get lucky smfh
|c| BigBandedBagon|dirty hoes
|l| SoulElixer
|l| Hondjie
|l| BigBandedBagon
||Ladder (probably) updated, but score could not be retrieved (Request timeout).
|l| Trappedzz
|c|%Adri|/log BigBandedBagon was warned by Adri. (don't insult people like that)
|hidelines|unlink|bigbandedbagon
|l|%Adri
|l| dekachan
|c| lovekittie|Burn Burn Burn!
|l| lovekittie
|j| dekachan
|l| znqq
|l| schluck runter
|l| dekachan
|j| BigBandedBagon
|c| BigBandedBagon|...
|l| BigBandedBagon
|l| tthe_third
|j| BigBandedBagon
|c| BigBandedBagon|just fun and games im not being serious
|c| BigBandedBagon|sorry tho :/
|l| BigBandedBagon
