|j|☆PedroGrug
|j|☆Y.Ares
|t:|1607912737
|player|p1|PedroGrug|lyra|1650
|player|p2|Y.Ares|depotagent|1633
|teamsize|p1|6
|teamsize|p2|6
|gametype|singles
|gen|8
|tier|[Gen 8] OU
|rated|
|clearpoke
|poke|p1|Cinderace, M|
|poke|p1|Garchomp, M|
|poke|p1|Tornadus-Therian, M|
|poke|p1|Vaporeon, M|
|poke|p1|Melmetal|
|poke|p1|Tapu Koko|
|poke|p2|Buzzwole|
|poke|p2|Corviknight, F|
|poke|p2|Blissey, F|
|poke|p2|Cinderace, M|
|poke|p2|Zeraora|
|poke|p2|Quagsire, F|
|rule|Sleep Clause Mod: Limit one foe put to sleep
|rule|Species Clause: Limit one of each Pokémon
|rule|OHKO Clause: OHKO moves are banned
|rule|Evasion Moves Clause: Evasion moves are banned
|rule|Endless Battle Clause: Forcing endless battles is banned
|rule|HP Percentage Mod: HP is shown in percentages
|rule|Dynamax Clause: You cannot dynamax
|teampreview
|
|t:|1607912755
|start
|switch|p1a: Tapu Koko|Tapu Koko|100/100
|switch|p2a: Quagsire|Quagsire, F|100/100
|-fieldstart|move: Electric Terrain|[from] ability: Electric Surge|[of] p1a: Tapu Koko
|turn|1
|
|t:|1607912765
|switch|p2a: Blissey|Blissey, F|100/100
|move|p1a: Tapu Koko|Grass Knot|p2a: Blissey
|-damage|p2a: Blissey|94/100
|-damage|p1a: Tapu Koko|91/100|[from] item: Life Orb
|
|-heal|p2a: Blissey|99/100|[from] item: Leftovers
|upkeep
|turn|2
|
|t:|1607912781
|switch|p1a: Tornadus|Tornadus-Therian, M|100/100
|move|p2a: Blissey|Toxic|p1a: Tornadus
|-status|p1a: Tornadus|tox
|
|-heal|p2a: Blissey|100/100|[from] item: Leftovers
|-damage|p1a: Tornadus|94/100 tox|[from] psn
|upkeep
|turn|3
|inactive|Battle timer is ON: inactive players will automatically lose when time's up. (requested by PedroGrug)
|
|t:|1607912818
|move|p1a: Tornadus|Knock Off|p2a: Blissey
|-damage|p2a: Blissey|82/100
|-enditem|p2a: Blissey|Leftovers|[from] move: Knock Off|[of] p1a: Tornadus
|move|p2a: Blissey|Shadow Ball|p1a: Tornadus
|-damage|p1a: Tornadus|80/100 tox
|
|-damage|p1a: Tornadus|68/100 tox|[from] psn
|upkeep
|turn|4
|
|t:|1607912835
|switch|p2a: Corviknight|Corviknight, F|100/100
|-ability|p2a: Corviknight|Pressure
|move|p1a: Tornadus|U-turn|p2a: Corviknight
|-resisted|p2a: Corviknight
|-damage|p2a: Corviknight|98/100
|
|t:|1607912840
|switch|p1a: Tapu Koko|Tapu Koko|91/100|[from]move: U-turn
|
|-heal|p2a: Corviknight|100/100|[from] item: Leftovers
|upkeep
|turn|5
|l|☆Y.Ares
|inactive|Y.Ares disconnected and has a minute to reconnect!
|player|p2|
|inactive|Y.Ares has 30 seconds to reconnect!
|inactive|Y.Ares has 20 seconds to reconnect!
|j|☆Y.Ares
|inactive|Y.Ares reconnected and has 100 seconds left.
|player|p2|Y.Ares|depotagent
|
|t:|1607912897
|switch|p1a: Garchomp|Garchomp, M|100/100
|switch|p2a: Zeraora|Zeraora|100/100
|
|-fieldend|move: Electric Terrain
|upkeep
|turn|6
|inactive|Y.Ares has 90 seconds left.
|
|t:|1607912913
|switch|p2a: Quagsire|Quagsire, F|100/100
|move|p1a: Garchomp|Stealth Rock|p2a: Quagsire
|-sidestart|p2: Y.Ares|move: Stealth Rock
|
|upkeep
|turn|7
|
|t:|1607912922
|move|p1a: Garchomp|Toxic|p2a: Quagsire|[miss]
|-miss|p1a: Garchomp|p2a: Quagsire
|move|p2a: Quagsire|Toxic|p1a: Garchomp|[miss]
|-miss|p2a: Quagsire|p1a: Garchomp
|
|upkeep
|turn|8
|
|t:|1607912930
|switch|p1a: Cinderace|Cinderace, M|100/100
|switch|p2a: Corviknight|Corviknight, F|100/100
|-damage|p2a: Corviknight|88/100|[from] Stealth Rock
|-ability|p2a: Corviknight|Pressure
|
|-heal|p2a: Corviknight|94/100|[from] item: Leftovers
|upkeep
|turn|9
|
|t:|1607912947
|move|p1a: Cinderace|Pyro Ball|p2a: Corviknight
|-supereffective|p2a: Corviknight
|-damage|p2a: Corviknight|28/100
|move|p2a: Corviknight|Roost|p2a: Corviknight
|-heal|p2a: Corviknight|78/100
|-singleturn|p2a: Corviknight|move: Roost
|
|-heal|p2a: Corviknight|84/100|[from] item: Leftovers
|upkeep
|turn|10
|inactive|Y.Ares has 90 seconds left.
|
|t:|1607912972
|switch|p2a: Quagsire|Quagsire, F|100/100
|-damage|p2a: Quagsire|94/100|[from] Stealth Rock
|move|p1a: Cinderace|Pyro Ball|p2a: Quagsire
|-resisted|p2a: Quagsire
|-damage|p2a: Quagsire|75/100
|
|-heal|p2a: Quagsire|81/100|[from] item: Leftovers
|upkeep
|turn|11
|
|t:|1607912989
|move|p1a: Cinderace|U-turn|p2a: Quagsire
|-start|p1a: Cinderace|typechange|Bug|[from] ability: Libero
|-damage|p2a: Quagsire|58/100
|
|t:|1607912992
|switch|p1a: Tornadus|Tornadus-Therian, M|100/100 tox|[from]move: U-turn
|move|p2a: Quagsire|Whirlpool|p1a: Tornadus
|-damage|p1a: Tornadus|93/100 tox
|-activate|p1a: Tornadus|move: Whirlpool|[of] p2a: Quagsire
|
|-heal|p2a: Quagsire|64/100|[from] item: Leftovers
|-damage|p1a: Tornadus|87/100 tox|[from] psn
|-damage|p1a: Tornadus|75/100 tox|[from] move: Whirlpool|[partiallytrapped]
|upkeep
|turn|12
|
|t:|1607913011
|switch|p2a: Blissey|Blissey, F|82/100
|-damage|p2a: Blissey|70/100|[from] Stealth Rock
|move|p1a: Tornadus|Knock Off|p2a: Blissey
|-damage|p2a: Blissey|56/100
|
|-damage|p1a: Tornadus|62/100 tox|[from] psn
|-end|p1a: Tornadus|Whirlpool|[partiallytrapped]|[silent]
|upkeep
|turn|13
|
|t:|1607913021
|move|p1a: Tornadus|U-turn|p2a: Blissey
|-damage|p2a: Blissey|41/100
|
|t:|1607913028
|switch|p1a: Garchomp|Garchomp, M|100/100|[from]move: U-turn
|move|p2a: Blissey|Soft-Boiled|p2a: Blissey
|-heal|p2a: Blissey|91/100
|
|upkeep
|turn|14
|inactive|Y.Ares has 90 seconds left.
|
|t:|1607913058
|switch|p2a: Corviknight|Corviknight, F|84/100
|-damage|p2a: Corviknight|71/100|[from] Stealth Rock
|-ability|p2a: Corviknight|Pressure
|move|p1a: Garchomp|Fire Blast|p2a: Corviknight
|-supereffective|p2a: Corviknight
|-damage|p2a: Corviknight|33/100
|
|-heal|p2a: Corviknight|40/100|[from] item: Leftovers
|upkeep
|turn|15
|
|t:|1607913070
|move|p1a: Garchomp|Fire Blast|p2a: Corviknight
|-supereffective|p2a: Corviknight
|-damage|p2a: Corviknight|6/100
|move|p2a: Corviknight|Roost|p2a: Corviknight
|-heal|p2a: Corviknight|56/100
|-singleturn|p2a: Corviknight|move: Roost
|
|-heal|p2a: Corviknight|62/100|[from] item: Leftovers
|upkeep
|turn|16
|
|t:|1607913080
|switch|p1a: Tornadus|Tornadus-Therian, M|96/100 tox
|move|p2a: Corviknight|Roost|p2a: Corviknight
|-heal|p2a: Corviknight|100/100
|-singleturn|p2a: Corviknight|move: Roost
|
|-damage|p1a: Tornadus|89/100 tox|[from] psn
|upkeep
|turn|17
|
|t:|1607913095
|switch|p2a: Blissey|Blissey, F|91/100
|-damage|p2a: Blissey|78/100|[from] Stealth Rock
|move|p1a: Tornadus|U-turn|p2a: Blissey
|-damage|p2a: Blissey|64/100
|
|t:|1607913103
|switch|p1a: Cinderace|Cinderace, M|100/100|[from]move: U-turn
|
|upkeep
|turn|18
|
|t:|1607913117
|switch|p2a: Cinderace|Cinderace, M|100/100
|move|p1a: Cinderace|High Jump Kick|p2a: Cinderace
|-start|p1a: Cinderace|typechange|Fighting|[from] ability: Libero
|-damage|p2a: Cinderace|9/100
|
|upkeep
|turn|19
|
|t:|1607913125
|switch|p1a: Garchomp|Garchomp, M|100/100
|move|p2a: Cinderace|Court Change|p2a: Cinderace
|-start|p2a: Cinderace|typechange|Normal|[from] ability: Libero
|-sideend|p2: Y.Ares|Stealth Rock|[silent]
|-sidestart|p1: PedroGrug|Stealth Rock|[silent]
|-activate|p2a: Cinderace|move: Court Change
|
|upkeep
|turn|20
|
|t:|1607913134
|switch|p2a: Corviknight|Corviknight, F|100/100
|-ability|p2a: Corviknight|Pressure
|move|p1a: Garchomp|Stealth Rock|p2a: Corviknight
|-sidestart|p2: Y.Ares|move: Stealth Rock
|
|upkeep
|turn|21
|
|t:|1607913143
|switch|p1a: Tornadus|Tornadus-Therian, M|100/100 tox
|move|p2a: Corviknight|Substitute|p2a: Corviknight
|-start|p2a: Corviknight|Substitute
|-damage|p2a: Corviknight|75/100
|
|-heal|p2a: Corviknight|82/100|[from] item: Leftovers
|-damage|p1a: Tornadus|94/100 tox|[from] psn
|upkeep
|turn|22
|inactive|Y.Ares has 90 seconds left.
|
|t:|1607913155
|move|p1a: Tornadus|Hurricane|p2a: Corviknight
|-resisted|p2a: Corviknight
|-activate|p2a: Corviknight|move: Substitute|[damage]
|move|p2a: Corviknight|Bulk Up|p2a: Corviknight
|-boost|p2a: Corviknight|atk|1
|-boost|p2a: Corviknight|def|1
|
|-heal|p2a: Corviknight|88/100|[from] item: Leftovers
|-damage|p1a: Tornadus|82/100 tox|[from] psn
|upkeep
|turn|23
|inactive|Y.Ares has 90 seconds left.
|
|t:|1607913165
|move|p1a: Tornadus|U-turn|p2a: Corviknight
|-resisted|p2a: Corviknight
|-activate|p2a: Corviknight|move: Substitute|[damage]
|
|t:|1607913167
|switch|p1a: Tapu Koko|Tapu Koko|91/100|[from]move: U-turn
|-damage|p1a: Tapu Koko|78/100|[from] Stealth Rock
|-fieldstart|move: Electric Terrain|[from] ability: Electric Surge|[of] p1a: Tapu Koko
|move|p2a: Corviknight|Substitute|p2a: Corviknight
|-fail|p2a: Corviknight|move: Substitute
|
|-heal|p2a: Corviknight|94/100|[from] item: Leftovers
|upkeep
|turn|24
|
|t:|1607913179
|move|p1a: Tapu Koko|Thunderbolt|p2a: Corviknight
|-supereffective|p2a: Corviknight
|-end|p2a: Corviknight|Substitute
|-damage|p1a: Tapu Koko|68/100|[from] item: Life Orb
|move|p2a: Corviknight|Brave Bird|p1a: Tapu Koko
|-resisted|p1a: Tapu Koko
|-damage|p1a: Tapu Koko|30/100
|-damage|p2a: Corviknight|85/100|[from] Recoil
|
|-heal|p2a: Corviknight|92/100|[from] item: Leftovers
|upkeep
|turn|25
|j| Friez & Burger!
|
|t:|1607913190
|switch|p2a: Zeraora|Zeraora|100/100
|-damage|p2a: Zeraora|88/100|[from] Stealth Rock
|move|p1a: Tapu Koko|Volt Switch|p2a: Zeraora
|-heal|p2a: Zeraora|100/100|[from] ability: Volt Absorb|[of] p1a: Tapu Koko
|
|upkeep
|turn|26
|
|t:|1607913201
|switch|p1a: Garchomp|Garchomp, M|100/100
|-damage|p1a: Garchomp|94/100|[from] Stealth Rock
|move|p2a: Zeraora|Knock Off|p1a: Garchomp
|-damage|p1a: Garchomp|69/100
|-damage|p2a: Zeraora|88/100|[from] ability: Rough Skin|[of] p1a: Garchomp
|-damage|p2a: Zeraora|72/100|[from] item: Rocky Helmet|[of] p1a: Garchomp
|-enditem|p1a: Garchomp|Rocky Helmet|[from] move: Knock Off|[of] p2a: Zeraora
|
|upkeep
|turn|27
|
|t:|1607913213
|switch|p2a: Corviknight|Corviknight, F|92/100
|-damage|p2a: Corviknight|79/100|[from] Stealth Rock
|-ability|p2a: Corviknight|Pressure
|switch|p1a: Cinderace|Cinderace, M|100/100
|
|-heal|p2a: Corviknight|85/100|[from] item: Leftovers
|-fieldend|move: Electric Terrain
|upkeep
|turn|28
|inactive|Y.Ares has 90 seconds left.
|
|t:|1607913241
|move|p1a: Cinderace|Pyro Ball|p2a: Corviknight
|-supereffective|p2a: Corviknight
|-damage|p2a: Corviknight|15/100
|-status|p2a: Corviknight|brn
|move|p2a: Corviknight|Roost|p2a: Corviknight
|-heal|p2a: Corviknight|65/100 brn
|-singleturn|p2a: Corviknight|move: Roost
|
|-heal|p2a: Corviknight|71/100 brn|[from] item: Leftovers
|-damage|p2a: Corviknight|65/100 brn|[from] brn
|upkeep
|turn|29
|inactive|Y.Ares has 90 seconds left.
|
|t:|1607913257
|move|p1a: Cinderace|U-turn|p2a: Corviknight
|-start|p1a: Cinderace|typechange|Bug|[from] ability: Libero
|-resisted|p2a: Corviknight
|-damage|p2a: Corviknight|60/100 brn
|
|t:|1607913262
|switch|p1a: Vaporeon|Vaporeon, M|100/100|[from]move: U-turn
|-damage|p1a: Vaporeon|88/100|[from] Stealth Rock
|move|p2a: Corviknight|Brave Bird|p1a: Vaporeon
|-damage|p1a: Vaporeon|75/100
|-damage|p2a: Corviknight|55/100 brn|[from] Recoil
|
|-heal|p2a: Corviknight|61/100 brn|[from] item: Leftovers
|-heal|p1a: Vaporeon|82/100|[from] item: Leftovers
|-damage|p2a: Corviknight|55/100 brn|[from] brn
|upkeep
|turn|30
|inactive|Y.Ares has 90 seconds left.
|
|t:|1607913276
|move|p2a: Corviknight|Substitute|p2a: Corviknight
|-start|p2a: Corviknight|Substitute
|-damage|p2a: Corviknight|30/100 brn
|move|p1a: Vaporeon|Wish|p1a: Vaporeon
|
|-heal|p2a: Corviknight|36/100 brn|[from] item: Leftovers
|-heal|p1a: Vaporeon|88/100|[from] item: Leftovers
|-damage|p2a: Corviknight|30/100 brn|[from] brn
|upkeep
|turn|31
|inactive|Y.Ares has 90 seconds left.
|
|t:|1607913287
|switch|p1a: Tapu Koko|Tapu Koko|30/100
|-damage|p1a: Tapu Koko|18/100|[from] Stealth Rock
|-fieldstart|move: Electric Terrain|[from] ability: Electric Surge|[of] p1a: Tapu Koko
|move|p2a: Corviknight|Roost|p2a: Corviknight
|-heal|p2a: Corviknight|80/100 brn
|-singleturn|p2a: Corviknight|move: Roost
|
|-heal|p1a: Tapu Koko|99/100|[from] move: Wish|[wisher] Vaporeon
|-heal|p2a: Corviknight|86/100 brn|[from] item: Leftovers
|-damage|p2a: Corviknight|80/100 brn|[from] brn
|upkeep
|turn|32
|inactive|Y.Ares has 90 seconds left.
|inactive|Y.Ares has 60 seconds left.
|
|t:|1607913330
|switch|p2a: Zeraora|Zeraora|72/100
|-damage|p2a: Zeraora|59/100|[from] Stealth Rock
|move|p1a: Tapu Koko|Thunderbolt|p2a: Zeraora
|-heal|p2a: Zeraora|84/100|[from] ability: Volt Absorb|[of] p1a: Tapu Koko
|
|upkeep
|turn|33
|inactive|Y.Ares has 60 seconds left.
|
|t:|1607913346
|switch|p1a: Garchomp|Garchomp, M|69/100
|-damage|p1a: Garchomp|63/100|[from] Stealth Rock
|move|p2a: Zeraora|Superpower|p1a: Garchomp
|-damage|p1a: Garchomp|33/100
|-unboost|p2a: Zeraora|atk|1
|-unboost|p2a: Zeraora|def|1
|-damage|p2a: Zeraora|72/100|[from] ability: Rough Skin|[of] p1a: Garchomp
|
|upkeep
|turn|34
|inactive|Y.Ares has 60 seconds left.
|j| Effect volume
|
|t:|1607913366
|switch|p2a: Buzzwole|Buzzwole|100/100
|-damage|p2a: Buzzwole|88/100|[from] Stealth Rock
|move|p1a: Garchomp|Fire Blast|p2a: Buzzwole
|-supereffective|p2a: Buzzwole
|-damage|p2a: Buzzwole|41/100
|
|-heal|p2a: Buzzwole|47/100|[from] item: Leftovers
|upkeep
|turn|35
|j| Chef pipi
|
|t:|1607913391
|move|p1a: Garchomp|Fire Blast|p2a: Buzzwole
|-supereffective|p2a: Buzzwole
|-damage|p2a: Buzzwole|4/100
|-status|p2a: Buzzwole|brn
|move|p2a: Buzzwole|Roost|p2a: Buzzwole
|-heal|p2a: Buzzwole|54/100 brn
|-singleturn|p2a: Buzzwole|move: Roost
|
|-heal|p2a: Buzzwole|60/100 brn|[from] item: Leftovers
|-damage|p2a: Buzzwole|54/100 brn|[from] brn
|-fieldend|move: Electric Terrain
|upkeep
|turn|36
|
|t:|1607913406
|switch|p1a: Tornadus|Tornadus-Therian, M|100/100 tox
|move|p2a: Buzzwole|Earthquake|p1a: Tornadus
|-immune|p1a: Tornadus
|
|-heal|p2a: Buzzwole|60/100 brn|[from] item: Leftovers
|-damage|p1a: Tornadus|94/100 tox|[from] psn
|-damage|p2a: Buzzwole|54/100 brn|[from] brn
|upkeep
|turn|37
|
|t:|1607913417
|move|p1a: Tornadus|U-turn|p2a: Buzzwole
|-resisted|p2a: Buzzwole
|-damage|p2a: Buzzwole|50/100 brn
|l|chefpipi
|l| Effect volume
|
|t:|1607913422
|switch|p1a: Vaporeon|Vaporeon, M|88/100|[from]move: U-turn
|-damage|p1a: Vaporeon|75/100|[from] Stealth Rock
|move|p2a: Buzzwole|Roost|p2a: Buzzwole
|-heal|p2a: Buzzwole|99/100 brn
|-singleturn|p2a: Buzzwole|move: Roost
|
|-heal|p2a: Buzzwole|100/100 brn|[from] item: Leftovers
|-heal|p1a: Vaporeon|82/100|[from] item: Leftovers
|-damage|p2a: Buzzwole|94/100 brn|[from] brn
|upkeep
|turn|38
|inactive|Y.Ares has 30 seconds left.
|l| Friez & Burger!
|inactive|Y.Ares has 20 seconds left.
|
|t:|1607913453
|switch|p2a: Zeraora|Zeraora|72/100
|-damage|p2a: Zeraora|60/100|[from] Stealth Rock
|switch|p1a: Cinderace|Cinderace, M|100/100
|
|upkeep
|turn|39
|inactive|Y.Ares has 30 seconds left this turn.
|inactive|Y.Ares has 20 seconds left.
|
|t:|1607913464
|switch|p1a: Garchomp|Garchomp, M|33/100
|-damage|p1a: Garchomp|27/100|[from] Stealth Rock
|move|p2a: Zeraora|Plasma Fists|p1a: Garchomp
|-immune|p1a: Garchomp
|
|upkeep
|turn|40
|inactive|Y.Ares has 30 seconds left this turn.
|inactive|Y.Ares has 20 seconds left.
|
|t:|1607913476
|move|p2a: Zeraora|Superpower|p1a: Garchomp
|-damage|p1a: Garchomp|0 fnt
|-unboost|p2a: Zeraora|atk|1
|-unboost|p2a: Zeraora|def|1
|-damage|p2a: Zeraora|47/100|[from] ability: Rough Skin|[of] p1a: Garchomp
|faint|p1a: Garchomp
|
|upkeep
|inactive|Y.Ares has 25 seconds left this turn.
|
|t:|1607913497
|switch|p1a: Cinderace|Cinderace, M|100/100
|turn|41
|inactive|Y.Ares has 30 seconds left.
|
|t:|1607913508
|switch|p2a: Buzzwole|Buzzwole|94/100 brn
|-damage|p2a: Buzzwole|82/100 brn|[from] Stealth Rock
|move|p1a: Cinderace|High Jump Kick|p2a: Buzzwole
|-start|p1a: Cinderace|typechange|Fighting|[from] ability: Libero
|-resisted|p2a: Buzzwole
|-damage|p2a: Buzzwole|63/100 brn
|
|-heal|p2a: Buzzwole|70/100 brn|[from] item: Leftovers
|-damage|p2a: Buzzwole|63/100 brn|[from] brn
|upkeep
|turn|42
|inactive|Y.Ares has 30 seconds left.
|
|t:|1607913519
|move|p1a: Cinderace|Pyro Ball|p2a: Buzzwole
|-start|p1a: Cinderace|typechange|Fire|[from] ability: Libero
|-supereffective|p2a: Buzzwole
|-damage|p2a: Buzzwole|2/100 brn
|move|p2a: Buzzwole|Earthquake|p1a: Cinderace
|-supereffective|p1a: Cinderace
|-damage|p1a: Cinderace|47/100
|
|-heal|p2a: Buzzwole|9/100 brn|[from] item: Leftovers
|-damage|p2a: Buzzwole|2/100 brn|[from] brn
|upkeep
|turn|43
|inactive|Y.Ares has 30 seconds left.
|
|t:|1607913531
|move|p1a: Cinderace|U-turn|p2a: Buzzwole
|-start|p1a: Cinderace|typechange|Bug|[from] ability: Libero
|-resisted|p2a: Buzzwole
|-damage|p2a: Buzzwole|0 fnt
|faint|p2a: Buzzwole
|inactive|Y.Ares has 30 seconds left this turn.
|
|t:|1607913536
|switch|p1a: Tapu Koko|Tapu Koko|99/100|[from]move: U-turn
|-damage|p1a: Tapu Koko|88/100|[from] Stealth Rock
|-fieldstart|move: Electric Terrain|[from] ability: Electric Surge|[of] p1a: Tapu Koko
|
|upkeep
|inactive|Y.Ares has 30 seconds left.
|
|t:|1607913544
|switch|p2a: Zeraora|Zeraora|47/100
|-damage|p2a: Zeraora|35/100|[from] Stealth Rock
|turn|44
|inactive|Y.Ares has 30 seconds left.
|
|t:|1607913556
|move|p2a: Zeraora|Knock Off|p1a: Tapu Koko
|-resisted|p1a: Tapu Koko
|-damage|p1a: Tapu Koko|65/100
|-enditem|p1a: Tapu Koko|Life Orb|[from] move: Knock Off|[of] p2a: Zeraora
|move|p1a: Tapu Koko|Dazzling Gleam|p2a: Zeraora
|-damage|p2a: Zeraora|6/100
|
|upkeep
|turn|45
|inactive|Y.Ares has 30 seconds left.
|
|t:|1607913568
|move|p2a: Zeraora|Plasma Fists|p1a: Tapu Koko
|-resisted|p1a: Tapu Koko
|-damage|p1a: Tapu Koko|24/100
|-fieldactivate|move: Ion Deluge
|move|p1a: Tapu Koko|Dazzling Gleam|p2a: Zeraora
|-damage|p2a: Zeraora|0 fnt
|faint|p2a: Zeraora
|
|upkeep
|inactive|Y.Ares has 30 seconds left.
|
|t:|1607913579
|switch|p2a: Cinderace|Cinderace, M|9/100
|turn|46
|inactive|Y.Ares has 30 seconds left.
|
|t:|1607913594
|switch|p1a: Tornadus|Tornadus-Therian, M|100/100 tox
|switch|p2a: Blissey|Blissey, F|64/100
|-damage|p2a: Blissey|52/100|[from] Stealth Rock
|
|-damage|p1a: Tornadus|94/100 tox|[from] psn
|upkeep
|turn|47
|
|t:|1607913604
|move|p1a: Tornadus|U-turn|p2a: Blissey
|-damage|p2a: Blissey|38/100
|
|t:|1607913608
|switch|p1a: Cinderace|Cinderace, M|47/100|[from]move: U-turn
|move|p2a: Blissey|Soft-Boiled|p2a: Blissey
|-heal|p2a: Blissey|88/100
|
|-fieldend|move: Electric Terrain
|upkeep
|turn|48
|
|t:|1607913618
|switch|p2a: Corviknight|Corviknight, F|80/100 brn
|-damage|p2a: Corviknight|67/100 brn|[from] Stealth Rock
|-ability|p2a: Corviknight|Pressure
|move|p1a: Cinderace|High Jump Kick|p2a: Corviknight
|-start|p1a: Cinderace|typechange|Fighting|[from] ability: Libero
|-damage|p2a: Corviknight|32/100 brn
|
|-heal|p2a: Corviknight|38/100 brn|[from] item: Leftovers
|-damage|p2a: Corviknight|32/100 brn|[from] brn
|upkeep
|turn|49
|
|t:|1607913630
|move|p1a: Cinderace|Pyro Ball|p2a: Corviknight
|-start|p1a: Cinderace|typechange|Fire|[from] ability: Libero
|-supereffective|p2a: Corviknight
|-crit|p2a: Corviknight
|-damage|p2a: Corviknight|0 fnt
|faint|p2a: Corviknight
|
|upkeep
|
|t:|1607913638
|switch|p2a: Quagsire|Quagsire, F|64/100
|-damage|p2a: Quagsire|58/100|[from] Stealth Rock
|turn|50
|
|t:|1607913648
|move|p1a: Cinderace|U-turn|p2a: Quagsire
|-start|p1a: Cinderace|typechange|Bug|[from] ability: Libero
|-damage|p2a: Quagsire|36/100
|j| BandedDecidueye
|
|t:|1607913652
|switch|p1a: Tornadus|Tornadus-Therian, M|100/100 tox|[from]move: U-turn
|move|p2a: Quagsire|Recover|p2a: Quagsire
|-heal|p2a: Quagsire|86/100
|
|-heal|p2a: Quagsire|92/100|[from] item: Leftovers
|-damage|p1a: Tornadus|94/100 tox|[from] psn
|upkeep
|turn|51
|
|t:|1607913662
|move|p1a: Tornadus|Defog|p2a: Quagsire
|-unboost|p2a: Quagsire|evasion|1
|-sideend|p2: Y.Ares|Stealth Rock|[from] move: Defog|[of] p1a: Tornadus
|-sideend|p1: PedroGrug|Stealth Rock|[from] move: Defog|[of] p1a: Tornadus
|move|p2a: Quagsire|Earthquake|p1a: Tornadus
|-immune|p1a: Tornadus
|
|-heal|p2a: Quagsire|98/100|[from] item: Leftovers
|-damage|p1a: Tornadus|82/100 tox|[from] psn
|upkeep
|turn|52
|inactive|Y.Ares has 60 seconds left.
|
|t:|1607913672
|switch|p2a: Blissey|Blissey, F|88/100
|move|p1a: Tornadus|Knock Off|p2a: Blissey
|-damage|p2a: Blissey|74/100
|
|-damage|p1a: Tornadus|64/100 tox|[from] psn
|upkeep
|turn|53
|inactive|Y.Ares has 60 seconds left.
|
|t:|1607913681
|move|p1a: Tornadus|U-turn|p2a: Blissey
|-damage|p2a: Blissey|61/100
|
|t:|1607913684
|switch|p1a: Melmetal|Melmetal|100/100|[from]move: U-turn
|move|p2a: Blissey|Toxic|p1a: Melmetal
|-immune|p1a: Melmetal
|
|upkeep
|turn|54
|
|t:|1607913692
|switch|p2a: Quagsire|Quagsire, F|98/100
|move|p1a: Melmetal|Toxic|p2a: Quagsire|[miss]
|-miss|p1a: Melmetal|p2a: Quagsire
|
|-heal|p2a: Quagsire|100/100|[from] item: Leftovers
|upkeep
|turn|55
|
|t:|1607913703
|switch|p1a: Tornadus|Tornadus-Therian, M|97/100 tox
|move|p2a: Quagsire|Whirlpool|p1a: Tornadus
|-damage|p1a: Tornadus|89/100 tox
|-activate|p1a: Tornadus|move: Whirlpool|[of] p2a: Quagsire
|
|-damage|p1a: Tornadus|83/100 tox|[from] psn
|-damage|p1a: Tornadus|70/100 tox|[from] move: Whirlpool|[partiallytrapped]
|upkeep
|turn|56
|
|t:|1607913714
|move|p1a: Tornadus|U-turn|p2a: Quagsire
|-damage|p2a: Quagsire|91/100
|
|t:|1607913720
|switch|p1a: Vaporeon|Vaporeon, M|82/100|[from]move: U-turn
|move|p2a: Quagsire|Whirlpool|p1a: Vaporeon
|-heal|p1a: Vaporeon|100/100|[from] ability: Water Absorb|[of] p2a: Quagsire
|
|-heal|p2a: Quagsire|97/100|[from] item: Leftovers
|upkeep
|turn|57
|
|t:|1607913742
|move|p1a: Vaporeon|Scald|p2a: Quagsire
|-heal|p2a: Quagsire|100/100|[from] ability: Water Absorb|[of] p1a: Vaporeon
|move|p2a: Quagsire|Whirlpool|p1a: Vaporeon
|-immune|p1a: Vaporeon|[from] ability: Water Absorb
|
|upkeep
|turn|58
|
|t:|1607913752
|switch|p1a: Tornadus|Tornadus-Therian, M|100/100 tox
|move|p2a: Quagsire|Toxic|p1a: Tornadus
|-fail|p1a: Tornadus|tox
|
|-damage|p1a: Tornadus|94/100 tox|[from] psn
|upkeep
|turn|59
|
|t:|1607913760
|switch|p1a: Vaporeon|Vaporeon, M|100/100
|switch|p2a: Blissey|Blissey, F|61/100
|
|upkeep
|turn|60
|
|t:|1607913767
|switch|p1a: Cinderace|Cinderace, M|47/100
|move|p2a: Blissey|Substitute|p2a: Blissey
|-start|p2a: Blissey|Substitute
|-damage|p2a: Blissey|36/100
|
|upkeep
|turn|61
|
|t:|1607913777
|move|p1a: Cinderace|U-turn|p2a: Blissey
|-start|p1a: Cinderace|typechange|Bug|[from] ability: Libero
|-end|p2a: Blissey|Substitute
|
|t:|1607913783
|switch|p1a: Melmetal|Melmetal|100/100|[from]move: U-turn
|move|p2a: Blissey|Toxic|p1a: Melmetal
|-immune|p1a: Melmetal
|
|upkeep
|turn|62
|inactive|Y.Ares has 90 seconds left.
|
|t:|1607913790
|move|p2a: Blissey|Soft-Boiled|p2a: Blissey
|-heal|p2a: Blissey|86/100
|move|p1a: Melmetal|Toxic|p2a: Blissey
|-status|p2a: Blissey|tox
|
|-damage|p2a: Blissey|80/100 tox|[from] psn
|upkeep
|turn|63
|
|t:|1607913797
|switch|p2a: Quagsire|Quagsire, F|100/100
|move|p1a: Melmetal|Toxic|p2a: Quagsire
|-status|p2a: Quagsire|tox
|
|-damage|p2a: Quagsire|94/100 tox|[from] psn
|upkeep
|turn|64
|
|t:|1607913806
|switch|p2a: Cinderace|Cinderace, M|9/100
|switch|p1a: Tornadus|Tornadus-Therian, M|100/100 tox
|
|-damage|p1a: Tornadus|94/100 tox|[from] psn
|upkeep
|turn|65
|
|t:|1607913814
|move|p1a: Tornadus|U-turn|p2a: Cinderace
|-resisted|p2a: Cinderace
|-damage|p2a: Cinderace|0 fnt
|faint|p2a: Cinderace
|
|t:|1607913819
|switch|p1a: Tapu Koko|Tapu Koko|24/100|[from]move: U-turn
|-fieldstart|move: Electric Terrain|[from] ability: Electric Surge|[of] p1a: Tapu Koko
|
|upkeep
|-message|Y.Ares forfeited.
|
|win|PedroGrug
|l|☆Y.Ares
|c|☆PedroGrug|lixo
|l| BandedDecidueye
|raw|PedroGrug's rating: 1650 &rarr; <strong>1669</strong><br />(+19 for winning)
|raw|Y.Ares's rating: 1633 &rarr; <strong>1614</strong><br />(-19 for losing)
