|j|☆big boss 447
|j|☆Rocona
|t:|1664586403
|gametype|singles
|player|p1|big boss 447|harlequin|1740
|player|p2|Rocona|rosa-masters|1816
|teamsize|p1|6
|teamsize|p2|6
|gen|8
|tier|[Gen 8] OU
|rated|
|rule|Sleep Clause Mod: Limit one foe put to sleep
|rule|Species Clause: Limit one of each Pokémon
|rule|OHKO Clause: OHKO moves are banned
|rule|Evasion Items Clause: Evasion items are banned
|rule|Evasion Moves Clause: Evasion moves are banned
|rule|Endless Battle Clause: Forcing endless battles is banned
|rule|HP Percentage Mod: HP is shown in percentages
|rule|Dynamax Clause: You cannot dynamax
|clearpoke
|poke|p1|Landorus-Therian, M|
|poke|p1|Dragapult, F|
|poke|p1|Moltres-Galar|
|poke|p1|Pelipper, M|
|poke|p1|Melmetal|
|poke|p1|Urshifu-*, M|
|poke|p2|Melmetal|
|poke|p2|Landorus-Therian, M|
|poke|p2|Tyranitar, M|
|poke|p2|Dragapult, M|
|poke|p2|Regieleki|
|poke|p2|Urshifu-*, F|
|teampreview
|inactive|Battle timer is ON: inactive players will automatically lose when time's up. (requested by Rocona)
|inactive|big boss 447 also wants the timer to be on.
|j| cellophanedoll
|
|t:|1664586417
|start
|switch|p1a: Urshifu|Urshifu-Rapid-Strike, M|100/100
|switch|p2a: Dragapult|Dragapult, M, shiny|100/100
|turn|1
|
|t:|1664586421
|move|p1a: Urshifu|Ice Punch|p2a: Dragapult
|-supereffective|p2a: Dragapult
|-damage|p2a: Dragapult|18/100
|move|p2a: Dragapult|Dragon Darts|p1a: Urshifu
|-damage|p1a: Urshifu|61/100
|-anim|p2a: Dragapult|Dragon Darts|p1a: Urshifu
|-crit|p1a: Urshifu
|-damage|p1a: Urshifu|0 fnt
|faint|p1a: Urshifu
|
|upkeep
|
|t:|1664586431
|switch|p1a: Landorus|Landorus-Therian, M|100/100
|-ability|p1a: Landorus|Intimidate|boost
|-fail|p2a: Dragapult|unboost|[from] ability: Clear Body|[of] p2a: Dragapult
|turn|2
|
|t:|1664586437
|move|p2a: Dragapult|Dragon Darts|p1a: Landorus
|-damage|p1a: Landorus|74/100
|-anim|p2a: Dragapult|Dragon Darts|p1a: Landorus
|-damage|p1a: Landorus|46/100
|move|p1a: Landorus|Stealth Rock|p2a: Dragapult
|-sidestart|p2: Rocona|move: Stealth Rock
|
|upkeep
|turn|3
|
|t:|1664586442
|switch|p1a: Melmetal|Melmetal|100/100
|move|p2a: Dragapult|Dragon Darts|p1a: Melmetal
|-resisted|p1a: Melmetal
|-damage|p1a: Melmetal|90/100
|-anim|p2a: Dragapult|Dragon Darts|p1a: Melmetal
|-resisted|p1a: Melmetal
|-damage|p1a: Melmetal|79/100
|
|upkeep
|turn|4
|
|t:|1664586447
|switch|p2a: Melmetal|Melmetal|100/100
|-damage|p2a: Melmetal|94/100|[from] Stealth Rock
|move|p1a: Melmetal|Ice Punch|p2a: Melmetal
|-resisted|p2a: Melmetal
|-damage|p2a: Melmetal|88/100
|
|-heal|p2a: Melmetal|94/100|[from] item: Leftovers
|upkeep
|turn|5
|
|t:|1664586454
|move|p1a: Melmetal|Earthquake|p2a: Melmetal
|-supereffective|p2a: Melmetal
|-damage|p2a: Melmetal|67/100
|move|p2a: Melmetal|Ice Punch|p1a: Melmetal
|-resisted|p1a: Melmetal
|-damage|p1a: Melmetal|71/100
|
|-heal|p2a: Melmetal|73/100|[from] item: Leftovers
|upkeep
|turn|6
|
|t:|1664586460
|move|p1a: Melmetal|Double Iron Bash|p2a: Melmetal
|-resisted|p2a: Melmetal
|-damage|p2a: Melmetal|65/100
|-resisted|p2a: Melmetal
|-damage|p2a: Melmetal|58/100
|-hitcount|p2a: Melmetal|2
|move|p2a: Melmetal|Body Press|p1a: Melmetal
|-supereffective|p1a: Melmetal
|-damage|p1a: Melmetal|33/100
|
|-heal|p2a: Melmetal|64/100|[from] item: Leftovers
|upkeep
|turn|7
|
|t:|1664586470
|switch|p1a: Pelipper|Pelipper, M|100/100
|-weather|RainDance|[from] ability: Drizzle|[of] p1a: Pelipper
|move|p2a: Melmetal|Thunder Punch|p1a: Pelipper
|-supereffective|p1a: Pelipper
|-damage|p1a: Pelipper|0 fnt
|faint|p1a: Pelipper
|
|-weather|RainDance|[upkeep]
|-heal|p2a: Melmetal|70/100|[from] item: Leftovers
|upkeep
|
|t:|1664586476
|switch|p1a: Moltres|Moltres-Galar|100/100
|turn|8
|j| gold bottle
|
|t:|1664586486
|move|p1a: Moltres|Nasty Plot|p1a: Moltres
|-boost|p1a: Moltres|spa|2
|move|p2a: Melmetal|Double Iron Bash|p1a: Moltres
|-damage|p1a: Moltres|60/100
|-damage|p1a: Moltres|20/100
|-hitcount|p1a: Moltres|2
|-ability|p1a: Moltres|Berserk|boost
|-boost|p1a: Moltres|spa|1
|
|-weather|RainDance|[upkeep]
|-heal|p2a: Melmetal|76/100|[from] item: Leftovers
|upkeep
|turn|9
|
|t:|1664586495
|switch|p2a: Tyranitar|Tyranitar, M|100/100
|-damage|p2a: Tyranitar|88/100|[from] Stealth Rock
|-weather|Sandstorm|[from] ability: Sand Stream|[of] p2a: Tyranitar
|move|p1a: Moltres|Fiery Wrath|p2a: Tyranitar
|-resisted|p2a: Tyranitar
|-damage|p2a: Tyranitar|72/100
|
|-weather|Sandstorm|[upkeep]
|-damage|p1a: Moltres|13/100|[from] Sandstorm
|upkeep
|turn|10
|n| tw*nk era|cellophanedoll
|c|☆Rocona|16%
|
|t:|1664586513
|move|p1a: Moltres|Hurricane|p2a: Tyranitar
|-resisted|p2a: Tyranitar
|-crit|p2a: Tyranitar
|-damage|p2a: Tyranitar|46/100
|move|p2a: Tyranitar|Ice Punch|p1a: Moltres
|-supereffective|p1a: Moltres
|-damage|p1a: Moltres|0 fnt
|faint|p1a: Moltres
|
|-weather|Sandstorm|[upkeep]
|upkeep
|
|t:|1664586517
|switch|p1a: Landorus|Landorus-Therian, M|46/100
|-ability|p1a: Landorus|Intimidate|boost
|-unboost|p2a: Tyranitar|atk|1
|turn|11
|j| darkcloud1986
|c| tw*nk era|BIG boss 447 STAND UP!!!
|
|t:|1664586528
|switch|p2a: Landorus|Landorus-Therian, M|100/100
|-damage|p2a: Landorus|88/100|[from] Stealth Rock
|-ability|p2a: Landorus|Intimidate|boost
|-unboost|p1a: Landorus|atk|1
|move|p1a: Landorus|U-turn|p2a: Landorus
|-resisted|p2a: Landorus
|-damage|p2a: Landorus|83/100
|
|t:|1664586532
|switch|p1a: Dragapult|Dragapult, F|100/100|[from]move: U-turn
|
|-weather|Sandstorm|[upkeep]
|-damage|p1a: Dragapult|95/100|[from] Sandstorm
|-heal|p2a: Landorus|89/100|[from] item: Leftovers
|upkeep
|turn|12
|
|t:|1664586541
|move|p1a: Dragapult|Draco Meteor|p2a: Landorus
|-damage|p2a: Landorus|0 fnt
|-unboost|p1a: Dragapult|spa|2
|faint|p2a: Landorus
|
|-weather|Sandstorm|[upkeep]
|-damage|p1a: Dragapult|89/100|[from] Sandstorm
|upkeep
|c| tw*nk era|EXACTLY END THAT TW*NK LANDORUS
|
|t:|1664586552
|switch|p2a: Melmetal|Melmetal|76/100
|-damage|p2a: Melmetal|70/100|[from] Stealth Rock
|turn|13
|
|t:|1664586560
|switch|p1a: Melmetal|Melmetal|33/100
|move|p2a: Melmetal|Double Iron Bash|p1a: Melmetal
|-resisted|p1a: Melmetal
|-damage|p1a: Melmetal|24/100
|-resisted|p1a: Melmetal
|-damage|p1a: Melmetal|15/100
|-hitcount|p1a: Melmetal|2
|
|-weather|none
|-heal|p2a: Melmetal|76/100|[from] item: Leftovers
|upkeep
|turn|14
|
|t:|1664586566
|switch|p1a: Landorus|Landorus-Therian, M|46/100
|-ability|p1a: Landorus|Intimidate|boost
|-unboost|p2a: Melmetal|atk|1
|move|p2a: Melmetal|Body Press|p1a: Landorus
|-resisted|p1a: Landorus
|-damage|p1a: Landorus|35/100
|-damage|p2a: Melmetal|60/100|[from] item: Rocky Helmet|[of] p1a: Landorus
|
|-heal|p2a: Melmetal|66/100|[from] item: Leftovers
|upkeep
|turn|15
|
|t:|1664586575
|move|p1a: Landorus|U-turn|p2a: Melmetal
|-resisted|p2a: Melmetal
|-damage|p2a: Melmetal|61/100
|
|t:|1664586578
|switch|p1a: Melmetal|Melmetal|15/100|[from]move: U-turn
|move|p2a: Melmetal|Ice Punch|p1a: Melmetal
|-resisted|p1a: Melmetal
|-damage|p1a: Melmetal|10/100
|-status|p1a: Melmetal|frz
|
|-heal|p2a: Melmetal|67/100|[from] item: Leftovers
|upkeep
|turn|16
|
|t:|1664586581
|cant|p1a: Melmetal|frz
|move|p2a: Melmetal|Double Iron Bash|p1a: Melmetal
|-resisted|p1a: Melmetal
|-damage|p1a: Melmetal|4/100 frz
|-resisted|p1a: Melmetal
|-damage|p1a: Melmetal|0 fnt
|faint|p1a: Melmetal
|-hitcount|p1: Melmetal|2
|
|-heal|p2a: Melmetal|73/100|[from] item: Leftovers
|upkeep
|
|t:|1664586583
|switch|p1a: Dragapult|Dragapult, F|89/100
|turn|17
|
|t:|1664586589
|move|p1a: Dragapult|Flamethrower|p2a: Melmetal
|-supereffective|p2a: Melmetal
|-damage|p2a: Melmetal|0 fnt
|faint|p2a: Melmetal
|
|upkeep
|
|t:|1664586592
|switch|p2a: Tyranitar|Tyranitar, M|46/100
|-damage|p2a: Tyranitar|33/100|[from] Stealth Rock
|-weather|Sandstorm|[from] ability: Sand Stream|[of] p2a: Tyranitar
|turn|18
|c| tw*nk era|OMFG u would have won if ur not frozen
|
|t:|1664586598
|switch|p1a: Landorus|Landorus-Therian, M|35/100
|-ability|p1a: Landorus|Intimidate|boost
|-unboost|p2a: Tyranitar|atk|1
|move|p2a: Tyranitar|Ice Punch|p1a: Landorus
|-supereffective|p1a: Landorus
|-damage|p1a: Landorus|0 fnt
|-damage|p2a: Tyranitar|17/100|[from] item: Rocky Helmet|[of] p1a: Landorus
|faint|p1a: Landorus
|
|-weather|Sandstorm|[upkeep]
|upkeep
|
|t:|1664586602
|switch|p1a: Dragapult|Dragapult, F|89/100
|turn|19
|
|t:|1664586609
|move|p1a: Dragapult|Draco Meteor|p2a: Tyranitar
|-damage|p2a: Tyranitar|0 fnt
|-unboost|p1a: Dragapult|spa|2
|faint|p2a: Tyranitar
|
|-weather|Sandstorm|[upkeep]
|-damage|p1a: Dragapult|83/100|[from] Sandstorm
|upkeep
|
|t:|1664586613
|switch|p2a: Dragapult|Dragapult, M, shiny|18/100
|-damage|p2a: Dragapult|6/100|[from] Stealth Rock
|turn|20
|
|t:|1664586615
|move|p2a: Dragapult|Sucker Punch|p1a: Dragapult
|-supereffective|p1a: Dragapult
|-damage|p1a: Dragapult|0 fnt
|faint|p1a: Dragapult
|
|win|Rocona
|raw|big boss 447's rating: 1740 &rarr; <strong>1724</strong><br />(-16 for losing)
|raw|Rocona's rating: 1816 &rarr; <strong>1832</strong><br />(+16 for winning)
|l|☆big boss 447
|l| tw*nk era
||Ladder isn't responding, score probably updated but might not have (Request timeout).
