|j|☆brettfavreguilty
|j|☆reionatro
|t:|1667464018
|gametype|singles
|player|p1|brettfavreguilty|harlequin|1724
|player|p2|reionatro|1|1881
|teamsize|p1|6
|teamsize|p2|6
|gen|8
|tier|[Gen 8] OU
|rated|
|rule|Sleep Clause Mod: Limit one foe put to sleep
|rule|Species Clause: Limit one of each Pokémon
|rule|OHKO Clause: OHKO moves are banned
|rule|Evasion Items Clause: Evasion items are banned
|rule|Evasion Moves Clause: Evasion moves are banned
|rule|Endless Battle Clause: Forcing endless battles is banned
|rule|HP Percentage Mod: HP is shown in percentages
|rule|Dynamax Clause: You cannot dynamax
|clearpoke
|poke|p1|Pelipper, F|
|poke|p1|Buzzwole|
|poke|p1|Inteleon, M|
|poke|p1|Ferrothorn, M|
|poke|p1|Barraskewda, M|
|poke|p1|Seismitoad, M|
|poke|p2|Landorus-Therian, M|
|poke|p2|Melmetal|
|poke|p2|Rillaboom, F|
|poke|p2|Tapu Koko|
|poke|p2|Urshifu-*, F|
|poke|p2|Zapdos|
|teampreview
|inactive|Battle timer is ON: inactive players will automatically lose when time's up. (requested by brettfavreguilty)
|
|t:|1667464038
|start
|switch|p1a: Ferrothorn|Ferrothorn, M|100/100
|switch|p2a: Tapu Koko|Tapu Koko|100/100
|-fieldstart|move: Electric Terrain|[from] ability: Electric Surge|[of] p2a: Tapu Koko
|turn|1
|
|t:|1667464043
|move|p2a: Tapu Koko|Volt Switch|p1a: Ferrothorn
|-resisted|p1a: Ferrothorn
|-damage|p1a: Ferrothorn|84/100
|
|t:|1667464047
|switch|p2a: Landorus|Landorus-Therian, M|100/100|[from]move: Volt Switch
|-ability|p2a: Landorus|Intimidate|boost
|-unboost|p1a: Ferrothorn|atk|1
|move|p1a: Ferrothorn|Knock Off|p2a: Landorus
|-damage|p2a: Landorus|87/100
|-enditem|p2a: Landorus|Leftovers|[from] move: Knock Off|[of] p1a: Ferrothorn
|
|-heal|p1a: Ferrothorn|90/100|[from] item: Leftovers
|upkeep
|turn|2
|
|t:|1667464051
|switch|p1a: Pelipper|Pelipper, F|100/100
|-weather|RainDance|[from] ability: Drizzle|[of] p1a: Pelipper
|move|p2a: Landorus|Stealth Rock|p1a: Pelipper
|-sidestart|p1: brettfavreguilty|move: Stealth Rock
|
|-weather|RainDance|[upkeep]
|upkeep
|turn|3
|
|t:|1667464055
|move|p2a: Landorus|Knock Off|p1a: Pelipper
|-damage|p1a: Pelipper|79/100
|-enditem|p1a: Pelipper|Damp Rock|[from] move: Knock Off|[of] p2a: Landorus
|move|p1a: Pelipper|Scald|p2a: Landorus
|-supereffective|p2a: Landorus
|-damage|p2a: Landorus|27/100
|
|-weather|RainDance|[upkeep]
|upkeep
|turn|4
|inactive|reionatro has 120 seconds left.
|inactive|reionatro has 90 seconds left.
|inactive|reionatro has 60 seconds left.
|
|t:|1667464152
|move|p2a: Landorus|U-turn|p1a: Pelipper
|-resisted|p1a: Pelipper
|-damage|p1a: Pelipper|70/100
|
|t:|1667464160
|switch|p2a: Melmetal|Melmetal, shiny|100/100|[from]move: U-turn
|move|p1a: Pelipper|Defog|p2a: Melmetal
|-unboost|p2a: Melmetal|evasion|1
|-sideend|p1: brettfavreguilty|Stealth Rock|[from] move: Defog|[of] p1a: Pelipper
|-fieldend|move: Electric Terrain
|
|-weather|RainDance|[upkeep]
|upkeep
|turn|5
|
|t:|1667464164
|move|p1a: Pelipper|U-turn|p2a: Melmetal
|-resisted|p2a: Melmetal
|-damage|p2a: Melmetal|98/100
|
|t:|1667464165
|switch|p1a: Ferrothorn|Ferrothorn, M|90/100|[from]move: U-turn
|move|p2a: Melmetal|Toxic|p1a: Ferrothorn
|-immune|p1a: Ferrothorn
|
|-weather|RainDance|[upkeep]
|-heal|p2a: Melmetal|100/100|[from] item: Leftovers
|-heal|p1a: Ferrothorn|96/100|[from] item: Leftovers
|upkeep
|turn|6
|
|t:|1667464171
|switch|p2a: Landorus|Landorus-Therian, M|27/100
|-ability|p2a: Landorus|Intimidate|boost
|-unboost|p1a: Ferrothorn|atk|1
|move|p1a: Ferrothorn|Stealth Rock|p2a: Landorus
|-sidestart|p2: reionatro|move: Stealth Rock
|
|-weather|RainDance|[upkeep]
|-heal|p1a: Ferrothorn|100/100|[from] item: Leftovers
|upkeep
|turn|7
|
|t:|1667464179
|switch|p1a: Barraskewda|Barraskewda, M|100/100
|move|p2a: Landorus|Stealth Rock|p1a: Barraskewda
|-sidestart|p1: brettfavreguilty|move: Stealth Rock
|
|-weather|RainDance|[upkeep]
|upkeep
|turn|8
|
|t:|1667464183
|switch|p2a: Zapdos|Zapdos, shiny|100/100
|move|p1a: Barraskewda|Liquidation|p2a: Zapdos
|-damage|p2a: Zapdos|23/100
|-unboost|p2a: Zapdos|def|1
|-status|p1a: Barraskewda|par|[from] ability: Static|[of] p2a: Zapdos
|
|-weather|RainDance|[upkeep]
|upkeep
|turn|9
|inactive|reionatro has 90 seconds left.
|
|t:|1667464215
|switch|p2a: Rillaboom|Rillaboom, F|100/100
|-damage|p2a: Rillaboom|88/100|[from] Stealth Rock
|-fieldstart|move: Grassy Terrain|[from] ability: Grassy Surge|[of] p2a: Rillaboom
|move|p1a: Barraskewda|Liquidation|p2a: Rillaboom
|-resisted|p2a: Rillaboom
|-damage|p2a: Rillaboom|43/100
|
|-weather|none
|-heal|p2a: Rillaboom|49/100|[from] Grassy Terrain
|-heal|p2a: Rillaboom|56/100|[from] item: Leftovers
|upkeep
|turn|10
|inactive|reionatro has 60 seconds left.
|
|t:|1667464237
|switch|p2a: Zapdos|Zapdos, shiny|23/100
|move|p1a: Barraskewda|Liquidation|p2a: Zapdos
|-crit|p2a: Zapdos
|-damage|p2a: Zapdos|0 fnt
|faint|p2a: Zapdos
|
|upkeep
|inactive|reionatro has 60 seconds left.
|
|t:|1667464244
|switch|p2a: Tapu Koko|Tapu Koko|100/100
|-damage|p2a: Tapu Koko|88/100|[from] Stealth Rock
|-fieldstart|move: Electric Terrain|[from] ability: Electric Surge|[of] p2a: Tapu Koko
|turn|11
|
|t:|1667464252
|switch|p1a: Ferrothorn|Ferrothorn, M|100/100
|-damage|p1a: Ferrothorn|95/100|[from] Stealth Rock
|move|p2a: Tapu Koko|Volt Switch|p1a: Ferrothorn
|-resisted|p1a: Ferrothorn
|-damage|p1a: Ferrothorn|76/100
|
|t:|1667464256
|switch|p2a: Urshifu|Urshifu-Rapid-Strike, F|100/100|[from]move: Volt Switch
|-damage|p2a: Urshifu|94/100|[from] Stealth Rock
|
|-heal|p1a: Ferrothorn|82/100|[from] item: Leftovers
|upkeep
|turn|12
|
|t:|1667464261
|switch|p1a: Pelipper|Pelipper, F|70/100
|-damage|p1a: Pelipper|46/100|[from] Stealth Rock
|-weather|RainDance|[from] ability: Drizzle|[of] p1a: Pelipper
|move|p2a: Urshifu|Close Combat|p1a: Pelipper
|-resisted|p1a: Pelipper
|-damage|p1a: Pelipper|22/100
|-unboost|p2a: Urshifu|def|1
|-unboost|p2a: Urshifu|spd|1
|
|-weather|RainDance|[upkeep]
|upkeep
|turn|13
|
|t:|1667464268
|move|p2a: Urshifu|Thunder Punch|p1a: Pelipper
|-supereffective|p1a: Pelipper
|-damage|p1a: Pelipper|0 fnt
|faint|p1a: Pelipper
|
|-weather|RainDance|[upkeep]
|upkeep
|
|t:|1667464270
|switch|p1a: Seismitoad|Seismitoad, M|100/100
|-damage|p1a: Seismitoad|95/100|[from] Stealth Rock
|turn|14
|
|t:|1667464280
|switch|p2a: Landorus|Landorus-Therian, M|27/100
|-damage|p2a: Landorus|14/100|[from] Stealth Rock
|-ability|p2a: Landorus|Intimidate|boost
|-unboost|p1a: Seismitoad|atk|1
|move|p1a: Seismitoad|Weather Ball|p2a: Landorus
|-supereffective|p2a: Landorus
|-damage|p2a: Landorus|0 fnt
|faint|p2a: Landorus
|-damage|p1a: Seismitoad|85/100|[from] item: Life Orb
|
|-weather|RainDance|[upkeep]
|upkeep
|
|t:|1667464282
|switch|p2a: Rillaboom|Rillaboom, F|56/100
|-damage|p2a: Rillaboom|43/100|[from] Stealth Rock
|-fieldstart|move: Grassy Terrain|[from] ability: Grassy Surge|[of] p2a: Rillaboom
|turn|15
|
|t:|1667464286
|switch|p1a: Buzzwole|Buzzwole|100/100
|-damage|p1a: Buzzwole|88/100|[from] Stealth Rock
|move|p2a: Rillaboom|Grassy Glide|p1a: Buzzwole
|-resisted|p1a: Buzzwole
|-damage|p1a: Buzzwole|69/100
|
|-weather|RainDance|[upkeep]
|-heal|p1a: Buzzwole|75/100|[from] Grassy Terrain
|-heal|p2a: Rillaboom|49/100|[from] Grassy Terrain
|-heal|p2a: Rillaboom|56/100|[from] item: Leftovers
|upkeep
|turn|16
|j| Ran Kob
|inactive|reionatro has 90 seconds left.
|
|t:|1667464320
|switch|p2a: Tapu Koko|Tapu Koko|88/100
|-damage|p2a: Tapu Koko|76/100|[from] Stealth Rock
|-fieldstart|move: Electric Terrain|[from] ability: Electric Surge|[of] p2a: Tapu Koko
|move|p1a: Buzzwole|Close Combat|p2a: Tapu Koko
|-resisted|p2a: Tapu Koko
|-damage|p2a: Tapu Koko|8/100
|-unboost|p1a: Buzzwole|def|1
|-unboost|p1a: Buzzwole|spd|1
|
|-weather|none
|upkeep
|turn|17
|inactive|reionatro has 90 seconds left.
|
|t:|1667464339
|switch|p1a: Ferrothorn|Ferrothorn, M|82/100
|-damage|p1a: Ferrothorn|76/100|[from] Stealth Rock
|move|p2a: Tapu Koko|Dazzling Gleam|p1a: Ferrothorn
|-resisted|p1a: Ferrothorn
|-damage|p1a: Ferrothorn|60/100
|
|-heal|p1a: Ferrothorn|66/100|[from] item: Leftovers
|upkeep
|turn|18
|inactive|reionatro has 90 seconds left.
|
|t:|1667464353
|switch|p2a: Rillaboom|Rillaboom, F|56/100
|-damage|p2a: Rillaboom|43/100|[from] Stealth Rock
|-fieldstart|move: Grassy Terrain|[from] ability: Grassy Surge|[of] p2a: Rillaboom
|move|p1a: Ferrothorn|Leech Seed|p2a: Rillaboom
|-immune|p2a: Rillaboom
|
|-heal|p2a: Rillaboom|49/100|[from] Grassy Terrain
|-heal|p2a: Rillaboom|56/100|[from] item: Leftovers
|-heal|p1a: Ferrothorn|72/100|[from] Grassy Terrain
|-heal|p1a: Ferrothorn|78/100|[from] item: Leftovers
|upkeep
|turn|19
|inactive|reionatro has 90 seconds left.
|
|t:|1667464366
|move|p2a: Rillaboom|Knock Off|p1a: Ferrothorn
|-damage|p1a: Ferrothorn|51/100
|-damage|p2a: Rillaboom|43/100|[from] ability: Iron Barbs|[of] p1a: Ferrothorn
|-enditem|p1a: Ferrothorn|Leftovers|[from] move: Knock Off|[of] p2a: Rillaboom
|move|p1a: Ferrothorn|Knock Off|p2a: Rillaboom
|-damage|p2a: Rillaboom|25/100
|-enditem|p2a: Rillaboom|Leftovers|[from] move: Knock Off|[of] p1a: Ferrothorn
|
|-heal|p2a: Rillaboom|31/100|[from] Grassy Terrain
|-heal|p1a: Ferrothorn|57/100|[from] Grassy Terrain
|upkeep
|turn|20
|
|t:|1667464372
|move|p2a: Rillaboom|Swords Dance|p2a: Rillaboom
|-boost|p2a: Rillaboom|atk|2
|move|p1a: Ferrothorn|Gyro Ball|p2a: Rillaboom
|-damage|p2a: Rillaboom|0 fnt
|faint|p2a: Rillaboom
|
|-heal|p1a: Ferrothorn|63/100|[from] Grassy Terrain
|upkeep
|
|t:|1667464375
|switch|p2a: Urshifu|Urshifu-Rapid-Strike, F|94/100
|-damage|p2a: Urshifu|88/100|[from] Stealth Rock
|turn|21
|
|t:|1667464394
|switch|p1a: Barraskewda|Barraskewda, M|100/100 par
|-damage|p1a: Barraskewda|88/100 par|[from] Stealth Rock
|move|p2a: Urshifu|Surging Strikes|p1a: Barraskewda
|-resisted|p1a: Barraskewda
|-crit|p1a: Barraskewda
|-damage|p1a: Barraskewda|67/100 par
|-resisted|p1a: Barraskewda
|-crit|p1a: Barraskewda
|-damage|p1a: Barraskewda|45/100 par
|-resisted|p1a: Barraskewda
|-crit|p1a: Barraskewda
|-damage|p1a: Barraskewda|25/100 par
|-hitcount|p1a: Barraskewda|3
|
|-heal|p2a: Urshifu|94/100|[from] Grassy Terrain
|-heal|p1a: Barraskewda|31/100 par|[from] Grassy Terrain
|upkeep
|turn|22
|inactive|reionatro has 90 seconds left.
|
|t:|1667464415
|move|p2a: Urshifu|Surging Strikes|p1a: Barraskewda
|-resisted|p1a: Barraskewda
|-crit|p1a: Barraskewda
|-damage|p1a: Barraskewda|9/100 par
|-resisted|p1a: Barraskewda
|-crit|p1a: Barraskewda
|-damage|p1a: Barraskewda|0 fnt
|faint|p1a: Barraskewda
|-hitcount|p1: Barraskewda|2
|
|-heal|p2a: Urshifu|100/100|[from] Grassy Terrain
|-fieldend|move: Grassy Terrain
|upkeep
|
|t:|1667464418
|switch|p1a: Buzzwole|Buzzwole|75/100
|-damage|p1a: Buzzwole|63/100|[from] Stealth Rock
|turn|23
|inactive|reionatro has 90 seconds left.
|l| Ran Kob
|
|t:|1667464452
|switch|p2a: Tapu Koko|Tapu Koko|8/100
|-damage|p2a: Tapu Koko|0 fnt|[from] Stealth Rock
|faint|p2a: Tapu Koko
|move|p1a: Buzzwole|Close Combat|p2: Tapu Koko|[notarget]
|-fail|p1a: Buzzwole
|
|upkeep
|
|t:|1667464459
|switch|p2a: Melmetal|Melmetal, shiny|100/100
|-damage|p2a: Melmetal|94/100|[from] Stealth Rock
|turn|24
|
|t:|1667464473
|switch|p1a: Seismitoad|Seismitoad, M|85/100
|-damage|p1a: Seismitoad|79/100|[from] Stealth Rock
|switch|p2a: Urshifu|Urshifu-Rapid-Strike, F|100/100
|-damage|p2a: Urshifu|94/100|[from] Stealth Rock
|
|upkeep
|turn|25
|
|t:|1667464481
|move|p2a: Urshifu|Close Combat|p1a: Seismitoad
|-damage|p1a: Seismitoad|0 fnt
|-unboost|p2a: Urshifu|def|1
|-unboost|p2a: Urshifu|spd|1
|faint|p1a: Seismitoad
|
|upkeep
|
|t:|1667464489
|switch|p1a: Buzzwole|Buzzwole|63/100
|-damage|p1a: Buzzwole|51/100|[from] Stealth Rock
|turn|26
|inactive|reionatro has 90 seconds left.
|
|t:|1667464506
|move|p2a: Urshifu|Surging Strikes|p1a: Buzzwole
|-crit|p1a: Buzzwole
|-damage|p1a: Buzzwole|35/100
|-crit|p1a: Buzzwole
|-damage|p1a: Buzzwole|20/100
|-crit|p1a: Buzzwole
|-damage|p1a: Buzzwole|5/100
|-hitcount|p1a: Buzzwole|3
|move|p1a: Buzzwole|Earthquake|p2a: Urshifu
|-damage|p2a: Urshifu|11/100
|
|upkeep
|turn|27
|inactive|reionatro has 90 seconds left.
|
|t:|1667464537
|move|p2a: Urshifu|Close Combat|p1a: Buzzwole
|-resisted|p1a: Buzzwole
|-damage|p1a: Buzzwole|0 fnt
|-unboost|p2a: Urshifu|def|1
|-unboost|p2a: Urshifu|spd|1
|faint|p1a: Buzzwole
|
|upkeep
|
|t:|1667464539
|switch|p1a: GALARIAN SNIPER|Inteleon, M|100/100
|-damage|p1a: GALARIAN SNIPER|88/100|[from] Stealth Rock
|turn|28
|
|t:|1667464551
|switch|p2a: Melmetal|Melmetal, shiny|94/100
|-damage|p2a: Melmetal|88/100|[from] Stealth Rock
|move|p1a: GALARIAN SNIPER|Snipe Shot|p2a: Melmetal
|-crit|p2a: Melmetal
|-damage|p2a: Melmetal|5/100
|
|-heal|p2a: Melmetal|11/100|[from] item: Leftovers
|upkeep
|turn|29
|
|t:|1667464555
|move|p1a: GALARIAN SNIPER|Snipe Shot|p2a: Melmetal
|-crit|p2a: Melmetal
|-damage|p2a: Melmetal|0 fnt
|faint|p2a: Melmetal
|
|upkeep
|
|t:|1667464557
|switch|p2a: Urshifu|Urshifu-Rapid-Strike, F|11/100
|-damage|p2a: Urshifu|5/100|[from] Stealth Rock
|turn|30
|
|t:|1667464559
|move|p1a: GALARIAN SNIPER|Snipe Shot|p2a: Urshifu
|-resisted|p2a: Urshifu
|-crit|p2a: Urshifu
|-damage|p2a: Urshifu|0 fnt
|faint|p2a: Urshifu
|
|win|brettfavreguilty
|raw|brettfavreguilty's rating: 1724 &rarr; <strong>1752</strong><br />(+28 for winning)
|raw|reionatro's rating: 1881 &rarr; <strong>1853</strong><br />(-28 for losing)
|c|☆reionatro|gg
|c|☆brettfavreguilty|gg
|l|☆reionatro
