|j|☆RggV_YT
|j|☆2(H2O)-Alt
|t:|1664950687
|gametype|singles
|player|p1|RggV_YT|scientist-gen4|1843
|player|p2|2(H2O)-Alt|chase|1858
|teamsize|p1|6
|teamsize|p2|6
|gen|8
|tier|[Gen 8] OU
|rated|
|rule|Sleep Clause Mod: Limit one foe put to sleep
|rule|Species Clause: Limit one of each Pokémon
|rule|OHKO Clause: OHKO moves are banned
|rule|Evasion Items Clause: Evasion items are banned
|rule|Evasion Moves Clause: Evasion moves are banned
|rule|Endless Battle Clause: Forcing endless battles is banned
|rule|HP Percentage Mod: HP is shown in percentages
|rule|Dynamax Clause: You cannot dynamax
|clearpoke
|poke|p1|Dragapult, M|
|poke|p1|Rotom-Wash|
|poke|p1|Landorus-Therian, M|
|poke|p1|Melmetal|
|poke|p1|Weavile, M|
|poke|p1|Kartana|
|poke|p2|Weavile, M|
|poke|p2|Blaziken, M|
|poke|p2|Rillaboom, M|
|poke|p2|Nihilego|
|poke|p2|Dragapult, M|
|poke|p2|Aegislash, M|
|teampreview
|c|☆RggV_YT|glhf bro :)
|inactive|Battle timer is ON: inactive players will automatically lose when time's up. (requested by 2(H2O)-Alt)
|
|t:|1664950704
|start
|switch|p1a: Bandit|Weavile, M, shiny|100/100
|switch|p2a: Nihilego|Nihilego|100/100
|-ability|p1a: Bandit|Pressure
|turn|1
|c|☆2(H2O)-Alt|u2 :)
|
|t:|1664950723
|switch|p2a: Destroyer|Blaziken, M, shiny|100/100
|move|p1a: Bandit|Beat Up|p2a: Destroyer
|-resisted|p2a: Destroyer
|-damage|p2a: Destroyer|91/100
|-resisted|p2a: Destroyer
|-damage|p2a: Destroyer|85/100
|-resisted|p2a: Destroyer
|-damage|p2a: Destroyer|74/100
|-resisted|p2a: Destroyer
|-damage|p2a: Destroyer|63/100
|-resisted|p2a: Destroyer
|-damage|p2a: Destroyer|53/100
|-resisted|p2a: Destroyer
|-crit|p2a: Destroyer
|-damage|p2a: Destroyer|34/100
|-hitcount|p2a: Destroyer|6
|
|upkeep
|turn|2
|
|t:|1664950726
|move|p2a: Destroyer|Protect|p2a: Destroyer
|-singleturn|p2a: Destroyer|Protect
|move|p1a: Bandit|Beat Up|p2a: Destroyer
|-activate|p2a: Destroyer|move: Protect
|
|-ability|p2a: Destroyer|Speed Boost|boost
|-boost|p2a: Destroyer|spe|1
|upkeep
|turn|3
|
|t:|1664950730
|switch|p1a: Enten|Landorus-Therian, M, shiny|100/100
|-ability|p1a: Enten|Intimidate|boost
|-unboost|p2a: Destroyer|atk|1
|move|p2a: Destroyer|Swords Dance|p2a: Destroyer
|-boost|p2a: Destroyer|atk|2
|
|-ability|p2a: Destroyer|Speed Boost|boost
|-boost|p2a: Destroyer|spe|1
|upkeep
|turn|4
|
|t:|1664950734
|move|p2a: Destroyer|Flare Blitz|p1a: Enten
|-damage|p1a: Enten|0 fnt
|faint|p1a: Enten
|-damage|p2a: Destroyer|0 fnt|[from] Recoil
|faint|p2a: Destroyer
|
|upkeep
|
|t:|1664950742
|switch|p2a: Leviathan|Dragapult, M, shiny|100/100
|switch|p1a: Leviathan|Dragapult, M, shiny|100/100
|turn|5
|
|t:|1664950746
|switch|p1a: Fate|Melmetal, shiny|100/100
|switch|p2a: Nihilego|Nihilego|100/100
|
|upkeep
|turn|6
|
|t:|1664950753
|move|p2a: Nihilego|Stealth Rock|p1a: Fate
|-sidestart|p1: RggV_YT|move: Stealth Rock
|move|p1a: Fate|Double Iron Bash|p2a: Nihilego
|-supereffective|p2a: Nihilego
|-damage|p2a: Nihilego|0 fnt
|faint|p2a: Nihilego
|-hitcount|p2: Nihilego|1
|
|upkeep
|
|t:|1664950759
|switch|p2a: Aegislash|Aegislash, M|100/100
|turn|7
|inactive|RggV_YT has 120 seconds left.
|
|t:|1664950801
|switch|p1a: Phantom|Rotom-Wash, shiny|100/100
|-damage|p1a: Phantom|88/100|[from] Stealth Rock
|move|p2a: Aegislash|Swords Dance|p2a: Aegislash
|-boost|p2a: Aegislash|atk|2
|
|-heal|p1a: Phantom|94/100|[from] item: Leftovers
|upkeep
|turn|8
|
|t:|1664950805
|move|p1a: Phantom|Hydro Pump|p2a: Aegislash|[miss]
|-miss|p1a: Phantom|p2a: Aegislash
|-formechange|p2a: Aegislash|Aegislash-Blade||[from] ability: Stance Change
|move|p2a: Aegislash|Close Combat|p1a: Phantom
|-damage|p1a: Phantom|0 fnt
|-unboost|p2a: Aegislash|def|1
|-unboost|p2a: Aegislash|spd|1
|faint|p1a: Phantom
|
|upkeep
|j| wohuopao
|inactive|RggV_YT has 120 seconds left.
|
|t:|1664950810
|switch|p1a: Bandit|Weavile, M, shiny|100/100
|-damage|p1a: Bandit|76/100|[from] Stealth Rock
|-ability|p1a: Bandit|Pressure
|turn|9
|
|t:|1664950813
|switch|p2a: Bandit|Weavile, M, shiny|100/100
|-ability|p2a: Bandit|Pressure
|move|p1a: Bandit|Knock Off|p2a: Bandit
|-resisted|p2a: Bandit
|-damage|p2a: Bandit|38/100
|-enditem|p2a: Bandit|Life Orb|[from] move: Knock Off|[of] p1a: Bandit
|
|upkeep
|turn|10
|
|t:|1664950821
|move|p1a: Bandit|Knock Off|p2a: Bandit
|-resisted|p2a: Bandit
|-damage|p2a: Bandit|0 fnt
|faint|p2a: Bandit
|
|upkeep
|
|t:|1664950827
|switch|p2a: Kong|Rillaboom, M, shiny|100/100
|-fieldstart|move: Grassy Terrain|[from] ability: Grassy Surge|[of] p2a: Kong
|turn|11
|j| AAArceus
|inactive|RggV_YT has 120 seconds left.
|
|t:|1664950867
|switch|p1a: Deathstroke|Kartana, shiny|100/100
|-damage|p1a: Deathstroke|94/100|[from] Stealth Rock
|move|p2a: Kong|Swords Dance|p2a: Kong
|-boost|p2a: Kong|atk|2
|
|-heal|p1a: Deathstroke|100/100|[from] Grassy Terrain
|upkeep
|turn|12
|j| Ctannn
|
|t:|1664950874
|switch|p1a: Leviathan|Dragapult, M, shiny|100/100
|-damage|p1a: Leviathan|88/100|[from] Stealth Rock
|move|p2a: Kong|Superpower|p1a: Leviathan
|-immune|p1a: Leviathan
|
|-heal|p1a: Leviathan|94/100|[from] Grassy Terrain
|upkeep
|turn|13
|inactive|RggV_YT has 120 seconds left.
|
|t:|1664950881
|move|p2a: Kong|Grassy Glide|p1a: Leviathan
|-resisted|p1a: Leviathan
|-damage|p1a: Leviathan|7/100
|-damage|p2a: Kong|91/100|[from] item: Life Orb
|move|p1a: Leviathan|Flamethrower|p2a: Kong
|-supereffective|p2a: Kong
|-damage|p2a: Kong|0 fnt
|faint|p2a: Kong
|
|-heal|p1a: Leviathan|13/100|[from] Grassy Terrain
|upkeep
|
|t:|1664950885
|switch|p2a: Leviathan|Dragapult, M, shiny|100/100
|turn|14
|
|t:|1664950888
|switch|p1a: Fate|Melmetal, shiny|100/100
|-damage|p1a: Fate|94/100|[from] Stealth Rock
|switch|p2a: Aegislash|Aegislash, M|100/100
|
|-heal|p1a: Fate|100/100|[from] Grassy Terrain
|upkeep
|turn|15
|
|t:|1664950894
|switch|p1a: Leviathan|Dragapult, M, shiny|13/100
|-damage|p1a: Leviathan|0 fnt|[from] Stealth Rock
|faint|p1a: Leviathan
|-formechange|p2a: Aegislash|Aegislash-Blade||[from] ability: Stance Change
|move|p2a: Aegislash|Close Combat|p1: Leviathan|[notarget]
|-fail|p2a: Aegislash
|
|-fieldend|move: Grassy Terrain
|upkeep
|
|t:|1664950899
|switch|p1a: Bandit|Weavile, M, shiny|76/100
|-damage|p1a: Bandit|51/100|[from] Stealth Rock
|-ability|p1a: Bandit|Pressure
|turn|16
|
|t:|1664950904
|move|p1a: Bandit|Knock Off|p2a: Aegislash
|-supereffective|p2a: Aegislash
|-damage|p2a: Aegislash|0 fnt
|-enditem|p2a: Aegislash|Weakness Policy|[from] move: Knock Off|[of] p1a: Bandit
|faint|p2a: Aegislash
|
|upkeep
|
|t:|1664950905
|switch|p2a: Leviathan|Dragapult, M, shiny|100/100
|turn|17
|
|t:|1664950907
|move|p1a: Bandit|Knock Off|p2a: Leviathan
|-supereffective|p2a: Leviathan
|-damage|p2a: Leviathan|0 fnt
|-enditem|p2a: Leviathan|Life Orb|[from] move: Knock Off|[of] p1a: Bandit
|faint|p2a: Leviathan
|
|win|RggV_YT
|raw|RggV_YT's rating: 1843 &rarr; <strong>1864</strong><br />(+21 for winning)
|raw|2(H2O)-Alt's rating: 1858 &rarr; <strong>1837</strong><br />(-21 for losing)
|c|☆RggV_YT|gg bro
|c|☆2(H2O)-Alt|Scarf weav
|c|☆RggV_YT|nah
|c|☆2(H2O)-Alt|that’s fire
|c|☆RggV_YT|jolly
|c|☆RggV_YT|speed tie
|c|☆2(H2O)-Alt|Oh
|c|☆RggV_YT|it's banded
|c|☆RggV_YT|ye
