|j|☆u lose 69
|j|☆cold.exe
|player|p1|u lose 69|2|1525
|player|p2|cold.exe|steven|1480
|teamsize|p1|6
|teamsize|p2|6
|gametype|singles
|gen|8
|tier|[Gen 8] OU
|rated|
|clearpoke
|poke|p1|Pelipper, M|
|poke|p1|Scizor, F|
|poke|p1|Barraskewda, M|
|poke|p1|Urshifu-*, M|
|poke|p1|Kingdra, F|
|poke|p1|Ferrothorn, F|
|poke|p2|Diggersby, F|
|poke|p2|Azumarill, M|
|poke|p2|Mandibuzz, F|
|poke|p2|Rotom-Heat|
|poke|p2|Rillaboom, M|
|poke|p2|Cinderace, F|
|rule|Sleep Clause Mod: Limit one foe put to sleep
|rule|Species Clause: Limit one of each Pokémon
|rule|OHKO Clause: OHKO moves are banned
|rule|Evasion Moves Clause: Evasion moves are banned
|rule|Endless Battle Clause: Forcing endless battles is banned
|rule|HP Percentage Mod: HP is shown in percentages
|rule|Dynamax Clause: You cannot dynamax
|teampreview
|
|start
|switch|p1a: Urshifu|Urshifu-Rapid-Strike, M|100/100
|switch|p2a: Bruh|Cinderace, F|100/100
|turn|1
|inactive|Battle timer is ON: inactive players will automatically lose when time's up. (requested by u lose 69)
|
|switch|p2a: Mandibuzz|Mandibuzz, F|100/100
|move|p1a: Urshifu|Aqua Jet|p2a: Mandibuzz
|-damage|p2a: Mandibuzz|81/100
|
|upkeep
|turn|2
|
|switch|p1a: Pelipper|Pelipper, M|100/100
|-weather|RainDance|[from] ability: Drizzle|[of] p1a: Pelipper
|move|p2a: Mandibuzz|U-turn|p1a: Pelipper
|-resisted|p1a: Pelipper
|-damage|p1a: Pelipper|96/100
|
|switch|p2a: Rotom|Rotom-Heat|100/100|[from]move: U-turn
|
|-weather|RainDance|[upkeep]
|upkeep
|turn|3
|
|switch|p1a: Kingdra|Kingdra, F|100/100
|move|p2a: Rotom|Volt Switch|p1a: Kingdra
|-damage|p1a: Kingdra|62/100
|
|switch|p2a: Rillaboom|Rillaboom, M|100/100|[from]move: Volt Switch
|-fieldstart|move: Grassy Terrain|[from] ability: Grassy Surge|[of] p2a: Rillaboom
|
|-weather|RainDance|[upkeep]
|-heal|p1a: Kingdra|68/100|[from] Grassy Terrain
|upkeep
|turn|4
|
|move|p2a: Rillaboom|Grassy Glide|p1a: Kingdra
|-damage|p1a: Kingdra|0 fnt
|-damage|p2a: Rillaboom|91/100|[from] item: Life Orb
|faint|p1a: Kingdra
|
|-weather|RainDance|[upkeep]
|-heal|p2a: Rillaboom|97/100|[from] Grassy Terrain
|upkeep
|
|switch|p1a: Ferrothorn|Ferrothorn, F|100/100
|turn|5
|
|switch|p2a: Rotom|Rotom-Heat|100/100
|switch|p1a: Urshifu|Urshifu-Rapid-Strike, M|100/100
|
|-weather|RainDance|[upkeep]
|upkeep
|turn|6
|
|switch|p2a: Mandibuzz|Mandibuzz, F|81/100
|move|p1a: Urshifu|Surging Strikes|p2a: Mandibuzz
|-crit|p2a: Mandibuzz
|-damage|p2a: Mandibuzz|55/100
|-crit|p2a: Mandibuzz
|-damage|p2a: Mandibuzz|31/100
|-crit|p2a: Mandibuzz
|-damage|p2a: Mandibuzz|5/100
|-hitcount|p2a: Mandibuzz|3
|
|-weather|RainDance|[upkeep]
|upkeep
|turn|7
|
|move|p1a: Urshifu|Surging Strikes|p2a: Mandibuzz
|-crit|p2a: Mandibuzz
|-damage|p2a: Mandibuzz|0 fnt
|-hitcount|p2a: Mandibuzz|1
|faint|p2a: Mandibuzz
|
|-weather|RainDance|[upkeep]
|-fieldend|move: Grassy Terrain
|upkeep
|
|switch|p2a: Azumarill|Azumarill, M|100/100
|turn|8
|
|switch|p1a: Ferrothorn|Ferrothorn, F|100/100
|move|p2a: Azumarill|Liquidation|p1a: Ferrothorn
|-resisted|p1a: Ferrothorn
|-damage|p1a: Ferrothorn|68/100
|-unboost|p1a: Ferrothorn|def|1
|-damage|p2a: Azumarill|88/100|[from] ability: Iron Barbs|[of] p1a: Ferrothorn
|-damage|p2a: Azumarill|72/100|[from] item: Rocky Helmet|[of] p1a: Ferrothorn
|
|-weather|RainDance|[upkeep]
|upkeep
|turn|9
|
|move|p2a: Azumarill|Liquidation|p1a: Ferrothorn
|-resisted|p1a: Ferrothorn
|-damage|p1a: Ferrothorn|16/100
|-damage|p2a: Azumarill|59/100|[from] ability: Iron Barbs|[of] p1a: Ferrothorn
|-damage|p2a: Azumarill|43/100|[from] item: Rocky Helmet|[of] p1a: Ferrothorn
|move|p1a: Ferrothorn|Knock Off|p2a: Azumarill
|-resisted|p2a: Azumarill
|-damage|p2a: Azumarill|29/100
|-enditem|p2a: Azumarill|Choice Band|[from] move: Knock Off|[of] p1a: Ferrothorn
|
|-weather|none
|upkeep
|turn|10
|
|switch|p1a: Pelipper|Pelipper, M|96/100
|-weather|RainDance|[from] ability: Drizzle|[of] p1a: Pelipper
|move|p2a: Azumarill|Play Rough|p1a: Pelipper
|-damage|p1a: Pelipper|56/100
|-unboost|p1a: Pelipper|atk|1
|
|-weather|RainDance|[upkeep]
|upkeep
|turn|11
|
|switch|p1a: Ferrothorn|Ferrothorn, F|16/100
|move|p2a: Azumarill|Play Rough|p1a: Ferrothorn
|-resisted|p1a: Ferrothorn
|-damage|p1a: Ferrothorn|0 fnt
|-damage|p2a: Azumarill|17/100|[from] ability: Iron Barbs|[of] p1a: Ferrothorn
|-damage|p2a: Azumarill|0 fnt|[from] item: Rocky Helmet|[of] p1a: Ferrothorn
|faint|p1a: Ferrothorn
|faint|p2a: Azumarill
|
|-weather|RainDance|[upkeep]
|upkeep
|
|switch|p2a: Rotom|Rotom-Heat|100/100
|switch|p1a: Scizor|Scizor, F|100/100
|turn|12
|
|switch|p1a: Barraskewda|Barraskewda, M|100/100
|move|p2a: Rotom|Volt Switch|p1a: Barraskewda
|-supereffective|p1a: Barraskewda
|-damage|p1a: Barraskewda|0 fnt
|faint|p1a: Barraskewda
|
|switch|p2a: Diggersby|Diggersby, F|100/100|[from]move: Volt Switch
|
|-weather|RainDance|[upkeep]
|upkeep
|
|switch|p1a: Urshifu|Urshifu-Rapid-Strike, M|100/100
|turn|13
|
|move|p1a: Urshifu|Aqua Jet|p2a: Diggersby
|-supereffective|p2a: Diggersby
|-crit|p2a: Diggersby
|-damage|p2a: Diggersby|0 fnt
|faint|p2a: Diggersby
|
|-weather|RainDance|[upkeep]
|upkeep
|
|switch|p2a: Rotom|Rotom-Heat|100/100
|turn|14
|
|move|p1a: Urshifu|Aqua Jet|p2a: Rotom
|-supereffective|p2a: Rotom
|-damage|p2a: Rotom|0 fnt
|faint|p2a: Rotom
|
|-weather|RainDance|[upkeep]
|upkeep
|
|switch|p2a: Rillaboom|Rillaboom, M|97/100
|-fieldstart|move: Grassy Terrain|[from] ability: Grassy Surge|[of] p2a: Rillaboom
|turn|15
|
|switch|p1a: Pelipper|Pelipper, M|56/100
|move|p2a: Rillaboom|Swords Dance|p2a: Rillaboom
|-boost|p2a: Rillaboom|atk|2
|
|-weather|RainDance|[upkeep]
|-heal|p2a: Rillaboom|100/100|[from] Grassy Terrain
|upkeep
|turn|16
|
|move|p2a: Rillaboom|Grassy Glide|p1a: Pelipper
|-damage|p1a: Pelipper|0 fnt
|-damage|p2a: Rillaboom|91/100|[from] item: Life Orb
|faint|p1a: Pelipper
|
|-weather|RainDance|[upkeep]
|-heal|p2a: Rillaboom|97/100|[from] Grassy Terrain
|upkeep
|
|switch|p1a: Scizor|Scizor, F|100/100
|turn|17
|
|move|p2a: Rillaboom|Knock Off|p1a: Scizor
|-damage|p1a: Scizor|0 fnt
|-enditem|p1a: Scizor|Life Orb|[from] move: Knock Off|[of] p2a: Rillaboom
|-damage|p2a: Rillaboom|87/100|[from] item: Life Orb
|faint|p1a: Scizor
|
|-weather|none
|-heal|p2a: Rillaboom|93/100|[from] Grassy Terrain
|upkeep
|
|switch|p1a: Urshifu|Urshifu-Rapid-Strike, M|100/100
|turn|18
|
|move|p1a: Urshifu|Aqua Jet|p2a: Rillaboom
|-resisted|p2a: Rillaboom
|-damage|p2a: Rillaboom|77/100
|move|p2a: Rillaboom|Grassy Glide|p1a: Urshifu
|-supereffective|p1a: Urshifu
|-damage|p1a: Urshifu|0 fnt
|-damage|p2a: Rillaboom|67/100|[from] item: Life Orb
|faint|p1a: Urshifu
|
|win|cold.exe
|raw|u lose 69's rating: 1519 &rarr; <strong>1497</strong><br />(-22 for losing)
|raw|cold.exe's rating: 1481 &rarr; <strong>1503</strong><br />(+22 for winning)
|l|☆u lose 69
