|j|☆lzhlzhlzh
|j|☆ultimategoogolplex
|t:|1667017618
|gametype|singles
|player|p1|lzhlzhlzh|bugcatcher-gen4dp|1653
|player|p2|ultimategoogolplex|266|1681
|teamsize|p1|6
|teamsize|p2|6
|gen|8
|tier|[Gen 8] OU
|rated|
|rule|Sleep Clause Mod: Limit one foe put to sleep
|rule|Species Clause: Limit one of each Pokémon
|rule|OHKO Clause: OHKO moves are banned
|rule|Evasion Items Clause: Evasion items are banned
|rule|Evasion Moves Clause: Evasion moves are banned
|rule|Endless Battle Clause: Forcing endless battles is banned
|rule|HP Percentage Mod: HP is shown in percentages
|rule|Dynamax Clause: You cannot dynamax
|clearpoke
|poke|p1|Melmetal|
|poke|p1|Cresselia, F|
|poke|p1|Hatterene, F|
|poke|p1|Porygon2|
|poke|p1|Marowak-Alola, F|
|poke|p1|Crawdaunt, M|
|poke|p2|Weavile, M|
|poke|p2|Volcanion|
|poke|p2|Zapdos|
|poke|p2|Landorus-Therian, M|
|poke|p2|Kartana|
|poke|p2|Melmetal|
|teampreview
|inactive|Battle timer is ON: inactive players will automatically lose when time's up. (requested by ultimategoogolplex)
|inactive|lzhlzhlzh also wants the timer to be on.
|
|t:|1667017634
|start
|switch|p1a: Marowak|Marowak-Alola, F|100/100
|switch|p2a: Melmetal|Melmetal|100/100
|turn|1
|
|t:|1667017642
|switch|p2a: Landorus|Landorus-Therian, M|100/100
|-ability|p2a: Landorus|Intimidate|boost
|-unboost|p1a: Marowak|atk|1
|move|p1a: Marowak|Bonemerang|p2a: Landorus
|-immune|p2a: Landorus
|
|upkeep
|turn|2
|
|t:|1667017650
|switch|p1a: Hatterene|Hatterene, F|100/100
|move|p2a: Landorus|U-turn|p1a: Hatterene
|-damage|p1a: Hatterene|77/100
|j| Waziao
|
|t:|1667017677
|switch|p2a: Weavile|Weavile, M|100/100|[from]move: U-turn
|-ability|p2a: Weavile|Pressure
|
|upkeep
|turn|3
|
|t:|1667017683
|move|p2a: Weavile|Beat Up|p1a: Hatterene
|-damage|p1a: Hatterene|63/100
|-damage|p1a: Hatterene|50/100
|-damage|p1a: Hatterene|37/100
|-damage|p1a: Hatterene|20/100
|-damage|p1a: Hatterene|2/100
|-damage|p1a: Hatterene|0 fnt
|faint|p1a: Hatterene
|-hitcount|p1: Hatterene|6
|
|upkeep
|
|t:|1667017691
|switch|p1a: Melmetal|Melmetal|100/100
|turn|4
|
|t:|1667017699
|switch|p2a: Zapdos|Zapdos|100/100
|move|p1a: Melmetal|Ice Punch|p2a: Zapdos
|-supereffective|p2a: Zapdos
|-damage|p2a: Zapdos|8/100
|
|upkeep
|turn|5
|
|t:|1667017712
|switch|p1a: Porygon2|Porygon2|100/100
|-ability|p1a: Porygon2|Download|boost
|-boost|p1a: Porygon2|spa|1
|move|p2a: Zapdos|Volt Switch|p1a: Porygon2
|-damage|p1a: Porygon2|83/100
|
|t:|1667017728
|switch|p2a: Melmetal|Melmetal|100/100|[from]move: Volt Switch
|
|upkeep
|turn|6
|
|t:|1667017732
|move|p2a: Melmetal|Double Iron Bash|p1a: Porygon2
|-damage|p1a: Porygon2|54/100
|-damage|p1a: Porygon2|28/100
|-hitcount|p1a: Porygon2|2
|cant|p1a: Porygon2|flinch
|
|upkeep
|turn|7
|
|t:|1667017739
|move|p1a: Porygon2|Thunderbolt|p2a: Melmetal
|-damage|p2a: Melmetal|75/100
|move|p2a: Melmetal|Double Iron Bash|p1a: Porygon2
|-damage|p1a: Porygon2|1/100
|-damage|p1a: Porygon2|0 fnt
|faint|p1a: Porygon2
|-hitcount|p1: Porygon2|2
|
|upkeep
|
|t:|1667017748
|switch|p1a: Marowak|Marowak-Alola, F|100/100
|turn|8
|
|t:|1667017751
|switch|p2a: Zapdos|Zapdos|8/100
|switch|p1a: Cresselia|Cresselia, F|100/100
|
|upkeep
|turn|9
|
|t:|1667017756
|move|p2a: Zapdos|Volt Switch|p1a: Cresselia
|-damage|p1a: Cresselia|82/100
|
|t:|1667017759
|switch|p2a: Weavile|Weavile, M|100/100|[from]move: Volt Switch
|-ability|p2a: Weavile|Pressure
|move|p1a: Cresselia|Trick Room|p1a: Cresselia
|-fieldstart|move: Trick Room|[of] p1a: Cresselia
|
|upkeep
|turn|10
|
|t:|1667017766
|switch|p1a: Melmetal|Melmetal|100/100
|switch|p2a: Melmetal|Melmetal|75/100
|
|upkeep
|turn|11
|
|t:|1667017773
|move|p1a: Melmetal|Double Iron Bash|p2a: Melmetal
|-resisted|p2a: Melmetal
|-damage|p2a: Melmetal|56/100
|-resisted|p2a: Melmetal
|-damage|p2a: Melmetal|38/100
|-hitcount|p2a: Melmetal|2
|cant|p2a: Melmetal|flinch
|
|upkeep
|turn|12
|
|t:|1667017780
|switch|p2a: Zapdos|Zapdos|8/100
|move|p1a: Melmetal|Double Iron Bash|p2a: Zapdos
|-resisted|p2a: Zapdos
|-damage|p2a: Zapdos|0 fnt
|faint|p2a: Zapdos
|-hitcount|p2: Zapdos|1
|
|upkeep
|
|t:|1667017789
|switch|p2a: Volcanion|Volcanion|100/100
|turn|13
|
|t:|1667017793
|switch|p1a: Cresselia|Cresselia, F|82/100
|move|p2a: Volcanion|Flamethrower|p1a: Cresselia
|-damage|p1a: Cresselia|37/100
|
|-fieldend|move: Trick Room
|upkeep
|turn|14
|
|t:|1667017800
|move|p2a: Volcanion|Flamethrower|p1a: Cresselia
|-damage|p1a: Cresselia|0 fnt
|faint|p1a: Cresselia
|
|upkeep
|-message|lzhlzhlzh forfeited.
|
|win|ultimategoogolplex
|raw|lzhlzhlzh's rating: 1653 &rarr; <strong>1635</strong><br />(-18 for losing)
|raw|ultimategoogolplex's rating: 1681 &rarr; <strong>1699</strong><br />(+18 for winning)
|l|☆lzhlzhlzh
