|raw|<div class="broadcast-blue"><strong>This battle is required to be public due to a player having a name prefixed by 'LT71LX'.</div>
|j|☆LT71LX ABR
|j|☆Redemption
|t:|1596745276
|player|p1|LT71LX ABR|hilbert-dueldisk|1774
|player|p2|Redemption|flint|1700
|teamsize|p1|6
|teamsize|p2|6
|gametype|singles
|gen|8
|tier|[Gen 8] OU
|rated|
|clearpoke
|poke|p1|Ditto|
|poke|p1|Gastrodon-East, M|
|poke|p1|Corviknight, M|
|poke|p1|Clefable, F|
|poke|p1|Toxapex, M|
|poke|p1|Rotom-Heat|
|poke|p2|Zarude|
|poke|p2|Clefable, F|
|poke|p2|Zeraora|
|poke|p2|Dragapult, M|
|poke|p2|Ferrothorn, M|
|poke|p2|Pelipper, M|
|rule|Sleep Clause Mod: Limit one foe put to sleep
|rule|Species Clause: Limit one of each Pokémon
|rule|OHKO Clause: OHKO moves are banned
|rule|Evasion Moves Clause: Evasion moves are banned
|rule|Endless Battle Clause: Forcing endless battles is banned
|rule|HP Percentage Mod: HP is shown in percentages
|rule|Dynamax Clause: You cannot dynamax
|teampreview
|j| WildWave ☾★
|j| LCRR Ninho
|j| huicorn
|j| LT71LX Light
|j| LT71LX Vessev
|j| lt71lx rel
|j| LT71LX Tace
|j| LT71LX Gura
|j| BoomBoomBoo
|j| pogtoniumisfound
|
|t:|1596745318
|start
|switch|p1a: Clefable|Clefable, F|100/100
|switch|p2a: Mélo à chauffer|Clefable, F|100/100
|turn|1
|j| you make my tm26
|
|t:|1596745321
|move|p2a: Mélo à chauffer|Stealth Rock|p1a: Clefable
|-sidestart|p1: LT71LX ABR|move: Stealth Rock
|move|p1a: Clefable|Knock Off|p2a: Mélo à chauffer
|-resisted|p2a: Mélo à chauffer
|-damage|p2a: Mélo à chauffer|94/100
|-enditem|p2a: Mélo à chauffer|Leftovers|[from] move: Knock Off|[of] p1a: Clefable
|
|upkeep
|turn|2
|j| LT71LXLuthier
|j| LT71LX lady bug
|j| Pavijo28
|j| eebsofresh
|j| nimm mich rasmus
|j| Lluiselmega
|l| LCRR Ninho
|
|t:|1596745369
|switch|p2a: Yannick Noacier|Ferrothorn, M|100/100
|move|p1a: Clefable|Stealth Rock|p2a: Yannick Noacier
|-sidestart|p2: Redemption|move: Stealth Rock
|
|upkeep
|turn|3
|
|t:|1596745374
|move|p1a: Clefable|Knock Off|p2a: Yannick Noacier
|-damage|p2a: Yannick Noacier|90/100
|-activate|p2a: Yannick Noacier|ability: Iron Barbs
|-enditem|p2a: Yannick Noacier|Leftovers|[from] move: Knock Off|[of] p1a: Clefable
|move|p2a: Yannick Noacier|Knock Off|p1a: Clefable
|-resisted|p1a: Clefable
|-damage|p1a: Clefable|92/100
|-enditem|p1a: Clefable|Leftovers|[from] move: Knock Off|[of] p2a: Yannick Noacier
|
|upkeep
|turn|4
|j| tazz
|
|t:|1596745379
|move|p1a: Clefable|Moonblast|p2a: Yannick Noacier
|-resisted|p2a: Yannick Noacier
|-damage|p2a: Yannick Noacier|76/100
|move|p2a: Yannick Noacier|Spikes|p1a: Clefable
|-sidestart|p1: LT71LX ABR|Spikes
|
|upkeep
|turn|5
|j| Mara Sattei
|
|t:|1596745392
|move|p1a: Clefable|Moonblast|p2a: Yannick Noacier
|-resisted|p2a: Yannick Noacier
|-crit|p2a: Yannick Noacier
|-damage|p2a: Yannick Noacier|57/100
|-unboost|p2a: Yannick Noacier|spa|1
|move|p2a: Yannick Noacier|Spikes|p1a: Clefable
|-sidestart|p1: LT71LX ABR|Spikes
|
|upkeep
|turn|6
|
|t:|1596745400
|switch|p2a: Mélo à chauffer|Clefable, F|94/100
|move|p1a: Clefable|Moonblast|p2a: Mélo à chauffer
|-damage|p2a: Mélo à chauffer|64/100
|
|upkeep
|turn|7
|n| tazz|tazz
|
|t:|1596745410
|switch|p1a: Corviknight|Corviknight, M|100/100
|-damage|p1a: Corviknight|88/100|[from] Stealth Rock
|-ability|p1a: Corviknight|Pressure
|move|p2a: Mélo à chauffer|Calm Mind|p2a: Mélo à chauffer
|-boost|p2a: Mélo à chauffer|spa|1
|-boost|p2a: Mélo à chauffer|spd|1
|
|upkeep
|turn|8
|
|t:|1596745416
|move|p2a: Mélo à chauffer|Calm Mind|p2a: Mélo à chauffer
|-boost|p2a: Mélo à chauffer|spa|1
|-boost|p2a: Mélo à chauffer|spd|1
|move|p1a: Corviknight|Defog|p2a: Mélo à chauffer
|-unboost|p2a: Mélo à chauffer|evasion|1
|-sideend|p2: Redemption|Stealth Rock|[from] move: Defog|[of] p1a: Corviknight
|-sideend|p1: LT71LX ABR|Spikes|[from] move: Defog|[of] p1a: Corviknight
|-sideend|p1: LT71LX ABR|Stealth Rock|[from] move: Defog|[of] p1a: Corviknight
|
|upkeep
|turn|9
|
|t:|1596745422
|switch|p1a: Toxapex|Toxapex, M|100/100
|move|p2a: Mélo à chauffer|Stealth Rock|p1a: Toxapex
|-sidestart|p1: LT71LX ABR|move: Stealth Rock
|
|upkeep
|turn|10
|l| WildWave ☾★
|j| TheOnlyGhads
|
|t:|1596745431
|move|p2a: Mélo à chauffer|Calm Mind|p2a: Mélo à chauffer
|-boost|p2a: Mélo à chauffer|spa|1
|-boost|p2a: Mélo à chauffer|spd|1
|move|p1a: Toxapex|Knock Off|p2a: Mélo à chauffer
|-resisted|p2a: Mélo à chauffer
|-damage|p2a: Mélo à chauffer|60/100
|
|upkeep
|turn|11
|j| WildWave ☾★
|
|t:|1596745434
|move|p2a: Mélo à chauffer|Soft-Boiled|p2a: Mélo à chauffer
|-heal|p2a: Mélo à chauffer|100/100
|move|p1a: Toxapex|Haze|p1a: Toxapex
|-clearallboost
|
|upkeep
|turn|12
|n| tazz|tazz
|
|t:|1596745450
|switch|p2a: Yannick Noacier|Ferrothorn, M|57/100
|move|p1a: Toxapex|Knock Off|p2a: Yannick Noacier
|-damage|p2a: Yannick Noacier|51/100
|-damage|p1a: Toxapex|88/100|[from] ability: Iron Barbs|[of] p2a: Yannick Noacier
|
|upkeep
|turn|13
|j| LT71LX Stareal
|j| ayevon
|c| nimm mich rasmus|wtf is
|c| nimm mich rasmus|zarude
|l| LT71LX Stareal
|c| nimm mich rasmus|has this shit been out forever
|j| LUCK>SKILL
|c|☆LT71LX ABR|today
|c| nimm mich rasmus|ah okay
|
|t:|1596745489
|switch|p1a: Clefable|Clefable, F|92/100
|move|p2a: Yannick Noacier|Power Whip|p1a: Clefable
|-damage|p1a: Clefable|62/100
|
|upkeep
|turn|14
|
|t:|1596745496
|switch|p2a: Békipe de France|Pelipper, M|100/100
|-weather|RainDance|[from] ability: Drizzle|[of] p2a: Békipe de France
|move|p1a: Clefable|Stealth Rock|p2a: Békipe de France
|-sidestart|p2: Redemption|move: Stealth Rock
|
|-weather|RainDance|[upkeep]
|upkeep
|turn|15
|j| xShibaTatsuya 司波達也
|
|t:|1596745504
|switch|p1a: Gastrodon|Gastrodon-East, M|100/100
|-damage|p1a: Gastrodon|94/100|[from] Stealth Rock
|move|p2a: Békipe de France|Weather Ball|p1a: Gastrodon
|-ability|p1a: Gastrodon|Storm Drain|boost
|-boost|p1a: Gastrodon|spa|1
|
|-weather|RainDance|[upkeep]
|-heal|p1a: Gastrodon|100/100|[from] item: Leftovers
|upkeep
|turn|16
|
|t:|1596745515
|switch|p2a: Zarrive !|Zarude|100/100
|-damage|p2a: Zarrive !|88/100|[from] Stealth Rock
|move|p1a: Gastrodon|Scald|p2a: Zarrive !
|-resisted|p2a: Zarrive !
|-damage|p2a: Zarrive !|61/100
|
|-weather|RainDance|[upkeep]
|upkeep
|turn|17
|
|t:|1596745529
|switch|p1a: Corviknight|Corviknight, M|88/100
|-damage|p1a: Corviknight|76/100|[from] Stealth Rock
|-ability|p1a: Corviknight|Pressure
|move|p2a: Zarrive !|Darkest Lariat|p1a: Corviknight
|-damage|p1a: Corviknight|40/100
|-damage|p2a: Zarrive !|45/100|[from] item: Rocky Helmet|[of] p1a: Corviknight
|
|-weather|RainDance|[upkeep]
|upkeep
|turn|18
|j| SLHDSN
|
|t:|1596745539
|move|p2a: Zarrive !|Darkest Lariat|p1a: Corviknight
|-damage|p1a: Corviknight|5/100
|-damage|p2a: Zarrive !|28/100|[from] item: Rocky Helmet|[of] p1a: Corviknight
|move|p1a: Corviknight|Roost|p1a: Corviknight
|-heal|p1a: Corviknight|55/100
|-singleturn|p1a: Corviknight|move: Roost
|
|-weather|none
|upkeep
|turn|19
|
|t:|1596745553
|switch|p2a: Békipe de France|Pelipper, M|100/100
|-weather|RainDance|[from] ability: Drizzle|[of] p2a: Békipe de France
|move|p1a: Corviknight|U-turn|p2a: Békipe de France
|-resisted|p2a: Békipe de France
|-damage|p2a: Békipe de France|91/100
|
|t:|1596745556
|switch|p1a: Rotom|Rotom-Heat|100/100|[from]move: U-turn
|
|-weather|RainDance|[upkeep]
|upkeep
|turn|20
|j| Neako
|
|t:|1596745561
|switch|p2a: Mélo à chauffer|Clefable, F|100/100
|move|p1a: Rotom|Volt Switch|p2a: Mélo à chauffer
|-damage|p2a: Mélo à chauffer|77/100
|
|t:|1596745569
|switch|p1a: Clefable|Clefable, F|62/100|[from]move: Volt Switch
|
|-weather|RainDance|[upkeep]
|upkeep
|turn|21
|l| nimm mich rasmus
|j| mishiimono
|
|t:|1596745582
|switch|p2a: Drague de rue|Dragapult, M|100/100
|move|p1a: Clefable|Soft-Boiled|p1a: Clefable
|-heal|p1a: Clefable|100/100
|
|-weather|RainDance|[upkeep]
|upkeep
|turn|22
|
|t:|1596745589
|switch|p1a: Toxapex|Toxapex, M|100/100
|-damage|p1a: Toxapex|88/100|[from] Stealth Rock
|move|p2a: Drague de rue|Steel Wing|p1a: Toxapex
|-resisted|p1a: Toxapex
|-damage|p1a: Toxapex|81/100
|-damage|p2a: Drague de rue|84/100|[from] item: Rocky Helmet|[of] p1a: Toxapex
|
|-weather|RainDance|[upkeep]
|upkeep
|turn|23
|j| Flygon1908
|
|t:|1596745598
|move|p2a: Drague de rue|Thunder Wave|p1a: Toxapex
|-status|p1a: Toxapex|par
|move|p1a: Toxapex|Scald|p2a: Drague de rue
|-resisted|p2a: Drague de rue
|-damage|p2a: Drague de rue|66/100
|-status|p2a: Drague de rue|brn
|
|-weather|none
|-damage|p2a: Drague de rue|60/100 brn|[from] brn
|upkeep
|turn|24
|
|t:|1596745610
|switch|p2a: Zera de gouttière|Zeraora|100/100
|move|p1a: Toxapex|Scald|p2a: Zera de gouttière
|-damage|p2a: Zera de gouttière|80/100
|
|upkeep
|turn|25
|
|t:|1596745622
|move|p2a: Zera de gouttière|Knock Off|p1a: Toxapex
|-damage|p1a: Toxapex|64/100 par
|-damage|p2a: Zera de gouttière|63/100|[from] item: Rocky Helmet|[of] p1a: Toxapex
|-enditem|p1a: Toxapex|Rocky Helmet|[from] move: Knock Off|[of] p2a: Zera de gouttière
|move|p1a: Toxapex|Knock Off|p2a: Zera de gouttière
|-damage|p2a: Zera de gouttière|42/100
|-enditem|p2a: Zera de gouttière|Heavy-Duty Boots|[from] move: Knock Off|[of] p1a: Toxapex
|
|upkeep
|turn|26
|
|t:|1596745628
|move|p2a: Zera de gouttière|Knock Off|p1a: Toxapex
|-damage|p1a: Toxapex|51/100 par
|move|p1a: Toxapex|Recover|p1a: Toxapex
|-heal|p1a: Toxapex|100/100 par
|
|upkeep
|turn|27
|
|t:|1596745632
|switch|p1a: Gastrodon|Gastrodon-East, M|100/100
|-damage|p1a: Gastrodon|94/100|[from] Stealth Rock
|move|p2a: Zera de gouttière|Knock Off|p1a: Gastrodon
|-damage|p1a: Gastrodon|62/100
|-enditem|p1a: Gastrodon|Leftovers|[from] move: Knock Off|[of] p2a: Zera de gouttière
|
|upkeep
|turn|28
|j| ironwater
|
|t:|1596745635
|switch|p2a: Zarrive !|Zarude|28/100
|-damage|p2a: Zarrive !|16/100|[from] Stealth Rock
|move|p1a: Gastrodon|Recover|p1a: Gastrodon
|-heal|p1a: Gastrodon|100/100
|
|upkeep
|turn|29
|l| BoomBoomBoo
|
|t:|1596745645
|switch|p1a: Corviknight|Corviknight, M|55/100
|-damage|p1a: Corviknight|43/100|[from] Stealth Rock
|-ability|p1a: Corviknight|Pressure
|move|p2a: Zarrive !|Darkest Lariat|p1a: Corviknight
|-damage|p1a: Corviknight|4/100
|-damage|p2a: Zarrive !|0 fnt|[from] item: Rocky Helmet|[of] p1a: Corviknight
|faint|p2a: Zarrive !
|
|upkeep
|
|t:|1596745654
|switch|p2a: Békipe de France|Pelipper, M|91/100
|-weather|RainDance|[from] ability: Drizzle|[of] p2a: Békipe de France
|turn|30
|j| magicarpe_lvl100
|
|t:|1596745660
|switch|p1a: Rotom|Rotom-Heat|100/100
|move|p2a: Békipe de France|Hurricane|p1a: Rotom
|-resisted|p1a: Rotom
|-damage|p1a: Rotom|74/100
|
|-weather|RainDance|[upkeep]
|upkeep
|turn|31
|
|t:|1596745668
|switch|p1a: Gastrodon|Gastrodon-East, M|100/100
|-damage|p1a: Gastrodon|94/100|[from] Stealth Rock
|move|p2a: Békipe de France|Weather Ball|p1a: Gastrodon
|-ability|p1a: Gastrodon|Storm Drain|boost
|-boost|p1a: Gastrodon|spa|1
|
|-weather|RainDance|[upkeep]
|upkeep
|turn|32
|
|t:|1596745676
|switch|p2a: Mélo à chauffer|Clefable, F|77/100
|move|p1a: Gastrodon|Scald|p2a: Mélo à chauffer
|-damage|p2a: Mélo à chauffer|22/100
|-status|p2a: Mélo à chauffer|brn
|
|-weather|RainDance|[upkeep]
|upkeep
|turn|33
|
|t:|1596745682
|move|p2a: Mélo à chauffer|Soft-Boiled|p2a: Mélo à chauffer
|-heal|p2a: Mélo à chauffer|72/100 brn
|move|p1a: Gastrodon|Scald|p2a: Mélo à chauffer
|-damage|p2a: Mélo à chauffer|14/100 brn
|
|-weather|RainDance|[upkeep]
|upkeep
|turn|34
|
|t:|1596745687
|move|p2a: Mélo à chauffer|Soft-Boiled|p2a: Mélo à chauffer
|-heal|p2a: Mélo à chauffer|64/100 brn
|move|p1a: Gastrodon|Scald|p2a: Mélo à chauffer
|-damage|p2a: Mélo à chauffer|5/100 brn
|
|-weather|none
|upkeep
|turn|35
|
|t:|1596745693
|move|p2a: Mélo à chauffer|Soft-Boiled|p2a: Mélo à chauffer
|-heal|p2a: Mélo à chauffer|55/100 brn
|move|p1a: Gastrodon|Scald|p2a: Mélo à chauffer
|-damage|p2a: Mélo à chauffer|20/100 brn
|
|upkeep
|turn|36
|
|t:|1596745698
|move|p2a: Mélo à chauffer|Soft-Boiled|p2a: Mélo à chauffer
|-heal|p2a: Mélo à chauffer|70/100 brn
|move|p1a: Gastrodon|Scald|p2a: Mélo à chauffer
|-damage|p2a: Mélo à chauffer|31/100 brn
|
|upkeep
|turn|37
|j| LT71LX croo
|l| Lluiselmega
|
|t:|1596745703
|move|p2a: Mélo à chauffer|Calm Mind|p2a: Mélo à chauffer
|-boost|p2a: Mélo à chauffer|spa|1
|-boost|p2a: Mélo à chauffer|spd|1
|move|p1a: Gastrodon|Scald|p2a: Mélo à chauffer
|-damage|p2a: Mélo à chauffer|6/100 brn
|
|upkeep
|turn|38
|
|t:|1596745705
|move|p2a: Mélo à chauffer|Soft-Boiled|p2a: Mélo à chauffer
|-heal|p2a: Mélo à chauffer|56/100 brn
|move|p1a: Gastrodon|Clear Smog|p2a: Mélo à chauffer
|-supereffective|p2a: Mélo à chauffer
|-damage|p2a: Mélo à chauffer|35/100 brn
|-clearboost|p2a: Mélo à chauffer
|
|upkeep
|turn|39
|
|t:|1596745710
|move|p2a: Mélo à chauffer|Soft-Boiled|p2a: Mélo à chauffer
|-heal|p2a: Mélo à chauffer|85/100 brn
|move|p1a: Gastrodon|Scald|p2a: Mélo à chauffer
|-damage|p2a: Mélo à chauffer|48/100 brn
|
|upkeep
|turn|40
|j| snycky
|l| Flygon1908
|j| Dragai
|l| TheOnlyGhads
|l| you make my tm26
|l| LUCK>SKILL
|l| Dragai
|
|t:|1596745731
|move|p2a: Mélo à chauffer|Moonblast|p1a: Gastrodon
|-damage|p1a: Gastrodon|73/100
|move|p1a: Gastrodon|Scald|p2a: Mélo à chauffer
|-damage|p2a: Mélo à chauffer|15/100 brn
|
|upkeep
|turn|41
|j| LT71LX Allistair
|
|t:|1596745736
|move|p2a: Mélo à chauffer|Soft-Boiled|p2a: Mélo à chauffer
|-heal|p2a: Mélo à chauffer|65/100 brn
|move|p1a: Gastrodon|Scald|p2a: Mélo à chauffer
|-damage|p2a: Mélo à chauffer|30/100 brn
|
|upkeep
|turn|42
|l| xShibaTatsuya 司波達也
|j| TheOnlyGhads
|
|t:|1596745740
|move|p2a: Mélo à chauffer|Soft-Boiled|p2a: Mélo à chauffer
|-heal|p2a: Mélo à chauffer|80/100 brn
|move|p1a: Gastrodon|Clear Smog|p2a: Mélo à chauffer
|-supereffective|p2a: Mélo à chauffer
|-damage|p2a: Mélo à chauffer|50/100 brn
|-clearboost|p2a: Mélo à chauffer
|
|upkeep
|turn|43
|j| Dragai
|
|t:|1596745743
|move|p2a: Mélo à chauffer|Moonblast|p1a: Gastrodon
|-damage|p1a: Gastrodon|52/100
|-unboost|p1a: Gastrodon|spa|1
|move|p1a: Gastrodon|Clear Smog|p2a: Mélo à chauffer
|-supereffective|p2a: Mélo à chauffer
|-damage|p2a: Mélo à chauffer|31/100 brn
|-clearboost|p2a: Mélo à chauffer
|
|upkeep
|turn|44
|j| Pokemon Hates Me
|l| Dragai
|
|t:|1596745749
|move|p2a: Mélo à chauffer|Soft-Boiled|p2a: Mélo à chauffer
|-heal|p2a: Mélo à chauffer|81/100 brn
|move|p1a: Gastrodon|Recover|p1a: Gastrodon
|-heal|p1a: Gastrodon|100/100
|
|upkeep
|turn|45
|
|t:|1596745754
|switch|p2a: Yannick Noacier|Ferrothorn, M|51/100
|-damage|p2a: Yannick Noacier|45/100|[from] Stealth Rock
|move|p1a: Gastrodon|Clear Smog|p2a: Yannick Noacier
|-immune|p2a: Yannick Noacier
|
|upkeep
|turn|46
|
|t:|1596745763
|switch|p1a: Rotom|Rotom-Heat|74/100
|move|p2a: Yannick Noacier|Spikes|p1a: Rotom
|-sidestart|p1: LT71LX ABR|Spikes
|
|upkeep
|turn|47
|
|t:|1596745772
|switch|p2a: Békipe de France|Pelipper, M|91/100
|-weather|RainDance|[from] ability: Drizzle|[of] p2a: Békipe de France
|move|p1a: Rotom|Overheat|p2a: Békipe de France
|-resisted|p2a: Békipe de France
|-damage|p2a: Békipe de France|73/100
|-unboost|p1a: Rotom|spa|2
|
|-weather|RainDance|[upkeep]
|upkeep
|turn|48
|
|t:|1596745779
|switch|p1a: Gastrodon|Gastrodon-East, M|100/100
|-damage|p1a: Gastrodon|94/100|[from] Stealth Rock
|-damage|p1a: Gastrodon|82/100|[from] Spikes
|switch|p2a: Zera de gouttière|Zeraora|42/100
|-damage|p2a: Zera de gouttière|29/100|[from] Stealth Rock
|
|-weather|RainDance|[upkeep]
|upkeep
|turn|49
|j| Nassimx
|j| sir guap
|
|t:|1596745789
|switch|p2a: Yannick Noacier|Ferrothorn, M|45/100
|-damage|p2a: Yannick Noacier|39/100|[from] Stealth Rock
|move|p1a: Gastrodon|Recover|p1a: Gastrodon
|-heal|p1a: Gastrodon|100/100
|
|-weather|RainDance|[upkeep]
|upkeep
|turn|50
|j| LT71LX vso
|
|t:|1596745795
|switch|p1a: Clefable|Clefable, F|100/100
|move|p2a: Yannick Noacier|Knock Off|p1a: Clefable
|-resisted|p1a: Clefable
|-damage|p1a: Clefable|94/100
|
|-weather|RainDance|[upkeep]
|upkeep
|turn|51
|l| LT71LX croo
|
|t:|1596745800
|switch|p1a: Rotom|Rotom-Heat|74/100
|move|p2a: Yannick Noacier|Spikes|p1a: Rotom
|-sidestart|p1: LT71LX ABR|Spikes
|
|-weather|none
|upkeep
|turn|52
|c| Nassimx|Cc je t'aime redemption
|
|t:|1596745808
|switch|p2a: Mélo à chauffer|Clefable, F|81/100 brn
|move|p1a: Rotom|Overheat|p2a: Mélo à chauffer
|-damage|p2a: Mélo à chauffer|36/100 brn
|-unboost|p1a: Rotom|spa|2
|
|upkeep
|turn|53
|
|t:|1596745813
|move|p1a: Rotom|Nasty Plot|p1a: Rotom
|-boost|p1a: Rotom|spa|2
|move|p2a: Mélo à chauffer|Soft-Boiled|p2a: Mélo à chauffer
|-heal|p2a: Mélo à chauffer|86/100 brn
|
|upkeep
|turn|54
|
|t:|1596745819
|switch|p2a: Drague de rue|Dragapult, M|60/100 brn
|move|p1a: Rotom|Nasty Plot|p1a: Rotom
|-boost|p1a: Rotom|spa|2
|
|-damage|p2a: Drague de rue|54/100 brn|[from] brn
|upkeep
|turn|55
|
|t:|1596745828
|move|p2a: Drague de rue|Dragon Darts|p1a: Rotom
|-damage|p1a: Rotom|59/100
|-anim|p2a: Drague de rue|Dragon Darts|p1a: Rotom
|-damage|p1a: Rotom|45/100
|move|p1a: Rotom|Volt Switch|p2a: Drague de rue
|-resisted|p2a: Drague de rue
|-damage|p2a: Drague de rue|23/100 brn
|l| LT71LX vso
|c| Nassimx|Do you know who is redemption
|
|t:|1596745841
|switch|p1a: Toxapex|Toxapex, M|100/100 par|[from]move: Volt Switch
|-damage|p1a: Toxapex|84/100 par|[from] Spikes
|-damage|p1a: Toxapex|72/100 par|[from] Stealth Rock
|
|-damage|p2a: Drague de rue|17/100 brn|[from] brn
|upkeep
|turn|56
|raw|<div class="broadcast-red"><strong>Moderated chat was set to +!</strong><br />Only users of rank + and higher can talk.</div>
|
|t:|1596745854
|switch|p2a: Békipe de France|Pelipper, M|73/100
|-weather|RainDance|[from] ability: Drizzle|[of] p2a: Békipe de France
|cant|p1a: Toxapex|par
|
|-weather|RainDance|[upkeep]
|upkeep
|turn|57
|
|t:|1596745863
|move|p2a: Békipe de France|Hurricane|p1a: Toxapex
|-damage|p1a: Toxapex|32/100 par
|move|p1a: Toxapex|Knock Off|p2a: Békipe de France
|-damage|p2a: Békipe de France|52/100
|-enditem|p2a: Békipe de France|Heavy-Duty Boots|[from] move: Knock Off|[of] p1a: Toxapex
|
|-weather|RainDance|[upkeep]
|upkeep
|turn|58
|
|t:|1596745874
|switch|p1a: Corviknight|Corviknight, M|4/100
|-damage|p1a: Corviknight|0 fnt|[from] Stealth Rock
|faint|p1a: Corviknight
|move|p2a: Békipe de France|Roost|p2a: Békipe de France
|-heal|p2a: Békipe de France|100/100
|-singleturn|p2a: Békipe de France|move: Roost
|
|-weather|RainDance|[upkeep]
|upkeep
|
|t:|1596745883
|switch|p1a: Ditto|Ditto|100/100
|-damage|p1a: Ditto|88/100|[from] Stealth Rock
|-damage|p1a: Ditto|71/100|[from] Spikes
|-transform|p1a: Ditto|p2a: Békipe de France|[from] ability: Imposter
|turn|59
|
|t:|1596745934
|switch|p2a: Drague de rue|Dragapult, M|17/100 brn
|move|p1a: Ditto|Hurricane|p2a: Drague de rue
|-damage|p2a: Drague de rue|0 fnt
|faint|p2a: Drague de rue
|
|-weather|RainDance|[upkeep]
|upkeep
|
|t:|1596745943
|switch|p2a: Zera de gouttière|Zeraora|29/100
|-damage|p2a: Zera de gouttière|17/100|[from] Stealth Rock
|turn|60
|
|t:|1596745949
|switch|p1a: Gastrodon|Gastrodon-East, M|100/100
|-damage|p1a: Gastrodon|84/100|[from] Spikes
|-damage|p1a: Gastrodon|78/100|[from] Stealth Rock
|move|p2a: Zera de gouttière|Close Combat|p1a: Gastrodon
|-damage|p1a: Gastrodon|39/100
|-unboost|p2a: Zera de gouttière|def|1
|-unboost|p2a: Zera de gouttière|spd|1
|
|-weather|none
|upkeep
|turn|61
|
|t:|1596745958
|switch|p1a: Clefable|Clefable, F|94/100
|move|p2a: Zera de gouttière|Close Combat|p1a: Clefable
|-resisted|p1a: Clefable
|-damage|p1a: Clefable|79/100
|-unboost|p2a: Zera de gouttière|def|1
|-unboost|p2a: Zera de gouttière|spd|1
|
|upkeep
|turn|62
|
|t:|1596745964
|move|p2a: Zera de gouttière|Volt Switch|p1a: Clefable
|-damage|p1a: Clefable|60/100
|
|t:|1596745968
|switch|p2a: Mélo à chauffer|Clefable, F|86/100 brn|[from]move: Volt Switch
|move|p1a: Clefable|Moonblast|p2a: Mélo à chauffer
|-damage|p2a: Mélo à chauffer|56/100 brn
|-unboost|p2a: Mélo à chauffer|spa|1
|
|upkeep
|turn|63
|
|t:|1596745976
|move|p2a: Mélo à chauffer|Calm Mind|p2a: Mélo à chauffer
|-boost|p2a: Mélo à chauffer|spa|1
|-boost|p2a: Mélo à chauffer|spd|1
|move|p1a: Clefable|Moonblast|p2a: Mélo à chauffer
|-damage|p2a: Mélo à chauffer|37/100 brn
|
|upkeep
|turn|64
|
|t:|1596745983
|move|p2a: Mélo à chauffer|Calm Mind|p2a: Mélo à chauffer
|-boost|p2a: Mélo à chauffer|spa|1
|-boost|p2a: Mélo à chauffer|spd|1
|move|p1a: Clefable|Soft-Boiled|p1a: Clefable
|-heal|p1a: Clefable|100/100
|
|upkeep
|turn|65
|
|t:|1596745995
|switch|p1a: Toxapex|Toxapex, M|66/100 par
|-damage|p1a: Toxapex|49/100 par|[from] Spikes
|-damage|p1a: Toxapex|37/100 par|[from] Stealth Rock
|move|p2a: Mélo à chauffer|Moonblast|p1a: Toxapex
|-resisted|p1a: Toxapex
|-damage|p1a: Toxapex|17/100 par
|-unboost|p1a: Toxapex|spa|1
|
|upkeep
|turn|66
|
|t:|1596746011
|move|p2a: Mélo à chauffer|Calm Mind|p2a: Mélo à chauffer
|-boost|p2a: Mélo à chauffer|spa|1
|-boost|p2a: Mélo à chauffer|spd|1
|cant|p1a: Toxapex|par
|
|upkeep
|turn|67
|
|t:|1596746022
|move|p2a: Mélo à chauffer|Moonblast|p1a: Toxapex
|-resisted|p1a: Toxapex
|-damage|p1a: Toxapex|0 fnt
|faint|p1a: Toxapex
|
|upkeep
|
|t:|1596746025
|switch|p1a: Rotom|Rotom-Heat|45/100
|turn|68
|
|t:|1596746032
|move|p1a: Rotom|Nasty Plot|p1a: Rotom
|-boost|p1a: Rotom|spa|2
|move|p2a: Mélo à chauffer|Moonblast|p1a: Rotom
|-resisted|p1a: Rotom
|-damage|p1a: Rotom|12/100
|
|upkeep
|turn|69
|inactive|Battle timer is ON: inactive players will automatically lose when time's up. (requested by LT71LX ABR)
|inactive|Redemption has 120 seconds left.
|
|t:|1596746173
|move|p1a: Rotom|Overheat|p2a: Mélo à chauffer
|-damage|p2a: Mélo à chauffer|0 fnt
|-unboost|p1a: Rotom|spa|2
|faint|p2a: Mélo à chauffer
|
|upkeep
|c|☆Redemption|LE BOSS
|c|☆LT71LX ABR|see no need for whip misses
|c|☆LT71LX ABR|will beat u anyway
|inactive|Redemption has 120 seconds left.
|c|☆Redemption|cocky
|c|☆LT71LX ABR|ur the one getting all insulting
|c|☆LT71LX ABR|bc of misses that dont matter
|c|☆LT71LX ABR|i am only reacting
|inactive|Redemption has 90 seconds left.
|c|☆Redemption|le boss is a compliment
|c|☆Redemption|:(
|inactive|Redemption has 60 seconds left.
|
|t:|1596746274
|switch|p2a: Zera de gouttière|Zeraora|17/100
|-damage|p2a: Zera de gouttière|5/100|[from] Stealth Rock
|turn|70
|
|t:|1596746289
|switch|p1a: Gastrodon|Gastrodon-East, M|39/100
|-damage|p1a: Gastrodon|22/100|[from] Spikes
|-damage|p1a: Gastrodon|16/100|[from] Stealth Rock
|move|p2a: Zera de gouttière|Knock Off|p1a: Gastrodon
|-damage|p1a: Gastrodon|0 fnt
|faint|p1a: Gastrodon
|
|upkeep
|
|t:|1596746292
|switch|p1a: Ditto|Ditto|71/100
|-damage|p1a: Ditto|55/100|[from] Spikes
|-damage|p1a: Ditto|42/100|[from] Stealth Rock
|-transform|p1a: Ditto|p2a: Zera de gouttière|[from] ability: Imposter
|turn|71
|inactive|Redemption has 30 seconds left.
|inactive|Redemption has 20 seconds left.
|inactive|Redemption has 15 seconds left.
|
|t:|1596746338
|move|p1a: Ditto|Close Combat|p2a: Zera de gouttière
|-damage|p2a: Zera de gouttière|0 fnt
|-unboost|p1a: Ditto|def|1
|-unboost|p1a: Ditto|spd|1
|faint|p2a: Zera de gouttière
|
|upkeep
|inactive|Redemption has 20 seconds left this turn.
|
|t:|1596746343
|switch|p2a: Békipe de France|Pelipper, M|100/100
|-damage|p2a: Békipe de France|76/100|[from] Stealth Rock
|-weather|RainDance|[from] ability: Drizzle|[of] p2a: Békipe de France
|turn|72
|inactive|Redemption has 30 seconds left this turn.
|inactive|Redemption has 20 seconds left.
|
|t:|1596746355
|move|p1a: Ditto|Close Combat|p2a: Békipe de France
|-resisted|p2a: Békipe de France
|-damage|p2a: Békipe de France|49/100
|-unboost|p1a: Ditto|def|1
|-unboost|p1a: Ditto|spd|1
|move|p2a: Békipe de France|Weather Ball|p1a: Ditto
|-damage|p1a: Ditto|0 fnt
|faint|p1a: Ditto
|
|-weather|RainDance|[upkeep]
|upkeep
|inactive|Redemption has 25 seconds left this turn.
|
|t:|1596746357
|switch|p1a: Rotom|Rotom-Heat|12/100
|turn|73
|c|☆Redemption|gg
|inactive|Redemption has 30 seconds left.
|c|☆LT71LX ABR|gg
|c|☆Redemption|dont overeact im just kidding
|inactive|Redemption has 20 seconds left.
|
|t:|1596746373
|move|p1a: Rotom|Volt Switch|p2a: Békipe de France
|-supereffective|p2a: Békipe de France
|-damage|p2a: Békipe de France|0 fnt
|faint|p2a: Békipe de France
|inactive|Redemption has 25 seconds left this turn.
|
|t:|1596746376
|switch|p1a: Clefable|Clefable, F|100/100|[from]move: Volt Switch
|
|-weather|RainDance|[upkeep]
|upkeep
|inactive|Redemption has 30 seconds left this turn.
|
|t:|1596746380
|switch|p2a: Yannick Noacier|Ferrothorn, M|39/100
|-damage|p2a: Yannick Noacier|32/100|[from] Stealth Rock
|turn|74
|
|t:|1596746383
|move|p1a: Clefable|Moonblast|p2a: Yannick Noacier
|-resisted|p2a: Yannick Noacier
|-damage|p2a: Yannick Noacier|19/100
|move|p2a: Yannick Noacier|Power Whip|p1a: Clefable
|-damage|p1a: Clefable|69/100
|
|-weather|RainDance|[upkeep]
|upkeep
|turn|75
|
|t:|1596746390
|move|p1a: Clefable|Soft-Boiled|p1a: Clefable
|-heal|p1a: Clefable|100/100
|move|p2a: Yannick Noacier|Power Whip|p1a: Clefable
|-damage|p1a: Clefable|69/100
|
|-weather|RainDance|[upkeep]
|upkeep
|turn|76
|
|t:|1596746405
|move|p1a: Clefable|Soft-Boiled|p1a: Clefable
|-heal|p1a: Clefable|100/100
|move|p2a: Yannick Noacier|Power Whip|p1a: Clefable
|-damage|p1a: Clefable|69/100
|
|-weather|none
|upkeep
|turn|77
|inactive|Redemption has 30 seconds left.
|-message|Redemption forfeited.
|
|win|LT71LX ABR
|inactive|Redemption has 30 seconds left this turn.
|l|☆Redemption
|l|☆LT71LX ABR
||Ladder (probably) updated, but score could not be retrieved (Request timeout).
