|j|☆Treyvion
|j|☆user1_ou
|inactive|Battle timer is ON: inactive players will automatically lose when time's up.
|t:|1606852467
|player|p1|Treyvion|kiawe|
|player|p2|user1_ou|eusine|
|teamsize|p1|6
|teamsize|p2|6
|gametype|singles
|gen|8
|tier|[Gen 8] OU
|rated|Tournament battle
|clearpoke
|poke|p1|Tapu Fini|
|poke|p1|Heatran, F|
|poke|p1|Zapdos|
|poke|p1|Kyurem|
|poke|p1|Tangrowth, F|
|poke|p1|Blissey, F|
|poke|p2|Tapu Lele|
|poke|p2|Cinderace, M|
|poke|p2|Pheromosa|
|poke|p2|Magearna|
|poke|p2|Zapdos|
|poke|p2|Swampert, F|
|rule|Sleep Clause Mod: Limit one foe put to sleep
|rule|Species Clause: Limit one of each Pokémon
|rule|OHKO Clause: OHKO moves are banned
|rule|Evasion Moves Clause: Evasion moves are banned
|rule|Endless Battle Clause: Forcing endless battles is banned
|rule|HP Percentage Mod: HP is shown in percentages
|rule|Dynamax Clause: You cannot dynamax
|teampreview
|c|☆user1_ou|hf
|j| dracovish209
|j| GengarAdept
|j| A-Wing Fighter
|c|☆Treyvion|u2
|j| AgAzumarill
|inactive|Treyvion has 120 seconds left.
|
|t:|1606852501
|start
|switch|p1a: Zapdos|Zapdos|100/100
|switch|p2a: Tapu Lele|Tapu Lele|100/100
|-fieldstart|move: Psychic Terrain|[from] ability: Psychic Surge|[of] p2a: Tapu Lele
|turn|1
|
|t:|1606852505
|switch|p1a: Heatran|Heatran, F|100/100
|move|p2a: Tapu Lele|Psyshock|p1a: Heatran
|-resisted|p1a: Heatran
|-crit|p1a: Heatran
|-damage|p1a: Heatran|57/100
|
|-heal|p1a: Heatran|64/100|[from] item: Leftovers
|upkeep
|turn|2
|
|t:|1606852510
|move|p2a: Tapu Lele|Calm Mind|p2a: Tapu Lele
|-boost|p2a: Tapu Lele|spa|1
|-boost|p2a: Tapu Lele|spd|1
|move|p1a: Heatran|Stealth Rock|p2a: Tapu Lele
|-sidestart|p2: user1_ou|move: Stealth Rock
|
|-heal|p1a: Heatran|70/100|[from] item: Leftovers
|upkeep
|turn|3
|
|t:|1606852512
|move|p2a: Tapu Lele|Focus Blast|p1a: Heatran
|-supereffective|p1a: Heatran
|-damage|p1a: Heatran|0 fnt
|faint|p1a: Heatran
|
|upkeep
|
|t:|1606852520
|switch|p1a: Tapu Fini|Tapu Fini|100/100
|-fieldstart|move: Misty Terrain|[from] ability: Misty Surge|[of] p1a: Tapu Fini
|turn|4
|
|t:|1606852525
|move|p2a: Tapu Lele|Moonblast|p1a: Tapu Fini
|-damage|p1a: Tapu Fini|42/100
|-unboost|p1a: Tapu Fini|spa|1
|move|p1a: Tapu Fini|Taunt|p2a: Tapu Lele
|-start|p2a: Tapu Lele|move: Taunt
|
|-heal|p1a: Tapu Fini|48/100|[from] item: Leftovers
|upkeep
|turn|5
|j| Vz Moses
|c|☆Treyvion|yea I got 6-0'd by this
|c|☆Treyvion|gg
|c|☆user1_ou|gg
|
|t:|1606852548
|move|p2a: Tapu Lele|Moonblast|p1a: Tapu Fini
|-damage|p1a: Tapu Fini|0 fnt
|faint|p1a: Tapu Fini
|
|upkeep
|
|t:|1606852550
|switch|p1a: Blissey|Blissey, F|100/100
|turn|6
|c| A-Wing Fighter|bruh moment
|
|t:|1606852552
|move|p2a: Tapu Lele|Psyshock|p1a: Blissey
|-damage|p1a: Blissey|37/100
|move|p1a: Blissey|Toxic|p2a: Tapu Lele
|-activate|p2a: Tapu Lele|move: Misty Terrain
|
|upkeep
|turn|7
|-message|Treyvion forfeited.
|
|win|user1_ou
|n|☆Treyvion|treyvion
|n|☆user1_ou|user1ou
|n| dracovish209|dracovish209
|n| GengarAdept|gengaradept
|n| A-Wing Fighter|awingfighter
|n| AgAzumarill|agazumarill
|n| Vz Moses|vzmoses
