|j|☆9re9
|j|☆Sombra Diurna
|t:|1645040689
|gametype|singles
|player|p1|9re9|pokekid|1663
|player|p2|Sombra Diurna|chili|1786
|teamsize|p1|6
|teamsize|p2|6
|gen|8
|tier|[Gen 8] OU
|rated|
|rule|Sleep Clause Mod: Limit one foe put to sleep
|rule|Species Clause: Limit one of each Pokémon
|rule|OHKO Clause: OHKO moves are banned
|rule|Evasion Moves Clause: Evasion moves are banned
|rule|Endless Battle Clause: Forcing endless battles is banned
|rule|HP Percentage Mod: HP is shown in percentages
|rule|Dynamax Clause: You cannot dynamax
|clearpoke
|poke|p1|Clefable, F|
|poke|p1|Kartana|
|poke|p1|Swampert, M|
|poke|p1|Slowking-Galar, F|
|poke|p1|Hydreigon, F|
|poke|p1|Buzzwole|
|poke|p2|Slowbro, M|
|poke|p2|Hatterene, F|
|poke|p2|Marowak-Alola, F|
|poke|p2|Ferrothorn, M|
|poke|p2|Garchomp, M|
|poke|p2|Drampa, F|
|teampreview
|inactive|Battle timer is ON: inactive players will automatically lose when time's up. (requested by 9re9)
|
|t:|1645040709
|start
|switch|p1a: Slowking|Slowking-Galar, F|100/100
|switch|p2a: Sharpo|Garchomp, M|100/100
|turn|1
|
|t:|1645040715
|switch|p1a: Buzzwole|Buzzwole, shiny|100/100
|move|p2a: Sharpo|Earthquake|p1a: Buzzwole
|-resisted|p1a: Buzzwole
|-damage|p1a: Buzzwole|84/100
|
|upkeep
|turn|2
|
|t:|1645040723
|switch|p2a: Thorns|Ferrothorn, M|100/100
|move|p1a: Buzzwole|Ice Punch|p2a: Thorns
|-damage|p2a: Thorns|77/100
|-damage|p1a: Buzzwole|71/100|[from] ability: Iron Barbs|[of] p2a: Thorns
|
|-heal|p2a: Thorns|83/100|[from] item: Leftovers
|upkeep
|turn|3
|
|t:|1645040733
|move|p1a: Buzzwole|Drain Punch|p2a: Thorns
|-supereffective|p2a: Thorns
|-damage|p2a: Thorns|16/100
|-heal|p1a: Buzzwole|100/100|[from] drain|[of] p2a: Thorns
|-damage|p1a: Buzzwole|88/100|[from] ability: Iron Barbs|[of] p2a: Thorns
|move|p2a: Thorns|Stealth Rock|p1a: Buzzwole
|-sidestart|p1: 9re9|move: Stealth Rock
|
|-heal|p2a: Thorns|22/100|[from] item: Leftovers
|upkeep
|turn|4
|j| Henrique 3999!!!
|
|t:|1645040743
|switch|p2a: Sonso|Slowbro, M|100/100
|move|p1a: Buzzwole|Leech Life|p2a: Sonso
|-supereffective|p2a: Sonso
|-damage|p2a: Sonso|47/100
|-heal|p1a: Buzzwole|100/100|[from] drain|[of] p2a: Sonso
|
|upkeep
|turn|5
|
|t:|1645040751
|switch|p2a: Billy B.|Marowak-Alola, F|100/100
|move|p1a: Buzzwole|Leech Life|p2a: Billy B.
|-resisted|p2a: Billy B.
|-damage|p2a: Billy B.|88/100
|
|upkeep
|turn|6
|
|t:|1645040759
|switch|p1a: Hydreigon|Hydreigon, F|100/100
|-damage|p1a: Hydreigon|88/100|[from] Stealth Rock
|move|p2a: Billy B.|Poltergeist|p1a: Hydreigon|[miss]
|-miss|p2a: Billy B.|p1a: Hydreigon
|
|-heal|p1a: Hydreigon|94/100|[from] item: Leftovers
|upkeep
|turn|7
|l| Henrique 3999!!!
|c|☆Sombra Diurna|come on!!
|
|t:|1645040769
|switch|p2a: Hatterene|Hatterene, F|100/100
|move|p1a: Hydreigon|Dark Pulse|p2a: Hatterene
|-damage|p2a: Hatterene|64/100
|
|-heal|p1a: Hydreigon|100/100|[from] item: Leftovers
|upkeep
|turn|8
|
|t:|1645040779
|switch|p1a: Slowking|Slowking-Galar, F|100/100
|-damage|p1a: Slowking|88/100|[from] Stealth Rock
|move|p2a: Hatterene|Trick Room|p2a: Hatterene
|-fieldstart|move: Trick Room|[of] p2a: Hatterene
|
|upkeep
|turn|9
|
|t:|1645040785
|switch|p2a: Billy B.|Marowak-Alola, F|88/100
|move|p1a: Slowking|Future Sight|p2a: Billy B.
|-start|p1a: Slowking|move: Future Sight
|
|upkeep
|turn|10
|
|t:|1645040792
|switch|p1a: Hydreigon|Hydreigon, F|100/100
|-damage|p1a: Hydreigon|88/100|[from] Stealth Rock
|move|p2a: Billy B.|Swords Dance|p2a: Billy B.
|-boost|p2a: Billy B.|atk|2
|
|-heal|p1a: Hydreigon|94/100|[from] item: Leftovers
|upkeep
|turn|11
|
|t:|1645040803
|move|p2a: Billy B.|Flare Blitz|p1a: Hydreigon
|-resisted|p1a: Hydreigon
|-damage|p1a: Hydreigon|0 fnt
|faint|p1a: Hydreigon
|
|-end|p2a: Billy B.|move: Future Sight
|-damage|p2a: Billy B.|14/100
|upkeep
|
|t:|1645040820
|switch|p1a: Swampert|Swampert, M, shiny|100/100
|-damage|p1a: Swampert|94/100|[from] Stealth Rock
|turn|12
|
|t:|1645040829
|move|p2a: Billy B.|Poltergeist|p1a: Swampert
|-activate|p1a: Swampert|move: Poltergeist|Leftovers
|-damage|p1a: Swampert|0 fnt
|faint|p1a: Swampert
|
|-fieldend|move: Trick Room
|upkeep
|j| DA COME UP ♛
|
|t:|1645040837
|switch|p1a: Kartana|Kartana|100/100
|-damage|p1a: Kartana|94/100|[from] Stealth Rock
|turn|13
|
|t:|1645040846
|switch|p2a: Thorns|Ferrothorn, M|22/100
|move|p1a: Kartana|Knock Off|p2a: Thorns
|-damage|p2a: Thorns|0 fnt
|-damage|p1a: Kartana|82/100|[from] ability: Iron Barbs|[of] p2a: Thorns
|-enditem|p2a: Thorns|Leftovers|[from] move: Knock Off|[of] p1a: Kartana
|faint|p2a: Thorns
|-ability|p1a: Kartana|Beast Boost|boost
|-boost|p1a: Kartana|atk|1
|
|upkeep
|
|t:|1645040855
|switch|p2a: Sonso|Slowbro, M|80/100
|turn|14
|
|t:|1645040858
|move|p1a: Kartana|Knock Off|p2a: Sonso
|-supereffective|p2a: Sonso
|-enditem|p2a: Sonso|Colbur Berry|[eat]
|-enditem|p2a: Sonso|Colbur Berry|[weaken]
|-damage|p2a: Sonso|28/100
|move|p2a: Sonso|Trick Room|p2a: Sonso
|-fieldstart|move: Trick Room|[of] p2a: Sonso
|
|upkeep
|turn|15
|
|t:|1645040872
|switch|p2a: Falko|Drampa, F|100/100
|move|p1a: Kartana|Knock Off|p2a: Falko
|-damage|p2a: Falko|0 fnt
|-enditem|p2a: Falko|Life Orb|[from] move: Knock Off|[of] p1a: Kartana
|faint|p2a: Falko
|-ability|p1a: Kartana|Beast Boost|boost
|-boost|p1a: Kartana|atk|1
|
|upkeep
|
|t:|1645040881
|switch|p2a: Billy B.|Marowak-Alola, F|14/100
|turn|16
|
|t:|1645040890
|switch|p1a: Buzzwole|Buzzwole, shiny|100/100
|-damage|p1a: Buzzwole|88/100|[from] Stealth Rock
|move|p2a: Billy B.|Poltergeist|p1a: Buzzwole
|-activate|p1a: Buzzwole|move: Poltergeist|Rocky Helmet
|-damage|p1a: Buzzwole|37/100
|
|upkeep
|turn|17
|
|t:|1645040899
|move|p2a: Billy B.|Poltergeist|p1a: Buzzwole
|-activate|p1a: Buzzwole|move: Poltergeist|Rocky Helmet
|-damage|p1a: Buzzwole|0 fnt
|faint|p1a: Buzzwole
|
|upkeep
|j| Sorcier Anguilion
|
|t:|1645040911
|switch|p1a: Clefable|Clefable, F|100/100
|-damage|p1a: Clefable|88/100|[from] Stealth Rock
|turn|18
|
|t:|1645040917
|switch|p2a: Hatterene|Hatterene, F|64/100
|move|p1a: Clefable|Moonblast|p2a: Hatterene
|-damage|p2a: Hatterene|42/100
|
|-heal|p1a: Clefable|94/100|[from] item: Leftovers
|-fieldend|move: Trick Room
|upkeep
|turn|19
|
|t:|1645040928
|move|p1a: Clefable|Moonblast|p2a: Hatterene
|-damage|p2a: Hatterene|16/100
|move|p2a: Hatterene|Trick Room|p2a: Hatterene
|-fieldstart|move: Trick Room|[of] p2a: Hatterene
|
|-heal|p1a: Clefable|99/100|[from] item: Leftovers
|upkeep
|turn|20
|
|t:|1645040936
|move|p2a: Hatterene|Healing Wish|p2a: Hatterene
|faint|p2a: Hatterene
|move|p1a: Clefable|Wish|p1a: Clefable
|
|-heal|p1a: Clefable|100/100|[from] item: Leftovers
|upkeep
|
|t:|1645040941
|switch|p2a: Billy B.|Marowak-Alola, F|14/100
|-heal|p2a: Billy B.|100/100|[from] move: Healing Wish
|turn|21
|
|t:|1645040948
|move|p1a: Clefable|Protect|p1a: Clefable
|-singleturn|p1a: Clefable|Protect
|move|p2a: Billy B.|Substitute|p2a: Billy B.
|-start|p2a: Billy B.|Substitute
|-damage|p2a: Billy B.|76/100
|
|upkeep
|turn|22
|
|t:|1645040956
|move|p2a: Billy B.|Flare Blitz|p1a: Clefable
|-damage|p1a: Clefable|0 fnt
|faint|p1a: Clefable
|
|upkeep
|
|t:|1645040962
|switch|p1a: Slowking|Slowking-Galar, F|100/100
|-damage|p1a: Slowking|88/100|[from] Stealth Rock
|turn|23
|
|t:|1645040970
|move|p2a: Billy B.|Flare Blitz|p1a: Slowking
|-damage|p1a: Slowking|0 fnt
|faint|p1a: Slowking
|
|-fieldend|move: Trick Room
|upkeep
|-message|9re9 forfeited.
|
|win|Sombra Diurna
|raw|9re9's rating: 1663 &rarr; <strong>1650</strong><br />(-13 for losing)
|raw|Sombra Diurna's rating: 1786 &rarr; <strong>1799</strong><br />(+13 for winning)
|l|☆9re9
||Ladder isn't responding, score probably updated but might not have (Request timeout).
