|raw|<div class="broadcast-blue"><strong>This battle is required to be public due to a player having a name starting with 'lt84jm'.</div>
|j|☆Lenape
|j|☆LT84JM Acey!
|t:|1627674472
|gametype|singles
|player|p1|Lenape|170|1779
|player|p2|LT84JM Acey!|lucy-gen3|1794
|teamsize|p1|6
|teamsize|p2|6
|gen|8
|tier|[Gen 8] OU
|rated|
|rule|Sleep Clause Mod: Limit one foe put to sleep
|rule|Species Clause: Limit one of each Pokémon
|rule|OHKO Clause: OHKO moves are banned
|rule|Evasion Moves Clause: Evasion moves are banned
|rule|Endless Battle Clause: Forcing endless battles is banned
|rule|HP Percentage Mod: HP is shown in percentages
|rule|Dynamax Clause: You cannot dynamax
|clearpoke
|poke|p1|Rotom-Heat|
|poke|p1|Corviknight, M|
|poke|p1|Sylveon, F|
|poke|p1|Rhyperior, M|
|poke|p1|Toxapex, F|
|poke|p1|Umbreon, M|
|poke|p2|Gyarados, M|
|poke|p2|Landorus-Therian, M|
|poke|p2|Magnezone|
|poke|p2|Melmetal|
|poke|p2|Dragapult, F|
|poke|p2|Tapu Lele|
|teampreview
|inactive|Battle timer is ON: inactive players will automatically lose when time's up. (requested by Lenape)
|
|t:|1627674495
|start
|switch|p1a: Rotom|Rotom-Heat|100/100
|switch|p2a: Landorus|Landorus-Therian, M|100/100
|-ability|p2a: Landorus|Intimidate|boost
|-unboost|p1a: Rotom|atk|1
|turn|1
|
|t:|1627674497
|move|p1a: Rotom|Trick|p2a: Landorus
|-activate|p1a: Rotom|move: Trick|[of] p2a: Landorus
|-item|p2a: Landorus|Choice Scarf|[from] move: Trick
|-item|p1a: Rotom|Leftovers|[from] move: Trick
|move|p2a: Landorus|Knock Off|p1a: Rotom
|-damage|p1a: Rotom|75/100
|-enditem|p1a: Rotom|Leftovers|[from] move: Knock Off|[of] p2a: Landorus
|
|upkeep
|turn|2
|
|t:|1627674505
|move|p2a: Landorus|Knock Off|p1a: Rotom
|-damage|p1a: Rotom|58/100
|move|p1a: Rotom|Will-O-Wisp|p2a: Landorus
|-status|p2a: Landorus|brn
|
|-damage|p2a: Landorus|94/100 brn|[from] brn
|upkeep
|turn|3
|
|t:|1627674514
|switch|p1a: Umbreon|Umbreon, M|100/100
|move|p2a: Landorus|Knock Off|p1a: Umbreon
|-resisted|p1a: Umbreon
|-damage|p1a: Umbreon|96/100
|-enditem|p1a: Umbreon|Leftovers|[from] move: Knock Off|[of] p2a: Landorus
|
|-damage|p2a: Landorus|88/100 brn|[from] brn
|upkeep
|turn|4
|
|t:|1627674518
|switch|p2a: Melmetal|Melmetal|100/100
|move|p1a: Umbreon|Wish|p1a: Umbreon
|
|upkeep
|turn|5
|
|t:|1627674523
|switch|p1a: Rotom|Rotom-Heat|58/100
|move|p2a: Melmetal|Superpower|p1a: Rotom
|-damage|p1a: Rotom|14/100
|-unboost|p2a: Melmetal|atk|1
|-unboost|p2a: Melmetal|def|1
|
|-heal|p1a: Rotom|79/100|[from] move: Wish|[wisher] Umbreon
|upkeep
|turn|6
|
|t:|1627674535
|switch|p1a: Umbreon|Umbreon, M|96/100
|switch|p2a: Landorus|Landorus-Therian, M|88/100 brn
|-ability|p2a: Landorus|Intimidate|boost
|-fail|p1a: Umbreon|unboost|Attack|[from] ability: Inner Focus|[of] p1a: Umbreon
|
|-damage|p2a: Landorus|82/100 brn|[from] brn
|upkeep
|turn|7
|
|t:|1627674538
|move|p2a: Landorus|Stealth Rock|p1a: Umbreon
|-sidestart|p1: Lenape|move: Stealth Rock
|move|p1a: Umbreon|Wish|p1a: Umbreon
|
|-damage|p2a: Landorus|76/100 brn|[from] brn
|upkeep
|turn|8
|
|t:|1627674544
|switch|p2a: Dragapult|Dragapult, F|100/100
|switch|p1a: Rotom|Rotom-Heat|79/100
|-damage|p1a: Rotom|54/100|[from] Stealth Rock
|
|-heal|p1a: Rotom|100/100|[from] move: Wish|[wisher] Umbreon
|upkeep
|turn|9
|
|t:|1627674547
|move|p2a: Dragapult|Draco Meteor|p1a: Rotom
|-damage|p1a: Rotom|20/100
|-unboost|p2a: Dragapult|spa|2
|move|p1a: Rotom|Defog|p2a: Dragapult
|-unboost|p2a: Dragapult|evasion|1
|-sideend|p1: Lenape|Stealth Rock|[from] move: Defog|[of] p1a: Rotom
|
|upkeep
|turn|10
|
|t:|1627674552
|switch|p2a: Landorus|Landorus-Therian, M|76/100 brn
|-ability|p2a: Landorus|Intimidate|boost
|-unboost|p1a: Rotom|atk|1
|switch|p1a: Sylveon|Sylveon, F|100/100
|
|-damage|p2a: Landorus|70/100 brn|[from] brn
|upkeep
|turn|11
|
|t:|1627674554
|switch|p1a: Rotom|Rotom-Heat|20/100
|move|p2a: Landorus|Stealth Rock|p1a: Rotom
|-sidestart|p1: Lenape|move: Stealth Rock
|
|-damage|p2a: Landorus|64/100 brn|[from] brn
|upkeep
|turn|12
|
|t:|1627674557
|move|p2a: Landorus|Stealth Rock||[still]
|-fail|p2a: Landorus
|move|p1a: Rotom|Defog|p2a: Landorus
|-unboost|p2a: Landorus|evasion|1
|-sideend|p1: Lenape|Stealth Rock|[from] move: Defog|[of] p1a: Rotom
|
|-damage|p2a: Landorus|58/100 brn|[from] brn
|upkeep
|turn|13
|
|t:|1627674560
|move|p2a: Landorus|Stealth Rock|p1a: Rotom
|-sidestart|p1: Lenape|move: Stealth Rock
|move|p1a: Rotom|Defog|p2a: Landorus
|-unboost|p2a: Landorus|evasion|1
|-sideend|p1: Lenape|Stealth Rock|[from] move: Defog|[of] p1a: Rotom
|
|-damage|p2a: Landorus|52/100 brn|[from] brn
|upkeep
|turn|14
|
|t:|1627674564
|switch|p2a: Dragapult|Dragapult, F|100/100
|move|p1a: Rotom|Defog|p2a: Dragapult
|-unboost|p2a: Dragapult|evasion|1
|
|upkeep
|turn|15
|
|t:|1627674567
|switch|p1a: Sylveon|Sylveon, F|100/100
|move|p2a: Dragapult|U-turn|p1a: Sylveon
|-resisted|p1a: Sylveon
|-damage|p1a: Sylveon|90/100
|
|t:|1627674568
|switch|p2a: Landorus|Landorus-Therian, M|52/100 brn|[from]move: U-turn
|-ability|p2a: Landorus|Intimidate|boost
|-unboost|p1a: Sylveon|atk|1
|
|-heal|p1a: Sylveon|96/100|[from] item: Leftovers
|-damage|p2a: Landorus|46/100 brn|[from] brn
|upkeep
|turn|16
|
|t:|1627674572
|switch|p1a: Rotom|Rotom-Heat|20/100
|move|p2a: Landorus|Stealth Rock|p1a: Rotom
|-sidestart|p1: Lenape|move: Stealth Rock
|
|-damage|p2a: Landorus|40/100 brn|[from] brn
|upkeep
|turn|17
|
|t:|1627674574
|switch|p2a: Dragapult|Dragapult, F|100/100
|move|p1a: Rotom|Defog|p2a: Dragapult
|-unboost|p2a: Dragapult|evasion|1
|-sideend|p1: Lenape|Stealth Rock|[from] move: Defog|[of] p1a: Rotom
|
|upkeep
|turn|18
|
|t:|1627674577
|switch|p1a: Umbreon|Umbreon, M|96/100
|move|p2a: Dragapult|U-turn|p1a: Umbreon
|-supereffective|p1a: Umbreon
|-damage|p1a: Umbreon|78/100
|
|t:|1627674578
|switch|p2a: Landorus|Landorus-Therian, M|40/100 brn|[from]move: U-turn
|-ability|p2a: Landorus|Intimidate|boost
|-fail|p1a: Umbreon|unboost|Attack|[from] ability: Inner Focus|[of] p1a: Umbreon
|
|-damage|p2a: Landorus|34/100 brn|[from] brn
|upkeep
|turn|19
|
|t:|1627674580
|switch|p1a: Rotom|Rotom-Heat|20/100
|move|p2a: Landorus|U-turn|p1a: Rotom
|-resisted|p1a: Rotom
|-damage|p1a: Rotom|14/100
|
|t:|1627674582
|switch|p2a: Dragapult|Dragapult, F|100/100|[from]move: U-turn
|
|upkeep
|turn|20
|
|t:|1627674584
|switch|p1a: Sylveon|Sylveon, F|96/100
|move|p2a: Dragapult|U-turn|p1a: Sylveon
|-resisted|p1a: Sylveon
|-damage|p1a: Sylveon|86/100
|
|t:|1627674585
|switch|p2a: Landorus|Landorus-Therian, M|34/100 brn|[from]move: U-turn
|-ability|p2a: Landorus|Intimidate|boost
|-unboost|p1a: Sylveon|atk|1
|
|-heal|p1a: Sylveon|92/100|[from] item: Leftovers
|-damage|p2a: Landorus|28/100 brn|[from] brn
|upkeep
|turn|21
|
|t:|1627674587
|switch|p1a: Rotom|Rotom-Heat|14/100
|move|p2a: Landorus|Stealth Rock|p1a: Rotom
|-sidestart|p1: Lenape|move: Stealth Rock
|
|-damage|p2a: Landorus|22/100 brn|[from] brn
|upkeep
|turn|22
|
|t:|1627674589
|switch|p2a: Dragapult|Dragapult, F|100/100
|move|p1a: Rotom|Defog|p2a: Dragapult
|-unboost|p2a: Dragapult|evasion|1
|-sideend|p1: Lenape|Stealth Rock|[from] move: Defog|[of] p1a: Rotom
|
|upkeep
|turn|23
|
|t:|1627674592
|switch|p1a: Sylveon|Sylveon, F|92/100
|move|p2a: Dragapult|U-turn|p1a: Sylveon
|-resisted|p1a: Sylveon
|-damage|p1a: Sylveon|82/100
|
|t:|1627674593
|switch|p2a: Landorus|Landorus-Therian, M|22/100 brn|[from]move: U-turn
|-ability|p2a: Landorus|Intimidate|boost
|-unboost|p1a: Sylveon|atk|1
|
|-heal|p1a: Sylveon|88/100|[from] item: Leftovers
|-damage|p2a: Landorus|16/100 brn|[from] brn
|upkeep
|turn|24
|
|t:|1627674595
|switch|p1a: Rotom|Rotom-Heat|14/100
|move|p2a: Landorus|U-turn|p1a: Rotom
|-resisted|p1a: Rotom
|-damage|p1a: Rotom|9/100
|
|t:|1627674596
|switch|p2a: Dragapult|Dragapult, F|100/100|[from]move: U-turn
|
|upkeep
|turn|25
|
|t:|1627674598
|switch|p1a: Sylveon|Sylveon, F|88/100
|move|p2a: Dragapult|U-turn|p1a: Sylveon
|-resisted|p1a: Sylveon
|-damage|p1a: Sylveon|77/100
|
|t:|1627674600
|switch|p2a: Landorus|Landorus-Therian, M|16/100 brn|[from]move: U-turn
|-ability|p2a: Landorus|Intimidate|boost
|-unboost|p1a: Sylveon|atk|1
|
|-heal|p1a: Sylveon|83/100|[from] item: Leftovers
|-damage|p2a: Landorus|10/100 brn|[from] brn
|upkeep
|turn|26
|
|t:|1627674602
|switch|p1a: Rotom|Rotom-Heat|9/100
|move|p2a: Landorus|U-turn|p1a: Rotom
|-resisted|p1a: Rotom
|-damage|p1a: Rotom|4/100
|
|t:|1627674604
|switch|p2a: Dragapult|Dragapult, F|100/100|[from]move: U-turn
|
|upkeep
|turn|27
|j| Darkness Senpai ツ
|
|t:|1627674606
|switch|p1a: Sylveon|Sylveon, F|83/100
|move|p2a: Dragapult|U-turn|p1a: Sylveon
|-resisted|p1a: Sylveon
|-damage|p1a: Sylveon|72/100
|
|t:|1627674607
|switch|p2a: Landorus|Landorus-Therian, M|10/100 brn|[from]move: U-turn
|-ability|p2a: Landorus|Intimidate|boost
|-unboost|p1a: Sylveon|atk|1
|
|-heal|p1a: Sylveon|78/100|[from] item: Leftovers
|-damage|p2a: Landorus|4/100 brn|[from] brn
|upkeep
|turn|28
|
|t:|1627674615
|switch|p1a: Rhyperior|Rhyperior, M|100/100
|move|p2a: Landorus|Stealth Rock|p1a: Rhyperior
|-sidestart|p1: Lenape|move: Stealth Rock
|
|-damage|p2a: Landorus|0 fnt|[from] brn
|faint|p2a: Landorus
|upkeep
|
|t:|1627674621
|switch|p2a: Melmetal|Melmetal|100/100
|turn|29
|
|t:|1627674631
|switch|p1a: Toxapex|Toxapex, F|100/100
|-damage|p1a: Toxapex|88/100|[from] Stealth Rock
|move|p2a: Melmetal|Double Iron Bash|p1a: Toxapex
|-resisted|p1a: Toxapex
|-damage|p1a: Toxapex|75/100
|-resisted|p1a: Toxapex
|-damage|p1a: Toxapex|61/100
|-hitcount|p1a: Toxapex|2
|
|-heal|p1a: Toxapex|67/100|[from] item: Black Sludge
|upkeep
|turn|30
|
|t:|1627674633
|move|p1a: Toxapex|Baneful Bunker|p1a: Toxapex
|-singleturn|p1a: Toxapex|move: Protect
|move|p2a: Melmetal|Earthquake|p1a: Toxapex
|-activate|p1a: Toxapex|move: Protect
|
|-heal|p1a: Toxapex|73/100|[from] item: Black Sludge
|upkeep
|turn|31
|
|t:|1627674636
|move|p1a: Toxapex|Scald|p2a: Melmetal
|-damage|p2a: Melmetal|90/100
|-status|p2a: Melmetal|brn
|move|p2a: Melmetal|Thunder Punch|p1a: Toxapex
|-supereffective|p1a: Toxapex
|-damage|p1a: Toxapex|52/100
|-status|p1a: Toxapex|par
|
|-heal|p1a: Toxapex|58/100 par|[from] item: Black Sludge
|-damage|p2a: Melmetal|84/100 brn|[from] brn
|upkeep
|turn|32
|
|t:|1627674640
|switch|p2a: Tapu Lele|Tapu Lele|100/100
|-fieldstart|move: Psychic Terrain|[from] ability: Psychic Surge|[of] p2a: Tapu Lele
|switch|p1a: Umbreon|Umbreon, M|78/100
|-damage|p1a: Umbreon|65/100|[from] Stealth Rock
|
|upkeep
|turn|33
|
|t:|1627674644
|move|p1a: Umbreon|Protect|p1a: Umbreon
|-singleturn|p1a: Umbreon|Protect
|move|p2a: Tapu Lele|Future Sight|p1a: Umbreon
|-start|p2a: Tapu Lele|move: Future Sight
|
|upkeep
|turn|34
|
|t:|1627674648
|switch|p2a: Magnezone|Magnezone|100/100
|move|p1a: Umbreon|Wish|p1a: Umbreon
|
|upkeep
|turn|35
|
|t:|1627674653
|switch|p1a: Rhyperior|Rhyperior, M|100/100
|-damage|p1a: Rhyperior|94/100|[from] Stealth Rock
|move|p2a: Magnezone|Iron Defense|p2a: Magnezone
|-boost|p2a: Magnezone|def|2
|
|-end|p1a: Rhyperior|move: Future Sight
|-damage|p1a: Rhyperior|29/100
|-heal|p1a: Rhyperior|75/100|[from] move: Wish|[wisher] Umbreon
|-heal|p1a: Rhyperior|81/100|[from] item: Leftovers
|upkeep
|turn|36
|
|t:|1627674657
|move|p2a: Magnezone|Magnet Rise|p2a: Magnezone
|-start|p2a: Magnezone|Magnet Rise
|move|p1a: Rhyperior|Earthquake|p2a: Magnezone
|-immune|p2a: Magnezone
|
|-heal|p1a: Rhyperior|87/100|[from] item: Leftovers
|-fieldend|move: Psychic Terrain
|upkeep
|turn|37
|
|t:|1627674660
|switch|p1a: Sylveon|Sylveon, F|78/100
|-damage|p1a: Sylveon|66/100|[from] Stealth Rock
|move|p2a: Magnezone|Body Press|p1a: Sylveon
|-resisted|p1a: Sylveon
|-crit|p1a: Sylveon
|-damage|p1a: Sylveon|16/100
|
|-heal|p1a: Sylveon|22/100|[from] item: Leftovers
|upkeep
|turn|38
|
|t:|1627674662
|move|p2a: Magnezone|Body Press|p1a: Sylveon
|-resisted|p1a: Sylveon
|-damage|p1a: Sylveon|0 fnt
|faint|p1a: Sylveon
|
|upkeep
|
|t:|1627674667
|switch|p1a: Toxapex|Toxapex, F|91/100 par
|-damage|p1a: Toxapex|79/100 par|[from] Stealth Rock
|turn|39
|
|t:|1627674669
|move|p2a: Magnezone|Thunderbolt|p1a: Toxapex
|-supereffective|p1a: Toxapex
|-damage|p1a: Toxapex|4/100 par
|move|p1a: Toxapex|Scald|p2a: Magnezone
|-damage|p2a: Magnezone|78/100
|
|-heal|p1a: Toxapex|10/100 par|[from] item: Black Sludge
|upkeep
|turn|40
|
|t:|1627674672
|move|p2a: Magnezone|Body Press|p1a: Toxapex
|-resisted|p1a: Toxapex
|-damage|p1a: Toxapex|0 fnt
|faint|p1a: Toxapex
|
|-end|p2a: Magnezone|Magnet Rise
|upkeep
|
|t:|1627674680
|switch|p1a: Umbreon|Umbreon, M|65/100
|-damage|p1a: Umbreon|53/100|[from] Stealth Rock
|turn|41
|
|t:|1627674687
|move|p2a: Magnezone|Body Press|p1a: Umbreon
|-supereffective|p1a: Umbreon
|-damage|p1a: Umbreon|0 fnt
|faint|p1a: Umbreon
|
|upkeep
|
|t:|1627674691
|switch|p1a: Rhyperior|Rhyperior, M|87/100
|-damage|p1a: Rhyperior|81/100|[from] Stealth Rock
|turn|42
|
|t:|1627674694
|move|p2a: Magnezone|Magnet Rise|p2a: Magnezone
|-start|p2a: Magnezone|Magnet Rise
|move|p1a: Rhyperior|Rock Blast|p2a: Magnezone
|-resisted|p2a: Magnezone
|-damage|p2a: Magnezone|76/100
|-resisted|p2a: Magnezone
|-damage|p2a: Magnezone|73/100
|-resisted|p2a: Magnezone
|-damage|p2a: Magnezone|71/100
|-resisted|p2a: Magnezone
|-damage|p2a: Magnezone|68/100
|-resisted|p2a: Magnezone
|-damage|p2a: Magnezone|66/100
|-hitcount|p2a: Magnezone|5
|
|-heal|p1a: Rhyperior|87/100|[from] item: Leftovers
|upkeep
|turn|43
|
|t:|1627674697
|move|p2a: Magnezone|Iron Defense|p2a: Magnezone
|-boost|p2a: Magnezone|def|2
|move|p1a: Rhyperior|Rock Blast|p2a: Magnezone
|-resisted|p2a: Magnezone
|-damage|p2a: Magnezone|63/100
|-resisted|p2a: Magnezone
|-crit|p2a: Magnezone
|-damage|p2a: Magnezone|57/100
|-resisted|p2a: Magnezone
|-damage|p2a: Magnezone|55/100
|-hitcount|p2a: Magnezone|3
|
|-heal|p1a: Rhyperior|93/100|[from] item: Leftovers
|upkeep
|turn|44
|
|t:|1627674699
|move|p2a: Magnezone|Body Press|p1a: Rhyperior
|-supereffective|p1a: Rhyperior
|-damage|p1a: Rhyperior|15/100
|move|p1a: Rhyperior|Rock Blast|p2a: Magnezone
|-resisted|p2a: Magnezone
|-damage|p2a: Magnezone|53/100
|-resisted|p2a: Magnezone
|-damage|p2a: Magnezone|51/100
|-resisted|p2a: Magnezone
|-damage|p2a: Magnezone|50/100
|-resisted|p2a: Magnezone
|-damage|p2a: Magnezone|48/100
|-hitcount|p2a: Magnezone|4
|
|-heal|p1a: Rhyperior|21/100|[from] item: Leftovers
|upkeep
|turn|45
|
|t:|1627674701
|move|p2a: Magnezone|Body Press|p1a: Rhyperior
|-supereffective|p1a: Rhyperior
|-damage|p1a: Rhyperior|0 fnt
|faint|p1a: Rhyperior
|
|upkeep
|
|t:|1627674705
|switch|p1a: Corviknight|Corviknight, M|100/100
|-damage|p1a: Corviknight|88/100|[from] Stealth Rock
|-ability|p1a: Corviknight|Pressure
|turn|46
|
|t:|1627674706
|move|p2a: Magnezone|Thunderbolt|p1a: Corviknight
|-supereffective|p1a: Corviknight
|-damage|p1a: Corviknight|0 fnt
|faint|p1a: Corviknight
|
|-end|p2a: Magnezone|Magnet Rise
|upkeep
|
|t:|1627674708
|switch|p1a: Rotom|Rotom-Heat|4/100
|-damage|p1a: Rotom|0 fnt|[from] Stealth Rock
|faint|p1a: Rotom
|
|win|LT84JM Acey!
|raw|Lenape's rating: 1779 &rarr; <strong>1760</strong><br />(-19 for losing)
|raw|LT84JM Acey!'s rating: 1794 &rarr; <strong>1813</strong><br />(+19 for winning)
|l|☆Lenape
||Ladder isn't responding, score probably updated but might not have (Request timeout).
