|j|☆GGeorgie
|j|☆Saturation1
|t:|1668061823
|gametype|singles
|player|p1|GGeorgie|hiker-gen2|1676
|player|p2|Saturation1|brock|1615
|teamsize|p1|6
|teamsize|p2|6
|gen|8
|tier|[Gen 8] OU
|rated|
|rule|Sleep Clause Mod: Limit one foe put to sleep
|rule|Species Clause: Limit one of each Pokémon
|rule|OHKO Clause: OHKO moves are banned
|rule|Evasion Items Clause: Evasion items are banned
|rule|Evasion Moves Clause: Evasion moves are banned
|rule|Endless Battle Clause: Forcing endless battles is banned
|rule|HP Percentage Mod: HP is shown in percentages
|rule|Dynamax Clause: You cannot dynamax
|clearpoke
|poke|p1|Excadrill, M|
|poke|p1|Tyranitar, F|
|poke|p1|Landorus-Therian, M|
|poke|p1|Moltres|
|poke|p1|Melmetal|
|poke|p1|Amoonguss, M|
|poke|p2|Tapu Koko|
|poke|p2|Skarmory, M|
|poke|p2|Tyranitar, F|
|poke|p2|Clefable, F|
|poke|p2|Landorus-Therian, M|
|poke|p2|Slowking, M|
|teampreview
|j| Rossaism
|j|+moondazing
|j| reionatro
|j| RTSG tests
|inactive|Battle timer is ON: inactive players will automatically lose when time's up. (requested by GGeorgie)
|j| cypherstest
|j| Ischromia
|
|t:|1668061849
|start
|switch|p1a: Moltres|Moltres|100/100
|switch|p2a: Clefable|Clefable, F|100/100
|-ability|p1a: Moltres|Pressure
|turn|1
|j| ultimategoogolplex
|j|+pastagirl
|
|t:|1668061867
|move|p1a: Moltres|Substitute|p1a: Moltres
|-start|p1a: Moltres|Substitute
|-damage|p1a: Moltres|76/100
|move|p2a: Clefable|Trick||[still]
|-fail|p2a: Clefable
|
|upkeep
|turn|2
|
|t:|1668061885
|move|p1a: Moltres|Flamethrower|p2a: Clefable
|-damage|p2a: Clefable|71/100
|move|p2a: Clefable|Moonblast|p1a: Moltres
|-resisted|p1a: Moltres
|-activate|p1a: Moltres|move: Substitute|[damage]
|
|upkeep
|turn|3
|
|t:|1668061890
|move|p1a: Moltres|Hurricane|p2a: Clefable|[miss]
|-miss|p1a: Moltres|p2a: Clefable
|move|p2a: Clefable|Soft-Boiled|p2a: Clefable
|-heal|p2a: Clefable|100/100
|
|upkeep
|turn|4
|j| X-Wing Fighter
|
|t:|1668061894
|move|p1a: Moltres|Hurricane|p2a: Clefable|[miss]
|-miss|p1a: Moltres|p2a: Clefable
|move|p2a: Clefable|Moonblast|p1a: Moltres
|-resisted|p1a: Moltres
|-end|p1a: Moltres|Substitute
|
|upkeep
|turn|5
|j| LT_Alt1
|
|t:|1668061904
|switch|p2a: Slowking|Slowking, M|100/100
|move|p1a: Moltres|Substitute|p1a: Moltres
|-start|p1a: Moltres|Substitute
|-damage|p1a: Moltres|51/100
|
|upkeep
|turn|6
|c|+moondazing|imagine hitting
|
|t:|1668061909
|switch|p2a: Clefable|Clefable, F|100/100
|move|p1a: Moltres|Roost|p1a: Moltres
|-heal|p1a: Moltres|100/100
|-singleturn|p1a: Moltres|move: Roost
|
|upkeep
|turn|7
|c|☆GGeorgie|real
|
|t:|1668061918
|switch|p1a: Tyranitar|Tyranitar, F|100/100
|-weather|Sandstorm|[from] ability: Sand Stream|[of] p1a: Tyranitar
|switch|p2a: Slowking|Slowking, M|100/100
|
|-weather|Sandstorm|[upkeep]
|-damage|p2a: Slowking|94/100|[from] Sandstorm
|upkeep
|turn|8
|j| i love coffqe
|
|t:|1668061927
|switch|p2a: Skarmory|Skarmory, M|100/100
|move|p1a: Tyranitar|Stone Edge|p2a: Skarmory
|-damage|p2a: Skarmory|65/100
|
|-weather|Sandstorm|[upkeep]
|upkeep
|turn|9
|
|t:|1668061931
|move|p1a: Tyranitar|Thunder Wave|p2a: Skarmory
|-status|p2a: Skarmory|par
|move|p2a: Skarmory|Roost|p2a: Skarmory
|-heal|p2a: Skarmory|100/100 par
|-singleturn|p2a: Skarmory|move: Roost
|
|-weather|Sandstorm|[upkeep]
|upkeep
|turn|10
|
|t:|1668061935
|switch|p1a: Moltres|Moltres|100/100
|-ability|p1a: Moltres|Pressure
|move|p2a: Skarmory|Body Press|p1a: Moltres
|-resisted|p1a: Moltres
|-damage|p1a: Moltres|82/100
|
|-weather|Sandstorm|[upkeep]
|-damage|p1a: Moltres|76/100|[from] Sandstorm
|upkeep
|turn|11
|
|t:|1668061939
|switch|p1a: Melmetal|Melmetal|100/100
|switch|p2a: Slowking|Slowking, M|100/100
|
|-weather|none
|upkeep
|turn|12
|
|t:|1668061941
|switch|p2a: Skarmory|Skarmory, M|100/100 par
|move|p1a: Melmetal|Substitute|p1a: Melmetal
|-start|p1a: Melmetal|Substitute
|-damage|p1a: Melmetal|76/100
|
|-heal|p1a: Melmetal|82/100|[from] item: Leftovers
|upkeep
|turn|13
|c|+pastagirl|georgie is the best player of all time
|l| i love coffqe
|
|t:|1668061949
|move|p1a: Melmetal|Thunder Punch|p2a: Skarmory
|-supereffective|p2a: Skarmory
|-damage|p2a: Skarmory|60/100 par
|-damage|p1a: Melmetal|65/100|[from] item: Rocky Helmet|[of] p2a: Skarmory
|move|p2a: Skarmory|Iron Defense|p2a: Skarmory
|-boost|p2a: Skarmory|def|2
|
|-heal|p1a: Melmetal|71/100|[from] item: Leftovers
|upkeep
|turn|14
|
|t:|1668061956
|switch|p1a: Moltres|Moltres|76/100
|-ability|p1a: Moltres|Pressure
|move|p2a: Skarmory|Roost|p2a: Skarmory
|-heal|p2a: Skarmory|100/100 par
|-singleturn|p2a: Skarmory|move: Roost
|
|upkeep
|turn|15
|
|t:|1668061963
|switch|p1a: Tyranitar|Tyranitar, F|100/100
|-weather|Sandstorm|[from] ability: Sand Stream|[of] p1a: Tyranitar
|switch|p2a: Slowking|Slowking, M|100/100
|
|-weather|Sandstorm|[upkeep]
|-damage|p2a: Slowking|94/100|[from] Sandstorm
|upkeep
|turn|16
|
|t:|1668061967
|switch|p2a: Skarmory|Skarmory, M|100/100 par
|move|p1a: Tyranitar|Stealth Rock|p2a: Skarmory
|-sidestart|p2: Saturation1|move: Stealth Rock
|
|-weather|Sandstorm|[upkeep]
|upkeep
|turn|17
|
|t:|1668061970
|switch|p1a: Moltres|Moltres|76/100
|-ability|p1a: Moltres|Pressure
|move|p2a: Skarmory|Spikes|p1a: Moltres
|-sidestart|p1: GGeorgie|Spikes
|
|-weather|Sandstorm|[upkeep]
|-damage|p1a: Moltres|70/100|[from] Sandstorm
|upkeep
|turn|18
|j| Dunsolate
|
|t:|1668061976
|switch|p2a: Slowking|Slowking, M|100/100
|move|p1a: Moltres|Flamethrower|p2a: Slowking
|-resisted|p2a: Slowking
|-damage|p2a: Slowking|84/100
|
|-weather|Sandstorm|[upkeep]
|-damage|p1a: Moltres|64/100|[from] Sandstorm
|-damage|p2a: Slowking|78/100|[from] Sandstorm
|upkeep
|turn|19
|
|t:|1668061980
|switch|p1a: Amoonguss|Amoonguss, M|100/100
|-damage|p1a: Amoonguss|88/100|[from] Spikes
|move|p2a: Slowking|Scald|p1a: Amoonguss
|-resisted|p1a: Amoonguss
|-damage|p1a: Amoonguss|76/100
|
|-weather|none
|upkeep
|turn|20
|
|t:|1668061988
|move|p1a: Amoonguss|Stun Spore|p2a: Slowking|[miss]
|-miss|p1a: Amoonguss|p2a: Slowking
|move|p2a: Slowking|Teleport|p2a: Slowking
|
|t:|1668061992
|switch|p2a: Clefable|Clefable, F|100/100|[from]move: Teleport
|
|upkeep
|turn|21
|
|t:|1668061995
|move|p2a: Clefable|Trick|p1a: Amoonguss
|-activate|p2a: Clefable|move: Trick|[of] p1a: Amoonguss
|-item|p1a: Amoonguss|Sticky Barb|[from] move: Trick
|-item|p2a: Clefable|Rocky Helmet|[from] move: Trick
|move|p1a: Amoonguss|Stun Spore|p2a: Clefable|[miss]
|-miss|p1a: Amoonguss|p2a: Clefable
|
|-damage|p1a: Amoonguss|63/100|[from] item: Sticky Barb
|upkeep
|turn|22
|
|t:|1668062004
|switch|p2a: Skarmory|Skarmory, M|100/100 par
|-damage|p2a: Skarmory|88/100 par|[from] Stealth Rock
|switch|p1a: Excadrill|Excadrill, M|100/100
|-damage|p1a: Excadrill|88/100|[from] Spikes
|
|upkeep
|turn|23
|c|☆GGeorgie|I'm building up karma for next game
|
|t:|1668062012
|switch|p1a: Moltres|Moltres|64/100
|-ability|p1a: Moltres|Pressure
|cant|p2a: Skarmory|par
|
|upkeep
|turn|24
|c|+pastagirl|lmfao i was gonna say
|
|t:|1668062023
|switch|p2a: Slowking|Slowking, M|100/100
|move|p1a: Moltres|Flamethrower|p2a: Slowking
|-resisted|p2a: Slowking
|-damage|p2a: Slowking|84/100
|
|upkeep
|turn|25
|
|t:|1668062028
|move|p1a: Moltres|Substitute|p1a: Moltres
|-start|p1a: Moltres|Substitute
|-damage|p1a: Moltres|39/100
|move|p2a: Slowking|Future Sight|p1a: Moltres
|-start|p2a: Slowking|move: Future Sight
|
|upkeep
|turn|26
|
|t:|1668062031
|move|p1a: Moltres|Roost|p1a: Moltres
|-heal|p1a: Moltres|89/100
|-singleturn|p1a: Moltres|move: Roost
|move|p2a: Slowking|Scald|p1a: Moltres
|-supereffective|p1a: Moltres
|-end|p1a: Moltres|Substitute
|
|upkeep
|turn|27
|j| i love coffqe
|
|t:|1668062035
|move|p1a: Moltres|Substitute|p1a: Moltres
|-start|p1a: Moltres|Substitute
|-damage|p1a: Moltres|64/100
|move|p2a: Slowking|Scald|p1a: Moltres
|-supereffective|p1a: Moltres
|-end|p1a: Moltres|Substitute
|
|-end|p1a: Moltres|move: Future Sight
|-damage|p1a: Moltres|17/100
|upkeep
|turn|28
|l| i love coffqe
|
|t:|1668062039
|switch|p1a: Tyranitar|Tyranitar, F|100/100
|-damage|p1a: Tyranitar|88/100|[from] Spikes
|-weather|Sandstorm|[from] ability: Sand Stream|[of] p1a: Tyranitar
|move|p2a: Slowking|Scald|p1a: Tyranitar
|-supereffective|p1a: Tyranitar
|-damage|p1a: Tyranitar|52/100
|
|-weather|Sandstorm|[upkeep]
|-damage|p2a: Slowking|78/100|[from] Sandstorm
|upkeep
|turn|29
|c| reionatro|imagine if pursuit existed...
|
|t:|1668062049
|switch|p2a: Skarmory|Skarmory, M|88/100 par
|-damage|p2a: Skarmory|76/100 par|[from] Stealth Rock
|move|p1a: Tyranitar|Stone Edge|p2a: Skarmory
|-damage|p2a: Skarmory|36/100 par
|
|-weather|Sandstorm|[upkeep]
|upkeep
|turn|30
|
|t:|1668062056
|switch|p2a: Landorus|Landorus-Therian, M|100/100
|-damage|p2a: Landorus|88/100|[from] Stealth Rock
|-ability|p2a: Landorus|Intimidate|boost
|-unboost|p1a: Tyranitar|atk|1
|move|p1a: Tyranitar|Stone Edge|p2a: Landorus
|-damage|p2a: Landorus|56/100
|
|-weather|Sandstorm|[upkeep]
|-heal|p2a: Landorus|62/100|[from] item: Leftovers
|upkeep
|turn|31
|
|t:|1668062067
|move|p1a: Tyranitar|Stone Edge|p2a: Landorus
|-damage|p2a: Landorus|33/100
|move|p2a: Landorus|Stealth Rock|p1a: Tyranitar
|-sidestart|p1: GGeorgie|move: Stealth Rock
|
|-weather|Sandstorm|[upkeep]
|-heal|p2a: Landorus|39/100|[from] item: Leftovers
|upkeep
|turn|32
|
|t:|1668062071
|switch|p1a: Landorus|Landorus-Therian, M|100/100
|-damage|p1a: Landorus|88/100|[from] Stealth Rock
|-ability|p1a: Landorus|Intimidate|boost
|-unboost|p2a: Landorus|atk|1
|move|p2a: Landorus|Earthquake|p1a: Landorus
|-immune|p1a: Landorus
|
|-weather|none
|-heal|p2a: Landorus|45/100|[from] item: Leftovers
|upkeep
|turn|33
|c|+pastagirl|georgie what the fuck is this tar set
|c|+pastagirl|is it hard stone
|c|☆GGeorgie|its going ham rn
|c|+pastagirl|it is isn't it.
|
|t:|1668062096
|switch|p2a: Skarmory|Skarmory, M|36/100 par
|-damage|p2a: Skarmory|23/100 par|[from] Stealth Rock
|move|p1a: Landorus|Stone Edge|p2a: Skarmory
|-damage|p2a: Skarmory|2/100 par
|
|upkeep
|turn|34
|
|t:|1668062102
|move|p1a: Landorus|Stone Edge|p2a: Skarmory
|-damage|p2a: Skarmory|0 fnt
|faint|p2a: Skarmory
|
|upkeep
|
|t:|1668062106
|switch|p2a: Slowking|Slowking, M|100/100
|turn|35
|
|t:|1668062109
|switch|p1a: Amoonguss|Amoonguss, M|97/100
|-damage|p1a: Amoonguss|84/100|[from] Spikes
|-damage|p1a: Amoonguss|72/100|[from] Stealth Rock
|move|p2a: Slowking|Future Sight|p1a: Amoonguss
|-start|p2a: Slowking|move: Future Sight
|
|-damage|p1a: Amoonguss|59/100|[from] item: Sticky Barb
|upkeep
|turn|36
|
|t:|1668062115
|move|p1a: Amoonguss|Stun Spore|p2a: Slowking
|-status|p2a: Slowking|par
|move|p2a: Slowking|Teleport|p2a: Slowking
|
|t:|1668062120
|switch|p2a: Tyranitar|Tyranitar, F|100/100|[from]move: Teleport
|-damage|p2a: Tyranitar|88/100|[from] Stealth Rock
|-weather|Sandstorm|[from] ability: Sand Stream|[of] p2a: Tyranitar
|
|-weather|Sandstorm|[upkeep]
|-damage|p1a: Amoonguss|53/100|[from] Sandstorm
|-damage|p1a: Amoonguss|40/100|[from] item: Sticky Barb
|upkeep
|turn|37
|
|t:|1668062124
|move|p2a: Tyranitar|Crunch|p1a: Amoonguss
|-damage|p1a: Amoonguss|0 fnt
|faint|p1a: Amoonguss
|
|-weather|Sandstorm|[upkeep]
|-hint|Future Sight did not hit because the target is fainted.
|upkeep
|c|+pastagirl|i actly
|
|t:|1668062127
|switch|p1a: Landorus|Landorus-Therian, M|88/100
|-damage|p1a: Landorus|76/100|[from] Stealth Rock
|-ability|p1a: Landorus|Intimidate|boost
|-unboost|p2a: Tyranitar|atk|1
|turn|38
|c|+pastagirl|love this team
|c|+pastagirl|im ngl
|
|t:|1668062131
|switch|p2a: Landorus|Landorus-Therian, M|45/100
|-damage|p2a: Landorus|33/100|[from] Stealth Rock
|-ability|p2a: Landorus|Intimidate|boost
|-unboost|p1a: Landorus|atk|1
|move|p1a: Landorus|Defog|p2a: Landorus
|-unboost|p2a: Landorus|evasion|1
|-sideend|p2: Saturation1|Stealth Rock|[from] move: Defog|[of] p1a: Landorus
|-sideend|p1: GGeorgie|Spikes|[from] move: Defog|[of] p1a: Landorus
|-sideend|p1: GGeorgie|Stealth Rock|[from] move: Defog|[of] p1a: Landorus
|
|-weather|Sandstorm|[upkeep]
|-heal|p2a: Landorus|39/100|[from] item: Leftovers
|upkeep
|turn|39
|c|+pastagirl|this team is epic
|
|t:|1668062135
|switch|p1a: Excadrill|Excadrill, M|88/100
|move|p2a: Landorus|Knock Off|p1a: Excadrill
|-damage|p1a: Excadrill|46/100
|-enditem|p1a: Excadrill|Life Orb|[from] move: Knock Off|[of] p2a: Landorus
|
|-weather|Sandstorm|[upkeep]
|-heal|p2a: Landorus|45/100|[from] item: Leftovers
|upkeep
|turn|40
|
|t:|1668062141
|move|p1a: Excadrill|Iron Head|p2a: Landorus
|-crit|p2a: Landorus
|-damage|p2a: Landorus|0 fnt
|faint|p2a: Landorus
|
|-weather|none
|upkeep
|
|t:|1668062145
|switch|p2a: Slowking|Slowking, M|100/100 par
|turn|41
|
|t:|1668062148
|switch|p1a: Tyranitar|Tyranitar, F|52/100
|-weather|Sandstorm|[from] ability: Sand Stream|[of] p1a: Tyranitar
|move|p2a: Slowking|Scald|p1a: Tyranitar
|-supereffective|p1a: Tyranitar
|-damage|p1a: Tyranitar|13/100
|-status|p1a: Tyranitar|brn
|
|-weather|Sandstorm|[upkeep]
|-damage|p2a: Slowking|94/100 par|[from] Sandstorm
|-damage|p1a: Tyranitar|7/100 brn|[from] brn
|upkeep
|turn|42
|j| Nartey
|
|t:|1668062155
|move|p1a: Tyranitar|Stealth Rock|p2a: Slowking
|-sidestart|p2: Saturation1|move: Stealth Rock
|move|p2a: Slowking|Scald|p1a: Tyranitar
|-supereffective|p1a: Tyranitar
|-damage|p1a: Tyranitar|0 fnt
|faint|p1a: Tyranitar
|
|-weather|Sandstorm|[upkeep]
|-damage|p2a: Slowking|88/100 par|[from] Sandstorm
|upkeep
|
|t:|1668062157
|switch|p1a: Excadrill|Excadrill, M|46/100
|turn|43
|
|t:|1668062159
|move|p1a: Excadrill|Earthquake|p2a: Slowking
|-damage|p2a: Slowking|19/100 par
|move|p2a: Slowking|Scald|p1a: Excadrill
|-supereffective|p1a: Excadrill
|-damage|p1a: Excadrill|0 fnt
|faint|p1a: Excadrill
|
|-weather|Sandstorm|[upkeep]
|-damage|p2a: Slowking|12/100 par|[from] Sandstorm
|upkeep
|
|t:|1668062167
|switch|p1a: Melmetal|Melmetal|71/100
|turn|44
|
|t:|1668062179
|move|p1a: Melmetal|Substitute|p1a: Melmetal
|-start|p1a: Melmetal|Substitute
|-damage|p1a: Melmetal|46/100
|move|p2a: Slowking|Scald|p1a: Melmetal
|-end|p1a: Melmetal|Substitute
|
|-weather|Sandstorm|[upkeep]
|-damage|p2a: Slowking|6/100 par|[from] Sandstorm
|-heal|p1a: Melmetal|53/100|[from] item: Leftovers
|upkeep
|turn|45
|
|t:|1668062186
|move|p1a: Melmetal|Earthquake|p2a: Slowking
|-damage|p2a: Slowking|0 fnt
|faint|p2a: Slowking
|
|-weather|none
|-heal|p1a: Melmetal|59/100|[from] item: Leftovers
|upkeep
|
|t:|1668062188
|switch|p2a: Tyranitar|Tyranitar, F|88/100
|-damage|p2a: Tyranitar|76/100|[from] Stealth Rock
|-weather|Sandstorm|[from] ability: Sand Stream|[of] p2a: Tyranitar
|turn|46
|
|t:|1668062191
|switch|p1a: Moltres|Moltres|17/100
|-ability|p1a: Moltres|Pressure
|move|p2a: Tyranitar|Crunch|p1a: Moltres
|-damage|p1a: Moltres|0 fnt
|faint|p1a: Moltres
|
|-weather|Sandstorm|[upkeep]
|upkeep
|
|t:|1668062193
|switch|p1a: Landorus|Landorus-Therian, M|76/100
|-ability|p1a: Landorus|Intimidate|boost
|-unboost|p2a: Tyranitar|atk|1
|turn|47
|
|t:|1668062202
|move|p1a: Landorus|Earthquake|p2a: Tyranitar
|-supereffective|p2a: Tyranitar
|-damage|p2a: Tyranitar|0 fnt
|faint|p2a: Tyranitar
|
|-weather|Sandstorm|[upkeep]
|upkeep
|
|t:|1668062205
|switch|p2a: Clefable|Clefable, F|100/100
|turn|48
|
|t:|1668062212
|switch|p1a: Melmetal|Melmetal|59/100
|move|p2a: Clefable|Trick|p1a: Melmetal
|-activate|p2a: Clefable|move: Trick|[of] p1a: Melmetal
|-item|p1a: Melmetal|Rocky Helmet|[from] move: Trick
|-item|p2a: Clefable|Leftovers|[from] move: Trick
|
|-weather|Sandstorm|[upkeep]
|upkeep
|turn|49
|
|t:|1668062220
|move|p2a: Clefable|Moonblast|p1a: Melmetal
|-resisted|p1a: Melmetal
|-damage|p1a: Melmetal|42/100
|move|p1a: Melmetal|Double Iron Bash|p2a: Clefable
|-supereffective|p2a: Clefable
|-damage|p2a: Clefable|0 fnt
|faint|p2a: Clefable
|-hitcount|p2: Clefable|1
|
|-weather|Sandstorm|[upkeep]
|upkeep
|-message|Saturation1 forfeited.
|
|win|GGeorgie
|raw|GGeorgie's rating: 1676 &rarr; <strong>1693</strong><br />(+17 for winning)
|raw|Saturation1's rating: 1615 &rarr; <strong>1598</strong><br />(-17 for losing)
|l|☆Saturation1
|l| reionatro
|l| Rossaism
|l| X-Wing Fighter
|l| RTSG tests
|l| Nartey
|j| X-Wing Fighter
||Ladder isn't responding, score probably updated but might not have (Request timeout).
