|j|☆kiss the sun
|j|☆big boss 447
|player|p1|kiss the sun|266|1852
|player|p2|big boss 447|n|1834
|teamsize|p1|6
|teamsize|p2|6
|gametype|singles
|gen|8
|tier|[Gen 8] OU
|rated|
|clearpoke
|poke|p1|Diggersby, M|
|poke|p1|Kyurem|
|poke|p1|Zeraora|
|poke|p1|Keldeo-Resolute|
|poke|p1|Mew|
|poke|p1|Aegislash, M|
|poke|p2|Mimikyu, M|
|poke|p2|Hippowdon, F|
|poke|p2|Excadrill, M|
|poke|p2|Diggersby, M|
|poke|p2|Hydreigon, M|
|poke|p2|Clefable, F|
|rule|Sleep Clause Mod: Limit one foe put to sleep
|rule|Species Clause: Limit one of each Pokémon
|rule|OHKO Clause: OHKO moves are banned
|rule|Evasion Moves Clause: Evasion moves are banned
|rule|Endless Battle Clause: Forcing endless battles is banned
|rule|HP Percentage Mod: HP is shown in percentages
|rule|Dynamax Clause: You cannot dynamax
|teampreview
|j| mdng
|inactive|Battle timer is ON: inactive players will automatically lose when time's up. (requested by big boss 447)
|
|start
|switch|p1a: Mew|Mew|100/100
|switch|p2a: Clefable|Clefable, F|100/100
|turn|1
|j| cancer02
|
|move|p1a: Mew|Stealth Rock|p2a: Clefable
|-sidestart|p2: big boss 447|move: Stealth Rock
|move|p2a: Clefable|Moonblast|p1a: Mew
|-damage|p1a: Mew|53/100
|-enditem|p1a: Mew|Red Card|[of] p2a: Clefable
|drag|p2a: Mimikyu|Mimikyu, M|100/100
|-damage|p2a: Mimikyu|88/100|[from] Stealth Rock
|
|upkeep
|turn|2
|
|move|p1a: Mew|Taunt|p2a: Mimikyu
|-start|p2a: Mimikyu|move: Taunt
|move|p2a: Mimikyu|Shadow Claw|p1a: Mew
|-supereffective|p1a: Mew
|-damage|p1a: Mew|0 fnt
|-damage|p2a: Mimikyu|78/100|[from] item: Life Orb
|faint|p1a: Mew
|
|upkeep
|
|switch|p1a: Zeraora|Zeraora|100/100
|turn|3
|
|switch|p2a: Hippowdon|Hippowdon, F|100/100
|-damage|p2a: Hippowdon|94/100|[from] Stealth Rock
|-weather|Sandstorm|[from] ability: Sand Stream|[of] p2a: Hippowdon
|move|p1a: Zeraora|Bulk Up|p1a: Zeraora
|-boost|p1a: Zeraora|atk|1
|-boost|p1a: Zeraora|def|1
|
|-weather|Sandstorm|[upkeep]
|-damage|p1a: Zeraora|95/100|[from] Sandstorm
|-heal|p1a: Zeraora|100/100|[from] item: Leftovers
|upkeep
|turn|4
|
|switch|p1a: Keldeo|Keldeo-Resolute|100/100
|move|p2a: Hippowdon|Stealth Rock|p1a: Keldeo
|-sidestart|p1: kiss the sun|move: Stealth Rock
|
|-weather|Sandstorm|[upkeep]
|-damage|p1a: Keldeo|94/100|[from] Sandstorm
|-heal|p1a: Keldeo|100/100|[from] item: Leftovers
|upkeep
|turn|5
|
|switch|p1a: Diggersby|Diggersby, M|100/100
|-damage|p1a: Diggersby|94/100|[from] Stealth Rock
|move|p2a: Hippowdon|Whirlwind|p1a: Diggersby
|drag|p1a: Kyurem|Kyurem|100/100
|-damage|p1a: Kyurem|76/100|[from] Stealth Rock
|-ability|p1a: Kyurem|Pressure
|
|-weather|Sandstorm|[upkeep]
|-damage|p1a: Kyurem|70/100|[from] Sandstorm
|upkeep
|turn|6
|j| HeavenStar
|
|switch|p2a: Diggersby|Diggersby, M|100/100
|-damage|p2a: Diggersby|94/100|[from] Stealth Rock
|move|p1a: Kyurem|Ice Beam|p2a: Diggersby
|-supereffective|p2a: Diggersby
|-damage|p2a: Diggersby|0 fnt
|faint|p2a: Diggersby
|
|-weather|Sandstorm|[upkeep]
|-damage|p1a: Kyurem|63/100|[from] Sandstorm
|upkeep
|
|switch|p2a: Excadrill|Excadrill, M|100/100
|-damage|p2a: Excadrill|97/100|[from] Stealth Rock
|turn|7
|
|move|p2a: Excadrill|Rock Slide|p1a: Kyurem
|-supereffective|p1a: Kyurem
|-damage|p1a: Kyurem|0 fnt
|-damage|p2a: Excadrill|87/100|[from] item: Life Orb
|faint|p1a: Kyurem
|
|-weather|Sandstorm|[upkeep]
|upkeep
|
|switch|p1a: Keldeo|Keldeo-Resolute|100/100
|-damage|p1a: Keldeo|94/100|[from] Stealth Rock
|turn|8
|
|move|p2a: Excadrill|Earthquake|p1a: Keldeo
|-damage|p1a: Keldeo|11/100
|-damage|p2a: Excadrill|78/100|[from] item: Life Orb
|move|p1a: Keldeo|Scald|p2a: Excadrill
|-supereffective|p2a: Excadrill
|-damage|p2a: Excadrill|0 fnt
|faint|p2a: Excadrill
|
|-weather|Sandstorm|[upkeep]
|-damage|p1a: Keldeo|5/100|[from] Sandstorm
|-heal|p1a: Keldeo|11/100|[from] item: Leftovers
|upkeep
|
|switch|p2a: Hydreigon|Hydreigon, M|100/100
|-damage|p2a: Hydreigon|88/100|[from] Stealth Rock
|turn|9
|
|move|p2a: Hydreigon|Dark Pulse|p1a: Keldeo
|-resisted|p1a: Keldeo
|-damage|p1a: Keldeo|0 fnt
|faint|p1a: Keldeo
|
|-weather|Sandstorm|[upkeep]
|-damage|p2a: Hydreigon|82/100|[from] Sandstorm
|upkeep
|j| vCyborgg
|j| fknWayne
|
|switch|p1a: Zeraora|Zeraora|100/100
|-damage|p1a: Zeraora|88/100|[from] Stealth Rock
|turn|10
|
|switch|p2a: Hippowdon|Hippowdon, F|94/100
|-damage|p2a: Hippowdon|88/100|[from] Stealth Rock
|move|p1a: Zeraora|Play Rough|p2a: Hippowdon
|-damage|p2a: Hippowdon|74/100
|
|-weather|none
|-heal|p1a: Zeraora|94/100|[from] item: Leftovers
|upkeep
|turn|11
|
|switch|p1a: Aegislash|Aegislash, M|100/100
|-damage|p1a: Aegislash|94/100|[from] Stealth Rock
|move|p2a: Hippowdon|Earthquake|p1a: Aegislash
|-supereffective|p1a: Aegislash
|-damage|p1a: Aegislash|25/100
|
|upkeep
|turn|12
|
|switch|p2a: Clefable|Clefable, F|100/100
|-formechange|p1a: Aegislash|Aegislash-Blade||[from] ability: Stance Change
|move|p1a: Aegislash|Steel Beam|p2a: Clefable
|-supereffective|p2a: Clefable
|-damage|p2a: Clefable|0 fnt
|-damage|p1a: Aegislash|0 fnt|[from] mindblown
|faint|p1a: Aegislash
|faint|p2a: Clefable
|
|upkeep
|
|switch|p1a: Zeraora|Zeraora|94/100
|switch|p2a: Hydreigon|Hydreigon, M|82/100
|-damage|p2a: Hydreigon|70/100|[from] Stealth Rock
|-damage|p1a: Zeraora|82/100|[from] Stealth Rock
|turn|13
|l| vCyborgg
|
|move|p2a: Hydreigon|Draco Meteor|p1a: Zeraora
|-damage|p1a: Zeraora|0 fnt
|-unboost|p2a: Hydreigon|spa|2
|faint|p1a: Zeraora
|
|upkeep
|j| vCyborgg
|
|switch|p1a: Diggersby|Diggersby, M|94/100
|-damage|p1a: Diggersby|88/100|[from] Stealth Rock
|turn|14
|
|move|p2a: Hydreigon|Draco Meteor|p1a: Diggersby
|-damage|p1a: Diggersby|38/100
|-unboost|p2a: Hydreigon|spa|2
|move|p1a: Diggersby|Swords Dance|p1a: Diggersby
|-boost|p1a: Diggersby|atk|2
|
|upkeep
|turn|15
|
|move|p1a: Diggersby|Quick Attack|p2a: Hydreigon
|-damage|p2a: Hydreigon|0 fnt
|-damage|p1a: Diggersby|28/100|[from] item: Life Orb
|faint|p2a: Hydreigon
|
|upkeep
|
|switch|p2a: Mimikyu|Mimikyu, M|78/100
|-damage|p2a: Mimikyu|66/100|[from] Stealth Rock
|turn|16
|-message|kiss the sun forfeited.
|
|win|big boss 447
|l|☆kiss the sun
|raw|kiss the sun's rating: 1864 &rarr; <strong>1841</strong><br />(-23 for losing)
|raw|big boss 447's rating: 1808 &rarr; <strong>1831</strong><br />(+23 for winning)
|l| mdng
|c|☆big boss 447|lemme miss my moves at least
|l| cancer02
|l|☆big boss 447
