|j|☆minimax_ai
|j|☆Stads
|t:|1663340134
|gametype|singles
|player|p1|minimax_ai|lusamine-nihilego|1751
|player|p2|Stads|265|1711
|teamsize|p1|6
|teamsize|p2|6
|gen|8
|tier|[Gen 8] OU
|rated|
|rule|Sleep Clause Mod: Limit one foe put to sleep
|rule|Species Clause: Limit one of each Pokémon
|rule|OHKO Clause: OHKO moves are banned
|rule|Evasion Items Clause: Evasion items are banned
|rule|Evasion Moves Clause: Evasion moves are banned
|rule|Endless Battle Clause: Forcing endless battles is banned
|rule|HP Percentage Mod: HP is shown in percentages
|rule|Dynamax Clause: You cannot dynamax
|clearpoke
|poke|p1|Rotom-Wash|
|poke|p1|Weavile, F|
|poke|p1|Landorus-Therian, M|
|poke|p1|Heatran, M|
|poke|p1|Tangrowth, M|
|poke|p1|Melmetal|
|poke|p2|Tornadus-Therian, M|
|poke|p2|Corviknight, F|
|poke|p2|Kartana|
|poke|p2|Toxapex, M|
|poke|p2|Hippowdon, F|
|poke|p2|Heatran, M|
|teampreview
|c|☆minimax_ai|hf
|inactive|Battle timer is ON: inactive players will automatically lose when time's up. (requested by minimax_ai)
|
|t:|1663340153
|start
|switch|p1a: Heatran|Heatran, M|100/100
|switch|p2a: Tornadus|Tornadus-Therian, M|100/100
|-item|p1a: Heatran|Air Balloon
|turn|1
|
|t:|1663340155
|move|p2a: Tornadus|U-turn|p1a: Heatran
|-resisted|p1a: Heatran
|-damage|p1a: Heatran|97/100
|-enditem|p1a: Heatran|Air Balloon
|
|t:|1663340156
|switch|p2a: Hippowdon|Hippowdon, F|100/100|[from]move: U-turn
|-weather|Sandstorm|[from] ability: Sand Stream|[of] p2a: Hippowdon
|move|p1a: Heatran|Stealth Rock|p2a: Hippowdon
|-sidestart|p2: Stads|move: Stealth Rock
|
|-weather|Sandstorm|[upkeep]
|upkeep
|turn|2
|
|t:|1663340159
|switch|p1a: rotomwash|Rotom-Wash|100/100
|move|p2a: Hippowdon|Earthquake|p1a: rotomwash
|-immune|p1a: rotomwash|[from] ability: Levitate
|
|-weather|Sandstorm|[upkeep]
|-damage|p1a: rotomwash|94/100|[from] Sandstorm
|-heal|p1a: rotomwash|100/100|[from] item: Leftovers
|upkeep
|turn|3
|
|t:|1663340163
|move|p1a: rotomwash|Hydro Pump|p2a: Hippowdon
|-supereffective|p2a: Hippowdon
|-damage|p2a: Hippowdon|33/100
|move|p2a: Hippowdon|Slack Off|p2a: Hippowdon
|-heal|p2a: Hippowdon|83/100
|
|-weather|Sandstorm|[upkeep]
|-damage|p1a: rotomwash|94/100|[from] Sandstorm
|-heal|p1a: rotomwash|100/100|[from] item: Leftovers
|-heal|p2a: Hippowdon|89/100|[from] item: Leftovers
|upkeep
|turn|4
|
|t:|1663340166
|move|p1a: rotomwash|Hydro Pump|p2a: Hippowdon
|-supereffective|p2a: Hippowdon
|-damage|p2a: Hippowdon|26/100
|move|p2a: Hippowdon|Toxic|p1a: rotomwash
|-status|p1a: rotomwash|tox
|
|-weather|Sandstorm|[upkeep]
|-damage|p1a: rotomwash|94/100 tox|[from] Sandstorm
|-heal|p1a: rotomwash|100/100 tox|[from] item: Leftovers
|-heal|p2a: Hippowdon|32/100|[from] item: Leftovers
|-damage|p1a: rotomwash|94/100 tox|[from] psn
|upkeep
|turn|5
|
|t:|1663340168
|move|p1a: rotomwash|Hydro Pump|p2a: Hippowdon
|-supereffective|p2a: Hippowdon
|-damage|p2a: Hippowdon|0 fnt
|faint|p2a: Hippowdon
|
|-weather|none
|-heal|p1a: rotomwash|100/100 tox|[from] item: Leftovers
|-damage|p1a: rotomwash|88/100 tox|[from] psn
|upkeep
|
|t:|1663340175
|switch|p2a: Heatran|Heatran, M|100/100
|-damage|p2a: Heatran|88/100|[from] Stealth Rock
|turn|6
|
|t:|1663340180
|move|p2a: Heatran|Protect|p2a: Heatran
|-singleturn|p2a: Heatran|Protect
|move|p1a: rotomwash|Hydro Pump|p2a: Heatran
|-activate|p2a: Heatran|move: Protect
|
|-heal|p1a: rotomwash|94/100 tox|[from] item: Leftovers
|-heal|p2a: Heatran|94/100|[from] item: Leftovers
|-damage|p1a: rotomwash|75/100 tox|[from] psn
|upkeep
|turn|7
|
|t:|1663340183
|move|p1a: rotomwash|Pain Split|p2a: Heatran
|-sethp|p2a: Heatran|77/100|[from] move: Pain Split|[silent]
|-sethp|p1a: rotomwash|98/100 tox|[from] move: Pain Split
|move|p2a: Heatran|Magma Storm|p1a: rotomwash
|-resisted|p1a: rotomwash
|-damage|p1a: rotomwash|76/100 tox
|-activate|p1a: rotomwash|move: Magma Storm|[of] p2a: Heatran
|
|-heal|p1a: rotomwash|82/100 tox|[from] item: Leftovers
|-heal|p2a: Heatran|83/100|[from] item: Leftovers
|-damage|p1a: rotomwash|57/100 tox|[from] psn
|-damage|p1a: rotomwash|45/100 tox|[from] move: Magma Storm|[partiallytrapped]
|upkeep
|turn|8
|
|t:|1663340193
|move|p2a: Heatran|Protect|p2a: Heatran
|-singleturn|p2a: Heatran|Protect
|move|p1a: rotomwash|Hydro Pump|p2a: Heatran
|-activate|p2a: Heatran|move: Protect
|
|-heal|p1a: rotomwash|51/100 tox|[from] item: Leftovers
|-heal|p2a: Heatran|89/100|[from] item: Leftovers
|-damage|p1a: rotomwash|20/100 tox|[from] psn
|-damage|p1a: rotomwash|7/100 tox|[from] move: Magma Storm|[partiallytrapped]
|upkeep
|turn|9
|
|t:|1663340196
|move|p2a: Heatran|Protect|p2a: Heatran
|-singleturn|p2a: Heatran|Protect
|move|p1a: rotomwash|Pain Split|p2a: Heatran
|-activate|p2a: Heatran|move: Protect
|
|-heal|p1a: rotomwash|13/100 tox|[from] item: Leftovers
|-heal|p2a: Heatran|96/100|[from] item: Leftovers
|-damage|p1a: rotomwash|0 fnt|[from] psn
|faint|p1a: rotomwash
|upkeep
|
|t:|1663340196
|switch|p1a: Melmetal|Melmetal|100/100
|turn|10
|
|t:|1663340200
|switch|p2a: Corviknight|Corviknight, F|100/100
|-damage|p2a: Corviknight|88/100|[from] Stealth Rock
|-ability|p2a: Corviknight|Pressure
|move|p1a: Melmetal|Earthquake|p2a: Corviknight
|-immune|p2a: Corviknight
|
|-heal|p2a: Corviknight|94/100|[from] item: Leftovers
|upkeep
|turn|11
|
|t:|1663340202
|move|p2a: Corviknight|Defog|p1a: Melmetal
|-unboost|p1a: Melmetal|evasion|1
|-sideend|p2: Stads|Stealth Rock|[from] move: Defog|[of] p2a: Corviknight
|move|p1a: Melmetal|Thunder Punch|p2a: Corviknight
|-supereffective|p2a: Corviknight
|-damage|p2a: Corviknight|51/100
|
|-heal|p2a: Corviknight|57/100|[from] item: Leftovers
|upkeep
|turn|12
|
|t:|1663340205
|move|p2a: Corviknight|Body Press|p1a: Melmetal
|-supereffective|p1a: Melmetal
|-damage|p1a: Melmetal|72/100
|move|p1a: Melmetal|Thunder Punch|p2a: Corviknight
|-supereffective|p2a: Corviknight
|-damage|p2a: Corviknight|12/100
|
|-heal|p2a: Corviknight|19/100|[from] item: Leftovers
|upkeep
|turn|13
|
|t:|1663340208
|move|p2a: Corviknight|Body Press|p1a: Melmetal
|-supereffective|p1a: Melmetal
|-damage|p1a: Melmetal|45/100
|move|p1a: Melmetal|Thunder Punch|p2a: Corviknight
|-supereffective|p2a: Corviknight
|-damage|p2a: Corviknight|0 fnt
|faint|p2a: Corviknight
|
|upkeep
|
|t:|1663340215
|switch|p2a: Tornadus|Tornadus-Therian, M|100/100
|turn|14
|
|t:|1663340217
|move|p2a: Tornadus|Hurricane|p1a: Melmetal
|-resisted|p1a: Melmetal
|-damage|p1a: Melmetal|33/100
|-start|p1a: Melmetal|confusion
|-activate|p1a: Melmetal|confusion
|-damage|p1a: Melmetal|25/100|[from] confusion
|
|upkeep
|turn|15
|
|t:|1663340220
|move|p2a: Tornadus|Heat Wave|p1a: Melmetal
|-supereffective|p1a: Melmetal
|-damage|p1a: Melmetal|0 fnt
|faint|p1a: Melmetal
|
|upkeep
|
|t:|1663340220
|switch|p1a: Heatran|Heatran, M|97/100
|turn|16
|
|t:|1663340230
|move|p2a: Tornadus|U-turn|p1a: Heatran
|-resisted|p1a: Heatran
|-damage|p1a: Heatran|93/100
|
|t:|1663340233
|switch|p2a: Toxapex|Toxapex, M|100/100|[from]move: U-turn
|move|p1a: Heatran|Stealth Rock|p2a: Toxapex
|-sidestart|p2: Stads|move: Stealth Rock
|
|upkeep
|turn|17
|
|t:|1663340235
|move|p1a: Heatran|Earth Power|p2a: Toxapex
|-supereffective|p2a: Toxapex
|-damage|p2a: Toxapex|48/100
|move|p2a: Toxapex|Scald|p1a: Heatran
|-supereffective|p1a: Heatran
|-damage|p1a: Heatran|58/100
|
|upkeep
|turn|18
|j| Jongruenwald
|
|t:|1663340240
|switch|p2a: Tornadus|Tornadus-Therian, M|100/100
|-damage|p2a: Tornadus|75/100|[from] Stealth Rock
|move|p1a: Heatran|Earth Power|p2a: Tornadus
|-immune|p2a: Tornadus
|
|upkeep
|turn|19
|
|t:|1663340244
|move|p2a: Tornadus|U-turn|p1a: Heatran
|-resisted|p1a: Heatran
|-damage|p1a: Heatran|54/100
|
|t:|1663340246
|switch|p2a: Heatran|Heatran, M|96/100|[from]move: U-turn
|-damage|p2a: Heatran|83/100|[from] Stealth Rock
|move|p1a: Heatran|Earth Power|p2a: Heatran
|-supereffective|p2a: Heatran
|-damage|p2a: Heatran|2/100
|
|-heal|p2a: Heatran|9/100|[from] item: Leftovers
|upkeep
|turn|20
|
|t:|1663340248
|move|p1a: Heatran|Earth Power|p2a: Heatran
|-supereffective|p2a: Heatran
|-damage|p2a: Heatran|0 fnt
|faint|p2a: Heatran
|
|upkeep
|
|t:|1663340250
|switch|p2a: Kartana|Kartana|100/100
|-damage|p2a: Kartana|94/100|[from] Stealth Rock
|turn|21
|
|t:|1663340252
|switch|p2a: Toxapex|Toxapex, M|81/100
|-damage|p2a: Toxapex|69/100|[from] Stealth Rock
|switch|p1a: Tangrowth|Tangrowth, M|100/100
|
|upkeep
|turn|22
|
|t:|1663340253
|move|p1a: Tangrowth|Sleep Powder|p2a: Toxapex
|-status|p2a: Toxapex|slp|[from] move: Sleep Powder
|cant|p2a: Toxapex|slp
|
|upkeep
|turn|23
|
|t:|1663340256
|move|p1a: Tangrowth|Giga Drain|p2a: Toxapex
|-damage|p2a: Toxapex|47/100 slp
|cant|p2a: Toxapex|slp
|
|upkeep
|turn|24
|
|t:|1663340258
|move|p1a: Tangrowth|Giga Drain|p2a: Toxapex
|-damage|p2a: Toxapex|22/100 slp
|cant|p2a: Toxapex|slp
|
|upkeep
|turn|25
|
|t:|1663340260
|switch|p2a: Tornadus|Tornadus-Therian, M|100/100
|-damage|p2a: Tornadus|75/100|[from] Stealth Rock
|move|p1a: Tangrowth|Giga Drain|p2a: Tornadus
|-resisted|p2a: Tornadus
|-damage|p2a: Tornadus|64/100
|
|upkeep
|turn|26
|
|t:|1663340262
|switch|p1a: landorustherian|Landorus-Therian, M|100/100
|-ability|p1a: landorustherian|Intimidate|boost
|-unboost|p2a: Tornadus|atk|1
|move|p2a: Tornadus|U-turn|p1a: landorustherian
|-resisted|p1a: landorustherian
|-damage|p1a: landorustherian|96/100
|
|t:|1663340264
|switch|p2a: Kartana|Kartana|94/100|[from]move: U-turn
|-damage|p2a: Kartana|88/100|[from] Stealth Rock
|
|-heal|p1a: landorustherian|100/100|[from] item: Leftovers
|upkeep
|turn|27
|
|t:|1663340266
|switch|p1a: Tangrowth|Tangrowth, M|100/100
|move|p2a: Kartana|Knock Off|p1a: Tangrowth
|-damage|p1a: Tangrowth|77/100
|-damage|p2a: Kartana|72/100|[from] item: Rocky Helmet|[of] p1a: Tangrowth
|-enditem|p1a: Tangrowth|Rocky Helmet|[from] move: Knock Off|[of] p2a: Kartana
|
|upkeep
|turn|28
|
|t:|1663340268
|switch|p2a: Tornadus|Tornadus-Therian, M|97/100
|-damage|p2a: Tornadus|72/100|[from] Stealth Rock
|move|p1a: Tangrowth|Giga Drain|p2a: Tornadus
|-resisted|p2a: Tornadus
|-damage|p2a: Tornadus|62/100
|-heal|p1a: Tangrowth|81/100|[from] drain|[of] p2a: Tornadus
|
|upkeep
|turn|29
|
|t:|1663340271
|switch|p1a: landorustherian|Landorus-Therian, M|100/100
|-ability|p1a: landorustherian|Intimidate|boost
|-unboost|p2a: Tornadus|atk|1
|move|p2a: Tornadus|Hurricane|p1a: landorustherian|[miss]
|-miss|p2a: Tornadus|p1a: landorustherian
|
|upkeep
|turn|30
|
|t:|1663340273
|move|p2a: Tornadus|Knock Off|p1a: landorustherian
|-damage|p1a: landorustherian|88/100
|-enditem|p1a: landorustherian|Leftovers|[from] move: Knock Off|[of] p2a: Tornadus
|move|p1a: landorustherian|U-turn|p2a: Tornadus
|-resisted|p2a: Tornadus
|-damage|p2a: Tornadus|46/100
|
|t:|1663340273
|switch|p1a: Heatran|Heatran, M|54/100|[from]move: U-turn
|
|upkeep
|turn|31
|
|t:|1663340279
|move|p2a: Tornadus|U-turn|p1a: Heatran
|-resisted|p1a: Heatran
|-damage|p1a: Heatran|52/100
|
|t:|1663340280
|switch|p2a: Toxapex|Toxapex, M|55/100 slp|[from]move: U-turn
|-damage|p2a: Toxapex|43/100 slp|[from] Stealth Rock
|move|p1a: Heatran|Magma Storm|p2a: Toxapex
|-resisted|p2a: Toxapex
|-damage|p2a: Toxapex|23/100 slp
|-activate|p2a: Toxapex|move: Magma Storm|[of] p1a: Heatran
|
|-damage|p2a: Toxapex|11/100 slp|[from] move: Magma Storm|[partiallytrapped]
|upkeep
|turn|32
|
|t:|1663340282
|switch|p2a: Tornadus|Tornadus-Therian, M|79/100
|-damage|p2a: Tornadus|54/100|[from] Stealth Rock
|move|p1a: Heatran|Eruption|p2a: Tornadus
|-damage|p2a: Tornadus|21/100
|
|upkeep
|turn|33
|
|t:|1663340285
|move|p2a: Tornadus|Hurricane|p1a: Heatran
|-resisted|p1a: Heatran
|-damage|p1a: Heatran|27/100
|move|p1a: Heatran|Magma Storm|p2a: Tornadus|[miss]
|-miss|p1a: Heatran|p2a: Tornadus
|
|upkeep
|turn|34
|
|t:|1663340288
|move|p2a: Tornadus|Hurricane|p1a: Heatran
|-resisted|p1a: Heatran
|-damage|p1a: Heatran|0 fnt
|faint|p1a: Heatran
|
|upkeep
|
|t:|1663340288
|switch|p1a: Weavile|Weavile, F|100/100
|-ability|p1a: Weavile|Pressure
|turn|35
|
|t:|1663340297
|move|p1a: Weavile|Triple Axel|p2a: Tornadus|[miss]
|-miss|p1a: Weavile|p2a: Tornadus
|move|p2a: Tornadus|U-turn|p1a: Weavile
|-supereffective|p1a: Weavile
|-damage|p1a: Weavile|46/100
|
|t:|1663340299
|switch|p2a: Kartana|Kartana|72/100|[from]move: U-turn
|-damage|p2a: Kartana|65/100|[from] Stealth Rock
|
|upkeep
|turn|36
|
|t:|1663340302
|switch|p2a: Tornadus|Tornadus-Therian, M|54/100
|-damage|p2a: Tornadus|29/100|[from] Stealth Rock
|switch|p1a: Tangrowth|Tangrowth, M|100/100
|
|upkeep
|turn|37
|
|t:|1663340304
|switch|p1a: landorustherian|Landorus-Therian, M|88/100
|-ability|p1a: landorustherian|Intimidate|boost
|-unboost|p2a: Tornadus|atk|1
|move|p2a: Tornadus|Hurricane|p1a: landorustherian
|-damage|p1a: landorustherian|49/100
|
|upkeep
|turn|38
|
|t:|1663340308
|move|p2a: Tornadus|U-turn|p1a: landorustherian
|-resisted|p1a: landorustherian
|-damage|p1a: landorustherian|44/100
|
|t:|1663340310
|switch|p2a: Toxapex|Toxapex, M|44/100 slp|[from]move: U-turn
|-damage|p2a: Toxapex|31/100 slp|[from] Stealth Rock
|move|p1a: landorustherian|U-turn|p2a: Toxapex
|-resisted|p2a: Toxapex
|-damage|p2a: Toxapex|25/100 slp
|
|t:|1663340310
|switch|p1a: Weavile|Weavile, F|46/100|[from]move: U-turn
|-ability|p1a: Weavile|Pressure
|
|upkeep
|turn|39
|
|t:|1663340311
|move|p1a: Weavile|Knock Off|p2a: Toxapex
|-damage|p2a: Toxapex|0 fnt
|-enditem|p2a: Toxapex|Shed Shell|[from] move: Knock Off|[of] p1a: Weavile
|faint|p2a: Toxapex
|
|upkeep
|
|t:|1663340315
|switch|p2a: Kartana|Kartana|65/100
|-damage|p2a: Kartana|59/100|[from] Stealth Rock
|turn|40
|
|t:|1663340320
|switch|p1a: Tangrowth|Tangrowth, M|100/100
|move|p2a: Kartana|Smart Strike|p1a: Tangrowth
|-damage|p1a: Tangrowth|76/100
|
|upkeep
|turn|41
|j| amimec
|
|t:|1663340323
|move|p2a: Kartana|Smart Strike|p1a: Tangrowth
|-damage|p1a: Tangrowth|52/100
|move|p1a: Tangrowth|Focus Blast|p2a: Kartana|[miss]
|-miss|p1a: Tangrowth|p2a: Kartana
|
|upkeep
|turn|42
|
|t:|1663340327
|switch|p2a: Tornadus|Tornadus-Therian, M|63/100
|-damage|p2a: Tornadus|38/100|[from] Stealth Rock
|move|p1a: Tangrowth|Focus Blast|p2a: Tornadus
|-resisted|p2a: Tornadus
|-damage|p2a: Tornadus|25/100
|
|upkeep
|turn|43
|
|t:|1663340330
|switch|p1a: landorustherian|Landorus-Therian, M|44/100
|-ability|p1a: landorustherian|Intimidate|boost
|-unboost|p2a: Tornadus|atk|1
|move|p2a: Tornadus|Hurricane|p1a: landorustherian
|-damage|p1a: landorustherian|7/100
|
|upkeep
|turn|44
|
|t:|1663340333
|move|p2a: Tornadus|Heat Wave|p1a: landorustherian|[miss]
|-miss|p2a: Tornadus|p1a: landorustherian
|move|p1a: landorustherian|U-turn|p2a: Tornadus
|-resisted|p2a: Tornadus
|-damage|p2a: Tornadus|11/100
|
|t:|1663340333
|switch|p1a: Weavile|Weavile, F|46/100|[from]move: U-turn
|-ability|p1a: Weavile|Pressure
|
|upkeep
|turn|45
|
|t:|1663340338
|move|p1a: Weavile|Triple Axel|p2a: Tornadus
|-supereffective|p2a: Tornadus
|-damage|p2a: Tornadus|0 fnt
|faint|p2a: Tornadus
|-hitcount|p2: Tornadus|1
|
|upkeep
|
|t:|1663340340
|switch|p2a: Kartana|Kartana|59/100
|-damage|p2a: Kartana|53/100|[from] Stealth Rock
|turn|46
|
|t:|1663340342
|switch|p1a: Tangrowth|Tangrowth, M|86/100
|move|p2a: Kartana|Smart Strike|p1a: Tangrowth
|-damage|p1a: Tangrowth|61/100
|
|upkeep
|turn|47
|
|t:|1663340344
|move|p2a: Kartana|Smart Strike|p1a: Tangrowth
|-damage|p1a: Tangrowth|34/100
|move|p1a: Tangrowth|Focus Blast|p2a: Kartana|[miss]
|-miss|p1a: Tangrowth|p2a: Kartana
|
|upkeep
|turn|48
|
|t:|1663340346
|move|p2a: Kartana|Smart Strike|p1a: Tangrowth
|-damage|p1a: Tangrowth|7/100
|move|p1a: Tangrowth|Focus Blast|p2a: Kartana
|-supereffective|p2a: Kartana
|-damage|p2a: Kartana|0 fnt
|faint|p2a: Kartana
|
|win|minimax_ai
|raw|minimax_ai's rating: 1751 &rarr; <strong>1769</strong><br />(+18 for winning)
|raw|Stads's rating: 1711 &rarr; <strong>1693</strong><br />(-18 for losing)
|c|☆minimax_ai|gg
