|html|<div class="broadcast-blue"><strong>[Gen 8] OU is currently suspecting Melmetal! For information on how to participate check out the <a href="https://www.smogon.com/forums/threads/np-ss-ou-suspect-process-round-12-monster-mash.3709234/">suspect thread</a>.</strong></div>
|j|☆ldailey19
|j|☆minimax_ai
|t:|1666301207
|gametype|singles
|player|p1|ldailey19|lance|1621
|player|p2|minimax_ai|lusamine-nihilego|1605
|teamsize|p1|6
|teamsize|p2|6
|gen|8
|tier|[Gen 8] OU
|rated|
|rule|Sleep Clause Mod: Limit one foe put to sleep
|rule|Species Clause: Limit one of each Pokémon
|rule|OHKO Clause: OHKO moves are banned
|rule|Evasion Items Clause: Evasion items are banned
|rule|Evasion Moves Clause: Evasion moves are banned
|rule|Endless Battle Clause: Forcing endless battles is banned
|rule|HP Percentage Mod: HP is shown in percentages
|rule|Dynamax Clause: You cannot dynamax
|clearpoke
|poke|p1|Magnezone|
|poke|p1|Weavile, M|
|poke|p1|Urshifu-*, M|
|poke|p1|Heatran, M|
|poke|p1|Landorus-Therian, M|
|poke|p1|Dragapult, F|
|poke|p2|Rotom-Wash|
|poke|p2|Weavile, F|
|poke|p2|Landorus-Therian, M|
|poke|p2|Heatran, M|
|poke|p2|Tangrowth, M|
|poke|p2|Melmetal|
|teampreview
|inactive|Battle timer is ON: inactive players will automatically lose when time's up. (requested by ldailey19)
|c|☆minimax_ai|hf
|inactive|minimax_ai also wants the timer to be on.
|j| BabyPigsAreLaughin
|
|t:|1666301230
|start
|switch|p1a: Weavile|Weavile, M|100/100
|switch|p2a: rotomwash|Rotom-Wash|100/100
|-ability|p1a: Weavile|Pressure
|turn|1
|
|t:|1666301233
|move|p1a: Weavile|Knock Off|p2a: rotomwash
|-crit|p2a: rotomwash
|-damage|p2a: rotomwash|0 fnt
|-enditem|p2a: rotomwash|Leftovers|[from] move: Knock Off|[of] p1a: Weavile
|faint|p2a: rotomwash
|
|upkeep
|
|t:|1666301233
|switch|p2a: Melmetal|Melmetal|100/100
|turn|2
|
|t:|1666301240
|switch|p1a: Landorus|Landorus-Therian, M|100/100
|-ability|p1a: Landorus|Intimidate|boost
|-unboost|p2a: Melmetal|atk|1
|move|p2a: Melmetal|Double Iron Bash|p1a: Landorus
|-damage|p1a: Landorus|81/100
|-damage|p2a: Melmetal|84/100|[from] item: Rocky Helmet|[of] p1a: Landorus
|-damage|p1a: Landorus|60/100
|-damage|p2a: Melmetal|67/100|[from] item: Rocky Helmet|[of] p1a: Landorus
|-hitcount|p1a: Landorus|2
|
|upkeep
|turn|3
|
|t:|1666301253
|move|p1a: Landorus|Knock Off|p2a: Melmetal
|-damage|p2a: Melmetal|51/100
|-enditem|p2a: Melmetal|Assault Vest|[from] move: Knock Off|[of] p1a: Landorus
|move|p2a: Melmetal|Ice Punch|p1a: Landorus
|-supereffective|p1a: Landorus
|-damage|p1a: Landorus|0 fnt
|-damage|p2a: Melmetal|35/100|[from] item: Rocky Helmet|[of] p1a: Landorus
|faint|p1a: Landorus
|
|upkeep
|
|t:|1666301268
|switch|p1a: Dragapult|Dragapult, F, shiny|100/100
|turn|4
|
|t:|1666301274
|switch|p2a: Tangrowth|Tangrowth, M|100/100
|move|p1a: Dragapult|Flamethrower|p2a: Tangrowth
|-supereffective|p2a: Tangrowth
|-damage|p2a: Tangrowth|41/100
|
|upkeep
|turn|5
|
|t:|1666301277
|switch|p2a: landorustherian|Landorus-Therian, M|100/100
|-ability|p2a: landorustherian|Intimidate|boost
|-unboost|p1a: Dragapult|atk|1
|move|p1a: Dragapult|Flamethrower|p2a: landorustherian
|-damage|p2a: landorustherian|84/100
|
|-heal|p2a: landorustherian|91/100|[from] item: Leftovers
|upkeep
|turn|6
|
|t:|1666301282
|move|p1a: Dragapult|U-turn|p2a: landorustherian
|-resisted|p2a: landorustherian
|-damage|p2a: landorustherian|84/100
|
|t:|1666301287
|switch|p1a: Heatran|Heatran, M, shiny|100/100|[from]move: U-turn
|-item|p1a: Heatran|Air Balloon
|move|p2a: landorustherian|Earthquake|p1a: Heatran
|-immune|p1a: Heatran
|
|-heal|p2a: landorustherian|90/100|[from] item: Leftovers
|upkeep
|turn|7
|
|t:|1666301294
|switch|p2a: Heatran|Heatran, M|100/100
|-item|p2a: Heatran|Air Balloon
|move|p1a: Heatran|Flamethrower|p2a: Heatran
|-start|p2a: Heatran|ability: Flash Fire
|
|upkeep
|turn|8
|
|t:|1666301301
|switch|p1a: Urshifu|Urshifu-Rapid-Strike, M|100/100
|move|p2a: Heatran|Eruption|p1a: Urshifu
|-resisted|p1a: Urshifu
|-damage|p1a: Urshifu|12/100
|
|upkeep
|turn|9
|
|t:|1666301312
|-end|p2a: Heatran|ability: Flash Fire|[silent]
|switch|p2a: Tangrowth|Tangrowth, M|74/100
|move|p1a: Urshifu|Close Combat|p2a: Tangrowth
|-damage|p2a: Tangrowth|41/100
|-unboost|p1a: Urshifu|def|1
|-unboost|p1a: Urshifu|spd|1
|-damage|p1a: Urshifu|0 fnt|[from] item: Rocky Helmet|[of] p2a: Tangrowth
|faint|p1a: Urshifu
|
|upkeep
|
|t:|1666301323
|switch|p1a: Magnezone|Magnezone, shiny|100/100
|turn|10
|
|t:|1666301324
|switch|p2a: landorustherian|Landorus-Therian, M|90/100
|-ability|p2a: landorustherian|Intimidate|boost
|-unboost|p1a: Magnezone|atk|1
|move|p1a: Magnezone|Flash Cannon|p2a: landorustherian
|-damage|p2a: landorustherian|46/100
|
|-heal|p2a: landorustherian|52/100|[from] item: Leftovers
|upkeep
|turn|11
|
|t:|1666301335
|switch|p1a: Weavile|Weavile, M|100/100
|-ability|p1a: Weavile|Pressure
|move|p2a: landorustherian|Earthquake|p1a: Weavile
|-damage|p1a: Weavile|16/100
|
|-heal|p2a: landorustherian|59/100|[from] item: Leftovers
|upkeep
|turn|12
|
|t:|1666301342
|switch|p2a: Heatran|Heatran, M|100/100
|-item|p2a: Heatran|Air Balloon
|move|p1a: Weavile|Knock Off|p2a: Heatran
|-damage|p2a: Heatran|32/100
|-enditem|p2a: Heatran|Air Balloon
|
|upkeep
|turn|13
|
|t:|1666301350
|switch|p1a: Heatran|Heatran, M, shiny|100/100
|-item|p1a: Heatran|Air Balloon
|switch|p2a: Tangrowth|Tangrowth, M|74/100
|
|upkeep
|turn|14
|
|t:|1666301354
|switch|p2a: Heatran|Heatran, M|32/100
|move|p1a: Heatran|Flamethrower|p2a: Heatran
|-start|p2a: Heatran|ability: Flash Fire
|
|upkeep
|turn|15
|
|t:|1666301356
|move|p2a: Heatran|Stealth Rock|p1a: Heatran
|-sidestart|p1: ldailey19|move: Stealth Rock
|move|p1a: Heatran|Earth Power|p2a: Heatran
|-supereffective|p2a: Heatran
|-damage|p2a: Heatran|0 fnt
|faint|p2a: Heatran
|
|upkeep
|
|t:|1666301356
|switch|p2a: Weavile|Weavile, F|100/100
|-ability|p2a: Weavile|Pressure
|turn|16
|
|t:|1666301360
|move|p1a: Heatran|Protect|p1a: Heatran
|-singleturn|p1a: Heatran|Protect
|move|p2a: Weavile|Low Kick|p1a: Heatran
|-activate|p1a: Heatran|move: Protect
|
|upkeep
|turn|17
|
|t:|1666301369
|switch|p1a: Weavile|Weavile, M|16/100
|-damage|p1a: Weavile|0 fnt|[from] Stealth Rock
|faint|p1a: Weavile
|move|p2a: Weavile|Low Kick|p1: Weavile|[notarget]
|-fail|p2a: Weavile
|
|upkeep
|
|t:|1666301375
|switch|p1a: Dragapult|Dragapult, F, shiny|100/100
|-damage|p1a: Dragapult|88/100|[from] Stealth Rock
|turn|18
|
|t:|1666301381
|switch|p2a: landorustherian|Landorus-Therian, M|59/100
|-ability|p2a: landorustherian|Intimidate|boost
|-unboost|p1a: Dragapult|atk|1
|move|p1a: Dragapult|Dragon Darts|p2a: landorustherian
|-damage|p2a: landorustherian|42/100
|-anim|p1a: Dragapult|Dragon Darts|p2a: landorustherian
|-damage|p2a: landorustherian|24/100
|
|-heal|p2a: landorustherian|30/100|[from] item: Leftovers
|upkeep
|turn|19
|
|t:|1666301386
|move|p1a: Dragapult|Dragon Darts|p2a: landorustherian
|-damage|p2a: landorustherian|14/100
|-anim|p1a: Dragapult|Dragon Darts|p2a: landorustherian
|-damage|p2a: landorustherian|0 fnt
|faint|p2a: landorustherian
|
|upkeep
|
|t:|1666301386
|switch|p2a: Weavile|Weavile, F|100/100
|-ability|p2a: Weavile|Pressure
|turn|20
|j| Damage Case
|
|t:|1666301395
|switch|p1a: Magnezone|Magnezone, shiny|100/100
|-damage|p1a: Magnezone|94/100|[from] Stealth Rock
|move|p2a: Weavile|Knock Off|p1a: Magnezone
|-damage|p1a: Magnezone|33/100
|-enditem|p1a: Magnezone|Assault Vest|[from] move: Knock Off|[of] p2a: Weavile
|
|upkeep
|turn|21
|
|t:|1666301405
|move|p2a: Weavile|Knock Off|p1a: Magnezone
|-damage|p1a: Magnezone|0 fnt
|faint|p1a: Magnezone
|
|upkeep
|
|t:|1666301410
|switch|p1a: Heatran|Heatran, M, shiny|100/100
|-damage|p1a: Heatran|88/100|[from] Stealth Rock
|-item|p1a: Heatran|Air Balloon
|turn|22
|
|t:|1666301413
|move|p2a: Weavile|Knock Off|p1a: Heatran
|-damage|p1a: Heatran|31/100
|-enditem|p1a: Heatran|Air Balloon
|move|p1a: Heatran|Flamethrower|p2a: Weavile
|-supereffective|p2a: Weavile
|-damage|p2a: Weavile|0 fnt
|faint|p2a: Weavile
|
|upkeep
|
|t:|1666301413
|switch|p2a: Tangrowth|Tangrowth, M|100/100
|turn|23
|
|t:|1666301416
|switch|p2a: Melmetal|Melmetal|35/100
|move|p1a: Heatran|Flamethrower|p2a: Melmetal
|-supereffective|p2a: Melmetal
|-damage|p2a: Melmetal|0 fnt
|faint|p2a: Melmetal
|
|upkeep
|
|t:|1666301416
|switch|p2a: Tangrowth|Tangrowth, M|100/100
|turn|24
|
|t:|1666301419
|move|p1a: Heatran|Flamethrower|p2a: Tangrowth
|-supereffective|p2a: Tangrowth
|-damage|p2a: Tangrowth|0 fnt
|faint|p2a: Tangrowth
|
|win|ldailey19
|raw|ldailey19's rating: 1621 &rarr; <strong>1640</strong><br />(+19 for winning)
|raw|minimax_ai's rating: 1605 &rarr; <strong>1586</strong><br />(-19 for losing)
|c|☆minimax_ai|gg
