|j|☆lie flat
|j|☆Steez Ibanez
|t:|1667973451
|gametype|singles
|player|p1|lie flat|lass-gen4dp|1609
|player|p2|Steez Ibanez|acetrainer-gen7|1803
|teamsize|p1|6
|teamsize|p2|6
|gen|8
|tier|[Gen 8] OU
|rated|
|rule|Sleep Clause Mod: Limit one foe put to sleep
|rule|Species Clause: Limit one of each Pokémon
|rule|OHKO Clause: OHKO moves are banned
|rule|Evasion Items Clause: Evasion items are banned
|rule|Evasion Moves Clause: Evasion moves are banned
|rule|Endless Battle Clause: Forcing endless battles is banned
|rule|HP Percentage Mod: HP is shown in percentages
|rule|Dynamax Clause: You cannot dynamax
|clearpoke
|poke|p1|Urshifu-*, F|
|poke|p1|Tapu Lele|
|poke|p1|Kommo-o, M|
|poke|p1|Aegislash, M|
|poke|p1|Tornadus-Therian, M|
|poke|p1|Zeraora|
|poke|p2|Slowking-Galar, M|
|poke|p2|Zapdos|
|poke|p2|Garchomp, M|
|poke|p2|Urshifu-*, M|
|poke|p2|Ferrothorn, M|
|poke|p2|Hydreigon, M|
|teampreview
|inactive|Battle timer is ON: inactive players will automatically lose when time's up. (requested by Steez Ibanez)
|inactive|Steez Ibanez has 120 seconds left.
|
|t:|1667973485
|start
|switch|p1a: Tornadus|Tornadus-Therian, M|100/100
|switch|p2a: Samehada|Garchomp, M|100/100
|turn|1
|
|t:|1667973492
|move|p1a: Tornadus|Hurricane|p2a: Samehada
|-damage|p2a: Samehada|63/100
|move|p2a: Samehada|Stealth Rock|p1a: Tornadus
|-sidestart|p1: lie flat|move: Stealth Rock
|
|-heal|p2a: Samehada|69/100|[from] item: Leftovers
|upkeep
|turn|2
|
|t:|1667973498
|move|p1a: Tornadus|Defog|p2a: Samehada
|-unboost|p2a: Samehada|evasion|1
|-sideend|p1: lie flat|Stealth Rock|[from] move: Defog|[of] p1a: Tornadus
|move|p2a: Samehada|Toxic|p1a: Tornadus
|-status|p1a: Tornadus|tox
|
|-heal|p2a: Samehada|75/100|[from] item: Leftovers
|-damage|p1a: Tornadus|94/100 tox|[from] psn
|upkeep
|turn|3
|
|t:|1667973508
|move|p2a: Samehada|Protect|p2a: Samehada
|-singleturn|p2a: Samehada|Protect
|move|p1a: Tornadus|Hurricane|p2a: Samehada
|-activate|p2a: Samehada|move: Protect
|
|-heal|p2a: Samehada|81/100|[from] item: Leftovers
|-damage|p1a: Tornadus|82/100 tox|[from] psn
|upkeep
|turn|4
|
|t:|1667973516
|switch|p1a: Tapu Lele|Tapu Lele|100/100
|-fieldstart|move: Psychic Terrain|[from] ability: Psychic Surge|[of] p1a: Tapu Lele
|move|p2a: Samehada|Stealth Rock|p1a: Tapu Lele
|-sidestart|p1: lie flat|move: Stealth Rock
|
|-heal|p2a: Samehada|87/100|[from] item: Leftovers
|upkeep
|turn|5
|
|t:|1667973523
|move|p2a: Samehada|Protect|p2a: Samehada
|-singleturn|p2a: Samehada|Protect
|move|p1a: Tapu Lele|Future Sight|p2a: Samehada
|-start|p1a: Tapu Lele|move: Future Sight
|
|-heal|p2a: Samehada|94/100|[from] item: Leftovers
|upkeep
|turn|6
|
|t:|1667973531
|switch|p1a: Tornadus|Tornadus-Therian, M|100/100 tox
|switch|p2a: Hades|Hydreigon, M|100/100
|
|-damage|p1a: Tornadus|94/100 tox|[from] psn
|upkeep
|turn|7
|
|t:|1667973538
|move|p1a: Tornadus|U-turn|p2a: Hades
|-supereffective|p2a: Hades
|-damage|p2a: Hades|70/100
|
|t:|1667973544
|switch|p1a: Urshifu|Urshifu-Rapid-Strike, F|100/100|[from]move: U-turn
|-damage|p1a: Urshifu|94/100|[from] Stealth Rock
|move|p2a: Hades|Nasty Plot|p2a: Hades
|-boost|p2a: Hades|spa|2
|
|-end|p2a: Hades|move: Future Sight
|-immune|p2a: Hades
|-heal|p2a: Hades|76/100|[from] item: Leftovers
|upkeep
|turn|8
|
|t:|1667973560
|move|p2a: Hades|Substitute|p2a: Hades
|-start|p2a: Hades|Substitute
|-damage|p2a: Hades|51/100
|move|p1a: Urshifu|Close Combat|p2a: Hades
|-supereffective|p2a: Hades
|-end|p2a: Hades|Substitute
|-unboost|p1a: Urshifu|def|1
|-unboost|p1a: Urshifu|spd|1
|
|-heal|p2a: Hades|57/100|[from] item: Leftovers
|-fieldend|move: Psychic Terrain
|upkeep
|turn|9
|
|t:|1667973573
|switch|p1a: Tornadus|Tornadus-Therian, M|100/100 tox
|move|p2a: Hades|Substitute|p2a: Hades
|-start|p2a: Hades|Substitute
|-damage|p2a: Hades|32/100
|
|-heal|p2a: Hades|38/100|[from] item: Leftovers
|-damage|p1a: Tornadus|94/100 tox|[from] psn
|upkeep
|turn|10
|
|t:|1667973581
|move|p1a: Tornadus|U-turn|p2a: Hades
|-supereffective|p2a: Hades
|-end|p2a: Hades|Substitute
|
|t:|1667973586
|switch|p1a: Kommo-o|Kommo-o, M|100/100|[from]move: U-turn
|-damage|p1a: Kommo-o|94/100|[from] Stealth Rock
|move|p2a: Hades|Dark Pulse|p1a: Kommo-o
|-resisted|p1a: Kommo-o
|-damage|p1a: Kommo-o|57/100
|
|-heal|p2a: Hades|44/100|[from] item: Leftovers
|-heal|p1a: Kommo-o|63/100|[from] item: Leftovers
|upkeep
|turn|11
|
|t:|1667973597
|move|p2a: Hades|Flash Cannon|p1a: Kommo-o
|-damage|p1a: Kommo-o|15/100
|move|p1a: Kommo-o|Body Press|p2a: Hades
|-supereffective|p2a: Hades
|-damage|p2a: Hades|0 fnt
|faint|p2a: Hades
|
|-heal|p1a: Kommo-o|21/100|[from] item: Leftovers
|upkeep
|
|t:|1667973600
|switch|p2a: Tanjiro Kun|Urshifu-Rapid-Strike, M|100/100
|turn|12
|
|t:|1667973610
|move|p2a: Tanjiro Kun|Surging Strikes|p1a: Kommo-o
|-resisted|p1a: Kommo-o
|-crit|p1a: Kommo-o
|-damage|p1a: Kommo-o|15/100
|-resisted|p1a: Kommo-o
|-crit|p1a: Kommo-o
|-damage|p1a: Kommo-o|8/100
|-resisted|p1a: Kommo-o
|-crit|p1a: Kommo-o
|-damage|p1a: Kommo-o|2/100
|-hitcount|p1a: Kommo-o|3
|move|p1a: Kommo-o|Stealth Rock|p2a: Tanjiro Kun
|-sidestart|p2: Steez Ibanez|move: Stealth Rock
|
|-heal|p1a: Kommo-o|8/100|[from] item: Leftovers
|upkeep
|turn|13
|
|t:|1667973621
|move|p2a: Tanjiro Kun|Surging Strikes|p1a: Kommo-o
|-resisted|p1a: Kommo-o
|-crit|p1a: Kommo-o
|-damage|p1a: Kommo-o|1/100
|-resisted|p1a: Kommo-o
|-crit|p1a: Kommo-o
|-damage|p1a: Kommo-o|0 fnt
|faint|p1a: Kommo-o
|-hitcount|p1: Kommo-o|2
|
|upkeep
|
|t:|1667973629
|switch|p1a: Urshifu|Urshifu-Rapid-Strike, F|94/100
|-damage|p1a: Urshifu|88/100|[from] Stealth Rock
|turn|14
|
|t:|1667973635
|switch|p2a: Bolt|Zapdos|100/100
|move|p1a: Urshifu|Surging Strikes|p2a: Bolt
|-crit|p2a: Bolt
|-damage|p2a: Bolt|81/100
|-crit|p2a: Bolt
|-damage|p2a: Bolt|57/100
|-crit|p2a: Bolt
|-damage|p2a: Bolt|37/100
|-status|p1a: Urshifu|par|[from] ability: Static|[of] p2a: Bolt
|-hitcount|p2a: Bolt|3
|
|upkeep
|turn|15
|
|t:|1667973648
|switch|p1a: Tapu Lele|Tapu Lele|100/100
|-damage|p1a: Tapu Lele|88/100|[from] Stealth Rock
|-fieldstart|move: Psychic Terrain|[from] ability: Psychic Surge|[of] p1a: Tapu Lele
|move|p2a: Bolt|Roost|p2a: Bolt
|-heal|p2a: Bolt|87/100
|-singleturn|p2a: Bolt|move: Roost
|
|upkeep
|turn|16
|
|t:|1667973657
|switch|p2a: Abomination|Ferrothorn, M|100/100
|-damage|p2a: Abomination|95/100|[from] Stealth Rock
|move|p1a: Tapu Lele|Future Sight|p2a: Abomination
|-start|p1a: Tapu Lele|move: Future Sight
|
|upkeep
|turn|17
|
|t:|1667973675
|switch|p1a: Urshifu|Urshifu-Rapid-Strike, F|88/100 par
|-damage|p1a: Urshifu|82/100 par|[from] Stealth Rock
|move|p2a: Abomination|Gyro Ball|p1a: Urshifu
|-resisted|p1a: Urshifu
|-damage|p1a: Urshifu|65/100 par
|
|upkeep
|turn|18
|
|t:|1667973682
|switch|p2a: Bolt|Zapdos|87/100
|move|p1a: Urshifu|Close Combat|p2a: Bolt
|-resisted|p2a: Bolt
|-damage|p2a: Bolt|53/100
|-unboost|p1a: Urshifu|def|1
|-unboost|p1a: Urshifu|spd|1
|
|-end|p2a: Bolt|move: Future Sight
|-damage|p2a: Bolt|0 fnt
|faint|p2a: Bolt
|upkeep
|
|t:|1667973691
|switch|p2a: Tanjiro Kun|Urshifu-Rapid-Strike, M|100/100
|-damage|p2a: Tanjiro Kun|94/100|[from] Stealth Rock
|turn|19
|
|t:|1667973698
|switch|p1a: Tornadus|Tornadus-Therian, M|100/100 tox
|move|p2a: Tanjiro Kun|Surging Strikes|p1a: Tornadus
|-crit|p1a: Tornadus
|-damage|p1a: Tornadus|82/100 tox
|-crit|p1a: Tornadus
|-damage|p1a: Tornadus|61/100 tox
|-crit|p1a: Tornadus
|-damage|p1a: Tornadus|42/100 tox
|-hitcount|p1a: Tornadus|3
|
|-damage|p1a: Tornadus|36/100 tox|[from] psn
|-fieldend|move: Psychic Terrain
|upkeep
|turn|20
|
|t:|1667973709
|switch|p2a: Visyrs|Slowking-Galar, M|100/100
|-damage|p2a: Visyrs|88/100|[from] Stealth Rock
|move|p1a: Tornadus|Hurricane|p2a: Visyrs
|-crit|p2a: Visyrs
|-damage|p2a: Visyrs|57/100
|
|-damage|p1a: Tornadus|24/100 tox|[from] psn
|upkeep
|turn|21
|
|t:|1667973717
|switch|p2a: Abomination|Ferrothorn, M|95/100
|-damage|p2a: Abomination|89/100|[from] Stealth Rock
|move|p1a: Tornadus|Knock Off|p2a: Abomination
|-damage|p2a: Abomination|77/100
|-damage|p1a: Tornadus|11/100 tox|[from] ability: Iron Barbs|[of] p2a: Abomination
|-damage|p1a: Tornadus|0 fnt|[from] item: Rocky Helmet|[of] p2a: Abomination
|faint|p1a: Tornadus
|
|upkeep
|
|t:|1667973728
|switch|p1a: Urshifu|Urshifu-Rapid-Strike, F|65/100 par
|-damage|p1a: Urshifu|59/100 par|[from] Stealth Rock
|turn|22
|
|t:|1667973735
|switch|p2a: Tanjiro Kun|Urshifu-Rapid-Strike, M|94/100
|-damage|p2a: Tanjiro Kun|88/100|[from] Stealth Rock
|move|p1a: Urshifu|Close Combat|p2a: Tanjiro Kun
|-damage|p2a: Tanjiro Kun|0 fnt
|-unboost|p1a: Urshifu|def|1
|-unboost|p1a: Urshifu|spd|1
|faint|p2a: Tanjiro Kun
|
|upkeep
|
|t:|1667973738
|switch|p2a: Samehada|Garchomp, M|94/100
|-damage|p2a: Samehada|87/100|[from] Stealth Rock
|turn|23
|
|t:|1667973752
|switch|p1a: Tapu Lele|Tapu Lele|88/100
|-damage|p1a: Tapu Lele|76/100|[from] Stealth Rock
|-fieldstart|move: Psychic Terrain|[from] ability: Psychic Surge|[of] p1a: Tapu Lele
|move|p2a: Samehada|Earthquake|p1a: Tapu Lele
|-damage|p1a: Tapu Lele|10/100
|
|-heal|p2a: Samehada|94/100|[from] item: Leftovers
|upkeep
|turn|24
|
|t:|1667973762
|move|p2a: Samehada|Protect|p2a: Samehada
|-singleturn|p2a: Samehada|Protect
|move|p1a: Tapu Lele|Psychic|p2a: Samehada
|-activate|p2a: Samehada|move: Protect
|
|-heal|p2a: Samehada|99/100|[from] item: Leftovers
|upkeep
|turn|25
|
|t:|1667973768
|switch|p2a: Abomination|Ferrothorn, M|77/100
|-damage|p2a: Abomination|71/100|[from] Stealth Rock
|move|p1a: Tapu Lele|Psychic|p2a: Abomination
|-resisted|p2a: Abomination
|-damage|p2a: Abomination|32/100
|
|upkeep
|turn|26
|
|t:|1667973776
|move|p1a: Tapu Lele|Psychic|p2a: Abomination
|-resisted|p2a: Abomination
|-damage|p2a: Abomination|0 fnt
|faint|p2a: Abomination
|
|upkeep
|
|t:|1667973777
|switch|p2a: Samehada|Garchomp, M|99/100
|-damage|p2a: Samehada|94/100|[from] Stealth Rock
|turn|27
|
|t:|1667973784
|move|p2a: Samehada|Protect|p2a: Samehada
|-singleturn|p2a: Samehada|Protect
|move|p1a: Tapu Lele|Psychic|p2a: Samehada
|-activate|p2a: Samehada|move: Protect
|
|-heal|p2a: Samehada|99/100|[from] item: Leftovers
|-fieldend|move: Psychic Terrain
|upkeep
|turn|28
|
|t:|1667973792
|switch|p2a: Visyrs|Slowking-Galar, M|90/100
|-damage|p2a: Visyrs|77/100|[from] Stealth Rock
|move|p1a: Tapu Lele|Psychic|p2a: Visyrs
|-damage|p2a: Visyrs|42/100
|
|upkeep
|turn|29
|
|t:|1667973797
|move|p1a: Tapu Lele|Psychic|p2a: Visyrs
|-damage|p2a: Visyrs|10/100
|move|p2a: Visyrs|Scald|p1a: Tapu Lele
|-damage|p1a: Tapu Lele|0 fnt
|faint|p1a: Tapu Lele
|
|upkeep
|
|t:|1667973807
|switch|p1a: Zeraora|Zeraora|100/100
|turn|30
|
|t:|1667973810
|move|p1a: Zeraora|Knock Off|p2a: Visyrs
|-supereffective|p2a: Visyrs
|-damage|p2a: Visyrs|0 fnt
|-enditem|p2a: Visyrs|Assault Vest|[from] move: Knock Off|[of] p1a: Zeraora
|faint|p2a: Visyrs
|
|upkeep
|
|t:|1667973812
|switch|p2a: Samehada|Garchomp, M|99/100
|-damage|p2a: Samehada|94/100|[from] Stealth Rock
|turn|31
|
|t:|1667973817
|move|p1a: Zeraora|Knock Off|p2a: Samehada
|-damage|p2a: Samehada|73/100
|-damage|p1a: Zeraora|88/100|[from] ability: Rough Skin|[of] p2a: Samehada
|-enditem|p2a: Samehada|Leftovers|[from] move: Knock Off|[of] p1a: Zeraora
|move|p2a: Samehada|Earthquake|p1a: Zeraora
|-supereffective|p1a: Zeraora
|-damage|p1a: Zeraora|0 fnt
|faint|p1a: Zeraora
|
|upkeep
|
|t:|1667973826
|switch|p1a: Aegislash|Aegislash, M|100/100
|-damage|p1a: Aegislash|94/100|[from] Stealth Rock
|turn|32
|
|t:|1667973831
|move|p2a: Samehada|Earthquake|p1a: Aegislash
|-supereffective|p1a: Aegislash
|-damage|p1a: Aegislash|28/100
|-formechange|p1a: Aegislash|Aegislash-Blade||[from] ability: Stance Change
|move|p1a: Aegislash|Shadow Ball|p2a: Samehada
|-damage|p2a: Samehada|25/100
|
|-heal|p1a: Aegislash|34/100|[from] item: Leftovers
|upkeep
|turn|33
|
|t:|1667973839
|move|p1a: Aegislash|Shadow Sneak|p2a: Samehada
|-damage|p2a: Samehada|12/100
|-damage|p1a: Aegislash|21/100|[from] ability: Rough Skin|[of] p2a: Samehada
|move|p2a: Samehada|Earthquake|p1a: Aegislash
|-supereffective|p1a: Aegislash
|-damage|p1a: Aegislash|0 fnt
|faint|p1a: Aegislash
|
|upkeep
|
|t:|1667973846
|switch|p1a: Urshifu|Urshifu-Rapid-Strike, F|59/100 par
|-damage|p1a: Urshifu|52/100 par|[from] Stealth Rock
|turn|34
|
|t:|1667973850
|move|p1a: Urshifu|Aqua Jet|p2a: Samehada
|-damage|p2a: Samehada|0 fnt
|-damage|p1a: Urshifu|40/100 par|[from] ability: Rough Skin|[of] p2a: Samehada
|faint|p2a: Samehada
|
|win|lie flat
|raw|lie flat's rating: 1609 &rarr; <strong>1639</strong><br />(+30 for winning)
|raw|Steez Ibanez's rating: 1803 &rarr; <strong>1773</strong><br />(-30 for losing)
|l|☆Steez Ibanez
