|j|☆I DONT REPLY
|j|☆Pok et glace
|t:|1662912905
|gametype|singles
|player|p1|I DONT REPLY|102|1824
|player|p2|Pok et glace|cynthia-masters|1827
|teamsize|p1|6
|teamsize|p2|6
|gen|8
|tier|[Gen 8] OU
|rated|
|rule|Sleep Clause Mod: Limit one foe put to sleep
|rule|Species Clause: Limit one of each Pokémon
|rule|OHKO Clause: OHKO moves are banned
|rule|Evasion Items Clause: Evasion items are banned
|rule|Evasion Moves Clause: Evasion moves are banned
|rule|Endless Battle Clause: Forcing endless battles is banned
|rule|HP Percentage Mod: HP is shown in percentages
|rule|Dynamax Clause: You cannot dynamax
|clearpoke
|poke|p1|Blaziken, M|
|poke|p1|Landorus-Therian, M|
|poke|p1|Weavile, F|
|poke|p1|Tapu Lele|
|poke|p1|Dragonite, F|
|poke|p1|Rillaboom, M|
|poke|p2|Mew|
|poke|p2|Crawdaunt, M|
|poke|p2|Celesteela|
|poke|p2|Garchomp, F|
|poke|p2|Weavile, M|
|poke|p2|Blacephalon|
|teampreview
|j| orange rinds
|
|t:|1662912915
|start
|switch|p1a: Weavile|Weavile, F|100/100
|switch|p2a: Sperm thing|Mew|100/100
|-ability|p1a: Weavile|Pressure
|turn|1
|c|☆Pok et glace|hf
|
|t:|1662912921
|move|p1a: Weavile|Beat Up|p2a: Sperm thing
|-supereffective|p2a: Sperm thing
|-enditem|p2a: Sperm thing|Colbur Berry|[eat]
|-enditem|p2a: Sperm thing|Colbur Berry|[weaken]
|-damage|p2a: Sperm thing|90/100
|-supereffective|p2a: Sperm thing
|-damage|p2a: Sperm thing|66/100
|-supereffective|p2a: Sperm thing
|-damage|p2a: Sperm thing|44/100
|-supereffective|p2a: Sperm thing
|-damage|p2a: Sperm thing|29/100
|-supereffective|p2a: Sperm thing
|-damage|p2a: Sperm thing|5/100
|-supereffective|p2a: Sperm thing
|-damage|p2a: Sperm thing|0 fnt
|faint|p2a: Sperm thing
|-hitcount|p2: Sperm thing|6
|
|upkeep
|
|t:|1662912925
|switch|p2a: Jaw|Crawdaunt, M|100/100
|turn|2
|
|t:|1662912937
|move|p1a: Weavile|Beat Up|p2a: Jaw
|-resisted|p2a: Jaw
|-damage|p2a: Jaw|91/100
|-resisted|p2a: Jaw
|-damage|p2a: Jaw|80/100
|-resisted|p2a: Jaw
|-damage|p2a: Jaw|71/100
|-resisted|p2a: Jaw
|-damage|p2a: Jaw|64/100
|-resisted|p2a: Jaw
|-damage|p2a: Jaw|55/100
|-resisted|p2a: Jaw
|-damage|p2a: Jaw|46/100
|-hitcount|p2a: Jaw|6
|move|p2a: Jaw|Knock Off|p1a: Weavile
|-resisted|p1a: Weavile
|-damage|p1a: Weavile|23/100
|-enditem|p1a: Weavile|Choice Band|[from] move: Knock Off|[of] p2a: Jaw
|-damage|p2a: Jaw|36/100|[from] item: Life Orb
|
|upkeep
|turn|3
|
|t:|1662912946
|move|p1a: Weavile|Knock Off|p2a: Jaw
|-resisted|p2a: Jaw
|-damage|p2a: Jaw|4/100
|-enditem|p2a: Jaw|Life Orb|[from] move: Knock Off|[of] p1a: Weavile
|move|p2a: Jaw|Knock Off|p1a: Weavile
|-resisted|p1a: Weavile
|-damage|p1a: Weavile|0 fnt
|faint|p1a: Weavile
|
|upkeep
|j| splashed out
|
|t:|1662912961
|switch|p1a: Rillaboom|Rillaboom, M|100/100
|-fieldstart|move: Grassy Terrain|[from] ability: Grassy Surge|[of] p1a: Rillaboom
|turn|4
|j| Llqht
|
|t:|1662912973
|move|p1a: Rillaboom|Swords Dance|p1a: Rillaboom
|-boost|p1a: Rillaboom|atk|2
|move|p2a: Jaw|Knock Off|p1a: Rillaboom
|-damage|p1a: Rillaboom|22/100
|-enditem|p1a: Rillaboom|Life Orb|[from] move: Knock Off|[of] p2a: Jaw
|
|-heal|p1a: Rillaboom|28/100|[from] Grassy Terrain
|-heal|p2a: Jaw|10/100|[from] Grassy Terrain
|upkeep
|turn|5
|j| UrSheerForce
|j| pkmntrainerjk
|
|t:|1662912990
|switch|p2a: Garchomp|Garchomp, F|100/100
|move|p1a: Rillaboom|Grassy Glide|p2a: Garchomp
|-damage|p2a: Garchomp|15/100
|-damage|p1a: Rillaboom|16/100|[from] ability: Rough Skin|[of] p2a: Garchomp
|
|-heal|p2a: Garchomp|21/100|[from] Grassy Terrain
|-heal|p1a: Rillaboom|22/100|[from] Grassy Terrain
|upkeep
|turn|6
|
|t:|1662912999
|switch|p2a: Bod|Celesteela|100/100
|move|p1a: Rillaboom|Grassy Glide|p2a: Bod
|-resisted|p2a: Bod
|-damage|p2a: Bod|77/100
|
|-heal|p1a: Rillaboom|28/100|[from] Grassy Terrain
|upkeep
|turn|7
|
|t:|1662913004
|move|p1a: Rillaboom|Superpower|p2a: Bod
|-damage|p2a: Bod|0 fnt
|-unboost|p1a: Rillaboom|atk|1
|-unboost|p1a: Rillaboom|def|1
|faint|p2a: Bod
|
|-heal|p1a: Rillaboom|34/100|[from] Grassy Terrain
|upkeep
|
|t:|1662913007
|switch|p2a: Hair|Weavile, M|100/100
|turn|8
|
|t:|1662913012
|switch|p1a: Tapu Lele|Tapu Lele|100/100
|-fieldstart|move: Psychic Terrain|[from] ability: Psychic Surge|[of] p1a: Tapu Lele
|move|p2a: Hair|Ice Shard|p1a: Tapu Lele
|-activate|p1a: Tapu Lele|move: Psychic Terrain
|
|upkeep
|turn|9
|
|t:|1662913017
|move|p1a: Tapu Lele|Moonblast|p2a: Hair
|-supereffective|p2a: Hair
|-damage|p2a: Hair|0 fnt
|faint|p2a: Hair
|
|upkeep
|
|t:|1662913019
|switch|p2a: Blacephalon|Blacephalon|100/100
|turn|10
|
|t:|1662913025
|move|p2a: Blacephalon|Shadow Ball|p1a: Tapu Lele
|-supereffective|p1a: Tapu Lele
|-damage|p1a: Tapu Lele|4/100
|move|p1a: Tapu Lele|Moonblast|p2a: Blacephalon
|-resisted|p2a: Blacephalon
|-damage|p2a: Blacephalon|58/100
|
|upkeep
|turn|11
|
|t:|1662913029
|move|p2a: Blacephalon|Shadow Ball|p1a: Tapu Lele
|-supereffective|p1a: Tapu Lele
|-damage|p1a: Tapu Lele|0 fnt
|faint|p1a: Tapu Lele
|-ability|p2a: Blacephalon|Beast Boost|boost
|-boost|p2a: Blacephalon|spa|1
|
|upkeep
|j| 0SiegeWarfare
|
|t:|1662913032
|switch|p1a: Dragonite|Dragonite, F|100/100
|turn|12
|
|t:|1662913035
|move|p2a: Blacephalon|Shadow Ball|p1a: Dragonite
|-damage|p1a: Dragonite|67/100
|move|p1a: Dragonite|Earthquake|p2a: Blacephalon
|-supereffective|p2a: Blacephalon
|-damage|p2a: Blacephalon|0 fnt
|faint|p2a: Blacephalon
|
|-fieldend|move: Psychic Terrain
|upkeep
|-message|Pok et glace forfeited.
|
|win|I DONT REPLY
|raw|I DONT REPLY's rating: 1824 &rarr; <strong>1844</strong><br />(+20 for winning)
|raw|Pok et glace's rating: 1827 &rarr; <strong>1807</strong><br />(-20 for losing)
|l|☆Pok et glace
|l|☆I DONT REPLY
