|raw|<div class="broadcast-blue"><strong>This battle is required to be public due to a player having a name starting with 'lt94je'.</div>
|j|☆LT94JE Lore
|j|☆return nirvana
|t:|1661503087
|gametype|singles
|player|p1|LT94JE Lore|boarder-gen2|1778
|player|p2|return nirvana|gambler-gen1|1931
|teamsize|p1|6
|teamsize|p2|6
|gen|8
|tier|[Gen 8] OU
|rated|
|rule|Sleep Clause Mod: Limit one foe put to sleep
|rule|Species Clause: Limit one of each Pokémon
|rule|OHKO Clause: OHKO moves are banned
|rule|Evasion Items Clause: Evasion items are banned
|rule|Evasion Moves Clause: Evasion moves are banned
|rule|Endless Battle Clause: Forcing endless battles is banned
|rule|HP Percentage Mod: HP is shown in percentages
|rule|Dynamax Clause: You cannot dynamax
|clearpoke
|poke|p1|Venusaur, M|
|poke|p1|Heatran, M|
|poke|p1|Weavile, M|
|poke|p1|Torkoal, M|
|poke|p1|Blaziken, F|
|poke|p1|Rillaboom, M|
|poke|p2|Kartana|
|poke|p2|Landorus-Therian, M|
|poke|p2|Celesteela|
|poke|p2|Toxapex, M|
|poke|p2|Clefable, F|
|poke|p2|Urshifu-*, M|
|teampreview
|inactive|Battle timer is ON: inactive players will automatically lose when time's up. (requested by LT94JE Lore)
|j| storm zone
|
|t:|1661503114
|start
|switch|p1a: Torkoal|Torkoal, M|100/100
|switch|p2a: Toxapex|Toxapex, M|100/100
|-weather|SunnyDay|[from] ability: Drought|[of] p1a: Torkoal
|turn|1
|
|t:|1661503116
|switch|p1a: Rillaboom|Rillaboom, M|100/100
|-fieldstart|move: Grassy Terrain|[from] ability: Grassy Surge|[of] p1a: Rillaboom
|move|p2a: Toxapex|Knock Off|p1a: Rillaboom
|-damage|p1a: Rillaboom|89/100
|-enditem|p1a: Rillaboom|Eject Button|[from] move: Knock Off|[of] p2a: Toxapex
|
|-weather|SunnyDay|[upkeep]
|-heal|p1a: Rillaboom|95/100|[from] Grassy Terrain
|upkeep
|turn|2
|
|t:|1661503118
|move|p1a: Rillaboom|Taunt|p2a: Toxapex
|-start|p2a: Toxapex|move: Taunt
|move|p2a: Toxapex|Knock Off|p1a: Rillaboom
|-damage|p1a: Rillaboom|88/100
|
|-weather|SunnyDay|[upkeep]
|-heal|p1a: Rillaboom|94/100|[from] Grassy Terrain
|upkeep
|turn|3
|
|t:|1661503120
|move|p1a: Rillaboom|Grassy Glide|p2a: Toxapex
|-damage|p2a: Toxapex|78/100
|move|p2a: Toxapex|Knock Off|p1a: Rillaboom
|-damage|p1a: Rillaboom|87/100
|
|-weather|SunnyDay|[upkeep]
|-heal|p1a: Rillaboom|93/100|[from] Grassy Terrain
|-heal|p2a: Toxapex|85/100|[from] Grassy Terrain
|upkeep
|turn|4
|
|t:|1661503123
|move|p1a: Rillaboom|Grassy Glide|p2a: Toxapex
|-damage|p2a: Toxapex|61/100
|move|p2a: Toxapex|Knock Off|p1a: Rillaboom
|-damage|p1a: Rillaboom|86/100
|
|-weather|SunnyDay|[upkeep]
|-heal|p1a: Rillaboom|92/100|[from] Grassy Terrain
|-heal|p2a: Toxapex|67/100|[from] Grassy Terrain
|-end|p2a: Toxapex|move: Taunt
|upkeep
|turn|5
|
|t:|1661503128
|switch|p2a: Clefable|Clefable, F|100/100
|move|p1a: Rillaboom|Taunt|p2a: Clefable
|-start|p2a: Clefable|move: Taunt
|
|-weather|SunnyDay|[upkeep]
|-heal|p1a: Rillaboom|98/100|[from] Grassy Terrain
|-fieldend|move: Grassy Terrain
|upkeep
|turn|6
|
|t:|1661503136
|move|p1a: Rillaboom|Knock Off|p2a: Clefable
|-resisted|p2a: Clefable
|-damage|p2a: Clefable|90/100
|move|p2a: Clefable|Moonblast|p1a: Rillaboom
|-damage|p1a: Rillaboom|68/100
|-unboost|p1a: Rillaboom|spa|1
|
|-weather|SunnyDay|[upkeep]
|-damage|p1a: Rillaboom|56/100|[from] item: Sticky Barb
|upkeep
|turn|7
|
|t:|1661503147
|switch|p2a: Toxapex|Toxapex, M|100/100
|move|p1a: Rillaboom|Grassy Glide|p2a: Toxapex
|-damage|p2a: Toxapex|83/100
|
|-weather|SunnyDay|[upkeep]
|-damage|p1a: Rillaboom|44/100|[from] item: Sticky Barb
|upkeep
|turn|8
|
|t:|1661503151
|move|p1a: Rillaboom|Taunt|p2a: Toxapex
|-start|p2a: Toxapex|move: Taunt
|cant|p2a: Toxapex|move: Taunt|Toxic
|
|-weather|none
|-damage|p1a: Rillaboom|31/100|[from] item: Sticky Barb
|upkeep
|turn|9
|
|t:|1661503164
|switch|p2a: Urshifu|Urshifu-Rapid-Strike, M|100/100
|move|p1a: Rillaboom|Knock Off|p2a: Urshifu
|-resisted|p2a: Urshifu
|-damage|p2a: Urshifu|87/100
|-enditem|p2a: Urshifu|Protective Pads|[from] move: Knock Off|[of] p1a: Rillaboom
|
|-damage|p1a: Rillaboom|19/100|[from] item: Sticky Barb
|upkeep
|turn|10
|
|t:|1661503168
|switch|p1a: Torkoal|Torkoal, M|100/100
|-weather|SunnyDay|[from] ability: Drought|[of] p1a: Torkoal
|move|p2a: Urshifu|U-turn|p1a: Torkoal
|-resisted|p1a: Torkoal
|-damage|p1a: Torkoal|91/100
|
|t:|1661503175
|switch|p2a: Clefable|Clefable, F|90/100|[from]move: U-turn
|
|-weather|SunnyDay|[upkeep]
|upkeep
|turn|11
|
|t:|1661503178
|move|p2a: Clefable|Stealth Rock|p1a: Torkoal
|-sidestart|p1: LT94JE Lore|move: Stealth Rock
|move|p1a: Torkoal|Stealth Rock|p2a: Clefable
|-sidestart|p2: return nirvana|move: Stealth Rock
|
|-weather|SunnyDay|[upkeep]
|upkeep
|turn|12
|
|t:|1661503181
|move|p2a: Clefable|Moonblast|p1a: Torkoal
|-resisted|p1a: Torkoal
|-damage|p1a: Torkoal|77/100
|move|p1a: Torkoal|Rapid Spin|p2a: Clefable
|-damage|p2a: Clefable|82/100
|-boost|p1a: Torkoal|spe|1
|-sideend|p1: LT94JE Lore|Stealth Rock|[from] move: Rapid Spin|[of] p1a: Torkoal
|
|-weather|SunnyDay|[upkeep]
|upkeep
|turn|13
|
|t:|1661503183
|switch|p1a: Heatran|Heatran, M|100/100
|-item|p1a: Heatran|Air Balloon
|move|p2a: Clefable|Stealth Rock|p1a: Heatran
|-sidestart|p1: LT94JE Lore|move: Stealth Rock
|
|-weather|SunnyDay|[upkeep]
|upkeep
|turn|14
|
|t:|1661503188
|switch|p2a: Toxapex|Toxapex, M|100/100
|-damage|p2a: Toxapex|88/100|[from] Stealth Rock
|move|p1a: Heatran|Eruption|p2a: Toxapex
|-resisted|p2a: Toxapex
|-damage|p2a: Toxapex|38/100
|
|-weather|SunnyDay|[upkeep]
|upkeep
|turn|15
|j| Lunarr
|inactive|return nirvana has 120 seconds left.
|
|t:|1661503222
|switch|p2a: Clefable|Clefable, F|82/100
|move|p1a: Heatran|Eruption|p2a: Clefable
|-damage|p2a: Clefable|0 fnt
|faint|p2a: Clefable
|
|-weather|SunnyDay|[upkeep]
|upkeep
|
|t:|1661503224
|switch|p2a: Urshifu|Urshifu-Rapid-Strike, M|87/100
|-damage|p2a: Urshifu|81/100|[from] Stealth Rock
|turn|16
|
|t:|1661503231
|switch|p2a: Landorus|Landorus-Therian, M|100/100
|-damage|p2a: Landorus|88/100|[from] Stealth Rock
|-ability|p2a: Landorus|Intimidate|boost
|-unboost|p1a: Heatran|atk|1
|switch|p1a: Rillaboom|Rillaboom, M|19/100
|-damage|p1a: Rillaboom|6/100|[from] Stealth Rock
|-fieldstart|move: Grassy Terrain|[from] ability: Grassy Surge|[of] p1a: Rillaboom
|
|-weather|SunnyDay|[upkeep]
|-heal|p2a: Landorus|94/100|[from] item: Leftovers
|-heal|p1a: Rillaboom|13/100|[from] Grassy Terrain
|-damage|p1a: Rillaboom|0 fnt|[from] item: Sticky Barb
|faint|p1a: Rillaboom
|upkeep
|
|t:|1661503241
|switch|p1a: Venusaur|Venusaur, M, shiny|100/100
|-damage|p1a: Venusaur|88/100|[from] Stealth Rock
|turn|17
|
|t:|1661503248
|move|p1a: Venusaur|Solar Beam||[still]
|-prepare|p1a: Venusaur|Solar Beam
|-anim|p1a: Venusaur|Solar Beam|p2a: Landorus
|-crit|p2a: Landorus
|-damage|p2a: Landorus|0 fnt
|faint|p2a: Landorus
|-damage|p1a: Venusaur|78/100|[from] item: Life Orb
|
|-weather|none
|-heal|p1a: Venusaur|84/100|[from] Grassy Terrain
|upkeep
|
|t:|1661503257
|switch|p2a: Kartana|Kartana|100/100
|-damage|p2a: Kartana|94/100|[from] Stealth Rock
|turn|18
|
|t:|1661503260
|move|p2a: Kartana|Knock Off|p1a: Venusaur
|-damage|p1a: Venusaur|27/100
|-enditem|p1a: Venusaur|Life Orb|[from] move: Knock Off|[of] p2a: Kartana
|move|p1a: Venusaur|Earth Power|p2a: Kartana
|-damage|p2a: Kartana|6/100
|
|-heal|p2a: Kartana|12/100|[from] Grassy Terrain
|-heal|p1a: Venusaur|33/100|[from] Grassy Terrain
|upkeep
|turn|19
|
|t:|1661503269
|switch|p1a: Weavile|Weavile, M|100/100
|-damage|p1a: Weavile|76/100|[from] Stealth Rock
|move|p2a: Kartana|Toxic|p1a: Weavile
|-status|p1a: Weavile|tox
|
|-heal|p1a: Weavile|82/100 tox|[from] Grassy Terrain
|-heal|p2a: Kartana|18/100|[from] Grassy Terrain
|-damage|p1a: Weavile|76/100 tox|[from] psn
|upkeep
|turn|20
|
|t:|1661503272
|switch|p2a: Toxapex|Toxapex, M|72/100
|-damage|p2a: Toxapex|59/100|[from] Stealth Rock
|move|p1a: Weavile|Ice Shard|p2a: Toxapex
|-resisted|p2a: Toxapex
|-damage|p2a: Toxapex|50/100
|-damage|p1a: Weavile|66/100 tox|[from] item: Life Orb
|
|-heal|p1a: Weavile|72/100 tox|[from] Grassy Terrain
|-heal|p2a: Toxapex|57/100|[from] Grassy Terrain
|-damage|p1a: Weavile|60/100 tox|[from] psn
|-fieldend|move: Grassy Terrain
|upkeep
|turn|21
|
|t:|1661503276
|switch|p1a: Torkoal|Torkoal, M|77/100
|-damage|p1a: Torkoal|52/100|[from] Stealth Rock
|-weather|SunnyDay|[from] ability: Drought|[of] p1a: Torkoal
|move|p2a: Toxapex|Knock Off|p1a: Torkoal
|-damage|p1a: Torkoal|42/100
|-enditem|p1a: Torkoal|Heat Rock|[from] move: Knock Off|[of] p2a: Toxapex
|
|-weather|SunnyDay|[upkeep]
|upkeep
|turn|22
|j| Hoan01
|j| milk55555
|
|t:|1661503280
|move|p2a: Toxapex|Toxic|p1a: Torkoal
|-status|p1a: Torkoal|tox
|move|p1a: Torkoal|Rapid Spin|p2a: Toxapex
|-damage|p2a: Toxapex|51/100
|-boost|p1a: Torkoal|spe|1
|-sideend|p1: LT94JE Lore|Stealth Rock|[from] move: Rapid Spin|[of] p1a: Torkoal
|
|-weather|SunnyDay|[upkeep]
|-damage|p1a: Torkoal|36/100 tox|[from] psn
|upkeep
|turn|23
|
|t:|1661503282
|switch|p1a: Weavile|Weavile, M|60/100 tox
|move|p2a: Toxapex|Recover|p2a: Toxapex
|-heal|p2a: Toxapex|100/100
|
|-weather|SunnyDay|[upkeep]
|-damage|p1a: Weavile|54/100 tox|[from] psn
|upkeep
|turn|24
|
|t:|1661503286
|move|p1a: Weavile|Knock Off|p2a: Toxapex
|-crit|p2a: Toxapex
|-damage|p2a: Toxapex|38/100
|-enditem|p2a: Toxapex|Shed Shell|[from] move: Knock Off|[of] p1a: Weavile
|-damage|p1a: Weavile|44/100 tox|[from] item: Life Orb
|move|p2a: Toxapex|Knock Off|p1a: Weavile
|-resisted|p1a: Weavile
|-damage|p1a: Weavile|31/100 tox
|-enditem|p1a: Weavile|Life Orb|[from] move: Knock Off|[of] p2a: Toxapex
|
|-weather|SunnyDay|[upkeep]
|-damage|p1a: Weavile|19/100 tox|[from] psn
|upkeep
|turn|25
|l| milk55555
|
|t:|1661503288
|move|p1a: Weavile|Icicle Crash|p2a: Toxapex
|-resisted|p2a: Toxapex
|-damage|p2a: Toxapex|24/100
|move|p2a: Toxapex|Recover|p2a: Toxapex
|-heal|p2a: Toxapex|74/100
|
|-weather|SunnyDay|[upkeep]
|-damage|p1a: Weavile|0 fnt|[from] psn
|faint|p1a: Weavile
|upkeep
|
|t:|1661503294
|switch|p1a: Venusaur|Venusaur, M, shiny|33/100
|turn|26
|
|t:|1661503297
|switch|p2a: Kartana|Kartana|18/100
|-damage|p2a: Kartana|12/100|[from] Stealth Rock
|move|p1a: Venusaur|Sleep Powder|p2a: Kartana
|-immune|p2a: Kartana
|
|-weather|SunnyDay|[upkeep]
|upkeep
|turn|27
|
|t:|1661503300
|switch|p2a: Celesteela|Celesteela|100/100
|-damage|p2a: Celesteela|88/100|[from] Stealth Rock
|move|p1a: Venusaur|Weather Ball|p2a: Celesteela
|-supereffective|p2a: Celesteela
|-damage|p2a: Celesteela|26/100
|
|-weather|SunnyDay|[upkeep]
|-heal|p2a: Celesteela|32/100|[from] item: Leftovers
|upkeep
|turn|28
|
|t:|1661503304
|move|p2a: Celesteela|Protect|p2a: Celesteela
|-singleturn|p2a: Celesteela|Protect
|move|p1a: Venusaur|Solar Beam||[still]
|-prepare|p1a: Venusaur|Solar Beam
|-anim|p1a: Venusaur|Solar Beam|p2a: Celesteela
|-activate|p2a: Celesteela|move: Protect
|
|-weather|none
|-heal|p2a: Celesteela|38/100|[from] item: Leftovers
|upkeep
|turn|29
|
|t:|1661503308
|move|p1a: Venusaur|Sleep Powder|p2a: Celesteela
|-status|p2a: Celesteela|slp|[from] move: Sleep Powder
|cant|p2a: Celesteela|slp
|
|-heal|p2a: Celesteela|44/100 slp|[from] item: Leftovers
|upkeep
|turn|30
|
|t:|1661503310
|switch|p1a: Blaziken|Blaziken, F|100/100
|-item|p1a: Blaziken|Air Balloon
|cant|p2a: Celesteela|slp
|
|-heal|p2a: Celesteela|50/100 slp|[from] item: Leftovers
|upkeep
|turn|31
|
|t:|1661503312
|switch|p2a: Toxapex|Toxapex, M|100/100
|-damage|p2a: Toxapex|88/100|[from] Stealth Rock
|move|p1a: Blaziken|Swords Dance|p1a: Blaziken
|-boost|p1a: Blaziken|atk|2
|
|-ability|p1a: Blaziken|Speed Boost|boost
|-boost|p1a: Blaziken|spe|1
|upkeep
|turn|32
|
|t:|1661503315
|move|p1a: Blaziken|Thunder Punch|p2a: Toxapex
|-supereffective|p2a: Toxapex
|-damage|p2a: Toxapex|20/100
|move|p2a: Toxapex|Toxic|p1a: Blaziken
|-status|p1a: Blaziken|tox
|
|-damage|p1a: Blaziken|95/100 tox|[from] psn
|-ability|p1a: Blaziken|Speed Boost|boost
|-boost|p1a: Blaziken|spe|1
|upkeep
|turn|33
|
|t:|1661503327
|switch|p2a: Kartana|Kartana|12/100
|-damage|p2a: Kartana|6/100|[from] Stealth Rock
|move|p1a: Blaziken|Close Combat|p2a: Kartana
|-supereffective|p2a: Kartana
|-damage|p2a: Kartana|0 fnt
|-unboost|p1a: Blaziken|def|1
|-unboost|p1a: Blaziken|spd|1
|faint|p2a: Kartana
|
|-damage|p1a: Blaziken|83/100 tox|[from] psn
|-ability|p1a: Blaziken|Speed Boost|boost
|-boost|p1a: Blaziken|spe|1
|upkeep
|j| ilcavalierebianco
|
|t:|1661503330
|switch|p2a: Urshifu|Urshifu-Rapid-Strike, M|81/100
|-damage|p2a: Urshifu|74/100|[from] Stealth Rock
|turn|34
|
|t:|1661503332
|move|p2a: Urshifu|Aqua Jet|p1a: Blaziken
|-supereffective|p1a: Blaziken
|-damage|p1a: Blaziken|0 fnt
|-enditem|p1a: Blaziken|Air Balloon
|faint|p1a: Blaziken
|
|upkeep
|
|t:|1661503335
|switch|p1a: Torkoal|Torkoal, M|36/100 tox
|-weather|SunnyDay|[from] ability: Drought|[of] p1a: Torkoal
|turn|35
|
|t:|1661503340
|move|p2a: Urshifu|U-turn|p1a: Torkoal
|-resisted|p1a: Torkoal
|-damage|p1a: Torkoal|28/100 tox
|
|t:|1661503342
|switch|p2a: Toxapex|Toxapex, M|53/100|[from]move: U-turn
|-damage|p2a: Toxapex|40/100|[from] Stealth Rock
|move|p1a: Torkoal|Lava Plume|p2a: Toxapex
|-resisted|p2a: Toxapex
|-damage|p2a: Toxapex|25/100
|-status|p2a: Toxapex|brn
|
|-weather|SunnyDay|[upkeep]
|-damage|p1a: Torkoal|21/100 tox|[from] psn
|-damage|p2a: Toxapex|19/100 brn|[from] brn
|upkeep
|turn|36
|
|t:|1661503345
|switch|p1a: Venusaur|Venusaur, M, shiny|33/100
|move|p2a: Toxapex|Recover|p2a: Toxapex
|-heal|p2a: Toxapex|69/100 brn
|
|-weather|SunnyDay|[upkeep]
|-damage|p2a: Toxapex|63/100 brn|[from] brn
|upkeep
|turn|37
|
|t:|1661503349
|move|p1a: Venusaur|Solar Beam||[still]
|-prepare|p1a: Venusaur|Solar Beam
|-anim|p1a: Venusaur|Solar Beam|p2a: Toxapex
|-damage|p2a: Toxapex|19/100 brn
|move|p2a: Toxapex|Recover|p2a: Toxapex
|-heal|p2a: Toxapex|69/100 brn
|
|-weather|SunnyDay|[upkeep]
|-damage|p2a: Toxapex|63/100 brn|[from] brn
|upkeep
|turn|38
|
|t:|1661503351
|move|p1a: Venusaur|Earth Power|p2a: Toxapex
|-supereffective|p2a: Toxapex
|-damage|p2a: Toxapex|18/100 brn
|move|p2a: Toxapex|Recover|p2a: Toxapex
|-heal|p2a: Toxapex|68/100 brn
|
|-weather|SunnyDay|[upkeep]
|-damage|p2a: Toxapex|61/100 brn|[from] brn
|upkeep
|turn|39
|
|t:|1661503353
|move|p1a: Venusaur|Earth Power|p2a: Toxapex
|-supereffective|p2a: Toxapex
|-damage|p2a: Toxapex|10/100 brn
|move|p2a: Toxapex|Recover|p2a: Toxapex
|-heal|p2a: Toxapex|60/100 brn
|
|-weather|none
|-damage|p2a: Toxapex|54/100 brn|[from] brn
|upkeep
|turn|40
|
|t:|1661503359
|switch|p1a: Heatran|Heatran, M|100/100
|-item|p1a: Heatran|Air Balloon
|switch|p2a: Urshifu|Urshifu-Rapid-Strike, M|74/100
|-damage|p2a: Urshifu|68/100|[from] Stealth Rock
|
|upkeep
|turn|41
|
|t:|1661503363
|switch|p1a: Torkoal|Torkoal, M|21/100 tox
|-weather|SunnyDay|[from] ability: Drought|[of] p1a: Torkoal
|move|p2a: Urshifu|Close Combat|p1a: Torkoal
|-crit|p1a: Torkoal
|-damage|p1a: Torkoal|0 fnt
|-unboost|p2a: Urshifu|def|1
|-unboost|p2a: Urshifu|spd|1
|faint|p1a: Torkoal
|
|-weather|SunnyDay|[upkeep]
|upkeep
|
|t:|1661503364
|switch|p1a: Venusaur|Venusaur, M, shiny|33/100
|turn|42
|
|t:|1661503369
|switch|p2a: Celesteela|Celesteela|50/100 slp
|-damage|p2a: Celesteela|38/100 slp|[from] Stealth Rock
|move|p1a: Venusaur|Solar Beam||[still]
|-prepare|p1a: Venusaur|Solar Beam
|-anim|p1a: Venusaur|Solar Beam|p2a: Celesteela
|-resisted|p2a: Celesteela
|-damage|p2a: Celesteela|29/100 slp
|
|-weather|SunnyDay|[upkeep]
|-heal|p2a: Celesteela|35/100 slp|[from] item: Leftovers
|upkeep
|turn|43
|
|t:|1661503372
|switch|p2a: Toxapex|Toxapex, M|87/100 brn
|-damage|p2a: Toxapex|75/100 brn|[from] Stealth Rock
|move|p1a: Venusaur|Weather Ball|p2a: Toxapex
|-resisted|p2a: Toxapex
|-damage|p2a: Toxapex|55/100 brn
|
|-weather|SunnyDay|[upkeep]
|-damage|p2a: Toxapex|49/100 brn|[from] brn
|upkeep
|turn|44
|
|t:|1661503376
|switch|p2a: Celesteela|Celesteela|35/100 slp
|-damage|p2a: Celesteela|23/100 slp|[from] Stealth Rock
|move|p1a: Venusaur|Solar Beam||[still]
|-prepare|p1a: Venusaur|Solar Beam
|-anim|p1a: Venusaur|Solar Beam|p2a: Celesteela
|-resisted|p2a: Celesteela
|-damage|p2a: Celesteela|15/100 slp
|
|-weather|SunnyDay|[upkeep]
|-heal|p2a: Celesteela|21/100 slp|[from] item: Leftovers
|upkeep
|turn|45
|
|t:|1661503383
|move|p1a: Venusaur|Earth Power|p2a: Celesteela
|-immune|p2a: Celesteela
|-curestatus|p2a: Celesteela|slp|[msg]
|move|p2a: Celesteela|Leech Seed|p1a: Venusaur
|-immune|p1a: Venusaur
|
|-weather|none
|-heal|p2a: Celesteela|27/100|[from] item: Leftovers
|upkeep
|turn|46
|
|t:|1661503386
|move|p2a: Celesteela|Protect|p2a: Celesteela
|-singleturn|p2a: Celesteela|Protect
|move|p1a: Venusaur|Sleep Powder|p2a: Celesteela
|-activate|p2a: Celesteela|move: Protect
|
|-heal|p2a: Celesteela|33/100|[from] item: Leftovers
|upkeep
|turn|47
|
|t:|1661503390
|move|p1a: Venusaur|Sleep Powder|p2a: Celesteela
|-status|p2a: Celesteela|slp|[from] move: Sleep Powder
|cant|p2a: Celesteela|slp
|
|-heal|p2a: Celesteela|39/100 slp|[from] item: Leftovers
|upkeep
|turn|48
|
|t:|1661503395
|move|p1a: Venusaur|Earth Power|p2a: Celesteela
|-immune|p2a: Celesteela
|-curestatus|p2a: Celesteela|slp|[msg]
|move|p2a: Celesteela|Heavy Slam|p1a: Venusaur
|-damage|p1a: Venusaur|0 fnt
|faint|p1a: Venusaur
|-ability|p2a: Celesteela|Beast Boost|boost
|-boost|p2a: Celesteela|spd|1
|
|-heal|p2a: Celesteela|45/100|[from] item: Leftovers
|upkeep
|
|t:|1661503398
|switch|p1a: Heatran|Heatran, M|100/100
|-item|p1a: Heatran|Air Balloon
|turn|49
|
|t:|1661503400
|move|p2a: Celesteela|Protect|p2a: Celesteela
|-singleturn|p2a: Celesteela|Protect
|move|p1a: Heatran|Eruption|p2a: Celesteela
|-activate|p2a: Celesteela|move: Protect
|
|-heal|p2a: Celesteela|51/100|[from] item: Leftovers
|upkeep
|turn|50
|
|t:|1661503402
|move|p1a: Heatran|Eruption|p2a: Celesteela
|-supereffective|p2a: Celesteela
|-damage|p2a: Celesteela|0 fnt
|faint|p2a: Celesteela
|
|upkeep
|
|t:|1661503404
|switch|p2a: Urshifu|Urshifu-Rapid-Strike, M|68/100
|-damage|p2a: Urshifu|62/100|[from] Stealth Rock
|turn|51
|
|t:|1661503407
|move|p2a: Urshifu|Close Combat|p1a: Heatran
|-supereffective|p1a: Heatran
|-damage|p1a: Heatran|0 fnt
|-unboost|p2a: Urshifu|def|1
|-unboost|p2a: Urshifu|spd|1
|-enditem|p1a: Heatran|Air Balloon
|faint|p1a: Heatran
|
|win|return nirvana
|raw|LT94JE Lore's rating: 1778 &rarr; <strong>1766</strong><br />(-12 for losing)
|raw|return nirvana's rating: 1931 &rarr; <strong>1943</strong><br />(+12 for winning)
|l|☆LT94JE Lore
