|j|☆2(H2O)
|j|☆7gs5df4g56df
|t:|1660398328
|gametype|singles
|player|p1|2(H2O)|chase|1690
|player|p2|7gs5df4g56df|2|1642
|teamsize|p1|6
|teamsize|p2|6
|gen|8
|tier|[Gen 8] OU
|rated|
|rule|Sleep Clause Mod: Limit one foe put to sleep
|rule|Species Clause: Limit one of each Pokémon
|rule|OHKO Clause: OHKO moves are banned
|rule|Evasion Items Clause: Evasion items are banned
|rule|Evasion Moves Clause: Evasion moves are banned
|rule|Endless Battle Clause: Forcing endless battles is banned
|rule|HP Percentage Mod: HP is shown in percentages
|rule|Dynamax Clause: You cannot dynamax
|clearpoke
|poke|p1|Tapu Lele|
|poke|p1|Victini|
|poke|p1|Melmetal|
|poke|p1|Dragonite, M|
|poke|p1|Landorus-Therian, M|
|poke|p1|Urshifu-*, M|
|poke|p2|Crawdaunt, M|
|poke|p2|Pelipper, M|
|poke|p2|Blastoise, M|
|poke|p2|Thundurus-Therian, M|
|poke|p2|Barraskewda, M|
|poke|p2|Ferrothorn, M|
|teampreview
|inactive|Battle timer is ON: inactive players will automatically lose when time's up. (requested by 2(H2O))
|
|t:|1660398350
|start
|switch|p1a: Tapu Lele|Tapu Lele|100/100
|switch|p2a: 乔治-希尔|Pelipper, M|100/100
|-fieldstart|move: Psychic Terrain|[from] ability: Psychic Surge|[of] p1a: Tapu Lele
|-weather|RainDance|[from] ability: Drizzle|[of] p2a: 乔治-希尔
|turn|1
|
|t:|1660398357
|switch|p2a: 卢克·理查德·巴莫特|Blastoise, M|100/100
|move|p1a: Tapu Lele|Future Sight|p2a: 卢克·理查德·巴莫特
|-start|p1a: Tapu Lele|move: Future Sight
|
|-weather|RainDance|[upkeep]
|upkeep
|turn|2
|
|t:|1660398364
|switch|p1a: Urshifu|Urshifu-Rapid-Strike, M|100/100
|move|p2a: 卢克·理查德·巴莫特|Flip Turn|p1a: Urshifu
|-resisted|p1a: Urshifu
|-damage|p1a: Urshifu|87/100
|
|t:|1660398369
|switch|p2a: 拉玛尔·奥多姆|Thundurus-Therian, M|100/100|[from]move: Flip Turn
|
|-weather|RainDance|[upkeep]
|upkeep
|turn|3
|
|t:|1660398374
|switch|p2a: 安德烈·罗伯森|Ferrothorn, M|100/100
|switch|p1a: Melmetal|Melmetal|100/100
|
|-weather|RainDance|[upkeep]
|-end|p2a: 安德烈·罗伯森|move: Future Sight
|-resisted|p2a: 安德烈·罗伯森
|-damage|p2a: 安德烈·罗伯森|65/100
|upkeep
|turn|4
|
|t:|1660398380
|switch|p1a: Urshifu|Urshifu-Rapid-Strike, M|87/100
|move|p2a: 安德烈·罗伯森|Stealth Rock|p1a: Urshifu
|-sidestart|p1: 2(H2O)|move: Stealth Rock
|
|-weather|RainDance|[upkeep]
|upkeep
|turn|5
|
|t:|1660398386
|move|p1a: Urshifu|Surging Strikes|p2a: 安德烈·罗伯森
|-resisted|p2a: 安德烈·罗伯森
|-crit|p2a: 安德烈·罗伯森
|-damage|p2a: 安德烈·罗伯森|52/100
|-damage|p1a: Urshifu|74/100|[from] ability: Iron Barbs|[of] p2a: 安德烈·罗伯森
|-damage|p1a: Urshifu|58/100|[from] item: Rocky Helmet|[of] p2a: 安德烈·罗伯森
|-resisted|p2a: 安德烈·罗伯森
|-crit|p2a: 安德烈·罗伯森
|-damage|p2a: 安德烈·罗伯森|38/100
|-damage|p1a: Urshifu|46/100|[from] ability: Iron Barbs|[of] p2a: 安德烈·罗伯森
|-damage|p1a: Urshifu|29/100|[from] item: Rocky Helmet|[of] p2a: 安德烈·罗伯森
|-resisted|p2a: 安德烈·罗伯森
|-crit|p2a: 安德烈·罗伯森
|-damage|p2a: 安德烈·罗伯森|24/100
|-damage|p1a: Urshifu|17/100|[from] ability: Iron Barbs|[of] p2a: 安德烈·罗伯森
|-damage|p1a: Urshifu|0 fnt|[from] item: Rocky Helmet|[of] p2a: 安德烈·罗伯森
|faint|p1a: Urshifu
|-hitcount|p2a: 安德烈·罗伯森|3
|move|p2a: 安德烈·罗伯森|Endeavor|p1: Urshifu|[notarget]
|-fail|p2a: 安德烈·罗伯森
|
|-weather|RainDance|[upkeep]
|-fieldend|move: Psychic Terrain
|upkeep
|
|t:|1660398394
|switch|p1a: Landorus|Landorus-Therian, M|100/100
|-damage|p1a: Landorus|88/100|[from] Stealth Rock
|-ability|p1a: Landorus|Intimidate|boost
|-unboost|p2a: 安德烈·罗伯森|atk|1
|turn|6
|
|t:|1660398396
|move|p1a: Landorus|Stealth Rock|p2a: 安德烈·罗伯森
|-sidestart|p2: 7gs5df4g56df|move: Stealth Rock
|move|p2a: 安德烈·罗伯森|Endeavor|p1a: Landorus
|-damage|p1a: Landorus|22/100
|
|-weather|RainDance|[upkeep]
|-heal|p1a: Landorus|29/100|[from] item: Leftovers
|upkeep
|turn|7
|
|t:|1660398400
|move|p1a: Landorus|Earthquake|p2a: 安德烈·罗伯森
|-damage|p2a: 安德烈·罗伯森|0 fnt
|faint|p2a: 安德烈·罗伯森
|
|-weather|RainDance|[upkeep]
|-heal|p1a: Landorus|35/100|[from] item: Leftovers
|upkeep
|
|t:|1660398403
|switch|p2a: 卢克·理查德·巴莫特|Blastoise, M|100/100
|-damage|p2a: 卢克·理查德·巴莫特|88/100|[from] Stealth Rock
|turn|8
|
|t:|1660398405
|move|p1a: Landorus|Earthquake|p2a: 卢克·理查德·巴莫特
|-damage|p2a: 卢克·理查德·巴莫特|55/100
|move|p2a: 卢克·理查德·巴莫特|Rapid Spin|p1a: Landorus
|-damage|p1a: Landorus|25/100
|-boost|p2a: 卢克·理查德·巴莫特|spe|1
|-sideend|p2: 7gs5df4g56df|Stealth Rock|[from] move: Rapid Spin|[of] p2a: 卢克·理查德·巴莫特
|
|-weather|none
|-heal|p1a: Landorus|31/100|[from] item: Leftovers
|upkeep
|turn|9
|
|t:|1660398411
|move|p2a: 卢克·理查德·巴莫特|Ice Beam|p1a: Landorus
|-supereffective|p1a: Landorus
|-damage|p1a: Landorus|0 fnt
|faint|p1a: Landorus
|
|upkeep
|
|t:|1660398414
|switch|p1a: Victini|Victini|100/100
|turn|10
|
|t:|1660398419
|switch|p2a: 拉玛尔·奥多姆|Thundurus-Therian, M|100/100
|move|p1a: Victini|Bolt Strike|p2a: 拉玛尔·奥多姆
|-immune|p2a: 拉玛尔·奥多姆|[from] ability: Volt Absorb
|
|upkeep
|turn|11
|
|t:|1660398423
|move|p2a: 拉玛尔·奥多姆|Volt Switch|p1a: Victini
|-damage|p1a: Victini|63/100
|
|t:|1660398426
|switch|p2a: 乔治-希尔|Pelipper, M|100/100|[from]move: Volt Switch
|-weather|RainDance|[from] ability: Drizzle|[of] p2a: 乔治-希尔
|move|p1a: Victini|V-create|p2a: 乔治-希尔
|-resisted|p2a: 乔治-希尔
|-damage|p2a: 乔治-希尔|86/100
|-unboost|p1a: Victini|spe|1
|-unboost|p1a: Victini|def|1
|-unboost|p1a: Victini|spd|1
|
|-weather|RainDance|[upkeep]
|upkeep
|turn|12
|
|t:|1660398435
|switch|p2a: 拉玛尔·奥多姆|Thundurus-Therian, M|100/100
|move|p1a: Victini|U-turn|p2a: 拉玛尔·奥多姆
|-resisted|p2a: 拉玛尔·奥多姆
|-damage|p2a: 拉玛尔·奥多姆|86/100
|
|t:|1660398438
|switch|p1a: Tapu Lele|Tapu Lele|100/100|[from]move: U-turn
|-damage|p1a: Tapu Lele|88/100|[from] Stealth Rock
|-fieldstart|move: Psychic Terrain|[from] ability: Psychic Surge|[of] p1a: Tapu Lele
|
|-weather|RainDance|[upkeep]
|upkeep
|turn|13
|
|t:|1660398440
|move|p1a: Tapu Lele|Psyshock|p2a: 拉玛尔·奥多姆
|-damage|p2a: 拉玛尔·奥多姆|0 fnt
|faint|p2a: 拉玛尔·奥多姆
|
|-weather|RainDance|[upkeep]
|upkeep
|
|t:|1660398444
|switch|p2a: 贾马尔·克劳福德|Barraskewda, M, shiny|100/100
|turn|14
|
|t:|1660398447
|switch|p1a: Dragonite|Dragonite, M|100/100
|move|p2a: 贾马尔·克劳福德|Flip Turn|p1a: Dragonite
|-resisted|p1a: Dragonite
|-damage|p1a: Dragonite|87/100
|
|t:|1660398451
|switch|p2a: J.J.雷迪克|Crawdaunt, M, shiny|100/100|[from]move: Flip Turn
|
|-weather|RainDance|[upkeep]
|upkeep
|turn|15
|
|t:|1660398456
|switch|p1a: Victini|Victini|63/100
|move|p2a: J.J.雷迪克|Knock Off|p1a: Victini
|-supereffective|p1a: Victini
|-damage|p1a: Victini|0 fnt
|-enditem|p1a: Victini|Heavy-Duty Boots|[from] move: Knock Off|[of] p2a: J.J.雷迪克
|faint|p1a: Victini
|
|-weather|RainDance|[upkeep]
|upkeep
|
|t:|1660398460
|switch|p1a: Tapu Lele|Tapu Lele|88/100
|-damage|p1a: Tapu Lele|76/100|[from] Stealth Rock
|turn|16
|
|t:|1660398469
|switch|p2a: 卢克·理查德·巴莫特|Blastoise, M|55/100
|move|p1a: Tapu Lele|Moonblast|p2a: 卢克·理查德·巴莫特
|-damage|p2a: 卢克·理查德·巴莫特|23/100
|
|-weather|RainDance|[upkeep]
|-heal|p2a: 卢克·理查德·巴莫特|29/100|[from] ability: Rain Dish
|-fieldend|move: Psychic Terrain
|upkeep
|turn|17
|
|t:|1660398475
|move|p1a: Tapu Lele|Moonblast|p2a: 卢克·理查德·巴莫特
|-damage|p2a: 卢克·理查德·巴莫特|0 fnt
|faint|p2a: 卢克·理查德·巴莫特
|
|-weather|RainDance|[upkeep]
|upkeep
|
|t:|1660398481
|switch|p2a: 贾马尔·克劳福德|Barraskewda, M, shiny|100/100
|turn|18
|
|t:|1660398483
|switch|p1a: Dragonite|Dragonite, M|87/100
|move|p2a: 贾马尔·克劳福德|Liquidation|p1a: Dragonite
|-resisted|p1a: Dragonite
|-damage|p1a: Dragonite|49/100
|
|-weather|none
|upkeep
|turn|19
|
|t:|1660398488
|switch|p2a: J.J.雷迪克|Crawdaunt, M, shiny|100/100
|move|p1a: Dragonite|Roost|p1a: Dragonite
|-heal|p1a: Dragonite|99/100
|-singleturn|p1a: Dragonite|move: Roost
|
|upkeep
|turn|20
|
|t:|1660398491
|switch|p1a: Melmetal|Melmetal|100/100
|-damage|p1a: Melmetal|94/100|[from] Stealth Rock
|move|p2a: J.J.雷迪克|Knock Off|p1a: Melmetal
|-crit|p1a: Melmetal
|-damage|p1a: Melmetal|0 fnt
|-enditem|p1a: Melmetal|Assault Vest|[from] move: Knock Off|[of] p2a: J.J.雷迪克
|faint|p1a: Melmetal
|
|upkeep
|
|t:|1660398493
|switch|p1a: Tapu Lele|Tapu Lele|76/100
|-damage|p1a: Tapu Lele|63/100|[from] Stealth Rock
|-fieldstart|move: Psychic Terrain|[from] ability: Psychic Surge|[of] p1a: Tapu Lele
|turn|21
|
|t:|1660398497
|switch|p2a: 乔治-希尔|Pelipper, M|86/100
|-weather|RainDance|[from] ability: Drizzle|[of] p2a: 乔治-希尔
|move|p1a: Tapu Lele|Moonblast|p2a: 乔治-希尔
|-damage|p2a: 乔治-希尔|16/100
|-unboost|p2a: 乔治-希尔|spa|1
|
|-weather|RainDance|[upkeep]
|upkeep
|turn|22
|
|t:|1660398499
|move|p1a: Tapu Lele|Moonblast|p2a: 乔治-希尔
|-damage|p2a: 乔治-希尔|0 fnt
|faint|p2a: 乔治-希尔
|
|-weather|RainDance|[upkeep]
|upkeep
|
|t:|1660398502
|switch|p2a: 贾马尔·克劳福德|Barraskewda, M, shiny|100/100
|turn|23
|
|t:|1660398504
|switch|p1a: Dragonite|Dragonite, M|99/100
|move|p2a: 贾马尔·克劳福德|Flip Turn|p1a: Dragonite
|-resisted|p1a: Dragonite
|-damage|p1a: Dragonite|71/100
|
|t:|1660398507
|switch|p2a: J.J.雷迪克|Crawdaunt, M, shiny|100/100|[from]move: Flip Turn
|
|-weather|RainDance|[upkeep]
|upkeep
|turn|24
|
|t:|1660398509
|move|p2a: J.J.雷迪克|Knock Off|p1a: Dragonite
|-damage|p1a: Dragonite|0 fnt
|-enditem|p1a: Dragonite|Heavy-Duty Boots|[from] move: Knock Off|[of] p2a: J.J.雷迪克
|faint|p1a: Dragonite
|
|-weather|RainDance|[upkeep]
|upkeep
|
|t:|1660398510
|switch|p1a: Tapu Lele|Tapu Lele|63/100
|-damage|p1a: Tapu Lele|51/100|[from] Stealth Rock
|turn|25
|
|t:|1660398514
|move|p1a: Tapu Lele|Moonblast|p2a: J.J.雷迪克
|-supereffective|p2a: J.J.雷迪克
|-damage|p2a: J.J.雷迪克|0 fnt
|faint|p2a: J.J.雷迪克
|
|-weather|RainDance|[upkeep]
|-fieldend|move: Psychic Terrain
|upkeep
|
|t:|1660398516
|switch|p2a: 贾马尔·克劳福德|Barraskewda, M, shiny|100/100
|turn|26
|inactive|7gs5df4g56df has 120 seconds left.
|c|☆7gs5df4g56df|Once you were lucky enough to beat me. Now I've finally got my revenge
|c|☆7gs5df4g56df|nice
|
|t:|1660398560
|move|p2a: 贾马尔·克劳福德|Liquidation|p1a: Tapu Lele
|-damage|p1a: Tapu Lele|0 fnt
|faint|p1a: Tapu Lele
|
|win|7gs5df4g56df
|raw|2(H2O)'s rating: 1690 &rarr; <strong>1667</strong><br />(-23 for losing)
|raw|7gs5df4g56df's rating: 1642 &rarr; <strong>1665</strong><br />(+23 for winning)
|l|☆2(H2O)
