|j|☆Testingcursedteams
|j|☆i know im horrible
|t:|1617984656
|gametype|singles
|player|p1|Testingcursedteams|battlegirl-gen4|1564
|player|p2|i know im horrible|1|1593
|teamsize|p1|6
|teamsize|p2|6
|gen|8
|tier|[Gen 8] OU
|rated|
|clearpoke
|poke|p1|Tapu Lele|
|poke|p1|Jynx, F|
|poke|p1|Zarude|
|poke|p1|Excadrill, M|
|poke|p1|Slowking, F|
|poke|p1|Zapdos|
|poke|p2|Toxapex, F|
|poke|p2|Tangrowth, F|
|poke|p2|Amoonguss, F|
|poke|p2|Slowbro, M|
|poke|p2|Slowking-Galar, M|
|poke|p2|Tornadus-Therian, M|
|rule|Sleep Clause Mod: Limit one foe put to sleep
|rule|Species Clause: Limit one of each Pokémon
|rule|OHKO Clause: OHKO moves are banned
|rule|Evasion Moves Clause: Evasion moves are banned
|rule|Endless Battle Clause: Forcing endless battles is banned
|rule|HP Percentage Mod: HP is shown in percentages
|rule|Dynamax Clause: You cannot dynamax
|teampreview
|inactive|Battle timer is ON: inactive players will automatically lose when time's up. (requested by Testingcursedteams)
|
|t:|1617984667
|start
|switch|p1a: Excadrill|Excadrill, M|100/100
|switch|p2a: Toxapex|Toxapex, F|100/100
|-ability|p1a: Excadrill|Mold Breaker
|turn|1
|
|t:|1617984672
|move|p1a: Excadrill|Earthquake|p2a: Toxapex
|-supereffective|p2a: Toxapex
|-damage|p2a: Toxapex|41/100
|move|p2a: Toxapex|Toxic Spikes|p1a: Excadrill
|-sidestart|p1: Testingcursedteams|move: Toxic Spikes
|
|-heal|p2a: Toxapex|48/100|[from] item: Black Sludge
|upkeep
|turn|2
|j| amiri jeans
|
|t:|1617984677
|switch|p2a: Tangrowth|Tangrowth, F|100/100
|move|p1a: Excadrill|Rapid Spin|p2a: Tangrowth
|-damage|p2a: Tangrowth|93/100
|-boost|p1a: Excadrill|spe|1
|-sideend|p1: Testingcursedteams|Toxic Spikes|[from] move: Rapid Spin|[of] p1a: Excadrill
|
|upkeep
|turn|3
|
|t:|1617984681
|move|p1a: Excadrill|Stealth Rock|p2a: Tangrowth
|-sidestart|p2: i know im horrible|move: Stealth Rock
|move|p2a: Tangrowth|Earthquake|p1a: Excadrill
|-supereffective|p1a: Excadrill
|-damage|p1a: Excadrill|47/100
|
|-heal|p1a: Excadrill|53/100|[from] item: Leftovers
|upkeep
|turn|4
|c| amiri jeans|what kinda teams are those
|
|t:|1617984688
|switch|p1a: Zarude|Zarude|100/100
|move|p2a: Tangrowth|Earthquake|p1a: Zarude
|-resisted|p1a: Zarude
|-damage|p1a: Zarude|91/100
|
|-heal|p1a: Zarude|97/100|[from] item: Leftovers
|upkeep
|turn|5
|c|☆i know im horrible|bad ones
|
|t:|1617984699
|switch|p2a: Tornadus|Tornadus-Therian, M|100/100
|move|p1a: Zarude|Bulk Up|p1a: Zarude
|-boost|p1a: Zarude|atk|1
|-boost|p1a: Zarude|def|1
|
|-heal|p1a: Zarude|100/100|[from] item: Leftovers
|upkeep
|turn|6
|
|t:|1617984703
|switch|p1a: Zapdos|Zapdos|100/100
|move|p2a: Tornadus|Hurricane|p1a: Zapdos
|-resisted|p1a: Zapdos
|-damage|p1a: Zapdos|79/100
|
|upkeep
|turn|7
|
|t:|1617984706
|switch|p2a: Slowking|Slowking-Galar, M|100/100
|move|p1a: Zapdos|Volt Switch|p2a: Slowking
|-damage|p2a: Slowking|77/100
|
|t:|1617984711
|switch|p1a: Excadrill|Excadrill, M|53/100|[from]move: Volt Switch
|-ability|p1a: Excadrill|Mold Breaker
|
|-heal|p1a: Excadrill|59/100|[from] item: Leftovers
|upkeep
|turn|8
|c| amiri jeans|who the fuck uses jynx
|
|t:|1617984724
|switch|p2a: Tornadus|Tornadus-Therian, M|100/100
|move|p1a: Excadrill|Toxic|p2a: Tornadus
|-status|p2a: Tornadus|tox
|
|-heal|p1a: Excadrill|65/100|[from] item: Leftovers
|-damage|p2a: Tornadus|94/100 tox|[from] psn
|upkeep
|turn|9
|
|t:|1617984732
|switch|p1a: Slowking|Slowking, F|100/100
|move|p2a: Tornadus|Defog|p1a: Slowking
|-unboost|p1a: Slowking|evasion|1
|-sideend|p2: i know im horrible|Stealth Rock|[from] move: Defog|[of] p2a: Tornadus
|
|-damage|p2a: Tornadus|82/100 tox|[from] psn
|upkeep
|turn|10
|
|t:|1617984736
|move|p2a: Tornadus|Knock Off|p1a: Slowking
|-supereffective|p1a: Slowking
|-damage|p1a: Slowking|74/100
|-damage|p2a: Tornadus|66/100 tox|[from] item: Rocky Helmet|[of] p1a: Slowking
|-enditem|p1a: Slowking|Rocky Helmet|[from] move: Knock Off|[of] p2a: Tornadus
|move|p1a: Slowking|Future Sight|p2a: Tornadus
|-start|p1a: Slowking|move: Future Sight
|
|-damage|p2a: Tornadus|47/100 tox|[from] psn
|upkeep
|turn|11
|l| amiri jeans
|
|t:|1617984751
|switch|p2a: Slowking|Slowking-Galar, M|100/100
|move|p1a: Slowking|Teleport|p1a: Slowking
|
|t:|1617984754
|switch|p1a: Excadrill|Excadrill, M|65/100|[from]move: Teleport
|-ability|p1a: Excadrill|Mold Breaker
|
|-heal|p1a: Excadrill|71/100|[from] item: Leftovers
|upkeep
|turn|12
|
|t:|1617984758
|switch|p2a: Slowbro|Slowbro, M|100/100
|move|p1a: Excadrill|Earthquake|p2a: Slowbro
|-damage|p2a: Slowbro|74/100
|
|-end|p2a: Slowbro|move: Future Sight
|-resisted|p2a: Slowbro
|-damage|p2a: Slowbro|54/100
|-heal|p1a: Excadrill|77/100|[from] item: Leftovers
|upkeep
|turn|13
|
|t:|1617984762
|move|p1a: Excadrill|Stealth Rock|p2a: Slowbro
|-sidestart|p2: i know im horrible|move: Stealth Rock
|move|p2a: Slowbro|Scald|p1a: Excadrill
|-supereffective|p1a: Excadrill
|-damage|p1a: Excadrill|33/100
|
|-heal|p1a: Excadrill|39/100|[from] item: Leftovers
|upkeep
|turn|14
|
|t:|1617984768
|switch|p1a: Zapdos|Zapdos|79/100
|move|p2a: Slowbro|Toxic|p1a: Zapdos
|-status|p1a: Zapdos|tox
|
|-damage|p1a: Zapdos|73/100 tox|[from] psn
|upkeep
|turn|15
|j| SongHai
|
|t:|1617984773
|switch|p2a: Slowking|Slowking-Galar, M|100/100
|move|p1a: Zapdos|Volt Switch|p2a: Slowking
|-damage|p2a: Slowking|77/100
|
|t:|1617984780
|switch|p1a: Zarude|Zarude|100/100|[from]move: Volt Switch
|
|upkeep
|turn|16
|
|t:|1617984788
|switch|p2a: Tornadus|Tornadus-Therian, M|81/100 tox
|move|p1a: Zarude|Darkest Lariat|p2a: Tornadus
|-damage|p2a: Tornadus|32/100 tox
|
|-damage|p2a: Tornadus|26/100 tox|[from] psn
|upkeep
|turn|17
|
|t:|1617984798
|switch|p1a: Zapdos|Zapdos|73/100 tox
|move|p2a: Tornadus|Defog|p1a: Zapdos
|-unboost|p1a: Zapdos|evasion|1
|-sideend|p2: i know im horrible|Stealth Rock|[from] move: Defog|[of] p2a: Tornadus
|
|-damage|p2a: Tornadus|13/100 tox|[from] psn
|-damage|p1a: Zapdos|67/100 tox|[from] psn
|upkeep
|turn|18
|
|t:|1617984806
|switch|p2a: Amoonguss|Amoonguss, F|100/100
|move|p1a: Zapdos|Volt Switch|p2a: Amoonguss
|-resisted|p2a: Amoonguss
|-damage|p2a: Amoonguss|88/100
|
|t:|1617984816
|switch|p1a: Tapu Lele|Tapu Lele|100/100|[from]move: Volt Switch
|-fieldstart|move: Psychic Terrain|[from] ability: Psychic Surge|[of] p1a: Tapu Lele
|
|-heal|p2a: Amoonguss|95/100|[from] item: Black Sludge
|upkeep
|turn|19
|
|t:|1617984823
|switch|p1a: Jynx|Jynx, F|100/100
|switch|p2a: Slowbro|Slowbro, M|87/100
|
|upkeep
|turn|20
|
|t:|1617984829
|move|p1a: Jynx|Lovely Kiss|p2a: Slowbro|[miss]
|-miss|p1a: Jynx|p2a: Slowbro
|-enditem|p1a: Jynx|Blunder Policy
|-boost|p1a: Jynx|spe|2
|move|p2a: Slowbro|Toxic|p1a: Jynx|[miss]
|-miss|p2a: Slowbro|p1a: Jynx
|
|upkeep
|turn|21
|l| SongHai
|
|t:|1617984843
|move|p1a: Jynx|Lovely Kiss|p2a: Slowbro
|-status|p2a: Slowbro|slp|[from] move: Lovely Kiss
|cant|p2a: Slowbro|slp
|
|upkeep
|turn|22
|
|t:|1617984848
|switch|p2a: Slowking|Slowking-Galar, M|100/100
|move|p1a: Jynx|Nasty Plot|p1a: Jynx
|-boost|p1a: Jynx|spa|2
|
|upkeep
|turn|23
|
|t:|1617984852
|move|p1a: Jynx|Psyshock|p2a: Slowking
|-damage|p2a: Slowking|0 fnt
|faint|p2a: Slowking
|
|upkeep
|
|t:|1617984858
|switch|p2a: Toxapex|Toxapex, F|81/100
|turn|24
|
|t:|1617984862
|move|p2a: Toxapex|Baneful Bunker|p2a: Toxapex
|-singleturn|p2a: Toxapex|move: Protect
|move|p1a: Jynx|Psyshock|p2a: Toxapex
|-activate|p2a: Toxapex|move: Protect
|
|-heal|p2a: Toxapex|87/100|[from] item: Black Sludge
|upkeep
|turn|25
|
|t:|1617984867
|switch|p2a: Slowbro|Slowbro, M|100/100 slp
|move|p1a: Jynx|Psyshock|p2a: Slowbro
|-resisted|p2a: Slowbro
|-damage|p2a: Slowbro|68/100 slp
|
|-fieldend|move: Psychic Terrain
|upkeep
|turn|26
|
|t:|1617984870
|switch|p2a: Tangrowth|Tangrowth, F|100/100
|move|p1a: Jynx|Nasty Plot|p1a: Jynx
|-boost|p1a: Jynx|spa|2
|
|upkeep
|turn|27
|
|t:|1617984875
|move|p1a: Jynx|Ice Beam|p2a: Tangrowth
|-supereffective|p2a: Tangrowth
|-damage|p2a: Tangrowth|0 fnt
|faint|p2a: Tangrowth
|
|upkeep
|-message|i know im horrible forfeited.
|
|win|Testingcursedteams
|l|☆i know im horrible
|raw|Testingcursedteams's rating: 1563 &rarr; <strong>1585</strong><br />(+22 for winning)
|raw|i know im horrible's rating: 1593 &rarr; <strong>1571</strong><br />(-22 for losing)
||Ladder isn't responding, score probably updated but might not have (Request timeout).
