|j|☆misplayin
|j|☆akarihikari
|t:|1662625564
|gametype|singles
|player|p1|misplayin|bugsy|1667
|player|p2|akarihikari|erika|1695
|teamsize|p1|6
|teamsize|p2|6
|gen|8
|tier|[Gen 8] OU
|rated|
|rule|Sleep Clause Mod: Limit one foe put to sleep
|rule|Species Clause: Limit one of each Pokémon
|rule|OHKO Clause: OHKO moves are banned
|rule|Evasion Items Clause: Evasion items are banned
|rule|Evasion Moves Clause: Evasion moves are banned
|rule|Endless Battle Clause: Forcing endless battles is banned
|rule|HP Percentage Mod: HP is shown in percentages
|rule|Dynamax Clause: You cannot dynamax
|clearpoke
|poke|p1|Melmetal|
|poke|p1|Garchomp, F|
|poke|p1|Clefable, F|
|poke|p1|Tornadus-Therian, M|
|poke|p1|Tapu Lele|
|poke|p1|Tangrowth, F|
|poke|p2|Dragapult, M|
|poke|p2|Nidoking, M|
|poke|p2|Slowking, M|
|poke|p2|Ferrothorn, M|
|poke|p2|Landorus-Therian, M|
|poke|p2|Kartana|
|teampreview
|inactive|Battle timer is ON: inactive players will automatically lose when time's up. (requested by misplayin)
|inactive|misplayin has 120 seconds left.
|
|t:|1662625607
|start
|switch|p1a: Melmetal|Melmetal|100/100
|switch|p2a: Nidoking|Nidoking, M, shiny|100/100
|turn|1
|j| Kyurem
|j| fesgdhjf
|
|t:|1662625617
|switch|p1a: Tangrowth|Tangrowth, F|100/100
|move|p2a: Nidoking|Earth Power|p1a: Tangrowth
|-resisted|p1a: Tangrowth
|-damage|p1a: Tangrowth|75/100
|
|upkeep
|turn|2
|
|t:|1662625620
|move|p2a: Nidoking|Sludge Wave|p1a: Tangrowth
|-supereffective|p1a: Tangrowth
|-damage|p1a: Tangrowth|0 fnt
|faint|p1a: Tangrowth
|
|upkeep
|
|t:|1662625623
|switch|p1a: Tapu Lele|Tapu Lele|100/100
|-fieldstart|move: Psychic Terrain|[from] ability: Psychic Surge|[of] p1a: Tapu Lele
|turn|3
|
|t:|1662625627
|switch|p2a: Slowking|Slowking, M|100/100
|move|p1a: Tapu Lele|Moonblast|p2a: Slowking
|-damage|p2a: Slowking|52/100
|
|-heal|p2a: Slowking|58/100|[from] item: Leftovers
|upkeep
|turn|4
|
|t:|1662625633
|move|p1a: Tapu Lele|Moonblast|p2a: Slowking
|-damage|p2a: Slowking|14/100
|move|p2a: Slowking|Teleport|p2a: Slowking
|
|t:|1662625639
|switch|p2a: Ferrothorn|Ferrothorn, M, shiny|100/100|[from]move: Teleport
|
|upkeep
|turn|5
|
|t:|1662625644
|switch|p1a: Tornadus|Tornadus-Therian, M|100/100
|move|p2a: Ferrothorn|Spikes|p1a: Tornadus
|-sidestart|p1: misplayin|Spikes
|
|upkeep
|turn|6
|
|t:|1662625648
|switch|p2a: Slowking|Slowking, M|47/100
|move|p1a: Tornadus|Hurricane|p2a: Slowking|[miss]
|-miss|p1a: Tornadus|p2a: Slowking
|
|-heal|p2a: Slowking|53/100|[from] item: Leftovers
|upkeep
|turn|7
|
|t:|1662625653
|move|p1a: Tornadus|Hurricane|p2a: Slowking
|-damage|p2a: Slowking|25/100
|move|p2a: Slowking|Future Sight|p1a: Tornadus
|-start|p2a: Slowking|move: Future Sight
|
|-heal|p2a: Slowking|31/100|[from] item: Leftovers
|-fieldend|move: Psychic Terrain
|upkeep
|turn|8
|
|t:|1662625657
|move|p1a: Tornadus|Taunt|p2a: Slowking
|-start|p2a: Slowking|move: Taunt
|cant|p2a: Slowking|move: Taunt|Teleport
|
|-heal|p2a: Slowking|37/100|[from] item: Leftovers
|upkeep
|turn|9
|
|t:|1662625661
|switch|p2a: Nidoking|Nidoking, M, shiny|100/100
|move|p1a: Tornadus|Defog|p2a: Nidoking
|-unboost|p2a: Nidoking|evasion|1
|-sideend|p1: misplayin|Spikes|[from] move: Defog|[of] p1a: Tornadus
|
|-end|p1a: Tornadus|move: Future Sight
|-crit|p1a: Tornadus
|-damage|p1a: Tornadus|39/100
|upkeep
|turn|10
|
|t:|1662625673
|move|p1a: Tornadus|U-turn|p2a: Nidoking
|-resisted|p2a: Nidoking
|-damage|p2a: Nidoking|91/100
|
|t:|1662625681
|switch|p1a: Melmetal|Melmetal|100/100|[from]move: U-turn
|move|p2a: Nidoking|Ice Beam|p1a: Melmetal
|-resisted|p1a: Melmetal
|-damage|p1a: Melmetal|78/100
|
|upkeep
|turn|11
|
|t:|1662625696
|switch|p1a: Garchomp|Garchomp, F|100/100
|move|p2a: Nidoking|Earth Power|p1a: Garchomp
|-damage|p1a: Garchomp|50/100
|
|-heal|p1a: Garchomp|56/100|[from] item: Leftovers
|upkeep
|turn|12
|
|t:|1662625706
|switch|p2a: Landorus|Landorus-Therian, M|100/100
|-ability|p2a: Landorus|Intimidate|boost
|-unboost|p1a: Garchomp|atk|1
|move|p1a: Garchomp|Toxic|p2a: Landorus
|-status|p2a: Landorus|tox
|
|-heal|p1a: Garchomp|63/100|[from] item: Leftovers
|-damage|p2a: Landorus|94/100 tox|[from] psn
|upkeep
|turn|13
|
|t:|1662625713
|move|p1a: Garchomp|Protect|p1a: Garchomp
|-singleturn|p1a: Garchomp|Protect
|move|p2a: Landorus|Knock Off|p1a: Garchomp
|-activate|p1a: Garchomp|move: Protect
|
|-heal|p1a: Garchomp|69/100|[from] item: Leftovers
|-damage|p2a: Landorus|82/100 tox|[from] psn
|upkeep
|turn|14
|
|t:|1662625732
|switch|p1a: Tornadus|Tornadus-Therian, M|72/100
|move|p2a: Landorus|Stealth Rock|p1a: Tornadus
|-sidestart|p1: misplayin|move: Stealth Rock
|
|-damage|p2a: Landorus|63/100 tox|[from] psn
|upkeep
|turn|15
|
|t:|1662625737
|move|p1a: Tornadus|Defog|p2a: Landorus
|-unboost|p2a: Landorus|evasion|1
|-sideend|p1: misplayin|Stealth Rock|[from] move: Defog|[of] p1a: Tornadus
|move|p2a: Landorus|U-turn|p1a: Tornadus
|-resisted|p1a: Tornadus
|-damage|p1a: Tornadus|60/100
|
|t:|1662625740
|switch|p2a: Nidoking|Nidoking, M, shiny|91/100|[from]move: U-turn
|
|upkeep
|turn|16
|
|t:|1662625748
|move|p1a: Tornadus|U-turn|p2a: Nidoking
|-resisted|p2a: Nidoking
|-damage|p2a: Nidoking|80/100
|
|t:|1662625753
|switch|p1a: Melmetal|Melmetal|78/100|[from]move: U-turn
|move|p2a: Nidoking|Earth Power|p1a: Melmetal
|-supereffective|p1a: Melmetal
|-damage|p1a: Melmetal|0 fnt
|faint|p1a: Melmetal
|
|upkeep
|
|t:|1662625761
|switch|p1a: Tapu Lele|Tapu Lele|100/100
|-fieldstart|move: Psychic Terrain|[from] ability: Psychic Surge|[of] p1a: Tapu Lele
|turn|17
|
|t:|1662625768
|switch|p2a: Ferrothorn|Ferrothorn, M, shiny|100/100
|move|p1a: Tapu Lele|Focus Blast|p2a: Ferrothorn|[miss]
|-miss|p1a: Tapu Lele|p2a: Ferrothorn
|
|upkeep
|turn|18
|
|t:|1662625776
|switch|p1a: Clefable|Clefable, F|100/100
|switch|p2a: Slowking|Slowking, M|71/100
|
|-heal|p2a: Slowking|77/100|[from] item: Leftovers
|upkeep
|turn|19
|
|t:|1662625779
|move|p1a: Clefable|Trick|p2a: Slowking
|-activate|p1a: Clefable|move: Trick|[of] p2a: Slowking
|-item|p2a: Slowking|Sticky Barb|[from] move: Trick
|-item|p1a: Clefable|Leftovers|[from] move: Trick
|move|p2a: Slowking|Future Sight|p1a: Clefable
|-start|p2a: Slowking|move: Future Sight
|
|-damage|p2a: Slowking|64/100|[from] item: Sticky Barb
|upkeep
|turn|20
|
|t:|1662625795
|switch|p1a: Garchomp|Garchomp, F|69/100
|move|p2a: Slowking|Teleport|p2a: Slowking
|
|t:|1662625798
|switch|p2a: Dragapult|Dragapult, M, shiny|100/100|[from]move: Teleport
|
|-heal|p1a: Garchomp|75/100|[from] item: Leftovers
|upkeep
|turn|21
|
|t:|1662625806
|move|p1a: Garchomp|Protect|p1a: Garchomp
|-singleturn|p1a: Garchomp|Protect
|move|p2a: Dragapult|Dragon Darts|p1a: Garchomp
|-activate|p1a: Garchomp|move: Protect
|
|-end|p1a: Garchomp|move: Future Sight
|-damage|p1a: Garchomp|36/100
|-heal|p1a: Garchomp|42/100|[from] item: Leftovers
|-fieldend|move: Psychic Terrain
|upkeep
|turn|22
|
|t:|1662625813
|switch|p2a: Kartana|Kartana|100/100
|switch|p1a: Clefable|Clefable, F|100/100
|
|upkeep
|turn|23
|
|t:|1662625818
|switch|p1a: Tornadus|Tornadus-Therian, M|93/100
|move|p2a: Kartana|Smart Strike|p1a: Tornadus
|-damage|p1a: Tornadus|39/100
|
|upkeep
|turn|24
|
|t:|1662625822
|move|p2a: Kartana|Smart Strike|p1a: Tornadus
|-damage|p1a: Tornadus|0 fnt
|faint|p1a: Tornadus
|-ability|p2a: Kartana|Beast Boost|boost
|-boost|p2a: Kartana|atk|1
|
|upkeep
|-message|misplayin forfeited.
|
|win|akarihikari
|raw|misplayin's rating: 1667 &rarr; <strong>1649</strong><br />(-18 for losing)
|raw|akarihikari's rating: 1695 &rarr; <strong>1713</strong><br />(+18 for winning)
|l|☆misplayin
|l| fesgdhjf
