|j|☆GuardArc
|j|☆CatsCanFly!!
|t:|1611107891
|player|p1|GuardArc|alder|
|player|p2|CatsCanFly!!|dawn|
|teamsize|p1|6
|teamsize|p2|6
|gametype|singles
|gen|8
|tier|[Gen 8] OU
|clearpoke
|poke|p1|Tornadus-Therian, M|
|poke|p1|Kartana|
|poke|p1|Tyranitar, M|
|poke|p1|Aegislash, M|
|poke|p1|Tangrowth, F|
|poke|p1|Tapu Fini|
|poke|p2|Reuniclus, F|
|poke|p2|Hydreigon, M|
|poke|p2|Urshifu-*, F|
|poke|p2|Victini|
|poke|p2|Skarmory, F|
|poke|p2|Zeraora|
|rule|Sleep Clause Mod: Limit one foe put to sleep
|rule|Species Clause: Limit one of each Pokémon
|rule|OHKO Clause: OHKO moves are banned
|rule|Evasion Moves Clause: Evasion moves are banned
|rule|Endless Battle Clause: Forcing endless battles is banned
|rule|HP Percentage Mod: HP is shown in percentages
|rule|Dynamax Clause: You cannot dynamax
|teampreview
|c|☆CatsCanFly!!|glhf
|c|☆GuardArc|you too man
|c|☆GuardArc|game 1 let's do it
|c|☆CatsCanFly!!|yup
|l|☆GuardArc
|player|p1|
|j|☆GuardArc
|player|p1|GuardArc|alder
|
|t:|1611107978
|start
|switch|p1a: Kartana|Kartana|100/100
|switch|p2a: Zeraora|Zeraora|100/100
|turn|1
|
|t:|1611108001
|switch|p1a: Tangrowth|Tangrowth, F|100/100
|move|p2a: Zeraora|Knock Off|p1a: Tangrowth
|-damage|p1a: Tangrowth|83/100
|-damage|p2a: Zeraora|84/100|[from] item: Rocky Helmet|[of] p1a: Tangrowth
|-enditem|p1a: Tangrowth|Rocky Helmet|[from] move: Knock Off|[of] p2a: Zeraora
|
|upkeep
|turn|2
|
|t:|1611108023
|switch|p2a: Hydreigon|Hydreigon, M|100/100
|move|p1a: Tangrowth|Leech Seed|p2a: Hydreigon
|-start|p2a: Hydreigon|move: Leech Seed
|
|-damage|p2a: Hydreigon|88/100|[from] Leech Seed|[of] p1a: Tangrowth
|-heal|p1a: Tangrowth|95/100|[silent]
|upkeep
|turn|3
|
|t:|1611108041
|switch|p1a: Tapu Fini|Tapu Fini|100/100
|-fieldstart|move: Misty Terrain|[from] ability: Misty Surge|[of] p1a: Tapu Fini
|move|p2a: Hydreigon|U-turn|p1a: Tapu Fini
|-resisted|p1a: Tapu Fini
|-damage|p1a: Tapu Fini|92/100
|
|t:|1611108056
|switch|p2a: Zeraora|Zeraora|84/100|[from]move: U-turn
|
|upkeep
|turn|4
|
|t:|1611108109
|switch|p1a: Tangrowth|Tangrowth, F|100/100
|switch|p2a: Reuniclus|Reuniclus, F|100/100
|
|upkeep
|turn|5
|l|☆GuardArc
|player|p1|
|j|☆GuardArc
|player|p1|GuardArc|alder
|
|t:|1611108142
|switch|p1a: Aegislash|Aegislash, M, shiny|100/100
|move|p2a: Reuniclus|Future Sight|p1a: Aegislash
|-start|p2a: Reuniclus|move: Future Sight
|
|upkeep
|turn|6
|
|t:|1611108160
|-formechange|p1a: Aegislash|Aegislash-Blade||[from] ability: Stance Change
|move|p1a: Aegislash|Iron Head|p2a: Reuniclus
|-damage|p2a: Reuniclus|60/100
|move|p2a: Reuniclus|Shadow Ball|p1a: Aegislash
|-supereffective|p1a: Aegislash
|-damage|p1a: Aegislash|11/100
|-unboost|p1a: Aegislash|spd|1
|
|-heal|p1a: Aegislash|17/100|[from] item: Leftovers
|upkeep
|turn|7
|
|t:|1611108170
|switch|p1a: Tyranitar|Tyranitar, M|100/100
|-weather|Sandstorm|[from] ability: Sand Stream|[of] p1a: Tyranitar
|switch|p2a: Skarmory|Skarmory, F|100/100
|
|-weather|Sandstorm|[upkeep]
|-end|p1a: Tyranitar|move: Future Sight
|-immune|p1a: Tyranitar
|-fieldend|Misty Terrain
|upkeep
|turn|8
|
|t:|1611108182
|switch|p1a: Tornadus|Tornadus-Therian, M|100/100
|move|p2a: Skarmory|Spikes|p1a: Tornadus
|-sidestart|p1: GuardArc|Spikes
|
|-weather|Sandstorm|[upkeep]
|-damage|p1a: Tornadus|94/100|[from] Sandstorm
|upkeep
|turn|9
|
|t:|1611108190
|switch|p2a: Hydreigon|Hydreigon, M|88/100
|move|p1a: Tornadus|Heat Wave|p2a: Hydreigon
|-resisted|p2a: Hydreigon
|-damage|p2a: Hydreigon|78/100
|
|-weather|Sandstorm|[upkeep]
|-damage|p1a: Tornadus|88/100|[from] Sandstorm
|-damage|p2a: Hydreigon|72/100|[from] Sandstorm
|-heal|p2a: Hydreigon|78/100|[from] item: Leftovers
|upkeep
|turn|10
|
|t:|1611108197
|switch|p1a: Tapu Fini|Tapu Fini|92/100
|-damage|p1a: Tapu Fini|80/100|[from] Spikes
|-fieldstart|move: Misty Terrain|[from] ability: Misty Surge|[of] p1a: Tapu Fini
|move|p2a: Hydreigon|U-turn|p1a: Tapu Fini
|-resisted|p1a: Tapu Fini
|-damage|p1a: Tapu Fini|71/100
|
|t:|1611108216
|switch|p2a: Zeraora|Zeraora|84/100|[from]move: U-turn
|
|-weather|Sandstorm|[upkeep]
|-damage|p1a: Tapu Fini|65/100|[from] Sandstorm
|-damage|p2a: Zeraora|78/100|[from] Sandstorm
|upkeep
|turn|11
|
|t:|1611108251
|switch|p1a: Tangrowth|Tangrowth, F|100/100
|-damage|p1a: Tangrowth|88/100|[from] Spikes
|switch|p2a: Reuniclus|Reuniclus, F|94/100
|
|-weather|none
|upkeep
|turn|12
|
|t:|1611108260
|switch|p1a: Tyranitar|Tyranitar, M|100/100
|-damage|p1a: Tyranitar|88/100|[from] Spikes
|-weather|Sandstorm|[from] ability: Sand Stream|[of] p1a: Tyranitar
|move|p2a: Reuniclus|Knock Off|p1a: Tyranitar
|-resisted|p1a: Tyranitar
|-damage|p1a: Tyranitar|82/100
|-enditem|p1a: Tyranitar|Leftovers|[from] move: Knock Off|[of] p2a: Reuniclus
|
|-weather|Sandstorm|[upkeep]
|-damage|p2a: Reuniclus|87/100|[from] Sandstorm
|upkeep
|turn|13
|
|t:|1611108275
|switch|p2a: Urshifu|Urshifu-Rapid-Strike, F|100/100
|move|p1a: Tyranitar|Stealth Rock|p2a: Urshifu
|-sidestart|p2: CatsCanFly!!|move: Stealth Rock
|
|-weather|Sandstorm|[upkeep]
|-damage|p2a: Urshifu|94/100|[from] Sandstorm
|upkeep
|turn|14
|
|t:|1611108289
|switch|p1a: Tapu Fini|Tapu Fini|65/100
|-damage|p1a: Tapu Fini|52/100|[from] Spikes
|move|p2a: Urshifu|U-turn|p1a: Tapu Fini
|-resisted|p1a: Tapu Fini
|-damage|p1a: Tapu Fini|33/100
|
|t:|1611108299
|switch|p2a: Victini|Victini|100/100|[from]move: U-turn
|
|-weather|Sandstorm|[upkeep]
|-damage|p1a: Tapu Fini|27/100|[from] Sandstorm
|-damage|p2a: Victini|94/100|[from] Sandstorm
|-fieldend|Misty Terrain
|upkeep
|turn|15
|
|t:|1611108320
|switch|p1a: Tyranitar|Tyranitar, M|82/100
|-damage|p1a: Tyranitar|69/100|[from] Spikes
|switch|p2a: Hydreigon|Hydreigon, M|78/100
|-damage|p2a: Hydreigon|65/100|[from] Stealth Rock
|
|-weather|Sandstorm|[upkeep]
|-damage|p2a: Hydreigon|59/100|[from] Sandstorm
|-heal|p2a: Hydreigon|65/100|[from] item: Leftovers
|upkeep
|turn|16
|
|t:|1611108326
|move|p2a: Hydreigon|U-turn|p1a: Tyranitar
|-supereffective|p1a: Tyranitar
|-crit|p1a: Tyranitar
|-damage|p1a: Tyranitar|32/100
|
|t:|1611108330
|switch|p2a: Skarmory|Skarmory, F|100/100|[from]move: U-turn
|-damage|p2a: Skarmory|88/100|[from] Stealth Rock
|move|p1a: Tyranitar|Toxic|p2a: Skarmory
|-immune|p2a: Skarmory
|
|-weather|none
|upkeep
|turn|17
|
|t:|1611108338
|switch|p1a: Tornadus|Tornadus-Therian, M|100/100
|move|p2a: Skarmory|Spikes|p1a: Tornadus
|-sidestart|p1: GuardArc|Spikes
|
|upkeep
|turn|18
|
|t:|1611108351
|move|p1a: Tornadus|Nasty Plot|p1a: Tornadus
|-boost|p1a: Tornadus|spa|2
|move|p2a: Skarmory|Toxic|p1a: Tornadus|[miss]
|-miss|p2a: Skarmory|p1a: Tornadus
|
|upkeep
|turn|19
|
|t:|1611108371
|switch|p2a: Reuniclus|Reuniclus, F|100/100
|-damage|p2a: Reuniclus|88/100|[from] Stealth Rock
|move|p1a: Tornadus|Heat Wave|p2a: Reuniclus
|-damage|p2a: Reuniclus|55/100
|
|upkeep
|turn|20
|
|t:|1611108405
|move|p1a: Tornadus|Hurricane|p2a: Reuniclus
|-damage|p2a: Reuniclus|0 fnt
|faint|p2a: Reuniclus
|
|upkeep
|
|t:|1611108408
|switch|p2a: Zeraora|Zeraora|78/100
|-damage|p2a: Zeraora|66/100|[from] Stealth Rock
|turn|21
|
|t:|1611108411
|switch|p1a: Tangrowth|Tangrowth, F|100/100
|-damage|p1a: Tangrowth|84/100|[from] Spikes
|move|p2a: Zeraora|Plasma Fists|p1a: Tangrowth
|-resisted|p1a: Tangrowth
|-damage|p1a: Tangrowth|72/100
|-fieldactivate|move: Ion Deluge
|
|upkeep
|turn|22
|
|t:|1611108444
|switch|p2a: Skarmory|Skarmory, F|88/100
|-damage|p2a: Skarmory|76/100|[from] Stealth Rock
|move|p1a: Tangrowth|Sludge Bomb|p2a: Skarmory
|-immune|p2a: Skarmory
|
|upkeep
|turn|23
|
|t:|1611108460
|switch|p1a: Tapu Fini|Tapu Fini|27/100
|-damage|p1a: Tapu Fini|10/100|[from] Spikes
|-fieldstart|move: Misty Terrain|[from] ability: Misty Surge|[of] p1a: Tapu Fini
|move|p2a: Skarmory|Spikes|p1a: Tapu Fini
|-sidestart|p1: GuardArc|Spikes
|
|upkeep
|turn|24
|
|t:|1611108483
|switch|p2a: Victini|Victini|94/100
|move|p1a: Tapu Fini|Defog|p2a: Victini
|-unboost|p2a: Victini|evasion|1
|-sideend|p2: CatsCanFly!!|Stealth Rock|[from] move: Defog|[of] p1a: Tapu Fini
|-sideend|p1: GuardArc|Spikes|[from] move: Defog|[of] p1a: Tapu Fini
|-fieldend|Misty Terrain
|
|upkeep
|turn|25
|l|☆GuardArc
|player|p1|
|j|☆GuardArc
|player|p1|GuardArc|lance-gen3
|
|t:|1611108522
|switch|p1a: Tyranitar|Tyranitar, M|32/100
|-weather|Sandstorm|[from] ability: Sand Stream|[of] p1a: Tyranitar
|move|p2a: Victini|Future Sight|p1a: Tyranitar
|-start|p2a: Victini|move: Future Sight
|
|-weather|Sandstorm|[upkeep]
|-damage|p2a: Victini|88/100|[from] Sandstorm
|upkeep
|turn|26
|
|t:|1611108532
|move|p2a: Victini|U-turn|p1a: Tyranitar
|-supereffective|p1a: Tyranitar
|-damage|p1a: Tyranitar|0 fnt
|faint|p1a: Tyranitar
|
|t:|1611108536
|switch|p2a: Zeraora|Zeraora|66/100|[from]move: U-turn
|
|-weather|Sandstorm|[upkeep]
|-damage|p2a: Zeraora|60/100|[from] Sandstorm
|upkeep
|
|t:|1611108580
|switch|p1a: Tangrowth|Tangrowth, F|100/100
|turn|27
|
|t:|1611108618
|switch|p2a: Hydreigon|Hydreigon, M|65/100
|move|p1a: Tangrowth|Giga Drain|p2a: Hydreigon
|-resisted|p2a: Hydreigon
|-damage|p2a: Hydreigon|55/100
|
|-weather|Sandstorm|[upkeep]
|-damage|p2a: Hydreigon|48/100|[from] Sandstorm
|-damage|p1a: Tangrowth|94/100|[from] Sandstorm
|-end|p1a: Tangrowth|move: Future Sight
|-damage|p1a: Tangrowth|39/100
|-heal|p2a: Hydreigon|55/100|[from] item: Leftovers
|upkeep
|turn|28
|l|☆GuardArc
|player|p1|
|j|☆GuardArc
|player|p1|GuardArc|lance-gen3
|
|t:|1611108656
|switch|p1a: Tapu Fini|Tapu Fini|10/100
|-fieldstart|move: Misty Terrain|[from] ability: Misty Surge|[of] p1a: Tapu Fini
|move|p2a: Hydreigon|Dark Pulse|p1a: Tapu Fini
|-resisted|p1a: Tapu Fini
|-damage|p1a: Tapu Fini|0 fnt
|faint|p1a: Tapu Fini
|
|-weather|Sandstorm|[upkeep]
|-damage|p2a: Hydreigon|48/100|[from] Sandstorm
|-heal|p2a: Hydreigon|55/100|[from] item: Leftovers
|upkeep
|
|t:|1611108662
|switch|p1a: Kartana|Kartana|100/100
|turn|29
|
|t:|1611108669
|switch|p2a: Skarmory|Skarmory, F|76/100
|move|p1a: Kartana|Sacred Sword|p2a: Skarmory
|-damage|p2a: Skarmory|52/100
|
|-weather|none
|upkeep
|turn|30
|
|t:|1611108674
|move|p1a: Kartana|Swords Dance|p1a: Kartana
|-boost|p1a: Kartana|atk|2
|move|p2a: Skarmory|Roost|p2a: Skarmory
|-heal|p2a: Skarmory|100/100
|-singleturn|p2a: Skarmory|move: Roost
|
|upkeep
|turn|31
|
|t:|1611108680
|move|p1a: Kartana|Knock Off|p2a: Skarmory
|-damage|p2a: Skarmory|45/100
|-enditem|p2a: Skarmory|Rocky Helmet|[from] move: Knock Off|[of] p1a: Kartana
|move|p2a: Skarmory|Brave Bird|p1a: Kartana
|-damage|p1a: Kartana|67/100
|-damage|p2a: Skarmory|36/100|[from] Recoil
|
|upkeep
|turn|32
|
|t:|1611108687
|move|p1a: Kartana|Sacred Sword|p2a: Skarmory
|-crit|p2a: Skarmory
|-damage|p2a: Skarmory|0 fnt
|faint|p2a: Skarmory
|-ability|p1a: Kartana|Beast Boost|boost
|-boost|p1a: Kartana|atk|1
|
|-fieldend|Misty Terrain
|upkeep
|
|t:|1611108690
|switch|p2a: Zeraora|Zeraora|60/100
|turn|33
|
|t:|1611108725
|switch|p1a: Tangrowth|Tangrowth, F|72/100
|move|p2a: Zeraora|Close Combat|p1a: Tangrowth
|-damage|p1a: Tangrowth|50/100
|-unboost|p2a: Zeraora|def|1
|-unboost|p2a: Zeraora|spd|1
|
|upkeep
|turn|34
|
|t:|1611108733
|switch|p2a: Victini|Victini|88/100
|move|p1a: Tangrowth|Focus Blast|p2a: Victini
|-resisted|p2a: Victini
|-damage|p2a: Victini|72/100
|
|upkeep
|turn|35
|
|t:|1611108755
|move|p2a: Victini|Future Sight|p1a: Tangrowth
|-start|p2a: Victini|move: Future Sight
|move|p1a: Tangrowth|Giga Drain|p2a: Victini
|-resisted|p2a: Victini
|-damage|p2a: Victini|57/100
|-heal|p1a: Tangrowth|56/100|[from] drain|[of] p2a: Victini
|
|upkeep
|turn|36
|
|t:|1611108765
|move|p2a: Victini|V-create|p1a: Tangrowth
|-supereffective|p1a: Tangrowth
|-damage|p1a: Tangrowth|0 fnt
|-unboost|p2a: Victini|spe|1
|-unboost|p2a: Victini|def|1
|-unboost|p2a: Victini|spd|1
|faint|p1a: Tangrowth
|
|upkeep
|l|☆GuardArc
|player|p1|
|j|☆GuardArc
|player|p1|GuardArc|lance-gen3
|c|☆GuardArc|yeah this is gg lol
|c|☆CatsCanFly!!|gg
|
|t:|1611108837
|switch|p1a: Aegislash|Aegislash, M, shiny|17/100
|turn|37
|c|☆CatsCanFly!!|zera should sweep
|c|☆CatsCanFly!!|unless i choke
|
|t:|1611108844
|switch|p2a: Urshifu|Urshifu-Rapid-Strike, F|94/100
|-formechange|p1a: Aegislash|Aegislash-Blade||[from] ability: Stance Change
|move|p1a: Aegislash|Shadow Sneak|p2a: Urshifu
|-damage|p2a: Urshifu|70/100
|
|-end|p1a: Aegislash|move: Future Sight
|-resisted|p1a: Aegislash
|-damage|p1a: Aegislash|0 fnt
|faint|p1a: Aegislash
|upkeep
|
|t:|1611108855
|switch|p1a: Kartana|Kartana|67/100
|turn|38
|
|t:|1611108863
|switch|p1a: Tornadus|Tornadus-Therian, M|100/100
|move|p2a: Urshifu|Close Combat|p1a: Tornadus
|-resisted|p1a: Tornadus
|-damage|p1a: Tornadus|37/100
|-unboost|p2a: Urshifu|def|1
|-unboost|p2a: Urshifu|spd|1
|
|upkeep
|turn|39
|
|t:|1611108868
|move|p1a: Tornadus|Hurricane|p2a: Urshifu
|-supereffective|p2a: Urshifu
|-damage|p2a: Urshifu|0 fnt
|faint|p2a: Urshifu
|
|upkeep
|
|t:|1611108872
|switch|p2a: Zeraora|Zeraora|60/100
|turn|40
|
|t:|1611108882
|move|p2a: Zeraora|Plasma Fists|p1a: Tornadus
|-supereffective|p1a: Tornadus
|-damage|p1a: Tornadus|0 fnt
|-fieldactivate|move: Ion Deluge
|faint|p1a: Tornadus
|
|upkeep
|
|t:|1611108884
|switch|p1a: Kartana|Kartana|67/100
|turn|41
|
|t:|1611108888
|move|p2a: Zeraora|Close Combat|p1a: Kartana
|-supereffective|p1a: Kartana
|-damage|p1a: Kartana|0 fnt
|-unboost|p2a: Zeraora|def|1
|-unboost|p2a: Zeraora|spd|1
|faint|p1a: Kartana
|
|win|CatsCanFly!!
|c|☆CatsCanFly!!|gg
|c|☆GuardArc|lol game 2
