|j|☆Lil Plasma
|j|☆Colonel Rivai
|t:|1657124635
|gametype|singles
|player|p1|Lil Plasma|ghetsis|1684
|player|p2|Colonel Rivai|266|1683
|teamsize|p1|6
|teamsize|p2|6
|gen|8
|tier|[Gen 8] OU
|rated|
|rule|Sleep Clause Mod: Limit one foe put to sleep
|rule|Species Clause: Limit one of each Pokémon
|rule|OHKO Clause: OHKO moves are banned
|rule|Evasion Moves Clause: Evasion moves are banned
|rule|Endless Battle Clause: Forcing endless battles is banned
|rule|HP Percentage Mod: HP is shown in percentages
|rule|Dynamax Clause: You cannot dynamax
|clearpoke
|poke|p1|Amoonguss, F|
|poke|p1|Keldeo-Resolute|
|poke|p1|Skarmory, F|
|poke|p1|Blissey, F|
|poke|p1|Heatran, F|
|poke|p1|Bisharp, F|
|poke|p2|Glastrier|
|poke|p2|Tapu Fini|
|poke|p2|Ferrothorn, M|
|poke|p2|Krookodile, M|
|poke|p2|Zapdos|
|poke|p2|Victini|
|teampreview
|inactive|Battle timer is ON: inactive players will automatically lose when time's up. (requested by Colonel Rivai)
|c|☆Lil Plasma|hold up
|j| aquavanilla
|l| aquavanilla
|c|☆Lil Plasma|https://pokepast.es/65a775e55fbbddd1
|inactive|Lil Plasma has 120 seconds left.
|
|t:|1657124682
|start
|switch|p1a: Venusaur-Unova|Amoonguss, F|100/100
|switch|p2a: Tesla|Zapdos|100/100
|turn|1
|
|t:|1657124687
|move|p2a: Tesla|Volt Switch|p1a: Venusaur-Unova
|-resisted|p1a: Venusaur-Unova
|-damage|p1a: Venusaur-Unova|89/100
|
|t:|1657124691
|switch|p2a: Shelby|Tapu Fini|100/100|[from]move: Volt Switch
|-fieldstart|move: Misty Terrain|[from] ability: Misty Surge|[of] p2a: Shelby
|move|p1a: Venusaur-Unova|Toxic|p2a: Shelby
|-activate|p2a: Shelby|move: Misty Terrain
|
|-heal|p1a: Venusaur-Unova|95/100|[from] item: Black Sludge
|upkeep
|turn|2
|
|t:|1657124696
|switch|p2a: F-150|Ferrothorn, M|100/100
|move|p1a: Venusaur-Unova|Clear Smog|p2a: F-150
|-immune|p2a: F-150
|
|-heal|p1a: Venusaur-Unova|100/100|[from] item: Black Sludge
|upkeep
|turn|3
|
|t:|1657124700
|switch|p1a: bitches on my line|Skarmory, F|100/100
|move|p2a: F-150|Knock Off|p1a: bitches on my line
|-damage|p1a: bitches on my line|89/100
|-damage|p2a: F-150|84/100|[from] item: Rocky Helmet|[of] p1a: bitches on my line
|-enditem|p1a: bitches on my line|Rocky Helmet|[from] move: Knock Off|[of] p2a: F-150
|
|upkeep
|turn|4
|
|t:|1657124710
|switch|p1a: Venusaur-Unova|Amoonguss, F|100/100
|move|p2a: F-150|Spikes|p1a: Venusaur-Unova
|-sidestart|p1: Lil Plasma|Spikes
|
|upkeep
|turn|5
|
|t:|1657124713
|switch|p1a: bitches on my line|Skarmory, F|89/100
|move|p2a: F-150|Knock Off|p1a: bitches on my line
|-damage|p1a: bitches on my line|81/100
|
|-fieldend|Misty Terrain
|upkeep
|turn|6
|
|t:|1657124716
|move|p1a: bitches on my line|Spikes|p2a: F-150
|-sidestart|p2: Colonel Rivai|Spikes
|move|p2a: F-150|Leech Seed|p1a: bitches on my line
|-start|p1a: bitches on my line|move: Leech Seed
|
|-damage|p1a: bitches on my line|68/100|[from] Leech Seed|[of] p2a: F-150
|-heal|p2a: F-150|96/100|[silent]
|upkeep
|turn|7
|
|t:|1657124718
|move|p1a: bitches on my line|Roost|p1a: bitches on my line
|-heal|p1a: bitches on my line|100/100
|-singleturn|p1a: bitches on my line|move: Roost
|move|p2a: F-150|Spikes|p1a: bitches on my line
|-sidestart|p1: Lil Plasma|Spikes
|
|-damage|p1a: bitches on my line|88/100|[from] Leech Seed|[of] p2a: F-150
|-heal|p2a: F-150|100/100|[silent]
|upkeep
|turn|8
|
|t:|1657124721
|switch|p1a: Venusaur-Unova|Amoonguss, F|100/100
|-damage|p1a: Venusaur-Unova|84/100|[from] Spikes
|move|p2a: F-150|Spikes|p1a: Venusaur-Unova
|-sidestart|p1: Lil Plasma|Spikes
|
|-heal|p1a: Venusaur-Unova|90/100|[from] item: Black Sludge
|upkeep
|turn|9
|
|t:|1657124725
|switch|p1a: Whole Lotta Red|Heatran, F|100/100
|-item|p1a: Whole Lotta Red|Air Balloon
|move|p2a: F-150|Knock Off|p1a: Whole Lotta Red
|-damage|p1a: Whole Lotta Red|83/100
|-enditem|p1a: Whole Lotta Red|Air Balloon
|
|upkeep
|turn|10
|
|t:|1657124734
|switch|p2a: Shelby|Tapu Fini|100/100
|-damage|p2a: Shelby|88/100|[from] Spikes
|-fieldstart|move: Misty Terrain|[from] ability: Misty Surge|[of] p2a: Shelby
|move|p1a: Whole Lotta Red|Toxic|p2a: Shelby
|-activate|p2a: Shelby|move: Misty Terrain
|
|-heal|p2a: Shelby|94/100|[from] item: Leftovers
|upkeep
|turn|11
|
|t:|1657124738
|switch|p1a: Venusaur-Unova|Amoonguss, F|100/100
|-damage|p1a: Venusaur-Unova|75/100|[from] Spikes
|move|p2a: Shelby|Calm Mind|p2a: Shelby
|-boost|p2a: Shelby|spa|1
|-boost|p2a: Shelby|spd|1
|
|-heal|p2a: Shelby|100/100|[from] item: Leftovers
|-heal|p1a: Venusaur-Unova|82/100|[from] item: Black Sludge
|upkeep
|turn|12
|
|t:|1657124744
|move|p2a: Shelby|Scald|p1a: Venusaur-Unova
|-resisted|p1a: Venusaur-Unova
|-damage|p1a: Venusaur-Unova|66/100
|move|p1a: Venusaur-Unova|Clear Smog|p2a: Shelby
|-supereffective|p2a: Shelby
|-damage|p2a: Shelby|84/100
|-clearboost|p2a: Shelby
|
|-heal|p2a: Shelby|90/100|[from] item: Leftovers
|-heal|p1a: Venusaur-Unova|72/100|[from] item: Black Sludge
|upkeep
|turn|13
|
|t:|1657124747
|switch|p2a: F-150|Ferrothorn, M|100/100
|-damage|p2a: F-150|88/100|[from] Spikes
|switch|p1a: Whole Lotta Red|Heatran, F|83/100
|-damage|p1a: Whole Lotta Red|58/100|[from] Spikes
|
|upkeep
|turn|14
|
|t:|1657124751
|switch|p2a: Shelby|Tapu Fini|90/100
|-damage|p2a: Shelby|78/100|[from] Spikes
|move|p1a: Whole Lotta Red|Magma Storm|p2a: Shelby
|-resisted|p2a: Shelby
|-damage|p2a: Shelby|61/100
|-activate|p2a: Shelby|move: Magma Storm|[of] p1a: Whole Lotta Red
|
|-heal|p2a: Shelby|67/100|[from] item: Leftovers
|-damage|p2a: Shelby|55/100|[from] move: Magma Storm|[partiallytrapped]
|-fieldend|Misty Terrain
|upkeep
|turn|15
|
|t:|1657124754
|move|p2a: Shelby|Scald|p1a: Whole Lotta Red
|-supereffective|p1a: Whole Lotta Red
|-damage|p1a: Whole Lotta Red|24/100
|move|p1a: Whole Lotta Red|Toxic|p2a: Shelby
|-status|p2a: Shelby|tox
|
|-heal|p2a: Shelby|61/100 tox|[from] item: Leftovers
|-damage|p2a: Shelby|55/100 tox|[from] psn
|-damage|p2a: Shelby|42/100 tox|[from] move: Magma Storm|[partiallytrapped]
|upkeep
|turn|16
|
|t:|1657124760
|switch|p1a: bitches on my line|Skarmory, F|88/100
|move|p2a: Shelby|Scald|p1a: bitches on my line
|-damage|p1a: bitches on my line|54/100
|
|-heal|p2a: Shelby|49/100 tox|[from] item: Leftovers
|-damage|p2a: Shelby|36/100 tox|[from] psn
|-end|p2a: Shelby|Magma Storm|[partiallytrapped]|[silent]
|upkeep
|turn|17
|
|t:|1657124764
|move|p2a: Shelby|Taunt|p1a: bitches on my line
|-start|p1a: bitches on my line|move: Taunt
|cant|p1a: bitches on my line|move: Taunt|Roost
|
|-heal|p2a: Shelby|42/100 tox|[from] item: Leftovers
|-damage|p2a: Shelby|24/100 tox|[from] psn
|upkeep
|turn|18
|
|t:|1657124765
|switch|p2a: Tesla|Zapdos|100/100
|switch|p1a: Venusaur-Unova|Amoonguss, F|100/100
|-damage|p1a: Venusaur-Unova|75/100|[from] Spikes
|
|-heal|p1a: Venusaur-Unova|82/100|[from] item: Black Sludge
|upkeep
|turn|19
|
|t:|1657124768
|move|p2a: Tesla|Hurricane|p1a: Venusaur-Unova
|-supereffective|p1a: Venusaur-Unova
|-damage|p1a: Venusaur-Unova|7/100
|move|p1a: Venusaur-Unova|Toxic|p2a: Tesla
|-status|p2a: Tesla|tox
|
|-heal|p1a: Venusaur-Unova|13/100|[from] item: Black Sludge
|-damage|p2a: Tesla|94/100 tox|[from] psn
|upkeep
|turn|20
|
|t:|1657124772
|switch|p1a: Fatass Egg|Blissey, F|100/100
|move|p2a: Tesla|Volt Switch|p1a: Fatass Egg
|-damage|p1a: Fatass Egg|89/100
|
|t:|1657124779
|switch|p2a: Panamera|Glastrier|100/100|[from]move: Volt Switch
|-damage|p2a: Panamera|88/100|[from] Spikes
|
|upkeep
|turn|21
|
|t:|1657124788
|switch|p1a: obese 30 y/o brony|Keldeo-Resolute|100/100
|-damage|p1a: obese 30 y/o brony|76/100|[from] Spikes
|move|p2a: Panamera|Icicle Crash|p1a: obese 30 y/o brony|[miss]
|-miss|p2a: Panamera|p1a: obese 30 y/o brony
|
|-heal|p1a: obese 30 y/o brony|82/100|[from] item: Leftovers
|upkeep
|turn|22
|
|t:|1657124795
|move|p1a: obese 30 y/o brony|Scald|p2a: Panamera
|-damage|p2a: Panamera|58/100
|-status|p2a: Panamera|brn
|move|p2a: Panamera|Icicle Crash|p1a: obese 30 y/o brony
|-resisted|p1a: obese 30 y/o brony
|-damage|p1a: obese 30 y/o brony|62/100
|
|-heal|p1a: obese 30 y/o brony|69/100|[from] item: Leftovers
|-damage|p2a: Panamera|51/100 brn|[from] brn
|upkeep
|turn|23
|
|t:|1657124804
|move|p1a: obese 30 y/o brony|Secret Sword|p2a: Panamera
|-supereffective|p2a: Panamera
|-damage|p2a: Panamera|0 fnt
|faint|p2a: Panamera
|
|-heal|p1a: obese 30 y/o brony|75/100|[from] item: Leftovers
|upkeep
|
|t:|1657124806
|switch|p2a: Tesla|Zapdos|94/100 tox
|turn|24
|
|t:|1657124808
|switch|p1a: Fatass Egg|Blissey, F|89/100
|move|p2a: Tesla|Volt Switch|p1a: Fatass Egg
|-damage|p1a: Fatass Egg|79/100
|
|t:|1657124812
|switch|p2a: F-150|Ferrothorn, M|88/100|[from]move: Volt Switch
|-damage|p2a: F-150|75/100|[from] Spikes
|
|upkeep
|turn|25
|
|t:|1657124825
|move|p1a: Fatass Egg|Wish|p1a: Fatass Egg
|move|p2a: F-150|Knock Off|p1a: Fatass Egg
|-damage|p1a: Fatass Egg|62/100
|-enditem|p1a: Fatass Egg|Heavy-Duty Boots|[from] move: Knock Off|[of] p2a: F-150
|
|upkeep
|turn|26
|
|t:|1657124833
|move|p1a: Fatass Egg|Soft-Boiled|p1a: Fatass Egg
|-heal|p1a: Fatass Egg|100/100
|move|p2a: F-150|Body Press|p1a: Fatass Egg
|-supereffective|p1a: Fatass Egg
|-damage|p1a: Fatass Egg|45/100
|
|-heal|p1a: Fatass Egg|95/100|[from] move: Wish|[wisher] Fatass Egg
|upkeep
|turn|27
|
|t:|1657124838
|switch|p1a: bitches on my line|Skarmory, F|54/100
|move|p2a: F-150|Leech Seed|p1a: bitches on my line
|-start|p1a: bitches on my line|move: Leech Seed
|
|-damage|p1a: bitches on my line|42/100|[from] Leech Seed|[of] p2a: F-150
|-heal|p2a: F-150|87/100|[silent]
|upkeep
|turn|28
|
|t:|1657124842
|move|p1a: bitches on my line|Roost|p1a: bitches on my line
|-heal|p1a: bitches on my line|92/100
|-singleturn|p1a: bitches on my line|move: Roost
|move|p2a: F-150|Body Press|p1a: bitches on my line
|-supereffective|p1a: bitches on my line
|-damage|p1a: bitches on my line|56/100
|
|-damage|p1a: bitches on my line|44/100|[from] Leech Seed|[of] p2a: F-150
|-heal|p2a: F-150|99/100|[silent]
|upkeep
|turn|29
|
|t:|1657124847
|switch|p1a: Venusaur-Unova|Amoonguss, F|46/100
|-damage|p1a: Venusaur-Unova|21/100|[from] Spikes
|move|p2a: F-150|Body Press|p1a: Venusaur-Unova
|-resisted|p1a: Venusaur-Unova
|-damage|p1a: Venusaur-Unova|10/100
|
|-heal|p1a: Venusaur-Unova|16/100|[from] item: Black Sludge
|upkeep
|turn|30
|
|t:|1657124849
|switch|p1a: bitches on my line|Skarmory, F|44/100
|move|p2a: F-150|Knock Off|p1a: bitches on my line
|-damage|p1a: bitches on my line|35/100
|
|upkeep
|turn|31
|
|t:|1657124854
|switch|p2a: Hellcat|Victini|100/100
|move|p1a: bitches on my line|Roost|p1a: bitches on my line
|-heal|p1a: bitches on my line|85/100
|-singleturn|p1a: bitches on my line|move: Roost
|
|upkeep
|turn|32
|
|t:|1657124858
|switch|p1a: Whole Lotta Red|Heatran, F|24/100
|-damage|p1a: Whole Lotta Red|0 fnt|[from] Spikes
|faint|p1a: Whole Lotta Red
|move|p2a: Hellcat|V-create|p1: Whole Lotta Red|[notarget]
|-fail|p2a: Hellcat
|
|upkeep
|
|t:|1657124863
|switch|p1a: Hot Girl Slummer|Bisharp, F|100/100
|-damage|p1a: Hot Girl Slummer|76/100|[from] Spikes
|turn|33
|
|t:|1657124870
|switch|p2a: F-150|Ferrothorn, M|99/100
|-damage|p2a: F-150|86/100|[from] Spikes
|move|p1a: Hot Girl Slummer|Knock Off|p2a: F-150
|-damage|p2a: F-150|48/100
|-damage|p1a: Hot Girl Slummer|64/100|[from] ability: Iron Barbs|[of] p2a: F-150
|-damage|p1a: Hot Girl Slummer|47/100|[from] item: Rocky Helmet|[of] p2a: F-150
|-enditem|p2a: F-150|Rocky Helmet|[from] move: Knock Off|[of] p1a: Hot Girl Slummer
|
|upkeep
|turn|34
|
|t:|1657124879
|switch|p1a: bitches on my line|Skarmory, F|85/100
|move|p2a: F-150|Knock Off|p1a: bitches on my line
|-damage|p1a: bitches on my line|77/100
|
|upkeep
|turn|35
|
|t:|1657124885
|move|p1a: bitches on my line|Body Press|p2a: F-150
|-supereffective|p2a: F-150
|-damage|p2a: F-150|8/100
|-damage|p1a: bitches on my line|65/100|[from] ability: Iron Barbs|[of] p2a: F-150
|move|p2a: F-150|Leech Seed|p1a: bitches on my line
|-start|p1a: bitches on my line|move: Leech Seed
|
|-damage|p1a: bitches on my line|53/100|[from] Leech Seed|[of] p2a: F-150
|-heal|p2a: F-150|20/100|[silent]
|upkeep
|turn|36
|
|t:|1657124892
|switch|p1a: Venusaur-Unova|Amoonguss, F|49/100
|-damage|p1a: Venusaur-Unova|24/100|[from] Spikes
|move|p2a: F-150|Body Press|p1a: Venusaur-Unova
|-resisted|p1a: Venusaur-Unova
|-damage|p1a: Venusaur-Unova|12/100
|
|-heal|p1a: Venusaur-Unova|18/100|[from] item: Black Sludge
|upkeep
|turn|37
|
|t:|1657124901
|switch|p1a: bitches on my line|Skarmory, F|53/100
|switch|p2a: Hellcat|Victini|100/100
|
|upkeep
|turn|38
|
|t:|1657124907
|switch|p1a: Venusaur-Unova|Amoonguss, F|51/100
|-damage|p1a: Venusaur-Unova|26/100|[from] Spikes
|move|p2a: Hellcat|Bolt Strike|p1a: Venusaur-Unova
|-resisted|p1a: Venusaur-Unova
|-crit|p1a: Venusaur-Unova
|-damage|p1a: Venusaur-Unova|3/100
|
|-heal|p1a: Venusaur-Unova|9/100|[from] item: Black Sludge
|upkeep
|turn|39
|
|t:|1657124913
|move|p2a: Hellcat|Bolt Strike|p1a: Venusaur-Unova
|-resisted|p1a: Venusaur-Unova
|-damage|p1a: Venusaur-Unova|0 fnt
|faint|p1a: Venusaur-Unova
|
|upkeep
|
|t:|1657124916
|switch|p1a: Hot Girl Slummer|Bisharp, F|47/100
|-damage|p1a: Hot Girl Slummer|22/100|[from] Spikes
|turn|40
|
|t:|1657124922
|switch|p2a: F-150|Ferrothorn, M|20/100
|-damage|p2a: F-150|7/100|[from] Spikes
|move|p1a: Hot Girl Slummer|Sucker Punch||[still]
|-fail|p1a: Hot Girl Slummer
|
|upkeep
|turn|41
|
|t:|1657124927
|move|p1a: Hot Girl Slummer|Knock Off|p2a: F-150
|-crit|p2a: F-150
|-damage|p2a: F-150|0 fnt
|-damage|p1a: Hot Girl Slummer|10/100|[from] ability: Iron Barbs|[of] p2a: F-150
|faint|p2a: F-150
|
|upkeep
|
|t:|1657124933
|switch|p2a: Tesla|Zapdos|94/100 tox
|turn|42
|
|t:|1657124937
|move|p2a: Tesla|Volt Switch|p1a: Hot Girl Slummer
|-damage|p1a: Hot Girl Slummer|0 fnt
|faint|p1a: Hot Girl Slummer
|
|t:|1657124947
|switch|p2a: Hellcat|Victini|100/100|[from]move: Volt Switch
|
|upkeep
|
|t:|1657124956
|switch|p1a: Fatass Egg|Blissey, F|95/100
|-damage|p1a: Fatass Egg|70/100|[from] Spikes
|turn|43
|
|t:|1657124959
|move|p2a: Hellcat|U-turn|p1a: Fatass Egg
|-damage|p1a: Fatass Egg|54/100
|
|t:|1657124961
|switch|p2a: Charger|Krookodile, M|100/100|[from]move: U-turn
|-damage|p2a: Charger|88/100|[from] Spikes
|move|p1a: Fatass Egg|Wish|p1a: Fatass Egg
|
|upkeep
|turn|44
|
|t:|1657124964
|switch|p1a: bitches on my line|Skarmory, F|53/100
|move|p2a: Charger|Stealth Rock|p1a: bitches on my line
|-sidestart|p1: Lil Plasma|move: Stealth Rock
|
|-heal|p1a: bitches on my line|100/100|[from] move: Wish|[wisher] Fatass Egg
|upkeep
|turn|45
|
|t:|1657124967
|switch|p2a: Tesla|Zapdos|94/100 tox
|move|p1a: bitches on my line|Iron Defense|p1a: bitches on my line
|-boost|p1a: bitches on my line|def|2
|
|-damage|p2a: Tesla|88/100 tox|[from] psn
|upkeep
|turn|46
|
|t:|1657124969
|switch|p1a: Fatass Egg|Blissey, F|54/100
|-damage|p1a: Fatass Egg|29/100|[from] Spikes
|-damage|p1a: Fatass Egg|16/100|[from] Stealth Rock
|move|p2a: Tesla|Volt Switch|p1a: Fatass Egg
|-damage|p1a: Fatass Egg|5/100
|
|t:|1657124978
|switch|p2a: Hellcat|Victini|100/100|[from]move: Volt Switch
|
|upkeep
|turn|47
|
|t:|1657124983
|move|p2a: Hellcat|Bolt Strike|p1a: Fatass Egg
|-damage|p1a: Fatass Egg|0 fnt
|faint|p1a: Fatass Egg
|
|upkeep
|
|t:|1657124986
|switch|p1a: obese 30 y/o brony|Keldeo-Resolute|75/100
|-damage|p1a: obese 30 y/o brony|50/100|[from] Spikes
|-damage|p1a: obese 30 y/o brony|44/100|[from] Stealth Rock
|turn|48
|
|t:|1657124989
|move|p1a: obese 30 y/o brony|Scald|p2a: Hellcat
|-supereffective|p2a: Hellcat
|-damage|p2a: Hellcat|30/100
|move|p2a: Hellcat|Bolt Strike|p1a: obese 30 y/o brony
|-supereffective|p1a: obese 30 y/o brony
|-damage|p1a: obese 30 y/o brony|0 fnt
|faint|p1a: obese 30 y/o brony
|
|upkeep
|-message|Lil Plasma forfeited.
|
|win|Colonel Rivai
|raw|Lil Plasma's rating: 1684 &rarr; <strong>1664</strong><br />(-20 for losing)
|raw|Colonel Rivai's rating: 1683 &rarr; <strong>1703</strong><br />(+20 for winning)
|l|☆Lil Plasma
|c|☆Colonel Rivai|lol
