|j|☆xyldaz
|j|☆wsdfg
|t:|1605884552
|player|p1|xyldaz|134|1814
|player|p2|wsdfg|burglar|1886
|teamsize|p1|6
|teamsize|p2|6
|gametype|singles
|gen|8
|tier|[Gen 8] OU
|rated|
|clearpoke
|poke|p1|Magearna|
|poke|p1|Spectrier|
|poke|p1|Swampert, F|
|poke|p1|Urshifu-*, F|
|poke|p1|Zapdos|
|poke|p1|Clefable, M|
|poke|p2|Kyurem|
|poke|p2|Suicune|
|poke|p2|Landorus-Therian, M|
|poke|p2|Moltres|
|poke|p2|Urshifu-*, M|
|poke|p2|Spectrier|
|rule|Sleep Clause Mod: Limit one foe put to sleep
|rule|Species Clause: Limit one of each Pokémon
|rule|OHKO Clause: OHKO moves are banned
|rule|Evasion Moves Clause: Evasion moves are banned
|rule|Endless Battle Clause: Forcing endless battles is banned
|rule|HP Percentage Mod: HP is shown in percentages
|rule|Dynamax Clause: You cannot dynamax
|teampreview
|inactive|Battle timer is ON: inactive players will automatically lose when time's up. (requested by xyldaz)
|
|t:|1605884582
|start
|switch|p1a: Swampert|Swampert, F|100/100
|switch|p2a: Kyurem|Kyurem|100/100
|-ability|p2a: Kyurem|Pressure
|turn|1
|
|t:|1605884586
|switch|p1a: Magearna|Magearna|100/100
|move|p2a: Kyurem|Substitute|p2a: Kyurem
|-start|p2a: Kyurem|Substitute
|-damage|p2a: Kyurem|76/100
|
|-heal|p2a: Kyurem|82/100|[from] item: Leftovers
|upkeep
|turn|2
|j| pokeaimfan96
|
|t:|1605884589
|move|p2a: Kyurem|Earth Power|p1a: Magearna
|-supereffective|p1a: Magearna
|-damage|p1a: Magearna|42/100
|move|p1a: Magearna|Calm Mind|p1a: Magearna
|-boost|p1a: Magearna|spa|1
|-boost|p1a: Magearna|spd|1
|
|-heal|p2a: Kyurem|88/100|[from] item: Leftovers
|-heal|p1a: Magearna|48/100|[from] item: Leftovers
|upkeep
|turn|3
|j| GimmieYourDimes
|
|t:|1605884600
|switch|p1a: Clefable|Clefable, M|100/100
|move|p2a: Kyurem|Earth Power|p1a: Clefable
|-damage|p1a: Clefable|69/100
|
|-heal|p2a: Kyurem|94/100|[from] item: Leftovers
|-heal|p1a: Clefable|75/100|[from] item: Leftovers
|upkeep
|turn|4
|
|t:|1605884603
|move|p1a: Clefable|Protect|p1a: Clefable
|-singleturn|p1a: Clefable|Protect
|move|p2a: Kyurem|Freeze-Dry|p1a: Clefable
|-activate|p1a: Clefable|move: Protect
|
|-heal|p2a: Kyurem|99/100|[from] item: Leftovers
|-heal|p1a: Clefable|81/100|[from] item: Leftovers
|upkeep
|turn|5
|j| LT73IU slainey
|
|t:|1605884605
|move|p2a: Kyurem|Freeze-Dry|p1a: Clefable
|-damage|p1a: Clefable|46/100
|move|p1a: Clefable|Wish|p1a: Clefable
|
|-heal|p2a: Kyurem|100/100|[from] item: Leftovers
|-heal|p1a: Clefable|52/100|[from] item: Leftovers
|upkeep
|turn|6
|j| legendaryninjadude
|j| surprisepikachu123
|j| banana pies
|
|t:|1605884619
|move|p2a: Kyurem|Freeze-Dry|p1a: Clefable
|-damage|p1a: Clefable|13/100
|move|p1a: Clefable|Moonblast|p2a: Kyurem
|-supereffective|p2a: Kyurem
|-end|p2a: Kyurem|Substitute
|
|-heal|p1a: Clefable|63/100|[from] move: Wish|[wisher] Clefable
|-heal|p1a: Clefable|69/100|[from] item: Leftovers
|upkeep
|turn|7
|
|t:|1605884630
|move|p2a: Kyurem|Substitute|p2a: Kyurem
|-start|p2a: Kyurem|Substitute
|-damage|p2a: Kyurem|76/100
|move|p1a: Clefable|Wish|p1a: Clefable
|
|-heal|p2a: Kyurem|82/100|[from] item: Leftovers
|-heal|p1a: Clefable|75/100|[from] item: Leftovers
|upkeep
|turn|8
|
|t:|1605884635
|move|p2a: Kyurem|Earth Power|p1a: Clefable
|-damage|p1a: Clefable|43/100
|move|p1a: Clefable|Teleport|p1a: Clefable
|
|t:|1605884637
|switch|p1a: Magearna|Magearna|48/100|[from]move: Teleport
|
|-heal|p1a: Magearna|100/100|[from] move: Wish|[wisher] Clefable
|-heal|p2a: Kyurem|88/100|[from] item: Leftovers
|upkeep
|turn|9
|
|t:|1605884641
|switch|p1a: Urshifu|Urshifu, F|100/100
|move|p2a: Kyurem|Earth Power|p1a: Urshifu
|-damage|p1a: Urshifu|49/100
|
|-heal|p2a: Kyurem|94/100|[from] item: Leftovers
|upkeep
|turn|10
|
|t:|1605884646
|move|p1a: Urshifu|U-turn|p2a: Kyurem
|-end|p2a: Kyurem|Substitute
|j| Nicolippy
|
|t:|1605884650
|switch|p1a: Zapdos|Zapdos|100/100|[from]move: U-turn
|move|p2a: Kyurem|Freeze-Dry|p1a: Zapdos
|-supereffective|p1a: Zapdos
|-damage|p1a: Zapdos|20/100
|
|-heal|p2a: Kyurem|99/100|[from] item: Leftovers
|upkeep
|turn|11
|
|t:|1605884654
|move|p1a: Zapdos|Heat Wave|p2a: Kyurem
|-damage|p2a: Kyurem|80/100
|move|p2a: Kyurem|Freeze-Dry|p1a: Zapdos
|-supereffective|p1a: Zapdos
|-damage|p1a: Zapdos|0 fnt
|faint|p1a: Zapdos
|
|-heal|p2a: Kyurem|86/100|[from] item: Leftovers
|upkeep
|
|t:|1605884656
|switch|p1a: Urshifu|Urshifu, F|49/100
|turn|12
|
|t:|1605884663
|switch|p2a: Moltres|Moltres|100/100
|move|p1a: Urshifu|Wicked Blow|p2a: Moltres
|-crit|p2a: Moltres
|-damage|p2a: Moltres|39/100
|-status|p1a: Urshifu|brn|[from] ability: Flame Body|[of] p2a: Moltres
|
|-damage|p1a: Urshifu|43/100 brn|[from] brn
|upkeep
|turn|13
|
|t:|1605884671
|switch|p1a: Swampert|Swampert, F|100/100
|switch|p2a: Urshifu|Urshifu, M|100/100
|
|upkeep
|turn|14
|
|t:|1605884676
|move|p2a: Urshifu|Wicked Blow|p1a: Swampert
|-crit|p1a: Swampert
|-damage|p1a: Swampert|33/100
|move|p1a: Swampert|Toxic|p2a: Urshifu
|-status|p2a: Urshifu|tox
|
|-heal|p1a: Swampert|39/100|[from] item: Leftovers
|-damage|p2a: Urshifu|94/100 tox|[from] psn
|upkeep
|turn|15
|
|t:|1605884679
|switch|p1a: Clefable|Clefable, M|43/100
|move|p2a: Urshifu|Wicked Blow|p1a: Clefable
|-resisted|p1a: Clefable
|-crit|p1a: Clefable
|-damage|p1a: Clefable|7/100
|
|-heal|p1a: Clefable|13/100|[from] item: Leftovers
|-damage|p2a: Urshifu|82/100 tox|[from] psn
|upkeep
|turn|16
|l| GimmieYourDimes
|
|t:|1605884684
|move|p2a: Urshifu|Wicked Blow|p1a: Clefable
|-resisted|p1a: Clefable
|-crit|p1a: Clefable
|-damage|p1a: Clefable|0 fnt
|faint|p1a: Clefable
|
|-damage|p2a: Urshifu|64/100 tox|[from] psn
|upkeep
|
|t:|1605884686
|switch|p1a: Urshifu|Urshifu, F|43/100 brn
|turn|17
|
|t:|1605884688
|switch|p2a: Landorus|Landorus-Therian, M|100/100
|-ability|p2a: Landorus|Intimidate|boost
|-unboost|p1a: Urshifu|atk|1
|move|p1a: Urshifu|U-turn|p2a: Landorus
|-resisted|p2a: Landorus
|-damage|p2a: Landorus|95/100
|
|t:|1605884694
|switch|p1a: Swampert|Swampert, F|39/100|[from]move: U-turn
|
|-heal|p2a: Landorus|100/100|[from] item: Leftovers
|-heal|p1a: Swampert|45/100|[from] item: Leftovers
|upkeep
|turn|18
|
|t:|1605884697
|move|p2a: Landorus|Stealth Rock|p1a: Swampert
|-sidestart|p1: xyldaz|move: Stealth Rock
|move|p1a: Swampert|Stealth Rock|p2a: Landorus
|-sidestart|p2: wsdfg|move: Stealth Rock
|
|-heal|p1a: Swampert|51/100|[from] item: Leftovers
|upkeep
|turn|19
|
|t:|1605884700
|move|p2a: Landorus|Earthquake|p1a: Swampert
|-damage|p1a: Swampert|17/100
|move|p1a: Swampert|Toxic|p2a: Landorus
|-status|p2a: Landorus|tox
|
|-heal|p1a: Swampert|23/100|[from] item: Leftovers
|-damage|p2a: Landorus|94/100 tox|[from] psn
|upkeep
|turn|20
|
|t:|1605884705
|move|p2a: Landorus|Earthquake|p1a: Swampert
|-damage|p1a: Swampert|0 fnt
|faint|p1a: Swampert
|
|-heal|p2a: Landorus|100/100 tox|[from] item: Leftovers
|-damage|p2a: Landorus|88/100 tox|[from] psn
|upkeep
|
|t:|1605884706
|switch|p1a: Urshifu|Urshifu, F|43/100 brn
|-damage|p1a: Urshifu|37/100 brn|[from] Stealth Rock
|turn|21
|
|t:|1605884708
|move|p1a: Urshifu|Wicked Blow|p2a: Landorus
|-crit|p2a: Landorus
|-damage|p2a: Landorus|40/100 tox
|move|p2a: Landorus|U-turn|p1a: Urshifu
|-damage|p1a: Urshifu|16/100 brn
|
|t:|1605884720
|switch|p2a: Suicune|Suicune|100/100|[from]move: U-turn
|-damage|p2a: Suicune|88/100|[from] Stealth Rock
|-ability|p2a: Suicune|Pressure
|
|-heal|p2a: Suicune|94/100|[from] item: Leftovers
|-damage|p1a: Urshifu|10/100 brn|[from] brn
|upkeep
|turn|22
|
|t:|1605884723
|switch|p1a: Magearna|Magearna|100/100
|-damage|p1a: Magearna|94/100|[from] Stealth Rock
|move|p2a: Suicune|Substitute|p2a: Suicune
|-start|p2a: Suicune|Substitute
|-damage|p2a: Suicune|69/100
|
|-heal|p2a: Suicune|75/100|[from] item: Leftovers
|-heal|p1a: Magearna|100/100|[from] item: Leftovers
|upkeep
|turn|23
|
|t:|1605884726
|move|p2a: Suicune|Calm Mind|p2a: Suicune
|-boost|p2a: Suicune|spa|1
|-boost|p2a: Suicune|spd|1
|move|p1a: Magearna|Calm Mind|p1a: Magearna
|-boost|p1a: Magearna|spa|1
|-boost|p1a: Magearna|spd|1
|
|-heal|p2a: Suicune|82/100|[from] item: Leftovers
|upkeep
|turn|24
|
|t:|1605884727
|move|p2a: Suicune|Calm Mind|p2a: Suicune
|-boost|p2a: Suicune|spa|1
|-boost|p2a: Suicune|spd|1
|move|p1a: Magearna|Shift Gear|p1a: Magearna
|-boost|p1a: Magearna|spe|2
|-boost|p1a: Magearna|atk|1
|
|-heal|p2a: Suicune|88/100|[from] item: Leftovers
|upkeep
|turn|25
|
|t:|1605884729
|move|p1a: Magearna|Calm Mind|p1a: Magearna
|-boost|p1a: Magearna|spa|1
|-boost|p1a: Magearna|spd|1
|move|p2a: Suicune|Calm Mind|p2a: Suicune
|-boost|p2a: Suicune|spa|1
|-boost|p2a: Suicune|spd|1
|
|-heal|p2a: Suicune|94/100|[from] item: Leftovers
|upkeep
|turn|26
|
|t:|1605884731
|move|p1a: Magearna|Calm Mind|p1a: Magearna
|-boost|p1a: Magearna|spa|1
|-boost|p1a: Magearna|spd|1
|move|p2a: Suicune|Calm Mind|p2a: Suicune
|-boost|p2a: Suicune|spa|1
|-boost|p2a: Suicune|spd|1
|
|-heal|p2a: Suicune|99/100|[from] item: Leftovers
|upkeep
|turn|27
|
|t:|1605884732
|move|p1a: Magearna|Calm Mind|p1a: Magearna
|-boost|p1a: Magearna|spa|1
|-boost|p1a: Magearna|spd|1
|move|p2a: Suicune|Calm Mind|p2a: Suicune
|-boost|p2a: Suicune|spa|1
|-boost|p2a: Suicune|spd|1
|
|-heal|p2a: Suicune|100/100|[from] item: Leftovers
|upkeep
|turn|28
|
|t:|1605884735
|move|p1a: Magearna|Calm Mind|p1a: Magearna
|-boost|p1a: Magearna|spa|1
|-boost|p1a: Magearna|spd|1
|move|p2a: Suicune|Calm Mind|p2a: Suicune
|-boost|p2a: Suicune|spa|1
|-boost|p2a: Suicune|spd|1
|
|upkeep
|turn|29
|
|t:|1605884737
|move|p1a: Magearna|Stored Power|p2a: Suicune
|-end|p2a: Suicune|Substitute
|move|p2a: Suicune|Scald|p1a: Magearna
|-damage|p1a: Magearna|75/100
|-status|p1a: Magearna|brn
|
|-heal|p1a: Magearna|82/100 brn|[from] item: Leftovers
|-damage|p1a: Magearna|75/100 brn|[from] brn
|upkeep
|turn|30
|
|t:|1605884743
|move|p2a: Suicune|Protect|p2a: Suicune
|-singleturn|p2a: Suicune|Protect
|move|p1a: Magearna|Calm Mind|p1a: Magearna
|-boost|p1a: Magearna|spa|1
|-boost|p1a: Magearna|spd|1
|
|-heal|p1a: Magearna|82/100 brn|[from] item: Leftovers
|-damage|p1a: Magearna|75/100 brn|[from] brn
|upkeep
|turn|31
|
|t:|1605884745
|move|p1a: Magearna|Stored Power|p2a: Suicune
|-damage|p2a: Suicune|29/100
|move|p2a: Suicune|Substitute|p2a: Suicune
|-start|p2a: Suicune|Substitute
|-damage|p2a: Suicune|4/100
|
|-heal|p1a: Magearna|82/100 brn|[from] item: Leftovers
|-heal|p2a: Suicune|10/100|[from] item: Leftovers
|-damage|p1a: Magearna|75/100 brn|[from] brn
|upkeep
|turn|32
|
|t:|1605884748
|move|p2a: Suicune|Protect|p2a: Suicune
|-singleturn|p2a: Suicune|Protect
|move|p1a: Magearna|Draining Kiss|p2a: Suicune
|-activate|p2a: Suicune|move: Protect
|
|-heal|p1a: Magearna|82/100 brn|[from] item: Leftovers
|-heal|p2a: Suicune|17/100|[from] item: Leftovers
|-damage|p1a: Magearna|75/100 brn|[from] brn
|upkeep
|turn|33
|
|t:|1605884759
|move|p2a: Suicune|Protect||[still]
|-fail|p2a: Suicune
|move|p1a: Magearna|Draining Kiss|p2a: Suicune
|-activate|p2a: Suicune|move: Substitute|[damage]
|-heal|p1a: Magearna|90/100 brn|[from] drain|[of] p2a: Suicune
|
|-heal|p1a: Magearna|96/100 brn|[from] item: Leftovers
|-heal|p2a: Suicune|23/100|[from] item: Leftovers
|-damage|p1a: Magearna|90/100 brn|[from] brn
|upkeep
|turn|34
|
|t:|1605884764
|move|p2a: Suicune|Protect|p2a: Suicune
|-singleturn|p2a: Suicune|Protect
|move|p1a: Magearna|Shift Gear|p1a: Magearna
|-boost|p1a: Magearna|spe|2
|-boost|p1a: Magearna|atk|1
|
|-heal|p1a: Magearna|96/100 brn|[from] item: Leftovers
|-heal|p2a: Suicune|29/100|[from] item: Leftovers
|-damage|p1a: Magearna|90/100 brn|[from] brn
|upkeep
|turn|35
|
|t:|1605884769
|move|p1a: Magearna|Stored Power|p2a: Suicune
|-end|p2a: Suicune|Substitute
|move|p2a: Suicune|Substitute|p2a: Suicune
|-start|p2a: Suicune|Substitute
|-damage|p2a: Suicune|4/100
|
|-heal|p1a: Magearna|96/100 brn|[from] item: Leftovers
|-heal|p2a: Suicune|10/100|[from] item: Leftovers
|-damage|p1a: Magearna|90/100 brn|[from] brn
|upkeep
|turn|36
|
|t:|1605884772
|move|p2a: Suicune|Protect|p2a: Suicune
|-singleturn|p2a: Suicune|Protect
|move|p1a: Magearna|Stored Power|p2a: Suicune
|-activate|p2a: Suicune|move: Protect
|
|-heal|p1a: Magearna|96/100 brn|[from] item: Leftovers
|-heal|p2a: Suicune|16/100|[from] item: Leftovers
|-damage|p1a: Magearna|90/100 brn|[from] brn
|upkeep
|turn|37
|inactive|wsdfg has 120 seconds left.
|j| lt71lx pj
|
|t:|1605884806
|move|p2a: Suicune|Protect||[still]
|-fail|p2a: Suicune
|move|p1a: Magearna|Stored Power|p2a: Suicune
|-end|p2a: Suicune|Substitute
|
|-heal|p1a: Magearna|96/100 brn|[from] item: Leftovers
|-heal|p2a: Suicune|23/100|[from] item: Leftovers
|-damage|p1a: Magearna|90/100 brn|[from] brn
|upkeep
|turn|38
|j| testinsunny
|
|t:|1605884812
|move|p2a: Suicune|Protect|p2a: Suicune
|-singleturn|p2a: Suicune|Protect
|move|p1a: Magearna|Draining Kiss|p2a: Suicune
|-activate|p2a: Suicune|move: Protect
|
|-heal|p1a: Magearna|96/100 brn|[from] item: Leftovers
|-heal|p2a: Suicune|29/100|[from] item: Leftovers
|-damage|p1a: Magearna|90/100 brn|[from] brn
|upkeep
|turn|39
|
|t:|1605884822
|move|p2a: Suicune|Protect||[still]
|-fail|p2a: Suicune
|move|p1a: Magearna|Draining Kiss|p2a: Suicune
|-damage|p2a: Suicune|11/100
|-heal|p1a: Magearna|100/100 brn|[from] drain|[of] p2a: Suicune
|
|-heal|p2a: Suicune|18/100|[from] item: Leftovers
|-damage|p1a: Magearna|94/100 brn|[from] brn
|upkeep
|turn|40
|
|t:|1605884827
|move|p2a: Suicune|Protect|p2a: Suicune
|-singleturn|p2a: Suicune|Protect
|move|p1a: Magearna|Draining Kiss|p2a: Suicune
|-activate|p2a: Suicune|move: Protect
|
|-heal|p1a: Magearna|100/100 brn|[from] item: Leftovers
|-heal|p2a: Suicune|24/100|[from] item: Leftovers
|-damage|p1a: Magearna|94/100 brn|[from] brn
|upkeep
|turn|41
|
|t:|1605884832
|move|p2a: Suicune|Protect|p2a: Suicune
|-singleturn|p2a: Suicune|Protect
|move|p1a: Magearna|Stored Power|p2a: Suicune
|-activate|p2a: Suicune|move: Protect
|
|-heal|p1a: Magearna|100/100 brn|[from] item: Leftovers
|-heal|p2a: Suicune|30/100|[from] item: Leftovers
|-damage|p1a: Magearna|94/100 brn|[from] brn
|upkeep
|turn|42
|
|t:|1605884852
|move|p1a: Magearna|Draining Kiss|p2a: Suicune
|-damage|p2a: Suicune|14/100
|-heal|p1a: Magearna|100/100 brn|[from] drain|[of] p2a: Suicune
|move|p2a: Suicune|Scald|p1a: Magearna
|-damage|p1a: Magearna|78/100 brn
|
|-heal|p1a: Magearna|84/100 brn|[from] item: Leftovers
|-heal|p2a: Suicune|20/100|[from] item: Leftovers
|-damage|p1a: Magearna|78/100 brn|[from] brn
|upkeep
|turn|43
|
|t:|1605884859
|move|p2a: Suicune|Protect|p2a: Suicune
|-singleturn|p2a: Suicune|Protect
|move|p1a: Magearna|Calm Mind|p1a: Magearna
|-boost|p1a: Magearna|spa|0
|-boost|p1a: Magearna|spd|0
|
|-heal|p1a: Magearna|84/100 brn|[from] item: Leftovers
|-heal|p2a: Suicune|26/100|[from] item: Leftovers
|-damage|p1a: Magearna|78/100 brn|[from] brn
|upkeep
|turn|44
|
|t:|1605884862
|move|p1a: Magearna|Draining Kiss|p2a: Suicune
|-damage|p2a: Suicune|9/100
|-heal|p1a: Magearna|93/100 brn|[from] drain|[of] p2a: Suicune
|move|p2a: Suicune|Scald|p1a: Magearna
|-damage|p1a: Magearna|73/100 brn
|
|-heal|p1a: Magearna|79/100 brn|[from] item: Leftovers
|-heal|p2a: Suicune|15/100|[from] item: Leftovers
|-damage|p1a: Magearna|73/100 brn|[from] brn
|upkeep
|turn|45
|
|t:|1605884871
|move|p1a: Magearna|Calm Mind|p1a: Magearna
|-boost|p1a: Magearna|spa|0
|-boost|p1a: Magearna|spd|0
|move|p2a: Suicune|Scald|p1a: Magearna
|-crit|p1a: Magearna
|-damage|p1a: Magearna|0 fnt
|faint|p1a: Magearna
|
|-heal|p2a: Suicune|21/100|[from] item: Leftovers
|upkeep
|
|t:|1605884876
|switch|p1a: Urshifu|Urshifu, F|10/100 brn
|-damage|p1a: Urshifu|3/100 brn|[from] Stealth Rock
|turn|46
|c| LT73IU slainey|,
|c| LT73IU slainey|the fact that it worked
|
|t:|1605884885
|move|p1a: Urshifu|Wicked Blow|p2a: Suicune
|-crit|p2a: Suicune
|-damage|p2a: Suicune|0 fnt
|faint|p2a: Suicune
|
|-damage|p1a: Urshifu|0 fnt|[from] brn
|faint|p1a: Urshifu
|upkeep
|l| lt71lx pj
|
|t:|1605884893
|switch|p1a: Spectrier|Spectrier|100/100
|switch|p2a: Spectrier|Spectrier|100/100
|-damage|p1a: Spectrier|88/100|[from] Stealth Rock
|-damage|p2a: Spectrier|88/100|[from] Stealth Rock
|turn|47
|
|t:|1605884899
|move|p1a: Spectrier|Hex|p2a: Spectrier
|-supereffective|p2a: Spectrier
|-damage|p2a: Spectrier|0 fnt
|faint|p2a: Spectrier
|-ability|p1a: Spectrier|Grim Neigh|boost
|-boost|p1a: Spectrier|spa|1
|
|upkeep
|
|t:|1605884902
|switch|p2a: Urshifu|Urshifu, M|64/100 tox
|-damage|p2a: Urshifu|57/100 tox|[from] Stealth Rock
|turn|48
|
|t:|1605884904
|move|p2a: Urshifu|Sucker Punch|p1a: Spectrier
|-supereffective|p1a: Spectrier
|-damage|p1a: Spectrier|0 fnt
|faint|p1a: Spectrier
|
|win|wsdfg
|l|☆wsdfg
|l|☆xyldaz
|l| LT73IU slainey
|j| lt71lx pj
|l| lt71lx pj
|l| legendaryninjadude
|l| pokeaimfan96
||Ladder (probably) updated, but score could not be retrieved (Request timeout).
