|j|☆himynametay
|j|☆A
|player|p1|himynametay|190|1679
|player|p2|A|clemont|1612
|teamsize|p1|6
|teamsize|p2|6
|gametype|singles
|gen|8
|tier|[Gen 8] OU
|rated|
|clearpoke
|poke|p1|Tyranitar, F|
|poke|p1|Excadrill, M|
|poke|p1|Clefable, F|
|poke|p1|Ferrothorn, M|
|poke|p1|Corsola-Galar, F|
|poke|p1|Dragapult, F|
|poke|p2|Aegislash, M|
|poke|p2|Toxapex, F|
|poke|p2|Jirachi|
|poke|p2|Rillaboom, M|
|poke|p2|Togekiss, F|
|poke|p2|Arcanine, F|
|rule|Sleep Clause Mod: Limit one foe put to sleep
|rule|Species Clause: Limit one of each Pokémon
|rule|OHKO Clause: OHKO moves are banned
|rule|Evasion Moves Clause: Evasion moves are banned
|rule|Endless Battle Clause: Forcing endless battles is banned
|rule|HP Percentage Mod: HP is shown in percentages
|rule|Dynamax Clause: You cannot dynamax
|teampreview
|inactive|Battle timer is ON: inactive players will automatically lose when time's up. (requested by A)
|
|start
|switch|p1a: Clefable|Clefable, F|100/100
|switch|p2a: cool laddy|Jirachi, shiny|100/100
|turn|1
|
|switch|p1a: Ferrothorn|Ferrothorn, M|100/100
|move|p2a: cool laddy|Trick|p1a: Ferrothorn
|-activate|p2a: cool laddy|move: Trick|[of] p1a: Ferrothorn
|-item|p1a: Ferrothorn|Choice Scarf|[from] move: Trick
|-item|p2a: cool laddy|Leftovers|[from] move: Trick
|
|upkeep
|turn|2
|
|move|p2a: cool laddy|Stealth Rock|p1a: Ferrothorn
|-sidestart|p1: himynametay|move: Stealth Rock
|move|p1a: Ferrothorn|Knock Off|p2a: cool laddy
|-supereffective|p2a: cool laddy
|-damage|p2a: cool laddy|64/100
|-enditem|p2a: cool laddy|Leftovers|[from] move: Knock Off|[of] p1a: Ferrothorn
|
|upkeep
|turn|3
|
|move|p2a: cool laddy|U-turn|p1a: Ferrothorn
|-damage|p1a: Ferrothorn|90/100
|-damage|p2a: cool laddy|51/100|[from] ability: Iron Barbs|[of] p1a: Ferrothorn
|
|switch|p2a: lamer than me|Toxapex, F|100/100|[from]move: U-turn
|move|p1a: Ferrothorn|Knock Off|p2a: lamer than me
|-damage|p2a: lamer than me|87/100
|-enditem|p2a: lamer than me|Black Sludge|[from] move: Knock Off|[of] p1a: Ferrothorn
|
|upkeep
|turn|4
|
|switch|p2a: mr gamer man|Rillaboom, M, shiny|100/100
|-fieldstart|move: Grassy Terrain|[from] ability: Grassy Surge|[of] p2a: mr gamer man
|switch|p1a: Clefable|Clefable, F|100/100
|
|upkeep
|turn|5
|
|move|p2a: mr gamer man|Swords Dance|p2a: mr gamer man
|-boost|p2a: mr gamer man|atk|2
|move|p1a: Clefable|Flamethrower|p2a: mr gamer man
|-supereffective|p2a: mr gamer man
|-damage|p2a: mr gamer man|15/100
|
|-heal|p2a: mr gamer man|21/100|[from] item: Leftovers
|-heal|p2a: mr gamer man|27/100|[from] Grassy Terrain
|upkeep
|turn|6
|
|switch|p1a: Ferrothorn|Ferrothorn, M|90/100
|-damage|p1a: Ferrothorn|83/100|[from] Stealth Rock
|move|p2a: mr gamer man|Drum Beating|p1a: Ferrothorn
|-resisted|p1a: Ferrothorn
|-damage|p1a: Ferrothorn|67/100
|-unboost|p1a: Ferrothorn|spe|1
|
|-heal|p2a: mr gamer man|34/100|[from] item: Leftovers
|-heal|p2a: mr gamer man|40/100|[from] Grassy Terrain
|-heal|p1a: Ferrothorn|73/100|[from] Grassy Terrain
|upkeep
|turn|7
|
|switch|p1a: Corsola|Corsola-Galar, F|100/100
|-damage|p1a: Corsola|88/100|[from] Stealth Rock
|move|p2a: mr gamer man|Drain Punch|p1a: Corsola
|-immune|p1a: Corsola
|
|-heal|p2a: mr gamer man|46/100|[from] item: Leftovers
|-heal|p2a: mr gamer man|52/100|[from] Grassy Terrain
|-heal|p1a: Corsola|94/100|[from] Grassy Terrain
|upkeep
|turn|8
|
|move|p2a: mr gamer man|Knock Off|p1a: Corsola
|-supereffective|p1a: Corsola
|-damage|p1a: Corsola|21/100
|-enditem|p1a: Corsola|Eviolite|[from] move: Knock Off|[of] p2a: mr gamer man
|move|p1a: Corsola|Strength Sap|p2a: mr gamer man
|-unboost|p2a: mr gamer man|atk|1
|-heal|p1a: Corsola|100/100
|
|-heal|p2a: mr gamer man|58/100|[from] item: Leftovers
|-heal|p2a: mr gamer man|65/100|[from] Grassy Terrain
|-fieldend|move: Grassy Terrain
|upkeep
|turn|9
|
|switch|p2a: gamer girl|Arcanine, F, shiny|100/100
|-ability|p2a: gamer girl|Intimidate|boost
|-unboost|p1a: Corsola|atk|1
|move|p1a: Corsola|Will-O-Wisp|p2a: gamer girl
|-immune|p2a: gamer girl
|
|upkeep
|turn|10
|
|move|p1a: Corsola|Stealth Rock|p2a: gamer girl
|-sidestart|p2: A|move: Stealth Rock
|move|p2a: gamer girl|Teleport|p2a: gamer girl
|
|switch|p2a: HIM|Aegislash, M, shiny|100/100|[from]move: Teleport
|-damage|p2a: HIM|94/100|[from] Stealth Rock
|
|upkeep
|turn|11
|
|switch|p1a: Tyranitar|Tyranitar, F|100/100
|-damage|p1a: Tyranitar|88/100|[from] Stealth Rock
|-weather|Sandstorm|[from] ability: Sand Stream|[of] p1a: Tyranitar
|-formechange|p2a: HIM|Aegislash-Blade||[from] ability: Stance Change
|move|p2a: HIM|Shadow Claw|p1a: Tyranitar
|-resisted|p1a: Tyranitar
|-damage|p1a: Tyranitar|70/100
|
|-weather|Sandstorm|[upkeep]
|upkeep
|turn|12
|
|move|p1a: Tyranitar|Stone Edge|p2a: HIM
|-resisted|p2a: HIM
|-damage|p2a: HIM|40/100
|move|p2a: HIM|Close Combat|p1a: Tyranitar
|-supereffective|p1a: Tyranitar
|-damage|p1a: Tyranitar|0 fnt
|-unboost|p2a: HIM|def|1
|-unboost|p2a: HIM|spd|1
|faint|p1a: Tyranitar
|
|-weather|Sandstorm|[upkeep]
|upkeep
|
|switch|p1a: Excadrill|Excadrill, M|100/100
|-damage|p1a: Excadrill|97/100|[from] Stealth Rock
|turn|13
|
|move|p2a: HIM|Shadow Sneak|p1a: Excadrill
|-damage|p1a: Excadrill|62/100
|move|p1a: Excadrill|Earthquake|p2a: HIM
|-supereffective|p2a: HIM
|-damage|p2a: HIM|0 fnt
|-damage|p1a: Excadrill|52/100|[from] item: Life Orb
|faint|p2a: HIM
|
|-weather|Sandstorm|[upkeep]
|upkeep
|
|switch|p2a: gamer girl|Arcanine, F, shiny|100/100
|-ability|p2a: gamer girl|Intimidate|boost
|-unboost|p1a: Excadrill|atk|1
|turn|14
|
|move|p1a: Excadrill|Iron Head|p2a: gamer girl
|-resisted|p2a: gamer girl
|-damage|p2a: gamer girl|87/100
|-damage|p1a: Excadrill|42/100|[from] item: Life Orb
|cant|p2a: gamer girl|flinch
|
|-weather|Sandstorm|[upkeep]
|-damage|p2a: gamer girl|81/100|[from] Sandstorm
|upkeep
|turn|15
|
|move|p1a: Excadrill|Earthquake|p2a: gamer girl
|-supereffective|p2a: gamer girl
|-damage|p2a: gamer girl|4/100
|-damage|p1a: Excadrill|32/100|[from] item: Life Orb
|move|p2a: gamer girl|Flamethrower|p1a: Excadrill
|-supereffective|p1a: Excadrill
|-damage|p1a: Excadrill|0 fnt
|faint|p1a: Excadrill
|
|-weather|none
|upkeep
|
|switch|p1a: Dragapult|Dragapult, F|100/100
|-damage|p1a: Dragapult|88/100|[from] Stealth Rock
|turn|16
|
|move|p1a: Dragapult|U-turn|p2a: gamer girl
|-resisted|p2a: gamer girl
|-damage|p2a: gamer girl|0 fnt
|faint|p2a: gamer girl
|
|switch|p1a: Ferrothorn|Ferrothorn, M|73/100|[from]move: U-turn
|-damage|p1a: Ferrothorn|67/100|[from] Stealth Rock
|
|upkeep
|
|switch|p2a: mr gamer man|Rillaboom, M, shiny|65/100
|-damage|p2a: mr gamer man|52/100|[from] Stealth Rock
|-fieldstart|move: Grassy Terrain|[from] ability: Grassy Surge|[of] p2a: mr gamer man
|turn|17
|
|move|p2a: mr gamer man|Swords Dance|p2a: mr gamer man
|-boost|p2a: mr gamer man|atk|2
|move|p1a: Ferrothorn|Body Press|p2a: mr gamer man
|-damage|p2a: mr gamer man|22/100
|
|-heal|p2a: mr gamer man|28/100|[from] item: Leftovers
|-heal|p2a: mr gamer man|34/100|[from] Grassy Terrain
|-heal|p1a: Ferrothorn|73/100|[from] Grassy Terrain
|upkeep
|turn|18
|
|switch|p1a: Corsola|Corsola-Galar, F|100/100
|-damage|p1a: Corsola|88/100|[from] Stealth Rock
|move|p2a: mr gamer man|Knock Off|p1a: Corsola
|-supereffective|p1a: Corsola
|-damage|p1a: Corsola|13/100
|-start|p2a: mr gamer man|Disable|Knock Off|[from] ability: Cursed Body|[of] p1a: Corsola
|
|-heal|p2a: mr gamer man|41/100|[from] item: Leftovers
|-heal|p2a: mr gamer man|47/100|[from] Grassy Terrain
|-heal|p1a: Corsola|19/100|[from] Grassy Terrain
|upkeep
|turn|19
|
|move|p2a: mr gamer man|Drum Beating|p1a: Corsola
|-damage|p1a: Corsola|0 fnt
|faint|p1a: Corsola
|
|-heal|p2a: mr gamer man|53/100|[from] item: Leftovers
|-heal|p2a: mr gamer man|59/100|[from] Grassy Terrain
|upkeep
|
|switch|p1a: Dragapult|Dragapult, F|88/100
|-damage|p1a: Dragapult|76/100|[from] Stealth Rock
|turn|20
|
|switch|p2a: lamer than me|Toxapex, F|100/100
|-damage|p2a: lamer than me|88/100|[from] Stealth Rock
|move|p1a: Dragapult|Shadow Ball|p2a: lamer than me
|-damage|p2a: lamer than me|47/100
|-unboost|p2a: lamer than me|spd|1
|
|-heal|p1a: Dragapult|82/100|[from] Grassy Terrain
|-heal|p2a: lamer than me|53/100|[from] Grassy Terrain
|upkeep
|turn|21
|
|move|p2a: lamer than me|Baneful Bunker|p2a: lamer than me
|-singleturn|p2a: lamer than me|move: Protect
|move|p1a: Dragapult|Shadow Ball|p2a: lamer than me
|-activate|p2a: lamer than me|move: Protect
|
|-heal|p1a: Dragapult|88/100|[from] Grassy Terrain
|-heal|p2a: lamer than me|59/100|[from] Grassy Terrain
|-fieldend|move: Grassy Terrain
|upkeep
|turn|22
|
|move|p1a: Dragapult|Shadow Ball|p2a: lamer than me
|-damage|p2a: lamer than me|0 fnt
|faint|p2a: lamer than me
|
|upkeep
|
|switch|p2a: i'm cute|Togekiss, F|100/100
|-damage|p2a: i'm cute|76/100|[from] Stealth Rock
|turn|23
|
|switch|p1a: Ferrothorn|Ferrothorn, M|73/100
|-damage|p1a: Ferrothorn|67/100|[from] Stealth Rock
|move|p2a: i'm cute|Air Slash|p1a: Ferrothorn
|-damage|p1a: Ferrothorn|37/100
|
|upkeep
|turn|24
|
|move|p2a: i'm cute|Air Slash|p1a: Ferrothorn
|-damage|p1a: Ferrothorn|8/100
|cant|p1a: Ferrothorn|flinch
|
|upkeep
|turn|25
|
|move|p2a: i'm cute|Air Slash|p1a: Ferrothorn
|-damage|p1a: Ferrothorn|0 fnt
|faint|p1a: Ferrothorn
|
|upkeep
|
|switch|p1a: Dragapult|Dragapult, F|88/100
|-damage|p1a: Dragapult|76/100|[from] Stealth Rock
|turn|26
|
|move|p2a: i'm cute|Air Slash|p1a: Dragapult
|-crit|p1a: Dragapult
|-damage|p1a: Dragapult|4/100
|cant|p1a: Dragapult|flinch
|
|upkeep
|turn|27
|
|move|p2a: i'm cute|Air Slash|p1a: Dragapult
|-damage|p1a: Dragapult|0 fnt
|faint|p1a: Dragapult
|
|upkeep
|
|switch|p1a: Clefable|Clefable, F|100/100
|turn|28
|
|move|p2a: i'm cute|Air Slash|p1a: Clefable
|-damage|p1a: Clefable|67/100
|cant|p1a: Clefable|flinch
|
|upkeep
|turn|29
|
|move|p2a: i'm cute|Air Slash|p1a: Clefable
|-damage|p1a: Clefable|29/100
|move|p1a: Clefable|Thunderbolt|p2a: i'm cute
|-supereffective|p2a: i'm cute
|-damage|p2a: i'm cute|10/100
|
|upkeep
|turn|30
|
|move|p2a: i'm cute|Air Slash|p1a: Clefable
|-damage|p1a: Clefable|0 fnt
|faint|p1a: Clefable
|
|win|A
|c|☆himynametay|Virgin
|raw|himynametay's rating: 1656 &rarr; <strong>1634</strong><br />(-22 for losing)
|raw|A's rating: 1612 &rarr; <strong>1635</strong><br />(+23 for winning)
|l|☆himynametay
|j| arcsin180
|j| sg pokemon
|c|☆A|relt cup
|j| ha nitjiebu
