|inactive|Battle timer is ON: inactive players will automatically lose when time's up.
|j|‽Lou dort
|j|☆kitten riot
|t:|1660498683
|gametype|singles
|player|p1|Lou dort|101|
|player|p2|kitten riot|erika-masters2|
|teamsize|p1|6
|teamsize|p2|6
|gen|8
|tier|[Gen 8] OU
|rated|Tournament battle
|rule|Sleep Clause Mod: Limit one foe put to sleep
|rule|Species Clause: Limit one of each Pokémon
|rule|OHKO Clause: OHKO moves are banned
|rule|Evasion Items Clause: Evasion items are banned
|rule|Evasion Moves Clause: Evasion moves are banned
|rule|Endless Battle Clause: Forcing endless battles is banned
|rule|HP Percentage Mod: HP is shown in percentages
|rule|Dynamax Clause: You cannot dynamax
|rule|Camomons Mod: Pokémon have their types set to match their first two moves.
|rule|Inverse Mod: Weaknesses become resistances, while resistances and immunities become weaknesses.
|rule|Scalemons Mod: Every Pokemon's stats, barring HP, are scaled to come as close to a BST of 600 as possible
|rule|Blitz: Super-fast timer
|clearpoke
|poke|p1|Zygarde-10%|
|poke|p1|Victini|
|poke|p1|Slowking-Galar, M|
|poke|p1|Dragonite, M|
|poke|p1|Pikachu, F|
|poke|p1|Nihilego|
|poke|p2|Porygon-Z|
|poke|p2|Diggersby, F|
|poke|p2|Blaziken, M|
|poke|p2|Alakazam, F|
|poke|p2|Shedinja|
|poke|p2|Pikachu, F|
|teampreview
|inactive|Lou dort also wants the timer to be on.
|j|%htcl (>◡<)
|j| WOKE UP SIPPIN WOK
|j| qxfn143
|
|t:|1660498693
|start
|switch|p1a: Nihilego|Nihilego|100/100
|switch|p2a: Shedinja|Shedinja|100/100
|-start|p1a: Nihilego|typechange|Grass/Rock|[silent]
|-start|p2a: Shedinja|typechange|Normal/Ghost|[silent]
|-start|p1a: Nihilego|typechange|Grass/Rock|[silent]
|-start|p2a: Shedinja|typechange|Normal/Ghost|[silent]
|turn|1
|c|%htcl (>◡<)|Oh no
|c|%htcl (>◡<)|Shedinja
|inactive|Lou dort has 10 seconds left.
|
|t:|1660498699
|switch|p2a: Alakazam|Alakazam, F|100/100
|-start|p2a: Alakazam|typechange|Psychic/Ghost|[silent]
|move|p1a: Nihilego|Stealth Rock|p2a: Alakazam
|-sidestart|p2: kitten riot|move: Stealth Rock
|
|upkeep
|-start|p2a: Alakazam|typechange|Psychic/Ghost|[silent]
|turn|2
|
|t:|1660498701
|move|p2a: Alakazam|Nasty Plot|p2a: Alakazam
|-boost|p2a: Alakazam|spa|2
|move|p1a: Nihilego|Meteor Beam||[still]
|-prepare|p1a: Nihilego|Meteor Beam
|-boost|p1a: Nihilego|spa|1
|-enditem|p1a: Nihilego|Power Herb
|-anim|p1a: Nihilego|Meteor Beam|p2a: Alakazam
|-immune|p2a: Alakazam|[from] ability: Wonder Guard
|
|upkeep
|turn|3
|j| sufys12
|c|%htcl (>◡<)|I forgot to ban this
|c|%htcl (>◡<)|LOOOOO
|inactive|Lou dort has 10 seconds left.
|
|t:|1660498707
|switch|p1a: Slowking|Slowking-Galar, M|100/100
|-start|p1a: Slowking|typechange|Psychic/Poison|[silent]
|move|p2a: Alakazam|Psychic|p1a: Slowking
|-damage|p1a: Slowking|45/100
|
|upkeep
|-start|p1a: Slowking|typechange|Psychic/Poison|[silent]
|turn|4
|
|t:|1660498710
|move|p2a: Alakazam|Psychic|p1a: Slowking
|-damage|p1a: Slowking|0 fnt
|faint|p1a: Slowking
|
|upkeep
|c|%htcl (>◡<)|o well
|
|t:|1660498714
|switch|p1a: Pikachu|Pikachu, F|100/100
|-start|p1a: Pikachu|typechange|Normal/Electric|[silent]
|-start|p1a: Pikachu|typechange|Normal/Electric|[silent]
|turn|5
|
|t:|1660498715
|move|p1a: Pikachu|Fake Out|p2a: Alakazam
|-supereffective|p2a: Alakazam
|-damage|p2a: Alakazam|0 fnt
|faint|p2a: Alakazam
|-ability|p1a: Pikachu|Beast Boost|boost
|-boost|p1a: Pikachu|spe|1
|
|upkeep
|
|t:|1660498717
|switch|p2a: Shedinja|Shedinja|100/100
|-start|p2a: Shedinja|typechange|Normal/Ghost|[silent]
|-start|p2a: Shedinja|typechange|Normal/Ghost|[silent]
|turn|6
|
|t:|1660498720
|move|p1a: Pikachu|Extreme Speed|p2a: Shedinja
|-supereffective|p2a: Shedinja
|-damage|p2a: Shedinja|0 fnt
|faint|p2a: Shedinja
|-ability|p1a: Pikachu|Beast Boost|boost
|-boost|p1a: Pikachu|spe|1
|
|upkeep
|
|t:|1660498723
|switch|p2a: Diggersby|Diggersby, F|100/100
|-start|p2a: Diggersby|typechange|Normal|[silent]
|-start|p2a: Diggersby|typechange|Normal|[silent]
|turn|7
|
|t:|1660498725
|move|p2a: Diggersby|Quick Attack|p1a: Pikachu
|-damage|p1a: Pikachu|6/100
|move|p1a: Pikachu|Volt Tackle|p2a: Diggersby
|-immune|p2a: Diggersby|[from] ability: Wonder Guard
|
|upkeep
|turn|8
|
|t:|1660498728
|move|p2a: Diggersby|Quick Attack|p1a: Pikachu
|-damage|p1a: Pikachu|0 fnt
|faint|p1a: Pikachu
|
|upkeep
|inactive|Lou dort has 10 seconds left.
|
|t:|1660498735
|switch|p1a: Zygarde|Zygarde-10%|100/100
|-start|p1a: Zygarde|typechange|Ground/Normal|[silent]
|-ability|p1a: Zygarde|Aura Break
|-start|p1a: Zygarde|typechange|Ground/Normal|[silent]
|turn|9
|j| TheNewBrends11@!
|inactive|Lou dort has 10 seconds left.
|inactive|Lou dort has 5 seconds left.
|c| WOKE UP SIPPIN WOK|no one fucks with us when it comes to may'em
|
|t:|1660498747
|move|p1a: Zygarde|Superpower|p2a: Diggersby
|-immune|p2a: Diggersby|[from] ability: Wonder Guard
|move|p2a: Diggersby|Swords Dance|p2a: Diggersby
|-boost|p2a: Diggersby|atk|2
|
|upkeep
|turn|10
|inactive|Lou dort has 10 seconds left this turn.
|inactive|Lou dort has 5 seconds left.
|
|t:|1660498755
|move|p1a: Zygarde|Superpower|p2a: Diggersby
|-immune|p2a: Diggersby|[from] ability: Wonder Guard
|move|p2a: Diggersby|Facade|p1a: Zygarde
|-damage|p1a: Zygarde|0 fnt
|faint|p1a: Zygarde
|
|upkeep
|inactive|Lou dort has 10 seconds left this turn.
|c|%htcl (>◡<)|Please tell me u have
|inactive|Lou dort has 5 seconds left.
|c|%htcl (>◡<)|A ghost move
|-message|Lou dort forfeited.
|
|win|kitten riot
|inactive|Lou dort has 10 seconds left this turn.
|n|‽Lou dort|loudort
|n|☆kitten riot|kittenriot
|n| htcl (>◡<)|htcl
|n| WOKE UP SIPPIN WOK|wokeupsippinwok
|n| qxfn143|qxfn143
|n| sufys12|sufys12
|n| TheNewBrends11@!|thenewbrends11
|l|‽Lou dort
|c|☆kitten riot|easy
|l| WOKE UP SIPPIN WOK
|l|☆kitten riot
|c| htcl (>◡<)|I guess not...
|l| htcl (>◡<)
|l| qxfn143
|j| htcl (>◡<)
|l| htcl (>◡<)
|j| qxfn143
|l| qxfn143
