|raw|<div class="broadcast-blue"><strong>This battle is required to be public due to a player having a name starting with 'lt92pf'.</div>
|j|☆lt92PF stock972
|j|‽kinetic chain
|t:|1660093355
|gametype|singles
|player|p1|lt92PF stock972|blue-gen1|1820
|player|p2|kinetic chain|giovanni-gen1|1879
|teamsize|p1|6
|teamsize|p2|6
|gen|8
|tier|[Gen 8] OU
|rated|
|rule|Sleep Clause Mod: Limit one foe put to sleep
|rule|Species Clause: Limit one of each Pokémon
|rule|OHKO Clause: OHKO moves are banned
|rule|Evasion Items Clause: Evasion items are banned
|rule|Evasion Moves Clause: Evasion moves are banned
|rule|Endless Battle Clause: Forcing endless battles is banned
|rule|HP Percentage Mod: HP is shown in percentages
|rule|Dynamax Clause: You cannot dynamax
|clearpoke
|poke|p1|Rillaboom, F|
|poke|p1|Tornadus-Therian, M|
|poke|p1|Blaziken, F|
|poke|p1|Melmetal|
|poke|p1|Garchomp, F|
|poke|p1|Slowbro, M|
|poke|p2|Dragapult, M|
|poke|p2|Clefable, M|
|poke|p2|Heatran, M|
|poke|p2|Landorus-Therian, M|
|poke|p2|Rotom-Wash|
|poke|p2|Kartana|
|teampreview
|inactive|Battle timer is ON: inactive players will automatically lose when time's up. (requested by kinetic chain)
|
|t:|1660093367
|start
|switch|p1a: Slowbro|Slowbro, M|100/100
|switch|p2a: Landorus|Landorus-Therian, M|100/100
|-ability|p2a: Landorus|Intimidate|boost
|-unboost|p1a: Slowbro|atk|1
|turn|1
|j| LT92PF Hero
|
|t:|1660093373
|move|p2a: Landorus|Toxic|p1a: Slowbro
|-status|p1a: Slowbro|tox
|move|p1a: Slowbro|Scald|p2a: Landorus
|-supereffective|p2a: Landorus
|-damage|p2a: Landorus|63/100
|
|-heal|p2a: Landorus|69/100|[from] item: Leftovers
|-damage|p1a: Slowbro|94/100 tox|[from] psn
|upkeep
|turn|2
|
|t:|1660093380
|move|p2a: Landorus|Stealth Rock|p1a: Slowbro
|-sidestart|p1: lt92PF stock972|move: Stealth Rock
|move|p1a: Slowbro|Teleport|p1a: Slowbro
|
|t:|1660093383
|switch|p1a: Tornadus|Tornadus-Therian, M|100/100|[from]move: Teleport
|
|-heal|p2a: Landorus|75/100|[from] item: Leftovers
|upkeep
|turn|3
|
|t:|1660093386
|move|p1a: Tornadus|Knock Off|p2a: Landorus
|-damage|p2a: Landorus|55/100
|-enditem|p2a: Landorus|Leftovers|[from] move: Knock Off|[of] p1a: Tornadus
|move|p2a: Landorus|Toxic|p1a: Tornadus
|-status|p1a: Tornadus|tox
|
|-damage|p1a: Tornadus|94/100 tox|[from] psn
|upkeep
|turn|4
|
|t:|1660093390
|move|p1a: Tornadus|Defog|p2a: Landorus
|-unboost|p2a: Landorus|evasion|1
|-sideend|p1: lt92PF stock972|Stealth Rock|[from] move: Defog|[of] p1a: Tornadus
|move|p2a: Landorus|U-turn|p1a: Tornadus
|-resisted|p1a: Tornadus
|-damage|p1a: Tornadus|83/100 tox
|
|t:|1660093402
|switch|p2a: Heatran|Heatran, M|100/100|[from]move: U-turn
|
|-damage|p1a: Tornadus|70/100 tox|[from] psn
|upkeep
|turn|5
|
|t:|1660093406
|move|p1a: Tornadus|U-turn|p2a: Heatran
|-resisted|p2a: Heatran
|-crit|p2a: Heatran
|-damage|p2a: Heatran|96/100
|
|t:|1660093409
|switch|p1a: Garchomp|Garchomp, F|100/100|[from]move: U-turn
|move|p2a: Heatran|Magma Storm|p1a: Garchomp
|-resisted|p1a: Garchomp
|-damage|p1a: Garchomp|86/100
|-activate|p1a: Garchomp|move: Magma Storm|[of] p2a: Heatran
|
|-heal|p1a: Garchomp|92/100|[from] item: Leftovers
|-heal|p2a: Heatran|100/100|[from] item: Leftovers
|-damage|p1a: Garchomp|80/100|[from] move: Magma Storm|[partiallytrapped]
|upkeep
|turn|6
|
|t:|1660093419
|switch|p2a: Landorus|Landorus-Therian, M|55/100
|-ability|p2a: Landorus|Intimidate|boost
|-unboost|p1a: Garchomp|atk|1
|move|p1a: Garchomp|Earthquake|p2a: Landorus
|-immune|p2a: Landorus
|
|-heal|p1a: Garchomp|86/100|[from] item: Leftovers
|-end|p1a: Garchomp|Magma Storm|[partiallytrapped]|[silent]
|upkeep
|turn|7
|
|t:|1660093425
|move|p1a: Garchomp|Toxic|p2a: Landorus
|-status|p2a: Landorus|tox
|move|p2a: Landorus|Toxic|p1a: Garchomp
|-status|p1a: Garchomp|tox
|
|-heal|p1a: Garchomp|92/100 tox|[from] item: Leftovers
|-damage|p1a: Garchomp|86/100 tox|[from] psn
|-damage|p2a: Landorus|49/100 tox|[from] psn
|upkeep
|turn|8
|j| Santiago Bernabeu
|
|t:|1660093429
|move|p1a: Garchomp|Stealth Rock|p2a: Landorus
|-sidestart|p2: kinetic chain|move: Stealth Rock
|move|p2a: Landorus|Stealth Rock|p1a: Garchomp
|-sidestart|p1: lt92PF stock972|move: Stealth Rock
|
|-heal|p1a: Garchomp|92/100 tox|[from] item: Leftovers
|-damage|p1a: Garchomp|80/100 tox|[from] psn
|-damage|p2a: Landorus|37/100 tox|[from] psn
|upkeep
|turn|9
|
|t:|1660093433
|switch|p1a: Melmetal|Melmetal|100/100
|-damage|p1a: Melmetal|94/100|[from] Stealth Rock
|move|p2a: Landorus|U-turn|p1a: Melmetal
|-resisted|p1a: Melmetal
|-damage|p1a: Melmetal|88/100
|
|t:|1660093445
|switch|p2a: Rotom|Rotom-Wash|100/100|[from]move: U-turn
|-damage|p2a: Rotom|88/100|[from] Stealth Rock
|
|-heal|p2a: Rotom|94/100|[from] item: Leftovers
|-heal|p1a: Melmetal|94/100|[from] item: Leftovers
|upkeep
|turn|10
|
|t:|1660093448
|move|p1a: Melmetal|Protect|p1a: Melmetal
|-singleturn|p1a: Melmetal|Protect
|move|p2a: Rotom|Hydro Pump|p1a: Melmetal
|-activate|p1a: Melmetal|move: Protect
|
|-heal|p2a: Rotom|99/100|[from] item: Leftovers
|-heal|p1a: Melmetal|100/100|[from] item: Leftovers
|upkeep
|turn|11
|
|t:|1660093453
|switch|p1a: Garchomp|Garchomp, F|80/100 tox
|-damage|p1a: Garchomp|74/100 tox|[from] Stealth Rock
|move|p2a: Rotom|Hydro Pump|p1a: Garchomp
|-damage|p1a: Garchomp|48/100 tox
|
|-heal|p1a: Garchomp|54/100 tox|[from] item: Leftovers
|-heal|p2a: Rotom|100/100|[from] item: Leftovers
|-damage|p1a: Garchomp|48/100 tox|[from] psn
|upkeep
|turn|12
|
|t:|1660093460
|switch|p1a: Rillaboom|Rillaboom, F|100/100
|-damage|p1a: Rillaboom|88/100|[from] Stealth Rock
|-fieldstart|move: Grassy Terrain|[from] ability: Grassy Surge|[of] p1a: Rillaboom
|switch|p2a: Landorus|Landorus-Therian, M|37/100 tox
|-damage|p2a: Landorus|25/100 tox|[from] Stealth Rock
|-ability|p2a: Landorus|Intimidate|boost
|-unboost|p1a: Rillaboom|atk|1
|
|-heal|p1a: Rillaboom|94/100|[from] Grassy Terrain
|-heal|p1a: Rillaboom|100/100|[from] item: Leftovers
|-damage|p2a: Landorus|19/100 tox|[from] psn
|upkeep
|turn|13
|
|t:|1660093470
|move|p1a: Rillaboom|Grassy Glide|p2a: Landorus
|-damage|p2a: Landorus|0 fnt
|faint|p2a: Landorus
|
|upkeep
|
|t:|1660093475
|switch|p2a: Kartana|Kartana|100/100
|-damage|p2a: Kartana|94/100|[from] Stealth Rock
|turn|14
|
|t:|1660093481
|switch|p1a: Tornadus|Tornadus-Therian, M|100/100 tox
|move|p2a: Kartana|Leaf Blade|p1a: Tornadus
|-resisted|p1a: Tornadus
|-crit|p1a: Tornadus
|-damage|p1a: Tornadus|10/100 tox
|
|-heal|p2a: Kartana|100/100|[from] Grassy Terrain
|-damage|p1a: Tornadus|4/100 tox|[from] psn
|upkeep
|turn|15
|
|t:|1660093488
|move|p1a: Tornadus|Heat Wave|p2a: Kartana
|-supereffective|p2a: Kartana
|-damage|p2a: Kartana|0 fnt
|faint|p2a: Kartana
|
|-damage|p1a: Tornadus|0 fnt|[from] psn
|faint|p1a: Tornadus
|upkeep
|
|t:|1660093500
|switch|p1a: Blaziken|Blaziken, F|100/100
|switch|p2a: Dragapult|Dragapult, M|100/100
|-damage|p1a: Blaziken|88/100|[from] Stealth Rock
|turn|16
|
|t:|1660093508
|move|p1a: Blaziken|Protect|p1a: Blaziken
|-singleturn|p1a: Blaziken|Protect
|move|p2a: Dragapult|Draco Meteor|p1a: Blaziken
|-activate|p1a: Blaziken|move: Protect
|
|-heal|p1a: Blaziken|94/100|[from] Grassy Terrain
|-heal|p1a: Blaziken|100/100|[from] item: Leftovers
|-fieldend|move: Grassy Terrain
|-ability|p1a: Blaziken|Speed Boost|boost
|-boost|p1a: Blaziken|spe|1
|upkeep
|turn|17
|
|t:|1660093516
|switch|p1a: Melmetal|Melmetal|100/100
|-damage|p1a: Melmetal|94/100|[from] Stealth Rock
|move|p2a: Dragapult|Will-O-Wisp|p1a: Melmetal
|-status|p1a: Melmetal|brn
|
|-heal|p1a: Melmetal|100/100 brn|[from] item: Leftovers
|-damage|p1a: Melmetal|94/100 brn|[from] brn
|upkeep
|turn|18
|j| Rich Minion
|
|t:|1660093522
|switch|p2a: Rotom|Rotom-Wash|100/100
|-damage|p2a: Rotom|88/100|[from] Stealth Rock
|move|p1a: Melmetal|Double Iron Bash|p2a: Rotom
|-resisted|p2a: Rotom
|-damage|p2a: Rotom|84/100
|-resisted|p2a: Rotom
|-damage|p2a: Rotom|80/100
|-hitcount|p2a: Rotom|2
|
|-heal|p2a: Rotom|86/100|[from] item: Leftovers
|-heal|p1a: Melmetal|100/100 brn|[from] item: Leftovers
|-damage|p1a: Melmetal|94/100 brn|[from] brn
|upkeep
|turn|19
|
|t:|1660093526
|switch|p1a: Slowbro|Slowbro, M|100/100 tox
|-damage|p1a: Slowbro|88/100 tox|[from] Stealth Rock
|move|p2a: Rotom|Volt Switch|p1a: Slowbro
|-supereffective|p1a: Slowbro
|-damage|p1a: Slowbro|39/100 tox
|
|t:|1660093528
|switch|p2a: Dragapult|Dragapult, M|100/100|[from]move: Volt Switch
|
|-damage|p1a: Slowbro|33/100 tox|[from] psn
|upkeep
|turn|20
|
|t:|1660093532
|switch|p1a: Garchomp|Garchomp, F|48/100 tox
|-damage|p1a: Garchomp|42/100 tox|[from] Stealth Rock
|move|p2a: Dragapult|Hex|p1a: Garchomp
|-damage|p1a: Garchomp|2/100 tox
|
|-heal|p1a: Garchomp|9/100 tox|[from] item: Leftovers
|-damage|p1a: Garchomp|2/100 tox|[from] psn
|upkeep
|turn|21
|
|t:|1660093537
|move|p2a: Dragapult|Hex|p1a: Garchomp
|-damage|p1a: Garchomp|0 fnt
|faint|p1a: Garchomp
|
|upkeep
|
|t:|1660093541
|switch|p1a: Rillaboom|Rillaboom, F|100/100
|-damage|p1a: Rillaboom|88/100|[from] Stealth Rock
|-fieldstart|move: Grassy Terrain|[from] ability: Grassy Surge|[of] p1a: Rillaboom
|turn|22
|
|t:|1660093545
|move|p2a: Dragapult|Will-O-Wisp|p1a: Rillaboom
|-status|p1a: Rillaboom|brn
|move|p1a: Rillaboom|Knock Off|p2a: Dragapult
|-supereffective|p2a: Dragapult
|-damage|p2a: Dragapult|53/100
|-enditem|p2a: Dragapult|Heavy-Duty Boots|[from] move: Knock Off|[of] p1a: Rillaboom
|
|-heal|p2a: Dragapult|59/100|[from] Grassy Terrain
|-heal|p1a: Rillaboom|94/100 brn|[from] Grassy Terrain
|-heal|p1a: Rillaboom|100/100 brn|[from] item: Leftovers
|-damage|p1a: Rillaboom|94/100 brn|[from] brn
|upkeep
|turn|23
|
|t:|1660093553
|move|p2a: Dragapult|Hex|p1a: Rillaboom
|-damage|p1a: Rillaboom|29/100 brn
|move|p1a: Rillaboom|Knock Off|p2a: Dragapult
|-supereffective|p2a: Dragapult
|-damage|p2a: Dragapult|24/100
|
|-heal|p2a: Dragapult|30/100|[from] Grassy Terrain
|-heal|p1a: Rillaboom|36/100 brn|[from] Grassy Terrain
|-heal|p1a: Rillaboom|42/100 brn|[from] item: Leftovers
|-damage|p1a: Rillaboom|36/100 brn|[from] brn
|upkeep
|turn|24
|
|t:|1660093557
|move|p2a: Dragapult|Hex|p1a: Rillaboom
|-damage|p1a: Rillaboom|0 fnt
|faint|p1a: Rillaboom
|
|-heal|p2a: Dragapult|36/100|[from] Grassy Terrain
|upkeep
|
|t:|1660093559
|switch|p1a: Blaziken|Blaziken, F|100/100
|-damage|p1a: Blaziken|88/100|[from] Stealth Rock
|turn|25
|
|t:|1660093564
|move|p2a: Dragapult|Thunder Wave|p1a: Blaziken
|-status|p1a: Blaziken|par
|move|p1a: Blaziken|Swords Dance|p1a: Blaziken
|-boost|p1a: Blaziken|atk|2
|
|-heal|p2a: Dragapult|42/100|[from] Grassy Terrain
|-heal|p1a: Blaziken|94/100 par|[from] Grassy Terrain
|-heal|p1a: Blaziken|100/100 par|[from] item: Leftovers
|-ability|p1a: Blaziken|Speed Boost|boost
|-boost|p1a: Blaziken|spe|1
|upkeep
|turn|26
|
|t:|1660093569
|move|p2a: Dragapult|Hex|p1a: Blaziken
|-damage|p1a: Blaziken|25/100 par
|cant|p1a: Blaziken|par
|
|-heal|p2a: Dragapult|48/100|[from] Grassy Terrain
|-heal|p1a: Blaziken|31/100 par|[from] Grassy Terrain
|-heal|p1a: Blaziken|37/100 par|[from] item: Leftovers
|-fieldend|move: Grassy Terrain
|-ability|p1a: Blaziken|Speed Boost|boost
|-boost|p1a: Blaziken|spe|1
|upkeep
|turn|27
|
|t:|1660093575
|move|p1a: Blaziken|Protect|p1a: Blaziken
|-singleturn|p1a: Blaziken|Protect
|move|p2a: Dragapult|Hex|p1a: Blaziken
|-activate|p1a: Blaziken|move: Protect
|
|-heal|p1a: Blaziken|44/100 par|[from] item: Leftovers
|-ability|p1a: Blaziken|Speed Boost|boost
|-boost|p1a: Blaziken|spe|1
|upkeep
|turn|28
|
|t:|1660093583
|move|p1a: Blaziken|Protect||[still]
|-fail|p1a: Blaziken
|move|p2a: Dragapult|Hex|p1a: Blaziken
|-damage|p1a: Blaziken|0 fnt
|faint|p1a: Blaziken
|
|upkeep
|c|☆lt92PF stock972|gg
|c|☆lt92PF stock972|fprfeot
|-message|lt92PF stock972 forfeited.
|
|win|kinetic chain
|raw|lt92PF stock972's rating: 1820 &rarr; <strong>1803</strong><br />(-17 for losing)
|raw|kinetic chain's rating: 1879 &rarr; <strong>1896</strong><br />(+17 for winning)
|l|☆lt92PF stock972
|l|‽kinetic chain
||Ladder isn't responding, score probably updated but might not have (Request timeout).
|l| Rich Minion
|j| LT92PF Sunny
|l| LT92PF Sunny
