|j|☆smollest brian
|j|☆drop a baby
|t:|1654880566
|gametype|singles
|player|p1|smollest brian|sonia|1698
|player|p2|drop a baby|lady|1696
|teamsize|p1|6
|teamsize|p2|6
|gen|8
|tier|[Gen 8] OU
|rated|
|rule|Sleep Clause Mod: Limit one foe put to sleep
|rule|Species Clause: Limit one of each Pokémon
|rule|OHKO Clause: OHKO moves are banned
|rule|Evasion Moves Clause: Evasion moves are banned
|rule|Endless Battle Clause: Forcing endless battles is banned
|rule|HP Percentage Mod: HP is shown in percentages
|rule|Dynamax Clause: You cannot dynamax
|clearpoke
|poke|p1|Conkeldurr, M|
|poke|p1|Rillaboom, F|
|poke|p1|Moltres|
|poke|p1|Garchomp, F|
|poke|p1|Melmetal|
|poke|p1|Zeraora|
|poke|p2|Rillaboom, M|
|poke|p2|Bewear, M|
|poke|p2|Slowking-Galar, M|
|poke|p2|Tapu Lele|
|poke|p2|Landorus-Therian, M|
|poke|p2|Corviknight, M|
|teampreview
|inactive|Battle timer is ON: inactive players will automatically lose when time's up. (requested by drop a baby)
|
|t:|1654880583
|start
|switch|p1a: Garchomp|Garchomp, F|100/100
|switch|p2a: Landorus|Landorus-Therian, M|100/100
|-ability|p2a: Landorus|Intimidate|boost
|-unboost|p1a: Garchomp|atk|1
|turn|1
|
|t:|1654880588
|move|p1a: Garchomp|Toxic|p2a: Landorus
|-status|p2a: Landorus|tox
|move|p2a: Landorus|Toxic|p1a: Garchomp
|-status|p1a: Garchomp|tox
|
|-damage|p1a: Garchomp|94/100 tox|[from] psn
|-damage|p2a: Landorus|94/100 tox|[from] psn
|upkeep
|turn|2
|
|t:|1654880590
|move|p1a: Garchomp|Stealth Rock|p2a: Landorus
|-sidestart|p2: drop a baby|move: Stealth Rock
|move|p2a: Landorus|Stealth Rock|p1a: Garchomp
|-sidestart|p1: smollest brian|move: Stealth Rock
|
|-heal|p2a: Landorus|100/100 tox|[from] item: Leftovers
|-damage|p1a: Garchomp|82/100 tox|[from] psn
|-damage|p2a: Landorus|88/100 tox|[from] psn
|upkeep
|turn|3
|
|t:|1654880594
|move|p1a: Garchomp|Flamethrower|p2a: Landorus
|-damage|p2a: Landorus|76/100 tox
|move|p2a: Landorus|U-turn|p1a: Garchomp
|-damage|p1a: Garchomp|67/100 tox
|-damage|p2a: Landorus|64/100 tox|[from] ability: Rough Skin|[of] p1a: Garchomp
|-damage|p2a: Landorus|48/100 tox|[from] item: Rocky Helmet|[of] p1a: Garchomp
|
|t:|1654880600
|switch|p2a: Tapu Lele|Tapu Lele, shiny|100/100|[from]move: U-turn
|-damage|p2a: Tapu Lele|88/100|[from] Stealth Rock
|-fieldstart|move: Psychic Terrain|[from] ability: Psychic Surge|[of] p2a: Tapu Lele
|
|-damage|p1a: Garchomp|48/100 tox|[from] psn
|upkeep
|turn|4
|
|t:|1654880603
|switch|p1a: Melmetal|Melmetal|100/100
|-damage|p1a: Melmetal|94/100|[from] Stealth Rock
|move|p2a: Tapu Lele|Future Sight|p1a: Melmetal
|-start|p2a: Tapu Lele|move: Future Sight
|
|upkeep
|turn|5
|j| cumps
|
|t:|1654880616
|switch|p2a: Bewear|Bewear, M|100/100
|-damage|p2a: Bewear|94/100|[from] Stealth Rock
|move|p1a: Melmetal|Thunder Punch|p2a: Bewear
|-damage|p2a: Bewear|78/100
|
|-heal|p2a: Bewear|84/100|[from] item: Leftovers
|upkeep
|turn|6
|j| JiangBoyue2
|l| cumps
|
|t:|1654880640
|move|p2a: Bewear|Double-Edge|p1a: Melmetal
|-resisted|p1a: Melmetal
|-damage|p1a: Melmetal|78/100
|-damage|p2a: Bewear|78/100|[from] Recoil
|move|p1a: Melmetal|Double Iron Bash|p2a: Bewear
|-damage|p2a: Bewear|58/100
|-damage|p2a: Bewear|36/100
|-hitcount|p2a: Bewear|2
|
|-end|p1a: Melmetal|move: Future Sight
|-resisted|p1a: Melmetal
|-damage|p1a: Melmetal|44/100
|-heal|p2a: Bewear|42/100|[from] item: Leftovers
|upkeep
|turn|7
|
|t:|1654880656
|switch|p1a: Garchomp|Garchomp, F|48/100 tox
|-damage|p1a: Garchomp|42/100 tox|[from] Stealth Rock
|move|p2a: Bewear|Drain Punch|p1a: Garchomp
|-damage|p1a: Garchomp|16/100 tox
|-heal|p2a: Bewear|55/100|[from] drain|[of] p1a: Garchomp
|-damage|p2a: Bewear|43/100|[from] ability: Rough Skin|[of] p1a: Garchomp
|-damage|p2a: Bewear|26/100|[from] item: Rocky Helmet|[of] p1a: Garchomp
|
|-heal|p2a: Bewear|32/100|[from] item: Leftovers
|-damage|p1a: Garchomp|10/100 tox|[from] psn
|-fieldend|move: Psychic Terrain
|upkeep
|turn|8
|
|t:|1654880671
|switch|p1a: #morbiussweep|Conkeldurr, M|100/100
|-damage|p1a: #morbiussweep|94/100|[from] Stealth Rock
|switch|p2a: Slowking|Slowking-Galar, M|100/100
|-damage|p2a: Slowking|88/100|[from] Stealth Rock
|
|-status|p1a: #morbiussweep|brn|[from] item: Flame Orb
|upkeep
|turn|9
|
|t:|1654880674
|switch|p2a: Corviknight|Corviknight, M|100/100
|-damage|p2a: Corviknight|88/100|[from] Stealth Rock
|-ability|p2a: Corviknight|Pressure
|move|p1a: #morbiussweep|Knock Off|p2a: Corviknight
|-damage|p2a: Corviknight|53/100
|-damage|p1a: #morbiussweep|78/100 brn|[from] item: Rocky Helmet|[of] p2a: Corviknight
|-enditem|p2a: Corviknight|Rocky Helmet|[from] move: Knock Off|[of] p1a: #morbiussweep
|
|-damage|p1a: #morbiussweep|72/100 brn|[from] brn
|upkeep
|turn|10
|
|t:|1654880677
|move|p1a: #morbiussweep|Close Combat|p2a: Corviknight
|-damage|p2a: Corviknight|0 fnt
|-unboost|p1a: #morbiussweep|def|1
|-unboost|p1a: #morbiussweep|spd|1
|faint|p2a: Corviknight
|
|-damage|p1a: #morbiussweep|65/100 brn|[from] brn
|upkeep
|-message|drop a baby forfeited.
|
|win|smollest brian
|raw|smollest brian's rating: 1698 &rarr; <strong>1718</strong><br />(+20 for winning)
|raw|drop a baby's rating: 1696 &rarr; <strong>1676</strong><br />(-20 for losing)
|l|☆drop a baby
