|html|<div class="broadcast-blue"><strong>[Gen 8] OU is currently suspecting Zamazenta-Crowned! For information on how to participate check out the <a href="https://www.smogon.com/forums/threads/np-ss-ou-suspect-process-round-10-royals.3681787/">suspect thread</a>.</strong></div>
|j|☆Af lele.tomas
|j|☆Mutako Z
|t:|1618526403
|gametype|singles
|player|p1|Af lele.tomas|nate|1570
|player|p2|Mutako Z|28|1523
|teamsize|p1|6
|teamsize|p2|6
|gen|8
|tier|[Gen 8] OU
|rated|
|clearpoke
|poke|p1|Pelipper, M|
|poke|p1|Barraskewda, M|
|poke|p1|Urshifu-*, M|
|poke|p1|Kingdra, M|
|poke|p1|Ferrothorn, M|
|poke|p1|Clefable, M|
|poke|p2|Zeraora|
|poke|p2|Ferrothorn, M|
|poke|p2|Hydreigon, M|
|poke|p2|Landorus-Therian, M|
|poke|p2|Rillaboom, F|
|poke|p2|Suicune|
|rule|Sleep Clause Mod: Limit one foe put to sleep
|rule|Species Clause: Limit one of each Pokémon
|rule|OHKO Clause: OHKO moves are banned
|rule|Evasion Moves Clause: Evasion moves are banned
|rule|Endless Battle Clause: Forcing endless battles is banned
|rule|HP Percentage Mod: HP is shown in percentages
|rule|Dynamax Clause: You cannot dynamax
|teampreview
|inactive|Battle timer is ON: inactive players will automatically lose when time's up. (requested by Af lele.tomas)
|
|t:|1618526412
|start
|switch|p1a: Pelipper|Pelipper, M|100/100
|switch|p2a: Zeraora|Zeraora|100/100
|-weather|RainDance|[from] ability: Drizzle|[of] p1a: Pelipper
|turn|1
|inactive|Af lele.tomas has 120 seconds left.
|
|t:|1618526442
|switch|p1a: Ferrothorn|Ferrothorn, M|100/100
|move|p2a: Zeraora|Bulk Up|p2a: Zeraora
|-boost|p2a: Zeraora|atk|1
|-boost|p2a: Zeraora|def|1
|
|-weather|RainDance|[upkeep]
|upkeep
|turn|2
|
|t:|1618526449
|move|p2a: Zeraora|Close Combat|p1a: Ferrothorn
|-supereffective|p1a: Ferrothorn
|-damage|p1a: Ferrothorn|0 fnt
|-unboost|p2a: Zeraora|def|1
|-unboost|p2a: Zeraora|spd|1
|-damage|p2a: Zeraora|88/100|[from] ability: Iron Barbs|[of] p1a: Ferrothorn
|-damage|p2a: Zeraora|78/100|[from] item: Life Orb
|faint|p1a: Ferrothorn
|
|-weather|RainDance|[upkeep]
|upkeep
|inactive|Af lele.tomas has 120 seconds left.
|
|t:|1618526462
|switch|p1a: Kingdra|Kingdra, M|100/100
|turn|3
|
|t:|1618526470
|switch|p2a: Ferrothorn|Ferrothorn, M|100/100
|move|p1a: Kingdra|Ice Beam|p2a: Ferrothorn
|-damage|p2a: Ferrothorn|74/100
|
|-weather|RainDance|[upkeep]
|upkeep
|turn|4
|
|t:|1618526477
|switch|p1a: Pelipper|Pelipper, M|100/100
|move|p2a: Ferrothorn|Thunder Wave|p1a: Pelipper
|-status|p1a: Pelipper|par
|
|-weather|RainDance|[upkeep]
|upkeep
|turn|5
|
|t:|1618526483
|move|p1a: Pelipper|Hurricane|p2a: Ferrothorn
|-damage|p2a: Ferrothorn|50/100
|move|p2a: Ferrothorn|Stealth Rock|p1a: Pelipper
|-sidestart|p1: Af lele.tomas|move: Stealth Rock
|
|-weather|RainDance|[upkeep]
|upkeep
|turn|6
|inactive|Af lele.tomas has 120 seconds left.
|inactive|Af lele.tomas has 90 seconds left.
|
|t:|1618526569
|move|p1a: Pelipper|Hurricane|p2a: Ferrothorn
|-damage|p2a: Ferrothorn|27/100
|move|p2a: Ferrothorn|Leech Seed|p1a: Pelipper
|-start|p1a: Pelipper|move: Leech Seed
|
|-weather|RainDance|[upkeep]
|-damage|p1a: Pelipper|88/100 par|[from] Leech Seed|[of] p2a: Ferrothorn
|-heal|p2a: Ferrothorn|39/100|[silent]
|upkeep
|turn|7
|inactive|Af lele.tomas has 60 seconds left.
|
|t:|1618526602
|cant|p1a: Pelipper|par
|move|p2a: Ferrothorn|Thunder Wave|p1a: Pelipper
|-fail|p1a: Pelipper|par
|
|-weather|RainDance|[upkeep]
|-damage|p1a: Pelipper|76/100 par|[from] Leech Seed|[of] p2a: Ferrothorn
|-heal|p2a: Ferrothorn|50/100|[silent]
|upkeep
|turn|8
|
|t:|1618526610
|move|p1a: Pelipper|Defog|p2a: Ferrothorn
|-unboost|p2a: Ferrothorn|evasion|1
|-sideend|p1: Af lele.tomas|Stealth Rock|[from] move: Defog|[of] p1a: Pelipper
|move|p2a: Ferrothorn|Gyro Ball|p1a: Pelipper
|-resisted|p1a: Pelipper
|-damage|p1a: Pelipper|70/100 par
|
|-weather|none
|-damage|p1a: Pelipper|58/100 par|[from] Leech Seed|[of] p2a: Ferrothorn
|-heal|p2a: Ferrothorn|62/100|[silent]
|upkeep
|turn|9
|inactive|Af lele.tomas has 60 seconds left.
|inactive|Af lele.tomas has 30 seconds left.
|
|t:|1618526648
|switch|p1a: Kingdra|Kingdra, M|100/100
|move|p2a: Ferrothorn|Stealth Rock|p1a: Kingdra
|-sidestart|p1: Af lele.tomas|move: Stealth Rock
|
|upkeep
|turn|10
|inactive|Af lele.tomas has 30 seconds left.
|inactive|Af lele.tomas has 20 seconds left.
|
|t:|1618526672
|move|p1a: Kingdra|Hurricane|p2a: Ferrothorn|[miss]
|-miss|p1a: Kingdra|p2a: Ferrothorn
|move|p2a: Ferrothorn|Leech Seed|p1a: Kingdra
|-start|p1a: Kingdra|move: Leech Seed
|
|-damage|p1a: Kingdra|88/100|[from] Leech Seed|[of] p2a: Ferrothorn
|-heal|p2a: Ferrothorn|72/100|[silent]
|upkeep
|turn|11
|inactive|Af lele.tomas has 30 seconds left this turn.
|
|t:|1618526679
|switch|p1a: Pelipper|Pelipper, M|58/100 par
|-damage|p1a: Pelipper|33/100 par|[from] Stealth Rock
|-weather|RainDance|[from] ability: Drizzle|[of] p1a: Pelipper
|move|p2a: Ferrothorn|Thunder Wave|p1a: Pelipper
|-fail|p1a: Pelipper|par
|
|-weather|RainDance|[upkeep]
|upkeep
|turn|12
|
|t:|1618526687
|switch|p2a: Suicune|Suicune|100/100
|-ability|p2a: Suicune|Pressure
|move|p1a: Pelipper|Defog|p2a: Suicune
|-unboost|p2a: Suicune|evasion|1
|-sideend|p1: Af lele.tomas|Stealth Rock|[from] move: Defog|[of] p1a: Pelipper
|
|-weather|RainDance|[upkeep]
|upkeep
|turn|13
|inactive|Af lele.tomas has 30 seconds left.
|
|t:|1618526709
|switch|p1a: Urshifu|Urshifu-Rapid-Strike, M|100/100
|move|p2a: Suicune|Substitute|p2a: Suicune
|-start|p2a: Suicune|Substitute
|-damage|p2a: Suicune|75/100
|
|-weather|RainDance|[upkeep]
|-heal|p2a: Suicune|82/100|[from] item: Leftovers
|upkeep
|turn|14
|
|t:|1618526718
|move|p1a: Urshifu|Thunder Punch|p2a: Suicune
|-supereffective|p2a: Suicune
|-end|p2a: Suicune|Substitute
|move|p2a: Suicune|Surf|p1a: Urshifu
|-resisted|p1a: Urshifu
|-damage|p1a: Urshifu|56/100
|
|-weather|RainDance|[upkeep]
|-heal|p2a: Suicune|88/100|[from] item: Leftovers
|upkeep
|turn|15
|
|t:|1618526734
|switch|p2a: Ferrothorn|Ferrothorn, M|72/100
|move|p1a: Urshifu|Thunder Punch|p2a: Ferrothorn
|-resisted|p2a: Ferrothorn
|-damage|p2a: Ferrothorn|56/100
|-damage|p1a: Urshifu|44/100|[from] ability: Iron Barbs|[of] p2a: Ferrothorn
|-damage|p1a: Urshifu|27/100|[from] item: Rocky Helmet|[of] p2a: Ferrothorn
|
|-weather|RainDance|[upkeep]
|upkeep
|turn|16
|
|t:|1618526744
|switch|p1a: Kingdra|Kingdra, M|88/100
|switch|p2a: Landorus|Landorus-Therian, M|100/100
|-ability|p2a: Landorus|Intimidate|boost
|-unboost|p1a: Kingdra|atk|1
|
|-weather|RainDance|[upkeep]
|upkeep
|turn|17
|
|t:|1618526755
|switch|p2a: Suicune|Suicune|88/100
|-ability|p2a: Suicune|Pressure
|move|p1a: Kingdra|Draco Meteor|p2a: Suicune
|-damage|p2a: Suicune|17/100
|-unboost|p1a: Kingdra|spa|2
|
|-weather|RainDance|[upkeep]
|-heal|p2a: Suicune|24/100|[from] item: Leftovers
|upkeep
|turn|18
|inactive|Af lele.tomas has 60 seconds left.
|
|t:|1618526766
|move|p1a: Kingdra|Draco Meteor|p2a: Suicune
|-damage|p2a: Suicune|0 fnt
|-unboost|p1a: Kingdra|spa|2
|faint|p2a: Suicune
|
|-weather|none
|upkeep
|
|t:|1618526775
|switch|p2a: Rillaboom|Rillaboom, F|100/100
|-fieldstart|move: Grassy Terrain|[from] ability: Grassy Surge|[of] p2a: Rillaboom
|turn|19
|
|t:|1618526780
|switch|p1a: Pelipper|Pelipper, M|33/100 par
|-weather|RainDance|[from] ability: Drizzle|[of] p1a: Pelipper
|move|p2a: Rillaboom|Grassy Glide|p1a: Pelipper
|-damage|p1a: Pelipper|0 fnt
|-damage|p2a: Rillaboom|91/100|[from] item: Life Orb
|faint|p1a: Pelipper
|
|-weather|RainDance|[upkeep]
|-heal|p2a: Rillaboom|97/100|[from] Grassy Terrain
|upkeep
|
|t:|1618526796
|switch|p1a: Kingdra|Kingdra, M|88/100
|turn|20
|inactive|Mutako Z has 120 seconds left.
|
|t:|1618526838
|switch|p2a: Hydreigon|Hydreigon, M|100/100
|move|p1a: Kingdra|Ice Beam|p2a: Hydreigon
|-supereffective|p2a: Hydreigon
|-damage|p2a: Hydreigon|2/100
|
|-weather|RainDance|[upkeep]
|-heal|p1a: Kingdra|94/100|[from] Grassy Terrain
|-heal|p2a: Hydreigon|8/100|[from] item: Leftovers
|upkeep
|turn|21
|
|t:|1618526853
|move|p1a: Kingdra|Ice Beam|p2a: Hydreigon
|-supereffective|p2a: Hydreigon
|-damage|p2a: Hydreigon|0 fnt
|faint|p2a: Hydreigon
|
|-weather|RainDance|[upkeep]
|-heal|p1a: Kingdra|100/100|[from] Grassy Terrain
|upkeep
|
|t:|1618526862
|switch|p2a: Ferrothorn|Ferrothorn, M|56/100
|turn|22
|
|t:|1618526866
|move|p1a: Kingdra|Ice Beam|p2a: Ferrothorn
|-damage|p2a: Ferrothorn|29/100
|move|p2a: Ferrothorn|Thunder Wave|p1a: Kingdra
|-status|p1a: Kingdra|par
|
|-weather|RainDance|[upkeep]
|-heal|p2a: Ferrothorn|36/100|[from] Grassy Terrain
|upkeep
|turn|23
|
|t:|1618526873
|move|p1a: Kingdra|Ice Beam|p2a: Ferrothorn
|-damage|p2a: Ferrothorn|10/100
|move|p2a: Ferrothorn|Leech Seed|p1a: Kingdra
|-start|p1a: Kingdra|move: Leech Seed
|
|-weather|RainDance|[upkeep]
|-heal|p2a: Ferrothorn|16/100|[from] Grassy Terrain
|-fieldend|move: Grassy Terrain
|-damage|p1a: Kingdra|88/100 par|[from] Leech Seed|[of] p2a: Ferrothorn
|-heal|p2a: Ferrothorn|27/100|[silent]
|upkeep
|turn|24
|
|t:|1618526881
|switch|p1a: Urshifu|Urshifu-Rapid-Strike, M|27/100
|move|p2a: Ferrothorn|Stealth Rock|p1a: Urshifu
|-sidestart|p1: Af lele.tomas|move: Stealth Rock
|
|-weather|RainDance|[upkeep]
|upkeep
|turn|25
|
|t:|1618526889
|switch|p2a: Landorus|Landorus-Therian, M|100/100
|-ability|p2a: Landorus|Intimidate|boost
|-unboost|p1a: Urshifu|atk|1
|move|p1a: Urshifu|Close Combat|p2a: Landorus
|-resisted|p2a: Landorus
|-damage|p2a: Landorus|65/100
|-unboost|p1a: Urshifu|def|1
|-unboost|p1a: Urshifu|spd|1
|
|-weather|RainDance|[upkeep]
|upkeep
|turn|26
|
|t:|1618526899
|switch|p2a: Ferrothorn|Ferrothorn, M|27/100
|switch|p1a: Clefable|Clefable, M|100/100
|-damage|p1a: Clefable|88/100|[from] Stealth Rock
|
|-weather|none
|-heal|p1a: Clefable|94/100|[from] item: Leftovers
|upkeep
|turn|27
|inactive|Af lele.tomas has 120 seconds left.
|
|t:|1618526907
|move|p1a: Clefable|Wish|p1a: Clefable
|move|p2a: Ferrothorn|Gyro Ball|p1a: Clefable
|-supereffective|p1a: Clefable
|-damage|p1a: Clefable|56/100
|
|-heal|p1a: Clefable|62/100|[from] item: Leftovers
|upkeep
|turn|28
|
|t:|1618526916
|move|p1a: Clefable|Moonblast|p2a: Ferrothorn
|-resisted|p2a: Ferrothorn
|-damage|p2a: Ferrothorn|17/100
|-unboost|p2a: Ferrothorn|spa|1
|move|p2a: Ferrothorn|Thunder Wave|p1a: Clefable
|-status|p1a: Clefable|par
|
|-heal|p1a: Clefable|100/100 par|[from] move: Wish|[wisher] Clefable
|upkeep
|turn|29
|
|t:|1618526927
|move|p1a: Clefable|Wish|p1a: Clefable
|move|p2a: Ferrothorn|Gyro Ball|p1a: Clefable
|-supereffective|p1a: Clefable
|-damage|p1a: Clefable|81/100 par
|
|-heal|p1a: Clefable|87/100 par|[from] item: Leftovers
|upkeep
|turn|30
|
|t:|1618526940
|move|p1a: Clefable|Heal Bell|p1a: Clefable
|-activate|p1a: Clefable|move: Heal Bell
|-curestatus|p1a: Clefable|par|[msg]
|-curestatus|p1: Kingdra|par|[msg]
|move|p2a: Ferrothorn|Leech Seed|p1a: Clefable
|-start|p1a: Clefable|move: Leech Seed
|
|-heal|p1a: Clefable|100/100|[from] move: Wish|[wisher] Clefable
|-damage|p1a: Clefable|88/100|[from] Leech Seed|[of] p2a: Ferrothorn
|-heal|p2a: Ferrothorn|31/100|[silent]
|upkeep
|turn|31
|
|t:|1618526952
|switch|p1a: Barraskewda|Barraskewda, M|100/100
|-damage|p1a: Barraskewda|88/100|[from] Stealth Rock
|move|p2a: Ferrothorn|Thunder Wave|p1a: Barraskewda
|-status|p1a: Barraskewda|par
|
|upkeep
|turn|32
|
|t:|1618526959
|move|p1a: Barraskewda|Close Combat|p2a: Ferrothorn
|-supereffective|p2a: Ferrothorn
|-damage|p2a: Ferrothorn|0 fnt
|-unboost|p1a: Barraskewda|def|1
|-unboost|p1a: Barraskewda|spd|1
|-damage|p1a: Barraskewda|76/100 par|[from] ability: Iron Barbs|[of] p2a: Ferrothorn
|-damage|p1a: Barraskewda|60/100 par|[from] item: Rocky Helmet|[of] p2a: Ferrothorn
|faint|p2a: Ferrothorn
|
|upkeep
|
|t:|1618526970
|switch|p2a: Landorus|Landorus-Therian, M|65/100
|-ability|p2a: Landorus|Intimidate|boost
|-unboost|p1a: Barraskewda|atk|1
|turn|33
|
|t:|1618526975
|switch|p1a: Urshifu|Urshifu-Rapid-Strike, M|27/100
|-damage|p1a: Urshifu|21/100|[from] Stealth Rock
|move|p2a: Landorus|Earthquake|p1a: Urshifu
|-damage|p1a: Urshifu|0 fnt
|faint|p1a: Urshifu
|
|upkeep
|
|t:|1618526986
|switch|p1a: Kingdra|Kingdra, M|88/100
|-damage|p1a: Kingdra|76/100|[from] Stealth Rock
|turn|34
|
|t:|1618526989
|move|p2a: Landorus|Earthquake|p1a: Kingdra
|-damage|p1a: Kingdra|6/100
|move|p1a: Kingdra|Surf|p2a: Landorus
|-supereffective|p2a: Landorus
|-damage|p2a: Landorus|0 fnt
|faint|p2a: Landorus
|
|upkeep
|
|t:|1618526999
|switch|p2a: Zeraora|Zeraora|78/100
|turn|35
|
|t:|1618527006
|move|p2a: Zeraora|Plasma Fists|p1a: Kingdra
|-damage|p1a: Kingdra|0 fnt
|-fieldactivate|move: Ion Deluge
|-damage|p2a: Zeraora|69/100|[from] item: Life Orb
|faint|p1a: Kingdra
|
|upkeep
|
|t:|1618527010
|switch|p1a: Clefable|Clefable, M|88/100
|-damage|p1a: Clefable|76/100|[from] Stealth Rock
|turn|36
|
|t:|1618527020
|move|p2a: Zeraora|Knock Off|p1a: Clefable
|-resisted|p1a: Clefable
|-damage|p1a: Clefable|60/100
|-enditem|p1a: Clefable|Leftovers|[from] move: Knock Off|[of] p2a: Zeraora
|-damage|p2a: Zeraora|59/100|[from] item: Life Orb
|move|p1a: Clefable|Wish|p1a: Clefable
|
|upkeep
|turn|37
|
|t:|1618527030
|move|p2a: Zeraora|Plasma Fists|p1a: Clefable
|-damage|p1a: Clefable|14/100
|-fieldactivate|move: Ion Deluge
|-damage|p2a: Zeraora|49/100|[from] item: Life Orb
|move|p1a: Clefable|Heal Bell|p1a: Clefable
|-activate|p1a: Clefable|move: Heal Bell
|-curestatus|p1: Barraskewda|par|[msg]
|
|-heal|p1a: Clefable|64/100|[from] move: Wish|[wisher] Clefable
|upkeep
|turn|38
|
|t:|1618527048
|move|p2a: Zeraora|Plasma Fists|p1a: Clefable
|-damage|p1a: Clefable|21/100
|-fieldactivate|move: Ion Deluge
|-damage|p2a: Zeraora|39/100|[from] item: Life Orb
|move|p1a: Clefable|Wish|p1a: Clefable
|
|upkeep
|turn|39
|
|t:|1618527057
|switch|p2a: Rillaboom|Rillaboom, F|97/100
|-fieldstart|move: Grassy Terrain|[from] ability: Grassy Surge|[of] p2a: Rillaboom
|move|p1a: Clefable|Protect||[still]
|-fail|p1a: Clefable
|
|-heal|p1a: Clefable|71/100|[from] move: Wish|[wisher] Clefable
|-heal|p2a: Rillaboom|100/100|[from] Grassy Terrain
|-heal|p1a: Clefable|77/100|[from] Grassy Terrain
|upkeep
|turn|40
|
|t:|1618527067
|move|p1a: Clefable|Protect|p1a: Clefable
|-singleturn|p1a: Clefable|Protect
|move|p2a: Rillaboom|Grassy Glide|p1a: Clefable
|-activate|p1a: Clefable|move: Protect
|
|-heal|p1a: Clefable|83/100|[from] Grassy Terrain
|upkeep
|turn|41
|
|t:|1618527074
|switch|p1a: Barraskewda|Barraskewda, M|60/100
|-damage|p1a: Barraskewda|48/100|[from] Stealth Rock
|move|p2a: Rillaboom|Grassy Glide|p1a: Barraskewda
|-supereffective|p1a: Barraskewda
|-damage|p1a: Barraskewda|0 fnt
|-damage|p2a: Rillaboom|91/100|[from] item: Life Orb
|faint|p1a: Barraskewda
|
|-heal|p2a: Rillaboom|97/100|[from] Grassy Terrain
|upkeep
|
|t:|1618527078
|switch|p1a: Clefable|Clefable, M|83/100
|-damage|p1a: Clefable|71/100|[from] Stealth Rock
|turn|42
|
|t:|1618527089
|move|p1a: Clefable|Protect|p1a: Clefable
|-singleturn|p1a: Clefable|Protect
|move|p2a: Rillaboom|Grassy Glide|p1a: Clefable
|-activate|p1a: Clefable|move: Protect
|
|-heal|p2a: Rillaboom|100/100|[from] Grassy Terrain
|-heal|p1a: Clefable|77/100|[from] Grassy Terrain
|upkeep
|turn|43
|
|t:|1618527098
|move|p2a: Rillaboom|Grassy Glide|p1a: Clefable
|-damage|p1a: Clefable|34/100
|-damage|p2a: Rillaboom|91/100|[from] item: Life Orb
|move|p1a: Clefable|Wish|p1a: Clefable
|
|-heal|p2a: Rillaboom|97/100|[from] Grassy Terrain
|-heal|p1a: Clefable|40/100|[from] Grassy Terrain
|-fieldend|move: Grassy Terrain
|upkeep
|turn|44
|
|t:|1618527112
|move|p2a: Rillaboom|High Horsepower|p1a: Clefable
|-damage|p1a: Clefable|10/100
|-damage|p2a: Rillaboom|87/100|[from] item: Life Orb
|move|p1a: Clefable|Moonblast|p2a: Rillaboom
|-damage|p2a: Rillaboom|42/100
|
|-heal|p1a: Clefable|60/100|[from] move: Wish|[wisher] Clefable
|upkeep
|turn|45
|
|t:|1618527122
|move|p2a: Rillaboom|U-turn|p1a: Clefable
|-resisted|p1a: Clefable
|-damage|p1a: Clefable|48/100
|-damage|p2a: Rillaboom|32/100|[from] item: Life Orb
|
|t:|1618527126
|switch|p2a: Zeraora|Zeraora|39/100|[from]move: U-turn
|move|p1a: Clefable|Wish|p1a: Clefable
|
|upkeep
|turn|46
|
|t:|1618527136
|move|p1a: Clefable|Protect|p1a: Clefable
|-singleturn|p1a: Clefable|Protect
|move|p2a: Zeraora|Bulk Up|p2a: Zeraora
|-boost|p2a: Zeraora|atk|1
|-boost|p2a: Zeraora|def|1
|
|-heal|p1a: Clefable|98/100|[from] move: Wish|[wisher] Clefable
|upkeep
|turn|47
|
|t:|1618527143
|move|p2a: Zeraora|Plasma Fists|p1a: Clefable
|-damage|p1a: Clefable|52/100
|-fieldactivate|move: Ion Deluge
|-damage|p2a: Zeraora|30/100|[from] item: Life Orb
|move|p1a: Clefable|Wish|p1a: Clefable
|
|upkeep
|turn|48
|
|t:|1618527154
|move|p1a: Clefable|Protect|p1a: Clefable
|-singleturn|p1a: Clefable|Protect
|move|p2a: Zeraora|Plasma Fists|p1a: Clefable
|-activate|p1a: Clefable|move: Protect
|
|-heal|p1a: Clefable|100/100|[from] move: Wish|[wisher] Clefable
|upkeep
|turn|49
|
|t:|1618527163
|move|p2a: Zeraora|Plasma Fists|p1a: Clefable
|-damage|p1a: Clefable|58/100
|-fieldactivate|move: Ion Deluge
|-damage|p2a: Zeraora|20/100|[from] item: Life Orb
|move|p1a: Clefable|Wish|p1a: Clefable
|
|upkeep
|turn|50
|
|t:|1618527177
|move|p1a: Clefable|Protect|p1a: Clefable
|-singleturn|p1a: Clefable|Protect
|move|p2a: Zeraora|Plasma Fists|p1a: Clefable
|-activate|p1a: Clefable|move: Protect
|
|-heal|p1a: Clefable|100/100|[from] move: Wish|[wisher] Clefable
|upkeep
|turn|51
|
|t:|1618527190
|move|p2a: Zeraora|Plasma Fists|p1a: Clefable
|-damage|p1a: Clefable|53/100
|-fieldactivate|move: Ion Deluge
|-damage|p2a: Zeraora|10/100|[from] item: Life Orb
|move|p1a: Clefable|Wish|p1a: Clefable
|
|upkeep
|turn|52
|
|t:|1618527197
|move|p1a: Clefable|Protect|p1a: Clefable
|-singleturn|p1a: Clefable|Protect
|move|p2a: Zeraora|Bulk Up|p2a: Zeraora
|-boost|p2a: Zeraora|atk|1
|-boost|p2a: Zeraora|def|1
|
|-heal|p1a: Clefable|100/100|[from] move: Wish|[wisher] Clefable
|upkeep
|turn|53
|
|t:|1618527204
|move|p2a: Zeraora|Plasma Fists|p1a: Clefable
|-damage|p1a: Clefable|52/100
|-fieldactivate|move: Ion Deluge
|-damage|p2a: Zeraora|0 fnt|[from] item: Life Orb
|faint|p2a: Zeraora
|move|p1a: Clefable|Wish|p1a: Clefable
|
|upkeep
|
|t:|1618527211
|switch|p2a: Rillaboom|Rillaboom, F|32/100
|-fieldstart|move: Grassy Terrain|[from] ability: Grassy Surge|[of] p2a: Rillaboom
|turn|54
|
|t:|1618527215
|move|p1a: Clefable|Protect|p1a: Clefable
|-singleturn|p1a: Clefable|Protect
|move|p2a: Rillaboom|Grassy Glide|p1a: Clefable
|-activate|p1a: Clefable|move: Protect
|
|-heal|p1a: Clefable|100/100|[from] move: Wish|[wisher] Clefable
|-heal|p2a: Rillaboom|38/100|[from] Grassy Terrain
|upkeep
|turn|55
|
|t:|1618527223
|move|p2a: Rillaboom|Grassy Glide|p1a: Clefable
|-damage|p1a: Clefable|54/100
|-damage|p2a: Rillaboom|28/100|[from] item: Life Orb
|move|p1a: Clefable|Moonblast|p2a: Rillaboom
|-damage|p2a: Rillaboom|0 fnt
|faint|p2a: Rillaboom
|
|win|Af lele.tomas
|raw|Af lele.tomas's rating: 1570 &rarr; <strong>1587</strong><br />(+17 for winning)
|raw|Mutako Z's rating: 1523 &rarr; <strong>1506</strong><br />(-17 for losing)
|c|☆Af lele.tomas|gg
|c|☆Mutako Z|gg
