|j|☆A3720
|j|☆z1x2c3
|t:|1650836211
|gametype|singles
|player|p1|A3720|265|1538
|player|p2|z1x2c3|unknownf|1517
|teamsize|p1|6
|teamsize|p2|6
|gen|8
|tier|[Gen 8] OU
|rated|
|rule|Sleep Clause Mod: Limit one foe put to sleep
|rule|Species Clause: Limit one of each Pokémon
|rule|OHKO Clause: OHKO moves are banned
|rule|Evasion Moves Clause: Evasion moves are banned
|rule|Endless Battle Clause: Forcing endless battles is banned
|rule|HP Percentage Mod: HP is shown in percentages
|rule|Dynamax Clause: You cannot dynamax
|clearpoke
|poke|p1|Inteleon, F|
|poke|p1|Ferrothorn, M|
|poke|p1|Zapdos|
|poke|p1|Garchomp, M|
|poke|p1|Weavile, F|
|poke|p1|Tapu Lele|
|poke|p2|Tapu Fini|
|poke|p2|Magnezone|
|poke|p2|Tapu Lele|
|poke|p2|Kartana|
|poke|p2|Hawlucha, M|
|poke|p2|Landorus-Therian, M|
|teampreview
|c|☆z1x2c3|glhf!
|inactive|Battle timer is ON: inactive players will automatically lose when time's up. (requested by z1x2c3)
|
|t:|1650836227
|start
|switch|p1a: Inteleon|Inteleon, F, shiny|100/100
|switch|p2a: tapulele|Tapu Lele|100/100
|-fieldstart|move: Psychic Terrain|[from] ability: Psychic Surge|[of] p2a: tapulele
|turn|1
|
|t:|1650836230
|switch|p1a: Ferrothorn|Ferrothorn, M|100/100
|move|p2a: tapulele|Moonblast|p1a: Ferrothorn
|-resisted|p1a: Ferrothorn
|-damage|p1a: Ferrothorn|67/100
|
|upkeep
|turn|2
|
|t:|1650836248
|switch|p2a: landorustherian|Landorus-Therian, M|100/100
|-ability|p2a: landorustherian|Intimidate|boost
|-unboost|p1a: Ferrothorn|atk|1
|switch|p1a: Garchomp|Garchomp, M|100/100
|
|upkeep
|turn|3
|
|t:|1650836261
|move|p1a: Garchomp|Stealth Rock|p2a: landorustherian
|-sidestart|p2: z1x2c3|move: Stealth Rock
|move|p2a: landorustherian|U-turn|p1a: Garchomp
|-damage|p1a: Garchomp|78/100
|-damage|p2a: landorustherian|88/100|[from] ability: Rough Skin|[of] p1a: Garchomp
|
|t:|1650836263
|switch|p2a: tapulele|Tapu Lele|100/100|[from]move: U-turn
|-damage|p2a: tapulele|88/100|[from] Stealth Rock
|
|-heal|p1a: Garchomp|84/100|[from] item: Leftovers
|upkeep
|turn|4
|inactive|A3720 has 120 seconds left.
|
|t:|1650836320
|move|p1a: Garchomp|Earthquake|p2a: tapulele
|-damage|p2a: tapulele|6/100
|move|p2a: tapulele|Moonblast|p1a: Garchomp
|-supereffective|p1a: Garchomp
|-damage|p1a: Garchomp|0 fnt
|faint|p1a: Garchomp
|
|upkeep
|inactive|A3720 has 90 seconds left.
|
|t:|1650836344
|switch|p1a: Weavile|Weavile, F|100/100
|-ability|p1a: Weavile|Pressure
|turn|5
|
|t:|1650836346
|switch|p2a: tapufini|Tapu Fini|100/100
|-damage|p2a: tapufini|88/100|[from] Stealth Rock
|-fieldstart|move: Misty Terrain|[from] ability: Misty Surge|[of] p2a: tapufini
|move|p1a: Weavile|Knock Off|p2a: tapufini
|-resisted|p2a: tapufini
|-damage|p2a: tapufini|59/100
|-enditem|p2a: tapufini|Choice Scarf|[from] move: Knock Off|[of] p1a: Weavile
|
|upkeep
|turn|6
|
|t:|1650836362
|switch|p1a: Inteleon|Inteleon, F, shiny|100/100
|move|p2a: tapufini|Defog|p1a: Inteleon
|-unboost|p1a: Inteleon|evasion|1
|-sideend|p2: z1x2c3|Stealth Rock|[from] move: Defog|[of] p2a: tapufini
|-fieldend|Misty Terrain
|
|upkeep
|turn|7
|j| CoronavirusEUW
|
|t:|1650836374
|move|p1a: Inteleon|Focus Energy|p1a: Inteleon
|-start|p1a: Inteleon|move: Focus Energy
|move|p2a: tapufini|Moonblast|p1a: Inteleon
|-damage|p1a: Inteleon|38/100
|-unboost|p1a: Inteleon|spa|1
|
|upkeep
|turn|8
|
|t:|1650836401
|move|p1a: Inteleon|Shadow Ball|p2a: tapufini
|-crit|p2a: tapufini
|-damage|p2a: tapufini|0 fnt
|faint|p2a: tapufini
|
|upkeep
|
|t:|1650836403
|switch|p2a: landorustherian|Landorus-Therian, M|88/100
|-ability|p2a: landorustherian|Intimidate|boost
|-unboost|p1a: Inteleon|atk|1
|turn|9
|inactive|A3720 has 90 seconds left.
|
|t:|1650836442
|move|p1a: Inteleon|Hydro Pump|p2a: landorustherian|[miss]
|-miss|p1a: Inteleon|p2a: landorustherian
|move|p2a: landorustherian|U-turn|p1a: Inteleon
|-damage|p1a: Inteleon|1/100
|
|t:|1650836444
|switch|p2a: Magnezone|Magnezone|100/100|[from]move: U-turn
|
|upkeep
|turn|10
|
|t:|1650836452
|move|p1a: Inteleon|Hydro Pump|p2a: Magnezone
|-crit|p2a: Magnezone
|-damage|p2a: Magnezone|0 fnt
|faint|p2a: Magnezone
|
|upkeep
|
|t:|1650836454
|switch|p2a: landorustherian|Landorus-Therian, M|88/100
|-ability|p2a: landorustherian|Intimidate|boost
|-unboost|p1a: Inteleon|atk|1
|turn|11
|
|t:|1650836462
|move|p1a: Inteleon|Shadow Ball|p2a: landorustherian
|-crit|p2a: landorustherian
|-damage|p2a: landorustherian|39/100
|-unboost|p2a: landorustherian|spd|1
|move|p2a: landorustherian|Earthquake|p1a: Inteleon
|-damage|p1a: Inteleon|0 fnt
|faint|p1a: Inteleon
|
|-heal|p2a: landorustherian|45/100|[from] item: Leftovers
|upkeep
|inactive|A3720 has 90 seconds left.
|
|t:|1650836494
|switch|p1a: Ferrothorn|Ferrothorn, M|67/100
|turn|12
|
|t:|1650836495
|move|p2a: landorustherian|Stealth Rock|p1a: Ferrothorn
|-sidestart|p1: A3720|move: Stealth Rock
|move|p1a: Ferrothorn|Spikes|p2a: landorustherian
|-sidestart|p2: z1x2c3|Spikes
|
|-heal|p2a: landorustherian|51/100|[from] item: Leftovers
|upkeep
|turn|13
|
|t:|1650836502
|move|p2a: landorustherian|U-turn|p1a: Ferrothorn
|-damage|p1a: Ferrothorn|53/100
|-damage|p2a: landorustherian|38/100|[from] ability: Iron Barbs|[of] p1a: Ferrothorn
|-damage|p2a: landorustherian|22/100|[from] item: Rocky Helmet|[of] p1a: Ferrothorn
|inactive|z1x2c3 has 120 seconds left.
|
|t:|1650836532
|switch|p2a: tapulele|Tapu Lele|6/100|[from]move: U-turn
|-damage|p2a: tapulele|0 fnt|[from] Spikes
|faint|p2a: tapulele
|move|p1a: Ferrothorn|Gyro Ball|p2: tapulele|[notarget]
|-fail|p1a: Ferrothorn
|
|upkeep
|
|t:|1650836533
|switch|p2a: Hawlucha|Hawlucha, M|100/100
|turn|14
|inactive|A3720 has 90 seconds left.
|
|t:|1650836574
|move|p2a: Hawlucha|Substitute|p2a: Hawlucha
|-start|p2a: Hawlucha|Substitute
|-damage|p2a: Hawlucha|76/100
|move|p1a: Ferrothorn|Gyro Ball|p2a: Hawlucha
|-end|p2a: Hawlucha|Substitute
|
|upkeep
|turn|15
|
|t:|1650836581
|move|p2a: Hawlucha|Substitute|p2a: Hawlucha
|-start|p2a: Hawlucha|Substitute
|-damage|p2a: Hawlucha|51/100
|move|p1a: Ferrothorn|Gyro Ball|p2a: Hawlucha
|-end|p2a: Hawlucha|Substitute
|
|upkeep
|turn|16
|
|t:|1650836588
|move|p2a: Hawlucha|Substitute|p2a: Hawlucha
|-start|p2a: Hawlucha|Substitute
|-damage|p2a: Hawlucha|26/100
|move|p1a: Ferrothorn|Gyro Ball|p2a: Hawlucha
|-end|p2a: Hawlucha|Substitute
|
|upkeep
|turn|17
|
|t:|1650836593
|move|p2a: Hawlucha|Close Combat|p1a: Ferrothorn
|-supereffective|p1a: Ferrothorn
|-damage|p1a: Ferrothorn|0 fnt
|-unboost|p2a: Hawlucha|def|1
|-unboost|p2a: Hawlucha|spd|1
|-damage|p2a: Hawlucha|14/100|[from] ability: Iron Barbs|[of] p1a: Ferrothorn
|-damage|p2a: Hawlucha|0 fnt|[from] item: Rocky Helmet|[of] p1a: Ferrothorn
|faint|p1a: Ferrothorn
|faint|p2a: Hawlucha
|
|upkeep
|
|t:|1650836609
|switch|p2a: landorustherian|Landorus-Therian, M|22/100
|switch|p1a: Tapu Lele|Tapu Lele|100/100
|-damage|p1a: Tapu Lele|88/100|[from] Stealth Rock
|-fieldstart|move: Psychic Terrain|[from] ability: Psychic Surge|[of] p1a: Tapu Lele
|-ability|p2a: landorustherian|Intimidate|boost
|-unboost|p1a: Tapu Lele|atk|1
|turn|18
|
|t:|1650836612
|move|p1a: Tapu Lele|Moonblast|p2a: landorustherian
|-crit|p2a: landorustherian
|-damage|p2a: landorustherian|0 fnt
|faint|p2a: landorustherian
|
|upkeep
|
|t:|1650836612
|switch|p2a: Kartana|Kartana|100/100
|-damage|p2a: Kartana|88/100|[from] Spikes
|turn|19
|
|t:|1650836615
|move|p2a: Kartana|Knock Off|p1a: Tapu Lele
|-damage|p1a: Tapu Lele|18/100
|-enditem|p1a: Tapu Lele|Choice Scarf|[from] move: Knock Off|[of] p2a: Kartana
|move|p1a: Tapu Lele|Moonblast|p2a: Kartana
|-resisted|p2a: Kartana
|-damage|p2a: Kartana|0 fnt
|faint|p2a: Kartana
|
|win|A3720
|raw|A3720's rating: 1538 &rarr; <strong>1557</strong><br />(+19 for winning)
|raw|z1x2c3's rating: 1517 &rarr; <strong>1498</strong><br />(-19 for losing)
|c|☆z1x2c3|gg
|l|☆z1x2c3
||Ladder isn't responding, score probably updated but might not have (Request timeout).
