|j|☆Blue chen
|j|☆Marlingl
|player|p1|Blue chen|karen|1691
|player|p2|Marlingl|135|1722
|teamsize|p1|6
|teamsize|p2|6
|gametype|singles
|gen|8
|tier|[Gen 8] OU
|rated|
|clearpoke
|poke|p1|Accelgor, M|
|poke|p1|Magearna|
|poke|p1|Urshifu-*, M|
|poke|p1|Dracozolt|
|poke|p1|Azumarill, M|
|poke|p1|Volcarona, M|
|poke|p2|Mandibuzz, F|
|poke|p2|Ferrothorn, F|
|poke|p2|Clefable, F|
|poke|p2|Chansey, F|
|poke|p2|Toxapex, M|
|poke|p2|Volcarona, F|
|rule|Sleep Clause Mod: Limit one foe put to sleep
|rule|Species Clause: Limit one of each Pokémon
|rule|OHKO Clause: OHKO moves are banned
|rule|Evasion Moves Clause: Evasion moves are banned
|rule|Endless Battle Clause: Forcing endless battles is banned
|rule|HP Percentage Mod: HP is shown in percentages
|rule|Dynamax Clause: You cannot dynamax
|teampreview
|
|start
|switch|p1a: Dracozolt|Dracozolt|100/100
|switch|p2a: Volcarona|Volcarona, F|100/100
|turn|1
|
|switch|p2a: Ferrothorn|Ferrothorn, F|100/100
|move|p1a: Dracozolt|Bolt Beak|p2a: Ferrothorn
|-resisted|p2a: Ferrothorn
|-damage|p2a: Ferrothorn|69/100
|-damage|p1a: Dracozolt|88/100|[from] ability: Iron Barbs|[of] p2a: Ferrothorn
|
|-heal|p2a: Ferrothorn|75/100|[from] item: Leftovers
|upkeep
|turn|2
|
|move|p1a: Dracozolt|Low Kick|p2a: Ferrothorn
|-supereffective|p2a: Ferrothorn
|-damage|p2a: Ferrothorn|26/100
|-damage|p1a: Dracozolt|76/100|[from] ability: Iron Barbs|[of] p2a: Ferrothorn
|move|p2a: Ferrothorn|Knock Off|p1a: Dracozolt
|-damage|p1a: Dracozolt|50/100
|-enditem|p1a: Dracozolt|Wide Lens|[from] move: Knock Off|[of] p2a: Ferrothorn
|
|-heal|p2a: Ferrothorn|32/100|[from] item: Leftovers
|upkeep
|turn|3
|
|move|p1a: Dracozolt|Low Kick|p2a: Ferrothorn
|-supereffective|p2a: Ferrothorn
|-damage|p2a: Ferrothorn|0 fnt
|-damage|p1a: Dracozolt|37/100|[from] ability: Iron Barbs|[of] p2a: Ferrothorn
|faint|p2a: Ferrothorn
|
|upkeep
|
|switch|p2a: Volcarona|Volcarona, F|100/100
|turn|4
|
|move|p2a: Volcarona|Bug Buzz|p1a: Dracozolt
|-damage|p1a: Dracozolt|0 fnt
|faint|p1a: Dracozolt
|
|upkeep
|
|switch|p1a: Urshifu|Urshifu-Rapid-Strike, M|100/100
|turn|5
|
|switch|p2a: Toxapex|Toxapex, M|100/100
|switch|p1a: Accelgor|Accelgor, M|100/100
|
|upkeep
|turn|6
|
|switch|p2a: Chansey|Chansey, F|100/100
|move|p1a: Accelgor|Spikes|p2a: Chansey
|-sidestart|p2: Marlingl|Spikes
|
|upkeep
|turn|7
|
|move|p1a: Accelgor|Spikes|p2a: Chansey
|-sidestart|p2: Marlingl|Spikes
|move|p2a: Chansey|Soft-Boiled||[still]
|-fail|p2a: Chansey|heal
|
|upkeep
|turn|8
|
|move|p1a: Accelgor|Spikes|p2a: Chansey
|-sidestart|p2: Marlingl|Spikes
|move|p2a: Chansey|Toxic|p1a: Accelgor
|-status|p1a: Accelgor|tox
|
|-damage|p1a: Accelgor|94/100 tox|[from] psn
|upkeep
|turn|9
|
|move|p1a: Accelgor|Toxic Spikes|p2a: Chansey
|-sidestart|p2: Marlingl|move: Toxic Spikes
|move|p2a: Chansey|Soft-Boiled||[still]
|-fail|p2a: Chansey|heal
|
|-damage|p1a: Accelgor|82/100 tox|[from] psn
|upkeep
|turn|10
|
|move|p1a: Accelgor|Final Gambit|p2a: Chansey
|-damage|p2a: Chansey|58/100
|faint|p1a: Accelgor
|move|p2a: Chansey|Seismic Toss|p1: Accelgor|[notarget]
|-fail|p2a: Chansey
|
|upkeep
|c|☆Marlingl|lol
|
|switch|p1a: Azumarill|Azumarill, M|100/100
|turn|11
|
|move|p1a: Azumarill|Belly Drum|p1a: Azumarill
|-damage|p1a: Azumarill|51/100
|-setboost|p1a: Azumarill|atk|6|[from] move: Belly Drum
|move|p2a: Chansey|Toxic|p1a: Azumarill
|-status|p1a: Azumarill|tox
|
|-damage|p1a: Azumarill|45/100 tox|[from] psn
|upkeep
|-enditem|p1a: Azumarill|Sitrus Berry|[eat]
|-heal|p1a: Azumarill|69/100 tox|[from] item: Sitrus Berry
|turn|12
|
|switch|p2a: Volcarona|Volcarona, F|100/100
|move|p1a: Azumarill|Knock Off|p2a: Volcarona
|-damage|p2a: Volcarona|0 fnt
|-enditem|p2a: Volcarona|Heavy-Duty Boots|[from] move: Knock Off|[of] p1a: Azumarill
|faint|p2a: Volcarona
|
|-damage|p1a: Azumarill|57/100 tox|[from] psn
|upkeep
|
|switch|p2a: Mandibuzz|Mandibuzz, F|100/100
|turn|13
|
|move|p1a: Azumarill|Aqua Jet|p2a: Mandibuzz
|-damage|p2a: Mandibuzz|25/100
|move|p2a: Mandibuzz|Foul Play|p1a: Azumarill
|-resisted|p1a: Azumarill
|-damage|p1a: Azumarill|0 fnt
|faint|p1a: Azumarill
|
|upkeep
|
|switch|p1a: Magearna|Magearna|100/100
|turn|14
|
|move|p2a: Mandibuzz|Defog|p1a: Magearna
|-unboost|p1a: Magearna|evasion|1
|-sideend|p2: Marlingl|Spikes|[from] move: Defog|[of] p2a: Mandibuzz
|-sideend|p2: Marlingl|Toxic Spikes|[from] move: Defog|[of] p2a: Mandibuzz
|move|p1a: Magearna|Calm Mind|p1a: Magearna
|-boost|p1a: Magearna|spa|1
|-boost|p1a: Magearna|spd|1
|
|upkeep
|turn|15
|
|move|p2a: Mandibuzz|U-turn|p1a: Magearna
|-resisted|p1a: Magearna
|-damage|p1a: Magearna|99/100
|
|switch|p2a: Clefable|Clefable, F|100/100|[from]move: U-turn
|move|p1a: Magearna|Iron Defense|p1a: Magearna
|-boost|p1a: Magearna|def|2
|
|-heal|p1a: Magearna|100/100|[from] item: Leftovers
|upkeep
|turn|16
|
|move|p1a: Magearna|Stored Power|p2a: Clefable
|-damage|p2a: Clefable|69/100
|move|p2a: Clefable|Calm Mind|p2a: Clefable
|-boost|p2a: Clefable|spa|1
|-boost|p2a: Clefable|spd|1
|
|-heal|p2a: Clefable|75/100|[from] item: Leftovers
|upkeep
|turn|17
|
|switch|p1a: Volcarona|Volcarona, M|100/100
|move|p2a: Clefable|Moonblast|p1a: Volcarona
|-resisted|p1a: Volcarona
|-damage|p1a: Volcarona|76/100
|-unboost|p1a: Volcarona|spa|1
|
|-heal|p2a: Clefable|81/100|[from] item: Leftovers
|upkeep
|turn|18
|
|switch|p2a: Chansey|Chansey, F|58/100
|move|p1a: Volcarona|Fire Blast|p2a: Chansey
|-damage|p2a: Chansey|47/100
|
|upkeep
|turn|19
|
|switch|p1a: Magearna|Magearna|100/100
|move|p2a: Chansey|Toxic|p1a: Magearna
|-immune|p1a: Magearna
|
|upkeep
|turn|20
|
|switch|p1a: Urshifu|Urshifu-Rapid-Strike, M|100/100
|move|p2a: Chansey|Soft-Boiled|p2a: Chansey
|-heal|p2a: Chansey|97/100
|
|upkeep
|turn|21
|
|switch|p2a: Toxapex|Toxapex, M|100/100
|move|p1a: Urshifu|Substitute|p1a: Urshifu
|-start|p1a: Urshifu|Substitute
|-damage|p1a: Urshifu|76/100
|
|-heal|p1a: Urshifu|82/100|[from] item: Leftovers
|upkeep
|turn|22
|
|move|p1a: Urshifu|Bulk Up|p1a: Urshifu
|-boost|p1a: Urshifu|atk|1
|-boost|p1a: Urshifu|def|1
|move|p2a: Toxapex|Knock Off|p1a: Urshifu
|-resisted|p1a: Urshifu
|-activate|p1a: Urshifu|move: Substitute|[damage]
|
|-heal|p1a: Urshifu|88/100|[from] item: Leftovers
|upkeep
|turn|23
|
|move|p1a: Urshifu|Bulk Up|p1a: Urshifu
|-boost|p1a: Urshifu|atk|1
|-boost|p1a: Urshifu|def|1
|move|p2a: Toxapex|Knock Off|p1a: Urshifu
|-resisted|p1a: Urshifu
|-activate|p1a: Urshifu|move: Substitute|[damage]
|
|-heal|p1a: Urshifu|94/100|[from] item: Leftovers
|upkeep
|turn|24
|
|switch|p2a: Clefable|Clefable, F|81/100
|move|p1a: Urshifu|Bulk Up|p1a: Urshifu
|-boost|p1a: Urshifu|atk|1
|-boost|p1a: Urshifu|def|1
|
|-heal|p1a: Urshifu|99/100|[from] item: Leftovers
|-heal|p2a: Clefable|87/100|[from] item: Leftovers
|upkeep
|turn|25
|
|move|p1a: Urshifu|Surging Strikes|p2a: Clefable
|-crit|p2a: Clefable
|-damage|p2a: Clefable|72/100
|-crit|p2a: Clefable
|-damage|p2a: Clefable|57/100
|-crit|p2a: Clefable
|-damage|p2a: Clefable|40/100
|-hitcount|p2a: Clefable|3
|move|p2a: Clefable|Wish|p2a: Clefable
|
|-heal|p1a: Urshifu|100/100|[from] item: Leftovers
|-heal|p2a: Clefable|46/100|[from] item: Leftovers
|upkeep
|turn|26
|
|move|p2a: Clefable|Protect|p2a: Clefable
|-singleturn|p2a: Clefable|Protect
|move|p1a: Urshifu|Surging Strikes|p2a: Clefable
|-crit|p2a: Clefable
|-damage|p2a: Clefable|30/100
|-crit|p2a: Clefable
|-damage|p2a: Clefable|16/100
|-crit|p2a: Clefable
|-damage|p2a: Clefable|0 fnt
|-hitcount|p2a: Clefable|3
|faint|p2a: Clefable
|
|upkeep
|c|☆Marlingl|durr
|c|☆Marlingl|gg
|c|☆Blue chen|lol
|c|☆Blue chen|stall
|c|☆Marlingl|it would have been fine
|c|☆Marlingl|without the crit
|c|☆Blue chen|sa fais mal
|-message|Marlingl forfeited.
|
|win|Blue chen
|l|☆Marlingl
||Ladder (probably) updated, but score could not be retrieved (Request timeout).
