|j|☆Kaleor
|j|‽yortbruz
|t:|1651040030
|gametype|singles
|player|p1|Kaleor|swimmer-gen4dp|1625
|player|p2|yortbruz|giovanni-gen1|1681
|teamsize|p1|6
|teamsize|p2|6
|gen|8
|tier|[Gen 8] OU
|rated|
|rule|Sleep Clause Mod: Limit one foe put to sleep
|rule|Species Clause: Limit one of each Pokémon
|rule|OHKO Clause: OHKO moves are banned
|rule|Evasion Moves Clause: Evasion moves are banned
|rule|Endless Battle Clause: Forcing endless battles is banned
|rule|HP Percentage Mod: HP is shown in percentages
|rule|Dynamax Clause: You cannot dynamax
|clearpoke
|poke|p1|Victini|
|poke|p1|Ninetales-Alola, F|
|poke|p1|Volcarona, M|
|poke|p1|Corviknight, M|
|poke|p1|Tapu Fini|
|poke|p1|Garchomp, F|
|poke|p2|Dragapult, M|
|poke|p2|Slowking, F|
|poke|p2|Rillaboom, M|
|poke|p2|Landorus-Therian, M|
|poke|p2|Ferrothorn, F|
|poke|p2|Regieleki|
|teampreview
|inactive|Battle timer is ON: inactive players will automatically lose when time's up. (requested by Kaleor)
|
|t:|1651040037
|start
|switch|p1a: Victini|Victini|100/100
|switch|p2a: Landorus|Landorus-Therian, M|100/100
|-ability|p2a: Landorus|Intimidate|boost
|-unboost|p1a: Victini|atk|1
|turn|1
|
|t:|1651040043
|switch|p2a: Dragapult|Dragapult, M|100/100
|move|p1a: Victini|Final Gambit|p2a: Dragapult
|-immune|p2a: Dragapult
|
|upkeep
|turn|2
|
|t:|1651040046
|switch|p1a: Tapu Fini|Tapu Fini|100/100
|-fieldstart|move: Misty Terrain|[from] ability: Misty Surge|[of] p1a: Tapu Fini
|move|p2a: Dragapult|Substitute|p2a: Dragapult
|-start|p2a: Dragapult|Substitute
|-damage|p2a: Dragapult|76/100
|
|-heal|p2a: Dragapult|82/100|[from] item: Leftovers
|upkeep
|turn|3
|
|t:|1651040052
|move|p1a: Tapu Fini|Moonblast|p2a: Dragapult
|-supereffective|p2a: Dragapult
|-end|p2a: Dragapult|Substitute
|move|p2a: Dragapult|Phantom Force||[still]
|-prepare|p2a: Dragapult|Phantom Force
|
|-heal|p2a: Dragapult|88/100|[from] item: Leftovers
|upkeep
|turn|4
|
|t:|1651040056
|switch|p1a: Corviknight|Corviknight, M|100/100
|-ability|p1a: Corviknight|Pressure
|move|p2a: Dragapult|Phantom Force|p1a: Corviknight|[from]lockedmove
|-damage|p1a: Corviknight|75/100
|-damage|p2a: Dragapult|71/100|[from] item: Rocky Helmet|[of] p1a: Corviknight
|
|-heal|p2a: Dragapult|77/100|[from] item: Leftovers
|upkeep
|turn|5
|
|t:|1651040061
|move|p2a: Dragapult|Substitute|p2a: Dragapult
|-start|p2a: Dragapult|Substitute
|-damage|p2a: Dragapult|52/100
|move|p1a: Corviknight|U-turn|p2a: Dragapult
|-resisted|p2a: Dragapult
|-activate|p2a: Dragapult|move: Substitute|[damage]
|
|t:|1651040065
|switch|p1a: Ninetales|Ninetales-Alola, F|100/100|[from]move: U-turn
|-weather|Hail|[from] ability: Snow Warning|[of] p1a: Ninetales
|
|-weather|Hail|[upkeep]
|-damage|p2a: Dragapult|46/100|[from] Hail
|-heal|p2a: Dragapult|52/100|[from] item: Leftovers
|upkeep
|turn|6
|
|t:|1651040070
|move|p2a: Dragapult|Phantom Force||[still]
|-prepare|p2a: Dragapult|Phantom Force
|move|p1a: Ninetales|Freeze-Dry|p2a: Dragapult|[miss]
|-miss|p1a: Ninetales|p2a: Dragapult
|
|-weather|Hail|[upkeep]
|-damage|p2a: Dragapult|46/100|[from] Hail
|-heal|p2a: Dragapult|52/100|[from] item: Leftovers
|-fieldend|Misty Terrain
|upkeep
|turn|7
|
|t:|1651040075
|switch|p1a: Corviknight|Corviknight, M|75/100
|-ability|p1a: Corviknight|Pressure
|move|p2a: Dragapult|Phantom Force|p1a: Corviknight|[from]lockedmove
|-damage|p1a: Corviknight|46/100
|-damage|p2a: Dragapult|36/100|[from] item: Rocky Helmet|[of] p1a: Corviknight
|
|-weather|Hail|[upkeep]
|-damage|p2a: Dragapult|30/100|[from] Hail
|-damage|p1a: Corviknight|40/100|[from] Hail
|-heal|p2a: Dragapult|36/100|[from] item: Leftovers
|upkeep
|turn|8
|
|t:|1651040077
|move|p2a: Dragapult|Dragon Dance|p2a: Dragapult
|-boost|p2a: Dragapult|atk|1
|-boost|p2a: Dragapult|spe|1
|move|p1a: Corviknight|Roost|p1a: Corviknight
|-heal|p1a: Corviknight|90/100
|-singleturn|p1a: Corviknight|move: Roost
|
|-weather|Hail|[upkeep]
|-damage|p2a: Dragapult|30/100|[from] Hail
|-damage|p1a: Corviknight|84/100|[from] Hail
|-heal|p2a: Dragapult|36/100|[from] item: Leftovers
|upkeep
|turn|9
|
|t:|1651040081
|move|p2a: Dragapult|Dragon Dance|p2a: Dragapult
|-boost|p2a: Dragapult|atk|1
|-boost|p2a: Dragapult|spe|1
|move|p1a: Corviknight|Brave Bird|p2a: Dragapult
|-end|p2a: Dragapult|Substitute
|-damage|p1a: Corviknight|80/100|[from] Recoil|[of] p2a: Dragapult
|
|-weather|none
|-heal|p2a: Dragapult|42/100|[from] item: Leftovers
|upkeep
|turn|10
|
|t:|1651040086
|switch|p2a: Landorus|Landorus-Therian, M|100/100
|-ability|p2a: Landorus|Intimidate|boost
|-unboost|p1a: Corviknight|atk|1
|move|p1a: Corviknight|Brave Bird|p2a: Landorus
|-damage|p2a: Landorus|80/100
|-damage|p1a: Corviknight|74/100|[from] Recoil
|
|-heal|p2a: Landorus|86/100|[from] item: Leftovers
|upkeep
|turn|11
|
|t:|1651040089
|move|p2a: Landorus|Knock Off|p1a: Corviknight
|-damage|p1a: Corviknight|54/100
|-damage|p2a: Landorus|70/100|[from] item: Rocky Helmet|[of] p1a: Corviknight
|-enditem|p1a: Corviknight|Rocky Helmet|[from] move: Knock Off|[of] p2a: Landorus
|move|p1a: Corviknight|Roost|p1a: Corviknight
|-heal|p1a: Corviknight|100/100
|-singleturn|p1a: Corviknight|move: Roost
|
|-heal|p2a: Landorus|76/100|[from] item: Leftovers
|upkeep
|turn|12
|
|t:|1651040092
|move|p2a: Landorus|Stealth Rock|p1a: Corviknight
|-sidestart|p1: Kaleor|move: Stealth Rock
|move|p1a: Corviknight|U-turn|p2a: Landorus
|-resisted|p2a: Landorus
|-damage|p2a: Landorus|72/100
|
|t:|1651040094
|switch|p1a: Tapu Fini|Tapu Fini|100/100|[from]move: U-turn
|-damage|p1a: Tapu Fini|88/100|[from] Stealth Rock
|-fieldstart|move: Misty Terrain|[from] ability: Misty Surge|[of] p1a: Tapu Fini
|
|-heal|p2a: Landorus|78/100|[from] item: Leftovers
|upkeep
|turn|13
|
|t:|1651040097
|switch|p2a: Slowking|Slowking, F|100/100
|move|p1a: Tapu Fini|Trick|p2a: Slowking
|-activate|p1a: Tapu Fini|move: Trick|[of] p2a: Slowking
|-item|p2a: Slowking|Choice Scarf|[from] move: Trick
|-item|p1a: Tapu Fini|Heavy-Duty Boots|[from] move: Trick
|
|upkeep
|turn|14
|
|t:|1651040110
|switch|p1a: Ninetales|Ninetales-Alola, F|100/100
|-damage|p1a: Ninetales|76/100|[from] Stealth Rock
|-weather|Hail|[from] ability: Snow Warning|[of] p1a: Ninetales
|move|p2a: Slowking|Future Sight|p1a: Ninetales
|-start|p2a: Slowking|move: Future Sight
|
|-weather|Hail|[upkeep]
|-damage|p2a: Slowking|94/100|[from] Hail
|upkeep
|turn|15
|
|t:|1651040114
|switch|p2a: Ferrothorn|Ferrothorn, F|100/100
|move|p1a: Ninetales|Aurora Veil|p1a: Ninetales
|-sidestart|p1: Kaleor|move: Aurora Veil
|
|-weather|Hail|[upkeep]
|-damage|p2a: Ferrothorn|95/100|[from] Hail
|-heal|p2a: Ferrothorn|100/100|[from] item: Leftovers
|upkeep
|turn|16
|
|t:|1651040119
|switch|p1a: Corviknight|Corviknight, M|100/100
|-damage|p1a: Corviknight|88/100|[from] Stealth Rock
|-ability|p1a: Corviknight|Pressure
|move|p2a: Ferrothorn|Leech Seed|p1a: Corviknight
|-start|p1a: Corviknight|move: Leech Seed
|
|-weather|Hail|[upkeep]
|-damage|p1a: Corviknight|82/100|[from] Hail
|-damage|p2a: Ferrothorn|95/100|[from] Hail
|-end|p1a: Corviknight|move: Future Sight
|-resisted|p1a: Corviknight
|-damage|p1a: Corviknight|72/100
|-heal|p2a: Ferrothorn|100/100|[from] item: Leftovers
|-damage|p1a: Corviknight|60/100|[from] Leech Seed|[of] p2a: Ferrothorn
|-fieldend|Misty Terrain
|upkeep
|turn|17
|
|t:|1651040122
|move|p1a: Corviknight|Defog|p2a: Ferrothorn
|-unboost|p2a: Ferrothorn|evasion|1
|-sideend|p1: Kaleor|Stealth Rock|[from] move: Defog|[of] p1a: Corviknight
|move|p2a: Ferrothorn|Spikes|p1a: Corviknight
|-sidestart|p1: Kaleor|Spikes
|
|-weather|Hail|[upkeep]
|-damage|p1a: Corviknight|54/100|[from] Hail
|-damage|p2a: Ferrothorn|95/100|[from] Hail
|-heal|p2a: Ferrothorn|100/100|[from] item: Leftovers
|-damage|p1a: Corviknight|42/100|[from] Leech Seed|[of] p2a: Ferrothorn
|upkeep
|turn|18
|
|t:|1651040130
|switch|p1a: Volcarona|Volcarona, M|100/100
|switch|p2a: Dragapult|Dragapult, M|42/100
|
|-weather|none
|-heal|p2a: Dragapult|48/100|[from] item: Leftovers
|upkeep
|turn|19
|
|t:|1651040142
|move|p2a: Dragapult|Dragon Dance|p2a: Dragapult
|-boost|p2a: Dragapult|atk|1
|-boost|p2a: Dragapult|spe|1
|move|p1a: Volcarona|Quiver Dance|p1a: Volcarona
|-boost|p1a: Volcarona|spa|1
|-boost|p1a: Volcarona|spd|1
|-boost|p1a: Volcarona|spe|1
|
|-heal|p2a: Dragapult|54/100|[from] item: Leftovers
|upkeep
|turn|20
|
|t:|1651040146
|switch|p1a: Tapu Fini|Tapu Fini|88/100
|-fieldstart|move: Misty Terrain|[from] ability: Misty Surge|[of] p1a: Tapu Fini
|move|p2a: Dragapult|Dragon Darts|p1a: Tapu Fini
|-immune|p1a: Tapu Fini
|
|-heal|p2a: Dragapult|60/100|[from] item: Leftovers
|upkeep
|turn|21
|
|t:|1651040150
|switch|p2a: Slowking|Slowking, F|100/100
|move|p1a: Tapu Fini|Moonblast|p2a: Slowking
|-damage|p2a: Slowking|77/100
|
|upkeep
|turn|22
|
|t:|1651040156
|switch|p1a: Volcarona|Volcarona, M|100/100
|move|p2a: Slowking|Teleport|p2a: Slowking
|
|t:|1651040160
|switch|p2a: Dragapult|Dragapult, M|60/100|[from]move: Teleport
|
|-heal|p2a: Dragapult|66/100|[from] item: Leftovers
|-sideend|p1: Kaleor|move: Aurora Veil
|upkeep
|turn|23
|
|t:|1651040165
|move|p2a: Dragapult|Dragon Dance|p2a: Dragapult
|-boost|p2a: Dragapult|atk|1
|-boost|p2a: Dragapult|spe|1
|move|p1a: Volcarona|Fiery Dance|p2a: Dragapult
|-resisted|p2a: Dragapult
|-damage|p2a: Dragapult|37/100
|-boost|p1a: Volcarona|spa|1
|
|-heal|p2a: Dragapult|43/100|[from] item: Leftovers
|upkeep
|turn|24
|
|t:|1651040174
|switch|p1a: Tapu Fini|Tapu Fini|88/100
|move|p2a: Dragapult|Dragon Darts|p1a: Tapu Fini
|-immune|p1a: Tapu Fini
|
|-heal|p2a: Dragapult|49/100|[from] item: Leftovers
|-fieldend|Misty Terrain
|upkeep
|turn|25
|
|t:|1651040181
|switch|p2a: Ferrothorn|Ferrothorn, F|100/100
|move|p1a: Tapu Fini|Moonblast|p2a: Ferrothorn
|-resisted|p2a: Ferrothorn
|-damage|p2a: Ferrothorn|87/100
|
|-heal|p2a: Ferrothorn|93/100|[from] item: Leftovers
|upkeep
|turn|26
|j| DrJoeBroni
|
|t:|1651040189
|move|p1a: Tapu Fini|Trick|p2a: Ferrothorn
|-activate|p1a: Tapu Fini|move: Trick|[of] p2a: Ferrothorn
|-item|p2a: Ferrothorn|Heavy-Duty Boots|[from] move: Trick
|-item|p1a: Tapu Fini|Leftovers|[from] move: Trick
|move|p2a: Ferrothorn|Leech Seed|p1a: Tapu Fini
|-start|p1a: Tapu Fini|move: Leech Seed
|
|-heal|p1a: Tapu Fini|94/100|[from] item: Leftovers
|-damage|p1a: Tapu Fini|82/100|[from] Leech Seed|[of] p2a: Ferrothorn
|-heal|p2a: Ferrothorn|100/100|[silent]
|upkeep
|turn|27
|
|t:|1651040193
|switch|p1a: Volcarona|Volcarona, M|100/100
|move|p2a: Ferrothorn|Knock Off|p1a: Volcarona
|-damage|p1a: Volcarona|66/100
|-status|p2a: Ferrothorn|brn|[from] ability: Flame Body|[of] p1a: Volcarona
|-enditem|p1a: Volcarona|Heavy-Duty Boots|[from] move: Knock Off|[of] p2a: Ferrothorn
|
|-damage|p2a: Ferrothorn|95/100 brn|[from] brn
|upkeep
|turn|28
|
|t:|1651040200
|switch|p2a: Regieleki|Regieleki|100/100
|move|p1a: Volcarona|Fiery Dance|p2a: Regieleki
|-damage|p2a: Regieleki|15/100
|
|upkeep
|turn|29
|
|t:|1651040206
|switch|p2a: Landorus|Landorus-Therian, M|78/100
|-ability|p2a: Landorus|Intimidate|boost
|-unboost|p1a: Volcarona|atk|1
|switch|p1a: Garchomp|Garchomp, F|100/100
|-damage|p1a: Garchomp|88/100|[from] Spikes
|
|-heal|p2a: Landorus|84/100|[from] item: Leftovers
|upkeep
|turn|30
|
|t:|1651040210
|switch|p1a: Corviknight|Corviknight, M|42/100
|-ability|p1a: Corviknight|Pressure
|move|p2a: Landorus|Stealth Rock|p1a: Corviknight
|-sidestart|p1: Kaleor|move: Stealth Rock
|
|-heal|p2a: Landorus|90/100|[from] item: Leftovers
|upkeep
|turn|31
|
|t:|1651040212
|move|p2a: Landorus|U-turn|p1a: Corviknight
|-resisted|p1a: Corviknight
|-damage|p1a: Corviknight|39/100
|
|t:|1651040214
|switch|p2a: Regieleki|Regieleki|15/100|[from]move: U-turn
|move|p1a: Corviknight|Defog|p2a: Regieleki
|-unboost|p2a: Regieleki|evasion|1
|-sideend|p1: Kaleor|Spikes|[from] move: Defog|[of] p1a: Corviknight
|-sideend|p1: Kaleor|Stealth Rock|[from] move: Defog|[of] p1a: Corviknight
|
|upkeep
|turn|32
|
|t:|1651040219
|switch|p2a: Landorus|Landorus-Therian, M|90/100
|-ability|p2a: Landorus|Intimidate|boost
|-unboost|p1a: Corviknight|atk|1
|switch|p1a: Garchomp|Garchomp, F|88/100
|
|-heal|p2a: Landorus|96/100|[from] item: Leftovers
|upkeep
|turn|33
|
|t:|1651040222
|move|p1a: Garchomp|Swords Dance|p1a: Garchomp
|-boost|p1a: Garchomp|atk|2
|move|p2a: Landorus|U-turn|p1a: Garchomp
|-damage|p1a: Garchomp|67/100
|-damage|p2a: Landorus|84/100|[from] ability: Rough Skin|[of] p1a: Garchomp
|j| Narwhale37
|
|t:|1651040223
|switch|p2a: Dragapult|Dragapult, M|49/100|[from]move: U-turn
|
|-heal|p2a: Dragapult|55/100|[from] item: Leftovers
|upkeep
|turn|34
|
|t:|1651040235
|switch|p1a: Tapu Fini|Tapu Fini|82/100
|-fieldstart|move: Misty Terrain|[from] ability: Misty Surge|[of] p1a: Tapu Fini
|move|p2a: Dragapult|Dragon Darts|p1a: Tapu Fini
|-immune|p1a: Tapu Fini
|
|-heal|p2a: Dragapult|61/100|[from] item: Leftovers
|-heal|p1a: Tapu Fini|88/100|[from] item: Leftovers
|upkeep
|turn|35
|
|t:|1651040243
|switch|p2a: Ferrothorn|Ferrothorn, F|95/100 brn
|move|p1a: Tapu Fini|Ice Beam|p2a: Ferrothorn
|-damage|p2a: Ferrothorn|77/100 brn
|
|-heal|p1a: Tapu Fini|94/100|[from] item: Leftovers
|-damage|p2a: Ferrothorn|71/100 brn|[from] brn
|upkeep
|turn|36
|
|t:|1651040250
|switch|p1a: Volcarona|Volcarona, M|66/100
|move|p2a: Ferrothorn|Leech Seed|p1a: Volcarona
|-start|p1a: Volcarona|move: Leech Seed
|
|-damage|p1a: Volcarona|54/100|[from] Leech Seed|[of] p2a: Ferrothorn
|-heal|p2a: Ferrothorn|82/100 brn|[silent]
|-damage|p2a: Ferrothorn|76/100 brn|[from] brn
|upkeep
|turn|37
|
|t:|1651040257
|switch|p2a: Dragapult|Dragapult, M|61/100
|move|p1a: Volcarona|Fiery Dance|p2a: Dragapult
|-resisted|p2a: Dragapult
|-damage|p2a: Dragapult|34/100
|-boost|p1a: Volcarona|spa|1
|
|-heal|p2a: Dragapult|40/100|[from] item: Leftovers
|-damage|p1a: Volcarona|42/100|[from] Leech Seed|[of] p2a: Dragapult
|-heal|p2a: Dragapult|52/100|[silent]
|upkeep
|turn|38
|
|t:|1651040269
|switch|p2a: Slowking|Slowking, F|100/100
|switch|p1a: Tapu Fini|Tapu Fini|94/100
|
|-heal|p1a: Tapu Fini|99/100|[from] item: Leftovers
|-fieldend|Misty Terrain
|upkeep
|turn|39
|
|t:|1651040278
|move|p1a: Tapu Fini|Moonblast|p2a: Slowking
|-damage|p2a: Slowking|74/100
|move|p2a: Slowking|Scald|p1a: Tapu Fini
|-resisted|p1a: Tapu Fini
|-damage|p1a: Tapu Fini|87/100
|
|-heal|p1a: Tapu Fini|93/100|[from] item: Leftovers
|upkeep
|turn|40
|
|t:|1651040282
|move|p1a: Tapu Fini|Moonblast|p2a: Slowking
|-damage|p2a: Slowking|50/100
|move|p2a: Slowking|Scald|p1a: Tapu Fini
|-resisted|p1a: Tapu Fini
|-damage|p1a: Tapu Fini|79/100
|
|-heal|p1a: Tapu Fini|85/100|[from] item: Leftovers
|upkeep
|turn|41
|
|t:|1651040287
|move|p1a: Tapu Fini|Ice Beam|p2a: Slowking
|-resisted|p2a: Slowking
|-damage|p2a: Slowking|42/100
|move|p2a: Slowking|Scald|p1a: Tapu Fini
|-resisted|p1a: Tapu Fini
|-damage|p1a: Tapu Fini|71/100
|
|-heal|p1a: Tapu Fini|77/100|[from] item: Leftovers
|upkeep
|turn|42
|
|t:|1651040290
|move|p1a: Tapu Fini|Ice Beam|p2a: Slowking
|-resisted|p2a: Slowking
|-damage|p2a: Slowking|34/100
|-status|p2a: Slowking|frz
|-curestatus|p2a: Slowking|frz|[from] move: Scald
|move|p2a: Slowking|Scald|p1a: Tapu Fini
|-resisted|p1a: Tapu Fini
|-damage|p1a: Tapu Fini|63/100
|
|-heal|p1a: Tapu Fini|70/100|[from] item: Leftovers
|upkeep
|turn|43
|
|t:|1651040294
|move|p1a: Tapu Fini|Ice Beam|p2a: Slowking
|-resisted|p2a: Slowking
|-damage|p2a: Slowking|26/100
|move|p2a: Slowking|Scald|p1a: Tapu Fini
|-resisted|p1a: Tapu Fini
|-damage|p1a: Tapu Fini|57/100
|-status|p1a: Tapu Fini|brn
|
|-heal|p1a: Tapu Fini|63/100 brn|[from] item: Leftovers
|-damage|p1a: Tapu Fini|57/100 brn|[from] brn
|upkeep
|turn|44
|
|t:|1651040296
|switch|p2a: Ferrothorn|Ferrothorn, F|76/100 brn
|move|p1a: Tapu Fini|Ice Beam|p2a: Ferrothorn
|-damage|p2a: Ferrothorn|57/100 brn
|
|-heal|p1a: Tapu Fini|63/100 brn|[from] item: Leftovers
|-damage|p1a: Tapu Fini|57/100 brn|[from] brn
|-damage|p2a: Ferrothorn|51/100 brn|[from] brn
|upkeep
|turn|45
|
|t:|1651040300
|switch|p1a: Volcarona|Volcarona, M|42/100
|move|p2a: Ferrothorn|Leech Seed|p1a: Volcarona
|-start|p1a: Volcarona|move: Leech Seed
|
|-damage|p1a: Volcarona|29/100|[from] Leech Seed|[of] p2a: Ferrothorn
|-heal|p2a: Ferrothorn|62/100 brn|[silent]
|-damage|p2a: Ferrothorn|56/100 brn|[from] brn
|upkeep
|turn|46
|
|t:|1651040306
|switch|p1a: Ninetales|Ninetales-Alola, F|76/100
|-weather|Hail|[from] ability: Snow Warning|[of] p1a: Ninetales
|switch|p2a: Landorus|Landorus-Therian, M|84/100
|-ability|p2a: Landorus|Intimidate|boost
|-unboost|p1a: Ninetales|atk|1
|
|-weather|Hail|[upkeep]
|-damage|p2a: Landorus|78/100|[from] Hail
|-heal|p2a: Landorus|84/100|[from] item: Leftovers
|upkeep
|turn|47
|
|t:|1651040311
|switch|p2a: Ferrothorn|Ferrothorn, F|56/100 brn
|move|p1a: Ninetales|Freeze-Dry|p2a: Ferrothorn
|-damage|p2a: Ferrothorn|36/100 brn
|
|-weather|Hail|[upkeep]
|-damage|p2a: Ferrothorn|30/100 brn|[from] Hail
|-damage|p2a: Ferrothorn|24/100 brn|[from] brn
|upkeep
|turn|48
|
|t:|1651040315
|move|p1a: Ninetales|Freeze-Dry|p2a: Ferrothorn
|-damage|p2a: Ferrothorn|5/100 brn
|move|p2a: Ferrothorn|Gyro Ball|p1a: Ninetales
|-supereffective|p1a: Ninetales
|-damage|p1a: Ninetales|0 fnt
|faint|p1a: Ninetales
|
|-weather|Hail|[upkeep]
|-damage|p2a: Ferrothorn|0 fnt|[from] Hail
|faint|p2a: Ferrothorn
|upkeep
|
|t:|1651040322
|switch|p1a: Victini|Victini|100/100
|switch|p2a: Dragapult|Dragapult, M|52/100
|turn|49
|
|t:|1651040327
|switch|p2a: Landorus|Landorus-Therian, M|84/100
|-ability|p2a: Landorus|Intimidate|boost
|-unboost|p1a: Victini|atk|1
|move|p1a: Victini|U-turn|p2a: Landorus
|-resisted|p2a: Landorus
|-damage|p2a: Landorus|80/100
|
|t:|1651040331
|switch|p1a: Tapu Fini|Tapu Fini|57/100 brn|[from]move: U-turn
|-fieldstart|move: Misty Terrain|[from] ability: Misty Surge|[of] p1a: Tapu Fini
|
|-weather|Hail|[upkeep]
|-damage|p1a: Tapu Fini|51/100 brn|[from] Hail
|-damage|p2a: Landorus|73/100|[from] Hail
|-heal|p1a: Tapu Fini|57/100 brn|[from] item: Leftovers
|-heal|p2a: Landorus|80/100|[from] item: Leftovers
|-damage|p1a: Tapu Fini|51/100 brn|[from] brn
|upkeep
|turn|50
|
|t:|1651040339
|switch|p2a: Slowking|Slowking, F|59/100
|move|p1a: Tapu Fini|Ice Beam|p2a: Slowking
|-resisted|p2a: Slowking
|-damage|p2a: Slowking|52/100
|
|-weather|none
|-heal|p1a: Tapu Fini|57/100 brn|[from] item: Leftovers
|-damage|p1a: Tapu Fini|51/100 brn|[from] brn
|upkeep
|turn|51
|
|t:|1651040342
|move|p1a: Tapu Fini|Moonblast|p2a: Slowking
|-damage|p2a: Slowking|27/100
|move|p2a: Slowking|Teleport|p2a: Slowking
|
|t:|1651040347
|switch|p2a: Landorus|Landorus-Therian, M|80/100|[from]move: Teleport
|-ability|p2a: Landorus|Intimidate|boost
|-unboost|p1a: Tapu Fini|atk|1
|
|-heal|p1a: Tapu Fini|57/100 brn|[from] item: Leftovers
|-heal|p2a: Landorus|86/100|[from] item: Leftovers
|-damage|p1a: Tapu Fini|51/100 brn|[from] brn
|upkeep
|turn|52
|
|t:|1651040352
|switch|p2a: Slowking|Slowking, F|61/100
|move|p1a: Tapu Fini|Ice Beam|p2a: Slowking
|-resisted|p2a: Slowking
|-damage|p2a: Slowking|53/100
|
|-heal|p1a: Tapu Fini|57/100 brn|[from] item: Leftovers
|-damage|p1a: Tapu Fini|51/100 brn|[from] brn
|upkeep
|turn|53
|
|t:|1651040361
|move|p1a: Tapu Fini|Moonblast|p2a: Slowking
|-damage|p2a: Slowking|26/100
|move|p2a: Slowking|Teleport|p2a: Slowking
|
|t:|1651040363
|switch|p2a: Landorus|Landorus-Therian, M|86/100|[from]move: Teleport
|-ability|p2a: Landorus|Intimidate|boost
|-unboost|p1a: Tapu Fini|atk|1
|
|-heal|p1a: Tapu Fini|57/100 brn|[from] item: Leftovers
|-heal|p2a: Landorus|92/100|[from] item: Leftovers
|-damage|p1a: Tapu Fini|51/100 brn|[from] brn
|-fieldend|Misty Terrain
|upkeep
|turn|54
|
|t:|1651040367
|switch|p2a: Slowking|Slowking, F|59/100
|move|p1a: Tapu Fini|Ice Beam|p2a: Slowking
|-resisted|p2a: Slowking
|-damage|p2a: Slowking|52/100
|
|-heal|p1a: Tapu Fini|57/100 brn|[from] item: Leftovers
|-damage|p1a: Tapu Fini|51/100 brn|[from] brn
|upkeep
|turn|55
|
|t:|1651040374
|move|p1a: Tapu Fini|Moonblast|p2a: Slowking
|-damage|p2a: Slowking|26/100
|-unboost|p2a: Slowking|spa|1
|move|p2a: Slowking|Slack Off|p2a: Slowking
|-heal|p2a: Slowking|76/100
|
|-heal|p1a: Tapu Fini|57/100 brn|[from] item: Leftovers
|-damage|p1a: Tapu Fini|51/100 brn|[from] brn
|upkeep
|turn|56
|
|t:|1651040379
|move|p1a: Tapu Fini|Ice Beam|p2a: Slowking
|-resisted|p2a: Slowking
|-damage|p2a: Slowking|68/100
|move|p2a: Slowking|Slack Off|p2a: Slowking
|-heal|p2a: Slowking|100/100
|
|-heal|p1a: Tapu Fini|57/100 brn|[from] item: Leftovers
|-damage|p1a: Tapu Fini|51/100 brn|[from] brn
|upkeep
|turn|57
|
|t:|1651040386
|move|p1a: Tapu Fini|Ice Beam|p2a: Slowking
|-resisted|p2a: Slowking
|-damage|p2a: Slowking|93/100
|move|p2a: Slowking|Slack Off|p2a: Slowking
|-heal|p2a: Slowking|100/100
|
|-heal|p1a: Tapu Fini|57/100 brn|[from] item: Leftovers
|-damage|p1a: Tapu Fini|51/100 brn|[from] brn
|upkeep
|turn|58
|
|t:|1651040389
|move|p1a: Tapu Fini|Ice Beam|p2a: Slowking
|-resisted|p2a: Slowking
|-damage|p2a: Slowking|92/100
|move|p2a: Slowking|Slack Off|p2a: Slowking
|-heal|p2a: Slowking|100/100
|
|-heal|p1a: Tapu Fini|57/100 brn|[from] item: Leftovers
|-damage|p1a: Tapu Fini|51/100 brn|[from] brn
|upkeep
|turn|59
|
|t:|1651040392
|move|p1a: Tapu Fini|Moonblast|p2a: Slowking
|-damage|p2a: Slowking|77/100
|move|p2a: Slowking|Slack Off|p2a: Slowking
|-heal|p2a: Slowking|100/100
|
|-heal|p1a: Tapu Fini|57/100 brn|[from] item: Leftovers
|-damage|p1a: Tapu Fini|51/100 brn|[from] brn
|upkeep
|turn|60
|
|t:|1651040395
|move|p1a: Tapu Fini|Ice Beam|p2a: Slowking
|-resisted|p2a: Slowking
|-damage|p2a: Slowking|93/100
|move|p2a: Slowking|Slack Off|p2a: Slowking
|-heal|p2a: Slowking|100/100
|
|-heal|p1a: Tapu Fini|57/100 brn|[from] item: Leftovers
|-damage|p1a: Tapu Fini|51/100 brn|[from] brn
|upkeep
|turn|61
|
|t:|1651040398
|move|p1a: Tapu Fini|Ice Beam|p2a: Slowking
|-resisted|p2a: Slowking
|-damage|p2a: Slowking|93/100
|move|p2a: Slowking|Slack Off|p2a: Slowking
|-heal|p2a: Slowking|100/100
|
|-heal|p1a: Tapu Fini|57/100 brn|[from] item: Leftovers
|-damage|p1a: Tapu Fini|51/100 brn|[from] brn
|upkeep
|turn|62
|
|t:|1651040404
|switch|p2a: Rillaboom|Rillaboom, M|100/100
|-fieldstart|move: Grassy Terrain|[from] ability: Grassy Surge|[of] p2a: Rillaboom
|move|p1a: Tapu Fini|Ice Beam|p2a: Rillaboom
|-supereffective|p2a: Rillaboom
|-damage|p2a: Rillaboom|28/100
|
|-heal|p1a: Tapu Fini|57/100 brn|[from] Grassy Terrain
|-heal|p1a: Tapu Fini|63/100 brn|[from] item: Leftovers
|-heal|p2a: Rillaboom|35/100|[from] Grassy Terrain
|-damage|p1a: Tapu Fini|57/100 brn|[from] brn
|upkeep
|turn|63
|
|t:|1651040412
|switch|p1a: Corviknight|Corviknight, M|39/100
|-ability|p1a: Corviknight|Pressure
|move|p2a: Rillaboom|Grassy Glide|p1a: Corviknight
|-resisted|p1a: Corviknight
|-damage|p1a: Corviknight|27/100
|
|-heal|p2a: Rillaboom|41/100|[from] Grassy Terrain
|upkeep
|turn|64
|
|t:|1651040414
|switch|p2a: Landorus|Landorus-Therian, M|92/100
|-ability|p2a: Landorus|Intimidate|boost
|-unboost|p1a: Corviknight|atk|1
|move|p1a: Corviknight|Roost|p1a: Corviknight
|-heal|p1a: Corviknight|77/100
|-singleturn|p1a: Corviknight|move: Roost
|
|-heal|p2a: Landorus|98/100|[from] item: Leftovers
|-heal|p1a: Corviknight|83/100|[from] Grassy Terrain
|upkeep
|turn|65
|
|t:|1651040418
|move|p2a: Landorus|Stealth Rock|p1a: Corviknight
|-sidestart|p1: Kaleor|move: Stealth Rock
|move|p1a: Corviknight|U-turn|p2a: Landorus
|-resisted|p2a: Landorus
|-damage|p2a: Landorus|94/100
|
|t:|1651040420
|switch|p1a: Tapu Fini|Tapu Fini|57/100 brn|[from]move: U-turn
|-damage|p1a: Tapu Fini|45/100 brn|[from] Stealth Rock
|-fieldstart|move: Misty Terrain|[from] ability: Misty Surge|[of] p1a: Tapu Fini
|
|-heal|p1a: Tapu Fini|51/100 brn|[from] item: Leftovers
|-heal|p2a: Landorus|99/100|[from] item: Leftovers
|-damage|p1a: Tapu Fini|45/100 brn|[from] brn
|upkeep
|turn|66
|
|t:|1651040422
|switch|p1a: Corviknight|Corviknight, M|83/100
|-damage|p1a: Corviknight|70/100|[from] Stealth Rock
|-ability|p1a: Corviknight|Pressure
|switch|p2a: Slowking|Slowking, F|100/100
|
|upkeep
|turn|67
|
|t:|1651040424
|move|p1a: Corviknight|Defog|p2a: Slowking
|-unboost|p2a: Slowking|evasion|1
|-sideend|p1: Kaleor|Stealth Rock|[from] move: Defog|[of] p1a: Corviknight
|-fieldend|Misty Terrain
|move|p2a: Slowking|Scald|p1a: Corviknight
|-damage|p1a: Corviknight|43/100
|-status|p1a: Corviknight|brn
|
|-damage|p1a: Corviknight|37/100 brn|[from] brn
|upkeep
|turn|68
|
|t:|1651040430
|switch|p2a: Landorus|Landorus-Therian, M|99/100
|-ability|p2a: Landorus|Intimidate|boost
|-unboost|p1a: Corviknight|atk|1
|move|p1a: Corviknight|Roost|p1a: Corviknight
|-heal|p1a: Corviknight|87/100 brn
|-singleturn|p1a: Corviknight|move: Roost
|
|-heal|p2a: Landorus|100/100|[from] item: Leftovers
|-damage|p1a: Corviknight|81/100 brn|[from] brn
|upkeep
|turn|69
|inactive|yortbruz has 120 seconds left.
|
|t:|1651040470
|move|p2a: Landorus|Stealth Rock|p1a: Corviknight
|-sidestart|p1: Kaleor|move: Stealth Rock
|move|p1a: Corviknight|Brave Bird|p2a: Landorus
|-damage|p2a: Landorus|92/100
|-damage|p1a: Corviknight|78/100 brn|[from] Recoil
|
|-heal|p2a: Landorus|98/100|[from] item: Leftovers
|-damage|p1a: Corviknight|72/100 brn|[from] brn
|upkeep
|turn|70
|
|t:|1651040473
|move|p2a: Landorus|Knock Off|p1a: Corviknight
|-damage|p1a: Corviknight|60/100 brn
|move|p1a: Corviknight|Defog|p2a: Landorus
|-unboost|p2a: Landorus|evasion|1
|-sideend|p1: Kaleor|Stealth Rock|[from] move: Defog|[of] p1a: Corviknight
|
|-heal|p2a: Landorus|100/100|[from] item: Leftovers
|-damage|p1a: Corviknight|54/100 brn|[from] brn
|upkeep
|turn|71
|
|t:|1651040478
|move|p2a: Landorus|Stealth Rock|p1a: Corviknight
|-sidestart|p1: Kaleor|move: Stealth Rock
|move|p1a: Corviknight|Roost|p1a: Corviknight
|-heal|p1a: Corviknight|100/100 brn
|-singleturn|p1a: Corviknight|move: Roost
|
|-damage|p1a: Corviknight|94/100 brn|[from] brn
|upkeep
|turn|72
|
|t:|1651040481
|move|p2a: Landorus|Knock Off|p1a: Corviknight
|-damage|p1a: Corviknight|82/100 brn
|move|p1a: Corviknight|Brave Bird|p2a: Landorus
|-damage|p2a: Landorus|92/100
|-damage|p1a: Corviknight|79/100 brn|[from] Recoil
|
|-heal|p2a: Landorus|98/100|[from] item: Leftovers
|-damage|p1a: Corviknight|73/100 brn|[from] brn
|upkeep
|turn|73
|
|t:|1651040490
|move|p2a: Landorus|U-turn|p1a: Corviknight
|-resisted|p1a: Corviknight
|-damage|p1a: Corviknight|70/100 brn
|
|t:|1651040492
|switch|p2a: Dragapult|Dragapult, M|52/100|[from]move: U-turn
|move|p1a: Corviknight|Defog|p2a: Dragapult
|-fail|p2a: Dragapult|unboost|[from] ability: Clear Body|[of] p2a: Dragapult
|-sideend|p1: Kaleor|Stealth Rock|[from] move: Defog|[of] p1a: Corviknight
|
|-heal|p2a: Dragapult|58/100|[from] item: Leftovers
|-damage|p1a: Corviknight|64/100 brn|[from] brn
|upkeep
|turn|74
|
|t:|1651040495
|move|p2a: Dragapult|Substitute|p2a: Dragapult
|-start|p2a: Dragapult|Substitute
|-damage|p2a: Dragapult|33/100
|move|p1a: Corviknight|U-turn|p2a: Dragapult
|-resisted|p2a: Dragapult
|-activate|p2a: Dragapult|move: Substitute|[damage]
|
|t:|1651040504
|switch|p1a: Tapu Fini|Tapu Fini|45/100 brn|[from]move: U-turn
|-fieldstart|move: Misty Terrain|[from] ability: Misty Surge|[of] p1a: Tapu Fini
|
|-heal|p2a: Dragapult|39/100|[from] item: Leftovers
|-heal|p1a: Tapu Fini|51/100 brn|[from] item: Leftovers
|-damage|p1a: Tapu Fini|45/100 brn|[from] brn
|upkeep
|turn|75
|inactive|yortbruz has 120 seconds left.
|
|t:|1651040552
|move|p2a: Dragapult|Phantom Force||[still]
|-prepare|p2a: Dragapult|Phantom Force
|move|p1a: Tapu Fini|Moonblast|p2a: Dragapult|[miss]
|-miss|p1a: Tapu Fini|p2a: Dragapult
|
|-heal|p2a: Dragapult|45/100|[from] item: Leftovers
|-heal|p1a: Tapu Fini|51/100 brn|[from] item: Leftovers
|-damage|p1a: Tapu Fini|45/100 brn|[from] brn
|upkeep
|turn|76
|
|t:|1651040558
|move|p2a: Dragapult|Phantom Force|p1a: Tapu Fini|[from]lockedmove
|-damage|p1a: Tapu Fini|0 fnt
|faint|p1a: Tapu Fini
|
|-heal|p2a: Dragapult|51/100|[from] item: Leftovers
|upkeep
|
|t:|1651040568
|switch|p1a: Corviknight|Corviknight, M|64/100 brn
|-ability|p1a: Corviknight|Pressure
|turn|77
|
|t:|1651040571
|move|p2a: Dragapult|Dragon Dance|p2a: Dragapult
|-boost|p2a: Dragapult|atk|1
|-boost|p2a: Dragapult|spe|1
|move|p1a: Corviknight|Roost|p1a: Corviknight
|-heal|p1a: Corviknight|100/100 brn
|-singleturn|p1a: Corviknight|move: Roost
|
|-heal|p2a: Dragapult|57/100|[from] item: Leftovers
|-damage|p1a: Corviknight|94/100 brn|[from] brn
|upkeep
|turn|78
|
|t:|1651040573
|move|p2a: Dragapult|Dragon Dance|p2a: Dragapult
|-boost|p2a: Dragapult|atk|1
|-boost|p2a: Dragapult|spe|1
|move|p1a: Corviknight|Brave Bird|p2a: Dragapult
|-end|p2a: Dragapult|Substitute
|-damage|p1a: Corviknight|89/100 brn|[from] Recoil|[of] p2a: Dragapult
|
|-heal|p2a: Dragapult|63/100|[from] item: Leftovers
|-damage|p1a: Corviknight|83/100 brn|[from] brn
|-fieldend|Misty Terrain
|upkeep
|turn|79
|
|t:|1651040578
|move|p2a: Dragapult|Substitute|p2a: Dragapult
|-start|p2a: Dragapult|Substitute
|-damage|p2a: Dragapult|38/100
|move|p1a: Corviknight|Brave Bird|p2a: Dragapult
|-activate|p2a: Dragapult|move: Substitute|[damage]
|-damage|p1a: Corviknight|76/100 brn|[from] Recoil|[of] p2a: Dragapult
|
|-heal|p2a: Dragapult|44/100|[from] item: Leftovers
|-damage|p1a: Corviknight|70/100 brn|[from] brn
|upkeep
|turn|80
|
|t:|1651040585
|move|p2a: Dragapult|Phantom Force||[still]
|-prepare|p2a: Dragapult|Phantom Force
|move|p1a: Corviknight|Brave Bird|p2a: Dragapult|[miss]
|-miss|p1a: Corviknight|p2a: Dragapult
|
|-heal|p2a: Dragapult|50/100|[from] item: Leftovers
|-damage|p1a: Corviknight|64/100 brn|[from] brn
|upkeep
|turn|81
|
|t:|1651040593
|move|p2a: Dragapult|Phantom Force|p1a: Corviknight|[from]lockedmove
|-damage|p1a: Corviknight|13/100 brn
|move|p1a: Corviknight|Brave Bird|p2a: Dragapult
|-end|p2a: Dragapult|Substitute
|-damage|p1a: Corviknight|13/100 brn|[from] Recoil|[of] p2a: Dragapult
|
|-heal|p2a: Dragapult|56/100|[from] item: Leftovers
|-damage|p1a: Corviknight|7/100 brn|[from] brn
|upkeep
|turn|82
|
|t:|1651040616
|move|p2a: Dragapult|Dragon Darts|p1a: Corviknight
|-resisted|p1a: Corviknight
|-damage|p1a: Corviknight|0 fnt
|faint|p1a: Corviknight
|
|-heal|p2a: Dragapult|62/100|[from] item: Leftovers
|upkeep
|inactive|Kaleor has 120 seconds left.
|l| DrJoeBroni
|inactive|Kaleor has 90 seconds left.
|inactive|Kaleor has 60 seconds left.
|inactive|Kaleor has 30 seconds left.
|inactive|Kaleor has 20 seconds left.
|inactive|Kaleor has 15 seconds left.
|inactive|Kaleor has 10 seconds left.
|inactive|Kaleor has 5 seconds left.
|-message|Kaleor lost due to inactivity.
|
|win|yortbruz
|raw|Kaleor's rating: 1625 &rarr; <strong>1608</strong><br />(-17 for losing)
|raw|yortbruz's rating: 1681 &rarr; <strong>1698</strong><br />(+17 for winning)
|l|☆Kaleor
|l|‽yortbruz
