|html|<div class="broadcast-blue"><strong>[Gen 8] OU is currently suspecting Melmetal! For information on how to participate check out the <a href="https://www.smogon.com/forums/threads/np-ss-ou-suspect-process-round-12-monster-mash.3709234/">suspect thread</a>.</strong></div>
|j|☆outdplayboithorin1
|j|☆tawny's alt
|t:|1666680256
|gametype|singles
|player|p1|outdplayboithorin1|lance|1513
|player|p2|tawny's alt|102|1541
|teamsize|p1|6
|teamsize|p2|6
|gen|8
|tier|[Gen 8] OU
|rated|
|rule|Sleep Clause Mod: Limit one foe put to sleep
|rule|Species Clause: Limit one of each Pokémon
|rule|OHKO Clause: OHKO moves are banned
|rule|Evasion Items Clause: Evasion items are banned
|rule|Evasion Moves Clause: Evasion moves are banned
|rule|Endless Battle Clause: Forcing endless battles is banned
|rule|HP Percentage Mod: HP is shown in percentages
|rule|Dynamax Clause: You cannot dynamax
|clearpoke
|poke|p1|Garchomp, M|
|poke|p1|Heatran, F|
|poke|p1|Nihilego|
|poke|p1|Rillaboom, F|
|poke|p1|Weavile, M|
|poke|p1|Dragapult, M|
|poke|p2|Kartana|
|poke|p2|Garchomp, F|
|poke|p2|Dragapult, M|
|poke|p2|Ferrothorn, F|
|poke|p2|Toxapex, M|
|poke|p2|Mandibuzz, F|
|teampreview
|inactive|Battle timer is ON: inactive players will automatically lose when time's up. (requested by outdplayboithorin1)
|
|t:|1666680289
|start
|switch|p1a: Heatran|Heatran, F|100/100
|switch|p2a: Ferrothorn|Ferrothorn, F|100/100
|-item|p1a: Heatran|Air Balloon
|turn|1
|
|t:|1666680299
|switch|p2a: Garchomp|Garchomp, F|100/100
|move|p1a: Heatran|Will-O-Wisp|p2a: Garchomp
|-status|p2a: Garchomp|brn
|
|-damage|p2a: Garchomp|94/100 brn|[from] brn
|upkeep
|turn|2
|
|t:|1666680304
|move|p1a: Heatran|Stealth Rock|p2a: Garchomp
|-sidestart|p2: tawny's alt|move: Stealth Rock
|move|p2a: Garchomp|Stealth Rock|p1a: Heatran
|-sidestart|p1: outdplayboithorin1|move: Stealth Rock
|
|-heal|p2a: Garchomp|100/100 brn|[from] item: Leftovers
|-damage|p2a: Garchomp|94/100 brn|[from] brn
|upkeep
|turn|3
|
|t:|1666680313
|move|p1a: Heatran|Earth Power|p2a: Garchomp
|-damage|p2a: Garchomp|74/100 brn
|move|p2a: Garchomp|Dragon Tail|p1a: Heatran
|-resisted|p1a: Heatran
|-damage|p1a: Heatran|94/100
|-enditem|p1a: Heatran|Air Balloon
|drag|p1a: Garchomp|Garchomp, M|100/100
|-damage|p1a: Garchomp|94/100|[from] Stealth Rock
|
|-heal|p2a: Garchomp|80/100 brn|[from] item: Leftovers
|-damage|p2a: Garchomp|74/100 brn|[from] brn
|upkeep
|turn|4
|
|t:|1666680323
|switch|p2a: Ferrothorn|Ferrothorn, F|100/100
|-damage|p2a: Ferrothorn|94/100|[from] Stealth Rock
|move|p1a: Garchomp|Scale Shot|p2a: Ferrothorn
|-resisted|p2a: Ferrothorn
|-damage|p2a: Ferrothorn|90/100
|-resisted|p2a: Ferrothorn
|-damage|p2a: Ferrothorn|85/100
|-hitcount|p2a: Ferrothorn|2
|-unboost|p1a: Garchomp|def|1
|-boost|p1a: Garchomp|spe|1
|
|-heal|p2a: Ferrothorn|91/100|[from] item: Leftovers
|upkeep
|turn|5
|
|t:|1666680330
|move|p1a: Garchomp|Swords Dance|p1a: Garchomp
|-boost|p1a: Garchomp|atk|2
|move|p2a: Ferrothorn|Gyro Ball|p1a: Garchomp
|-damage|p1a: Garchomp|24/100
|-damage|p2a: Ferrothorn|79/100|[from] ability: Rough Skin|[of] p1a: Garchomp
|
|-heal|p2a: Ferrothorn|85/100|[from] item: Leftovers
|upkeep
|turn|6
|
|t:|1666680345
|move|p1a: Garchomp|Fire Fang|p2a: Ferrothorn
|-supereffective|p2a: Ferrothorn
|-damage|p2a: Ferrothorn|0 fnt
|-damage|p1a: Garchomp|11/100|[from] ability: Iron Barbs|[of] p2a: Ferrothorn
|faint|p2a: Ferrothorn
|
|upkeep
|
|t:|1666680348
|switch|p2a: Mandibuzz|Mandibuzz, F|100/100
|turn|7
|
|t:|1666680353
|move|p1a: Garchomp|Scale Shot|p2a: Mandibuzz
|-damage|p2a: Mandibuzz|86/100
|-damage|p2a: Mandibuzz|71/100
|-damage|p2a: Mandibuzz|57/100
|-hitcount|p2a: Mandibuzz|3
|-unboost|p1a: Garchomp|def|1
|-boost|p1a: Garchomp|spe|1
|move|p2a: Mandibuzz|U-turn|p1a: Garchomp
|-crit|p1a: Garchomp
|-damage|p1a: Garchomp|0 fnt
|-damage|p2a: Mandibuzz|44/100|[from] ability: Rough Skin|[of] p1a: Garchomp
|faint|p1a: Garchomp
|
|t:|1666680359
|switch|p2a: Kartana|Kartana|100/100|[from]move: U-turn
|-damage|p2a: Kartana|94/100|[from] Stealth Rock
|
|upkeep
|
|t:|1666680366
|switch|p1a: Heatran|Heatran, F|94/100
|-damage|p1a: Heatran|81/100|[from] Stealth Rock
|turn|8
|
|t:|1666680371
|switch|p1a: Dragapult|Dragapult, M|100/100
|-damage|p1a: Dragapult|88/100|[from] Stealth Rock
|move|p2a: Kartana|Sacred Sword|p1a: Dragapult
|-immune|p1a: Dragapult
|
|upkeep
|turn|9
|
|t:|1666680374
|switch|p2a: Toxapex|Toxapex, M|100/100
|-damage|p2a: Toxapex|88/100|[from] Stealth Rock
|move|p1a: Dragapult|U-turn|p2a: Toxapex
|-resisted|p2a: Toxapex
|-damage|p2a: Toxapex|82/100
|inactive|outdplayboithorin1 has 120 seconds left.
|
|t:|1666680410
|switch|p1a: Rillaboom|Rillaboom, F|100/100|[from]move: U-turn
|-damage|p1a: Rillaboom|88/100|[from] Stealth Rock
|-fieldstart|move: Grassy Terrain|[from] ability: Grassy Surge|[of] p1a: Rillaboom
|
|-heal|p1a: Rillaboom|94/100|[from] Grassy Terrain
|-heal|p2a: Toxapex|88/100|[from] Grassy Terrain
|-heal|p2a: Toxapex|94/100|[from] item: Black Sludge
|upkeep
|turn|10
|
|t:|1666680414
|switch|p2a: Dragapult|Dragapult, M|100/100
|-damage|p2a: Dragapult|88/100|[from] Stealth Rock
|move|p1a: Rillaboom|Swords Dance|p1a: Rillaboom
|-boost|p1a: Rillaboom|atk|2
|
|-heal|p2a: Dragapult|94/100|[from] Grassy Terrain
|-heal|p2a: Dragapult|99/100|[from] item: Leftovers
|-heal|p1a: Rillaboom|99/100|[from] Grassy Terrain
|upkeep
|turn|11
|
|t:|1666680420
|move|p1a: Rillaboom|Grassy Glide|p2a: Dragapult
|-resisted|p2a: Dragapult
|-damage|p2a: Dragapult|18/100
|-damage|p1a: Rillaboom|90/100|[from] item: Life Orb
|move|p2a: Dragapult|Fire Blast|p1a: Rillaboom
|-supereffective|p1a: Rillaboom
|-damage|p1a: Rillaboom|28/100
|
|-heal|p2a: Dragapult|24/100|[from] Grassy Terrain
|-heal|p2a: Dragapult|30/100|[from] item: Leftovers
|-heal|p1a: Rillaboom|34/100|[from] Grassy Terrain
|upkeep
|turn|12
|j| Drasuk
|
|t:|1666680435
|switch|p2a: Kartana|Kartana|94/100
|-damage|p2a: Kartana|88/100|[from] Stealth Rock
|move|p1a: Rillaboom|Grassy Glide|p2a: Kartana
|-resisted|p2a: Kartana
|-damage|p2a: Kartana|51/100
|-damage|p1a: Rillaboom|24/100|[from] item: Life Orb
|
|-heal|p2a: Kartana|58/100|[from] Grassy Terrain
|-heal|p1a: Rillaboom|30/100|[from] Grassy Terrain
|upkeep
|turn|13
|
|t:|1666680440
|switch|p1a: Heatran|Heatran, F|81/100
|-damage|p1a: Heatran|69/100|[from] Stealth Rock
|move|p2a: Kartana|Knock Off|p1a: Heatran
|-damage|p1a: Heatran|23/100
|-status|p2a: Kartana|brn|[from] ability: Flame Body|[of] p1a: Heatran
|
|-heal|p2a: Kartana|64/100 brn|[from] Grassy Terrain
|-heal|p1a: Heatran|29/100|[from] Grassy Terrain
|-damage|p2a: Kartana|58/100 brn|[from] brn
|-fieldend|move: Grassy Terrain
|upkeep
|turn|14
|
|t:|1666680450
|move|p2a: Kartana|Knock Off|p1a: Heatran
|-damage|p1a: Heatran|7/100
|move|p1a: Heatran|Earth Power|p2a: Kartana
|-damage|p2a: Kartana|0 fnt
|faint|p2a: Kartana
|
|upkeep
|
|t:|1666680458
|switch|p2a: Toxapex|Toxapex, M|100/100
|-damage|p2a: Toxapex|88/100|[from] Stealth Rock
|turn|15
|
|t:|1666680466
|move|p1a: Heatran|Earth Power|p2a: Toxapex
|-supereffective|p2a: Toxapex
|-damage|p2a: Toxapex|47/100
|move|p2a: Toxapex|Scald|p1a: Heatran
|-supereffective|p1a: Heatran
|-damage|p1a: Heatran|0 fnt
|faint|p1a: Heatran
|
|-heal|p2a: Toxapex|53/100|[from] item: Black Sludge
|upkeep
|inactive|outdplayboithorin1 has 120 seconds left.
|
|t:|1666680499
|switch|p1a: Rillaboom|Rillaboom, F|30/100
|-damage|p1a: Rillaboom|18/100|[from] Stealth Rock
|-fieldstart|move: Grassy Terrain|[from] ability: Grassy Surge|[of] p1a: Rillaboom
|turn|16
|
|t:|1666680502
|switch|p2a: Mandibuzz|Mandibuzz, F|44/100
|move|p1a: Rillaboom|Knock Off|p2a: Mandibuzz
|-resisted|p2a: Mandibuzz
|-damage|p2a: Mandibuzz|31/100
|-enditem|p2a: Mandibuzz|Heavy-Duty Boots|[from] move: Knock Off|[of] p1a: Rillaboom
|-damage|p1a: Rillaboom|8/100|[from] item: Life Orb
|
|-heal|p1a: Rillaboom|14/100|[from] Grassy Terrain
|upkeep
|turn|17
|
|t:|1666680508
|move|p1a: Rillaboom|Superpower|p2a: Mandibuzz
|-damage|p2a: Mandibuzz|0 fnt
|-unboost|p1a: Rillaboom|atk|1
|-unboost|p1a: Rillaboom|def|1
|faint|p2a: Mandibuzz
|-damage|p1a: Rillaboom|4/100|[from] item: Life Orb
|
|-heal|p1a: Rillaboom|10/100|[from] Grassy Terrain
|upkeep
|
|t:|1666680512
|switch|p2a: Toxapex|Toxapex, M|87/100
|-damage|p2a: Toxapex|74/100|[from] Stealth Rock
|turn|18
|
|t:|1666680518
|move|p1a: Rillaboom|Knock Off|p2a: Toxapex
|-damage|p2a: Toxapex|52/100
|-enditem|p2a: Toxapex|Black Sludge|[from] move: Knock Off|[of] p1a: Rillaboom
|-damage|p1a: Rillaboom|0 fnt|[from] item: Life Orb
|faint|p1a: Rillaboom
|move|p2a: Toxapex|Recover|p2a: Toxapex
|-heal|p2a: Toxapex|100/100
|
|upkeep
|
|t:|1666680524
|switch|p1a: Dragapult|Dragapult, M|88/100
|-damage|p1a: Dragapult|76/100|[from] Stealth Rock
|turn|19
|
|t:|1666680526
|move|p1a: Dragapult|Shadow Ball|p2a: Toxapex
|-damage|p2a: Toxapex|66/100
|move|p2a: Toxapex|Recover|p2a: Toxapex
|-heal|p2a: Toxapex|100/100
|
|-heal|p1a: Dragapult|82/100|[from] Grassy Terrain
|upkeep
|turn|20
|
|t:|1666680531
|move|p1a: Dragapult|Shadow Ball|p2a: Toxapex
|-damage|p2a: Toxapex|68/100
|move|p2a: Toxapex|Scald|p1a: Dragapult
|-resisted|p1a: Dragapult
|-damage|p1a: Dragapult|71/100
|
|-heal|p1a: Dragapult|77/100|[from] Grassy Terrain
|-heal|p2a: Toxapex|74/100|[from] Grassy Terrain
|-fieldend|move: Grassy Terrain
|upkeep
|turn|21
|
|t:|1666680536
|move|p1a: Dragapult|Shadow Ball|p2a: Toxapex
|-damage|p2a: Toxapex|42/100
|move|p2a: Toxapex|Scald|p1a: Dragapult
|-resisted|p1a: Dragapult
|-damage|p1a: Dragapult|66/100
|-status|p1a: Dragapult|brn
|
|-damage|p1a: Dragapult|60/100 brn|[from] brn
|upkeep
|turn|22
|inactiveoff|Battle timer is now OFF.
|
|t:|1666680546
|move|p1a: Dragapult|Shadow Ball|p2a: Toxapex
|-damage|p2a: Toxapex|5/100
|move|p2a: Toxapex|Recover|p2a: Toxapex
|-heal|p2a: Toxapex|55/100
|
|-damage|p1a: Dragapult|54/100 brn|[from] brn
|upkeep
|turn|23
|inactive|Battle timer is ON: inactive players will automatically lose when time's up. (requested by tawny's alt)
|inactive|outdplayboithorin1 has 120 seconds left.
|
|t:|1666680634
|move|p1a: Dragapult|Shadow Ball|p2a: Toxapex
|-damage|p2a: Toxapex|20/100
|move|p2a: Toxapex|Recover|p2a: Toxapex
|-heal|p2a: Toxapex|70/100
|
|-damage|p1a: Dragapult|48/100 brn|[from] brn
|upkeep
|turn|24
|inactive|outdplayboithorin1 has 120 seconds left.
|
|t:|1666680644
|move|p1a: Dragapult|Shadow Ball|p2a: Toxapex
|-damage|p2a: Toxapex|34/100
|move|p2a: Toxapex|Recover|p2a: Toxapex
|-heal|p2a: Toxapex|84/100
|
|-damage|p1a: Dragapult|42/100 brn|[from] brn
|upkeep
|turn|25
|
|t:|1666680648
|move|p1a: Dragapult|Shadow Ball|p2a: Toxapex
|-damage|p2a: Toxapex|50/100
|move|p2a: Toxapex|Scald|p1a: Dragapult
|-resisted|p1a: Dragapult
|-damage|p1a: Dragapult|31/100 brn
|
|-damage|p1a: Dragapult|25/100 brn|[from] brn
|upkeep
|turn|26
|
|t:|1666680654
|move|p1a: Dragapult|Shadow Ball|p2a: Toxapex
|-damage|p2a: Toxapex|13/100
|move|p2a: Toxapex|Recover|p2a: Toxapex
|-heal|p2a: Toxapex|63/100
|
|-damage|p1a: Dragapult|19/100 brn|[from] brn
|upkeep
|turn|27
|
|t:|1666680660
|move|p1a: Dragapult|Shadow Ball|p2a: Toxapex
|-damage|p2a: Toxapex|31/100
|move|p2a: Toxapex|Recover|p2a: Toxapex
|-heal|p2a: Toxapex|81/100
|
|-damage|p1a: Dragapult|13/100 brn|[from] brn
|upkeep
|turn|28
|
|t:|1666680667
|switch|p1a: Nihilego|Nihilego|100/100
|-damage|p1a: Nihilego|88/100|[from] Stealth Rock
|move|p2a: Toxapex|Recover|p2a: Toxapex
|-heal|p2a: Toxapex|100/100
|
|upkeep
|turn|29
|
|t:|1666680671
|switch|p2a: Dragapult|Dragapult, M|30/100
|-damage|p2a: Dragapult|18/100|[from] Stealth Rock
|move|p1a: Nihilego|Meteor Beam||[still]
|-prepare|p1a: Nihilego|Meteor Beam
|-boost|p1a: Nihilego|spa|1
|-enditem|p1a: Nihilego|Power Herb
|-anim|p1a: Nihilego|Meteor Beam|p2a: Dragapult
|-crit|p2a: Dragapult
|-damage|p2a: Dragapult|0 fnt
|faint|p2a: Dragapult
|-ability|p1a: Nihilego|Beast Boost|boost
|-boost|p1a: Nihilego|spe|1
|
|upkeep
|
|t:|1666680673
|switch|p2a: Garchomp|Garchomp, F|74/100 brn
|-damage|p2a: Garchomp|68/100 brn|[from] Stealth Rock
|turn|30
|inactive|outdplayboithorin1 has 120 seconds left.
|
|t:|1666680723
|move|p1a: Nihilego|Power Gem|p2a: Garchomp
|-resisted|p2a: Garchomp
|-damage|p2a: Garchomp|46/100 brn
|move|p2a: Garchomp|Earthquake|p1a: Nihilego
|-supereffective|p1a: Nihilego
|-damage|p1a: Nihilego|0 fnt
|faint|p1a: Nihilego
|
|-heal|p2a: Garchomp|52/100 brn|[from] item: Leftovers
|-damage|p2a: Garchomp|46/100 brn|[from] brn
|upkeep
|
|t:|1666680727
|switch|p1a: Weavile|Weavile, M|100/100
|-damage|p1a: Weavile|76/100|[from] Stealth Rock
|-ability|p1a: Weavile|Pressure
|turn|31
|
|t:|1666680733
|move|p1a: Weavile|Triple Axel|p2a: Garchomp|[miss]
|-miss|p1a: Weavile|p2a: Garchomp
|move|p2a: Garchomp|Dragon Tail|p1a: Weavile
|-damage|p1a: Weavile|53/100
|drag|p1a: Dragapult|Dragapult, M|13/100 brn
|-damage|p1a: Dragapult|1/100 brn|[from] Stealth Rock
|
|-heal|p2a: Garchomp|52/100 brn|[from] item: Leftovers
|-damage|p1a: Dragapult|0 fnt|[from] brn
|faint|p1a: Dragapult
|-damage|p2a: Garchomp|46/100 brn|[from] brn
|upkeep
|-message|outdplayboithorin1 forfeited.
|
|win|tawny's alt
|raw|outdplayboithorin1's rating: 1513 &rarr; <strong>1495</strong><br />(-18 for losing)
|raw|tawny&apos;s alt's rating: 1541 &rarr; <strong>1559</strong><br />(+18 for winning)
|l|☆outdplayboithorin1
