|raw|<div class="broadcast-blue"><strong>This battle is required to be public due to a player having a name prefixed by 'LT71LX'.</div>
|j|☆LT71X PAPA PIA
|j|☆LT71LX Kappucci
|t:|1597358281
|player|p1|LT71X PAPA PIA|101|2138
|player|p2|LT71LX Kappucci|twins|2171
|teamsize|p1|6
|teamsize|p2|6
|gametype|singles
|gen|8
|tier|[Gen 8] OU
|rated|
|clearpoke
|poke|p1|Pelipper, F|
|poke|p1|Clefable, M|
|poke|p1|Ferrothorn, F|
|poke|p1|Kyurem|
|poke|p1|Kingdra, F|
|poke|p1|Urshifu-*, F|
|poke|p2|Pelipper, M|
|poke|p2|Kingdra, F|
|poke|p2|Zeraora|
|poke|p2|Amoonguss, F|
|poke|p2|Urshifu-*, F|
|poke|p2|Scizor, M|
|rule|Sleep Clause Mod: Limit one foe put to sleep
|rule|Species Clause: Limit one of each Pokémon
|rule|OHKO Clause: OHKO moves are banned
|rule|Evasion Moves Clause: Evasion moves are banned
|rule|Endless Battle Clause: Forcing endless battles is banned
|rule|HP Percentage Mod: HP is shown in percentages
|rule|Dynamax Clause: You cannot dynamax
|teampreview
|j| Kingnaut
|j| sergefgwefsefs<ef
|j| LT71LX Sks
|j| Mighty Dagon (<.<)
|j| Saltompero
|j| Stamatis
|l| Kingnaut
|j| quinomak
|j| hipster garbage
|j| zAquaCat
|j| LT71LX Luthier
|j| studying in tab
|j| unforgiven lies
|j| Mannat
|j| c4321
|j| WG Hitman
|j| storm zone
|j| cursedstar
|j| 20XX Iron Head
|j| BoomBoomBoo
|j| macho asdfqwert
|j| Hayburner
|inactive|Battle timer is ON: inactive players will automatically lose when time's up. (requested by LT71X PAPA PIA)
|j| Vertex
|j| Mara Sattei
|j| best interest
|j| Livio ElTito
|j| nfela kek
|j| lt71lx juuls
|l| best interest
|j| Yuic
|j|+Cdumas
|inactive|LT71LX Kappucci has 120 seconds left.
|j| rhaegal77
|j| cleann
|j| StickerBrush Symph
|l| rhaegal77
|
|t:|1597358369
|start
|switch|p1a: Urshifu|Urshifu-Rapid-Strike, F|100/100
|switch|p2a: Zeraora|Zeraora|100/100
|turn|1
|j| viash
|l| BoomBoomBoo
|j| klept ho maniac
|j| LT71LX PK
|
|t:|1597358383
|move|p1a: Urshifu|Close Combat|p2a: Zeraora
|-damage|p2a: Zeraora|20/100
|-unboost|p1a: Urshifu|def|1
|-unboost|p1a: Urshifu|spd|1
|move|p2a: Zeraora|Close Combat|p1a: Urshifu
|-damage|p1a: Urshifu|20/100
|-unboost|p2a: Zeraora|def|1
|-unboost|p2a: Zeraora|spd|1
|
|upkeep
|turn|2
|l| klept ho maniac
|j| klept ho maniac
|l| klept ho maniac
|j| rhaegal77
|l| Stamatis
|
|t:|1597358410
|switch|p1a: Ferrothorn|Ferrothorn, F|100/100
|switch|p2a: Pelipper|Pelipper, M|100/100
|-weather|RainDance|[from] ability: Drizzle|[of] p2a: Pelipper
|
|-weather|RainDance|[upkeep]
|upkeep
|turn|3
|j| in the membrane
|j| quiescent
|inactive|LT71X PAPA PIA has 120 seconds left.
|j| Corumba
|
|t:|1597358432
|move|p2a: Pelipper|Scald|p1a: Ferrothorn
|-resisted|p1a: Ferrothorn
|-damage|p1a: Ferrothorn|88/100
|move|p1a: Ferrothorn|Stealth Rock|p2a: Pelipper
|-sidestart|p2: LT71LX Kappucci|move: Stealth Rock
|
|-weather|RainDance|[upkeep]
|-heal|p1a: Ferrothorn|95/100|[from] item: Leftovers
|upkeep
|turn|4
|l| StickerBrush Symph
|inactive|LT71X PAPA PIA has 120 seconds left.
|
|t:|1597358439
|switch|p1a: Kyurem|Kyurem|100/100
|-ability|p1a: Kyurem|Pressure
|move|p2a: Pelipper|Defog|p1a: Kyurem
|-unboost|p1a: Kyurem|evasion|1
|-sideend|p2: LT71LX Kappucci|Stealth Rock|[from] move: Defog|[of] p2a: Pelipper
|
|-weather|RainDance|[upkeep]
|upkeep
|turn|5
|j| Devil Patchy
|j| SOULWIND
|j| The Resolute One
|j| 64 squares
|j|+McMeghan
|j| Theo Mani Fan Club
|j| lt71lx tace
|j| Ox the Fox
|j| ShadowPork
|j| OUTU Hide And Seek
|j| wyn
|j| LT71LX Impulse
|j| LT71LX Sam
|j| TuanNguyen
|inactive|LT71X PAPA PIA has 120 seconds left.
|j| 10 bucks shot
|j| yuzmv
|l|+McMeghan
|j| Xurkitree Autista
|j| lt71lx kingpin
|j| LT71LX JOKERDOG
|j| BoomBoomBoo
|
|t:|1597358456
|switch|p2a: Scizor|Scizor, M|100/100
|move|p1a: Kyurem|Freeze-Dry|p2a: Scizor
|-resisted|p2a: Scizor
|-damage|p2a: Scizor|78/100
|
|-weather|RainDance|[upkeep]
|upkeep
|turn|6
|j| Bdlc
|j| WildWave ☾★
|j| o v e r g o d
|l| Xurkitree Autista
|j| dr4gon cl4w
|inactive|LT71X PAPA PIA has 120 seconds left.
|l| OUTU Hide And Seek
|j| tinyglasses
|j| pizza
|j|+FMG
|j| LowGxeDoritos
|j| lt71lx vaboh
|j| LT71LX Gama
|j| LT71LX REDDIT
|l| pizza
|j| LT71LX life
|l| LT71LX Impulse
|l| lt71lx vaboh
|l| dr4gon cl4w
|j| Corazan
|inactive|LT71X PAPA PIA has 90 seconds left.
|
|t:|1597358498
|move|p1a: Kyurem|Freeze-Dry|p2a: Scizor
|-resisted|p2a: Scizor
|-damage|p2a: Scizor|50/100
|move|p2a: Scizor|Sand Tomb|p1a: Kyurem
|-damage|p1a: Kyurem|76/100
|-activate|p1a: Kyurem|move: Sand Tomb|[of] p2a: Scizor
|-damage|p2a: Scizor|41/100|[from] item: Life Orb
|
|-weather|RainDance|[upkeep]
|-damage|p1a: Kyurem|63/100|[from] move: Sand Tomb|[partiallytrapped]
|upkeep
|turn|7
|inactive|LT71X PAPA PIA has 90 seconds left.
|l| Yuic
|
|t:|1597358509
|move|p2a: Scizor|Bullet Punch|p1a: Kyurem
|-supereffective|p1a: Kyurem
|-damage|p1a: Kyurem|0 fnt
|-damage|p2a: Scizor|31/100|[from] item: Life Orb
|faint|p1a: Kyurem
|
|-weather|RainDance|[upkeep]
|upkeep
|j| tigers jaw
|
|t:|1597358513
|switch|p1a: Kingdra|Kingdra, F|100/100
|turn|8
|j| htcl
|j| Alexander
|j|+Sacri
|inactive|LT71X PAPA PIA has 90 seconds left.
|
|t:|1597358530
|switch|p2a: Amoonguss|Amoonguss, F|100/100
|move|p1a: Kingdra|Draco Meteor|p2a: Amoonguss
|-damage|p2a: Amoonguss|19/100
|-unboost|p1a: Kingdra|spa|2
|-enditem|p2a: Amoonguss|Eject Button
|
|t:|1597358554
|switch|p2a: Urshifu|Urshifu, F|100/100
|
|-weather|RainDance|[upkeep]
|upkeep
|turn|9
|n| Twixtry|lt71lxreddit
|
|t:|1597358559
|switch|p1a: Clefable|Clefable, M|100/100
|move|p2a: Urshifu|U-turn|p1a: Clefable
|-resisted|p1a: Clefable
|-damage|p1a: Clefable|79/100
|
|t:|1597358565
|switch|p2a: Scizor|Scizor, M|31/100|[from]move: U-turn
|
|-weather|none
|-heal|p1a: Clefable|86/100|[from] item: Leftovers
|upkeep
|turn|10
|j| yeying
|n| yeying|yeying
|j| jerderh
|j| brouha
|l| htcl
|
|t:|1597358575
|switch|p1a: Kingdra|Kingdra, F|100/100
|move|p2a: Scizor|Roost|p2a: Scizor
|-heal|p2a: Scizor|81/100
|-singleturn|p2a: Scizor|move: Roost
|
|upkeep
|turn|11
|l| brouha
|j| infe
|inactive|LT71X PAPA PIA has 90 seconds left.
|l| c4321
|
|t:|1597358608
|switch|p2a: Amoonguss|Amoonguss, F|52/100
|move|p1a: Kingdra|Surf|p2a: Amoonguss
|-resisted|p2a: Amoonguss
|-damage|p2a: Amoonguss|20/100
|
|upkeep
|turn|12
|
|t:|1597358615
|switch|p1a: Ferrothorn|Ferrothorn, F|95/100
|switch|p2a: Kingdra|Kingdra, F|100/100
|
|-heal|p1a: Ferrothorn|100/100|[from] item: Leftovers
|upkeep
|turn|13
|inactive|LT71X PAPA PIA has 90 seconds left.
|
|t:|1597358623
|switch|p2a: Pelipper|Pelipper, M|100/100
|-weather|RainDance|[from] ability: Drizzle|[of] p2a: Pelipper
|move|p1a: Ferrothorn|Stealth Rock|p2a: Pelipper
|-sidestart|p2: LT71LX Kappucci|move: Stealth Rock
|
|-weather|RainDance|[upkeep]
|upkeep
|turn|14
|inactive|LT71X PAPA PIA has 90 seconds left.
|
|t:|1597358635
|switch|p1a: Kingdra|Kingdra, F|100/100
|move|p2a: Pelipper|Defog|p1a: Kingdra
|-unboost|p1a: Kingdra|evasion|1
|-sideend|p2: LT71LX Kappucci|Stealth Rock|[from] move: Defog|[of] p2a: Pelipper
|
|-weather|RainDance|[upkeep]
|upkeep
|turn|15
|j| Trap with big ass
|l| Trap with big ass
|
|t:|1597358651
|move|p1a: Kingdra|Draco Meteor|p2a: Pelipper
|-damage|p2a: Pelipper|0 fnt
|-unboost|p1a: Kingdra|spa|2
|faint|p2a: Pelipper
|
|-weather|RainDance|[upkeep]
|upkeep
|l| hipster garbage
|
|t:|1597358662
|switch|p2a: Urshifu|Urshifu, F|100/100
|turn|16
|inactive|LT71X PAPA PIA has 90 seconds left.
|l| WildWave ☾★
|j| Zenadark
|
|t:|1597358701
|switch|p1a: Clefable|Clefable, M|86/100
|move|p2a: Urshifu|U-turn|p1a: Clefable
|-resisted|p1a: Clefable
|-crit|p1a: Clefable
|-damage|p1a: Clefable|55/100
|l| 64 squares
|j| StickerBrush Symph
|inactive|LT71LX Kappucci has 120 seconds left.
|l| StickerBrush Symph
|l| The Resolute One
|j| StickerBrush Symph
|
|t:|1597358735
|switch|p2a: Kingdra|Kingdra, F|100/100|[from]move: U-turn
|
|-weather|RainDance|[upkeep]
|-heal|p1a: Clefable|61/100|[from] item: Leftovers
|upkeep
|turn|17
|
|t:|1597358741
|move|p1a: Clefable|Protect|p1a: Clefable
|-singleturn|p1a: Clefable|Protect
|move|p2a: Kingdra|Surf|p1a: Clefable
|-activate|p1a: Clefable|move: Protect
|
|-weather|RainDance|[upkeep]
|-heal|p1a: Clefable|67/100|[from] item: Leftovers
|upkeep
|turn|18
|inactive|LT71X PAPA PIA has 90 seconds left.
|
|t:|1597358750
|switch|p2a: Urshifu|Urshifu, F|100/100
|switch|p1a: Kingdra|Kingdra, F|100/100
|
|-weather|RainDance|[upkeep]
|upkeep
|turn|19
|j| Iarimm
|inactive|LT71X PAPA PIA has 90 seconds left.
|l| Iarimm
|inactive|LT71LX Kappucci has 120 seconds left.
|j| htcl
|j| Stamatis
|
|t:|1597358790
|switch|p2a: Amoonguss|Amoonguss, F|54/100
|move|p1a: Kingdra|Draco Meteor|p2a: Amoonguss|[miss]
|-miss|p1a: Kingdra|p2a: Amoonguss
|
|-weather|RainDance|[upkeep]
|upkeep
|turn|20
|inactive|LT71LX Kappucci has 120 seconds left.
|
|t:|1597358807
|switch|p2a: Scizor|Scizor, M|81/100
|move|p1a: Kingdra|Draco Meteor|p2a: Scizor
|-resisted|p2a: Scizor
|-damage|p2a: Scizor|22/100
|-unboost|p1a: Kingdra|spa|2
|
|-weather|none
|upkeep
|turn|21
|j| lt71lx croo
|inactive|LT71LX Kappucci has 120 seconds left.
|l| LT71LX PK
|j| AltCauseImInsecure
|l| 20XX Iron Head
|j| left-lovers
|inactive|LT71X PAPA PIA has 60 seconds left.
|
|t:|1597358829
|switch|p1a: Pelipper|Pelipper, F|100/100
|-weather|RainDance|[from] ability: Drizzle|[of] p1a: Pelipper
|switch|p2a: Urshifu|Urshifu, F|100/100
|
|-weather|RainDance|[upkeep]
|upkeep
|turn|22
|
|t:|1597358835
|move|p2a: Urshifu|Wicked Blow|p1a: Pelipper
|-crit|p1a: Pelipper
|-damage|p1a: Pelipper|21/100
|move|p1a: Pelipper|Hurricane|p2a: Urshifu
|-supereffective|p2a: Urshifu
|-damage|p2a: Urshifu|0 fnt
|faint|p2a: Urshifu
|
|-weather|RainDance|[upkeep]
|upkeep
|
|t:|1597358841
|switch|p2a: Kingdra|Kingdra, F|100/100
|turn|23
|l| LT71LX Gama
|inactive|LT71X PAPA PIA has 60 seconds left.
|
|t:|1597358868
|switch|p1a: Ferrothorn|Ferrothorn, F|100/100
|move|p2a: Kingdra|Surf|p1a: Ferrothorn
|-resisted|p1a: Ferrothorn
|-damage|p1a: Ferrothorn|67/100
|
|-weather|RainDance|[upkeep]
|-heal|p1a: Ferrothorn|73/100|[from] item: Leftovers
|upkeep
|turn|24
|inactive|LT71X PAPA PIA has 60 seconds left.
|
|t:|1597358885
|switch|p1a: Kingdra|Kingdra, F|100/100
|move|p2a: Kingdra|Surf|p1a: Kingdra
|-resisted|p1a: Kingdra
|-damage|p1a: Kingdra|71/100
|
|-weather|RainDance|[upkeep]
|upkeep
|turn|25
|
|t:|1597358890
|switch|p2a: Amoonguss|Amoonguss, F|87/100
|move|p1a: Kingdra|Draco Meteor|p2a: Amoonguss
|-damage|p2a: Amoonguss|7/100
|-unboost|p1a: Kingdra|spa|2
|
|-weather|RainDance|[upkeep]
|upkeep
|turn|26
|l| LowGxeDoritos
|inactive|LT71X PAPA PIA has 60 seconds left.
|
|t:|1597358899
|move|p1a: Kingdra|Draco Meteor|p2a: Amoonguss
|-damage|p2a: Amoonguss|0 fnt
|-unboost|p1a: Kingdra|spa|2
|faint|p2a: Amoonguss
|
|-weather|RainDance|[upkeep]
|upkeep
|j| Briitt
|j| peekoball
|inactive|LT71LX Kappucci has 120 seconds left.
|l| SOULWIND
|j| lt71lx empo
|l| LT71LX life
|
|t:|1597358941
|switch|p2a: Scizor|Scizor, M|22/100
|turn|27
|l| storm zone
|inactive|LT71X PAPA PIA has 60 seconds left.
|
|t:|1597358956
|switch|p1a: Urshifu|Urshifu-Rapid-Strike, F|20/100
|move|p2a: Scizor|Roost|p2a: Scizor
|-heal|p2a: Scizor|72/100
|-singleturn|p2a: Scizor|move: Roost
|
|-weather|RainDance|[upkeep]
|upkeep
|turn|28
|l| infe
|inactive|LT71LX Kappucci has 120 seconds left.
|inactive|LT71X PAPA PIA has 60 seconds left.
|j| LT71LX Gama
|j| Y-Wing Fighter
|
|t:|1597358988
|move|p1a: Urshifu|Aqua Jet|p2a: Scizor
|-damage|p2a: Scizor|34/100
|move|p2a: Scizor|Bullet Punch|p1a: Urshifu
|-resisted|p1a: Urshifu
|-crit|p1a: Urshifu
|-damage|p1a: Urshifu|0 fnt
|-damage|p2a: Scizor|25/100|[from] item: Life Orb
|faint|p1a: Urshifu
|
|-weather|none
|upkeep
|
|t:|1597358999
|switch|p1a: Kingdra|Kingdra, F|71/100
|turn|29
|l| Y-Wing Fighter
|inactive|LT71X PAPA PIA has 30 seconds left.
|
|t:|1597359017
|switch|p2a: Zeraora|Zeraora|20/100
|move|p1a: Kingdra|Draco Meteor|p2a: Zeraora
|-damage|p2a: Zeraora|0 fnt
|-unboost|p1a: Kingdra|spa|2
|faint|p2a: Zeraora
|
|upkeep
|l| Mighty Dagon (<.<)
|l| yeying
|
|t:|1597359029
|switch|p2a: Scizor|Scizor, M|25/100
|turn|30
|inactive|LT71X PAPA PIA has 30 seconds left.
|l| StickerBrush Symph
|
|t:|1597359053
|move|p1a: Kingdra|Draco Meteor|p2a: Scizor
|-resisted|p2a: Scizor
|-damage|p2a: Scizor|0 fnt
|-unboost|p1a: Kingdra|spa|2
|faint|p2a: Scizor
|
|upkeep
|inactive|LT71X PAPA PIA has 30 seconds left this turn.
|
|t:|1597359060
|switch|p2a: Kingdra|Kingdra, F|100/100
|turn|31
|l| ShadowPork
|
|t:|1597359065
|switch|p1a: Pelipper|Pelipper, F|21/100
|-weather|RainDance|[from] ability: Drizzle|[of] p1a: Pelipper
|move|p2a: Kingdra|Hurricane|p1a: Pelipper
|-crit|p1a: Pelipper
|-damage|p1a: Pelipper|0 fnt
|faint|p1a: Pelipper
|
|-weather|RainDance|[upkeep]
|upkeep
|j| sugarhigh
|inactive|LT71X PAPA PIA has 30 seconds left.
|
|t:|1597359076
|switch|p1a: Clefable|Clefable, M|67/100
|turn|32
|l| sugarhigh
|
|t:|1597359080
|move|p1a: Clefable|Protect|p1a: Clefable
|-singleturn|p1a: Clefable|Protect
|move|p2a: Kingdra|Hurricane|p1a: Clefable
|-activate|p1a: Clefable|move: Protect
|
|-weather|RainDance|[upkeep]
|-heal|p1a: Clefable|73/100|[from] item: Leftovers
|upkeep
|turn|33
|l|+Sacri
|j| hipster garbage
|l| hipster garbage
|inactive|LT71X PAPA PIA has 30 seconds left.
|inactive|LT71X PAPA PIA has 20 seconds left.
|inactive|LT71X PAPA PIA has 15 seconds left.
|l| sergefgwefsefs<ef
|inactive|LT71X PAPA PIA has 10 seconds left.
|
|t:|1597359122
|move|p2a: Kingdra|Hurricane|p1a: Clefable
|-damage|p1a: Clefable|38/100
|move|p1a: Clefable|Moonblast|p2a: Kingdra
|-supereffective|p2a: Kingdra
|-damage|p2a: Kingdra|30/100
|
|-weather|RainDance|[upkeep]
|-heal|p1a: Clefable|44/100|[from] item: Leftovers
|upkeep
|turn|34
|inactive|LT71X PAPA PIA has 20 seconds left this turn.
|inactive|LT71X PAPA PIA has 15 seconds left.
|
|t:|1597359127
|move|p1a: Clefable|Protect|p1a: Clefable
|-singleturn|p1a: Clefable|Protect
|move|p2a: Kingdra|Hurricane|p1a: Clefable
|-activate|p1a: Clefable|move: Protect
|
|-weather|RainDance|[upkeep]
|-heal|p1a: Clefable|50/100|[from] item: Leftovers
|upkeep
|turn|35
|inactive|LT71X PAPA PIA has 25 seconds left this turn.
|l| Briitt
|inactive|LT71X PAPA PIA has 20 seconds left.
|
|t:|1597359133
|move|p2a: Kingdra|Hurricane|p1a: Clefable
|-damage|p1a: Clefable|14/100
|move|p1a: Clefable|Moonblast|p2a: Kingdra
|-supereffective|p2a: Kingdra
|-crit|p2a: Kingdra
|-damage|p2a: Kingdra|0 fnt
|faint|p2a: Kingdra
|
|win|LT71X PAPA PIA
|inactive|LT71X PAPA PIA has 25 seconds left this turn.
|l| LT71LX Luthier
|l| Mannat
|l|+FMG
|l| unforgiven lies
|l| Hayburner
|raw|LT71X PAPA PIA's rating: 2138 &rarr; <strong>2160</strong><br />(+22 for winning)
|raw|LT71LX Kappucci's rating: 2171 &rarr; <strong>2150</strong><br />(-21 for losing)
|l| htcl
|l| zAquaCat
|l| Alexander
|l| Stamatis
|l|☆LT71LX Kappucci
|l| tigers jaw
|l| left-lovers
|l| Devil Patchy
|l| AltCauseImInsecure
|l| Corazan
|l|☆LT71X PAPA PIA
|l| macho asdfqwert
|l| viash
|l| Saltompero
|l| lt71lx croo
|l| tinyglasses
|l| quinomak
|l| rhaegal77
|l| Vertex
|l| lt71lx juuls
|l| Twixtry
|l| o v e r g o d
|l| Zenadark
|l| wyn
|l| yuzmv
|l|wghitman
|l| cursedstar
|l| Livio ElTito
|l| Theo Mani Fan Club
|l| lt71lx tace
|l| Bdlc
|l| nfela kek
|l|+Cdumas
|l| 10 bucks shot
|l| lt71lx kingpin
|l| LT71LX JOKERDOG
|l| Mara Sattei
|l| in the membrane
|l| lt71lx empo
|l| TuanNguyen
|l| LT71LX Sks
|l| cleann
|l| Ox the Fox
|l| quiescent
|l| LT71LX Gama
|l| LT71LX Sam
|l| Corumba
|l| jerderh
