|j|☆Escanor_Sunshine10
|j|☆Redemption
|inactive|Battle timer is ON: inactive players will automatically lose when time's up.
|t:|1646509753
|gametype|singles
|player|p1|Escanor_Sunshine10|blaine|
|player|p2|Redemption|#redemption|
|teamsize|p1|6
|teamsize|p2|6
|gen|8
|tier|[Gen 8] OU
|rated|Tournament battle
|rule|Sleep Clause Mod: Limit one foe put to sleep
|rule|Species Clause: Limit one of each Pokémon
|rule|OHKO Clause: OHKO moves are banned
|rule|Evasion Moves Clause: Evasion moves are banned
|rule|Endless Battle Clause: Forcing endless battles is banned
|rule|HP Percentage Mod: HP is shown in percentages
|rule|Dynamax Clause: You cannot dynamax
|clearpoke
|poke|p1|Rillaboom, F|
|poke|p1|Corsola-Galar, M|
|poke|p1|Garchomp, M|
|poke|p1|Tapu Fini|
|poke|p1|Polteageist|
|poke|p1|Necrozma|
|poke|p2|Nidoking, M|
|poke|p2|Rotom-Wash|
|poke|p2|Victini|
|poke|p2|Dragonite, F|
|poke|p2|Tapu Lele|
|poke|p2|Blissey, F|
|teampreview
|j|*Lady Monita ❄
|j| ShinyxTyrunt
|j| GyroLoss
|inactive|Escanor_Sunshine10 has 120 seconds left.
|
|t:|1646509798
|start
|switch|p1a: Necrozma|Necrozma|100/100
|switch|p2a: Rothomas|Rotom-Wash|100/100
|turn|1
|
|t:|1646509811
|move|p2a: Rothomas|Volt Switch|p1a: Necrozma
|-damage|p1a: Necrozma|72/100
|
|t:|1646509814
|switch|p2a: Blissandra|Blissey, F|100/100|[from]move: Volt Switch
|move|p1a: Necrozma|Meteor Beam||[still]
|-prepare|p1a: Necrozma|Meteor Beam
|-boost|p1a: Necrozma|spa|1
|-enditem|p1a: Necrozma|Power Herb
|-anim|p1a: Necrozma|Meteor Beam|p2a: Blissandra
|-damage|p2a: Blissandra|75/100
|
|upkeep
|turn|2
|j| Xerntest
|j| Dreamyblue
|
|t:|1646509842
|switch|p1a: Tapu Fini|Tapu Fini|100/100
|-fieldstart|move: Misty Terrain|[from] ability: Misty Surge|[of] p1a: Tapu Fini
|move|p2a: Blissandra|Stealth Rock|p1a: Tapu Fini
|-sidestart|p1: Escanor_Sunshine10|move: Stealth Rock
|
|upkeep
|turn|3
|
|t:|1646509853
|move|p1a: Tapu Fini|Defog|p2a: Blissandra
|-unboost|p2a: Blissandra|evasion|1
|-sideend|p1: Escanor_Sunshine10|Stealth Rock|[from] move: Defog|[of] p1a: Tapu Fini
|-fieldend|Misty Terrain
|move|p2a: Blissandra|Teleport|p2a: Blissandra
|
|t:|1646509865
|switch|p2a: Tapu Leon|Tapu Lele|100/100|[from]move: Teleport
|-fieldstart|move: Psychic Terrain|[from] ability: Psychic Surge|[of] p2a: Tapu Leon
|
|upkeep
|turn|4
|inactive|Escanor_Sunshine10 has 120 seconds left.
|
|t:|1646509887
|move|p2a: Tapu Leon|Psychic|p1a: Tapu Fini
|-crit|p1a: Tapu Fini
|-damage|p1a: Tapu Fini|25/100
|move|p1a: Tapu Fini|Muddy Water|p2a: Tapu Leon|[miss]
|-miss|p1a: Tapu Fini|p2a: Tapu Leon
|
|-heal|p1a: Tapu Fini|31/100|[from] item: Leftovers
|upkeep
|turn|5
|inactive|Escanor_Sunshine10 has 120 seconds left.
|
|t:|1646509907
|switch|p1a: Necrozma|Necrozma|72/100
|move|p2a: Tapu Leon|Psychic|p1a: Necrozma
|-resisted|p1a: Necrozma
|-damage|p1a: Necrozma|37/100
|
|upkeep
|turn|6
|
|t:|1646509919
|move|p2a: Tapu Leon|Psychic|p1a: Necrozma
|-resisted|p1a: Necrozma
|-damage|p1a: Necrozma|0 fnt
|faint|p1a: Necrozma
|
|upkeep
|
|t:|1646509938
|switch|p1a: Polteageist|Polteageist|100/100
|turn|7
|
|t:|1646509942
|move|p2a: Tapu Leon|Psychic|p1a: Polteageist
|-damage|p1a: Polteageist|24/100
|-unboost|p1a: Polteageist|spd|1
|move|p1a: Polteageist|Shell Smash|p1a: Polteageist
|-unboost|p1a: Polteageist|def|1
|-unboost|p1a: Polteageist|spd|1
|-boost|p1a: Polteageist|atk|2
|-boost|p1a: Polteageist|spa|2
|-boost|p1a: Polteageist|spe|2
|
|-fieldend|move: Psychic Terrain
|upkeep
|turn|8
|inactive|Escanor_Sunshine10 has 120 seconds left.
|
|t:|1646509960
|switch|p2a: Blissandra|Blissey, F|75/100
|move|p1a: Polteageist|Shadow Ball|p2a: Blissandra
|-immune|p2a: Blissandra
|
|upkeep
|turn|9
|inactive|Escanor_Sunshine10 has 120 seconds left.
|
|t:|1646509971
|move|p1a: Polteageist|Shell Smash|p1a: Polteageist
|-unboost|p1a: Polteageist|def|1
|-unboost|p1a: Polteageist|spd|1
|-boost|p1a: Polteageist|atk|2
|-boost|p1a: Polteageist|spa|2
|-boost|p1a: Polteageist|spe|2
|move|p2a: Blissandra|Teleport|p2a: Blissandra
|
|t:|1646509976
|switch|p2a: Dragonzales|Dragonite, F|100/100|[from]move: Teleport
|
|upkeep
|turn|10
|
|t:|1646509990
|move|p1a: Polteageist|Stored Power|p2a: Dragonzales
|-damage|p2a: Dragonzales|0 fnt
|faint|p2a: Dragonzales
|
|upkeep
|c| GyroLoss|Wow
|c| Dreamyblue|holy...
|
|t:|1646510003
|switch|p2a: Blissandra|Blissey, F|75/100
|turn|11
|c| GyroLoss|Ahhaaaaa
|c| GyroLoss|Ahahaha
|-message|Redemption forfeited.
|
|win|Escanor_Sunshine10
|n|☆Escanor_Sunshine10|escanorsunshine10
|n|☆Redemption|redemption
|n|*Lady Monita ❄|ladymonita
|n| ShinyxTyrunt|shinyxtyrunt
|n| GyroLoss|gyroloss
|n| Xerntest|xerntest
|n| Dreamyblue|dreamyblue
|l|*Lady Monita ❄
|l|☆Redemption
