|j|☆Choemeye
|j|☆Maitredouard2
|t:|1640005925
|gametype|singles
|player|p1|Choemeye|169|1400
|player|p2|Maitredouard2|265|1402
|teamsize|p1|6
|teamsize|p2|6
|gen|8
|tier|[Gen 8] OU
|rated|
|rule|Sleep Clause Mod: Limit one foe put to sleep
|rule|Species Clause: Limit one of each Pokémon
|rule|OHKO Clause: OHKO moves are banned
|rule|Evasion Moves Clause: Evasion moves are banned
|rule|Endless Battle Clause: Forcing endless battles is banned
|rule|HP Percentage Mod: HP is shown in percentages
|rule|Dynamax Clause: You cannot dynamax
|clearpoke
|poke|p1|Tyranitar, M|
|poke|p1|Goodra, F|
|poke|p1|Reuniclus, M|
|poke|p1|Toxapex, F|
|poke|p1|Trevenant, M|
|poke|p1|Mamoswine, M|
|poke|p2|Mandibuzz, F|
|poke|p2|Landorus-Therian, M|
|poke|p2|Blissey, F|
|poke|p2|Heatran, M|
|poke|p2|Toxapex, M|
|poke|p2|Dragapult, M|
|teampreview
|inactive|Battle timer is ON: inactive players will automatically lose when time's up. (requested by Choemeye)
|
|t:|1640005975
|start
|switch|p1a: Tyranitar|Tyranitar, M|100/100
|switch|p2a: Heatran|Heatran, M|100/100
|-item|p2a: Heatran|Air Balloon
|-weather|Sandstorm|[from] ability: Sand Stream|[of] p1a: Tyranitar
|turn|1
|
|t:|1640005986
|switch|p2a: Landorus|Landorus-Therian, M|100/100
|-ability|p2a: Landorus|Intimidate|boost
|-unboost|p1a: Tyranitar|atk|1
|move|p1a: Tyranitar|Rock Polish|p1a: Tyranitar
|-boost|p1a: Tyranitar|spe|2
|
|-weather|Sandstorm|[upkeep]
|upkeep
|turn|2
|
|t:|1640005994
|move|p2a: Landorus|Earthquake|p1a: Tyranitar
|-supereffective|p1a: Tyranitar
|-damage|p1a: Tyranitar|19/100
|-enditem|p1a: Tyranitar|Weakness Policy
|-boost|p1a: Tyranitar|atk|2|[from] item: Weakness Policy
|-boost|p1a: Tyranitar|spa|2|[from] item: Weakness Policy
|move|p1a: Tyranitar|Ice Punch|p2a: Landorus
|-supereffective|p2a: Landorus
|-damage|p2a: Landorus|0 fnt
|faint|p2a: Landorus
|
|-weather|Sandstorm|[upkeep]
|upkeep
|
|t:|1640006007
|switch|p2a: Toxapex|Toxapex, M|100/100
|turn|3
|
|t:|1640006012
|move|p1a: Tyranitar|Stone Edge|p2a: Toxapex|[miss]
|-miss|p1a: Tyranitar|p2a: Toxapex
|move|p2a: Toxapex|Haze|p2a: Toxapex
|-clearallboost
|
|-weather|Sandstorm|[upkeep]
|-damage|p2a: Toxapex|94/100|[from] Sandstorm
|upkeep
|turn|4
|inactive|Maitredouard2 has 120 seconds left.
|
|t:|1640006045
|move|p1a: Tyranitar|Crunch|p2a: Toxapex
|-damage|p2a: Toxapex|68/100
|-damage|p1a: Tyranitar|2/100|[from] item: Rocky Helmet|[of] p2a: Toxapex
|move|p2a: Toxapex|Scald|p1a: Tyranitar
|-supereffective|p1a: Tyranitar
|-damage|p1a: Tyranitar|0 fnt
|faint|p1a: Tyranitar
|
|-weather|Sandstorm|[upkeep]
|-damage|p2a: Toxapex|62/100|[from] Sandstorm
|upkeep
|
|t:|1640006055
|switch|p1a: Mamoswine|Mamoswine, M|100/100
|turn|5
|inactive|Maitredouard2 has 120 seconds left.
|
|t:|1640006093
|switch|p2a: Heatran|Heatran, M|100/100
|-item|p2a: Heatran|Air Balloon
|move|p1a: Mamoswine|Icicle Crash|p2a: Heatran
|-resisted|p2a: Heatran
|-damage|p2a: Heatran|89/100
|-enditem|p2a: Heatran|Air Balloon
|-damage|p1a: Mamoswine|91/100|[from] item: Life Orb
|
|-weather|none
|upkeep
|turn|6
|
|t:|1640006104
|switch|p2a: Mandibuzz|Mandibuzz, F|100/100
|move|p1a: Mamoswine|Earthquake|p2a: Mandibuzz
|-immune|p2a: Mandibuzz
|
|upkeep
|turn|7
|
|t:|1640006116
|move|p1a: Mamoswine|Icicle Crash|p2a: Mandibuzz
|-supereffective|p2a: Mandibuzz
|-damage|p2a: Mandibuzz|28/100
|-damage|p1a: Mamoswine|81/100|[from] item: Life Orb
|move|p2a: Mandibuzz|Foul Play|p1a: Mamoswine
|-damage|p1a: Mamoswine|23/100
|
|upkeep
|turn|8
|
|t:|1640006126
|switch|p2a: Toxapex|Toxapex, M|95/100
|move|p1a: Mamoswine|Earthquake|p2a: Toxapex
|-supereffective|p2a: Toxapex
|-damage|p2a: Toxapex|17/100
|-damage|p1a: Mamoswine|13/100|[from] item: Life Orb
|
|upkeep
|turn|9
|
|t:|1640006151
|switch|p2a: Mandibuzz|Mandibuzz, F|28/100
|move|p1a: Mamoswine|Icicle Crash|p2a: Mandibuzz
|-supereffective|p2a: Mandibuzz
|-damage|p2a: Mandibuzz|0 fnt
|faint|p2a: Mandibuzz
|-damage|p1a: Mamoswine|3/100|[from] item: Life Orb
|
|upkeep
|inactive|Maitredouard2 has 90 seconds left.
|
|t:|1640006181
|switch|p2a: Dragapult|Dragapult, M|100/100
|turn|10
|inactive|Choemeye has 120 seconds left.
|
|t:|1640006214
|move|p2a: Dragapult|Shadow Ball|p1a: Mamoswine
|-damage|p1a: Mamoswine|0 fnt
|faint|p1a: Mamoswine
|
|upkeep
|
|t:|1640006225
|switch|p1a: Trevenant|Trevenant, M|100/100
|turn|11
|inactive|Maitredouard2 has 90 seconds left.
|
|t:|1640006249
|move|p2a: Dragapult|Shadow Ball|p1a: Trevenant
|-supereffective|p1a: Trevenant
|-damage|p1a: Trevenant|20/100
|-unboost|p1a: Trevenant|spd|1
|-enditem|p1a: Trevenant|Sitrus Berry|[eat]
|-heal|p1a: Trevenant|45/100|[from] item: Sitrus Berry
|move|p1a: Trevenant|Poltergeist|p2a: Dragapult
|-activate|p2a: Dragapult|move: Poltergeist|Choice Specs
|-supereffective|p2a: Dragapult
|-damage|p2a: Dragapult|0 fnt
|faint|p2a: Dragapult
|
|-item|p1a: Trevenant|Sitrus Berry|[from] ability: Harvest
|upkeep
|-enditem|p1a: Trevenant|Sitrus Berry|[eat]
|-heal|p1a: Trevenant|69/100|[from] item: Sitrus Berry
|
|t:|1640006265
|switch|p2a: Blissey|Blissey, F|100/100
|turn|12
|
|t:|1640006269
|move|p1a: Trevenant|Horn Leech|p2a: Blissey
|-damage|p2a: Blissey|76/100
|-heal|p1a: Trevenant|93/100|[from] drain|[of] p2a: Blissey
|move|p2a: Blissey|Toxic|p1a: Trevenant
|-status|p1a: Trevenant|tox
|
|-damage|p1a: Trevenant|87/100 tox|[from] psn
|upkeep
|turn|13
|
|t:|1640006279
|move|p1a: Trevenant|Substitute|p1a: Trevenant
|-start|p1a: Trevenant|Substitute
|-damage|p1a: Trevenant|62/100 tox
|move|p2a: Blissey|Teleport|p2a: Blissey
|
|t:|1640006283
|switch|p2a: Toxapex|Toxapex, M|50/100|[from]move: Teleport
|
|-damage|p1a: Trevenant|50/100 tox|[from] psn
|-item|p1a: Trevenant|Sitrus Berry|[from] ability: Harvest
|upkeep
|-enditem|p1a: Trevenant|Sitrus Berry|[eat]
|-heal|p1a: Trevenant|75/100 tox|[from] item: Sitrus Berry
|turn|14
|inactive|Maitredouard2 has 90 seconds left.
|
|t:|1640006311
|move|p1a: Trevenant|Horn Leech|p2a: Toxapex
|-damage|p2a: Toxapex|32/100
|-heal|p1a: Trevenant|82/100 tox|[from] drain|[of] p2a: Toxapex
|-damage|p1a: Trevenant|65/100 tox|[from] item: Rocky Helmet|[of] p2a: Toxapex
|move|p2a: Toxapex|Recover|p2a: Toxapex
|-heal|p2a: Toxapex|82/100
|
|-damage|p1a: Trevenant|47/100 tox|[from] psn
|upkeep
|turn|15
|
|t:|1640006324
|move|p1a: Trevenant|Will-O-Wisp|p2a: Toxapex
|-status|p2a: Toxapex|brn
|move|p2a: Toxapex|Scald|p1a: Trevenant
|-resisted|p1a: Trevenant
|-activate|p1a: Trevenant|move: Substitute|[damage]
|
|-damage|p1a: Trevenant|22/100 tox|[from] psn
|-damage|p2a: Toxapex|76/100 brn|[from] brn
|-item|p1a: Trevenant|Sitrus Berry|[from] ability: Harvest
|upkeep
|-enditem|p1a: Trevenant|Sitrus Berry|[eat]
|-heal|p1a: Trevenant|47/100 tox|[from] item: Sitrus Berry
|turn|16
|
|t:|1640006345
|move|p1a: Trevenant|Poltergeist|p2a: Toxapex
|-activate|p2a: Toxapex|move: Poltergeist|Rocky Helmet
|-damage|p2a: Toxapex|52/100 brn
|move|p2a: Toxapex|Recover|p2a: Toxapex
|-heal|p2a: Toxapex|100/100 brn
|
|-damage|p1a: Trevenant|17/100 tox|[from] psn
|-damage|p2a: Toxapex|94/100 brn|[from] brn
|upkeep
|turn|17
|
|t:|1640006366
|move|p1a: Trevenant|Poltergeist|p2a: Toxapex
|-activate|p2a: Toxapex|move: Poltergeist|Rocky Helmet
|-damage|p2a: Toxapex|69/100 brn
|move|p2a: Toxapex|Recover|p2a: Toxapex
|-heal|p2a: Toxapex|100/100 brn
|
|-damage|p1a: Trevenant|0 fnt|[from] psn
|faint|p1a: Trevenant
|-damage|p2a: Toxapex|94/100 brn|[from] brn
|upkeep
|inactive|Choemeye has 120 seconds left.
|
|t:|1640006378
|switch|p1a: Goodra|Goodra, F|100/100
|turn|18
|
|t:|1640006382
|move|p1a: Goodra|Thunderbolt|p2a: Toxapex
|-supereffective|p2a: Toxapex
|-damage|p2a: Toxapex|42/100 brn
|move|p2a: Toxapex|Toxic|p1a: Goodra
|-status|p1a: Goodra|tox
|
|-damage|p1a: Goodra|94/100 tox|[from] psn
|-damage|p2a: Toxapex|36/100 brn|[from] brn
|upkeep
|turn|19
|
|t:|1640006391
|switch|p2a: Blissey|Blissey, F|76/100
|move|p1a: Goodra|Thunderbolt|p2a: Blissey
|-damage|p2a: Blissey|65/100
|
|-damage|p1a: Goodra|82/100 tox|[from] psn
|upkeep
|turn|20
|inactive|Maitredouard2 has 90 seconds left.
|
|t:|1640006399
|switch|p1a: Reuniclus|Reuniclus, M|100/100
|move|p2a: Blissey|Soft-Boiled|p2a: Blissey
|-heal|p2a: Blissey|100/100
|
|upkeep
|turn|21
|
|t:|1640006405
|move|p2a: Blissey|Toxic|p1a: Reuniclus
|-status|p1a: Reuniclus|tox
|move|p1a: Reuniclus|Calm Mind|p1a: Reuniclus
|-boost|p1a: Reuniclus|spa|1
|-boost|p1a: Reuniclus|spd|1
|
|upkeep
|turn|22
|
|t:|1640006412
|switch|p2a: Toxapex|Toxapex, M|69/100 brn
|move|p1a: Reuniclus|Calm Mind|p1a: Reuniclus
|-boost|p1a: Reuniclus|spa|1
|-boost|p1a: Reuniclus|spd|1
|
|-damage|p2a: Toxapex|63/100 brn|[from] brn
|upkeep
|turn|23
|
|t:|1640006420
|move|p1a: Reuniclus|Stored Power|p2a: Toxapex
|-supereffective|p2a: Toxapex
|-damage|p2a: Toxapex|0 fnt
|faint|p2a: Toxapex
|
|upkeep
|
|t:|1640006426
|switch|p2a: Blissey|Blissey, F|100/100
|turn|24
|
|t:|1640006430
|move|p2a: Blissey|Seismic Toss|p1a: Reuniclus
|-damage|p1a: Reuniclus|77/100 tox
|move|p1a: Reuniclus|Calm Mind|p1a: Reuniclus
|-boost|p1a: Reuniclus|spa|1
|-boost|p1a: Reuniclus|spd|1
|
|-heal|p1a: Reuniclus|83/100 tox|[from] item: Leftovers
|upkeep
|turn|25
|inactive|Maitredouard2 has 120 seconds left.
|-message|Maitredouard2 forfeited.
|
|win|Choemeye
|raw|Choemeye's rating: 1400 &rarr; <strong>1421</strong><br />(+21 for winning)
|raw|Maitredouard2's rating: 1426 &rarr; <strong>1405</strong><br />(-21 for losing)
|l|☆Maitredouard2
|c|☆Choemeye|gg
