|j|☆Yungbattosai
|j|☆Suricata2000
|t:|1662392818
|gametype|singles
|player|p1|Yungbattosai|266|1573
|player|p2|Suricata2000|cynthia|1595
|teamsize|p1|6
|teamsize|p2|6
|gen|8
|tier|[Gen 8] OU
|rated|
|rule|Sleep Clause Mod: Limit one foe put to sleep
|rule|Species Clause: Limit one of each Pokémon
|rule|OHKO Clause: OHKO moves are banned
|rule|Evasion Items Clause: Evasion items are banned
|rule|Evasion Moves Clause: Evasion moves are banned
|rule|Endless Battle Clause: Forcing endless battles is banned
|rule|HP Percentage Mod: HP is shown in percentages
|rule|Dynamax Clause: You cannot dynamax
|clearpoke
|poke|p1|Scizor, F|
|poke|p1|Zapdos|
|poke|p1|Landorus-Therian, M|
|poke|p1|Blaziken, M|
|poke|p1|Kartana|
|poke|p1|Suicune|
|poke|p2|Clefable, F|
|poke|p2|Tornadus-Therian, M|
|poke|p2|Nidoking, M|
|poke|p2|Slowbro, F|
|poke|p2|Urshifu-*, M|
|poke|p2|Ferrothorn, F|
|teampreview
|j| Riyad Mahrez
|
|t:|1662392853
|start
|switch|p1a: Zapdos|Zapdos|100/100
|switch|p2a: Nidoking|Nidoking, M|100/100
|turn|1
|inactive|Battle timer is ON: inactive players will automatically lose when time's up. (requested by Yungbattosai)
|
|t:|1662392860
|move|p1a: Zapdos|Hurricane|p2a: Nidoking
|-damage|p2a: Nidoking|18/100
|move|p2a: Nidoking|Ice Beam|p1a: Zapdos
|-supereffective|p1a: Zapdos
|-damage|p1a: Zapdos|12/100
|
|upkeep
|turn|2
|
|t:|1662392870
|move|p1a: Zapdos|Hurricane|p2a: Nidoking
|-damage|p2a: Nidoking|0 fnt
|faint|p2a: Nidoking
|
|upkeep
|
|t:|1662392877
|switch|p2a: Tornadus|Tornadus-Therian, M, shiny|100/100
|turn|3
|
|t:|1662392881
|switch|p1a: Suicune|Suicune|100/100
|-ability|p1a: Suicune|Pressure
|move|p2a: Tornadus|Knock Off|p1a: Suicune
|-damage|p1a: Suicune|89/100
|-damage|p2a: Tornadus|84/100|[from] item: Rocky Helmet|[of] p1a: Suicune
|-enditem|p1a: Suicune|Rocky Helmet|[from] move: Knock Off|[of] p2a: Tornadus
|
|upkeep
|turn|4
|
|t:|1662392891
|move|p2a: Tornadus|U-turn|p1a: Suicune
|-damage|p1a: Suicune|79/100
|
|t:|1662392895
|switch|p2a: Ferrothorn|Ferrothorn, F|100/100|[from]move: U-turn
|move|p1a: Suicune|Scald|p2a: Ferrothorn
|-resisted|p2a: Ferrothorn
|-damage|p2a: Ferrothorn|91/100
|
|-heal|p2a: Ferrothorn|97/100|[from] item: Leftovers
|upkeep
|turn|5
|
|t:|1662392905
|switch|p1a: Kartana|Kartana|100/100
|move|p2a: Ferrothorn|Leech Seed|p1a: Kartana
|-immune|p1a: Kartana
|
|-heal|p2a: Ferrothorn|100/100|[from] item: Leftovers
|upkeep
|turn|6
|
|t:|1662392918
|switch|p1a: Landorus|Landorus-Therian, M|100/100
|-ability|p1a: Landorus|Intimidate|boost
|-unboost|p2a: Ferrothorn|atk|1
|move|p2a: Ferrothorn|Spikes|p1a: Landorus
|-sidestart|p1: Yungbattosai|Spikes
|
|upkeep
|turn|7
|
|t:|1662392929
|move|p1a: Landorus|Stealth Rock|p2a: Ferrothorn
|-sidestart|p2: Suricata2000|move: Stealth Rock
|move|p2a: Ferrothorn|Leech Seed|p1a: Landorus
|-start|p1a: Landorus|move: Leech Seed
|
|-damage|p1a: Landorus|88/100|[from] Leech Seed|[of] p2a: Ferrothorn
|upkeep
|turn|8
|
|t:|1662392939
|move|p1a: Landorus|Earthquake|p2a: Ferrothorn
|-damage|p2a: Ferrothorn|65/100
|move|p2a: Ferrothorn|Knock Off|p1a: Landorus
|-damage|p1a: Landorus|72/100
|-enditem|p1a: Landorus|Focus Sash|[from] move: Knock Off|[of] p2a: Ferrothorn
|
|-heal|p2a: Ferrothorn|71/100|[from] item: Leftovers
|-damage|p1a: Landorus|60/100|[from] Leech Seed|[of] p2a: Ferrothorn
|-heal|p2a: Ferrothorn|82/100|[silent]
|upkeep
|turn|9
|
|t:|1662392950
|move|p1a: Landorus|Toxic|p2a: Ferrothorn
|-immune|p2a: Ferrothorn
|move|p2a: Ferrothorn|Spikes|p1a: Landorus
|-sidestart|p1: Yungbattosai|Spikes
|
|-heal|p2a: Ferrothorn|88/100|[from] item: Leftovers
|-damage|p1a: Landorus|48/100|[from] Leech Seed|[of] p2a: Ferrothorn
|-heal|p2a: Ferrothorn|99/100|[silent]
|upkeep
|turn|10
|
|t:|1662392959
|move|p1a: Landorus|Earthquake|p2a: Ferrothorn
|-damage|p2a: Ferrothorn|64/100
|move|p2a: Ferrothorn|Gyro Ball|p1a: Landorus
|-damage|p1a: Landorus|8/100
|
|-heal|p2a: Ferrothorn|70/100|[from] item: Leftovers
|-damage|p1a: Landorus|0 fnt|[from] Leech Seed|[of] p2a: Ferrothorn
|-heal|p2a: Ferrothorn|77/100|[silent]
|faint|p1a: Landorus
|upkeep
|
|t:|1662392962
|switch|p1a: Blaziken|Blaziken, M|100/100
|-item|p1a: Blaziken|Air Balloon
|turn|11
|
|t:|1662392974
|switch|p2a: Slowbro|Slowbro, F|100/100
|move|p1a: Blaziken|Swords Dance|p1a: Blaziken
|-boost|p1a: Blaziken|atk|2
|
|-ability|p1a: Blaziken|Speed Boost|boost
|-boost|p1a: Blaziken|spe|1
|upkeep
|turn|12
|
|t:|1662392982
|move|p1a: Blaziken|Thunder Punch|p2a: Slowbro
|-supereffective|p2a: Slowbro
|-damage|p2a: Slowbro|38/100
|move|p2a: Slowbro|Scald|p1a: Blaziken
|-supereffective|p1a: Blaziken
|-damage|p1a: Blaziken|12/100
|-enditem|p1a: Blaziken|Air Balloon
|
|-ability|p1a: Blaziken|Speed Boost|boost
|-boost|p1a: Blaziken|spe|1
|upkeep
|turn|13
|
|t:|1662392996
|switch|p2a: Ferrothorn|Ferrothorn, F|77/100
|-damage|p2a: Ferrothorn|71/100|[from] Stealth Rock
|move|p1a: Blaziken|Close Combat|p2a: Ferrothorn
|-supereffective|p2a: Ferrothorn
|-damage|p2a: Ferrothorn|0 fnt
|-unboost|p1a: Blaziken|def|1
|-unboost|p1a: Blaziken|spd|1
|-damage|p1a: Blaziken|0 fnt|[from] ability: Iron Barbs|[of] p2a: Ferrothorn
|faint|p2a: Ferrothorn
|faint|p1a: Blaziken
|
|upkeep
|
|t:|1662393014
|switch|p1a: Zapdos|Zapdos|12/100
|switch|p2a: Tornadus|Tornadus-Therian, M, shiny|100/100
|turn|14
|
|t:|1662393020
|move|p2a: Tornadus|Knock Off|p1a: Zapdos
|-damage|p1a: Zapdos|0 fnt
|-status|p2a: Tornadus|par|[from] ability: Static|[of] p1a: Zapdos
|-enditem|p1a: Zapdos|Heavy-Duty Boots|[from] move: Knock Off|[of] p2a: Tornadus
|faint|p1a: Zapdos
|
|upkeep
|
|t:|1662393024
|switch|p1a: Suicune|Suicune|79/100
|-damage|p1a: Suicune|63/100|[from] Spikes
|-ability|p1a: Suicune|Pressure
|turn|15
|
|t:|1662393032
|move|p1a: Suicune|Calm Mind|p1a: Suicune
|-boost|p1a: Suicune|spa|1
|-boost|p1a: Suicune|spd|1
|move|p2a: Tornadus|U-turn|p1a: Suicune
|-damage|p1a: Suicune|54/100
|
|t:|1662393042
|switch|p2a: Urshifu|Urshifu-Rapid-Strike, M|100/100|[from]move: U-turn
|-damage|p2a: Urshifu|94/100|[from] Stealth Rock
|
|upkeep
|turn|16
|
|t:|1662393049
|move|p2a: Urshifu|Close Combat|p1a: Suicune
|-damage|p1a: Suicune|17/100
|-unboost|p2a: Urshifu|def|1
|-unboost|p2a: Urshifu|spd|1
|move|p1a: Suicune|Rest|p1a: Suicune
|-status|p1a: Suicune|slp|[from] move: Rest
|-heal|p1a: Suicune|100/100 slp|[silent]
|
|upkeep
|turn|17
|
|t:|1662393058
|move|p2a: Urshifu|Close Combat|p1a: Suicune
|-damage|p1a: Suicune|68/100 slp
|-unboost|p2a: Urshifu|def|1
|-unboost|p2a: Urshifu|spd|1
|cant|p1a: Suicune|slp
|move|p1a: Suicune|Sleep Talk|p1a: Suicune
|move|p1a: Suicune|Calm Mind|p1a: Suicune|[from]move: Sleep Talk
|-boost|p1a: Suicune|spa|1
|-boost|p1a: Suicune|spd|1
|
|upkeep
|turn|18
|
|t:|1662393070
|switch|p1a: Scizor|Scizor, F|100/100
|-damage|p1a: Scizor|84/100|[from] Spikes
|move|p2a: Urshifu|Close Combat|p1a: Scizor
|-damage|p1a: Scizor|24/100
|-unboost|p2a: Urshifu|def|1
|-unboost|p2a: Urshifu|spd|1
|
|-heal|p1a: Scizor|30/100|[from] item: Leftovers
|upkeep
|turn|19
|
|t:|1662393082
|move|p1a: Scizor|Bullet Punch|p2a: Urshifu
|-resisted|p2a: Urshifu
|-damage|p2a: Urshifu|57/100
|move|p2a: Urshifu|Close Combat|p1a: Scizor
|-crit|p1a: Scizor
|-damage|p1a: Scizor|0 fnt
|-unboost|p2a: Urshifu|def|1
|-unboost|p2a: Urshifu|spd|1
|faint|p1a: Scizor
|
|upkeep
|
|t:|1662393089
|switch|p1a: Kartana|Kartana|100/100
|-damage|p1a: Kartana|84/100|[from] Spikes
|turn|20
|
|t:|1662393101
|switch|p2a: Tornadus|Tornadus-Therian, M, shiny|100/100 par
|move|p1a: Kartana|Swords Dance|p1a: Kartana
|-boost|p1a: Kartana|atk|2
|
|upkeep
|turn|21
|
|t:|1662393119
|move|p1a: Kartana|Knock Off|p2a: Tornadus
|-damage|p2a: Tornadus|16/100 par
|-enditem|p2a: Tornadus|Heavy-Duty Boots|[from] move: Knock Off|[of] p1a: Kartana
|-damage|p1a: Kartana|74/100|[from] item: Life Orb
|move|p2a: Tornadus|Icy Wind|p1a: Kartana
|-damage|p1a: Kartana|40/100
|-unboost|p1a: Kartana|spe|1
|
|upkeep
|turn|22
|
|t:|1662393129
|move|p1a: Kartana|Leaf Blade|p2a: Tornadus
|-resisted|p2a: Tornadus
|-damage|p2a: Tornadus|0 fnt
|faint|p2a: Tornadus
|-ability|p1a: Kartana|Beast Boost|boost
|-boost|p1a: Kartana|spe|1
|-damage|p1a: Kartana|31/100|[from] item: Life Orb
|
|upkeep
|
|t:|1662393138
|switch|p2a: Urshifu|Urshifu-Rapid-Strike, M|57/100
|-damage|p2a: Urshifu|50/100|[from] Stealth Rock
|turn|23
|
|t:|1662393143
|move|p2a: Urshifu|Close Combat|p1a: Kartana
|-supereffective|p1a: Kartana
|-damage|p1a: Kartana|0 fnt
|-unboost|p2a: Urshifu|def|1
|-unboost|p2a: Urshifu|spd|1
|faint|p1a: Kartana
|
|upkeep
|
|t:|1662393145
|switch|p1a: Suicune|Suicune|68/100 slp
|-damage|p1a: Suicune|52/100 slp|[from] Spikes
|-ability|p1a: Suicune|Pressure
|turn|24
|
|t:|1662393155
|move|p2a: Urshifu|Close Combat|p1a: Suicune
|-damage|p1a: Suicune|18/100 slp
|-unboost|p2a: Urshifu|def|1
|-unboost|p2a: Urshifu|spd|1
|cant|p1a: Suicune|slp
|
|upkeep
|turn|25
|
|t:|1662393170
|-activate|p2a: Urshifu|move: Struggle
|move|p2a: Urshifu|Struggle|p1a: Suicune
|-damage|p1a: Suicune|8/100 slp
|-damage|p2a: Urshifu|25/100|[from] recoil
|-curestatus|p1a: Suicune|slp|[msg]
|move|p1a: Suicune|Rest|p1a: Suicune
|-status|p1a: Suicune|slp|[from] move: Rest
|-heal|p1a: Suicune|100/100 slp|[silent]
|
|upkeep
|turn|26
|
|t:|1662393185
|switch|p2a: Clefable|Clefable, F|100/100
|cant|p1a: Suicune|slp
|move|p1a: Suicune|Sleep Talk|p1a: Suicune
|move|p1a: Suicune|Scald|p2a: Clefable|[from]move: Sleep Talk
|-damage|p2a: Clefable|82/100
|-status|p2a: Clefable|brn
|
|-heal|p2a: Clefable|88/100 brn|[from] item: Leftovers
|upkeep
|turn|27
|
|t:|1662393199
|cant|p1a: Suicune|slp
|move|p1a: Suicune|Sleep Talk|p1a: Suicune
|move|p1a: Suicune|Rest||[from]move: Sleep Talk|[still]
|-fail|p1a: Suicune
|move|p2a: Clefable|Moonblast|p1a: Suicune
|-damage|p1a: Suicune|75/100 slp
|
|-heal|p2a: Clefable|94/100 brn|[from] item: Leftovers
|upkeep
|turn|28
|
|t:|1662393210
|-curestatus|p1a: Suicune|slp|[msg]
|move|p1a: Suicune|Calm Mind|p1a: Suicune
|-boost|p1a: Suicune|spa|1
|-boost|p1a: Suicune|spd|1
|move|p2a: Clefable|Moonblast|p1a: Suicune
|-damage|p1a: Suicune|60/100
|
|-heal|p2a: Clefable|99/100 brn|[from] item: Leftovers
|upkeep
|turn|29
|
|t:|1662393229
|switch|p2a: Slowbro|Slowbro, F|72/100
|move|p1a: Suicune|Calm Mind|p1a: Suicune
|-boost|p1a: Suicune|spa|1
|-boost|p1a: Suicune|spd|1
|
|upkeep
|turn|30
|
|t:|1662393236
|move|p1a: Suicune|Calm Mind|p1a: Suicune
|-boost|p1a: Suicune|spa|1
|-boost|p1a: Suicune|spd|1
|move|p2a: Slowbro|Toxic|p1a: Suicune
|-status|p1a: Suicune|tox
|
|-damage|p1a: Suicune|54/100 tox|[from] psn
|upkeep
|turn|31
|c|☆Yungbattosai|Unless slow bro is cm psy shock I think I got this
|inactive|Yungbattosai has 120 seconds left.
|
|t:|1662393268
|move|p1a: Suicune|Rest|p1a: Suicune
|-status|p1a: Suicune|slp|[from] move: Rest
|-heal|p1a: Suicune|100/100 slp|[silent]
|move|p2a: Slowbro|Teleport|p2a: Slowbro
|
|t:|1662393289
|switch|p2a: Clefable|Clefable, F|99/100 brn|[from]move: Teleport
|
|-heal|p2a: Clefable|100/100 brn|[from] item: Leftovers
|upkeep
|turn|32
|
|t:|1662393297
|cant|p1a: Suicune|slp
|move|p1a: Suicune|Sleep Talk|p1a: Suicune
|move|p1a: Suicune|Rest||[from]move: Sleep Talk|[still]
|-fail|p1a: Suicune
|move|p2a: Clefable|Moonblast|p1a: Suicune
|-crit|p1a: Suicune
|-damage|p1a: Suicune|65/100 slp
|-unboost|p1a: Suicune|spa|1
|
|upkeep
|turn|33
|
|t:|1662393308
|cant|p1a: Suicune|slp
|move|p1a: Suicune|Sleep Talk|p1a: Suicune
|move|p1a: Suicune|Rest||[from]move: Sleep Talk|[still]
|-fail|p1a: Suicune
|move|p2a: Clefable|Moonblast|p1a: Suicune
|-damage|p1a: Suicune|55/100 slp
|
|upkeep
|turn|34
|
|t:|1662393317
|-curestatus|p1a: Suicune|slp|[msg]
|move|p1a: Suicune|Calm Mind|p1a: Suicune
|-boost|p1a: Suicune|spa|1
|-boost|p1a: Suicune|spd|1
|move|p2a: Clefable|Moonblast|p1a: Suicune
|-damage|p1a: Suicune|47/100
|
|upkeep
|turn|35
|
|t:|1662393326
|move|p1a: Suicune|Calm Mind|p1a: Suicune
|-boost|p1a: Suicune|spa|1
|-boost|p1a: Suicune|spd|1
|move|p2a: Clefable|Moonblast|p1a: Suicune
|-damage|p1a: Suicune|40/100
|
|upkeep
|turn|36
|
|t:|1662393333
|move|p1a: Suicune|Calm Mind|p1a: Suicune
|-boost|p1a: Suicune|spa|1
|-boost|p1a: Suicune|spd|1
|move|p2a: Clefable|Moonblast|p1a: Suicune
|-damage|p1a: Suicune|34/100
|
|upkeep
|turn|37
|
|t:|1662393340
|move|p1a: Suicune|Rest|p1a: Suicune
|-status|p1a: Suicune|slp|[from] move: Rest
|-heal|p1a: Suicune|100/100 slp|[silent]
|move|p2a: Clefable|Moonblast|p1a: Suicune
|-damage|p1a: Suicune|94/100 slp
|
|upkeep
|turn|38
|
|t:|1662393349
|switch|p2a: Urshifu|Urshifu-Rapid-Strike, M|25/100
|-damage|p2a: Urshifu|19/100|[from] Stealth Rock
|cant|p1a: Suicune|slp
|move|p1a: Suicune|Sleep Talk|p1a: Suicune
|move|p1a: Suicune|Rest||[from]move: Sleep Talk|[still]
|-fail|p1a: Suicune
|
|upkeep
|turn|39
|
|t:|1662393366
|move|p2a: Urshifu|U-turn|p1a: Suicune
|-damage|p1a: Suicune|80/100 slp
|
|t:|1662393371
|switch|p2a: Slowbro|Slowbro, F|100/100|[from]move: U-turn
|cant|p1a: Suicune|slp
|move|p1a: Suicune|Sleep Talk|p1a: Suicune
|move|p1a: Suicune|Rest||[from]move: Sleep Talk|[still]
|-fail|p1a: Suicune
|
|upkeep
|turn|40
|
|t:|1662393381
|-curestatus|p1a: Suicune|slp|[msg]
|move|p1a: Suicune|Scald|p2a: Slowbro
|-resisted|p2a: Slowbro
|-damage|p2a: Slowbro|53/100
|move|p2a: Slowbro|Teleport|p2a: Slowbro
|
|t:|1662393404
|switch|p2a: Clefable|Clefable, F|100/100 brn|[from]move: Teleport
|
|upkeep
|turn|41
|
|t:|1662393411
|move|p1a: Suicune|Scald|p2a: Clefable
|-damage|p2a: Clefable|36/100 brn
|move|p2a: Clefable|Thunder Wave|p1a: Suicune
|-status|p1a: Suicune|par
|
|-heal|p2a: Clefable|42/100 brn|[from] item: Leftovers
|upkeep
|turn|42
|
|t:|1662393420
|move|p2a: Clefable|Soft-Boiled|p2a: Clefable
|-heal|p2a: Clefable|93/100 brn
|move|p1a: Suicune|Rest|p1a: Suicune
|-status|p1a: Suicune|slp|[from] move: Rest
|-heal|p1a: Suicune|100/100 slp|[silent]
|
|-heal|p2a: Clefable|99/100 brn|[from] item: Leftovers
|upkeep
|turn|43
|
|t:|1662393434
|switch|p2a: Slowbro|Slowbro, F|87/100
|cant|p1a: Suicune|slp
|move|p1a: Suicune|Sleep Talk|p1a: Suicune
|move|p1a: Suicune|Scald|p2a: Slowbro|[from]move: Sleep Talk
|-resisted|p2a: Slowbro
|-damage|p2a: Slowbro|41/100
|-status|p2a: Slowbro|brn
|
|-damage|p2a: Slowbro|35/100 brn|[from] brn
|upkeep
|turn|44
|
|t:|1662393447
|cant|p1a: Suicune|slp
|move|p1a: Suicune|Sleep Talk|p1a: Suicune
|move|p1a: Suicune|Scald|p2a: Slowbro|[from]move: Sleep Talk
|-resisted|p2a: Slowbro
|-damage|p2a: Slowbro|0 fnt
|faint|p2a: Slowbro
|
|upkeep
|-message|Suricata2000 forfeited.
|
|win|Yungbattosai
|raw|Yungbattosai's rating: 1573 &rarr; <strong>1594</strong><br />(+21 for winning)
|raw|Suricata2000's rating: 1595 &rarr; <strong>1574</strong><br />(-21 for losing)
|l|☆Suricata2000
