|j|☆walch1498
|j|☆galarian dragapult
|t:|1663370322
|gametype|singles
|player|p1|walch1498|265|1673
|player|p2|galarian dragapult|zinzolin|1718
|teamsize|p1|6
|teamsize|p2|6
|gen|8
|tier|[Gen 8] OU
|rated|
|rule|Sleep Clause Mod: Limit one foe put to sleep
|rule|Species Clause: Limit one of each Pokémon
|rule|OHKO Clause: OHKO moves are banned
|rule|Evasion Items Clause: Evasion items are banned
|rule|Evasion Moves Clause: Evasion moves are banned
|rule|Endless Battle Clause: Forcing endless battles is banned
|rule|HP Percentage Mod: HP is shown in percentages
|rule|Dynamax Clause: You cannot dynamax
|clearpoke
|poke|p1|Seismitoad, F|
|poke|p1|Hawlucha, M|
|poke|p1|Gengar, F|
|poke|p1|Melmetal|
|poke|p1|Rillaboom, M|
|poke|p1|Blaziken, F|
|poke|p2|Tornadus-Therian, M|
|poke|p2|Toxapex, F|
|poke|p2|Hippowdon, F|
|poke|p2|Kartana|
|poke|p2|Tapu Lele|
|poke|p2|Umbreon, F|
|teampreview
|
|t:|1663370373
|start
|switch|p1a: Seismitoad|Seismitoad, F|100/100
|switch|p2a: Tornadus|Tornadus-Therian, M|100/100
|turn|1
|
|t:|1663370375
|move|p2a: Tornadus|Knock Off|p1a: Seismitoad
|-damage|p1a: Seismitoad|85/100
|-enditem|p1a: Seismitoad|Leftovers|[from] move: Knock Off|[of] p2a: Tornadus
|move|p1a: Seismitoad|Knock Off|p2a: Tornadus
|-damage|p2a: Tornadus|78/100
|-enditem|p2a: Tornadus|Heavy-Duty Boots|[from] move: Knock Off|[of] p1a: Seismitoad
|
|upkeep
|turn|2
|
|t:|1663370377
|move|p2a: Tornadus|Hurricane|p1a: Seismitoad
|-damage|p1a: Seismitoad|44/100
|move|p1a: Seismitoad|Stealth Rock|p2a: Tornadus
|-sidestart|p2: galarian dragapult|move: Stealth Rock
|
|upkeep
|turn|3
|
|t:|1663370379
|move|p2a: Tornadus|Defog|p1a: Seismitoad
|-unboost|p1a: Seismitoad|evasion|1
|-sideend|p2: galarian dragapult|Stealth Rock|[from] move: Defog|[of] p2a: Tornadus
|move|p1a: Seismitoad|Toxic|p2a: Tornadus
|-status|p2a: Tornadus|tox
|
|-damage|p2a: Tornadus|71/100 tox|[from] psn
|upkeep
|turn|4
|
|t:|1663370384
|switch|p1a: Melmetal|Melmetal|100/100
|move|p2a: Tornadus|Hurricane|p1a: Melmetal
|-resisted|p1a: Melmetal
|-damage|p1a: Melmetal|92/100
|
|-damage|p2a: Tornadus|59/100 tox|[from] psn
|upkeep
|turn|5
|
|t:|1663370391
|move|p2a: Tornadus|U-turn|p1a: Melmetal
|-resisted|p1a: Melmetal
|-damage|p1a: Melmetal|87/100
|
|t:|1663370392
|switch|p2a: Toxapex|Toxapex, F, shiny|100/100|[from]move: U-turn
|move|p1a: Melmetal|Earthquake|p2a: Toxapex
|-supereffective|p2a: Toxapex
|-damage|p2a: Toxapex|61/100
|
|upkeep
|turn|6
|
|t:|1663370396
|switch|p1a: Seismitoad|Seismitoad, F|44/100
|move|p2a: Toxapex|Recover|p2a: Toxapex
|-heal|p2a: Toxapex|100/100
|
|upkeep
|turn|7
|
|t:|1663370398
|switch|p2a: Tornadus|Tornadus-Therian, M|92/100 tox
|move|p1a: Seismitoad|Stealth Rock|p2a: Tornadus
|-sidestart|p2: galarian dragapult|move: Stealth Rock
|
|-damage|p2a: Tornadus|86/100 tox|[from] psn
|upkeep
|turn|8
|inactive|Battle timer is ON: inactive players will automatically lose when time's up. (requested by galarian dragapult)
|
|t:|1663370406
|switch|p1a: Melmetal|Melmetal|87/100
|move|p2a: Tornadus|Defog|p1a: Melmetal
|-unboost|p1a: Melmetal|evasion|1
|-sideend|p2: galarian dragapult|Stealth Rock|[from] move: Defog|[of] p2a: Tornadus
|
|-damage|p2a: Tornadus|74/100 tox|[from] psn
|upkeep
|turn|9
|
|t:|1663370410
|move|p2a: Tornadus|U-turn|p1a: Melmetal
|-resisted|p1a: Melmetal
|-damage|p1a: Melmetal|82/100
|
|t:|1663370412
|switch|p2a: Toxapex|Toxapex, F, shiny|100/100|[from]move: U-turn
|move|p1a: Melmetal|Double Iron Bash|p2a: Toxapex
|-resisted|p2a: Toxapex
|-damage|p2a: Toxapex|89/100
|-resisted|p2a: Toxapex
|-damage|p2a: Toxapex|78/100
|-hitcount|p2a: Toxapex|2
|
|upkeep
|turn|10
|
|t:|1663370419
|move|p1a: Melmetal|Earthquake|p2a: Toxapex
|-supereffective|p2a: Toxapex
|-damage|p2a: Toxapex|38/100
|move|p2a: Toxapex|Knock Off|p1a: Melmetal
|-damage|p1a: Melmetal|73/100
|-enditem|p1a: Melmetal|Assault Vest|[from] move: Knock Off|[of] p2a: Toxapex
|
|upkeep
|turn|11
|
|t:|1663370434
|switch|p2a: Umbreon|Umbreon, F, shiny|100/100
|move|p1a: Melmetal|Ice Punch|p2a: Umbreon
|-damage|p2a: Umbreon|83/100
|
|-heal|p2a: Umbreon|90/100|[from] item: Leftovers
|upkeep
|turn|12
|
|t:|1663370441
|move|p2a: Umbreon|Wish|p2a: Umbreon
|move|p1a: Melmetal|Double Iron Bash|p2a: Umbreon
|-damage|p2a: Umbreon|69/100
|-damage|p2a: Umbreon|48/100
|-hitcount|p2a: Umbreon|2
|
|-heal|p2a: Umbreon|54/100|[from] item: Leftovers
|upkeep
|turn|13
|
|t:|1663370446
|switch|p1a: Gengar|Gengar, F|100/100
|move|p2a: Umbreon|Heal Bell|p2a: Umbreon
|-activate|p2a: Umbreon|move: Heal Bell
|-curestatus|p2: Tornadus|tox|[msg]
|
|-heal|p2a: Umbreon|100/100|[from] move: Wish|[wisher] Umbreon
|upkeep
|turn|14
|
|t:|1663370450
|move|p2a: Umbreon|Protect|p2a: Umbreon
|-singleturn|p2a: Umbreon|Protect
|move|p1a: Gengar|Trick|p2a: Umbreon
|-activate|p2a: Umbreon|move: Protect
|
|upkeep
|turn|15
|
|t:|1663370464
|switch|p2a: Kartana|Kartana, shiny|100/100
|move|p1a: Gengar|Trick|p2a: Kartana
|-activate|p1a: Gengar|move: Trick|[of] p2a: Kartana
|-item|p2a: Kartana|Choice Specs|[from] move: Trick
|-item|p1a: Gengar|Choice Band|[from] move: Trick
|
|upkeep
|turn|16
|
|t:|1663370474
|switch|p2a: Hippowdon|Hippowdon, F, shiny|100/100
|-weather|Sandstorm|[from] ability: Sand Stream|[of] p2a: Hippowdon
|move|p1a: Gengar|Focus Blast|p2a: Hippowdon
|-damage|p2a: Hippowdon|69/100
|
|-weather|Sandstorm|[upkeep]
|-damage|p1a: Gengar|94/100|[from] Sandstorm
|-heal|p2a: Hippowdon|75/100|[from] item: Leftovers
|upkeep
|turn|17
|
|t:|1663370487
|switch|p1a: Rillaboom|Rillaboom, M|100/100
|-fieldstart|move: Grassy Terrain|[from] ability: Grassy Surge|[of] p1a: Rillaboom
|move|p2a: Hippowdon|Stealth Rock|p1a: Rillaboom
|-sidestart|p1: walch1498|move: Stealth Rock
|
|-weather|Sandstorm|[upkeep]
|-damage|p1a: Rillaboom|94/100|[from] Sandstorm
|-heal|p1a: Rillaboom|100/100|[from] Grassy Terrain
|-heal|p2a: Hippowdon|82/100|[from] Grassy Terrain
|-heal|p2a: Hippowdon|88/100|[from] item: Leftovers
|upkeep
|turn|18
|
|t:|1663370490
|switch|p2a: Tornadus|Tornadus-Therian, M|100/100
|move|p1a: Rillaboom|Swords Dance|p1a: Rillaboom
|-boost|p1a: Rillaboom|atk|2
|
|-weather|Sandstorm|[upkeep]
|-damage|p2a: Tornadus|94/100|[from] Sandstorm
|-damage|p1a: Rillaboom|94/100|[from] Sandstorm
|-heal|p1a: Rillaboom|100/100|[from] Grassy Terrain
|upkeep
|turn|19
|
|t:|1663370497
|switch|p1a: Melmetal|Melmetal|73/100
|-damage|p1a: Melmetal|66/100|[from] Stealth Rock
|move|p2a: Tornadus|Hurricane|p1a: Melmetal
|-resisted|p1a: Melmetal
|-damage|p1a: Melmetal|53/100
|-start|p1a: Melmetal|confusion
|
|-weather|Sandstorm|[upkeep]
|-damage|p2a: Tornadus|88/100|[from] Sandstorm
|-heal|p1a: Melmetal|59/100|[from] Grassy Terrain
|upkeep
|turn|20
|
|t:|1663370507
|move|p2a: Tornadus|U-turn|p1a: Melmetal
|-resisted|p1a: Melmetal
|-damage|p1a: Melmetal|54/100
|
|t:|1663370508
|switch|p2a: Toxapex|Toxapex, F, shiny|71/100|[from]move: U-turn
|-activate|p1a: Melmetal|confusion
|-damage|p1a: Melmetal|47/100|[from] confusion
|
|-weather|none
|-heal|p1a: Melmetal|53/100|[from] Grassy Terrain
|-heal|p2a: Toxapex|77/100|[from] Grassy Terrain
|upkeep
|turn|21
|
|t:|1663370515
|switch|p1a: Seismitoad|Seismitoad, F|44/100
|-damage|p1a: Seismitoad|38/100|[from] Stealth Rock
|move|p2a: Toxapex|Knock Off|p1a: Seismitoad
|-damage|p1a: Seismitoad|31/100
|
|-heal|p1a: Seismitoad|37/100|[from] Grassy Terrain
|-heal|p2a: Toxapex|83/100|[from] Grassy Terrain
|-fieldend|move: Grassy Terrain
|upkeep
|turn|22
|
|t:|1663370517
|switch|p2a: Tornadus|Tornadus-Therian, M|100/100
|move|p1a: Seismitoad|Stealth Rock|p2a: Tornadus
|-sidestart|p2: galarian dragapult|move: Stealth Rock
|
|upkeep
|turn|23
|
|t:|1663370521
|move|p2a: Tornadus|Hurricane|p1a: Seismitoad|[miss]
|-miss|p2a: Tornadus|p1a: Seismitoad
|move|p1a: Seismitoad|Toxic|p2a: Tornadus
|-status|p2a: Tornadus|tox
|
|-damage|p2a: Tornadus|94/100 tox|[from] psn
|upkeep
|turn|24
|
|t:|1663370530
|move|p2a: Tornadus|Defog|p1a: Seismitoad
|-unboost|p1a: Seismitoad|evasion|1
|-sideend|p1: walch1498|Stealth Rock|[from] move: Defog|[of] p2a: Tornadus
|-sideend|p2: galarian dragapult|Stealth Rock|[from] move: Defog|[of] p2a: Tornadus
|move|p1a: Seismitoad|Knock Off|p2a: Tornadus
|-crit|p2a: Tornadus
|-damage|p2a: Tornadus|72/100 tox
|
|-damage|p2a: Tornadus|60/100 tox|[from] psn
|upkeep
|turn|25
|
|t:|1663370533
|move|p2a: Tornadus|Hurricane|p1a: Seismitoad
|-damage|p1a: Seismitoad|0 fnt
|faint|p1a: Seismitoad
|
|-damage|p2a: Tornadus|42/100 tox|[from] psn
|upkeep
|
|t:|1663370541
|switch|p1a: Rillaboom|Rillaboom, M|100/100
|-fieldstart|move: Grassy Terrain|[from] ability: Grassy Surge|[of] p1a: Rillaboom
|turn|26
|
|t:|1663370555
|move|p1a: Rillaboom|Grassy Glide|p2a: Tornadus
|-resisted|p2a: Tornadus
|-damage|p2a: Tornadus|8/100 tox
|-damage|p1a: Rillaboom|91/100|[from] item: Life Orb
|move|p2a: Tornadus|U-turn|p1a: Rillaboom
|-supereffective|p1a: Rillaboom
|-damage|p1a: Rillaboom|63/100
|
|t:|1663370558
|switch|p2a: Tapu Lele|Tapu Lele, shiny|100/100|[from]move: U-turn
|-fieldstart|move: Psychic Terrain|[from] ability: Psychic Surge|[of] p2a: Tapu Lele
|
|upkeep
|turn|27
|
|t:|1663370561
|switch|p1a: Melmetal|Melmetal|53/100
|move|p2a: Tapu Lele|Psychic|p1a: Melmetal
|-resisted|p1a: Melmetal
|-damage|p1a: Melmetal|18/100
|
|upkeep
|turn|28
|
|t:|1663370563
|switch|p1a: Gengar|Gengar, F|94/100
|move|p2a: Tapu Lele|Psychic|p1a: Gengar
|-supereffective|p1a: Gengar
|-damage|p1a: Gengar|0 fnt
|faint|p1a: Gengar
|
|upkeep
|
|t:|1663370571
|switch|p1a: Rillaboom|Rillaboom, M|63/100
|-fieldstart|move: Grassy Terrain|[from] ability: Grassy Surge|[of] p1a: Rillaboom
|turn|29
|
|t:|1663370575
|switch|p2a: Kartana|Kartana, shiny|100/100
|move|p1a: Rillaboom|Swords Dance|p1a: Rillaboom
|-boost|p1a: Rillaboom|atk|2
|
|-heal|p1a: Rillaboom|70/100|[from] Grassy Terrain
|upkeep
|turn|30
|
|t:|1663370580
|move|p2a: Kartana|Smart Strike|p1a: Rillaboom
|-crit|p1a: Rillaboom
|-damage|p1a: Rillaboom|6/100
|move|p1a: Rillaboom|Superpower|p2a: Kartana
|-supereffective|p2a: Kartana
|-damage|p2a: Kartana|0 fnt
|-unboost|p1a: Rillaboom|atk|1
|-unboost|p1a: Rillaboom|def|1
|faint|p2a: Kartana
|-damage|p1a: Rillaboom|0 fnt|[from] item: Life Orb
|faint|p1a: Rillaboom
|
|upkeep
|inactive|galarian dragapult has 120 seconds left.
|
|t:|1663370625
|switch|p2a: Tapu Lele|Tapu Lele, shiny|100/100
|switch|p1a: Hawlucha|Hawlucha, M|100/100
|-enditem|p1a: Hawlucha|Grassy Seed
|-boost|p1a: Hawlucha|def|1|[from] item: Grassy Seed
|-fieldstart|move: Psychic Terrain|[from] ability: Psychic Surge|[of] p2a: Tapu Lele
|turn|31
|j| drippin so pretty
|
|t:|1663370642
|switch|p1a: Melmetal|Melmetal|18/100
|move|p2a: Tapu Lele|Psychic|p1a: Melmetal
|-resisted|p1a: Melmetal
|-damage|p1a: Melmetal|0 fnt
|faint|p1a: Melmetal
|
|upkeep
|
|t:|1663370647
|switch|p1a: Blaziken|Blaziken, F|100/100
|turn|32
|
|t:|1663370654
|switch|p2a: Toxapex|Toxapex, F, shiny|100/100
|move|p1a: Blaziken|Swords Dance|p1a: Blaziken
|-boost|p1a: Blaziken|atk|2
|
|-ability|p1a: Blaziken|Speed Boost|boost
|-boost|p1a: Blaziken|spe|1
|upkeep
|turn|33
|l|☆walch1498
|inactive|walch1498 disconnected and has a minute to reconnect!
|player|p1|
|j|☆walch1498
|inactive|walch1498 reconnected and has 125 seconds left.
|player|p1|walch1498|265
|
|t:|1663370683
|move|p1a: Blaziken|Thunder Punch|p2a: Toxapex
|-supereffective|p2a: Toxapex
|-damage|p2a: Toxapex|15/100
|-damage|p1a: Blaziken|91/100|[from] item: Life Orb
|move|p2a: Toxapex|Haze|p2a: Toxapex
|-clearallboost
|
|-ability|p1a: Blaziken|Speed Boost|boost
|-boost|p1a: Blaziken|spe|1
|upkeep
|turn|34
|inactive|galarian dragapult has 120 seconds left.
|
|t:|1663370714
|move|p1a: Blaziken|Swords Dance|p1a: Blaziken
|-boost|p1a: Blaziken|atk|2
|move|p2a: Toxapex|Haze|p2a: Toxapex
|-clearallboost
|
|-ability|p1a: Blaziken|Speed Boost|boost
|-boost|p1a: Blaziken|spe|1
|upkeep
|turn|35
|
|t:|1663370722
|switch|p2a: Hippowdon|Hippowdon, F, shiny|88/100
|-weather|Sandstorm|[from] ability: Sand Stream|[of] p2a: Hippowdon
|move|p1a: Blaziken|Swords Dance|p1a: Blaziken
|-boost|p1a: Blaziken|atk|2
|
|-weather|Sandstorm|[upkeep]
|-damage|p1a: Blaziken|85/100|[from] Sandstorm
|-heal|p2a: Hippowdon|94/100|[from] item: Leftovers
|-fieldend|move: Psychic Terrain
|-ability|p1a: Blaziken|Speed Boost|boost
|-boost|p1a: Blaziken|spe|1
|upkeep
|turn|36
|inactive|galarian dragapult has 120 seconds left.
|
|t:|1663370733
|move|p1a: Blaziken|Close Combat|p2a: Hippowdon
|-damage|p2a: Hippowdon|0 fnt
|-unboost|p1a: Blaziken|def|1
|-unboost|p1a: Blaziken|spd|1
|faint|p2a: Hippowdon
|-damage|p1a: Blaziken|75/100|[from] item: Life Orb
|
|-weather|Sandstorm|[upkeep]
|-damage|p1a: Blaziken|69/100|[from] Sandstorm
|-ability|p1a: Blaziken|Speed Boost|boost
|-boost|p1a: Blaziken|spe|1
|upkeep
|-message|galarian dragapult forfeited.
|
|win|walch1498
|raw|walch1498's rating: 1673 &rarr; <strong>1696</strong><br />(+23 for winning)
|raw|galarian dragapult's rating: 1718 &rarr; <strong>1695</strong><br />(-23 for losing)
|l|☆galarian dragapult
