|j|☆oubeuzilla
|j|☆Pinks1ip
|inactive|Battle timer is ON: inactive players will automatically lose when time's up.
|t:|1658340915
|gametype|singles
|player|p1|oubeuzilla|lucas|
|player|p2|Pinks1ip|skierf|
|teamsize|p1|6
|teamsize|p2|6
|gen|8
|tier|[Gen 8] OU
|rated|Tournament battle
|rule|Sleep Clause Mod: Limit one foe put to sleep
|rule|Species Clause: Limit one of each Pokémon
|rule|OHKO Clause: OHKO moves are banned
|rule|Evasion Moves Clause: Evasion moves are banned
|rule|Endless Battle Clause: Forcing endless battles is banned
|rule|HP Percentage Mod: HP is shown in percentages
|rule|Dynamax Clause: You cannot dynamax
|clearpoke
|poke|p1|Tyranitar, M|
|poke|p1|Excadrill, F|
|poke|p1|Pelipper, M|
|poke|p1|Urshifu-*, F|
|poke|p1|Zapdos|
|poke|p1|Ferrothorn, F|
|poke|p2|Aegislash, M|
|poke|p2|Hydreigon, M|
|poke|p2|Slowking-Galar, F|
|poke|p2|Buzzwole|
|poke|p2|Tapu Fini|
|poke|p2|Landorus-Therian, M|
|teampreview
|inactive|oubeuzilla also wants the timer to be on.
|j| ownerdoor
|
|t:|1658340928
|start
|switch|p1a: grenouille prague|Urshifu-Rapid-Strike, F|100/100
|switch|p2a: Hydreigon|Hydreigon, M|100/100
|turn|1
|
|t:|1658340937
|switch|p2a: Tapu Fini|Tapu Fini, shiny|100/100
|-fieldstart|move: Misty Terrain|[from] ability: Misty Surge|[of] p2a: Tapu Fini
|move|p1a: grenouille prague|U-turn|p2a: Tapu Fini
|-resisted|p2a: Tapu Fini
|-damage|p2a: Tapu Fini|88/100
|j| Nozhito
|
|t:|1658340940
|switch|p1a: perz|Zapdos, shiny|100/100|[from]move: U-turn
|
|upkeep
|turn|2
|
|t:|1658340945
|switch|p2a: Landorus|Landorus-Therian, M|100/100
|-ability|p2a: Landorus|Intimidate|boost
|-unboost|p1a: perz|atk|1
|switch|p1a: Salut ayouko|Pelipper, M, shiny|100/100
|-weather|RainDance|[from] ability: Drizzle|[of] p1a: Salut ayouko
|
|-weather|RainDance|[upkeep]
|upkeep
|turn|3
|
|t:|1658340954
|switch|p2a: Slowking|Slowking-Galar, F|100/100
|move|p1a: Salut ayouko|Weather Ball|p2a: Slowking
|-damage|p2a: Slowking|57/100
|
|-weather|RainDance|[upkeep]
|upkeep
|turn|4
|
|t:|1658340957
|move|p1a: Salut ayouko|Weather Ball|p2a: Slowking
|-damage|p2a: Slowking|14/100
|move|p2a: Slowking|Future Sight|p1a: Salut ayouko
|-start|p2a: Slowking|move: Future Sight
|
|-weather|RainDance|[upkeep]
|upkeep
|turn|5
|
|t:|1658340962
|switch|p2a: Tapu Fini|Tapu Fini, shiny|88/100
|move|p1a: Salut ayouko|Weather Ball|p2a: Tapu Fini
|-resisted|p2a: Tapu Fini
|-damage|p2a: Tapu Fini|37/100
|
|-weather|RainDance|[upkeep]
|-fieldend|Misty Terrain
|upkeep
|turn|6
|
|t:|1658340966
|switch|p1a: pangela perkel|Ferrothorn, F, shiny|100/100
|move|p2a: Tapu Fini|Trick|p1a: pangela perkel
|-activate|p2a: Tapu Fini|move: Trick|[of] p1a: pangela perkel
|-item|p1a: pangela perkel|Choice Scarf|[from] move: Trick
|-item|p2a: Tapu Fini|Leftovers|[from] move: Trick
|
|-weather|none
|-end|p1a: pangela perkel|move: Future Sight
|-resisted|p1a: pangela perkel
|-damage|p1a: pangela perkel|81/100
|-heal|p2a: Tapu Fini|43/100|[from] item: Leftovers
|upkeep
|turn|7
|
|t:|1658340975
|switch|p2a: Aegislash|Aegislash, M|100/100
|move|p1a: pangela perkel|Power Whip|p2a: Aegislash
|-resisted|p2a: Aegislash
|-damage|p2a: Aegislash|82/100
|
|-heal|p2a: Aegislash|89/100|[from] item: Leftovers
|upkeep
|turn|8
|
|t:|1658340983
|switch|p1a: grenouille prague|Urshifu-Rapid-Strike, F|100/100
|move|p2a: Aegislash|Substitute|p2a: Aegislash
|-start|p2a: Aegislash|Substitute
|-damage|p2a: Aegislash|64/100
|
|-heal|p2a: Aegislash|70/100|[from] item: Leftovers
|upkeep
|turn|9
|
|t:|1658341002
|switch|p2a: Tapu Fini|Tapu Fini, shiny|43/100
|-fieldstart|move: Misty Terrain|[from] ability: Misty Surge|[of] p2a: Tapu Fini
|move|p1a: grenouille prague|Surging Strikes|p2a: Tapu Fini
|-resisted|p2a: Tapu Fini
|-crit|p2a: Tapu Fini
|-damage|p2a: Tapu Fini|33/100
|-resisted|p2a: Tapu Fini
|-crit|p2a: Tapu Fini
|-damage|p2a: Tapu Fini|23/100
|-resisted|p2a: Tapu Fini
|-crit|p2a: Tapu Fini
|-damage|p2a: Tapu Fini|14/100
|-hitcount|p2a: Tapu Fini|3
|
|-heal|p2a: Tapu Fini|20/100|[from] item: Leftovers
|upkeep
|turn|10
|j| BaddyGames
|
|t:|1658341027
|switch|p1a: Salut ayouko|Pelipper, M, shiny|100/100
|-weather|RainDance|[from] ability: Drizzle|[of] p1a: Salut ayouko
|move|p2a: Tapu Fini|Moonblast|p1a: Salut ayouko
|-damage|p1a: Salut ayouko|29/100
|
|-weather|RainDance|[upkeep]
|-heal|p2a: Tapu Fini|26/100|[from] item: Leftovers
|upkeep
|turn|11
|inactive|Pinks1ip has 120 seconds left.
|j| bobertsmalls
|
|t:|1658341056
|switch|p1a: perz|Zapdos, shiny|100/100
|move|p2a: Tapu Fini|Moonblast|p1a: perz
|-damage|p1a: perz|59/100
|
|-weather|RainDance|[upkeep]
|-heal|p2a: Tapu Fini|32/100|[from] item: Leftovers
|upkeep
|turn|12
|j| Zmaslan902100
|
|t:|1658341078
|move|p2a: Tapu Fini|Moonblast|p1a: perz
|-damage|p1a: perz|20/100
|move|p1a: perz|Hurricane|p2a: Tapu Fini
|-damage|p2a: Tapu Fini|0 fnt
|faint|p2a: Tapu Fini
|
|-weather|RainDance|[upkeep]
|upkeep
|j| PLSM4
|
|t:|1658341090
|switch|p2a: Hydreigon|Hydreigon, M|100/100
|turn|13
|l| PLSM4
|
|t:|1658341093
|switch|p1a: grenouille prague|Urshifu-Rapid-Strike, F|100/100
|move|p2a: Hydreigon|Dark Pulse|p1a: grenouille prague
|-resisted|p1a: grenouille prague
|-crit|p1a: grenouille prague
|-damage|p1a: grenouille prague|43/100
|-damage|p2a: Hydreigon|91/100|[from] item: Life Orb
|
|-weather|RainDance|[upkeep]
|-fieldend|Misty Terrain
|upkeep
|turn|14
|
|t:|1658341103
|switch|p2a: Buzzwole|Buzzwole|100/100
|move|p1a: grenouille prague|U-turn|p2a: Buzzwole
|-resisted|p2a: Buzzwole
|-damage|p2a: Buzzwole|93/100
|j| VaporeonUser
|
|t:|1658341110
|switch|p1a: perz|Zapdos, shiny|20/100|[from]move: U-turn
|
|-weather|none
|upkeep
|turn|15
|
|t:|1658341116
|switch|p2a: Slowking|Slowking-Galar, F|48/100
|move|p1a: perz|Hurricane|p2a: Slowking
|-damage|p2a: Slowking|26/100
|-start|p2a: Slowking|confusion
|
|upkeep
|turn|16
|
|t:|1658341124
|move|p1a: perz|Volt Switch|p2a: Slowking
|-damage|p2a: Slowking|13/100
|
|t:|1658341126
|switch|p1a: drill fr 5 hey hey|Excadrill, F, shiny|100/100|[from]move: Volt Switch
|-activate|p2a: Slowking|confusion
|move|p2a: Slowking|Sludge Bomb|p1a: drill fr 5 hey hey
|-immune|p1a: drill fr 5 hey hey
|
|upkeep
|turn|17
|
|t:|1658341130
|switch|p2a: Landorus|Landorus-Therian, M|100/100
|-ability|p2a: Landorus|Intimidate|boost
|-unboost|p1a: drill fr 5 hey hey|atk|1
|move|p1a: drill fr 5 hey hey|Swords Dance|p1a: drill fr 5 hey hey
|-boost|p1a: drill fr 5 hey hey|atk|2
|
|upkeep
|turn|18
|
|t:|1658341132
|move|p1a: drill fr 5 hey hey|Iron Head|p2a: Landorus
|-damage|p2a: Landorus|40/100
|move|p2a: Landorus|Earthquake|p1a: drill fr 5 hey hey
|-supereffective|p1a: drill fr 5 hey hey
|-damage|p1a: drill fr 5 hey hey|0 fnt
|faint|p1a: drill fr 5 hey hey
|
|-heal|p2a: Landorus|46/100|[from] item: Leftovers
|upkeep
|
|t:|1658341135
|switch|p1a: Salut ayouko|Pelipper, M, shiny|29/100
|-weather|RainDance|[from] ability: Drizzle|[of] p1a: Salut ayouko
|turn|19
|c| VaporeonUser|the plays
|
|t:|1658341148
|move|p1a: Salut ayouko|Weather Ball|p2a: Landorus
|-supereffective|p2a: Landorus
|-damage|p2a: Landorus|0 fnt
|faint|p2a: Landorus
|
|-weather|RainDance|[upkeep]
|upkeep
|
|t:|1658341149
|switch|p2a: Hydreigon|Hydreigon, M|91/100
|turn|20
|c| VaporeonUser|the no flinches
|
|t:|1658341151
|switch|p1a: pangela perkel|Ferrothorn, F, shiny|81/100
|move|p2a: Hydreigon|Dark Pulse|p1a: pangela perkel
|-damage|p1a: pangela perkel|37/100
|-damage|p2a: Hydreigon|81/100|[from] item: Life Orb
|
|-weather|RainDance|[upkeep]
|upkeep
|turn|21
|
|t:|1658341153
|move|p2a: Hydreigon|Dark Pulse|p1a: pangela perkel
|-damage|p1a: pangela perkel|0 fnt
|faint|p1a: pangela perkel
|-damage|p2a: Hydreigon|71/100|[from] item: Life Orb
|
|-weather|RainDance|[upkeep]
|upkeep
|
|t:|1658341158
|switch|p1a: grenouille prague|Urshifu-Rapid-Strike, F|43/100
|turn|22
|
|t:|1658341168
|switch|p2a: Slowking|Slowking-Galar, F|46/100
|move|p1a: grenouille prague|U-turn|p2a: Slowking
|-damage|p2a: Slowking|22/100
|
|t:|1658341175
|switch|p1a: Salut ayouko|Pelipper, M, shiny|29/100|[from]move: U-turn
|
|-weather|RainDance|[upkeep]
|upkeep
|turn|23
|
|t:|1658341181
|move|p1a: Salut ayouko|Surf|p2a: Slowking
|-damage|p2a: Slowking|0 fnt
|faint|p2a: Slowking
|
|-weather|none
|upkeep
|
|t:|1658341183
|switch|p2a: Hydreigon|Hydreigon, M|71/100
|turn|24
|
|t:|1658341190
|switch|p1a: johann liebert|Tyranitar, M, shiny|100/100
|-weather|Sandstorm|[from] ability: Sand Stream|[of] p1a: johann liebert
|move|p2a: Hydreigon|Dark Pulse|p1a: johann liebert
|-resisted|p1a: johann liebert
|-damage|p1a: johann liebert|83/100
|-damage|p2a: Hydreigon|61/100|[from] item: Life Orb
|
|-weather|Sandstorm|[upkeep]
|-damage|p2a: Hydreigon|55/100|[from] Sandstorm
|upkeep
|turn|25
|
|t:|1658341193
|move|p2a: Hydreigon|Superpower|p1a: johann liebert
|-supereffective|p1a: johann liebert
|-damage|p1a: johann liebert|0 fnt
|-unboost|p2a: Hydreigon|atk|1
|-unboost|p2a: Hydreigon|def|1
|faint|p1a: johann liebert
|-damage|p2a: Hydreigon|45/100|[from] item: Life Orb
|
|-weather|Sandstorm|[upkeep]
|-damage|p2a: Hydreigon|39/100|[from] Sandstorm
|upkeep
|
|t:|1658341196
|switch|p1a: grenouille prague|Urshifu-Rapid-Strike, F|43/100
|turn|26
|
|t:|1658341200
|switch|p2a: Buzzwole|Buzzwole|93/100
|move|p1a: grenouille prague|U-turn|p2a: Buzzwole
|-resisted|p2a: Buzzwole
|-damage|p2a: Buzzwole|85/100
|
|t:|1658341204
|switch|p1a: perz|Zapdos, shiny|20/100|[from]move: U-turn
|
|-weather|Sandstorm|[upkeep]
|-damage|p1a: perz|14/100|[from] Sandstorm
|-damage|p2a: Buzzwole|79/100|[from] Sandstorm
|upkeep
|turn|27
|
|t:|1658341210
|move|p1a: perz|Discharge|p2a: Buzzwole
|-damage|p2a: Buzzwole|31/100
|move|p2a: Buzzwole|Ice Punch|p1a: perz
|-supereffective|p1a: perz
|-damage|p1a: perz|0 fnt
|faint|p1a: perz
|-ability|p2a: Buzzwole|Beast Boost|boost
|-boost|p2a: Buzzwole|atk|1
|
|-weather|Sandstorm|[upkeep]
|-damage|p2a: Buzzwole|24/100|[from] Sandstorm
|upkeep
|
|t:|1658341215
|switch|p1a: grenouille prague|Urshifu-Rapid-Strike, F|43/100
|turn|28
|l| Zmaslan902100
|
|t:|1658341225
|move|p1a: grenouille prague|Surging Strikes|p2a: Buzzwole
|-crit|p2a: Buzzwole
|-damage|p2a: Buzzwole|10/100
|-crit|p2a: Buzzwole
|-damage|p2a: Buzzwole|0 fnt
|faint|p2a: Buzzwole
|-hitcount|p2: Buzzwole|2
|
|-weather|none
|upkeep
|inactive|Pinks1ip has 120 seconds left.
|l| VaporeonUser
|inactive|Pinks1ip has 90 seconds left.
|j| Gym Leader Yung
|j| ingbayongbay
|inactive|Pinks1ip has 60 seconds left.
|j| VaporeonUser
|
|t:|1658341324
|switch|p2a: Hydreigon|Hydreigon, M|39/100
|turn|29
|l| VaporeonUser
|j| Zmaslan902100
|
|t:|1658341348
|move|p1a: grenouille prague|Surging Strikes|p2a: Hydreigon
|-resisted|p2a: Hydreigon
|-crit|p2a: Hydreigon
|-damage|p2a: Hydreigon|26/100
|-resisted|p2a: Hydreigon
|-crit|p2a: Hydreigon
|-damage|p2a: Hydreigon|14/100
|-resisted|p2a: Hydreigon
|-crit|p2a: Hydreigon
|-damage|p2a: Hydreigon|2/100
|-hitcount|p2a: Hydreigon|3
|move|p2a: Hydreigon|Roost|p2a: Hydreigon
|-heal|p2a: Hydreigon|52/100
|-singleturn|p2a: Hydreigon|move: Roost
|
|upkeep
|turn|30
|
|t:|1658341357
|switch|p1a: Salut ayouko|Pelipper, M, shiny|29/100
|-weather|RainDance|[from] ability: Drizzle|[of] p1a: Salut ayouko
|move|p2a: Hydreigon|Roost|p2a: Hydreigon
|-heal|p2a: Hydreigon|100/100
|-singleturn|p2a: Hydreigon|move: Roost
|
|-weather|RainDance|[upkeep]
|upkeep
|turn|31
|c| ingbayongbay|rip
|
|t:|1658341360
|switch|p1a: grenouille prague|Urshifu-Rapid-Strike, F|43/100
|move|p2a: Hydreigon|Dark Pulse|p1a: grenouille prague
|-resisted|p1a: grenouille prague
|-damage|p1a: grenouille prague|4/100
|-damage|p2a: Hydreigon|91/100|[from] item: Life Orb
|
|-weather|RainDance|[upkeep]
|upkeep
|turn|32
|
|t:|1658341365
|move|p1a: grenouille prague|U-turn|p2a: Hydreigon
|-supereffective|p2a: Hydreigon
|-damage|p2a: Hydreigon|29/100
|
|t:|1658341367
|switch|p1a: Salut ayouko|Pelipper, M, shiny|29/100|[from]move: U-turn
|move|p2a: Hydreigon|Dark Pulse|p1a: Salut ayouko
|-damage|p1a: Salut ayouko|0 fnt
|faint|p1a: Salut ayouko
|-damage|p2a: Hydreigon|19/100|[from] item: Life Orb
|
|-weather|RainDance|[upkeep]
|upkeep
|
|t:|1658341369
|switch|p1a: grenouille prague|Urshifu-Rapid-Strike, F|4/100
|turn|33
|
|t:|1658341375
|move|p1a: grenouille prague|Surging Strikes|p2a: Hydreigon
|-resisted|p2a: Hydreigon
|-crit|p2a: Hydreigon
|-damage|p2a: Hydreigon|0 fnt
|faint|p2a: Hydreigon
|-hitcount|p2: Hydreigon|1
|
|-weather|RainDance|[upkeep]
|upkeep
|
|t:|1658341377
|switch|p2a: Aegislash|Aegislash, M|70/100
|turn|34
|l| Zmaslan902100
|c|☆Pinks1ip|gg I think rain puts you over
|c|☆oubeuzilla|gg
|
|t:|1658341394
|move|p1a: grenouille prague|Surging Strikes|p2a: Aegislash
|-crit|p2a: Aegislash
|-damage|p2a: Aegislash|41/100
|-crit|p2a: Aegislash
|-damage|p2a: Aegislash|12/100
|-crit|p2a: Aegislash
|-damage|p2a: Aegislash|0 fnt
|faint|p2a: Aegislash
|-hitcount|p2: Aegislash|3
|
|win|oubeuzilla
|n|☆oubeuzilla|oubeuzilla
|n|☆Pinks1ip|pinks1ip
|n| ownerdoor|ownerdoor
|n| Nozhito|nozhito
|n| BaddyGames|baddygames
|n| bobertsmalls|bobertsmalls
|n| Gym Leader Yung|gymleaderyung
|n| ingbayongbay|ingbayongbay
