|raw|<div class="broadcast-red"><strong>This battle is invite-only!</strong><br />Users must be invited with <code>/invite</code> (or be staff) to join</div>
|j|☆djok barra hi
|j|☆testotesto321
|player|p1|djok barra hi|lucas|1697
|player|p2|testotesto321|bellelba|1646
|teamsize|p1|6
|teamsize|p2|6
|gametype|singles
|gen|8
|tier|[Gen 8] OU
|rated|
|html|<div class="broadcast-red"><strong>OU is currently suspecting Melmetal! For information on how to participate check out the <a href="https://www.smogon.com/forums/threads/3662190/">suspect thread</a>.</strong></div>
|clearpoke
|poke|p1|Cloyster, F|
|poke|p1|Bisharp, F|
|poke|p1|Excadrill, F|
|poke|p1|Zeraora|
|poke|p1|Hawlucha, F|
|poke|p1|Ninetales-Alola, F|
|poke|p2|Dragapult, M|
|poke|p2|Zeraora|
|poke|p2|Gengar, F|
|poke|p2|Kommo-o, F|
|poke|p2|Corviknight, F|
|poke|p2|Toxapex, F|
|rule|Sleep Clause Mod: Limit one foe put to sleep
|rule|Species Clause: Limit one of each Pokémon
|rule|OHKO Clause: OHKO moves are banned
|rule|Evasion Moves Clause: Evasion moves are banned
|rule|Endless Battle Clause: Forcing endless battles is banned
|rule|HP Percentage Mod: HP is shown in percentages
|rule|Dynamax Clause: You cannot dynamax
|teampreview
|inactive|Battle timer is ON: inactive players will automatically lose when time's up. (requested by djok barra hi)
|
|start
|switch|p1a: Excadrill|Excadrill, F|100/100
|switch|p2a: Corviknight|Corviknight, F, shiny|100/100
|-ability|p1a: Excadrill|Mold Breaker
|-ability|p2a: Corviknight|Pressure
|turn|1
|
|move|p1a: Excadrill|Stealth Rock|p2a: Corviknight
|-sidestart|p2: testotesto321|move: Stealth Rock
|move|p2a: Corviknight|Iron Head|p1a: Excadrill
|-resisted|p1a: Excadrill
|-damage|p1a: Excadrill|84/100
|
|upkeep
|turn|2
|
|switch|p1a: Bisharp|Bisharp, F|100/100
|move|p2a: Corviknight|Defog|p1a: Bisharp
|-unboost|p1a: Bisharp|evasion|1
|-ability|p1a: Bisharp|Defiant
|-boost|p1a: Bisharp|atk|2
|-sideend|p2: testotesto321|Stealth Rock|[from] move: Defog|[of] p2a: Corviknight
|
|upkeep
|turn|3
|
|move|p1a: Bisharp|Knock Off|p2a: Corviknight
|-damage|p2a: Corviknight|3/100
|-enditem|p2a: Corviknight|Leftovers|[from] move: Knock Off|[of] p1a: Bisharp
|move|p2a: Corviknight|U-turn|p1a: Bisharp
|-damage|p1a: Bisharp|82/100
|
|switch|p2a: Kommo-o|Kommo-o, F|100/100|[from]move: U-turn
|
|upkeep
|turn|4
|
|switch|p1a: Ninetales|Ninetales-Alola, F|100/100
|-weather|Hail|[from] ability: Snow Warning|[of] p1a: Ninetales
|move|p2a: Kommo-o|Body Press|p1a: Ninetales
|-damage|p1a: Ninetales|41/100
|
|-weather|Hail|[upkeep]
|-damage|p2a: Kommo-o|94/100|[from] Hail
|-heal|p2a: Kommo-o|100/100|[from] item: Leftovers
|upkeep
|turn|5
|
|switch|p2a: Corviknight|Corviknight, F, shiny|3/100
|-ability|p2a: Corviknight|Pressure
|move|p1a: Ninetales|Aurora Veil|p1a: Ninetales
|-sidestart|p1: djok barra hi|move: Aurora Veil
|
|-weather|Hail|[upkeep]
|-damage|p2a: Corviknight|0 fnt|[from] Hail
|faint|p2a: Corviknight
|upkeep
|
|switch|p2a: Zeraora|Zeraora|100/100
|turn|6
|
|move|p2a: Zeraora|Bulk Up|p2a: Zeraora
|-boost|p2a: Zeraora|atk|1
|-boost|p2a: Zeraora|def|1
|move|p1a: Ninetales|Encore|p2a: Zeraora
|-start|p2a: Zeraora|Encore
|
|-weather|Hail|[upkeep]
|-damage|p2a: Zeraora|95/100|[from] Hail
|-heal|p2a: Zeraora|100/100|[from] item: Leftovers
|upkeep
|turn|7
|
|switch|p1a: Excadrill|Excadrill, F|84/100
|-ability|p1a: Excadrill|Mold Breaker
|move|p2a: Zeraora|Bulk Up|p2a: Zeraora
|-boost|p2a: Zeraora|atk|1
|-boost|p2a: Zeraora|def|1
|
|-weather|Hail|[upkeep]
|-damage|p2a: Zeraora|95/100|[from] Hail
|-damage|p1a: Excadrill|78/100|[from] Hail
|-heal|p2a: Zeraora|100/100|[from] item: Leftovers
|upkeep
|turn|8
|
|switch|p2a: Kommo-o|Kommo-o, F|100/100
|move|p1a: Excadrill|Earthquake|p2a: Kommo-o
|-damage|p2a: Kommo-o|71/100
|
|-weather|none
|-heal|p2a: Kommo-o|77/100|[from] item: Leftovers
|upkeep
|turn|9
|
|move|p1a: Excadrill|Stealth Rock|p2a: Kommo-o
|-sidestart|p2: testotesto321|move: Stealth Rock
|move|p2a: Kommo-o|Body Press|p1a: Excadrill
|-supereffective|p1a: Excadrill
|-damage|p1a: Excadrill|10/100
|
|-heal|p2a: Kommo-o|83/100|[from] item: Leftovers
|upkeep
|turn|10
|
|move|p1a: Excadrill|Steel Beam|p2a: Kommo-o
|-damage|p2a: Kommo-o|56/100
|-damage|p1a: Excadrill|0 fnt|[from] mindblown
|faint|p1a: Excadrill
|move|p2a: Kommo-o|Stealth Rock|p1: Excadrill
|-sidestart|p1: djok barra hi|move: Stealth Rock
|
|-heal|p2a: Kommo-o|62/100|[from] item: Leftovers
|upkeep
|
|switch|p1a: Hawlucha|Hawlucha, F|100/100
|-damage|p1a: Hawlucha|88/100|[from] Stealth Rock
|turn|11
|
|switch|p2a: Toxapex|Toxapex, F, shiny|100/100
|-damage|p2a: Toxapex|88/100|[from] Stealth Rock
|move|p1a: Hawlucha|Swords Dance|p1a: Hawlucha
|-boost|p1a: Hawlucha|atk|2
|
|-heal|p2a: Toxapex|94/100|[from] item: Black Sludge
|upkeep
|turn|12
|
|switch|p2a: Gengar|Gengar, F|100/100
|-damage|p2a: Gengar|88/100|[from] Stealth Rock
|move|p1a: Hawlucha|Sky Attack||[still]
|-prepare|p1a: Hawlucha|Sky Attack|p2a: Gengar
|-enditem|p1a: Hawlucha|Power Herb
|-anim|p1a: Hawlucha|Sky Attack|p2a: Gengar
|-damage|p2a: Gengar|0 fnt
|-start|p1a: Hawlucha|Disable|Sky Attack|[from] ability: Cursed Body|[of] p2a: Gengar
|faint|p2a: Gengar
|
|-sideend|p1: djok barra hi|move: Aurora Veil
|upkeep
|
|switch|p2a: Toxapex|Toxapex, F, shiny|100/100
|-damage|p2a: Toxapex|88/100|[from] Stealth Rock
|turn|13
|
|move|p1a: Hawlucha|Acrobatics|p2a: Toxapex
|-damage|p2a: Toxapex|29/100
|move|p2a: Toxapex|Toxic|p1a: Hawlucha
|-status|p1a: Hawlucha|tox
|
|-heal|p2a: Toxapex|36/100|[from] item: Black Sludge
|-damage|p1a: Hawlucha|82/100 tox|[from] psn
|upkeep
|turn|14
|inactive|testotesto321 has 120 seconds left.
|
|switch|p2a: Dragapult|Dragapult, M|100/100
|-damage|p2a: Dragapult|88/100|[from] Stealth Rock
|move|p1a: Hawlucha|Acrobatics|p2a: Dragapult
|-damage|p2a: Dragapult|0 fnt
|faint|p2a: Dragapult
|
|-damage|p1a: Hawlucha|70/100 tox|[from] psn
|upkeep
|
|switch|p2a: Toxapex|Toxapex, F, shiny|69/100
|-damage|p2a: Toxapex|56/100|[from] Stealth Rock
|turn|15
|
|move|p1a: Hawlucha|Acrobatics|p2a: Toxapex
|-damage|p2a: Toxapex|2/100
|move|p2a: Toxapex|Recover|p2a: Toxapex
|-heal|p2a: Toxapex|52/100
|
|-heal|p2a: Toxapex|58/100|[from] item: Black Sludge
|-damage|p1a: Hawlucha|52/100 tox|[from] psn
|-end|p1a: Hawlucha|Disable
|upkeep
|turn|16
|
|move|p1a: Hawlucha|Swords Dance|p1a: Hawlucha
|-boost|p1a: Hawlucha|atk|2
|move|p2a: Toxapex|Recover|p2a: Toxapex
|-heal|p2a: Toxapex|100/100
|
|-damage|p1a: Hawlucha|27/100 tox|[from] psn
|upkeep
|turn|17
|
|move|p1a: Hawlucha|Acrobatics|p2a: Toxapex
|-damage|p2a: Toxapex|4/100
|move|p2a: Toxapex|Haze|p2a: Toxapex
|-clearallboost
|
|-heal|p2a: Toxapex|10/100|[from] item: Black Sludge
|-damage|p1a: Hawlucha|0 fnt|[from] psn
|faint|p1a: Hawlucha
|upkeep
|
|switch|p1a: Ninetales|Ninetales-Alola, F|41/100
|-damage|p1a: Ninetales|16/100|[from] Stealth Rock
|-weather|Hail|[from] ability: Snow Warning|[of] p1a: Ninetales
|turn|18
|
|switch|p2a: Zeraora|Zeraora|100/100
|-damage|p2a: Zeraora|88/100|[from] Stealth Rock
|move|p1a: Ninetales|Aurora Veil|p1a: Ninetales
|-sidestart|p1: djok barra hi|move: Aurora Veil
|
|-weather|Hail|[upkeep]
|-damage|p2a: Zeraora|82/100|[from] Hail
|-heal|p2a: Zeraora|88/100|[from] item: Leftovers
|upkeep
|turn|19
|
|move|p2a: Zeraora|Plasma Fists|p1a: Ninetales
|-damage|p1a: Ninetales|0 fnt
|-fieldactivate|move: Ion Deluge
|faint|p1a: Ninetales
|
|-weather|Hail|[upkeep]
|-damage|p2a: Zeraora|82/100|[from] Hail
|-heal|p2a: Zeraora|88/100|[from] item: Leftovers
|upkeep
|
|switch|p1a: Cloyster|Cloyster, F|100/100
|-damage|p1a: Cloyster|76/100|[from] Stealth Rock
|turn|20
|
|move|p2a: Zeraora|Plasma Fists|p1a: Cloyster
|-supereffective|p1a: Cloyster
|-damage|p1a: Cloyster|38/100
|-fieldactivate|move: Ion Deluge
|move|p1a: Cloyster|Shell Smash|p1a: Cloyster
|-unboost|p1a: Cloyster|def|1
|-unboost|p1a: Cloyster|spd|1
|-boost|p1a: Cloyster|atk|2
|-boost|p1a: Cloyster|spa|2
|-boost|p1a: Cloyster|spe|2
|
|-weather|Hail|[upkeep]
|-damage|p2a: Zeraora|82/100|[from] Hail
|-heal|p2a: Zeraora|88/100|[from] item: Leftovers
|upkeep
|turn|21
|
|move|p1a: Cloyster|Icicle Spear|p2a: Zeraora
|-damage|p2a: Zeraora|57/100
|-damage|p2a: Zeraora|23/100
|-damage|p2a: Zeraora|0 fnt
|-hitcount|p2a: Zeraora|3
|faint|p2a: Zeraora
|
|-weather|Hail|[upkeep]
|upkeep
|
|switch|p2a: Toxapex|Toxapex, F, shiny|43/100
|-damage|p2a: Toxapex|31/100|[from] Stealth Rock
|turn|22
|
|switch|p2a: Kommo-o|Kommo-o, F|62/100
|-damage|p2a: Kommo-o|56/100|[from] Stealth Rock
|move|p1a: Cloyster|Rock Blast|p2a: Kommo-o
|-immune|p2a: Kommo-o|[from] ability: Bulletproof
|
|-weather|none
|-heal|p2a: Kommo-o|62/100|[from] item: Leftovers
|upkeep
|turn|23
|
|move|p1a: Cloyster|Icicle Spear|p2a: Kommo-o
|-supereffective|p2a: Kommo-o
|-damage|p2a: Kommo-o|35/100
|-supereffective|p2a: Kommo-o
|-damage|p2a: Kommo-o|6/100
|-supereffective|p2a: Kommo-o
|-damage|p2a: Kommo-o|0 fnt
|-hitcount|p2a: Kommo-o|3
|faint|p2a: Kommo-o
|
|upkeep
|
|switch|p2a: Toxapex|Toxapex, F, shiny|64/100
|-damage|p2a: Toxapex|51/100|[from] Stealth Rock
|turn|24
|
|move|p1a: Cloyster|Rock Blast|p2a: Toxapex
|-crit|p2a: Toxapex
|-damage|p2a: Toxapex|37/100
|-damage|p2a: Toxapex|28/100
|-damage|p2a: Toxapex|18/100
|-damage|p2a: Toxapex|9/100
|-damage|p2a: Toxapex|0 fnt
|-hitcount|p2a: Toxapex|5
|faint|p2a: Toxapex
|
|win|djok barra hi
|l|☆testotesto321
|c|☆djok barra hi|/log djok barra hi made this room public.
