|j|☆minimax_ai
|j|☆toon arctozolt
|t:|1663150157
|gametype|singles
|player|p1|minimax_ai|lusamine-nihilego|1599
|player|p2|toon arctozolt|harlequin|1665
|teamsize|p1|6
|teamsize|p2|6
|gen|8
|tier|[Gen 8] OU
|rated|
|rule|Sleep Clause Mod: Limit one foe put to sleep
|rule|Species Clause: Limit one of each Pokémon
|rule|OHKO Clause: OHKO moves are banned
|rule|Evasion Items Clause: Evasion items are banned
|rule|Evasion Moves Clause: Evasion moves are banned
|rule|Endless Battle Clause: Forcing endless battles is banned
|rule|HP Percentage Mod: HP is shown in percentages
|rule|Dynamax Clause: You cannot dynamax
|clearpoke
|poke|p1|Rotom-Wash|
|poke|p1|Weavile, F|
|poke|p1|Landorus-Therian, M|
|poke|p1|Heatran, M|
|poke|p1|Tangrowth, F|
|poke|p1|Melmetal|
|poke|p2|Zapdos|
|poke|p2|Pelipper, F|
|poke|p2|Ferrothorn, M|
|poke|p2|Barraskewda, F|
|poke|p2|Urshifu-*, F|
|poke|p2|Seismitoad, M|
|teampreview
|inactive|Battle timer is ON: inactive players will automatically lose when time's up. (requested by toon arctozolt)
|c|☆minimax_ai|hf
|inactive|minimax_ai also wants the timer to be on.
|
|t:|1663150164
|start
|switch|p1a: landorustherian|Landorus-Therian, M|100/100
|switch|p2a: Pelipper|Pelipper, F|100/100
|-ability|p1a: landorustherian|Intimidate|boost
|-unboost|p2a: Pelipper|atk|1
|-weather|RainDance|[from] ability: Drizzle|[of] p2a: Pelipper
|turn|1
|
|t:|1663150167
|switch|p1a: rotomwash|Rotom-Wash|100/100
|move|p2a: Pelipper|Scald|p1a: rotomwash
|-resisted|p1a: rotomwash
|-damage|p1a: rotomwash|81/100
|
|-weather|RainDance|[upkeep]
|-heal|p1a: rotomwash|88/100|[from] item: Leftovers
|upkeep
|turn|2
|
|t:|1663150174
|switch|p2a: Ferrothorn|Ferrothorn, M|100/100
|move|p1a: rotomwash|Hydro Pump|p2a: Ferrothorn
|-resisted|p2a: Ferrothorn
|-damage|p2a: Ferrothorn|79/100
|
|-weather|RainDance|[upkeep]
|-heal|p1a: rotomwash|94/100|[from] item: Leftovers
|-heal|p2a: Ferrothorn|86/100|[from] item: Leftovers
|upkeep
|turn|3
|
|t:|1663150178
|switch|p1a: landorustherian|Landorus-Therian, M|100/100
|-ability|p1a: landorustherian|Intimidate|boost
|-unboost|p2a: Ferrothorn|atk|1
|move|p2a: Ferrothorn|Stealth Rock|p1a: landorustherian
|-sidestart|p1: minimax_ai|move: Stealth Rock
|
|-weather|RainDance|[upkeep]
|-heal|p2a: Ferrothorn|92/100|[from] item: Leftovers
|upkeep
|turn|4
|
|t:|1663150186
|switch|p2a: Weatherman|Seismitoad, M, shiny|100/100
|move|p1a: landorustherian|Defog|p2a: Weatherman
|-unboost|p2a: Weatherman|evasion|1
|-sideend|p1: minimax_ai|Stealth Rock|[from] move: Defog|[of] p1a: landorustherian
|
|-weather|RainDance|[upkeep]
|upkeep
|turn|5
|
|t:|1663150195
|switch|p1a: Melmetal|Melmetal|100/100
|move|p2a: Weatherman|Weather Ball|p1a: Melmetal
|-damage|p1a: Melmetal|58/100
|-damage|p2a: Weatherman|91/100|[from] item: Life Orb
|
|-weather|RainDance|[upkeep]
|upkeep
|turn|6
|
|t:|1663150199
|move|p2a: Weatherman|Earth Power|p1a: Melmetal
|-supereffective|p1a: Melmetal
|-damage|p1a: Melmetal|4/100
|-damage|p2a: Weatherman|81/100|[from] item: Life Orb
|move|p1a: Melmetal|Ice Punch|p2a: Weatherman
|-damage|p2a: Weatherman|37/100
|
|-weather|RainDance|[upkeep]
|upkeep
|turn|7
|
|t:|1663150202
|switch|p1a: rotomwash|Rotom-Wash|94/100
|move|p2a: Weatherman|Weather Ball|p1a: rotomwash
|-resisted|p1a: rotomwash
|-damage|p1a: rotomwash|51/100
|-damage|p2a: Weatherman|27/100|[from] item: Life Orb
|
|-weather|RainDance|[upkeep]
|-heal|p1a: rotomwash|57/100|[from] item: Leftovers
|upkeep
|turn|8
|
|t:|1663150206
|move|p2a: Weatherman|Power Whip|p1a: rotomwash|[miss]
|-miss|p2a: Weatherman|p1a: rotomwash
|move|p1a: rotomwash|Hydro Pump|p2a: Weatherman
|-damage|p2a: Weatherman|0 fnt
|faint|p2a: Weatherman
|
|-weather|none
|-heal|p1a: rotomwash|63/100|[from] item: Leftovers
|upkeep
|
|t:|1663150209
|switch|p2a: Urshifu|Urshifu-Rapid-Strike, F|100/100
|turn|9
|
|t:|1663150212
|switch|p1a: Tangrowth|Tangrowth, F|100/100
|move|p2a: Urshifu|Close Combat|p1a: Tangrowth
|-damage|p1a: Tangrowth|50/100
|-unboost|p2a: Urshifu|def|1
|-unboost|p2a: Urshifu|spd|1
|-damage|p2a: Urshifu|84/100|[from] item: Rocky Helmet|[of] p1a: Tangrowth
|
|upkeep
|turn|10
|
|t:|1663150216
|switch|p2a: Pelipper|Pelipper, F|100/100
|-weather|RainDance|[from] ability: Drizzle|[of] p2a: Pelipper
|move|p1a: Tangrowth|Focus Blast|p2a: Pelipper|[miss]
|-miss|p1a: Tangrowth|p2a: Pelipper
|
|-weather|RainDance|[upkeep]
|upkeep
|turn|11
|
|t:|1663150223
|move|p2a: Pelipper|Scald|p1a: Tangrowth
|-resisted|p1a: Tangrowth
|-damage|p1a: Tangrowth|25/100
|move|p1a: Tangrowth|Focus Blast|p2a: Pelipper|[miss]
|-miss|p1a: Tangrowth|p2a: Pelipper
|
|-weather|RainDance|[upkeep]
|upkeep
|turn|12
|
|t:|1663150232
|switch|p1a: rotomwash|Rotom-Wash|63/100
|move|p2a: Pelipper|U-turn|p1a: rotomwash
|-damage|p1a: rotomwash|52/100
|
|t:|1663150245
|switch|p2a: Zapdos|Zapdos|100/100|[from]move: U-turn
|
|-weather|RainDance|[upkeep]
|-heal|p1a: rotomwash|59/100|[from] item: Leftovers
|upkeep
|turn|13
|
|t:|1663150247
|switch|p1a: landorustherian|Landorus-Therian, M|100/100
|-ability|p1a: landorustherian|Intimidate|boost
|-unboost|p2a: Zapdos|atk|1
|move|p2a: Zapdos|Thunder|p1a: landorustherian
|-immune|p1a: landorustherian
|
|-weather|RainDance|[upkeep]
|upkeep
|turn|14
|
|t:|1663150249
|switch|p1a: Melmetal|Melmetal|4/100
|move|p2a: Zapdos|Weather Ball|p1a: Melmetal
|-damage|p1a: Melmetal|0 fnt
|faint|p1a: Melmetal
|
|-weather|RainDance|[upkeep]
|upkeep
|
|t:|1663150249
|switch|p1a: Weavile|Weavile, F|100/100
|-ability|p1a: Weavile|Pressure
|turn|15
|
|t:|1663150253
|switch|p2a: Ferrothorn|Ferrothorn, M|92/100
|move|p1a: Weavile|Triple Axel|p2a: Ferrothorn
|-damage|p2a: Ferrothorn|82/100
|-damage|p1a: Weavile|88/100|[from] ability: Iron Barbs|[of] p2a: Ferrothorn
|-damage|p2a: Ferrothorn|58/100
|-damage|p1a: Weavile|76/100|[from] ability: Iron Barbs|[of] p2a: Ferrothorn
|-damage|p2a: Ferrothorn|24/100
|-damage|p1a: Weavile|63/100|[from] ability: Iron Barbs|[of] p2a: Ferrothorn
|-hitcount|p2a: Ferrothorn|3
|
|-weather|RainDance|[upkeep]
|-heal|p2a: Ferrothorn|30/100|[from] item: Leftovers
|upkeep
|turn|16
|
|t:|1663150260
|move|p1a: Weavile|Triple Axel|p2a: Ferrothorn
|-damage|p2a: Ferrothorn|19/100
|-damage|p1a: Weavile|51/100|[from] ability: Iron Barbs|[of] p2a: Ferrothorn
|-damage|p2a: Ferrothorn|0 fnt
|-damage|p1a: Weavile|38/100|[from] ability: Iron Barbs|[of] p2a: Ferrothorn
|faint|p2a: Ferrothorn
|-hitcount|p2: Ferrothorn|2
|
|-weather|RainDance|[upkeep]
|upkeep
|
|t:|1663150265
|switch|p2a: Barraskewda|Barraskewda, F|100/100
|turn|17
|
|t:|1663150269
|switch|p1a: Tangrowth|Tangrowth, F|58/100
|move|p2a: Barraskewda|Liquidation|p1a: Tangrowth
|-resisted|p1a: Tangrowth
|-damage|p1a: Tangrowth|29/100
|-damage|p2a: Barraskewda|84/100|[from] item: Rocky Helmet|[of] p1a: Tangrowth
|
|-weather|none
|upkeep
|turn|18
|
|t:|1663150274
|switch|p2a: Pelipper|Pelipper, F|100/100
|-weather|RainDance|[from] ability: Drizzle|[of] p2a: Pelipper
|move|p1a: Tangrowth|Giga Drain|p2a: Pelipper
|-damage|p2a: Pelipper|60/100
|-heal|p1a: Tangrowth|45/100|[from] drain|[of] p2a: Pelipper
|
|-weather|RainDance|[upkeep]
|upkeep
|turn|19
|
|t:|1663150281
|move|p2a: Pelipper|Scald|p1a: Tangrowth
|-resisted|p1a: Tangrowth
|-damage|p1a: Tangrowth|19/100
|move|p1a: Tangrowth|Sleep Powder|p2a: Pelipper
|-status|p2a: Pelipper|slp|[from] move: Sleep Powder
|
|-weather|RainDance|[upkeep]
|upkeep
|turn|20
|
|t:|1663150286
|switch|p2a: Zapdos|Zapdos|100/100
|switch|p1a: rotomwash|Rotom-Wash|59/100
|
|-weather|RainDance|[upkeep]
|-heal|p1a: rotomwash|65/100|[from] item: Leftovers
|upkeep
|turn|21
|
|t:|1663150289
|move|p2a: Zapdos|Thunder|p1a: rotomwash
|-damage|p1a: rotomwash|0 fnt
|faint|p1a: rotomwash
|
|-weather|RainDance|[upkeep]
|upkeep
|
|t:|1663150289
|switch|p1a: Weavile|Weavile, F|38/100
|-ability|p1a: Weavile|Pressure
|turn|22
|
|t:|1663150293
|switch|p2a: Urshifu|Urshifu-Rapid-Strike, F|84/100
|move|p1a: Weavile|Triple Axel|p2a: Urshifu
|-resisted|p2a: Urshifu
|-damage|p2a: Urshifu|76/100
|-resisted|p2a: Urshifu
|-damage|p2a: Urshifu|61/100
|-resisted|p2a: Urshifu
|-damage|p2a: Urshifu|40/100
|-hitcount|p2a: Urshifu|3
|
|-weather|RainDance|[upkeep]
|upkeep
|turn|23
|
|t:|1663150304
|move|p1a: Weavile|Triple Axel|p2a: Urshifu
|-resisted|p2a: Urshifu
|-damage|p2a: Urshifu|32/100
|-resisted|p2a: Urshifu
|-damage|p2a: Urshifu|18/100
|-resisted|p2a: Urshifu
|-crit|p2a: Urshifu
|-damage|p2a: Urshifu|0 fnt
|faint|p2a: Urshifu
|-hitcount|p2: Urshifu|3
|
|-weather|RainDance|[upkeep]
|upkeep
|
|t:|1663150306
|switch|p2a: Barraskewda|Barraskewda, F|84/100
|turn|24
|
|t:|1663150308
|switch|p1a: Tangrowth|Tangrowth, F|52/100
|move|p2a: Barraskewda|Liquidation|p1a: Tangrowth
|-resisted|p1a: Tangrowth
|-damage|p1a: Tangrowth|26/100
|-damage|p2a: Barraskewda|68/100|[from] item: Rocky Helmet|[of] p1a: Tangrowth
|
|-weather|RainDance|[upkeep]
|upkeep
|turn|25
|
|t:|1663150310
|switch|p1a: Weavile|Weavile, F|38/100
|-ability|p1a: Weavile|Pressure
|move|p2a: Barraskewda|Liquidation|p1a: Weavile
|-damage|p1a: Weavile|0 fnt
|faint|p1a: Weavile
|
|-weather|none
|upkeep
|
|t:|1663150310
|switch|p1a: Tangrowth|Tangrowth, F|60/100
|turn|26
|
|t:|1663150315
|switch|p2a: Pelipper|Pelipper, F|60/100 slp
|-weather|RainDance|[from] ability: Drizzle|[of] p2a: Pelipper
|move|p1a: Tangrowth|Giga Drain|p2a: Pelipper
|-damage|p2a: Pelipper|17/100 slp
|-heal|p1a: Tangrowth|77/100|[from] drain|[of] p2a: Pelipper
|
|-weather|RainDance|[upkeep]
|upkeep
|turn|27
|
|t:|1663150317
|switch|p2a: Zapdos|Zapdos|100/100
|move|p1a: Tangrowth|Knock Off|p2a: Zapdos
|-damage|p2a: Zapdos|74/100
|-enditem|p2a: Zapdos|Heavy-Duty Boots|[from] move: Knock Off|[of] p1a: Tangrowth
|
|-weather|RainDance|[upkeep]
|upkeep
|turn|28
|
|t:|1663150322
|move|p2a: Zapdos|Hurricane|p1a: Tangrowth
|-supereffective|p1a: Tangrowth
|-damage|p1a: Tangrowth|0 fnt
|faint|p1a: Tangrowth
|
|-weather|RainDance|[upkeep]
|upkeep
|
|t:|1663150322
|switch|p1a: landorustherian|Landorus-Therian, M|100/100
|-ability|p1a: landorustherian|Intimidate|boost
|-unboost|p2a: Zapdos|atk|1
|turn|29
|
|t:|1663150326
|move|p2a: Zapdos|Weather Ball|p1a: landorustherian
|-supereffective|p1a: landorustherian
|-damage|p1a: landorustherian|19/100
|move|p1a: landorustherian|U-turn|p2a: Zapdos
|-resisted|p2a: Zapdos
|-damage|p2a: Zapdos|59/100
|
|t:|1663150326
|switch|p1a: Heatran|Heatran, M|100/100|[from]move: U-turn
|-item|p1a: Heatran|Air Balloon
|
|-weather|RainDance|[upkeep]
|upkeep
|turn|30
|
|t:|1663150330
|switch|p1a: landorustherian|Landorus-Therian, M|19/100
|-ability|p1a: landorustherian|Intimidate|boost
|-unboost|p2a: Zapdos|atk|1
|move|p2a: Zapdos|Weather Ball|p1a: landorustherian
|-supereffective|p1a: landorustherian
|-crit|p1a: landorustherian
|-damage|p1a: landorustherian|0 fnt
|faint|p1a: landorustherian
|
|-weather|RainDance|[upkeep]
|upkeep
|
|t:|1663150330
|switch|p1a: Heatran|Heatran, M|100/100
|-item|p1a: Heatran|Air Balloon
|turn|31
|
|t:|1663150332
|move|p2a: Zapdos|Weather Ball|p1a: Heatran
|-supereffective|p1a: Heatran
|-damage|p1a: Heatran|0 fnt
|-enditem|p1a: Heatran|Air Balloon
|faint|p1a: Heatran
|
|win|toon arctozolt
|raw|minimax_ai's rating: 1599 &rarr; <strong>1583</strong><br />(-16 for losing)
|raw|toon arctozolt's rating: 1665 &rarr; <strong>1681</strong><br />(+16 for winning)
|c|☆minimax_ai|gg
|l|☆minimax_ai
