|j|☆haterplayer
|j|‽hypervortexreturns
|t:|1661044084
|gametype|singles
|player|p1|haterplayer|1|1600
|player|p2|hypervortexreturns|102|1784
|teamsize|p1|6
|teamsize|p2|6
|gen|8
|tier|[Gen 8] OU
|rated|
|rule|Sleep Clause Mod: Limit one foe put to sleep
|rule|Species Clause: Limit one of each Pokémon
|rule|OHKO Clause: OHKO moves are banned
|rule|Evasion Items Clause: Evasion items are banned
|rule|Evasion Moves Clause: Evasion moves are banned
|rule|Endless Battle Clause: Forcing endless battles is banned
|rule|HP Percentage Mod: HP is shown in percentages
|rule|Dynamax Clause: You cannot dynamax
|clearpoke
|poke|p1|Clefable, M|
|poke|p1|Blissey, F|
|poke|p1|Altaria, F|
|poke|p1|Garchomp, F|
|poke|p1|Toxapex, M|
|poke|p1|Corviknight, M|
|poke|p2|Hydreigon, M|
|poke|p2|Zapdos|
|poke|p2|Tangrowth, F|
|poke|p2|Corviknight, F|
|poke|p2|Excadrill, F|
|poke|p2|Azumarill, F|
|teampreview
|inactive|Battle timer is ON: inactive players will automatically lose when time's up. (requested by haterplayer)
|j| sgvh
|
|t:|1661044106
|start
|switch|p1a: Toxapex|Toxapex, M|100/100
|switch|p2a: Tangrowth|Tangrowth, F|100/100
|turn|1
|inactive|haterplayer has 120 seconds left.
|
|t:|1661044137
|move|p2a: Tangrowth|Sleep Powder|p1a: Toxapex
|-status|p1a: Toxapex|slp|[from] move: Sleep Powder
|cant|p1a: Toxapex|slp
|
|upkeep
|turn|2
|
|t:|1661044143
|switch|p2a: Azumarill|Azumarill, F|100/100
|-curestatus|p1a: Toxapex|slp|[msg]
|move|p1a: Toxapex|Knock Off|p2a: Azumarill
|-resisted|p2a: Azumarill
|-damage|p2a: Azumarill|92/100
|-enditem|p2a: Azumarill|Sitrus Berry|[from] move: Knock Off|[of] p1a: Toxapex
|
|upkeep
|turn|3
|
|t:|1661044159
|switch|p2a: Tangrowth|Tangrowth, F|100/100
|move|p1a: Toxapex|Toxic|p2a: Tangrowth
|-status|p2a: Tangrowth|tox
|
|-damage|p2a: Tangrowth|94/100 tox|[from] psn
|upkeep
|turn|4
|
|t:|1661044167
|move|p2a: Tangrowth|Sleep Powder|p1a: Toxapex|[miss]
|-miss|p2a: Tangrowth|p1a: Toxapex
|move|p1a: Toxapex|Knock Off|p2a: Tangrowth
|-damage|p2a: Tangrowth|88/100 tox
|-damage|p1a: Toxapex|84/100|[from] item: Rocky Helmet|[of] p2a: Tangrowth
|-enditem|p2a: Tangrowth|Rocky Helmet|[from] move: Knock Off|[of] p1a: Toxapex
|
|-heal|p1a: Toxapex|90/100|[from] item: Black Sludge
|-damage|p2a: Tangrowth|75/100 tox|[from] psn
|upkeep
|turn|5
|
|t:|1661044179
|switch|p1a: Altaria|Altaria, F|100/100
|move|p2a: Tangrowth|Sleep Powder|p1a: Altaria
|-status|p1a: Altaria|slp|[from] move: Sleep Powder
|
|-damage|p2a: Tangrowth|57/100 tox|[from] psn
|upkeep
|turn|6
|j| Perinetti&Conte
|
|t:|1661044188
|-curestatus|p1a: Altaria|slp|[from] ability: Natural Cure
|switch|p1a: Toxapex|Toxapex, M|100/100
|switch|p2a: Azumarill|Azumarill, F|92/100
|
|upkeep
|turn|7
|j| Matheus RW
|
|t:|1661044196
|switch|p2a: Tangrowth|Tangrowth, F|90/100 tox
|move|p1a: Toxapex|Toxic|p2a: Tangrowth
|-fail|p2a: Tangrowth|tox
|
|-damage|p2a: Tangrowth|84/100 tox|[from] psn
|upkeep
|turn|8
|l| Perinetti&Conte
|
|t:|1661044205
|switch|p1a: Altaria|Altaria, F|100/100
|move|p2a: Tangrowth|Sleep Powder|p1a: Altaria
|-status|p1a: Altaria|slp|[from] move: Sleep Powder
|
|-damage|p2a: Tangrowth|71/100 tox|[from] psn
|upkeep
|turn|9
|
|t:|1661044230
|-curestatus|p1a: Altaria|slp|[from] ability: Natural Cure
|switch|p1a: Toxapex|Toxapex, M|100/100
|move|p2a: Tangrowth|Sleep Powder|p1a: Toxapex
|-status|p1a: Toxapex|slp|[from] move: Sleep Powder
|
|-damage|p2a: Tangrowth|53/100 tox|[from] psn
|upkeep
|turn|10
|
|t:|1661044239
|switch|p2a: Azumarill|Azumarill, F|92/100
|cant|p1a: Toxapex|slp
|
|upkeep
|turn|11
|
|t:|1661044246
|switch|p1a: Clefable|Clefable, M|100/100
|move|p2a: Azumarill|Belly Drum|p2a: Azumarill
|-damage|p2a: Azumarill|42/100
|-setboost|p2a: Azumarill|atk|6|[from] move: Belly Drum
|
|upkeep
|turn|12
|
|t:|1661044254
|move|p2a: Azumarill|Knock Off|p1a: Clefable
|-resisted|p1a: Clefable
|-damage|p1a: Clefable|85/100
|-enditem|p1a: Clefable|Leftovers|[from] move: Knock Off|[of] p2a: Azumarill
|move|p1a: Clefable|Wish|p1a: Clefable
|
|upkeep
|turn|13
|
|t:|1661044262
|move|p2a: Azumarill|Play Rough|p1a: Clefable
|-damage|p1a: Clefable|38/100
|move|p1a: Clefable|Moonblast|p2a: Azumarill
|-damage|p2a: Azumarill|8/100
|-unboost|p2a: Azumarill|spa|1
|
|-heal|p1a: Clefable|88/100|[from] move: Wish|[wisher] Clefable
|upkeep
|turn|14
|
|t:|1661044273
|move|p2a: Azumarill|Play Rough|p1a: Clefable
|-damage|p1a: Clefable|45/100
|move|p1a: Clefable|Wish|p1a: Clefable
|
|upkeep
|turn|15
|
|t:|1661044281
|move|p1a: Clefable|Protect|p1a: Clefable
|-singleturn|p1a: Clefable|Protect
|move|p2a: Azumarill|Play Rough|p1a: Clefable
|-activate|p1a: Clefable|move: Protect
|
|-heal|p1a: Clefable|95/100|[from] move: Wish|[wisher] Clefable
|upkeep
|turn|16
|
|t:|1661044290
|move|p2a: Azumarill|Play Rough|p1a: Clefable
|-damage|p1a: Clefable|51/100
|move|p1a: Clefable|Wish|p1a: Clefable
|
|upkeep
|turn|17
|
|t:|1661044298
|move|p1a: Clefable|Protect|p1a: Clefable
|-singleturn|p1a: Clefable|Protect
|move|p2a: Azumarill|Aqua Jet|p1a: Clefable
|-activate|p1a: Clefable|move: Protect
|
|-heal|p1a: Clefable|100/100|[from] move: Wish|[wisher] Clefable
|upkeep
|turn|18
|
|t:|1661044307
|move|p2a: Azumarill|Play Rough|p1a: Clefable|[miss]
|-miss|p2a: Azumarill|p1a: Clefable
|move|p1a: Clefable|Moonblast|p2a: Azumarill
|-damage|p2a: Azumarill|0 fnt
|faint|p2a: Azumarill
|
|upkeep
|
|t:|1661044319
|switch|p2a: Excadrill|Excadrill, F|100/100
|turn|19
|
|t:|1661044329
|switch|p1a: Garchomp|Garchomp, F|100/100
|move|p2a: Excadrill|Stealth Rock|p1a: Garchomp
|-sidestart|p1: haterplayer|move: Stealth Rock
|
|upkeep
|turn|20
|
|t:|1661044346
|switch|p2a: Tangrowth|Tangrowth, F|86/100 tox
|move|p1a: Garchomp|Stealth Rock|p2a: Tangrowth
|-sidestart|p2: hypervortexreturns|move: Stealth Rock
|
|-damage|p2a: Tangrowth|80/100 tox|[from] psn
|upkeep
|turn|21
|
|t:|1661044356
|switch|p1a: Toxapex|Toxapex, M|100/100 slp
|-damage|p1a: Toxapex|88/100 slp|[from] Stealth Rock
|move|p2a: Tangrowth|Knock Off|p1a: Toxapex
|-damage|p1a: Toxapex|73/100 slp
|-enditem|p1a: Toxapex|Black Sludge|[from] move: Knock Off|[of] p2a: Tangrowth
|
|-damage|p2a: Tangrowth|67/100 tox|[from] psn
|upkeep
|turn|22
|
|t:|1661044385
|move|p2a: Tangrowth|Power Whip|p1a: Toxapex
|-damage|p1a: Toxapex|50/100 slp
|-curestatus|p1a: Toxapex|slp|[msg]
|move|p1a: Toxapex|Knock Off|p2a: Tangrowth
|-damage|p2a: Tangrowth|63/100 tox
|
|-damage|p2a: Tangrowth|44/100 tox|[from] psn
|upkeep
|turn|23
|
|t:|1661044396
|move|p2a: Tangrowth|Sleep Powder|p1a: Toxapex
|-status|p1a: Toxapex|slp|[from] move: Sleep Powder
|cant|p1a: Toxapex|slp
|
|-damage|p2a: Tangrowth|20/100 tox|[from] psn
|upkeep
|turn|24
|
|t:|1661044407
|switch|p2a: Zapdos|Zapdos|100/100
|-curestatus|p1a: Toxapex|slp|[msg]
|move|p1a: Toxapex|Recover|p1a: Toxapex
|-heal|p1a: Toxapex|99/100
|
|upkeep
|turn|25
|l| Matheus RW
|
|t:|1661044416
|switch|p2a: Tangrowth|Tangrowth, F|53/100 tox
|-damage|p2a: Tangrowth|40/100 tox|[from] Stealth Rock
|switch|p1a: Blissey|Blissey, F|100/100
|
|-damage|p2a: Tangrowth|34/100 tox|[from] psn
|upkeep
|turn|26
|
|t:|1661044428
|switch|p1a: Altaria|Altaria, F|100/100
|switch|p2a: Excadrill|Excadrill, F|100/100
|-damage|p2a: Excadrill|97/100|[from] Stealth Rock
|
|-heal|p2a: Excadrill|100/100|[from] item: Leftovers
|upkeep
|turn|27
|
|t:|1661044440
|switch|p1a: Garchomp|Garchomp, F|100/100
|-damage|p1a: Garchomp|94/100|[from] Stealth Rock
|move|p2a: Excadrill|Iron Head|p1a: Garchomp
|-damage|p1a: Garchomp|60/100
|-damage|p2a: Excadrill|88/100|[from] ability: Rough Skin|[of] p1a: Garchomp
|
|-heal|p2a: Excadrill|94/100|[from] item: Leftovers
|-heal|p1a: Garchomp|66/100|[from] item: Leftovers
|upkeep
|turn|28
|
|t:|1661044464
|switch|p2a: Hydreigon|Hydreigon, M|100/100
|-damage|p2a: Hydreigon|88/100|[from] Stealth Rock
|move|p1a: Garchomp|Flamethrower|p2a: Hydreigon
|-resisted|p2a: Hydreigon
|-damage|p2a: Hydreigon|81/100
|
|-heal|p2a: Hydreigon|87/100|[from] item: Leftovers
|-heal|p1a: Garchomp|72/100|[from] item: Leftovers
|upkeep
|turn|29
|
|t:|1661044475
|switch|p1a: Blissey|Blissey, F|100/100
|move|p2a: Hydreigon|Dark Pulse|p1a: Blissey
|-damage|p1a: Blissey|89/100
|
|-heal|p2a: Hydreigon|94/100|[from] item: Leftovers
|upkeep
|turn|30
|
|t:|1661044485
|switch|p2a: Excadrill|Excadrill, F|94/100
|-damage|p2a: Excadrill|91/100|[from] Stealth Rock
|move|p1a: Blissey|Seismic Toss|p2a: Excadrill
|-damage|p2a: Excadrill|63/100
|
|-heal|p2a: Excadrill|69/100|[from] item: Leftovers
|upkeep
|turn|31
|
|t:|1661044495
|switch|p1a: Corviknight|Corviknight, M|100/100
|-damage|p1a: Corviknight|88/100|[from] Stealth Rock
|-ability|p1a: Corviknight|Pressure
|move|p2a: Excadrill|Earthquake|p1a: Corviknight
|-immune|p1a: Corviknight
|
|-heal|p2a: Excadrill|76/100|[from] item: Leftovers
|upkeep
|turn|32
|
|t:|1661044507
|switch|p2a: Corviknight|Corviknight, F|100/100
|-damage|p2a: Corviknight|88/100|[from] Stealth Rock
|-ability|p2a: Corviknight|Pressure
|move|p1a: Corviknight|Body Press|p2a: Corviknight
|-damage|p2a: Corviknight|66/100
|
|-heal|p2a: Corviknight|72/100|[from] item: Leftovers
|upkeep
|turn|33
|
|t:|1661044519
|move|p2a: Corviknight|Taunt|p1a: Corviknight
|-start|p1a: Corviknight|move: Taunt
|cant|p1a: Corviknight|move: Taunt|Iron Defense
|
|-heal|p2a: Corviknight|78/100|[from] item: Leftovers
|upkeep
|turn|34
|
|t:|1661044528
|switch|p1a: Toxapex|Toxapex, M|100/100
|-damage|p1a: Toxapex|88/100|[from] Stealth Rock
|move|p2a: Corviknight|Bulk Up|p2a: Corviknight
|-boost|p2a: Corviknight|atk|1
|-boost|p2a: Corviknight|def|1
|
|-heal|p2a: Corviknight|85/100|[from] item: Leftovers
|upkeep
|turn|35
|
|t:|1661044544
|switch|p2a: Tangrowth|Tangrowth, F|67/100 tox
|-damage|p2a: Tangrowth|55/100 tox|[from] Stealth Rock
|move|p1a: Toxapex|Knock Off|p2a: Tangrowth
|-damage|p2a: Tangrowth|50/100 tox
|
|-damage|p2a: Tangrowth|44/100 tox|[from] psn
|upkeep
|turn|36
|
|t:|1661044555
|switch|p1a: Corviknight|Corviknight, M|88/100
|-damage|p1a: Corviknight|75/100|[from] Stealth Rock
|-ability|p1a: Corviknight|Pressure
|move|p2a: Tangrowth|Sleep Powder|p1a: Corviknight
|-status|p1a: Corviknight|slp|[from] move: Sleep Powder
|
|-damage|p2a: Tangrowth|31/100 tox|[from] psn
|upkeep
|turn|37
|
|t:|1661044568
|switch|p2a: Zapdos|Zapdos|100/100
|cant|p1a: Corviknight|slp
|
|upkeep
|turn|38
|
|t:|1661044577
|switch|p1a: Blissey|Blissey, F|89/100
|move|p2a: Zapdos|Discharge|p1a: Blissey
|-damage|p1a: Blissey|77/100
|-status|p1a: Blissey|par
|
|upkeep
|turn|39
|
|t:|1661044592
|switch|p2a: Excadrill|Excadrill, F|76/100
|-damage|p2a: Excadrill|73/100|[from] Stealth Rock
|move|p1a: Blissey|Heal Bell|p1a: Blissey
|-activate|p1a: Blissey|move: Heal Bell
|-curestatus|p1a: Blissey|par|[msg]
|-curestatus|p1: Corviknight|slp|[msg]
|
|-heal|p2a: Excadrill|79/100|[from] item: Leftovers
|upkeep
|turn|40
|
|t:|1661044612
|switch|p1a: Garchomp|Garchomp, F|72/100
|-damage|p1a: Garchomp|66/100|[from] Stealth Rock
|move|p2a: Excadrill|Iron Head|p1a: Garchomp
|-damage|p1a: Garchomp|34/100
|-damage|p2a: Excadrill|66/100|[from] ability: Rough Skin|[of] p1a: Garchomp
|
|-heal|p2a: Excadrill|72/100|[from] item: Leftovers
|-heal|p1a: Garchomp|40/100|[from] item: Leftovers
|upkeep
|turn|41
|j| nublet2
|
|t:|1661044627
|switch|p2a: Hydreigon|Hydreigon, M|94/100
|-damage|p2a: Hydreigon|81/100|[from] Stealth Rock
|move|p1a: Garchomp|Earthquake|p2a: Hydreigon
|-immune|p2a: Hydreigon|[from] ability: Levitate
|
|-heal|p2a: Hydreigon|87/100|[from] item: Leftovers
|-heal|p1a: Garchomp|46/100|[from] item: Leftovers
|upkeep
|turn|42
|
|t:|1661044639
|switch|p1a: Toxapex|Toxapex, M|100/100
|-damage|p1a: Toxapex|88/100|[from] Stealth Rock
|move|p2a: Hydreigon|Dark Pulse|p1a: Toxapex
|-damage|p1a: Toxapex|60/100
|
|-heal|p2a: Hydreigon|94/100|[from] item: Leftovers
|upkeep
|turn|43
|inactive|hypervortexreturns has 120 seconds left.
|
|t:|1661044658
|switch|p1a: Blissey|Blissey, F|77/100
|move|p2a: Hydreigon|Earth Power|p1a: Blissey
|-damage|p1a: Blissey|68/100
|
|-heal|p2a: Hydreigon|99/100|[from] item: Leftovers
|upkeep
|turn|44
|inactive|hypervortexreturns has 120 seconds left.
|
|t:|1661044669
|switch|p2a: Excadrill|Excadrill, F|72/100
|-damage|p2a: Excadrill|69/100|[from] Stealth Rock
|move|p1a: Blissey|Soft-Boiled|p1a: Blissey
|-heal|p1a: Blissey|100/100
|
|-heal|p2a: Excadrill|75/100|[from] item: Leftovers
|upkeep
|turn|45
|inactive|hypervortexreturns has 120 seconds left.
|
|t:|1661044683
|switch|p1a: Corviknight|Corviknight, M|75/100
|-damage|p1a: Corviknight|63/100|[from] Stealth Rock
|-ability|p1a: Corviknight|Pressure
|move|p2a: Excadrill|Earthquake|p1a: Corviknight
|-immune|p1a: Corviknight
|
|-heal|p2a: Excadrill|81/100|[from] item: Leftovers
|upkeep
|turn|46
|inactive|hypervortexreturns has 120 seconds left.
|
|t:|1661044695
|switch|p2a: Zapdos|Zapdos|100/100
|move|p1a: Corviknight|Roost|p1a: Corviknight
|-heal|p1a: Corviknight|100/100
|-singleturn|p1a: Corviknight|move: Roost
|
|upkeep
|turn|47
|
|t:|1661044703
|switch|p1a: Garchomp|Garchomp, F|46/100
|-damage|p1a: Garchomp|40/100|[from] Stealth Rock
|move|p2a: Zapdos|Hurricane|p1a: Garchomp|[miss]
|-miss|p2a: Zapdos|p1a: Garchomp
|
|-heal|p1a: Garchomp|46/100|[from] item: Leftovers
|upkeep
|turn|48
|
|t:|1661044717
|switch|p1a: Altaria|Altaria, F|100/100
|move|p2a: Zapdos|Hurricane|p1a: Altaria
|-damage|p1a: Altaria|69/100
|-start|p1a: Altaria|confusion
|
|upkeep
|turn|49
|
|t:|1661044728
|move|p2a: Zapdos|Discharge|p1a: Altaria
|-damage|p1a: Altaria|47/100
|-activate|p1a: Altaria|confusion
|move|p1a: Altaria|Defog|p2a: Zapdos
|-unboost|p2a: Zapdos|evasion|1
|-sideend|p2: hypervortexreturns|Stealth Rock|[from] move: Defog|[of] p1a: Altaria
|-sideend|p1: haterplayer|Stealth Rock|[from] move: Defog|[of] p1a: Altaria
|
|upkeep
|turn|50
|
|t:|1661044743
|switch|p1a: Blissey|Blissey, F|100/100
|move|p2a: Zapdos|Hurricane|p1a: Blissey
|-damage|p1a: Blissey|85/100
|
|upkeep
|turn|51
|
|t:|1661044752
|switch|p2a: Excadrill|Excadrill, F|81/100
|move|p1a: Blissey|Seismic Toss|p2a: Excadrill
|-damage|p2a: Excadrill|54/100
|
|-heal|p2a: Excadrill|60/100|[from] item: Leftovers
|upkeep
|turn|52
|
|t:|1661044765
|switch|p1a: Corviknight|Corviknight, M|100/100
|-ability|p1a: Corviknight|Pressure
|move|p2a: Excadrill|Stealth Rock|p1a: Corviknight
|-sidestart|p1: haterplayer|move: Stealth Rock
|
|-heal|p2a: Excadrill|66/100|[from] item: Leftovers
|upkeep
|turn|53
|
|t:|1661044777
|switch|p2a: Corviknight|Corviknight, F|85/100
|-ability|p2a: Corviknight|Pressure
|move|p1a: Corviknight|Defog|p2a: Corviknight
|-unboost|p2a: Corviknight|evasion|1
|-sideend|p1: haterplayer|Stealth Rock|[from] move: Defog|[of] p1a: Corviknight
|
|-heal|p2a: Corviknight|91/100|[from] item: Leftovers
|upkeep
|turn|54
|
|t:|1661044796
|move|p2a: Corviknight|Taunt|p1a: Corviknight
|-start|p1a: Corviknight|move: Taunt
|cant|p1a: Corviknight|move: Taunt|Iron Defense
|
|-heal|p2a: Corviknight|97/100|[from] item: Leftovers
|upkeep
|turn|55
|
|t:|1661044807
|switch|p2a: Tangrowth|Tangrowth, F|65/100 tox
|switch|p1a: Toxapex|Toxapex, M|94/100
|
|-damage|p2a: Tangrowth|58/100 tox|[from] psn
|upkeep
|turn|56
|
|t:|1661044830
|switch|p1a: Altaria|Altaria, F|47/100
|move|p2a: Tangrowth|Sleep Powder|p1a: Altaria
|-status|p1a: Altaria|slp|[from] move: Sleep Powder
|
|-damage|p2a: Tangrowth|46/100 tox|[from] psn
|upkeep
|turn|57
|
|t:|1661044839
|-curestatus|p1a: Altaria|slp|[from] ability: Natural Cure
|switch|p1a: Toxapex|Toxapex, M|100/100
|switch|p2a: Excadrill|Excadrill, F|66/100
|
|-heal|p2a: Excadrill|72/100|[from] item: Leftovers
|upkeep
|turn|58
|
|t:|1661044848
|switch|p2a: Tangrowth|Tangrowth, F|79/100 tox
|switch|p1a: Corviknight|Corviknight, M|100/100
|-ability|p1a: Corviknight|Pressure
|
|-damage|p2a: Tangrowth|73/100 tox|[from] psn
|upkeep
|turn|59
|
|t:|1661044858
|switch|p1a: Altaria|Altaria, F|47/100
|move|p2a: Tangrowth|Knock Off|p1a: Altaria
|-damage|p1a: Altaria|21/100
|-enditem|p1a: Altaria|Heavy-Duty Boots|[from] move: Knock Off|[of] p2a: Tangrowth
|
|-damage|p2a: Tangrowth|61/100 tox|[from] psn
|upkeep
|turn|60
|
|t:|1661044866
|switch|p2a: Excadrill|Excadrill, F|72/100
|move|p1a: Altaria|Roost|p1a: Altaria
|-heal|p1a: Altaria|71/100
|-singleturn|p1a: Altaria|move: Roost
|
|-heal|p2a: Excadrill|78/100|[from] item: Leftovers
|upkeep
|turn|61
|
|t:|1661044875
|switch|p1a: Corviknight|Corviknight, M|100/100
|-ability|p1a: Corviknight|Pressure
|move|p2a: Excadrill|Iron Head|p1a: Corviknight
|-resisted|p1a: Corviknight
|-damage|p1a: Corviknight|87/100
|
|-heal|p2a: Excadrill|84/100|[from] item: Leftovers
|upkeep
|turn|62
|
|t:|1661044896
|switch|p2a: Zapdos|Zapdos|100/100
|move|p1a: Corviknight|Iron Defense|p1a: Corviknight
|-boost|p1a: Corviknight|def|2
|
|upkeep
|turn|63
|
|t:|1661044909
|switch|p1a: Blissey|Blissey, F|85/100
|move|p2a: Zapdos|Toxic|p1a: Blissey
|-status|p1a: Blissey|tox
|
|-damage|p1a: Blissey|78/100 tox|[from] psn
|upkeep
|turn|64
|
|t:|1661044929
|switch|p2a: Tangrowth|Tangrowth, F|94/100 tox
|-curestatus|p1a: Blissey|tox|[from] ability: Natural Cure
|switch|p1a: Toxapex|Toxapex, M|100/100
|
|-damage|p2a: Tangrowth|88/100 tox|[from] psn
|upkeep
|turn|65
|
|t:|1661044945
|move|p2a: Tangrowth|Sleep Powder|p1a: Toxapex
|-status|p1a: Toxapex|slp|[from] move: Sleep Powder
|cant|p1a: Toxapex|slp
|
|-damage|p2a: Tangrowth|75/100 tox|[from] psn
|upkeep
|turn|66
|
|t:|1661044969
|switch|p2a: Hydreigon|Hydreigon, M|99/100
|cant|p1a: Toxapex|slp
|
|-heal|p2a: Hydreigon|100/100|[from] item: Leftovers
|upkeep
|turn|67
|
|t:|1661044976
|move|p2a: Hydreigon|Earth Power|p1a: Toxapex
|-supereffective|p1a: Toxapex
|-damage|p1a: Toxapex|57/100 slp
|-curestatus|p1a: Toxapex|slp|[msg]
|move|p1a: Toxapex|Toxic|p2a: Hydreigon
|-status|p2a: Hydreigon|tox
|
|-damage|p2a: Hydreigon|94/100 tox|[from] psn
|upkeep
|turn|68
|
|t:|1661044987
|switch|p2a: Tangrowth|Tangrowth, F|100/100 tox
|switch|p1a: Blissey|Blissey, F|78/100
|
|-damage|p2a: Tangrowth|94/100 tox|[from] psn
|upkeep
|turn|69
|
|t:|1661045000
|switch|p1a: Toxapex|Toxapex, M|90/100
|move|p2a: Tangrowth|Knock Off|p1a: Toxapex
|-damage|p1a: Toxapex|81/100
|
|-damage|p2a: Tangrowth|82/100 tox|[from] psn
|upkeep
|turn|70
|
|t:|1661045008
|move|p2a: Tangrowth|Sleep Powder|p1a: Toxapex|[miss]
|-miss|p2a: Tangrowth|p1a: Toxapex
|move|p1a: Toxapex|Knock Off|p2a: Tangrowth
|-damage|p2a: Tangrowth|77/100 tox
|
|-damage|p2a: Tangrowth|59/100 tox|[from] psn
|upkeep
|turn|71
|
|t:|1661045017
|switch|p2a: Hydreigon|Hydreigon, M|94/100 tox
|move|p1a: Toxapex|Knock Off|p2a: Hydreigon
|-resisted|p2a: Hydreigon
|-crit|p2a: Hydreigon
|-damage|p2a: Hydreigon|85/100 tox
|-enditem|p2a: Hydreigon|Leftovers|[from] move: Knock Off|[of] p1a: Toxapex
|
|-damage|p2a: Hydreigon|79/100 tox|[from] psn
|upkeep
|turn|72
|
|t:|1661045027
|switch|p1a: Blissey|Blissey, F|78/100
|move|p2a: Hydreigon|Earth Power|p1a: Blissey
|-damage|p1a: Blissey|69/100
|
|-damage|p2a: Hydreigon|66/100 tox|[from] psn
|upkeep
|turn|73
|
|t:|1661045036
|switch|p2a: Tangrowth|Tangrowth, F|92/100 tox
|move|p1a: Blissey|Seismic Toss|p2a: Tangrowth
|-damage|p2a: Tangrowth|67/100 tox
|
|-damage|p2a: Tangrowth|61/100 tox|[from] psn
|upkeep
|turn|74
|
|t:|1661045045
|switch|p1a: Toxapex|Toxapex, M|100/100
|move|p2a: Tangrowth|Knock Off|p1a: Toxapex
|-damage|p1a: Toxapex|91/100
|
|-damage|p2a: Tangrowth|49/100 tox|[from] psn
|upkeep
|turn|75
|
|t:|1661045061
|switch|p2a: Hydreigon|Hydreigon, M|66/100 tox
|move|p1a: Toxapex|Scald|p2a: Hydreigon
|-resisted|p2a: Hydreigon
|-damage|p2a: Hydreigon|58/100 tox
|
|-damage|p2a: Hydreigon|52/100 tox|[from] psn
|upkeep
|turn|76
|
|t:|1661045071
|switch|p1a: Blissey|Blissey, F|69/100
|move|p2a: Hydreigon|Roost|p2a: Hydreigon
|-heal|p2a: Hydreigon|100/100 tox
|-singleturn|p2a: Hydreigon|move: Roost
|
|-damage|p2a: Hydreigon|88/100 tox|[from] psn
|upkeep
|turn|77
|
|t:|1661045079
|switch|p2a: Tangrowth|Tangrowth, F|82/100 tox
|move|p1a: Blissey|Soft-Boiled|p1a: Blissey
|-heal|p1a: Blissey|100/100
|
|-damage|p2a: Tangrowth|75/100 tox|[from] psn
|upkeep
|turn|78
|
|t:|1661045088
|switch|p1a: Toxapex|Toxapex, M|100/100
|move|p2a: Tangrowth|Sleep Powder|p1a: Toxapex
|-status|p1a: Toxapex|slp|[from] move: Sleep Powder
|
|-damage|p2a: Tangrowth|63/100 tox|[from] psn
|upkeep
|turn|79
|
|t:|1661045106
|switch|p2a: Excadrill|Excadrill, F|84/100
|cant|p1a: Toxapex|slp
|
|-heal|p2a: Excadrill|90/100|[from] item: Leftovers
|upkeep
|turn|80
|
|t:|1661045122
|switch|p1a: Corviknight|Corviknight, M|87/100
|-ability|p1a: Corviknight|Pressure
|move|p2a: Excadrill|Stealth Rock|p1a: Corviknight
|-sidestart|p1: haterplayer|move: Stealth Rock
|
|-heal|p2a: Excadrill|96/100|[from] item: Leftovers
|upkeep
|turn|81
|
|t:|1661045131
|switch|p2a: Corviknight|Corviknight, F|97/100
|-ability|p2a: Corviknight|Pressure
|move|p1a: Corviknight|Defog|p2a: Corviknight
|-unboost|p2a: Corviknight|evasion|1
|-sideend|p1: haterplayer|Stealth Rock|[from] move: Defog|[of] p1a: Corviknight
|
|-heal|p2a: Corviknight|100/100|[from] item: Leftovers
|upkeep
|turn|82
|
|t:|1661045152
|move|p2a: Corviknight|Bulk Up|p2a: Corviknight
|-boost|p2a: Corviknight|atk|1
|-boost|p2a: Corviknight|def|1
|move|p1a: Corviknight|Iron Defense|p1a: Corviknight
|-boost|p1a: Corviknight|def|2
|
|upkeep
|turn|83
|
|t:|1661045162
|switch|p2a: Zapdos|Zapdos|100/100
|move|p1a: Corviknight|Body Press|p2a: Zapdos
|-resisted|p2a: Zapdos
|-damage|p2a: Zapdos|73/100
|
|upkeep
|turn|84
|
|t:|1661045176
|switch|p1a: Blissey|Blissey, F|100/100
|move|p2a: Zapdos|Discharge|p1a: Blissey
|-damage|p1a: Blissey|89/100
|
|upkeep
|turn|85
|
|t:|1661045187
|switch|p2a: Tangrowth|Tangrowth, F|96/100 tox
|move|p1a: Blissey|Seismic Toss|p2a: Tangrowth
|-damage|p2a: Tangrowth|72/100 tox
|
|-damage|p2a: Tangrowth|65/100 tox|[from] psn
|upkeep
|turn|86
|
|t:|1661045198
|switch|p1a: Toxapex|Toxapex, M|100/100 slp
|switch|p2a: Hydreigon|Hydreigon, M|88/100 tox
|
|-damage|p2a: Hydreigon|82/100 tox|[from] psn
|upkeep
|turn|87
|
|t:|1661045207
|switch|p1a: Blissey|Blissey, F|89/100
|move|p2a: Hydreigon|Earth Power|p1a: Blissey
|-damage|p1a: Blissey|80/100
|
|-damage|p2a: Hydreigon|69/100 tox|[from] psn
|upkeep
|turn|88
|
|t:|1661045217
|switch|p2a: Corviknight|Corviknight, F|100/100
|-ability|p2a: Corviknight|Pressure
|move|p1a: Blissey|Seismic Toss|p2a: Corviknight
|-damage|p2a: Corviknight|75/100
|
|-heal|p2a: Corviknight|82/100|[from] item: Leftovers
|upkeep
|turn|89
|
|t:|1661045229
|switch|p2a: Tangrowth|Tangrowth, F|99/100 tox
|switch|p1a: Toxapex|Toxapex, M|100/100 slp
|
|-damage|p2a: Tangrowth|92/100 tox|[from] psn
|upkeep
|turn|90
|
|t:|1661045244
|switch|p2a: Hydreigon|Hydreigon, M|69/100 tox
|cant|p1a: Toxapex|slp
|
|-damage|p2a: Hydreigon|63/100 tox|[from] psn
|upkeep
|turn|91
|
|t:|1661045251
|switch|p1a: Blissey|Blissey, F|80/100
|move|p2a: Hydreigon|Earth Power|p1a: Blissey
|-damage|p1a: Blissey|71/100
|
|-damage|p2a: Hydreigon|50/100 tox|[from] psn
|upkeep
|turn|92
|
|t:|1661045262
|switch|p2a: Corviknight|Corviknight, F|82/100
|-ability|p2a: Corviknight|Pressure
|move|p1a: Blissey|Seismic Toss|p2a: Corviknight
|-damage|p2a: Corviknight|57/100
|
|-heal|p2a: Corviknight|63/100|[from] item: Leftovers
|upkeep
|turn|93
|
|t:|1661045273
|switch|p1a: Toxapex|Toxapex, M|100/100 slp
|move|p2a: Corviknight|Bulk Up|p2a: Corviknight
|-boost|p2a: Corviknight|atk|1
|-boost|p2a: Corviknight|def|1
|
|-heal|p2a: Corviknight|69/100|[from] item: Leftovers
|upkeep
|turn|94
|
|t:|1661045293
|switch|p2a: Hydreigon|Hydreigon, M|50/100 tox
|-curestatus|p1a: Toxapex|slp|[msg]
|move|p1a: Toxapex|Scald|p2a: Hydreigon
|-resisted|p2a: Hydreigon
|-crit|p2a: Hydreigon
|-damage|p2a: Hydreigon|39/100 tox
|
|-damage|p2a: Hydreigon|33/100 tox|[from] psn
|upkeep
|turn|95
|
|t:|1661045304
|move|p2a: Hydreigon|Roost|p2a: Hydreigon
|-heal|p2a: Hydreigon|83/100 tox
|-singleturn|p2a: Hydreigon|move: Roost
|move|p1a: Toxapex|Scald|p2a: Hydreigon
|-resisted|p2a: Hydreigon
|-damage|p2a: Hydreigon|75/100 tox
|
|-damage|p2a: Hydreigon|62/100 tox|[from] psn
|upkeep
|turn|96
|
|t:|1661045314
|switch|p2a: Tangrowth|Tangrowth, F|100/100 tox
|move|p1a: Toxapex|Scald|p2a: Tangrowth
|-resisted|p2a: Tangrowth
|-damage|p2a: Tangrowth|89/100 tox
|
|-damage|p2a: Tangrowth|83/100 tox|[from] psn
|upkeep
|turn|97
|
|t:|1661045323
|switch|p1a: Altaria|Altaria, F|71/100
|move|p2a: Tangrowth|Sleep Powder|p1a: Altaria
|-status|p1a: Altaria|slp|[from] move: Sleep Powder
|
|-damage|p2a: Tangrowth|71/100 tox|[from] psn
|upkeep
|turn|98
|j| The last book
|
|t:|1661045335
|-curestatus|p1a: Altaria|slp|[from] ability: Natural Cure
|switch|p1a: Toxapex|Toxapex, M|100/100
|switch|p2a: Excadrill|Excadrill, F|96/100
|
|-heal|p2a: Excadrill|100/100|[from] item: Leftovers
|upkeep
|turn|99
|
|t:|1661045351
|switch|p2a: Tangrowth|Tangrowth, F|100/100 tox
|switch|p1a: Corviknight|Corviknight, M|87/100
|-ability|p1a: Corviknight|Pressure
|
|-damage|p2a: Tangrowth|94/100 tox|[from] psn
|upkeep
|turn|100
|
|t:|1661045363
|switch|p1a: Toxapex|Toxapex, M|100/100
|move|p2a: Tangrowth|Knock Off|p1a: Toxapex
|-damage|p1a: Toxapex|91/100
|
|-damage|p2a: Tangrowth|82/100 tox|[from] psn
|upkeep
|turn|101
|
|t:|1661045371
|switch|p2a: Hydreigon|Hydreigon, M|62/100 tox
|move|p1a: Toxapex|Knock Off|p2a: Hydreigon
|-resisted|p2a: Hydreigon
|-damage|p2a: Hydreigon|58/100 tox
|
|-damage|p2a: Hydreigon|52/100 tox|[from] psn
|upkeep
|turn|102
|
|t:|1661045379
|switch|p1a: Clefable|Clefable, M|100/100
|move|p2a: Hydreigon|Roost|p2a: Hydreigon
|-heal|p2a: Hydreigon|100/100 tox
|-singleturn|p2a: Hydreigon|move: Roost
|
|-damage|p2a: Hydreigon|88/100 tox|[from] psn
|upkeep
|turn|103
|
|t:|1661045388
|switch|p2a: Excadrill|Excadrill, F|100/100
|move|p1a: Clefable|Moonblast|p2a: Excadrill
|-resisted|p2a: Excadrill
|-crit|p2a: Excadrill
|-damage|p2a: Excadrill|68/100
|
|-heal|p2a: Excadrill|74/100|[from] item: Leftovers
|upkeep
|turn|104
|
|t:|1661045398
|switch|p1a: Corviknight|Corviknight, M|87/100
|-ability|p1a: Corviknight|Pressure
|move|p2a: Excadrill|Stealth Rock|p1a: Corviknight
|-sidestart|p1: haterplayer|move: Stealth Rock
|
|-heal|p2a: Excadrill|80/100|[from] item: Leftovers
|upkeep
|turn|105
|
|t:|1661045407
|switch|p2a: Corviknight|Corviknight, F|69/100
|-ability|p2a: Corviknight|Pressure
|move|p1a: Corviknight|Defog|p2a: Corviknight
|-unboost|p2a: Corviknight|evasion|1
|-sideend|p1: haterplayer|Stealth Rock|[from] move: Defog|[of] p1a: Corviknight
|
|-heal|p2a: Corviknight|75/100|[from] item: Leftovers
|upkeep
|turn|106
|
|t:|1661045420
|switch|p2a: Zapdos|Zapdos|73/100
|move|p1a: Corviknight|Iron Defense|p1a: Corviknight
|-boost|p1a: Corviknight|def|2
|
|upkeep
|turn|107
|inactive|hypervortexreturns has 120 seconds left.
|
|t:|1661045430
|switch|p1a: Blissey|Blissey, F|71/100
|move|p2a: Zapdos|Toxic|p1a: Blissey
|-status|p1a: Blissey|tox
|
|-damage|p1a: Blissey|64/100 tox|[from] psn
|upkeep
|turn|108
|inactive|hypervortexreturns has 120 seconds left.
|
|t:|1661045444
|switch|p2a: Tangrowth|Tangrowth, F|100/100 tox
|move|p1a: Blissey|Soft-Boiled|p1a: Blissey
|-heal|p1a: Blissey|100/100 tox
|
|-damage|p1a: Blissey|88/100 tox|[from] psn
|-damage|p2a: Tangrowth|94/100 tox|[from] psn
|upkeep
|turn|109
|
|t:|1661045454
|-curestatus|p1a: Blissey|tox|[from] ability: Natural Cure
|switch|p1a: Toxapex|Toxapex, M|100/100
|move|p2a: Tangrowth|Knock Off|p1a: Toxapex
|-damage|p1a: Toxapex|92/100
|
|-damage|p2a: Tangrowth|82/100 tox|[from] psn
|upkeep
|turn|110
|
|t:|1661045463
|move|p2a: Tangrowth|Sleep Powder|p1a: Toxapex
|-status|p1a: Toxapex|slp|[from] move: Sleep Powder
|cant|p1a: Toxapex|slp
|
|-damage|p2a: Tangrowth|63/100 tox|[from] psn
|upkeep
|turn|111
|j| lopunny-mega-x
|
|t:|1661045477
|switch|p2a: Hydreigon|Hydreigon, M|88/100 tox
|-curestatus|p1a: Toxapex|slp|[msg]
|move|p1a: Toxapex|Scald|p2a: Hydreigon
|-resisted|p2a: Hydreigon
|-damage|p2a: Hydreigon|80/100 tox
|
|-damage|p2a: Hydreigon|73/100 tox|[from] psn
|upkeep
|turn|112
|
|t:|1661045487
|switch|p2a: Tangrowth|Tangrowth, F|97/100 tox
|switch|p1a: Blissey|Blissey, F|88/100
|
|-damage|p2a: Tangrowth|90/100 tox|[from] psn
|upkeep
|turn|113
|
|t:|1661045495
|switch|p1a: Toxapex|Toxapex, M|100/100
|move|p2a: Tangrowth|Knock Off|p1a: Toxapex
|-damage|p1a: Toxapex|91/100
|
|-damage|p2a: Tangrowth|78/100 tox|[from] psn
|upkeep
|turn|114
|
|t:|1661045510
|move|p2a: Tangrowth|Sleep Powder|p1a: Toxapex
|-status|p1a: Toxapex|slp|[from] move: Sleep Powder
|cant|p1a: Toxapex|slp
|
|-damage|p2a: Tangrowth|59/100 tox|[from] psn
|upkeep
|turn|115
|
|t:|1661045518
|switch|p2a: Hydreigon|Hydreigon, M|73/100 tox
|-curestatus|p1a: Toxapex|slp|[msg]
|move|p1a: Toxapex|Knock Off|p2a: Hydreigon
|-resisted|p2a: Hydreigon
|-damage|p2a: Hydreigon|69/100 tox
|
|-damage|p2a: Hydreigon|63/100 tox|[from] psn
|upkeep
|turn|116
|
|t:|1661045527
|switch|p2a: Tangrowth|Tangrowth, F|93/100 tox
|switch|p1a: Blissey|Blissey, F|88/100
|
|-damage|p2a: Tangrowth|86/100 tox|[from] psn
|upkeep
|turn|117
|
|t:|1661045537
|switch|p1a: Toxapex|Toxapex, M|100/100
|move|p2a: Tangrowth|Knock Off|p1a: Toxapex
|-damage|p1a: Toxapex|92/100
|
|-damage|p2a: Tangrowth|74/100 tox|[from] psn
|upkeep
|turn|118
|
|t:|1661045546
|switch|p2a: Hydreigon|Hydreigon, M|63/100 tox
|move|p1a: Toxapex|Scald|p2a: Hydreigon
|-resisted|p2a: Hydreigon
|-damage|p2a: Hydreigon|55/100 tox
|
|-damage|p2a: Hydreigon|49/100 tox|[from] psn
|upkeep
|turn|119
|
|t:|1661045555
|switch|p1a: Blissey|Blissey, F|88/100
|move|p2a: Hydreigon|Roost|p2a: Hydreigon
|-heal|p2a: Hydreigon|99/100 tox
|-singleturn|p2a: Hydreigon|move: Roost
|
|-damage|p2a: Hydreigon|87/100 tox|[from] psn
|upkeep
|turn|120
|
|t:|1661045573
|switch|p2a: Tangrowth|Tangrowth, F|100/100 tox
|move|p1a: Blissey|Seismic Toss|p2a: Tangrowth
|-damage|p2a: Tangrowth|76/100 tox
|
|-damage|p2a: Tangrowth|70/100 tox|[from] psn
|upkeep
|turn|121
|
|t:|1661045582
|switch|p1a: Toxapex|Toxapex, M|100/100
|switch|p2a: Hydreigon|Hydreigon, M|87/100 tox
|
|-damage|p2a: Hydreigon|80/100 tox|[from] psn
|upkeep
|turn|122
|
|t:|1661045590
|switch|p1a: Blissey|Blissey, F|88/100
|move|p2a: Hydreigon|Nasty Plot|p2a: Hydreigon
|-boost|p2a: Hydreigon|spa|2
|
|-damage|p2a: Hydreigon|68/100 tox|[from] psn
|upkeep
|turn|123
|j| pisslax
|
|t:|1661045600
|switch|p2a: Tangrowth|Tangrowth, F|100/100 tox
|move|p1a: Blissey|Seismic Toss|p2a: Tangrowth
|-damage|p2a: Tangrowth|76/100 tox
|
|-damage|p2a: Tangrowth|70/100 tox|[from] psn
|upkeep
|turn|124
|
|t:|1661045609
|switch|p1a: Toxapex|Toxapex, M|100/100
|switch|p2a: Hydreigon|Hydreigon, M|68/100 tox
|
|-damage|p2a: Hydreigon|62/100 tox|[from] psn
|upkeep
|turn|125
|
|t:|1661045617
|switch|p2a: Tangrowth|Tangrowth, F|100/100 tox
|switch|p1a: Clefable|Clefable, M|100/100
|
|-damage|p2a: Tangrowth|94/100 tox|[from] psn
|upkeep
|turn|126
|j| Byron Gym Leader
|j| wingedv
|
|t:|1661045630
|switch|p1a: Toxapex|Toxapex, M|100/100
|move|p2a: Tangrowth|Sleep Powder|p1a: Toxapex
|-status|p1a: Toxapex|slp|[from] move: Sleep Powder
|
|-damage|p2a: Tangrowth|82/100 tox|[from] psn
|upkeep
|turn|127
|l| Byron Gym Leader
|
|t:|1661045638
|switch|p2a: Hydreigon|Hydreigon, M|62/100 tox
|cant|p1a: Toxapex|slp
|
|-damage|p2a: Hydreigon|55/100 tox|[from] psn
|upkeep
|turn|128
|c| sgvh|such a good fight
|
|t:|1661045648
|switch|p1a: Clefable|Clefable, M|100/100
|move|p2a: Hydreigon|Earth Power|p1a: Clefable
|-damage|p1a: Clefable|78/100
|
|-damage|p2a: Hydreigon|43/100 tox|[from] psn
|upkeep
|turn|129
|l| lopunny-mega-x
|l| wingedv
|inactive|hypervortexreturns has 90 seconds left.
|
|t:|1661045660
|switch|p2a: Corviknight|Corviknight, F|75/100
|-ability|p2a: Corviknight|Pressure
|move|p1a: Clefable|Wish|p1a: Clefable
|
|-heal|p2a: Corviknight|82/100|[from] item: Leftovers
|upkeep
|turn|130
|c|☆haterplayer|this nerd brought stall
|inactive|hypervortexreturns has 90 seconds left.
|c|☆haterplayer|not my fault
|
|t:|1661045672
|switch|p1a: Garchomp|Garchomp, F|46/100
|move|p2a: Corviknight|Bulk Up|p2a: Corviknight
|-boost|p2a: Corviknight|atk|1
|-boost|p2a: Corviknight|def|1
|
|-heal|p1a: Garchomp|93/100|[from] move: Wish|[wisher] Clefable
|-heal|p1a: Garchomp|99/100|[from] item: Leftovers
|-heal|p2a: Corviknight|88/100|[from] item: Leftovers
|upkeep
|turn|131
|
|t:|1661045688
|switch|p1a: Toxapex|Toxapex, M|100/100 slp
|switch|p2a: Hydreigon|Hydreigon, M|43/100 tox
|
|-damage|p2a: Hydreigon|37/100 tox|[from] psn
|upkeep
|turn|132
|j| jefo
|
|t:|1661045698
|switch|p1a: Blissey|Blissey, F|88/100
|move|p2a: Hydreigon|Roost|p2a: Hydreigon
|-heal|p2a: Hydreigon|87/100 tox
|-singleturn|p2a: Hydreigon|move: Roost
|
|-damage|p2a: Hydreigon|74/100 tox|[from] psn
|upkeep
|turn|133
|
|t:|1661045709
|switch|p2a: Corviknight|Corviknight, F|88/100
|-ability|p2a: Corviknight|Pressure
|move|p1a: Blissey|Seismic Toss|p2a: Corviknight
|-damage|p2a: Corviknight|63/100
|
|-heal|p2a: Corviknight|69/100|[from] item: Leftovers
|upkeep
|turn|134
|
|t:|1661045719
|switch|p1a: Toxapex|Toxapex, M|100/100 slp
|move|p2a: Corviknight|Bulk Up|p2a: Corviknight
|-boost|p2a: Corviknight|atk|1
|-boost|p2a: Corviknight|def|1
|
|-heal|p2a: Corviknight|75/100|[from] item: Leftovers
|upkeep
|turn|135
|inactive|hypervortexreturns has 60 seconds left.
|
|t:|1661045730
|move|p2a: Corviknight|Bulk Up|p2a: Corviknight
|-boost|p2a: Corviknight|atk|1
|-boost|p2a: Corviknight|def|1
|cant|p1a: Toxapex|slp
|
|-heal|p2a: Corviknight|82/100|[from] item: Leftovers
|upkeep
|turn|136
|inactive|hypervortexreturns has 60 seconds left.
|
|t:|1661045744
|move|p2a: Corviknight|Brave Bird|p1a: Toxapex
|-damage|p1a: Toxapex|57/100 slp
|-damage|p2a: Corviknight|71/100|[from] Recoil
|cant|p1a: Toxapex|slp
|
|-heal|p2a: Corviknight|77/100|[from] item: Leftovers
|upkeep
|turn|137
|
|t:|1661045764
|move|p2a: Corviknight|Bulk Up|p2a: Corviknight
|-boost|p2a: Corviknight|atk|1
|-boost|p2a: Corviknight|def|1
|-curestatus|p1a: Toxapex|slp|[msg]
|move|p1a: Toxapex|Scald|p2a: Corviknight
|-damage|p2a: Corviknight|65/100
|-status|p2a: Corviknight|brn
|
|-heal|p2a: Corviknight|71/100 brn|[from] item: Leftovers
|-damage|p2a: Corviknight|65/100 brn|[from] brn
|upkeep
|turn|138
|c|☆haterplayer|kek
|c|☆haterplayer|gg
|c|☆haterplayer|bud
|
|t:|1661045777
|move|p2a: Corviknight|Bulk Up|p2a: Corviknight
|-boost|p2a: Corviknight|atk|1
|-boost|p2a: Corviknight|def|1
|move|p1a: Toxapex|Knock Off|p2a: Corviknight
|-damage|p2a: Corviknight|61/100 brn
|-enditem|p2a: Corviknight|Leftovers|[from] move: Knock Off|[of] p1a: Toxapex
|
|-damage|p2a: Corviknight|54/100 brn|[from] brn
|upkeep
|turn|139
|inactive|haterplayer has 120 seconds left.
|
|t:|1661045800
|switch|p1a: Garchomp|Garchomp, F|99/100
|move|p2a: Corviknight|Bulk Up|p2a: Corviknight
|-boost|p2a: Corviknight|atk|1
|-boost|p2a: Corviknight|def|1
|
|-heal|p1a: Garchomp|100/100|[from] item: Leftovers
|-damage|p2a: Corviknight|48/100 brn|[from] brn
|upkeep
|turn|140
|inactive|haterplayer has 120 seconds left.
|
|t:|1661045811
|move|p1a: Garchomp|Flamethrower|p2a: Corviknight
|-supereffective|p2a: Corviknight
|-damage|p2a: Corviknight|26/100 brn
|move|p2a: Corviknight|Roost|p2a: Corviknight
|-heal|p2a: Corviknight|76/100 brn
|-singleturn|p2a: Corviknight|move: Roost
|
|-damage|p2a: Corviknight|69/100 brn|[from] brn
|upkeep
|turn|141
|inactive|haterplayer has 120 seconds left.
|
|t:|1661045823
|move|p1a: Garchomp|Stealth Rock|p2a: Corviknight
|-sidestart|p2: hypervortexreturns|move: Stealth Rock
|move|p2a: Corviknight|Bulk Up|p2a: Corviknight
|-boost|p2a: Corviknight|atk|1
|-boost|p2a: Corviknight|def|1
|
|-damage|p2a: Corviknight|63/100 brn|[from] brn
|upkeep
|turn|142
|
|t:|1661045832
|move|p1a: Garchomp|Flamethrower|p2a: Corviknight
|-supereffective|p2a: Corviknight
|-damage|p2a: Corviknight|39/100 brn
|move|p2a: Corviknight|Roost|p2a: Corviknight
|-heal|p2a: Corviknight|89/100 brn
|-singleturn|p2a: Corviknight|move: Roost
|
|-damage|p2a: Corviknight|83/100 brn|[from] brn
|upkeep
|turn|143
|
|t:|1661045843
|switch|p1a: Toxapex|Toxapex, M|90/100
|move|p2a: Corviknight|Brave Bird|p1a: Toxapex
|-damage|p1a: Toxapex|44/100
|-damage|p2a: Corviknight|71/100 brn|[from] Recoil
|
|-damage|p2a: Corviknight|65/100 brn|[from] brn
|upkeep
|turn|144
|
|t:|1661045853
|switch|p1a: Corviknight|Corviknight, M|87/100
|-ability|p1a: Corviknight|Pressure
|move|p2a: Corviknight|Brave Bird|p1a: Corviknight
|-resisted|p1a: Corviknight
|-damage|p1a: Corviknight|65/100
|-damage|p2a: Corviknight|58/100 brn|[from] Recoil
|
|-damage|p2a: Corviknight|51/100 brn|[from] brn
|upkeep
|turn|145
|inactive|hypervortexreturns has 30 seconds left.
|
|t:|1661045865
|move|p2a: Corviknight|Taunt|p1a: Corviknight
|-start|p1a: Corviknight|move: Taunt
|cant|p1a: Corviknight|move: Taunt|Roost
|
|-damage|p2a: Corviknight|45/100 brn|[from] brn
|upkeep
|turn|146
|inactive|hypervortexreturns has 30 seconds left.
|
|t:|1661045872
|move|p2a: Corviknight|Roost|p2a: Corviknight
|-heal|p2a: Corviknight|95/100 brn
|-singleturn|p2a: Corviknight|move: Roost
|move|p1a: Corviknight|Body Press|p2a: Corviknight
|-supereffective|p2a: Corviknight
|-damage|p2a: Corviknight|83/100 brn
|
|-damage|p2a: Corviknight|76/100 brn|[from] brn
|upkeep
|turn|147
|inactive|hypervortexreturns has 30 seconds left.
|
|t:|1661045895
|switch|p1a: Garchomp|Garchomp, F|100/100
|move|p2a: Corviknight|Brave Bird|p1a: Garchomp
|-damage|p1a: Garchomp|49/100
|-damage|p2a: Corviknight|64/100 brn|[from] ability: Rough Skin|[of] p1a: Garchomp
|-damage|p2a: Corviknight|46/100 brn|[from] Recoil
|
|-heal|p1a: Garchomp|55/100|[from] item: Leftovers
|-damage|p2a: Corviknight|40/100 brn|[from] brn
|upkeep
|turn|148
|inactive|hypervortexreturns has 30 seconds left this turn.
|inactive|hypervortexreturns has 20 seconds left.
|
|t:|1661045907
|switch|p1a: Toxapex|Toxapex, M|77/100
|move|p2a: Corviknight|Roost|p2a: Corviknight
|-heal|p2a: Corviknight|90/100 brn
|-singleturn|p2a: Corviknight|move: Roost
|
|-damage|p2a: Corviknight|83/100 brn|[from] brn
|upkeep
|turn|149
|inactive|hypervortexreturns has 25 seconds left this turn.
|inactive|hypervortexreturns has 20 seconds left.
|inactive|hypervortexreturns has 15 seconds left.
|
|t:|1661045917
|move|p2a: Corviknight|Brave Bird|p1a: Toxapex
|-crit|p1a: Toxapex
|-damage|p1a: Toxapex|6/100
|-damage|p2a: Corviknight|66/100 brn|[from] Recoil
|move|p1a: Toxapex|Scald|p2a: Corviknight
|-damage|p2a: Corviknight|54/100 brn
|
|-damage|p2a: Corviknight|48/100 brn|[from] brn
|upkeep
|turn|150
|inactive|hypervortexreturns has 20 seconds left this turn.
|inactive|hypervortexreturns has 15 seconds left.
|inactive|hypervortexreturns has 10 seconds left.
|
|t:|1661045928
|switch|p1a: Corviknight|Corviknight, M|65/100
|-ability|p1a: Corviknight|Pressure
|move|p2a: Corviknight|Roost|p2a: Corviknight
|-heal|p2a: Corviknight|98/100 brn
|-singleturn|p2a: Corviknight|move: Roost
|
|-damage|p2a: Corviknight|92/100 brn|[from] brn
|upkeep
|turn|151
|inactive|hypervortexreturns has 15 seconds left this turn.
|inactive|hypervortexreturns has 10 seconds left.
|inactive|hypervortexreturns has 5 seconds left.
|
|t:|1661045939
|move|p2a: Corviknight|Taunt|p1a: Corviknight
|-start|p1a: Corviknight|move: Taunt
|cant|p1a: Corviknight|move: Taunt|Iron Defense
|
|-damage|p2a: Corviknight|85/100 brn|[from] brn
|upkeep
|turn|152
|inactive|hypervortexreturns has 10 seconds left this turn.
|inactive|hypervortexreturns has 5 seconds left.
|
|t:|1661045947
|switch|p1a: Clefable|Clefable, M|78/100
|move|p2a: Corviknight|Brave Bird|p1a: Clefable
|-damage|p1a: Clefable|64/100
|-damage|p2a: Corviknight|81/100 brn|[from] Recoil
|
|-damage|p2a: Corviknight|75/100 brn|[from] brn
|upkeep
|turn|153
|inactive|hypervortexreturns has 10 seconds left this turn.
|inactive|hypervortexreturns has 5 seconds left.
|
|t:|1661045956
|move|p1a: Clefable|Protect|p1a: Clefable
|-singleturn|p1a: Clefable|Protect
|move|p2a: Corviknight|Taunt|p1a: Clefable
|-activate|p1a: Clefable|move: Protect
|
|-damage|p2a: Corviknight|68/100 brn|[from] brn
|upkeep
|turn|154
|inactive|hypervortexreturns has 10 seconds left this turn.
|inactive|hypervortexreturns has 5 seconds left.
|
|t:|1661045965
|move|p2a: Corviknight|Taunt|p1a: Clefable
|-start|p1a: Clefable|move: Taunt
|move|p1a: Clefable|Moonblast|p2a: Corviknight
|-resisted|p2a: Corviknight
|-damage|p2a: Corviknight|58/100 brn
|
|-damage|p2a: Corviknight|52/100 brn|[from] brn
|upkeep
|turn|155
|inactive|hypervortexreturns has 10 seconds left this turn.
|inactive|hypervortexreturns has 5 seconds left.
|
|t:|1661045973
|switch|p1a: Corviknight|Corviknight, M|65/100
|-ability|p1a: Corviknight|Pressure
|move|p2a: Corviknight|Roost|p2a: Corviknight
|-heal|p2a: Corviknight|100/100 brn
|-singleturn|p2a: Corviknight|move: Roost
|
|-damage|p2a: Corviknight|94/100 brn|[from] brn
|upkeep
|turn|156
|inactive|hypervortexreturns has 10 seconds left this turn.
|inactive|hypervortexreturns has 5 seconds left.
|-message|hypervortexreturns lost due to inactivity.
|
|win|haterplayer
|raw|haterplayer's rating: 1600 &rarr; <strong>1629</strong><br />(+29 for winning)
|raw|hypervortexreturns's rating: 1767 &rarr; <strong>1738</strong><br />(-29 for losing)
|l|☆haterplayer
|c| sgvh|nooooooooo
|l|‽hypervortexreturns
||Ladder isn't responding, score probably updated but might not have (Request timeout).
|l| pisslax
|l| jefo
|l| sgvh
|l| The last book
|j| jefo
|l| jefo
|j| wingedv
|l| nublet2
