|j|☆exlipse
|j|☆knexhawk2
|inactive|Battle timer is ON: inactive players will automatically lose when time's up.
|t:|1666225611
|gametype|singles
|player|p1|exlipse|scientist|
|player|p2|knexhawk2|red-masters|
|teamsize|p1|6
|teamsize|p2|6
|gen|8
|tier|[Gen 8] OU
|rated|Tournament battle
|rule|Sleep Clause Mod: Limit one foe put to sleep
|rule|Species Clause: Limit one of each Pokémon
|rule|OHKO Clause: OHKO moves are banned
|rule|Evasion Items Clause: Evasion items are banned
|rule|Evasion Moves Clause: Evasion moves are banned
|rule|Endless Battle Clause: Forcing endless battles is banned
|rule|HP Percentage Mod: HP is shown in percentages
|rule|Dynamax Clause: You cannot dynamax
|rule|Bonus Type Rule: Pokémon can be nicknamed the name of a type to have that type added onto their current ones.
|clearpoke
|poke|p1|Clefable, F|
|poke|p1|Toxapex, F|
|poke|p1|Reuniclus, F|
|poke|p1|Landorus-Therian, M|
|poke|p1|Corviknight, F|
|poke|p1|Mew|
|poke|p2|Quagsire, M|
|poke|p2|Skarmory, F|
|poke|p2|Dragonite, F|
|poke|p2|Chansey, F|
|poke|p2|Toxapex, M|
|poke|p2|Slowking-Galar, M|
|teampreview
|j|%htcl
|j| g2 fyssure
|j| gxe check
|j| kinak ⌓‿⌓
|c|%htcl|oh no
|j| pianotheory
|c|%htcl|i swear ive seen this matchup happen
|c|☆knexhawk2|lol
|c|%htcl|before
|c|☆exlipse|it was probably me
|c|%htcl|literally the same 2 people
|c|%htcl|lmfao
|c|☆exlipse|im the only person who runs this mew set still
|c| g2 fyssure|prob gxe check
|c|☆knexhawk2|i used this team yesterday
|c| g2 fyssure|playin the above team
|inactive|knexhawk2 has 120 seconds left.
|
|t:|1666225645
|start
|switch|p1a: steel|Mew|100/100
|switch|p2a: Electric|Skarmory, F|100/100
|-start|p1a: steel|typechange|Psychic/Steel|[silent]
|-start|p2a: Electric|typechange|Steel/Flying/Electric|[silent]
|-start|p1a: steel|typechange|Psychic/Steel|[silent]
|-start|p2a: Electric|typechange|Steel/Flying/Electric|[silent]
|turn|1
|c| gxe check|i would play that team
|c|☆exlipse|which team?
|
|t:|1666225652
|move|p1a: steel|Block|p2a: Electric
|-activate|p2a: Electric|trapped
|move|p2a: Electric|Whirlwind|p1a: steel
|drag|p1a: electric|Corviknight, F|100/100
|-start|p1a: electric|typechange|Flying/Steel/Electric|[silent]
|-ability|p1a: electric|Pressure
|
|upkeep
|-start|p1a: electric|typechange|Flying/Steel/Electric|[silent]
|turn|2
|c|☆knexhawk2|LOL no
|c| gxe check|noob hawks shitty stall
|c| gxe check|but better
|c|☆knexhawk2|i am not losing to that mew
|c|☆knexhawk2|u gave it away by saying that
|
|t:|1666225674
|switch|p2a: Ghost|Chansey, F|100/100
|-start|p2a: Ghost|typechange|Normal/Ghost|[silent]
|switch|p1a: normal|Reuniclus, F|100/100
|-start|p1a: normal|typechange|Psychic/Normal|[silent]
|
|upkeep
|-start|p1a: normal|typechange|Psychic/Normal|[silent]
|-start|p2a: Ghost|typechange|Normal/Ghost|[silent]
|turn|3
|l| kinak ⌓‿⌓
|
|t:|1666225680
|move|p2a: Ghost|Stealth Rock|p1a: normal
|-sidestart|p1: exlipse|move: Stealth Rock
|move|p1a: normal|Knock Off|p2a: Ghost
|-supereffective|p2a: Ghost
|-damage|p2a: Ghost|79/100
|-enditem|p2a: Ghost|Eviolite|[from] move: Knock Off|[of] p1a: normal
|
|upkeep
|turn|4
|c| pianotheory|oooo
|c| pianotheory|thats big
|c|☆knexhawk2|aw ur regenerator
|
|t:|1666225692
|switch|p1a: electric|Corviknight, F|100/100
|-start|p1a: electric|typechange|Flying/Steel/Electric|[silent]
|-damage|p1a: electric|88/100|[from] Stealth Rock
|-ability|p1a: electric|Pressure
|move|p2a: Ghost|Toxic|p1a: electric
|-immune|p1a: electric
|
|-heal|p1a: electric|94/100|[from] item: Leftovers
|upkeep
|-start|p1a: electric|typechange|Flying/Steel/Electric|[silent]
|turn|5
|c|☆knexhawk2|oh well
|
|t:|1666225696
|switch|p2a: Dark|Toxapex, M|100/100
|-start|p2a: Dark|typechange|Poison/Water/Dark|[silent]
|move|p1a: electric|Defog|p2a: Dark
|-unboost|p2a: Dark|evasion|1
|-sideend|p1: exlipse|Stealth Rock|[from] move: Defog|[of] p1a: electric
|
|-heal|p1a: electric|100/100|[from] item: Leftovers
|upkeep
|-start|p2a: Dark|typechange|Poison/Water/Dark|[silent]
|turn|6
|
|t:|1666225702
|switch|p1a: normal|Reuniclus, F|100/100
|-start|p1a: normal|typechange|Psychic/Normal|[silent]
|move|p2a: Dark|Knock Off|p1a: normal
|-supereffective|p1a: normal
|-damage|p1a: normal|56/100
|-enditem|p1a: normal|Assault Vest|[from] move: Knock Off|[of] p2a: Dark
|
|upkeep
|-start|p1a: normal|typechange|Psychic/Normal|[silent]
|turn|7
|
|t:|1666225708
|switch|p2a: Ghost|Chansey, F|79/100
|-start|p2a: Ghost|typechange|Normal/Ghost|[silent]
|move|p1a: normal|Future Sight|p2a: Ghost
|-start|p1a: normal|move: Future Sight
|
|upkeep
|-start|p2a: Ghost|typechange|Normal/Ghost|[silent]
|turn|8
|c| pianotheory|imagine band dark type pex
|
|t:|1666225724
|switch|p1a: steel|Mew|100/100
|-start|p1a: steel|typechange|Psychic/Steel|[silent]
|move|p2a: Ghost|Stealth Rock|p1a: steel
|-sidestart|p1: exlipse|move: Stealth Rock
|
|upkeep
|-start|p1a: steel|typechange|Psychic/Steel|[silent]
|turn|9
|c| pianotheory|so cool
|c|☆knexhawk2|why would i give it a band
|
|t:|1666225731
|switch|p2a: Electric|Skarmory, F|100/100
|-start|p2a: Electric|typechange|Steel/Flying/Electric|[silent]
|move|p1a: steel|Imprison|p1a: steel
|-start|p1a: steel|move: Imprison
|
|-end|p2a: Electric|move: Future Sight
|-resisted|p2a: Electric
|-damage|p2a: Electric|65/100
|-heal|p2a: Electric|71/100|[from] item: Leftovers
|upkeep
|-start|p2a: Electric|typechange|Steel/Flying/Electric|[silent]
|turn|10
|c| pianotheory|cus why not
|
|t:|1666225739
|move|p1a: steel|Transform|p2a: Electric
|-transform|p1a: steel|p2a: Electric
|cant|p2a: Electric|move: Imprison|Whirlwind
|
|-heal|p2a: Electric|77/100|[from] item: Leftovers
|upkeep
|turn|11
|
|t:|1666225744
|switch|p2a: Ghost|Chansey, F|79/100
|-start|p2a: Ghost|typechange|Normal/Ghost|[silent]
|move|p1a: steel|Spikes|p2a: Ghost
|-sidestart|p2: knexhawk2|Spikes
|
|upkeep
|-start|p2a: Ghost|typechange|Normal/Ghost|[silent]
|turn|12
|c|☆exlipse|this is the thing with transform mew
|c|☆exlipse|even though it rarely gets to transform vs stall
|c|☆knexhawk2|yeah i go skarm every time
|c|☆exlipse|it sure does make pp stalling easier :)
|c|☆knexhawk2|and let u spike on me
|inactive|exlipse has 120 seconds left.
|
|t:|1666225778
|switch|p2a: Steel|Dragonite, F|100/100
|-start|p2a: Steel|typechange|Dragon/Flying/Steel|[silent]
|move|p1a: steel|Spikes|p2a: Steel
|-sidestart|p2: knexhawk2|Spikes
|
|upkeep
|-start|p2a: Steel|typechange|Dragon/Flying/Steel|[silent]
|turn|13
|c|%htcl|its less good than ditto tho
|c|☆knexhawk2|only 16 transforms tho
|c|%htcl|bc transform has pp
|c|%htcl|ya
|
|t:|1666225786
|move|p2a: Steel|Defog|p1a: steel
|-unboost|p1a: steel|evasion|1
|-sideend|p1: exlipse|Stealth Rock|[from] move: Defog|[of] p2a: Steel
|-sideend|p2: knexhawk2|Spikes|[from] move: Defog|[of] p2a: Steel
|move|p1a: steel|Spikes|p2a: Steel
|-sidestart|p2: knexhawk2|Spikes
|
|upkeep
|turn|14
|
|t:|1666225791
|switch|p2a: Ghost|Chansey, F|79/100
|-start|p2a: Ghost|typechange|Normal/Ghost|[silent]
|-damage|p2a: Ghost|66/100|[from] Spikes
|move|p1a: steel|Spikes|p2a: Ghost
|-sidestart|p2: knexhawk2|Spikes
|
|upkeep
|-start|p2a: Ghost|typechange|Normal/Ghost|[silent]
|turn|15
|
|t:|1666225797
|move|p1a: steel|Spikes|p2a: Ghost
|-sidestart|p2: knexhawk2|Spikes
|move|p2a: Ghost|Stealth Rock|p1a: steel
|-sidestart|p1: exlipse|move: Stealth Rock
|
|upkeep
|turn|16
|
|t:|1666225801
|move|p2a: Ghost|Soft-Boiled|p2a: Ghost
|-heal|p2a: Ghost|100/100
|move|p1a: steel|Whirlwind|p2a: Ghost
|drag|p2a: Steel|Dragonite, F|100/100
|-start|p2a: Steel|typechange|Dragon/Flying/Steel|[silent]
|
|upkeep
|-start|p2a: Steel|typechange|Dragon/Flying/Steel|[silent]
|turn|17
|
|t:|1666225808
|move|p2a: Steel|Defog|p1a: steel
|-unboost|p1a: steel|evasion|1
|-sideend|p1: exlipse|Stealth Rock|[from] move: Defog|[of] p2a: Steel
|-sideend|p2: knexhawk2|Spikes|[from] move: Defog|[of] p2a: Steel
|move|p1a: steel|Whirlwind|p2a: Steel
|drag|p2a: Flying|Slowking-Galar, M|100/100
|-start|p2a: Flying|typechange|Poison/Psychic/Flying|[silent]
|
|upkeep
|-start|p2a: Flying|typechange|Poison/Psychic/Flying|[silent]
|turn|18
|
|t:|1666225811
|move|p2a: Flying|Flamethrower|p1a: steel
|-supereffective|p1a: steel
|-damage|p1a: steel|50/100
|move|p1a: steel|Whirlwind|p2a: Flying
|drag|p2a: Dark|Toxapex, M|100/100
|-start|p2a: Dark|typechange|Poison/Water/Dark|[silent]
|
|-heal|p1a: steel|56/100|[from] item: Leftovers
|upkeep
|-start|p2a: Dark|typechange|Poison/Water/Dark|[silent]
|turn|19
|
|t:|1666225817
|move|p1a: steel|Roost|p1a: steel
|-heal|p1a: steel|100/100
|-singleturn|p1a: steel|move: Roost
|move|p2a: Dark|Knock Off|p1a: steel
|-damage|p1a: steel|90/100
|-enditem|p1a: steel|Leftovers|[from] move: Knock Off|[of] p2a: Dark
|
|upkeep
|turn|20
|c|☆knexhawk2|huge
|
|t:|1666225824
|move|p2a: Dark|Toxic Spikes|p1a: steel
|-sidestart|p1: exlipse|move: Toxic Spikes
|move|p1a: steel|Whirlwind|p2a: Dark
|drag|p2a: Ghost|Chansey, F|100/100
|-start|p2a: Ghost|typechange|Normal/Ghost|[silent]
|
|upkeep
|-start|p2a: Ghost|typechange|Normal/Ghost|[silent]
|turn|21
|
|t:|1666225839
|switch|p1a: electric|Corviknight, F|100/100
|-start|p1a: electric|typechange|Flying/Steel/Electric|[silent]
|-ability|p1a: electric|Pressure
|switch|p2a: Flying|Slowking-Galar, M|100/100
|-start|p2a: Flying|typechange|Poison/Psychic/Flying|[silent]
|
|upkeep
|-start|p1a: electric|typechange|Flying/Steel/Electric|[silent]
|-start|p2a: Flying|typechange|Poison/Psychic/Flying|[silent]
|turn|22
|
|t:|1666225845
|switch|p1a: dark|Toxapex, F|100/100
|-start|p1a: dark|typechange|Poison/Water/Dark|[silent]
|-sideend|p1: exlipse|move: Toxic Spikes|[of] p1a: dark
|move|p2a: Flying|Flamethrower|p1a: dark
|-resisted|p1a: dark
|-damage|p1a: dark|91/100
|
|-heal|p1a: dark|97/100|[from] item: Black Sludge
|upkeep
|-start|p1a: dark|typechange|Poison/Water/Dark|[silent]
|turn|23
|
|t:|1666225852
|switch|p1a: normal|Reuniclus, F|89/100
|-start|p1a: normal|typechange|Psychic/Normal|[silent]
|switch|p2a: Dark|Toxapex, M|100/100
|-start|p2a: Dark|typechange|Poison/Water/Dark|[silent]
|
|upkeep
|-start|p1a: normal|typechange|Psychic/Normal|[silent]
|-start|p2a: Dark|typechange|Poison/Water/Dark|[silent]
|turn|24
|
|t:|1666225858
|move|p2a: Dark|Toxic Spikes|p1a: normal
|-sidestart|p1: exlipse|move: Toxic Spikes
|move|p1a: normal|Knock Off|p2a: Dark
|-resisted|p2a: Dark
|-damage|p2a: Dark|96/100
|-enditem|p2a: Dark|Leftovers|[from] move: Knock Off|[of] p1a: normal
|
|upkeep
|turn|25
|
|t:|1666225864
|switch|p2a: Ghost|Chansey, F|100/100
|-start|p2a: Ghost|typechange|Normal/Ghost|[silent]
|switch|p1a: dark|Toxapex, F|100/100
|-start|p1a: dark|typechange|Poison/Water/Dark|[silent]
|-sideend|p1: exlipse|move: Toxic Spikes|[of] p1a: dark
|
|upkeep
|-start|p1a: dark|typechange|Poison/Water/Dark|[silent]
|-start|p2a: Ghost|typechange|Normal/Ghost|[silent]
|turn|26
|
|t:|1666225868
|switch|p1a: electric|Corviknight, F|100/100
|-start|p1a: electric|typechange|Flying/Steel/Electric|[silent]
|-ability|p1a: electric|Pressure
|move|p2a: Ghost|Stealth Rock|p1a: electric
|-sidestart|p1: exlipse|move: Stealth Rock
|
|upkeep
|-start|p1a: electric|typechange|Flying/Steel/Electric|[silent]
|turn|27
|
|t:|1666225874
|switch|p2a: Electric|Skarmory, F|77/100
|-start|p2a: Electric|typechange|Steel/Flying/Electric|[silent]
|move|p1a: electric|Defog|p2a: Electric
|-unboost|p2a: Electric|evasion|1
|-sideend|p1: exlipse|Stealth Rock|[from] move: Defog|[of] p1a: electric
|
|-heal|p2a: Electric|83/100|[from] item: Leftovers
|upkeep
|-start|p2a: Electric|typechange|Steel/Flying/Electric|[silent]
|turn|28
|
|t:|1666225879
|switch|p1a: normal|Reuniclus, F|100/100
|-start|p1a: normal|typechange|Psychic/Normal|[silent]
|move|p2a: Electric|Spikes|p1a: normal
|-sidestart|p1: exlipse|Spikes
|
|-heal|p2a: Electric|89/100|[from] item: Leftovers
|upkeep
|-start|p1a: normal|typechange|Psychic/Normal|[silent]
|turn|29
|
|t:|1666225882
|switch|p2a: Ghost|Chansey, F|100/100
|-start|p2a: Ghost|typechange|Normal/Ghost|[silent]
|move|p1a: normal|Knock Off|p2a: Ghost
|-supereffective|p2a: Ghost
|-damage|p2a: Ghost|79/100
|
|upkeep
|-start|p2a: Ghost|typechange|Normal/Ghost|[silent]
|turn|30
|
|t:|1666225889
|switch|p1a: dark|Toxapex, F|100/100
|-start|p1a: dark|typechange|Poison/Water/Dark|[silent]
|-damage|p1a: dark|88/100|[from] Spikes
|move|p2a: Ghost|Seismic Toss|p1a: dark
|-damage|p1a: dark|55/100
|
|-heal|p1a: dark|61/100|[from] item: Black Sludge
|upkeep
|-start|p1a: dark|typechange|Poison/Water/Dark|[silent]
|turn|31
|
|t:|1666225897
|switch|p1a: electric|Corviknight, F|100/100
|-start|p1a: electric|typechange|Flying/Steel/Electric|[silent]
|-ability|p1a: electric|Pressure
|move|p2a: Ghost|Seismic Toss|p1a: electric
|-damage|p1a: electric|75/100
|
|-heal|p1a: electric|82/100|[from] item: Leftovers
|upkeep
|-start|p1a: electric|typechange|Flying/Steel/Electric|[silent]
|turn|32
|
|t:|1666225907
|switch|p1a: normal|Reuniclus, F|100/100
|-start|p1a: normal|typechange|Psychic/Normal|[silent]
|-damage|p1a: normal|88/100|[from] Spikes
|move|p2a: Ghost|Seismic Toss|p1a: normal
|-damage|p1a: normal|64/100
|
|upkeep
|-start|p1a: normal|typechange|Psychic/Normal|[silent]
|turn|33
|
|t:|1666225913
|switch|p2a: Flying|Slowking-Galar, M|100/100
|-start|p2a: Flying|typechange|Poison/Psychic/Flying|[silent]
|switch|p1a: dark|Toxapex, F|95/100
|-start|p1a: dark|typechange|Poison/Water/Dark|[silent]
|-damage|p1a: dark|82/100|[from] Spikes
|
|-heal|p1a: dark|88/100|[from] item: Black Sludge
|upkeep
|-start|p1a: dark|typechange|Poison/Water/Dark|[silent]
|-start|p2a: Flying|typechange|Poison/Psychic/Flying|[silent]
|turn|34
|
|t:|1666225921
|switch|p1a: electric|Corviknight, F|82/100
|-start|p1a: electric|typechange|Flying/Steel/Electric|[silent]
|-ability|p1a: electric|Pressure
|move|p2a: Flying|Future Sight|p1a: electric
|-start|p2a: Flying|move: Future Sight
|
|-heal|p1a: electric|88/100|[from] item: Leftovers
|upkeep
|-start|p1a: electric|typechange|Flying/Steel/Electric|[silent]
|turn|35
|
|t:|1666225927
|move|p1a: electric|Defog|p2a: Flying
|-unboost|p2a: Flying|evasion|1
|-sideend|p1: exlipse|Spikes|[from] move: Defog|[of] p1a: electric
|move|p2a: Flying|Flamethrower|p1a: electric
|-supereffective|p1a: electric
|-damage|p1a: electric|59/100
|-status|p1a: electric|brn
|
|-heal|p1a: electric|65/100 brn|[from] item: Leftovers
|-damage|p1a: electric|59/100 brn|[from] brn
|upkeep
|turn|36
|c|☆knexhawk2|also huge
|
|t:|1666225941
|switch|p2a: unaware of tour|Quagsire, M|100/100
|-start|p2a: unaware of tour|typechange|Water/Ground|[silent]
|move|p1a: electric|Roost|p1a: electric
|-heal|p1a: electric|100/100 brn
|-singleturn|p1a: electric|move: Roost
|
|-end|p1a: electric|move: Future Sight
|-resisted|p1a: electric
|-damage|p1a: electric|86/100 brn
|-heal|p1a: electric|93/100 brn|[from] item: Leftovers
|-damage|p1a: electric|86/100 brn|[from] brn
|upkeep
|turn|37
|c|☆knexhawk2|if its heal bell clef than fuck me i guess
|
|t:|1666225959
|switch|p1a: water|Clefable, F|100/100
|-start|p1a: water|typechange|Fairy/Water|[silent]
|move|p2a: unaware of tour|Scald|p1a: water
|-resisted|p1a: water
|-damage|p1a: water|92/100
|
|-heal|p1a: water|98/100|[from] item: Leftovers
|upkeep
|-start|p1a: water|typechange|Fairy/Water|[silent]
|turn|38
|c|☆exlipse|no heal bell :(
|
|t:|1666225965
|move|p1a: water|Aromatherapy|p1a: water
|-activate|p1a: water|move: Aromatherapy
|-curestatus|p1: electric|brn|[msg]
|move|p2a: unaware of tour|Toxic|p1a: water|[miss]
|-miss|p2a: unaware of tour|p1a: water
|
|-heal|p1a: water|100/100|[from] item: Leftovers
|upkeep
|turn|39
|c|☆knexhawk2|aromatherpy
|c|☆knexhawk2|yep
|
|t:|1666225970
|switch|p1a: dark|Toxapex, F|100/100
|-start|p1a: dark|typechange|Poison/Water/Dark|[silent]
|move|p2a: unaware of tour|Toxic|p1a: dark
|-immune|p1a: dark
|
|upkeep
|-start|p1a: dark|typechange|Poison/Water/Dark|[silent]
|turn|40
|c|☆knexhawk2|oh well
|c|☆knexhawk2|i got te
|c|☆knexhawk2|time
|
|t:|1666225982
|switch|p2a: Dark|Toxapex, M|100/100
|-start|p2a: Dark|typechange|Poison/Water/Dark|[silent]
|move|p1a: dark|Scald|p2a: Dark
|-resisted|p2a: Dark
|-damage|p2a: Dark|94/100
|
|upkeep
|-start|p2a: Dark|typechange|Poison/Water/Dark|[silent]
|turn|41
|
|t:|1666225988
|switch|p2a: Flying|Slowking-Galar, M|100/100
|-start|p2a: Flying|typechange|Poison/Psychic/Flying|[silent]
|move|p1a: dark|Scald|p2a: Flying
|-damage|p2a: Flying|93/100
|
|upkeep
|-start|p2a: Flying|typechange|Poison/Psychic/Flying|[silent]
|turn|42
|
|t:|1666225993
|switch|p2a: Dark|Toxapex, M|100/100
|-start|p2a: Dark|typechange|Poison/Water/Dark|[silent]
|move|p1a: dark|Scald|p2a: Dark
|-resisted|p2a: Dark
|-damage|p2a: Dark|94/100
|
|upkeep
|-start|p2a: Dark|typechange|Poison/Water/Dark|[silent]
|turn|43
|
|t:|1666225996
|switch|p2a: Flying|Slowking-Galar, M|100/100
|-start|p2a: Flying|typechange|Poison/Psychic/Flying|[silent]
|move|p1a: dark|Scald|p2a: Flying
|-damage|p2a: Flying|93/100
|
|upkeep
|-start|p2a: Flying|typechange|Poison/Psychic/Flying|[silent]
|turn|44
|
|t:|1666226002
|switch|p2a: Ghost|Chansey, F|79/100
|-start|p2a: Ghost|typechange|Normal/Ghost|[silent]
|move|p1a: dark|Scald|p2a: Ghost
|-damage|p2a: Ghost|71/100
|
|upkeep
|-start|p2a: Ghost|typechange|Normal/Ghost|[silent]
|turn|45
|
|t:|1666226007
|switch|p2a: Dark|Toxapex, M|100/100
|-start|p2a: Dark|typechange|Poison/Water/Dark|[silent]
|switch|p1a: normal|Reuniclus, F|98/100
|-start|p1a: normal|typechange|Psychic/Normal|[silent]
|
|upkeep
|-start|p1a: normal|typechange|Psychic/Normal|[silent]
|-start|p2a: Dark|typechange|Poison/Water/Dark|[silent]
|turn|46
|
|t:|1666226016
|switch|p2a: Ghost|Chansey, F|71/100
|-start|p2a: Ghost|typechange|Normal/Ghost|[silent]
|move|p1a: normal|Future Sight|p2a: Ghost
|-start|p1a: normal|move: Future Sight
|
|upkeep
|-start|p2a: Ghost|typechange|Normal/Ghost|[silent]
|turn|47
|c|☆knexhawk2|i see no way either of us win
|
|t:|1666226025
|switch|p2a: Flying|Slowking-Galar, M|100/100
|-start|p2a: Flying|typechange|Poison/Psychic/Flying|[silent]
|switch|p1a: steel|Mew|90/100
|-start|p1a: steel|typechange|Psychic/Steel|[silent]
|
|upkeep
|-start|p1a: steel|typechange|Psychic/Steel|[silent]
|-start|p2a: Flying|typechange|Poison/Psychic/Flying|[silent]
|turn|48
|
|t:|1666226029
|switch|p2a: Electric|Skarmory, F|89/100
|-start|p2a: Electric|typechange|Steel/Flying/Electric|[silent]
|move|p1a: steel|Imprison|p1a: steel
|-start|p1a: steel|move: Imprison
|
|-end|p2a: Electric|move: Future Sight
|-resisted|p2a: Electric
|-damage|p2a: Electric|55/100
|-heal|p2a: Electric|61/100|[from] item: Leftovers
|upkeep
|-start|p2a: Electric|typechange|Steel/Flying/Electric|[silent]
|turn|49
|
|t:|1666226034
|move|p1a: steel|Transform|p2a: Electric
|-transform|p1a: steel|p2a: Electric
|cant|p2a: Electric|move: Imprison|Whirlwind
|
|-heal|p2a: Electric|67/100|[from] item: Leftovers
|upkeep
|turn|50
|
|t:|1666226041
|switch|p2a: Flying|Slowking-Galar, M|100/100
|-start|p2a: Flying|typechange|Poison/Psychic/Flying|[silent]
|move|p1a: steel|Spikes|p2a: Flying
|-sidestart|p2: knexhawk2|Spikes
|
|upkeep
|-start|p2a: Flying|typechange|Poison/Psychic/Flying|[silent]
|turn|51
|
|t:|1666226053
|move|p1a: steel|Spikes|p2a: Flying
|-sidestart|p2: knexhawk2|Spikes
|move|p2a: Flying|Flamethrower|p1a: steel
|-supereffective|p1a: steel
|-damage|p1a: steel|36/100
|
|upkeep
|turn|52
|c|%htcl|wait i just realized
|
|t:|1666226057
|move|p1a: steel|Roost|p1a: steel
|-heal|p1a: steel|86/100
|-singleturn|p1a: steel|move: Roost
|move|p2a: Flying|Earthquake|p1a: steel
|-supereffective|p1a: steel
|-damage|p1a: steel|55/100
|
|upkeep
|turn|53
|c|☆knexhawk2|what the hell
|c|%htcl|chansey being part ghost means it cant actually get trapped
|c|☆knexhawk2|that was 4x
|c|☆knexhawk2|also yrue
|c|%htcl|by mew
|c|☆knexhawk2|true
|inactive|knexhawk2 has 120 seconds left.
|c|☆knexhawk2|thats why im just throwing  skarm around
|
|t:|1666226090
|move|p1a: steel|Roost|p1a: steel
|-heal|p1a: steel|100/100
|-singleturn|p1a: steel|move: Roost
|move|p2a: Flying|Flamethrower|p1a: steel
|-supereffective|p1a: steel
|-damage|p1a: steel|50/100
|
|upkeep
|turn|54
|
|t:|1666226097
|move|p1a: steel|Roost|p1a: steel
|-heal|p1a: steel|100/100
|-singleturn|p1a: steel|move: Roost
|move|p2a: Flying|Earthquake|p1a: steel
|-supereffective|p1a: steel
|-damage|p1a: steel|69/100
|
|upkeep
|turn|55
|c|☆knexhawk2|i dont like that eq does less
|
|t:|1666226109
|switch|p2a: Electric|Skarmory, F|67/100
|-start|p2a: Electric|typechange|Steel/Flying/Electric|[silent]
|move|p1a: steel|Roost|p1a: steel
|-heal|p1a: steel|100/100
|-singleturn|p1a: steel|move: Roost
|
|-heal|p2a: Electric|73/100|[from] item: Leftovers
|upkeep
|-start|p2a: Electric|typechange|Steel/Flying/Electric|[silent]
|turn|56
|c|☆knexhawk2|that's just  not right
|
|t:|1666226115
|switch|p2a: Dark|Toxapex, M|100/100
|-start|p2a: Dark|typechange|Poison/Water/Dark|[silent]
|-damage|p2a: Dark|84/100|[from] Spikes
|move|p1a: steel|Spikes|p2a: Dark
|-sidestart|p2: knexhawk2|Spikes
|
|upkeep
|-start|p2a: Dark|typechange|Poison/Water/Dark|[silent]
|turn|57
|
|t:|1666226119
|switch|p2a: Electric|Skarmory, F|73/100
|-start|p2a: Electric|typechange|Steel/Flying/Electric|[silent]
|move|p1a: steel|Whirlwind|p2a: Electric
|drag|p2a: Flying|Slowking-Galar, M|100/100
|-start|p2a: Flying|typechange|Poison/Psychic/Flying|[silent]
|
|upkeep
|-start|p2a: Flying|typechange|Poison/Psychic/Flying|[silent]
|turn|58
|
|t:|1666226126
|switch|p2a: Steel|Dragonite, F|100/100
|-start|p2a: Steel|typechange|Dragon/Flying/Steel|[silent]
|move|p1a: steel|Roost||[still]
|-fail|p1a: steel|heal
|
|upkeep
|-start|p2a: Steel|typechange|Dragon/Flying/Steel|[silent]
|turn|59
|
|t:|1666226132
|move|p2a: Steel|Defog|p1a: steel
|-unboost|p1a: steel|evasion|1
|-sideend|p2: knexhawk2|Spikes|[from] move: Defog|[of] p2a: Steel
|move|p1a: steel|Body Press|p2a: Steel
|-damage|p2a: Steel|86/100
|
|upkeep
|turn|60
|
|t:|1666226139
|switch|p2a: Electric|Skarmory, F|73/100
|-start|p2a: Electric|typechange|Steel/Flying/Electric|[silent]
|move|p1a: steel|Spikes|p2a: Electric
|-sidestart|p2: knexhawk2|Spikes
|
|-heal|p2a: Electric|79/100|[from] item: Leftovers
|upkeep
|-start|p2a: Electric|typechange|Steel/Flying/Electric|[silent]
|turn|61
|
|t:|1666226151
|switch|p2a: unaware of tour|Quagsire, M|100/100
|-start|p2a: unaware of tour|typechange|Water/Ground|[silent]
|-damage|p2a: unaware of tour|88/100|[from] Spikes
|move|p1a: steel|Body Press|p2a: unaware of tour
|-crit|p2a: unaware of tour
|-damage|p2a: unaware of tour|52/100
|
|-heal|p2a: unaware of tour|58/100|[from] item: Leftovers
|upkeep
|turn|62
|
|t:|1666226156
|move|p2a: unaware of tour|Scald|p1a: steel
|-damage|p1a: steel|82/100
|-status|p1a: steel|brn
|move|p1a: steel|Whirlwind|p2a: unaware of tour
|drag|p2a: Ghost|Chansey, F|71/100
|-start|p2a: Ghost|typechange|Normal/Ghost|[silent]
|-damage|p2a: Ghost|59/100|[from] Spikes
|
|-damage|p1a: steel|76/100 brn|[from] brn
|upkeep
|-start|p2a: Ghost|typechange|Normal/Ghost|[silent]
|turn|63
|
|t:|1666226163
|move|p1a: steel|Spikes|p2a: Ghost
|-sidestart|p2: knexhawk2|Spikes
|move|p2a: Ghost|Stealth Rock|p1a: steel
|-sidestart|p1: exlipse|move: Stealth Rock
|
|-damage|p1a: steel|70/100 brn|[from] brn
|upkeep
|turn|64
|
|t:|1666226173
|move|p2a: Ghost|Soft-Boiled|p2a: Ghost
|-heal|p2a: Ghost|100/100
|move|p1a: steel|Whirlwind|p2a: Ghost
|drag|p2a: Flying|Slowking-Galar, M|100/100
|-start|p2a: Flying|typechange|Poison/Psychic/Flying|[silent]
|
|-damage|p1a: steel|64/100 brn|[from] brn
|upkeep
|-start|p2a: Flying|typechange|Poison/Psychic/Flying|[silent]
|turn|65
|
|t:|1666226182
|switch|p1a: normal|Reuniclus, F|100/100
|-start|p1a: normal|typechange|Psychic/Normal|[silent]
|-damage|p1a: normal|88/100|[from] Stealth Rock
|move|p2a: Flying|Flamethrower|p1a: normal
|-damage|p1a: normal|73/100
|
|upkeep
|-start|p1a: normal|typechange|Psychic/Normal|[silent]
|turn|66
|c|☆exlipse|damn i should like
|c|☆exlipse|write college essays
|c|☆exlipse|and finish my complex anal hw
|
|t:|1666226206
|switch|p2a: Dark|Toxapex, M|100/100
|-start|p2a: Dark|typechange|Poison/Water/Dark|[silent]
|-damage|p2a: Dark|84/100|[from] Spikes
|move|p1a: normal|Future Sight|p2a: Dark
|-start|p1a: normal|move: Future Sight
|
|upkeep
|-start|p2a: Dark|typechange|Poison/Water/Dark|[silent]
|turn|67
|j| Mel0nL0rd
|c|☆knexhawk2|im in class lo
|c|☆knexhawk2|some joke ass lecture i gotta go to
|
|t:|1666226224
|switch|p1a: dark|Toxapex, F|100/100
|-start|p1a: dark|typechange|Poison/Water/Dark|[silent]
|-damage|p1a: dark|88/100|[from] Stealth Rock
|move|p2a: Dark|Toxic Spikes|p1a: dark
|-sidestart|p1: exlipse|move: Toxic Spikes
|
|-heal|p1a: dark|94/100|[from] item: Black Sludge
|upkeep
|-start|p1a: dark|typechange|Poison/Water/Dark|[silent]
|turn|68
|
|t:|1666226232
|switch|p1a: electric|Corviknight, F|86/100
|-start|p1a: electric|typechange|Flying/Steel/Electric|[silent]
|-damage|p1a: electric|74/100|[from] Stealth Rock
|-ability|p1a: electric|Pressure
|move|p2a: Dark|Knock Off|p1a: electric
|-damage|p1a: electric|53/100
|-enditem|p1a: electric|Leftovers|[from] move: Knock Off|[of] p2a: Dark
|
|-end|p2a: Dark|move: Future Sight
|-immune|p2a: Dark
|upkeep
|-start|p1a: electric|typechange|Flying/Steel/Electric|[silent]
|turn|69
|c|☆knexhawk2|for my senior design project
|j| Okitsegg
|
|t:|1666226243
|switch|p2a: Flying|Slowking-Galar, M|100/100
|-start|p2a: Flying|typechange|Poison/Psychic/Flying|[silent]
|move|p1a: electric|Defog|p2a: Flying
|-unboost|p2a: Flying|evasion|1
|-sideend|p2: knexhawk2|Spikes|[from] move: Defog|[of] p1a: electric
|-sideend|p1: exlipse|Toxic Spikes|[from] move: Defog|[of] p1a: electric
|-sideend|p1: exlipse|Stealth Rock|[from] move: Defog|[of] p1a: electric
|
|upkeep
|-start|p2a: Flying|typechange|Poison/Psychic/Flying|[silent]
|turn|70
|
|t:|1666226246
|switch|p2a: Electric|Skarmory, F|79/100
|-start|p2a: Electric|typechange|Steel/Flying/Electric|[silent]
|move|p1a: electric|Roost|p1a: electric
|-heal|p1a: electric|100/100
|-singleturn|p1a: electric|move: Roost
|
|-heal|p2a: Electric|85/100|[from] item: Leftovers
|upkeep
|-start|p2a: Electric|typechange|Steel/Flying/Electric|[silent]
|turn|71
|
|t:|1666226263
|switch|p2a: unaware of tour|Quagsire, M|58/100
|-start|p2a: unaware of tour|typechange|Water/Ground|[silent]
|switch|p1a: dark|Toxapex, F|100/100
|-start|p1a: dark|typechange|Poison/Water/Dark|[silent]
|
|-heal|p2a: unaware of tour|64/100|[from] item: Leftovers
|upkeep
|-start|p1a: dark|typechange|Poison/Water/Dark|[silent]
|turn|72
|c|☆knexhawk2|this is deadass going to 1000
|c|☆exlipse|yeah no real way to break
|c|☆exlipse|the defensive combos are unreal
|c|☆knexhawk2|want to coin flip it
|c|☆knexhawk2|lmao
|inactive|exlipse has 120 seconds left.
|c|☆exlipse|the fucking electric/flying/steel
|c|☆knexhawk2|save us both the time
|c|☆exlipse|and dark pex
|c|☆exlipse|yeah
|c|☆exlipse|how do u do coin flip
|c|☆knexhawk2|its not possible for either of us to lose lol
|c|☆knexhawk2|htcl
|c|☆knexhawk2|i call heads
|inactive|exlipse has 90 seconds left.
|l| Okitsegg
|j| AlZev2002
|c| AlZev2002|rock or steel buzzwole
|c|☆exlipse|tails ig
|c| AlZev2002|exclipse
|inactive|exlipse has 60 seconds left.
|c| AlZev2002|please beat stall
|c|☆knexhawk2|!weak rock,fighting,bug
|c| knexhawk2|/raw <div class="infobox">Rock/Fighting/Bug:<br /><span class="message-effect-weak">Weaknesses</span>: Fairy, Flying, Psychic, Steel, Water<br /><span class="message-effect-resist">Resistances</span>: Bug, Dark, Normal, Poison<br /><span class="message-effect-immune">Immunities</span>: Sandstorm damage</div>
|c|☆exlipse|im also stall lmao
|c|☆knexhawk2|!weak steel,fighting,bug
|c| knexhawk2|/raw <div class="infobox">Steel/Fighting/Bug:<br /><span class="message-effect-weak">Weaknesses</span>: <b>Fire</b>, Flying<br /><span class="message-effect-resist">Resistances</span>: <b>Bug</b>, Dark, Dragon, <b>Grass</b>, Ice, Normal, Rock, Steel<br /><span class="message-effect-immune">Immunities</span>: Poison, Sandstorm damage, Toxic</div>
|c|☆exlipse|just less stally stall
|c|☆knexhawk2|dude its stall vs stall lol
|c|☆knexhawk2|hello? def steel
|inactive|exlipse has 30 seconds left.
|c|☆knexhawk2|rock is much worse
|c| AlZev2002|yeah but fuck quag
|inactive|exlipse has 20 seconds left.
|
|t:|1666226391
|switch|p1a: normal|Reuniclus, F|100/100
|-start|p1a: normal|typechange|Psychic/Normal|[silent]
|switch|p2a: Flying|Slowking-Galar, M|100/100
|-start|p2a: Flying|typechange|Poison/Psychic/Flying|[silent]
|
|upkeep
|-start|p1a: normal|typechange|Psychic/Normal|[silent]
|-start|p2a: Flying|typechange|Poison/Psychic/Flying|[silent]
|turn|73
|inactive|exlipse has 30 seconds left this turn.
|c| pianotheory|yo that chansey beats nidoking
|c|☆knexhawk2|bro hes just unaware of the rules
|c|☆knexhawk2|let my man chill as water ground
|
|t:|1666226411
|switch|p1a: dark|Toxapex, F|100/100
|-start|p1a: dark|typechange|Poison/Water/Dark|[silent]
|move|p2a: Flying|Sludge Bomb|p1a: dark
|-resisted|p1a: dark
|-damage|p1a: dark|87/100
|
|-heal|p1a: dark|93/100|[from] item: Black Sludge
|upkeep
|-start|p1a: dark|typechange|Poison/Water/Dark|[silent]
|turn|74
|inactive|exlipse has 30 seconds left.
|
|t:|1666226421
|switch|p1a: normal|Reuniclus, F|100/100
|-start|p1a: normal|typechange|Psychic/Normal|[silent]
|switch|p2a: Dark|Toxapex, M|100/100
|-start|p2a: Dark|typechange|Poison/Water/Dark|[silent]
|
|upkeep
|-start|p1a: normal|typechange|Psychic/Normal|[silent]
|-start|p2a: Dark|typechange|Poison/Water/Dark|[silent]
|turn|75
|
|t:|1666226431
|switch|p2a: Flying|Slowking-Galar, M|100/100
|-start|p2a: Flying|typechange|Poison/Psychic/Flying|[silent]
|switch|p1a: electric|Corviknight, F|100/100
|-start|p1a: electric|typechange|Flying/Steel/Electric|[silent]
|-ability|p1a: electric|Pressure
|
|upkeep
|-start|p1a: electric|typechange|Flying/Steel/Electric|[silent]
|-start|p2a: Flying|typechange|Poison/Psychic/Flying|[silent]
|turn|76
|
|t:|1666226435
|switch|p1a: dark|Toxapex, F|100/100
|-start|p1a: dark|typechange|Poison/Water/Dark|[silent]
|switch|p2a: Dark|Toxapex, M|100/100
|-start|p2a: Dark|typechange|Poison/Water/Dark|[silent]
|
|upkeep
|-start|p1a: dark|typechange|Poison/Water/Dark|[silent]
|-start|p2a: Dark|typechange|Poison/Water/Dark|[silent]
|turn|77
|
|t:|1666226439
|switch|p2a: Flying|Slowking-Galar, M|100/100
|-start|p2a: Flying|typechange|Poison/Psychic/Flying|[silent]
|move|p1a: dark|Scald|p2a: Flying
|-damage|p2a: Flying|94/100
|
|upkeep
|-start|p2a: Flying|typechange|Poison/Psychic/Flying|[silent]
|turn|78
|
|t:|1666226442
|switch|p2a: Dark|Toxapex, M|100/100
|-start|p2a: Dark|typechange|Poison/Water/Dark|[silent]
|move|p1a: dark|Scald|p2a: Dark
|-resisted|p2a: Dark
|-damage|p2a: Dark|94/100
|
|upkeep
|-start|p2a: Dark|typechange|Poison/Water/Dark|[silent]
|turn|79
|
|t:|1666226445
|switch|p2a: Ghost|Chansey, F|100/100
|-start|p2a: Ghost|typechange|Normal/Ghost|[silent]
|move|p1a: dark|Scald|p2a: Ghost
|-damage|p2a: Ghost|93/100
|
|upkeep
|-start|p2a: Ghost|typechange|Normal/Ghost|[silent]
|turn|80
|
|t:|1666226455
|switch|p1a: electric|Corviknight, F|100/100
|-start|p1a: electric|typechange|Flying/Steel/Electric|[silent]
|-ability|p1a: electric|Pressure
|move|p2a: Ghost|Stealth Rock|p1a: electric
|-sidestart|p1: exlipse|move: Stealth Rock
|
|upkeep
|-start|p1a: electric|typechange|Flying/Steel/Electric|[silent]
|turn|81
|
|t:|1666226461
|switch|p2a: unaware of tour|Quagsire, M|64/100
|-start|p2a: unaware of tour|typechange|Water/Ground|[silent]
|move|p1a: electric|Defog|p2a: unaware of tour
|-unboost|p2a: unaware of tour|evasion|1
|-sideend|p1: exlipse|Stealth Rock|[from] move: Defog|[of] p1a: electric
|
|-heal|p2a: unaware of tour|70/100|[from] item: Leftovers
|upkeep
|turn|82
|
|t:|1666226464
|switch|p1a: water|Clefable, F|100/100
|-start|p1a: water|typechange|Fairy/Water|[silent]
|move|p2a: unaware of tour|Scald|p1a: water
|-resisted|p1a: water
|-damage|p1a: water|91/100
|
|-heal|p1a: water|97/100|[from] item: Leftovers
|-heal|p2a: unaware of tour|76/100|[from] item: Leftovers
|upkeep
|-start|p1a: water|typechange|Fairy/Water|[silent]
|turn|83
|
|t:|1666226469
|move|p1a: water|Protect|p1a: water
|-singleturn|p1a: water|Protect
|move|p2a: unaware of tour|Toxic|p1a: water
|-activate|p1a: water|move: Protect
|
|-heal|p1a: water|100/100|[from] item: Leftovers
|-heal|p2a: unaware of tour|82/100|[from] item: Leftovers
|upkeep
|turn|84
|
|t:|1666226475
|switch|p1a: dark|Toxapex, F|100/100
|-start|p1a: dark|typechange|Poison/Water/Dark|[silent]
|move|p2a: unaware of tour|Scald|p1a: dark
|-resisted|p1a: dark
|-damage|p1a: dark|93/100
|
|-heal|p2a: unaware of tour|89/100|[from] item: Leftovers
|-heal|p1a: dark|99/100|[from] item: Black Sludge
|upkeep
|-start|p1a: dark|typechange|Poison/Water/Dark|[silent]
|turn|85
|
|t:|1666226480
|switch|p1a: water|Clefable, F|100/100
|-start|p1a: water|typechange|Fairy/Water|[silent]
|switch|p2a: Ghost|Chansey, F|93/100
|-start|p2a: Ghost|typechange|Normal/Ghost|[silent]
|
|upkeep
|-start|p1a: water|typechange|Fairy/Water|[silent]
|-start|p2a: Ghost|typechange|Normal/Ghost|[silent]
|turn|86
|
|t:|1666226488
|switch|p2a: Dark|Toxapex, M|100/100
|-start|p2a: Dark|typechange|Poison/Water/Dark|[silent]
|move|p1a: water|Aromatherapy|p1a: water
|-activate|p1a: water|move: Aromatherapy
|-curestatus|p1: steel|brn|[msg]
|
|upkeep
|-start|p2a: Dark|typechange|Poison/Water/Dark|[silent]
|turn|87
|c|☆knexhawk2|htcl lllll
|
|t:|1666226503
|switch|p1a: steel|Mew|64/100
|-start|p1a: steel|typechange|Psychic/Steel|[silent]
|move|p2a: Dark|Toxic Spikes|p1a: steel
|-sidestart|p1: exlipse|move: Toxic Spikes
|
|upkeep
|-start|p1a: steel|typechange|Psychic/Steel|[silent]
|turn|88
|
|t:|1666226518
|switch|p1a: dark|Toxapex, F|100/100
|-start|p1a: dark|typechange|Poison/Water/Dark|[silent]
|-sideend|p1: exlipse|move: Toxic Spikes|[of] p1a: dark
|switch|p2a: Electric|Skarmory, F|85/100
|-start|p2a: Electric|typechange|Steel/Flying/Electric|[silent]
|
|-heal|p2a: Electric|91/100|[from] item: Leftovers
|upkeep
|-start|p1a: dark|typechange|Poison/Water/Dark|[silent]
|-start|p2a: Electric|typechange|Steel/Flying/Electric|[silent]
|turn|89
|
|t:|1666226526
|switch|p2a: Dark|Toxapex, M|100/100
|-start|p2a: Dark|typechange|Poison/Water/Dark|[silent]
|switch|p1a: steel|Mew|64/100
|-start|p1a: steel|typechange|Psychic/Steel|[silent]
|
|upkeep
|-start|p1a: steel|typechange|Psychic/Steel|[silent]
|-start|p2a: Dark|typechange|Poison/Water/Dark|[silent]
|turn|90
|
|t:|1666226536
|switch|p1a: dark|Toxapex, F|100/100
|-start|p1a: dark|typechange|Poison/Water/Dark|[silent]
|switch|p2a: Electric|Skarmory, F|91/100
|-start|p2a: Electric|typechange|Steel/Flying/Electric|[silent]
|
|-heal|p2a: Electric|97/100|[from] item: Leftovers
|upkeep
|-start|p1a: dark|typechange|Poison/Water/Dark|[silent]
|-start|p2a: Electric|typechange|Steel/Flying/Electric|[silent]
|turn|91
|
|t:|1666226546
|switch|p2a: Dark|Toxapex, M|100/100
|-start|p2a: Dark|typechange|Poison/Water/Dark|[silent]
|switch|p1a: normal|Reuniclus, F|100/100
|-start|p1a: normal|typechange|Psychic/Normal|[silent]
|
|upkeep
|-start|p1a: normal|typechange|Psychic/Normal|[silent]
|-start|p2a: Dark|typechange|Poison/Water/Dark|[silent]
|turn|92
|
|t:|1666226550
|switch|p2a: Flying|Slowking-Galar, M|100/100
|-start|p2a: Flying|typechange|Poison/Psychic/Flying|[silent]
|move|p1a: normal|Future Sight|p2a: Flying
|-start|p1a: normal|move: Future Sight
|
|upkeep
|-start|p2a: Flying|typechange|Poison/Psychic/Flying|[silent]
|turn|93
|
|t:|1666226553
|switch|p2a: Dark|Toxapex, M|100/100
|-start|p2a: Dark|typechange|Poison/Water/Dark|[silent]
|switch|p1a: steel|Mew|64/100
|-start|p1a: steel|typechange|Psychic/Steel|[silent]
|
|upkeep
|-start|p1a: steel|typechange|Psychic/Steel|[silent]
|-start|p2a: Dark|typechange|Poison/Water/Dark|[silent]
|turn|94
|
|t:|1666226566
|switch|p2a: Ghost|Chansey, F|93/100
|-start|p2a: Ghost|typechange|Normal/Ghost|[silent]
|move|p1a: steel|Imprison|p1a: steel
|-start|p1a: steel|move: Imprison
|
|-end|p2a: Ghost|move: Future Sight
|-damage|p2a: Ghost|70/100
|upkeep
|-start|p2a: Ghost|typechange|Normal/Ghost|[silent]
|turn|95
|
|t:|1666226581
|move|p1a: steel|Block||[still]
|-fail|p1a: steel
|move|p2a: Ghost|Toxic|p1a: steel
|-immune|p1a: steel
|
|upkeep
|turn|96
|
|t:|1666226593
|move|p1a: steel|Transform|p2a: Ghost
|-transform|p1a: steel|p2a: Ghost
|cant|p2a: Ghost|move: Imprison|Seismic Toss
|
|upkeep
|turn|97
|
|t:|1666226598
|switch|p2a: Flying|Slowking-Galar, M|100/100
|-start|p2a: Flying|typechange|Poison/Psychic/Flying|[silent]
|move|p1a: steel|Toxic|p2a: Flying
|-immune|p2a: Flying
|
|upkeep
|-start|p2a: Flying|typechange|Poison/Psychic/Flying|[silent]
|turn|98
|
|t:|1666226608
|switch|p2a: Dark|Toxapex, M|100/100
|-start|p2a: Dark|typechange|Poison/Water/Dark|[silent]
|move|p1a: steel|Stealth Rock|p2a: Dark
|-sidestart|p2: knexhawk2|move: Stealth Rock
|
|upkeep
|-start|p2a: Dark|typechange|Poison/Water/Dark|[silent]
|turn|99
|
|t:|1666226623
|switch|p1a: dark|Toxapex, F|100/100
|-start|p1a: dark|typechange|Poison/Water/Dark|[silent]
|switch|p2a: Flying|Slowking-Galar, M|100/100
|-start|p2a: Flying|typechange|Poison/Psychic/Flying|[silent]
|-damage|p2a: Flying|76/100|[from] Stealth Rock
|
|upkeep
|-start|p1a: dark|typechange|Poison/Water/Dark|[silent]
|-start|p2a: Flying|typechange|Poison/Psychic/Flying|[silent]
|turn|100
|c| pianotheory|bro
|c| pianotheory|just
|c| pianotheory|tie
|c| pianotheory|already
|
|t:|1666226630
|switch|p2a: Dark|Toxapex, M|100/100
|-start|p2a: Dark|typechange|Poison/Water/Dark|[silent]
|-damage|p2a: Dark|88/100|[from] Stealth Rock
|move|p1a: dark|Scald|p2a: Dark
|-resisted|p2a: Dark
|-damage|p2a: Dark|81/100
|
|upkeep
|-start|p2a: Dark|typechange|Poison/Water/Dark|[silent]
|turn|101
|c|☆knexhawk2|its a tour we cant tie
|c| pianotheory|wait
|c| pianotheory|r u joking
|
|t:|1666226647
|switch|p2a: Flying|Slowking-Galar, M|100/100
|-start|p2a: Flying|typechange|Poison/Psychic/Flying|[silent]
|-damage|p2a: Flying|76/100|[from] Stealth Rock
|move|p1a: dark|Scald|p2a: Flying
|-damage|p2a: Flying|69/100
|
|upkeep
|-start|p2a: Flying|typechange|Poison/Psychic/Flying|[silent]
|turn|102
|c|☆knexhawk2|it says we cant
|c| pianotheory|dam
|c|☆exlipse|bruh scald is broken
|
|t:|1666226658
|switch|p2a: Dark|Toxapex, M|100/100
|-start|p2a: Dark|typechange|Poison/Water/Dark|[silent]
|-damage|p2a: Dark|88/100|[from] Stealth Rock
|move|p1a: dark|Scald|p2a: Dark
|-resisted|p2a: Dark
|-damage|p2a: Dark|81/100
|
|upkeep
|-start|p2a: Dark|typechange|Poison/Water/Dark|[silent]
|turn|103
|c|☆knexhawk2|i know lmao
|c| AlZev2002|who is the poor soul that has to face the winner?
|
|t:|1666226663
|switch|p2a: Ghost|Chansey, F|70/100
|-start|p2a: Ghost|typechange|Normal/Ghost|[silent]
|-damage|p2a: Ghost|58/100|[from] Stealth Rock
|move|p1a: dark|Scald|p2a: Ghost
|-damage|p2a: Ghost|50/100
|-status|p2a: Ghost|brn
|
|-damage|p2a: Ghost|44/100 brn|[from] brn
|upkeep
|-start|p2a: Ghost|typechange|Normal/Ghost|[silent]
|turn|104
|c|☆knexhawk2|there u go
|
|t:|1666226672
|switch|p1a: normal|Reuniclus, F|100/100
|-start|p1a: normal|typechange|Psychic/Normal|[silent]
|move|p2a: Ghost|Soft-Boiled|p2a: Ghost
|-heal|p2a: Ghost|94/100 brn
|
|-damage|p2a: Ghost|88/100 brn|[from] brn
|upkeep
|-start|p1a: normal|typechange|Psychic/Normal|[silent]
|turn|105
|
|t:|1666226679
|-curestatus|p2a: Ghost|brn|[from] ability: Natural Cure
|switch|p2a: Dark|Toxapex, M|100/100
|-start|p2a: Dark|typechange|Poison/Water/Dark|[silent]
|-damage|p2a: Dark|88/100|[from] Stealth Rock
|move|p1a: normal|Future Sight|p2a: Dark
|-start|p1a: normal|move: Future Sight
|
|upkeep
|-start|p2a: Dark|typechange|Poison/Water/Dark|[silent]
|turn|106
|
|t:|1666226690
|switch|p1a: steel|Mew|64/100
|-start|p1a: steel|typechange|Psychic/Steel|[silent]
|move|p2a: Dark|Knock Off|p1a: steel
|-supereffective|p1a: steel
|-damage|p1a: steel|40/100
|
|upkeep
|-start|p1a: steel|typechange|Psychic/Steel|[silent]
|turn|107
|c| AlZev2002|that chansey made me shit my pants
|
|t:|1666226696
|switch|p2a: Ghost|Chansey, F|88/100
|-start|p2a: Ghost|typechange|Normal/Ghost|[silent]
|-damage|p2a: Ghost|75/100|[from] Stealth Rock
|move|p1a: steel|Soft-Boiled|p1a: steel
|-heal|p1a: steel|90/100
|
|-end|p2a: Ghost|move: Future Sight
|-damage|p2a: Ghost|50/100
|upkeep
|-start|p2a: Ghost|typechange|Normal/Ghost|[silent]
|turn|108
|
|t:|1666226701
|move|p1a: steel|Imprison|p1a: steel
|-start|p1a: steel|move: Imprison
|move|p2a: Ghost|Stealth Rock|p1a: steel
|-sidestart|p1: exlipse|move: Stealth Rock
|
|upkeep
|turn|109
|
|t:|1666226708
|switch|p2a: Electric|Skarmory, F|97/100
|-start|p2a: Electric|typechange|Steel/Flying/Electric|[silent]
|-damage|p2a: Electric|84/100|[from] Stealth Rock
|move|p1a: steel|Transform|p2a: Electric
|-transform|p1a: steel|p2a: Electric
|
|-heal|p2a: Electric|90/100|[from] item: Leftovers
|upkeep
|-start|p1a: steel|typechange|Steel/Flying/Electric|[silent]
|-start|p2a: Electric|typechange|Steel/Flying/Electric|[silent]
|turn|110
|
|t:|1666226717
|switch|p2a: Ghost|Chansey, F|50/100
|-start|p2a: Ghost|typechange|Normal/Ghost|[silent]
|-damage|p2a: Ghost|38/100|[from] Stealth Rock
|move|p1a: steel|Spikes|p2a: Ghost
|-sidestart|p2: knexhawk2|Spikes
|
|upkeep
|-start|p2a: Ghost|typechange|Normal/Ghost|[silent]
|turn|111
|
|t:|1666226721
|move|p1a: steel|Spikes|p2a: Ghost
|-sidestart|p2: knexhawk2|Spikes
|move|p2a: Ghost|Soft-Boiled|p2a: Ghost
|-heal|p2a: Ghost|88/100
|
|upkeep
|turn|112
|
|t:|1666226725
|switch|p2a: Steel|Dragonite, F|86/100
|-start|p2a: Steel|typechange|Dragon/Flying/Steel|[silent]
|move|p1a: steel|Spikes|p2a: Steel
|-sidestart|p2: knexhawk2|Spikes
|
|upkeep
|-start|p2a: Steel|typechange|Dragon/Flying/Steel|[silent]
|turn|113
|c|☆knexhawk2|even if u kill chans and quag
|c|☆knexhawk2|its almost zero progress lol
|
|t:|1666226746
|move|p2a: Steel|Defog|p1a: steel
|-unboost|p1a: steel|evasion|1
|-sideend|p1: exlipse|Stealth Rock|[from] move: Defog|[of] p2a: Steel
|-sideend|p2: knexhawk2|Spikes|[from] move: Defog|[of] p2a: Steel
|-sideend|p2: knexhawk2|Stealth Rock|[from] move: Defog|[of] p2a: Steel
|move|p1a: steel|Body Press|p2a: Steel
|-damage|p2a: Steel|55/100
|
|upkeep
|turn|114
|inactive|knexhawk2 has 120 seconds left.
|c|☆exlipse|if i kill quag i at least get rid of unaware
|
|t:|1666226770
|switch|p2a: unaware of tour|Quagsire, M|89/100
|-start|p2a: unaware of tour|typechange|Water/Ground|[silent]
|move|p1a: steel|Body Press|p2a: unaware of tour
|-damage|p2a: unaware of tour|67/100
|
|-heal|p2a: unaware of tour|73/100|[from] item: Leftovers
|upkeep
|turn|115
|inactive|knexhawk2 has 120 seconds left.
|c|☆knexhawk2|for what setup  threat
|c|☆knexhawk2|is that an sd lando or something
|
|t:|1666226783
|move|p1a: steel|Spikes|p2a: unaware of tour
|-sidestart|p2: knexhawk2|Spikes
|move|p2a: unaware of tour|Scald|p1a: steel
|-damage|p1a: steel|71/100
|
|-heal|p2a: unaware of tour|79/100|[from] item: Leftovers
|upkeep
|turn|116
|
|t:|1666226792
|move|p1a: steel|Spikes|p2a: unaware of tour
|-sidestart|p2: knexhawk2|Spikes
|move|p2a: unaware of tour|Scald|p1a: steel
|-damage|p1a: steel|50/100
|
|-heal|p2a: unaware of tour|86/100|[from] item: Leftovers
|upkeep
|turn|117
|
|t:|1666226798
|move|p1a: steel|Roost|p1a: steel
|-heal|p1a: steel|99/100
|-singleturn|p1a: steel|move: Roost
|move|p2a: unaware of tour|Earthquake|p1a: steel
|-supereffective|p1a: steel
|-damage|p1a: steel|41/100
|
|-heal|p2a: unaware of tour|92/100|[from] item: Leftovers
|upkeep
|turn|118
|inactive|knexhawk2 has 120 seconds left.
|
|t:|1666226805
|move|p1a: steel|Roost|p1a: steel
|-heal|p1a: steel|91/100
|-singleturn|p1a: steel|move: Roost
|move|p2a: unaware of tour|Earthquake|p1a: steel
|-supereffective|p1a: steel
|-damage|p1a: steel|34/100
|
|-heal|p2a: unaware of tour|98/100|[from] item: Leftovers
|upkeep
|turn|119
|
|t:|1666226811
|switch|p1a: electric|Corviknight, F|100/100
|-start|p1a: electric|typechange|Flying/Steel/Electric|[silent]
|-ability|p1a: electric|Pressure
|move|p2a: unaware of tour|Earthquake|p1a: electric
|-immune|p1a: electric
|
|-heal|p2a: unaware of tour|100/100|[from] item: Leftovers
|upkeep
|-start|p1a: electric|typechange|Flying/Steel/Electric|[silent]
|turn|120
|
|t:|1666226819
|switch|p1a: steel|Mew|34/100
|-start|p1a: steel|typechange|Psychic/Steel|[silent]
|move|p2a: unaware of tour|Scald|p1a: steel
|-damage|p1a: steel|23/100
|-status|p1a: steel|brn
|-activate|p1a: steel|ability: Synchronize
|-status|p2a: unaware of tour|brn
|
|-damage|p1a: steel|17/100 brn|[from] brn
|-damage|p2a: unaware of tour|94/100 brn|[from] brn
|upkeep
|-start|p1a: steel|typechange|Psychic/Steel|[silent]
|turn|121
|c|☆exlipse|damn thats unfortunate
|inactive|knexhawk2 has 120 seconds left.
|inactive|exlipse has 120 seconds left.
|c|☆exlipse|sync fucking me
|
|t:|1666226847
|switch|p1a: electric|Corviknight, F|100/100
|-start|p1a: electric|typechange|Flying/Steel/Electric|[silent]
|-ability|p1a: electric|Pressure
|switch|p2a: Electric|Skarmory, F|90/100
|-start|p2a: Electric|typechange|Steel/Flying/Electric|[silent]
|
|-heal|p2a: Electric|96/100|[from] item: Leftovers
|upkeep
|-start|p1a: electric|typechange|Flying/Steel/Electric|[silent]
|-start|p2a: Electric|typechange|Steel/Flying/Electric|[silent]
|turn|122
|inactive|knexhawk2 has 120 seconds left.
|c|☆knexhawk2|why
|
|t:|1666226861
|switch|p2a: Dark|Toxapex, M|100/100
|-start|p2a: Dark|typechange|Poison/Water/Dark|[silent]
|-damage|p2a: Dark|84/100|[from] Spikes
|switch|p1a: steel|Mew|17/100 brn
|-start|p1a: steel|typechange|Psychic/Steel|[silent]
|
|-damage|p1a: steel|11/100 brn|[from] brn
|upkeep
|-start|p1a: steel|typechange|Psychic/Steel|[silent]
|-start|p2a: Dark|typechange|Poison/Water/Dark|[silent]
|turn|123
|c|☆knexhawk2|does the chip not help
|c|☆exlipse|nah but i would prefer poison
|c|☆exlipse|only real way i can get rid of it
|
|t:|1666226887
|switch|p2a: Electric|Skarmory, F|96/100
|-start|p2a: Electric|typechange|Steel/Flying/Electric|[silent]
|move|p1a: steel|Soft-Boiled|p1a: steel
|-heal|p1a: steel|61/100 brn
|
|-heal|p2a: Electric|100/100|[from] item: Leftovers
|-damage|p1a: steel|54/100 brn|[from] brn
|upkeep
|-start|p2a: Electric|typechange|Steel/Flying/Electric|[silent]
|turn|124
|c|☆knexhawk2|i got heal bell too dw
|inactive|exlipse has 90 seconds left.
|c|☆exlipse|ah
|
|t:|1666226912
|switch|p1a: water|Clefable, F|100/100
|-start|p1a: water|typechange|Fairy/Water|[silent]
|move|p2a: Electric|Spikes|p1a: water
|-sidestart|p1: exlipse|Spikes
|
|upkeep
|-start|p1a: water|typechange|Fairy/Water|[silent]
|turn|125
|
|t:|1666226919
|switch|p2a: Dark|Toxapex, M|100/100
|-start|p2a: Dark|typechange|Poison/Water/Dark|[silent]
|-damage|p2a: Dark|84/100|[from] Spikes
|move|p1a: water|Aromatherapy|p1a: water
|-activate|p1a: water|move: Aromatherapy
|-curestatus|p1: steel|brn|[msg]
|
|upkeep
|-start|p2a: Dark|typechange|Poison/Water/Dark|[silent]
|turn|126
|j| zaydapoketrainer
|c| zaydapoketrainer|whos stalling
|c| zaydapoketrainer|the tour
|c|☆knexhawk2|both
|c| Mel0nL0rd|Yes
|c|☆knexhawk2|lol
|inactive|exlipse has 60 seconds left.
|
|t:|1666226947
|switch|p1a: electric|Corviknight, F|100/100
|-start|p1a: electric|typechange|Flying/Steel/Electric|[silent]
|-ability|p1a: electric|Pressure
|switch|p2a: Flying|Slowking-Galar, M|100/100
|-start|p2a: Flying|typechange|Poison/Psychic/Flying|[silent]
|
|upkeep
|-start|p1a: electric|typechange|Flying/Steel/Electric|[silent]
|-start|p2a: Flying|typechange|Poison/Psychic/Flying|[silent]
|turn|127
|inactive|exlipse has 60 seconds left.
|inactive|knexhawk2 has 90 seconds left.
|c| AlZev2002|who ever faced me with grass lando
|c| AlZev2002|i have changed my ways
|
|t:|1666226968
|switch|p1a: dark|Toxapex, F|100/100
|-start|p1a: dark|typechange|Poison/Water/Dark|[silent]
|-damage|p1a: dark|88/100|[from] Spikes
|switch|p2a: Dark|Toxapex, M|100/100
|-start|p2a: Dark|typechange|Poison/Water/Dark|[silent]
|-damage|p2a: Dark|84/100|[from] Spikes
|
|-heal|p1a: dark|94/100|[from] item: Black Sludge
|upkeep
|-start|p1a: dark|typechange|Poison/Water/Dark|[silent]
|-start|p2a: Dark|typechange|Poison/Water/Dark|[silent]
|turn|128
|inactive|exlipse has 60 seconds left.
|
|t:|1666226975
|switch|p1a: normal|Reuniclus, F|100/100
|-start|p1a: normal|typechange|Psychic/Normal|[silent]
|-damage|p1a: normal|88/100|[from] Spikes
|move|p2a: Dark|Knock Off|p1a: normal
|-supereffective|p1a: normal
|-damage|p1a: normal|55/100
|
|upkeep
|-start|p1a: normal|typechange|Psychic/Normal|[silent]
|turn|129
|inactive|exlipse has 60 seconds left.
|inactive|knexhawk2 has 90 seconds left.
|
|t:|1666226980
|switch|p1a: dark|Toxapex, F|100/100
|-start|p1a: dark|typechange|Poison/Water/Dark|[silent]
|-damage|p1a: dark|88/100|[from] Spikes
|move|p2a: Dark|Toxic Spikes|p1a: dark
|-sidestart|p1: exlipse|move: Toxic Spikes
|
|-heal|p1a: dark|94/100|[from] item: Black Sludge
|upkeep
|-start|p1a: dark|typechange|Poison/Water/Dark|[silent]
|turn|130
|inactive|exlipse has 60 seconds left.
|
|t:|1666226986
|switch|p1a: electric|Corviknight, F|100/100
|-start|p1a: electric|typechange|Flying/Steel/Electric|[silent]
|-ability|p1a: electric|Pressure
|move|p2a: Dark|Knock Off|p1a: electric
|-damage|p1a: electric|88/100
|
|upkeep
|-start|p1a: electric|typechange|Flying/Steel/Electric|[silent]
|turn|131
|inactive|exlipse has 60 seconds left.
|
|t:|1666226993
|switch|p1a: dark|Toxapex, F|100/100
|-start|p1a: dark|typechange|Poison/Water/Dark|[silent]
|-damage|p1a: dark|88/100|[from] Spikes
|-sideend|p1: exlipse|move: Toxic Spikes|[of] p1a: dark
|switch|p2a: Steel|Dragonite, F|55/100
|-start|p2a: Steel|typechange|Dragon/Flying/Steel|[silent]
|
|-heal|p1a: dark|94/100|[from] item: Black Sludge
|upkeep
|-start|p1a: dark|typechange|Poison/Water/Dark|[silent]
|-start|p2a: Steel|typechange|Dragon/Flying/Steel|[silent]
|turn|132
|
|t:|1666226997
|move|p2a: Steel|Roost|p2a: Steel
|-heal|p2a: Steel|100/100
|-singleturn|p2a: Steel|move: Roost
|move|p1a: dark|Scald|p2a: Steel
|-resisted|p2a: Steel
|-damage|p2a: Steel|98/100
|
|-heal|p1a: dark|100/100|[from] item: Black Sludge
|upkeep
|turn|133
|c|%htcl|hello
|c|%htcl|i went to eat dinner
|c|%htcl|now im back
|c|%htcl|yall wanna flip
|c|☆knexhawk2|wanna coinflip
|c|☆exlipse|yes
|c|☆knexhawk2|heads
|l| g2 fyssure
|c|☆exlipse|tails
|inactive|knexhawk2 has 90 seconds left.
|c|%htcl|!pick heads, tails
|c| htcl|/raw <div class="infobox"><em>We randomly picked:</em> tails</div>
|c|☆exlipse|based
|c|☆knexhawk2|gg lol
|c|☆exlipse|gg
|-message|knexhawk2 forfeited.
|
|win|exlipse
