|j|☆4funaccount
|j|☆edge363
|player|p1|4funaccount|volkner|1536
|player|p2|edge363|102|1572
|teamsize|p1|6
|teamsize|p2|6
|gametype|singles
|gen|8
|tier|[Gen 8] OU
|rated|
|clearpoke
|poke|p1|Lanturn, F|
|poke|p1|Steelix, M|
|poke|p1|Clefable, F|
|poke|p1|Corviknight, F|
|poke|p1|Hydreigon, M|
|poke|p1|Gengar, M|
|poke|p2|Hippowdon, M|
|poke|p2|Excadrill, F|
|poke|p2|Kyurem|
|poke|p2|Diggersby, F|
|poke|p2|Dracovish|
|poke|p2|Clefable, M|
|rule|Sleep Clause Mod: Limit one foe put to sleep
|rule|Species Clause: Limit one of each Pokémon
|rule|OHKO Clause: OHKO moves are banned
|rule|Evasion Moves Clause: Evasion moves are banned
|rule|Endless Battle Clause: Forcing endless battles is banned
|rule|HP Percentage Mod: HP is shown in percentages
|rule|Dynamax Clause: You cannot dynamax
|teampreview
|inactive|Battle timer is ON: inactive players will automatically lose when time's up. (requested by edge363)
|
|start
|switch|p1a: Hydreigon|Hydreigon, M|100/100
|switch|p2a: Diggersby|Diggersby, F|100/100
|turn|1
|
|switch|p1a: Corviknight|Corviknight, F|100/100
|-ability|p1a: Corviknight|Pressure
|move|p2a: Diggersby|Body Slam|p1a: Corviknight
|-resisted|p1a: Corviknight
|-damage|p1a: Corviknight|76/100
|
|-heal|p1a: Corviknight|83/100|[from] item: Leftovers
|upkeep
|turn|2
|
|switch|p2a: Clefable|Clefable, M|100/100
|switch|p1a: Gengar|Gengar, M|100/100
|
|upkeep
|turn|3
|
|move|p1a: Gengar|Trick|p2a: Clefable
|-activate|p1a: Gengar|move: Trick|[of] p2a: Clefable
|-item|p2a: Clefable|Choice Specs|[from] move: Trick
|-item|p1a: Gengar|Life Orb|[from] move: Trick
|move|p2a: Clefable|Thunderbolt|p1a: Gengar
|-damage|p1a: Gengar|44/100
|
|upkeep
|turn|4
|
|move|p1a: Gengar|Sludge Wave|p2a: Clefable
|-supereffective|p2a: Clefable
|-damage|p2a: Clefable|0 fnt
|-damage|p1a: Gengar|34/100|[from] item: Life Orb
|faint|p2a: Clefable
|
|upkeep
|
|switch|p2a: Hippowdon|Hippowdon, M|100/100
|-weather|Sandstorm|[from] ability: Sand Stream|[of] p2a: Hippowdon
|turn|5
|
|switch|p1a: Corviknight|Corviknight, F|83/100
|-ability|p1a: Corviknight|Pressure
|move|p2a: Hippowdon|Stealth Rock|p1a: Corviknight
|-sidestart|p1: 4funaccount|move: Stealth Rock
|
|-weather|Sandstorm|[upkeep]
|-heal|p1a: Corviknight|89/100|[from] item: Leftovers
|upkeep
|turn|6
|
|switch|p2a: Dracovish|Dracovish|100/100
|move|p1a: Corviknight|Defog|p2a: Dracovish
|-unboost|p2a: Dracovish|evasion|1
|-sideend|p1: 4funaccount|Stealth Rock|[from] move: Defog|[of] p1a: Corviknight
|
|-weather|Sandstorm|[upkeep]
|-damage|p2a: Dracovish|94/100|[from] Sandstorm
|-heal|p1a: Corviknight|95/100|[from] item: Leftovers
|upkeep
|turn|7
|
|switch|p1a: Lanturn|Lanturn, F, shiny|100/100
|move|p2a: Dracovish|Fishious Rend|p1a: Lanturn
|-immune|p1a: Lanturn|[from] ability: Water Absorb
|
|-weather|Sandstorm|[upkeep]
|-damage|p2a: Dracovish|88/100|[from] Sandstorm
|-damage|p1a: Lanturn|94/100|[from] Sandstorm
|-heal|p1a: Lanturn|100/100|[from] item: Leftovers
|upkeep
|turn|8
|
|switch|p2a: Kyurem|Kyurem|100/100
|-ability|p2a: Kyurem|Pressure
|move|p1a: Lanturn|Scald|p2a: Kyurem
|-resisted|p2a: Kyurem
|-damage|p2a: Kyurem|90/100
|
|-weather|Sandstorm|[upkeep]
|-damage|p2a: Kyurem|84/100|[from] Sandstorm
|-damage|p1a: Lanturn|94/100|[from] Sandstorm
|-heal|p1a: Lanturn|100/100|[from] item: Leftovers
|upkeep
|turn|9
|
|switch|p1a: Clefable|Clefable, F|100/100
|move|p2a: Kyurem|Freeze-Dry|p1a: Clefable
|-damage|p1a: Clefable|66/100
|-status|p1a: Clefable|frz
|
|-weather|Sandstorm|[upkeep]
|-damage|p2a: Kyurem|78/100|[from] Sandstorm
|-heal|p1a: Clefable|72/100 frz|[from] item: Leftovers
|upkeep
|turn|10
|
|switch|p2a: Excadrill|Excadrill, F|100/100
|cant|p1a: Clefable|frz
|
|-weather|Sandstorm|[upkeep]
|-heal|p1a: Clefable|78/100 frz|[from] item: Leftovers
|upkeep
|turn|11
|
|switch|p1a: Corviknight|Corviknight, F|95/100
|-ability|p1a: Corviknight|Pressure
|move|p2a: Excadrill|Swords Dance|p2a: Excadrill
|-boost|p2a: Excadrill|atk|2
|
|-weather|Sandstorm|[upkeep]
|-heal|p1a: Corviknight|100/100|[from] item: Leftovers
|upkeep
|turn|12
|
|move|p2a: Excadrill|Rock Slide|p1a: Corviknight
|-damage|p1a: Corviknight|68/100
|move|p1a: Corviknight|Body Press|p2a: Excadrill
|-supereffective|p2a: Excadrill
|-damage|p2a: Excadrill|31/100
|
|-weather|none
|-heal|p2a: Excadrill|37/100|[from] item: Leftovers
|-heal|p1a: Corviknight|74/100|[from] item: Leftovers
|upkeep
|turn|13
|
|switch|p2a: Hippowdon|Hippowdon, M|100/100
|-weather|Sandstorm|[from] ability: Sand Stream|[of] p2a: Hippowdon
|move|p1a: Corviknight|Body Press|p2a: Hippowdon
|-damage|p2a: Hippowdon|87/100
|
|-weather|Sandstorm|[upkeep]
|-heal|p1a: Corviknight|80/100|[from] item: Leftovers
|upkeep
|turn|14
|
|switch|p1a: Hydreigon|Hydreigon, M|100/100
|switch|p2a: Dracovish|Dracovish|88/100
|
|-weather|Sandstorm|[upkeep]
|-damage|p1a: Hydreigon|94/100|[from] Sandstorm
|-damage|p2a: Dracovish|82/100|[from] Sandstorm
|upkeep
|turn|15
|
|switch|p1a: Lanturn|Lanturn, F, shiny|100/100
|move|p2a: Dracovish|Outrage|p1a: Lanturn
|-damage|p1a: Lanturn|37/100
|
|-weather|Sandstorm|[upkeep]
|-damage|p2a: Dracovish|76/100|[from] Sandstorm
|-damage|p1a: Lanturn|31/100|[from] Sandstorm
|-heal|p1a: Lanturn|37/100|[from] item: Leftovers
|upkeep
|turn|16
|
|switch|p1a: Clefable|Clefable, F|78/100 frz
|move|p2a: Dracovish|Outrage|p1a: Clefable|[from]lockedmove
|-immune|p1a: Clefable
|-start|p2a: Dracovish|confusion|[fatigue]
|
|-weather|Sandstorm|[upkeep]
|-damage|p2a: Dracovish|69/100|[from] Sandstorm
|-heal|p1a: Clefable|84/100 frz|[from] item: Leftovers
|upkeep
|turn|17
|
|switch|p2a: Diggersby|Diggersby, F|100/100
|switch|p1a: Hydreigon|Hydreigon, M|94/100
|
|-weather|Sandstorm|[upkeep]
|-damage|p1a: Hydreigon|88/100|[from] Sandstorm
|upkeep
|turn|18
|
|switch|p1a: Corviknight|Corviknight, F|80/100
|-ability|p1a: Corviknight|Pressure
|move|p2a: Diggersby|Body Slam|p1a: Corviknight
|-resisted|p1a: Corviknight
|-damage|p1a: Corviknight|54/100
|
|-weather|Sandstorm|[upkeep]
|-heal|p1a: Corviknight|60/100|[from] item: Leftovers
|upkeep
|turn|19
|
|move|p2a: Diggersby|Body Slam|p1a: Corviknight
|-resisted|p1a: Corviknight
|-damage|p1a: Corviknight|35/100
|move|p1a: Corviknight|Roost|p1a: Corviknight
|-heal|p1a: Corviknight|85/100
|-singleturn|p1a: Corviknight|move: Roost
|
|-weather|Sandstorm|[upkeep]
|-heal|p1a: Corviknight|92/100|[from] item: Leftovers
|upkeep
|turn|20
|
|move|p2a: Diggersby|Body Slam|p1a: Corviknight
|-resisted|p1a: Corviknight
|-damage|p1a: Corviknight|65/100
|-status|p1a: Corviknight|par
|move|p1a: Corviknight|Body Press|p2a: Diggersby
|-supereffective|p2a: Diggersby
|-damage|p2a: Diggersby|38/100
|
|-weather|none
|-heal|p1a: Corviknight|72/100 par|[from] item: Leftovers
|upkeep
|turn|21
|j| Slimey Gunt
|
|switch|p2a: Dracovish|Dracovish|69/100
|move|p1a: Corviknight|Body Press|p2a: Dracovish
|-damage|p2a: Dracovish|41/100
|
|-heal|p1a: Corviknight|78/100 par|[from] item: Leftovers
|upkeep
|turn|22
|
|switch|p1a: Clefable|Clefable, F|84/100 frz
|move|p2a: Dracovish|Outrage|p1a: Clefable
|-immune|p1a: Clefable
|
|-heal|p1a: Clefable|90/100 frz|[from] item: Leftovers
|upkeep
|turn|23
|
|switch|p1a: Hydreigon|Hydreigon, M|88/100
|move|p2a: Dracovish|Outrage|p1a: Hydreigon
|-supereffective|p1a: Hydreigon
|-damage|p1a: Hydreigon|0 fnt
|faint|p1a: Hydreigon
|
|upkeep
|
|switch|p1a: Steelix|Steelix, M|100/100
|turn|24
|
|move|p2a: Dracovish|Outrage|p1a: Steelix|[from]lockedmove
|-resisted|p1a: Steelix
|-damage|p1a: Steelix|84/100
|move|p1a: Steelix|Body Press|p2a: Dracovish
|-damage|p2a: Dracovish|0 fnt
|faint|p2a: Dracovish
|
|-heal|p1a: Steelix|90/100|[from] item: Leftovers
|upkeep
|
|switch|p2a: Kyurem|Kyurem|78/100
|-ability|p2a: Kyurem|Pressure
|turn|25
|
|switch|p2a: Hippowdon|Hippowdon, M|87/100
|-weather|Sandstorm|[from] ability: Sand Stream|[of] p2a: Hippowdon
|switch|p1a: Lanturn|Lanturn, F, shiny|37/100
|
|-weather|Sandstorm|[upkeep]
|-damage|p1a: Lanturn|31/100|[from] Sandstorm
|-heal|p1a: Lanturn|37/100|[from] item: Leftovers
|upkeep
|turn|26
|
|move|p1a: Lanturn|Heal Bell|p1a: Lanturn
|-activate|p1a: Lanturn|move: Heal Bell
|-curestatus|p1: Corviknight|par|[msg]
|-curestatus|p1: Clefable|frz|[msg]
|move|p2a: Hippowdon|Stealth Rock|p1a: Lanturn
|-sidestart|p1: 4funaccount|move: Stealth Rock
|
|-weather|Sandstorm|[upkeep]
|-damage|p1a: Lanturn|31/100|[from] Sandstorm
|-heal|p1a: Lanturn|37/100|[from] item: Leftovers
|upkeep
|turn|27
|
|switch|p1a: Corviknight|Corviknight, F|78/100
|-damage|p1a: Corviknight|65/100|[from] Stealth Rock
|-ability|p1a: Corviknight|Pressure
|move|p2a: Hippowdon|Whirlwind|p1a: Corviknight
|drag|p1a: Gengar|Gengar, M|34/100
|-damage|p1a: Gengar|22/100|[from] Stealth Rock
|
|-weather|Sandstorm|[upkeep]
|-damage|p1a: Gengar|15/100|[from] Sandstorm
|upkeep
|turn|28
|
|switch|p1a: Corviknight|Corviknight, F|65/100
|-damage|p1a: Corviknight|53/100|[from] Stealth Rock
|-ability|p1a: Corviknight|Pressure
|move|p2a: Hippowdon|Earthquake|p1a: Corviknight
|-immune|p1a: Corviknight
|
|-weather|Sandstorm|[upkeep]
|-heal|p1a: Corviknight|59/100|[from] item: Leftovers
|upkeep
|turn|29
|
|move|p1a: Corviknight|Defog|p2a: Hippowdon
|-unboost|p2a: Hippowdon|evasion|1
|-sideend|p1: 4funaccount|Stealth Rock|[from] move: Defog|[of] p1a: Corviknight
|move|p2a: Hippowdon|Whirlwind|p1a: Corviknight
|drag|p1a: Steelix|Steelix, M|90/100
|
|-weather|Sandstorm|[upkeep]
|-heal|p1a: Steelix|96/100|[from] item: Leftovers
|upkeep
|turn|30
|
|move|p2a: Hippowdon|Stealth Rock|p1a: Steelix
|-sidestart|p1: 4funaccount|move: Stealth Rock
|move|p1a: Steelix|Stealth Rock|p2a: Hippowdon
|-sidestart|p2: edge363|move: Stealth Rock
|
|-weather|Sandstorm|[upkeep]
|-heal|p1a: Steelix|100/100|[from] item: Leftovers
|upkeep
|turn|31
|
|move|p1a: Steelix|Iron Defense|p1a: Steelix
|-boost|p1a: Steelix|def|2
|move|p2a: Hippowdon|Whirlwind|p1a: Steelix
|drag|p1a: Corviknight|Corviknight, F|59/100
|-damage|p1a: Corviknight|47/100|[from] Stealth Rock
|-ability|p1a: Corviknight|Pressure
|
|-weather|Sandstorm|[upkeep]
|-heal|p1a: Corviknight|53/100|[from] item: Leftovers
|upkeep
|turn|32
|
|move|p1a: Corviknight|Roost|p1a: Corviknight
|-heal|p1a: Corviknight|100/100
|-singleturn|p1a: Corviknight|move: Roost
|move|p2a: Hippowdon|Whirlwind|p1a: Corviknight
|drag|p1a: Clefable|Clefable, F|90/100
|
|-weather|none
|-heal|p1a: Clefable|96/100|[from] item: Leftovers
|upkeep
|turn|33
|
|move|p1a: Clefable|Wish|p1a: Clefable
|move|p2a: Hippowdon|Whirlwind|p1a: Clefable
|drag|p1a: Lanturn|Lanturn, F, shiny|37/100
|-damage|p1a: Lanturn|25/100|[from] Stealth Rock
|
|-heal|p1a: Lanturn|31/100|[from] item: Leftovers
|upkeep
|turn|34
|
|move|p1a: Lanturn|Scald|p2a: Hippowdon
|-supereffective|p2a: Hippowdon
|-damage|p2a: Hippowdon|40/100
|move|p2a: Hippowdon|Whirlwind|p1a: Lanturn
|drag|p1a: Steelix|Steelix, M|100/100
|-damage|p1a: Steelix|97/100|[from] Stealth Rock
|
|-heal|p1a: Steelix|100/100|[from] move: Wish|[wisher] Clefable
|upkeep
|turn|35
|
|move|p2a: Hippowdon|Slack Off|p2a: Hippowdon
|-heal|p2a: Hippowdon|90/100
|move|p1a: Steelix|Iron Defense|p1a: Steelix
|-boost|p1a: Steelix|def|2
|
|upkeep
|turn|36
|
|move|p1a: Steelix|Body Press|p2a: Hippowdon
|-damage|p2a: Hippowdon|45/100
|move|p2a: Hippowdon|Whirlwind|p1a: Steelix
|drag|p1a: Gengar|Gengar, M|15/100
|-damage|p1a: Gengar|3/100|[from] Stealth Rock
|
|upkeep
|turn|37
|
|move|p1a: Gengar|Shadow Ball|p2a: Hippowdon
|-damage|p2a: Hippowdon|0 fnt
|-damage|p1a: Gengar|0 fnt|[from] item: Life Orb
|faint|p2a: Hippowdon
|faint|p1a: Gengar
|
|upkeep
|
|switch|p1a: Clefable|Clefable, F|96/100
|switch|p2a: Kyurem|Kyurem|78/100
|-damage|p2a: Kyurem|53/100|[from] Stealth Rock
|-ability|p2a: Kyurem|Pressure
|turn|38
|
|move|p2a: Kyurem|Ice Beam|p1a: Clefable
|-damage|p1a: Clefable|50/100
|move|p1a: Clefable|Moonblast|p2a: Kyurem
|-supereffective|p2a: Kyurem
|-damage|p2a: Kyurem|0 fnt
|faint|p2a: Kyurem
|
|-heal|p1a: Clefable|56/100|[from] item: Leftovers
|upkeep
|
|switch|p2a: Excadrill|Excadrill, F|37/100
|-damage|p2a: Excadrill|34/100|[from] Stealth Rock
|turn|39
|inactive|4funaccount has 120 seconds left.
|
|move|p2a: Excadrill|Swords Dance|p2a: Excadrill
|-boost|p2a: Excadrill|atk|2
|move|p1a: Clefable|Teleport|p1a: Clefable
|
|switch|p1a: Corviknight|Corviknight, F|100/100|[from]move: Teleport
|-damage|p1a: Corviknight|88/100|[from] Stealth Rock
|-ability|p1a: Corviknight|Pressure
|
|-heal|p2a: Excadrill|40/100|[from] item: Leftovers
|-heal|p1a: Corviknight|94/100|[from] item: Leftovers
|upkeep
|turn|40
|
|move|p2a: Excadrill|Rock Slide|p1a: Corviknight
|-damage|p1a: Corviknight|60/100
|move|p1a: Corviknight|Body Press|p2a: Excadrill
|-supereffective|p2a: Excadrill
|-damage|p2a: Excadrill|0 fnt
|faint|p2a: Excadrill
|
|-heal|p1a: Corviknight|67/100|[from] item: Leftovers
|upkeep
|
|switch|p2a: Diggersby|Diggersby, F|38/100
|-damage|p2a: Diggersby|32/100|[from] Stealth Rock
|turn|41
|
|move|p2a: Diggersby|Body Slam|p1a: Corviknight
|-resisted|p1a: Corviknight
|-damage|p1a: Corviknight|41/100
|move|p1a: Corviknight|Body Press|p2a: Diggersby
|-supereffective|p2a: Diggersby
|-damage|p2a: Diggersby|0 fnt
|faint|p2a: Diggersby
|
|win|4funaccount
|c|☆edge363|gg
|raw|4funaccount's rating: 1536 &rarr; <strong>1558</strong><br />(+22 for winning)
|raw|edge363's rating: 1572 &rarr; <strong>1550</strong><br />(-22 for losing)
|l|☆edge363
|l| Slimey Gunt
