|j|☆A3720
|j|☆LT93 Oquassa
|t:|1660517163
|gametype|singles
|player|p1|A3720|101|1599
|player|p2|LT93 Oquassa|preschooler|1650
|teamsize|p1|6
|teamsize|p2|6
|gen|8
|tier|[Gen 8] OU
|rated|
|rule|Sleep Clause Mod: Limit one foe put to sleep
|rule|Species Clause: Limit one of each Pokémon
|rule|OHKO Clause: OHKO moves are banned
|rule|Evasion Items Clause: Evasion items are banned
|rule|Evasion Moves Clause: Evasion moves are banned
|rule|Endless Battle Clause: Forcing endless battles is banned
|rule|HP Percentage Mod: HP is shown in percentages
|rule|Dynamax Clause: You cannot dynamax
|clearpoke
|poke|p1|Vanilluxe, M|
|poke|p1|Arctozolt|
|poke|p1|Toxapex, M|
|poke|p1|Magnezone|
|poke|p1|Landorus-Therian, M|
|poke|p1|Tornadus-Therian, M|
|poke|p2|Dragapult, M|
|poke|p2|Clefable, M|
|poke|p2|Tyranitar, F|
|poke|p2|Buzzwole|
|poke|p2|Slowking, F|
|poke|p2|Excadrill, F|
|teampreview
|inactive|Battle timer is ON: inactive players will automatically lose when time's up. (requested by LT93 Oquassa)
|c|☆LT93 Oquassa|hf hf
|
|t:|1660517182
|start
|switch|p1a: Arctozolt|Arctozolt|100/100
|switch|p2a: shellfish turban|Slowking, F|100/100
|turn|1
|
|t:|1660517197
|switch|p2a: new kid|Buzzwole|100/100
|move|p1a: Arctozolt|Bolt Beak|p2a: new kid
|-damage|p2a: new kid|61/100
|-damage|p1a: Arctozolt|84/100|[from] item: Rocky Helmet|[of] p2a: new kid
|
|upkeep
|turn|2
|c|☆A3720|u2
|
|t:|1660517206
|switch|p1a: Toxapex|Toxapex, M, shiny|100/100
|move|p2a: new kid|Roost|p2a: new kid
|-heal|p2a: new kid|100/100
|-singleturn|p2a: new kid|move: Roost
|
|upkeep
|turn|3
|
|t:|1660517218
|switch|p2a: shellfish turban|Slowking, F|100/100
|switch|p1a: Vanilluxe|Vanilluxe, M|100/100
|-weather|Hail|[from] ability: Snow Warning|[of] p1a: Vanilluxe
|
|-weather|Hail|[upkeep]
|-damage|p2a: shellfish turban|94/100|[from] Hail
|upkeep
|turn|4
|
|t:|1660517220
|move|p1a: Vanilluxe|Freeze-Dry|p2a: shellfish turban
|-supereffective|p2a: shellfish turban
|-damage|p2a: shellfish turban|29/100
|move|p2a: shellfish turban|Future Sight|p1a: Vanilluxe
|-start|p2a: shellfish turban|move: Future Sight
|
|-weather|Hail|[upkeep]
|-damage|p2a: shellfish turban|23/100|[from] Hail
|upkeep
|turn|5
|
|t:|1660517226
|switch|p2a: dune surfer|Tyranitar, F|100/100
|-weather|Sandstorm|[from] ability: Sand Stream|[of] p2a: dune surfer
|move|p1a: Vanilluxe|Freeze-Dry|p2a: dune surfer
|-damage|p2a: dune surfer|78/100
|
|-weather|Sandstorm|[upkeep]
|-damage|p1a: Vanilluxe|94/100|[from] Sandstorm
|-heal|p2a: dune surfer|84/100|[from] item: Leftovers
|upkeep
|turn|6
|
|t:|1660517234
|switch|p1a: Magnezone|Magnezone|100/100
|move|p2a: dune surfer|Stealth Rock|p1a: Magnezone
|-sidestart|p1: A3720|move: Stealth Rock
|
|-weather|Sandstorm|[upkeep]
|-end|p1a: Magnezone|move: Future Sight
|-resisted|p1a: Magnezone
|-crit|p1a: Magnezone
|-damage|p1a: Magnezone|81/100
|-heal|p2a: dune surfer|90/100|[from] item: Leftovers
|upkeep
|turn|7
|
|t:|1660517245
|switch|p1a: Tornadus|Tornadus-Therian, M|100/100
|switch|p2a: le diable clef|Clefable, M|100/100
|
|-weather|Sandstorm|[upkeep]
|-damage|p1a: Tornadus|94/100|[from] Sandstorm
|upkeep
|turn|8
|
|t:|1660517257
|move|p1a: Tornadus|Taunt|p2a: le diable clef
|-start|p2a: le diable clef|move: Taunt
|cant|p2a: le diable clef|move: Taunt|Thunder Wave
|
|-weather|Sandstorm|[upkeep]
|-damage|p1a: Tornadus|88/100|[from] Sandstorm
|upkeep
|turn|9
|
|t:|1660517260
|move|p1a: Tornadus|Defog|p2a: le diable clef
|-unboost|p2a: le diable clef|evasion|1
|-sideend|p1: A3720|Stealth Rock|[from] move: Defog|[of] p1a: Tornadus
|move|p2a: le diable clef|Knock Off|p1a: Tornadus
|-damage|p1a: Tornadus|73/100
|-enditem|p1a: Tornadus|Heavy-Duty Boots|[from] move: Knock Off|[of] p2a: le diable clef
|
|-weather|none
|upkeep
|turn|10
|
|t:|1660517268
|move|p1a: Tornadus|U-turn|p2a: le diable clef
|-resisted|p2a: le diable clef
|-damage|p2a: le diable clef|94/100
|-damage|p1a: Tornadus|56/100|[from] item: Rocky Helmet|[of] p2a: le diable clef
|
|t:|1660517271
|switch|p1a: Toxapex|Toxapex, M, shiny|100/100|[from]move: U-turn
|move|p2a: le diable clef|Moonblast|p1a: Toxapex
|-resisted|p1a: Toxapex
|-damage|p1a: Toxapex|88/100
|-unboost|p1a: Toxapex|spa|1
|-enditem|p1a: Toxapex|Eject Button
|
|t:|1660517273
|switch|p1a: Vanilluxe|Vanilluxe, M|94/100
|-weather|Hail|[from] ability: Snow Warning|[of] p1a: Vanilluxe
|
|-weather|Hail|[upkeep]
|-end|p2a: le diable clef|move: Taunt
|upkeep
|turn|11
|
|t:|1660517279
|switch|p2a: dune surfer|Tyranitar, F|90/100
|-weather|Sandstorm|[from] ability: Sand Stream|[of] p2a: dune surfer
|move|p1a: Vanilluxe|Blizzard|p2a: dune surfer
|-damage|p2a: dune surfer|56/100
|-status|p2a: dune surfer|frz
|
|-weather|Sandstorm|[upkeep]
|-damage|p1a: Vanilluxe|88/100|[from] Sandstorm
|-heal|p2a: dune surfer|62/100 frz|[from] item: Leftovers
|upkeep
|turn|12
|
|t:|1660517294
|switch|p1a: Landorus|Landorus-Therian, M|100/100
|-ability|p1a: Landorus|Intimidate|boost
|-unboost|p2a: dune surfer|atk|1
|switch|p2a: shellfish turban|Slowking, F|56/100
|
|-weather|Sandstorm|[upkeep]
|-damage|p2a: shellfish turban|50/100|[from] Sandstorm
|upkeep
|turn|13
|
|t:|1660517302
|switch|p2a: le diable clef|Clefable, M|94/100
|move|p1a: Landorus|Stealth Rock|p2a: le diable clef
|-sidestart|p2: LT93 Oquassa|move: Stealth Rock
|
|-weather|Sandstorm|[upkeep]
|upkeep
|turn|14
|
|t:|1660517312
|move|p1a: Landorus|U-turn|p2a: le diable clef
|-resisted|p2a: le diable clef
|-damage|p2a: le diable clef|86/100
|-damage|p1a: Landorus|84/100|[from] item: Rocky Helmet|[of] p2a: le diable clef
|
|t:|1660517320
|switch|p1a: Toxapex|Toxapex, M, shiny|100/100|[from]move: U-turn
|move|p2a: le diable clef|Thunder Wave|p1a: Toxapex
|-status|p1a: Toxapex|par
|
|-weather|Sandstorm|[upkeep]
|-damage|p1a: Toxapex|94/100 par|[from] Sandstorm
|upkeep
|turn|15
|
|t:|1660517330
|switch|p2a: shellfish turban|Slowking, F|83/100
|move|p1a: Toxapex|Knock Off|p2a: shellfish turban
|-supereffective|p2a: shellfish turban
|-damage|p2a: shellfish turban|61/100
|-enditem|p2a: shellfish turban|Heavy-Duty Boots|[from] move: Knock Off|[of] p1a: Toxapex
|
|-weather|none
|upkeep
|turn|16
|
|t:|1660517350
|switch|p1a: Vanilluxe|Vanilluxe, M|88/100
|-weather|Hail|[from] ability: Snow Warning|[of] p1a: Vanilluxe
|move|p2a: shellfish turban|Future Sight|p1a: Vanilluxe
|-start|p2a: shellfish turban|move: Future Sight
|
|-weather|Hail|[upkeep]
|-damage|p2a: shellfish turban|55/100|[from] Hail
|upkeep
|turn|17
|inactive|A3720 has 120 seconds left.
|inactive|LT93 Oquassa has 120 seconds left.
|inactive|A3720 has 90 seconds left.
|
|t:|1660517418
|switch|p2a: dune surfer|Tyranitar, F|62/100 frz
|-damage|p2a: dune surfer|50/100 frz|[from] Stealth Rock
|-weather|Sandstorm|[from] ability: Sand Stream|[of] p2a: dune surfer
|move|p1a: Vanilluxe|Freeze-Dry|p2a: dune surfer
|-damage|p2a: dune surfer|28/100 frz
|
|-weather|Sandstorm|[upkeep]
|-damage|p1a: Vanilluxe|82/100|[from] Sandstorm
|-heal|p2a: dune surfer|34/100 frz|[from] item: Leftovers
|upkeep
|turn|18
|inactive|A3720 has 90 seconds left.
|inactive|LT93 Oquassa has 120 seconds left.
|
|t:|1660517426
|switch|p2a: knows the drill|Excadrill, F|100/100
|-damage|p2a: knows the drill|98/100|[from] Stealth Rock
|move|p1a: Vanilluxe|Freeze-Dry|p2a: knows the drill
|-damage|p2a: knows the drill|50/100
|
|-weather|Sandstorm|[upkeep]
|-damage|p1a: Vanilluxe|76/100|[from] Sandstorm
|-end|p1a: Vanilluxe|move: Future Sight
|-damage|p1a: Vanilluxe|23/100
|-heal|p2a: knows the drill|56/100|[from] item: Leftovers
|upkeep
|turn|19
|
|t:|1660517435
|switch|p1a: Landorus|Landorus-Therian, M|84/100
|-ability|p1a: Landorus|Intimidate|boost
|-unboost|p2a: knows the drill|atk|1
|move|p2a: knows the drill|Rapid Spin|p1a: Landorus
|-damage|p1a: Landorus|75/100
|-boost|p2a: knows the drill|spe|1
|-sideend|p2: LT93 Oquassa|Stealth Rock|[from] move: Rapid Spin|[of] p2a: knows the drill
|
|-weather|Sandstorm|[upkeep]
|-heal|p2a: knows the drill|62/100|[from] item: Leftovers
|-heal|p1a: Landorus|81/100|[from] item: Leftovers
|upkeep
|turn|20
|
|t:|1660517447
|switch|p1a: Vanilluxe|Vanilluxe, M|23/100
|-weather|Hail|[from] ability: Snow Warning|[of] p1a: Vanilluxe
|move|p2a: knows the drill|Toxic|p1a: Vanilluxe
|-status|p1a: Vanilluxe|tox
|
|-weather|Hail|[upkeep]
|-damage|p2a: knows the drill|56/100|[from] Hail
|-heal|p2a: knows the drill|62/100|[from] item: Leftovers
|-damage|p1a: Vanilluxe|17/100 tox|[from] psn
|upkeep
|turn|21
|
|t:|1660517460
|switch|p1a: Landorus|Landorus-Therian, M|81/100
|-ability|p1a: Landorus|Intimidate|boost
|-unboost|p2a: knows the drill|atk|1
|move|p2a: knows the drill|Toxic|p1a: Landorus
|-status|p1a: Landorus|tox
|
|-weather|Hail|[upkeep]
|-damage|p2a: knows the drill|56/100|[from] Hail
|-damage|p1a: Landorus|75/100 tox|[from] Hail
|-heal|p2a: knows the drill|62/100|[from] item: Leftovers
|-heal|p1a: Landorus|81/100 tox|[from] item: Leftovers
|-damage|p1a: Landorus|75/100 tox|[from] psn
|upkeep
|turn|22
|
|t:|1660517482
|switch|p2a: le diable clef|Clefable, M|86/100
|switch|p1a: Arctozolt|Arctozolt|84/100
|
|-weather|Hail|[upkeep]
|upkeep
|turn|23
|
|t:|1660517490
|switch|p2a: dune surfer|Tyranitar, F|34/100 frz
|-weather|Sandstorm|[from] ability: Sand Stream|[of] p2a: dune surfer
|move|p1a: Arctozolt|Blizzard|p2a: dune surfer|[miss]
|-miss|p1a: Arctozolt|p2a: dune surfer
|
|-weather|Sandstorm|[upkeep]
|-damage|p1a: Arctozolt|78/100|[from] Sandstorm
|-heal|p2a: dune surfer|40/100 frz|[from] item: Leftovers
|upkeep
|turn|24
|
|t:|1660517505
|switch|p2a: knows the drill|Excadrill, F|62/100
|move|p1a: Arctozolt|Blizzard|p2a: knows the drill
|-damage|p2a: knows the drill|1/100
|
|-weather|Sandstorm|[upkeep]
|-damage|p1a: Arctozolt|72/100|[from] Sandstorm
|-heal|p2a: knows the drill|7/100|[from] item: Leftovers
|upkeep
|turn|25
|
|t:|1660517527
|switch|p1a: Tornadus|Tornadus-Therian, M|89/100
|move|p2a: knows the drill|Iron Head|p1a: Tornadus
|-damage|p1a: Tornadus|52/100
|
|-weather|Sandstorm|[upkeep]
|-damage|p1a: Tornadus|46/100|[from] Sandstorm
|-heal|p2a: knows the drill|13/100|[from] item: Leftovers
|upkeep
|turn|26
|
|t:|1660517537
|move|p2a: knows the drill|Iron Head|p1a: Tornadus
|-damage|p1a: Tornadus|12/100
|move|p1a: Tornadus|U-turn|p2a: knows the drill
|-resisted|p2a: knows the drill
|-damage|p2a: knows the drill|4/100
|
|t:|1660517547
|switch|p1a: Vanilluxe|Vanilluxe, M|17/100 tox|[from]move: U-turn
|-weather|Hail|[from] ability: Snow Warning|[of] p1a: Vanilluxe
|
|-weather|Hail|[upkeep]
|-damage|p2a: knows the drill|0 fnt|[from] Hail
|faint|p2a: knows the drill
|-damage|p1a: Vanilluxe|11/100 tox|[from] psn
|upkeep
|
|t:|1660517552
|switch|p2a: dune surfer|Tyranitar, F|40/100 frz
|-weather|Sandstorm|[from] ability: Sand Stream|[of] p2a: dune surfer
|turn|27
|
|t:|1660517565
|switch|p1a: Landorus|Landorus-Therian, M|75/100 tox
|-ability|p1a: Landorus|Intimidate|boost
|-unboost|p2a: dune surfer|atk|1
|-curestatus|p2a: dune surfer|frz|[msg]
|move|p2a: dune surfer|Stealth Rock|p1a: Landorus
|-sidestart|p1: A3720|move: Stealth Rock
|
|-weather|Sandstorm|[upkeep]
|-heal|p1a: Landorus|81/100 tox|[from] item: Leftovers
|-heal|p2a: dune surfer|46/100|[from] item: Leftovers
|-damage|p1a: Landorus|75/100 tox|[from] psn
|upkeep
|turn|28
|
|t:|1660517575
|switch|p2a: le diable clef|Clefable, M|86/100
|move|p1a: Landorus|U-turn|p2a: le diable clef
|-resisted|p2a: le diable clef
|-damage|p2a: le diable clef|76/100
|-damage|p1a: Landorus|58/100 tox|[from] item: Rocky Helmet|[of] p2a: le diable clef
|
|t:|1660517577
|switch|p1a: Tornadus|Tornadus-Therian, M|46/100|[from]move: U-turn
|-damage|p1a: Tornadus|21/100|[from] Stealth Rock
|
|-weather|Sandstorm|[upkeep]
|-damage|p1a: Tornadus|15/100|[from] Sandstorm
|upkeep
|turn|29
|
|t:|1660517586
|move|p1a: Tornadus|Defog|p2a: le diable clef
|-unboost|p2a: le diable clef|evasion|1
|-sideend|p1: A3720|Stealth Rock|[from] move: Defog|[of] p1a: Tornadus
|move|p2a: le diable clef|Moonblast|p1a: Tornadus
|-damage|p1a: Tornadus|0 fnt
|faint|p1a: Tornadus
|
|-weather|Sandstorm|[upkeep]
|upkeep
|inactive|A3720 has 120 seconds left.
|
|t:|1660517601
|switch|p1a: Magnezone|Magnezone|81/100
|turn|30
|inactive|LT93 Oquassa has 120 seconds left.
|
|t:|1660517644
|switch|p2a: shellfish turban|Slowking, F|88/100
|move|p1a: Magnezone|Flash Cannon|p2a: shellfish turban
|-resisted|p2a: shellfish turban
|-damage|p2a: shellfish turban|73/100
|
|-weather|Sandstorm|[upkeep]
|-damage|p2a: shellfish turban|67/100|[from] Sandstorm
|upkeep
|turn|31
|
|t:|1660517663
|move|p1a: Magnezone|Discharge|p2a: shellfish turban
|-supereffective|p2a: shellfish turban
|-crit|p2a: shellfish turban
|-damage|p2a: shellfish turban|0 fnt
|faint|p2a: shellfish turban
|
|-weather|none
|upkeep
|
|t:|1660517668
|switch|p2a: new kid|Buzzwole|100/100
|turn|32
|
|t:|1660517673
|switch|p2a: roll the dice|Dragapult, M|100/100
|switch|p1a: Toxapex|Toxapex, M, shiny|100/100 par
|
|upkeep
|turn|33
|inactive|LT93 Oquassa has 120 seconds left.
|
|t:|1660517685
|move|p2a: roll the dice|U-turn|p1a: Toxapex
|-resisted|p1a: Toxapex
|-damage|p1a: Toxapex|94/100 par
|
|t:|1660517687
|switch|p2a: dune surfer|Tyranitar, F|46/100|[from]move: U-turn
|-weather|Sandstorm|[from] ability: Sand Stream|[of] p2a: dune surfer
|cant|p1a: Toxapex|par
|
|-weather|Sandstorm|[upkeep]
|-damage|p1a: Toxapex|88/100 par|[from] Sandstorm
|-heal|p2a: dune surfer|53/100|[from] item: Leftovers
|upkeep
|turn|34
|
|t:|1660517692
|move|p2a: dune surfer|Stealth Rock|p1a: Toxapex
|-sidestart|p1: A3720|move: Stealth Rock
|move|p1a: Toxapex|Toxic|p2a: dune surfer
|-status|p2a: dune surfer|tox
|
|-weather|Sandstorm|[upkeep]
|-damage|p1a: Toxapex|81/100 par|[from] Sandstorm
|-heal|p2a: dune surfer|59/100 tox|[from] item: Leftovers
|-damage|p2a: dune surfer|53/100 tox|[from] psn
|upkeep
|turn|35
|
|t:|1660517709
|switch|p2a: le diable clef|Clefable, M|76/100
|move|p1a: Toxapex|Knock Off|p2a: le diable clef
|-resisted|p2a: le diable clef
|-damage|p2a: le diable clef|71/100
|-damage|p1a: Toxapex|65/100 par|[from] item: Rocky Helmet|[of] p2a: le diable clef
|-enditem|p2a: le diable clef|Rocky Helmet|[from] move: Knock Off|[of] p1a: Toxapex
|
|-weather|Sandstorm|[upkeep]
|-damage|p1a: Toxapex|59/100 par|[from] Sandstorm
|upkeep
|turn|36
|
|t:|1660517713
|move|p2a: le diable clef|Soft-Boiled|p2a: le diable clef
|-heal|p2a: le diable clef|100/100
|move|p1a: Toxapex|Recover|p1a: Toxapex
|-heal|p1a: Toxapex|100/100 par
|
|-weather|Sandstorm|[upkeep]
|-damage|p1a: Toxapex|94/100 par|[from] Sandstorm
|upkeep
|turn|37
|
|t:|1660517722
|move|p2a: le diable clef|Moonblast|p1a: Toxapex
|-resisted|p1a: Toxapex
|-damage|p1a: Toxapex|81/100 par
|cant|p1a: Toxapex|par
|
|-weather|none
|upkeep
|turn|38
|
|t:|1660517734
|move|p2a: le diable clef|Knock Off|p1a: Toxapex
|-damage|p1a: Toxapex|75/100 par
|move|p1a: Toxapex|Knock Off|p2a: le diable clef
|-resisted|p2a: le diable clef
|-damage|p2a: le diable clef|97/100
|
|upkeep
|turn|39
|
|t:|1660517753
|move|p2a: le diable clef|Knock Off|p1a: Toxapex
|-damage|p1a: Toxapex|69/100 par
|move|p1a: Toxapex|Haze|p1a: Toxapex
|-clearallboost
|
|upkeep
|turn|40
|
|t:|1660517761
|move|p2a: le diable clef|Knock Off|p1a: Toxapex
|-damage|p1a: Toxapex|63/100 par
|cant|p1a: Toxapex|par
|
|upkeep
|turn|41
|
|t:|1660517766
|switch|p2a: roll the dice|Dragapult, M|100/100
|move|p1a: Toxapex|Haze|p1a: Toxapex
|-clearallboost
|
|upkeep
|turn|42
|
|t:|1660517772
|switch|p1a: Magnezone|Magnezone|81/100
|-damage|p1a: Magnezone|75/100|[from] Stealth Rock
|move|p2a: roll the dice|Hex|p1a: Magnezone
|-damage|p1a: Magnezone|57/100
|
|upkeep
|turn|43
|
|t:|1660517790
|move|p2a: roll the dice|Dragon Darts|p1a: Magnezone
|-resisted|p1a: Magnezone
|-damage|p1a: Magnezone|45/100
|-anim|p2a: roll the dice|Dragon Darts|p1a: Magnezone
|-resisted|p1a: Magnezone
|-damage|p1a: Magnezone|33/100
|move|p1a: Magnezone|Flash Cannon|p2a: roll the dice
|-damage|p2a: roll the dice|39/100
|
|upkeep
|turn|44
|
|t:|1660517798
|move|p2a: roll the dice|U-turn|p1a: Magnezone
|-resisted|p1a: Magnezone
|-damage|p1a: Magnezone|22/100
|
|t:|1660517803
|switch|p2a: new kid|Buzzwole|100/100|[from]move: U-turn
|move|p1a: Magnezone|Flash Cannon|p2a: new kid
|-damage|p2a: new kid|41/100
|
|upkeep
|turn|45
|
|t:|1660517816
|switch|p1a: Vanilluxe|Vanilluxe, M|11/100 tox
|-damage|p1a: Vanilluxe|0 fnt|[from] Stealth Rock
|faint|p1a: Vanilluxe
|move|p2a: new kid|Roost|p2a: new kid
|-heal|p2a: new kid|92/100
|-singleturn|p2a: new kid|move: Roost
|
|upkeep
|j| Astano
|
|t:|1660517825
|switch|p1a: Landorus|Landorus-Therian, M|58/100 tox
|-damage|p1a: Landorus|46/100 tox|[from] Stealth Rock
|-ability|p1a: Landorus|Intimidate|boost
|-unboost|p2a: new kid|atk|1
|turn|46
|
|t:|1660517829
|move|p1a: Landorus|Toxic|p2a: new kid
|-status|p2a: new kid|tox
|move|p2a: new kid|Ice Punch|p1a: Landorus
|-supereffective|p1a: Landorus
|-damage|p1a: Landorus|0 fnt
|faint|p1a: Landorus
|-ability|p2a: new kid|Beast Boost|boost
|-boost|p2a: new kid|atk|1
|
|-damage|p2a: new kid|85/100 tox|[from] psn
|upkeep
|
|t:|1660517832
|switch|p1a: Toxapex|Toxapex, M, shiny|96/100 par
|-damage|p1a: Toxapex|83/100 par|[from] Stealth Rock
|turn|47
|
|t:|1660517844
|switch|p2a: le diable clef|Clefable, M|97/100
|move|p1a: Toxapex|Knock Off|p2a: le diable clef
|-resisted|p2a: le diable clef
|-crit|p2a: le diable clef
|-damage|p2a: le diable clef|92/100
|
|upkeep
|turn|48
|l| Astano
|
|t:|1660517856
|move|p2a: le diable clef|Moonblast|p1a: Toxapex
|-resisted|p1a: Toxapex
|-damage|p1a: Toxapex|70/100 par
|move|p1a: Toxapex|Knock Off|p2a: le diable clef
|-resisted|p2a: le diable clef
|-damage|p2a: le diable clef|88/100
|
|upkeep
|turn|49
|
|t:|1660517859
|move|p2a: le diable clef|Moonblast|p1a: Toxapex
|-resisted|p1a: Toxapex
|-damage|p1a: Toxapex|56/100 par
|cant|p1a: Toxapex|par
|
|upkeep
|turn|50
|
|t:|1660517863
|move|p2a: le diable clef|Moonblast|p1a: Toxapex
|-resisted|p1a: Toxapex
|-damage|p1a: Toxapex|43/100 par
|cant|p1a: Toxapex|par
|
|upkeep
|turn|51
|
|t:|1660517877
|switch|p2a: roll the dice|Dragapult, M|39/100
|cant|p1a: Toxapex|par
|
|upkeep
|turn|52
|
|t:|1660517900
|switch|p1a: Arctozolt|Arctozolt|72/100
|-damage|p1a: Arctozolt|47/100|[from] Stealth Rock
|move|p2a: roll the dice|Hex|p1a: Arctozolt
|-damage|p1a: Arctozolt|6/100
|
|upkeep
|turn|53
|
|t:|1660517907
|move|p2a: roll the dice|Hex|p1a: Arctozolt
|-crit|p1a: Arctozolt
|-damage|p1a: Arctozolt|0 fnt
|faint|p1a: Arctozolt
|
|upkeep
|
|t:|1660517917
|switch|p1a: Toxapex|Toxapex, M, shiny|76/100 par
|-damage|p1a: Toxapex|64/100 par|[from] Stealth Rock
|turn|54
|
|t:|1660517920
|move|p2a: roll the dice|Hex|p1a: Toxapex
|-damage|p1a: Toxapex|20/100 par
|move|p1a: Toxapex|Knock Off|p2a: roll the dice
|-supereffective|p2a: roll the dice
|-damage|p2a: roll the dice|0 fnt
|-enditem|p2a: roll the dice|Heavy-Duty Boots|[from] move: Knock Off|[of] p1a: Toxapex
|faint|p2a: roll the dice
|
|upkeep
|
|t:|1660517925
|switch|p2a: dune surfer|Tyranitar, F|53/100 tox
|-weather|Sandstorm|[from] ability: Sand Stream|[of] p2a: dune surfer
|turn|55
|
|t:|1660517931
|switch|p1a: Magnezone|Magnezone|22/100
|-damage|p1a: Magnezone|16/100|[from] Stealth Rock
|move|p2a: dune surfer|Earthquake|p1a: Magnezone
|-supereffective|p1a: Magnezone
|-damage|p1a: Magnezone|0 fnt
|faint|p1a: Magnezone
|
|-weather|Sandstorm|[upkeep]
|-heal|p2a: dune surfer|59/100 tox|[from] item: Leftovers
|-damage|p2a: dune surfer|53/100 tox|[from] psn
|upkeep
|
|t:|1660517942
|switch|p1a: Toxapex|Toxapex, M, shiny|53/100 par
|-damage|p1a: Toxapex|41/100 par|[from] Stealth Rock
|turn|56
|
|t:|1660517946
|move|p2a: dune surfer|Rock Slide|p1a: Toxapex
|-damage|p1a: Toxapex|20/100 par
|move|p1a: Toxapex|Recover|p1a: Toxapex
|-heal|p1a: Toxapex|70/100 par
|
|-weather|Sandstorm|[upkeep]
|-damage|p1a: Toxapex|63/100 par|[from] Sandstorm
|-heal|p2a: dune surfer|59/100 tox|[from] item: Leftovers
|-damage|p2a: dune surfer|46/100 tox|[from] psn
|upkeep
|turn|57
|
|t:|1660517971
|switch|p2a: le diable clef|Clefable, M|88/100
|move|p1a: Toxapex|Recover|p1a: Toxapex
|-heal|p1a: Toxapex|100/100 par
|
|-weather|Sandstorm|[upkeep]
|-damage|p1a: Toxapex|94/100 par|[from] Sandstorm
|upkeep
|turn|58
|
|t:|1660517983
|move|p2a: le diable clef|Moonblast|p1a: Toxapex
|-resisted|p1a: Toxapex
|-damage|p1a: Toxapex|80/100 par
|-unboost|p1a: Toxapex|spa|1
|move|p1a: Toxapex|Haze|p1a: Toxapex
|-clearallboost
|
|-weather|Sandstorm|[upkeep]
|-damage|p1a: Toxapex|74/100 par|[from] Sandstorm
|upkeep
|turn|59
|inactive|LT93 Oquassa has 120 seconds left.
|inactive|LT93 Oquassa has 90 seconds left.
|inactive|LT93 Oquassa has 60 seconds left.
|
|t:|1660518071
|move|p2a: le diable clef|Knock Off|p1a: Toxapex
|-damage|p1a: Toxapex|68/100 par
|move|p1a: Toxapex|Haze|p1a: Toxapex
|-clearallboost
|
|-weather|none
|upkeep
|turn|60
|inactive|LT93 Oquassa has 60 seconds left.
|
|t:|1660518083
|move|p2a: le diable clef|Knock Off|p1a: Toxapex
|-damage|p1a: Toxapex|62/100 par
|cant|p1a: Toxapex|par
|
|upkeep
|turn|61
|
|t:|1660518088
|move|p2a: le diable clef|Knock Off|p1a: Toxapex
|-damage|p1a: Toxapex|55/100 par
|move|p1a: Toxapex|Haze|p1a: Toxapex
|-clearallboost
|
|upkeep
|turn|62
|
|t:|1660518096
|switch|p2a: dune surfer|Tyranitar, F|46/100 tox
|-weather|Sandstorm|[from] ability: Sand Stream|[of] p2a: dune surfer
|move|p1a: Toxapex|Haze|p1a: Toxapex
|-clearallboost
|
|-weather|Sandstorm|[upkeep]
|-damage|p1a: Toxapex|49/100 par|[from] Sandstorm
|-heal|p2a: dune surfer|53/100 tox|[from] item: Leftovers
|-damage|p2a: dune surfer|46/100 tox|[from] psn
|upkeep
|turn|63
|
|t:|1660518102
|move|p2a: dune surfer|Earthquake|p1a: Toxapex
|-supereffective|p1a: Toxapex
|-damage|p1a: Toxapex|15/100 par
|move|p1a: Toxapex|Recover|p1a: Toxapex
|-heal|p1a: Toxapex|65/100 par
|
|-weather|Sandstorm|[upkeep]
|-damage|p1a: Toxapex|59/100 par|[from] Sandstorm
|-heal|p2a: dune surfer|53/100 tox|[from] item: Leftovers
|-damage|p2a: dune surfer|40/100 tox|[from] psn
|upkeep
|turn|64
|
|t:|1660518114
|switch|p2a: le diable clef|Clefable, M|88/100
|move|p1a: Toxapex|Recover|p1a: Toxapex
|-heal|p1a: Toxapex|100/100 par
|
|-weather|Sandstorm|[upkeep]
|-damage|p1a: Toxapex|94/100 par|[from] Sandstorm
|upkeep
|turn|65
|
|t:|1660518122
|move|p2a: le diable clef|Knock Off|p1a: Toxapex
|-damage|p1a: Toxapex|88/100 par
|move|p1a: Toxapex|Haze|p1a: Toxapex
|-clearallboost
|
|-weather|Sandstorm|[upkeep]
|-damage|p1a: Toxapex|81/100 par|[from] Sandstorm
|upkeep
|turn|66
|
|t:|1660518129
|move|p2a: le diable clef|Knock Off|p1a: Toxapex
|-damage|p1a: Toxapex|75/100 par
|move|p1a: Toxapex|Haze|p1a: Toxapex
|-clearallboost
|
|-weather|none
|upkeep
|turn|67
|
|t:|1660518132
|move|p2a: le diable clef|Knock Off|p1a: Toxapex
|-damage|p1a: Toxapex|69/100 par
|cant|p1a: Toxapex|par
|
|upkeep
|turn|68
|
|t:|1660518139
|move|p2a: le diable clef|Knock Off|p1a: Toxapex
|-damage|p1a: Toxapex|63/100 par
|move|p1a: Toxapex|Haze|p1a: Toxapex
|-clearallboost
|
|upkeep
|turn|69
|
|t:|1660518144
|move|p2a: le diable clef|Knock Off|p1a: Toxapex
|-damage|p1a: Toxapex|57/100 par
|cant|p1a: Toxapex|par
|
|upkeep
|turn|70
|
|t:|1660518150
|switch|p2a: new kid|Buzzwole|85/100 tox
|cant|p1a: Toxapex|par
|
|-damage|p2a: new kid|79/100 tox|[from] psn
|upkeep
|turn|71
|
|t:|1660518155
|switch|p2a: le diable clef|Clefable, M|88/100
|move|p1a: Toxapex|Recover|p1a: Toxapex
|-heal|p1a: Toxapex|100/100 par
|
|upkeep
|turn|72
|
|t:|1660518159
|move|p2a: le diable clef|Knock Off|p1a: Toxapex
|-damage|p1a: Toxapex|95/100 par
|move|p1a: Toxapex|Haze|p1a: Toxapex
|-clearallboost
|
|upkeep
|turn|73
|
|t:|1660518162
|switch|p2a: dune surfer|Tyranitar, F|40/100 tox
|-weather|Sandstorm|[from] ability: Sand Stream|[of] p2a: dune surfer
|cant|p1a: Toxapex|par
|
|-weather|Sandstorm|[upkeep]
|-damage|p1a: Toxapex|88/100 par|[from] Sandstorm
|-heal|p2a: dune surfer|46/100 tox|[from] item: Leftovers
|-damage|p2a: dune surfer|40/100 tox|[from] psn
|upkeep
|turn|74
|
|t:|1660518168
|switch|p2a: le diable clef|Clefable, M|88/100
|cant|p1a: Toxapex|par
|
|-weather|Sandstorm|[upkeep]
|-damage|p1a: Toxapex|82/100 par|[from] Sandstorm
|upkeep
|turn|75
|
|t:|1660518170
|move|p2a: le diable clef|Knock Off|p1a: Toxapex
|-damage|p1a: Toxapex|76/100 par
|move|p1a: Toxapex|Haze|p1a: Toxapex
|-clearallboost
|
|-weather|Sandstorm|[upkeep]
|-damage|p1a: Toxapex|70/100 par|[from] Sandstorm
|upkeep
|turn|76
|
|t:|1660518173
|move|p2a: le diable clef|Knock Off|p1a: Toxapex
|-damage|p1a: Toxapex|64/100 par
|move|p1a: Toxapex|Haze|p1a: Toxapex
|-clearallboost
|
|-weather|Sandstorm|[upkeep]
|-damage|p1a: Toxapex|58/100 par|[from] Sandstorm
|upkeep
|turn|77
|
|t:|1660518183
|switch|p2a: new kid|Buzzwole|79/100 tox
|move|p1a: Toxapex|Recover|p1a: Toxapex
|-heal|p1a: Toxapex|100/100 par
|
|-weather|none
|-damage|p2a: new kid|73/100 tox|[from] psn
|upkeep
|turn|78
|
|t:|1660518190
|switch|p2a: le diable clef|Clefable, M|88/100
|move|p1a: Toxapex|Knock Off|p2a: le diable clef
|-resisted|p2a: le diable clef
|-damage|p2a: le diable clef|84/100
|
|upkeep
|turn|79
|
|t:|1660518194
|move|p2a: le diable clef|Knock Off|p1a: Toxapex
|-damage|p1a: Toxapex|95/100 par
|cant|p1a: Toxapex|par
|
|upkeep
|turn|80
|
|t:|1660518197
|move|p2a: le diable clef|Knock Off|p1a: Toxapex
|-damage|p1a: Toxapex|88/100 par
|move|p1a: Toxapex|Haze|p1a: Toxapex
|-clearallboost
|
|upkeep
|turn|81
|
|t:|1660518199
|move|p2a: le diable clef|Knock Off|p1a: Toxapex
|-damage|p1a: Toxapex|82/100 par
|move|p1a: Toxapex|Haze|p1a: Toxapex
|-clearallboost
|
|upkeep
|turn|82
|
|t:|1660518202
|switch|p2a: dune surfer|Tyranitar, F|40/100 tox
|-weather|Sandstorm|[from] ability: Sand Stream|[of] p2a: dune surfer
|move|p1a: Toxapex|Haze|p1a: Toxapex
|-clearallboost
|
|-weather|Sandstorm|[upkeep]
|-damage|p1a: Toxapex|76/100 par|[from] Sandstorm
|-heal|p2a: dune surfer|46/100 tox|[from] item: Leftovers
|-damage|p2a: dune surfer|40/100 tox|[from] psn
|upkeep
|turn|83
|
|t:|1660518206
|switch|p2a: le diable clef|Clefable, M|84/100
|move|p1a: Toxapex|Knock Off|p2a: le diable clef
|-resisted|p2a: le diable clef
|-damage|p2a: le diable clef|80/100
|
|-weather|Sandstorm|[upkeep]
|-damage|p1a: Toxapex|70/100 par|[from] Sandstorm
|upkeep
|turn|84
|
|t:|1660518209
|move|p2a: le diable clef|Knock Off|p1a: Toxapex
|-damage|p1a: Toxapex|63/100 par
|move|p1a: Toxapex|Haze|p1a: Toxapex
|-clearallboost
|
|-weather|Sandstorm|[upkeep]
|-damage|p1a: Toxapex|57/100 par|[from] Sandstorm
|upkeep
|turn|85
|
|t:|1660518217
|switch|p2a: dune surfer|Tyranitar, F|40/100 tox
|move|p1a: Toxapex|Recover|p1a: Toxapex
|-heal|p1a: Toxapex|100/100 par
|
|-weather|Sandstorm|[upkeep]
|-damage|p1a: Toxapex|94/100 par|[from] Sandstorm
|-heal|p2a: dune surfer|46/100 tox|[from] item: Leftovers
|-damage|p2a: dune surfer|40/100 tox|[from] psn
|upkeep
|turn|86
|
|t:|1660518224
|switch|p2a: le diable clef|Clefable, M|80/100
|move|p1a: Toxapex|Knock Off|p2a: le diable clef
|-resisted|p2a: le diable clef
|-damage|p2a: le diable clef|76/100
|
|-weather|none
|upkeep
|turn|87
|
|t:|1660518230
|move|p2a: le diable clef|Thunder Wave|p1a: Toxapex
|-fail|p1a: Toxapex|par
|cant|p1a: Toxapex|par
|
|upkeep
|turn|88
|
|t:|1660518234
|move|p2a: le diable clef|Thunder Wave|p1a: Toxapex
|-fail|p1a: Toxapex|par
|cant|p1a: Toxapex|par
|
|upkeep
|turn|89
|
|t:|1660518242
|move|p2a: le diable clef|Moonblast|p1a: Toxapex
|-resisted|p1a: Toxapex
|-damage|p1a: Toxapex|80/100 par
|-unboost|p1a: Toxapex|spa|1
|move|p1a: Toxapex|Haze|p1a: Toxapex
|-clearallboost
|
|upkeep
|turn|90
|
|t:|1660518245
|move|p2a: le diable clef|Moonblast|p1a: Toxapex
|-resisted|p1a: Toxapex
|-damage|p1a: Toxapex|68/100 par
|-unboost|p1a: Toxapex|spa|1
|cant|p1a: Toxapex|par
|
|upkeep
|turn|91
|
|t:|1660518250
|move|p2a: le diable clef|Moonblast|p1a: Toxapex
|-resisted|p1a: Toxapex
|-damage|p1a: Toxapex|54/100 par
|-unboost|p1a: Toxapex|spa|1
|move|p1a: Toxapex|Haze|p1a: Toxapex
|-clearallboost
|
|upkeep
|turn|92
|
|t:|1660518257
|switch|p2a: dune surfer|Tyranitar, F|40/100 tox
|-weather|Sandstorm|[from] ability: Sand Stream|[of] p2a: dune surfer
|move|p1a: Toxapex|Recover|p1a: Toxapex
|-heal|p1a: Toxapex|100/100 par
|
|-weather|Sandstorm|[upkeep]
|-damage|p1a: Toxapex|94/100 par|[from] Sandstorm
|-heal|p2a: dune surfer|46/100 tox|[from] item: Leftovers
|-damage|p2a: dune surfer|40/100 tox|[from] psn
|upkeep
|turn|93
|
|t:|1660518262
|switch|p2a: le diable clef|Clefable, M|76/100
|move|p1a: Toxapex|Knock Off|p2a: le diable clef
|-resisted|p2a: le diable clef
|-damage|p2a: le diable clef|72/100
|
|-weather|Sandstorm|[upkeep]
|-damage|p1a: Toxapex|88/100 par|[from] Sandstorm
|upkeep
|turn|94
|
|t:|1660518271
|move|p2a: le diable clef|Thunder Wave|p1a: Toxapex
|-fail|p1a: Toxapex|par
|move|p1a: Toxapex|Haze|p1a: Toxapex
|-clearallboost
|
|-weather|Sandstorm|[upkeep]
|-damage|p1a: Toxapex|82/100 par|[from] Sandstorm
|upkeep
|turn|95
|
|t:|1660518273
|move|p2a: le diable clef|Thunder Wave|p1a: Toxapex
|-fail|p1a: Toxapex|par
|move|p1a: Toxapex|Haze|p1a: Toxapex
|-clearallboost
|
|-weather|Sandstorm|[upkeep]
|-damage|p1a: Toxapex|75/100 par|[from] Sandstorm
|upkeep
|turn|96
|
|t:|1660518281
|move|p2a: le diable clef|Knock Off|p1a: Toxapex
|-damage|p1a: Toxapex|69/100 par
|move|p1a: Toxapex|Haze|p1a: Toxapex
|-clearallboost
|
|-weather|none
|upkeep
|turn|97
|
|t:|1660518287
|switch|p2a: new kid|Buzzwole|73/100 tox
|move|p1a: Toxapex|Haze|p1a: Toxapex
|-clearallboost
|
|-damage|p2a: new kid|67/100 tox|[from] psn
|upkeep
|turn|98
|
|t:|1660518294
|move|p2a: new kid|Close Combat|p1a: Toxapex
|-resisted|p1a: Toxapex
|-damage|p1a: Toxapex|50/100 par
|-unboost|p2a: new kid|def|1
|-unboost|p2a: new kid|spd|1
|cant|p1a: Toxapex|par
|
|-damage|p2a: new kid|55/100 tox|[from] psn
|upkeep
|turn|99
|
|t:|1660518300
|switch|p2a: dune surfer|Tyranitar, F|40/100 tox
|-weather|Sandstorm|[from] ability: Sand Stream|[of] p2a: dune surfer
|move|p1a: Toxapex|Recover|p1a: Toxapex
|-heal|p1a: Toxapex|99/100 par
|
|-weather|Sandstorm|[upkeep]
|-damage|p1a: Toxapex|94/100 par|[from] Sandstorm
|-heal|p2a: dune surfer|46/100 tox|[from] item: Leftovers
|-damage|p2a: dune surfer|40/100 tox|[from] psn
|upkeep
|turn|100
|
|t:|1660518303
|switch|p2a: le diable clef|Clefable, M|72/100
|cant|p1a: Toxapex|par
|
|-weather|Sandstorm|[upkeep]
|-damage|p1a: Toxapex|87/100 par|[from] Sandstorm
|upkeep
|turn|101
|
|t:|1660518309
|move|p2a: le diable clef|Moonblast|p1a: Toxapex
|-resisted|p1a: Toxapex
|-damage|p1a: Toxapex|75/100 par
|cant|p1a: Toxapex|par
|
|-weather|Sandstorm|[upkeep]
|-damage|p1a: Toxapex|69/100 par|[from] Sandstorm
|upkeep
|turn|102
|-message|A3720 forfeited.
|
|win|LT93 Oquassa
|raw|A3720's rating: 1599 &rarr; <strong>1582</strong><br />(-17 for losing)
|raw|LT93 Oquassa's rating: 1650 &rarr; <strong>1667</strong><br />(+17 for winning)
|l|☆A3720
