|html|<div class="broadcast-blue"><strong>[Gen 8] OU is currently suspecting Melmetal! For information on how to participate check out the <a href="https://www.smogon.com/forums/threads/np-ss-ou-suspect-process-round-12-monster-mash.3709234/">suspect thread</a>.</strong></div>
|j|☆Pomroz
|j|☆FvkboyCharmander
|t:|1665828931
|gametype|singles
|player|p1|Pomroz|psychicf-gen4|1665
|player|p2|FvkboyCharmander|1|1711
|teamsize|p1|6
|teamsize|p2|6
|gen|8
|tier|[Gen 8] OU
|rated|
|rule|Sleep Clause Mod: Limit one foe put to sleep
|rule|Species Clause: Limit one of each Pokémon
|rule|OHKO Clause: OHKO moves are banned
|rule|Evasion Items Clause: Evasion items are banned
|rule|Evasion Moves Clause: Evasion moves are banned
|rule|Endless Battle Clause: Forcing endless battles is banned
|rule|HP Percentage Mod: HP is shown in percentages
|rule|Dynamax Clause: You cannot dynamax
|clearpoke
|poke|p1|Tornadus-Therian, M|
|poke|p1|Dracozolt|
|poke|p1|Slowbro, F|
|poke|p1|Tyranitar, F|
|poke|p1|Excadrill, F|
|poke|p1|Melmetal|
|poke|p2|Ninetales-Alola, F|
|poke|p2|Blaziken, F|
|poke|p2|Azumarill, F|
|poke|p2|Landorus-Therian, M|
|poke|p2|Rillaboom, M|
|poke|p2|Hawlucha, M|
|teampreview
|
|t:|1665828934
|start
|switch|p1a: Lillith|Tyranitar, F|100/100
|switch|p2a: Landorus|Landorus-Therian, M|100/100
|-ability|p2a: Landorus|Intimidate|boost
|-unboost|p1a: Lillith|atk|1
|-weather|Sandstorm|[from] ability: Sand Stream|[of] p1a: Lillith
|turn|1
|
|t:|1665828946
|switch|p1a: Tornadus|Tornadus-Therian, M|100/100
|move|p2a: Landorus|Earthquake|p1a: Tornadus
|-immune|p1a: Tornadus
|
|-weather|Sandstorm|[upkeep]
|-damage|p1a: Tornadus|94/100|[from] Sandstorm
|upkeep
|turn|2
|
|t:|1665828951
|move|p1a: Tornadus|Knock Off|p2a: Landorus
|-damage|p2a: Landorus|76/100
|-damage|p1a: Tornadus|78/100|[from] item: Rocky Helmet|[of] p2a: Landorus
|-enditem|p2a: Landorus|Rocky Helmet|[from] move: Knock Off|[of] p1a: Tornadus
|move|p2a: Landorus|Toxic|p1a: Tornadus
|-status|p1a: Tornadus|tox
|
|-weather|Sandstorm|[upkeep]
|-damage|p1a: Tornadus|72/100 tox|[from] Sandstorm
|-damage|p1a: Tornadus|66/100 tox|[from] psn
|upkeep
|turn|3
|
|t:|1665828954
|move|p1a: Tornadus|Hurricane|p2a: Landorus
|-damage|p2a: Landorus|24/100
|move|p2a: Landorus|Stealth Rock|p1a: Tornadus
|-sidestart|p1: Pomroz|move: Stealth Rock
|
|-weather|Sandstorm|[upkeep]
|-damage|p1a: Tornadus|60/100 tox|[from] Sandstorm
|-damage|p1a: Tornadus|47/100 tox|[from] psn
|upkeep
|turn|4
|
|t:|1665828958
|move|p1a: Tornadus|Defog|p2a: Landorus
|-unboost|p2a: Landorus|evasion|1
|-sideend|p1: Pomroz|Stealth Rock|[from] move: Defog|[of] p1a: Tornadus
|move|p2a: Landorus|Knock Off|p1a: Tornadus
|-crit|p1a: Tornadus
|-damage|p1a: Tornadus|0 fnt
|-enditem|p1a: Tornadus|Heavy-Duty Boots|[from] move: Knock Off|[of] p2a: Landorus
|faint|p1a: Tornadus
|
|-weather|Sandstorm|[upkeep]
|upkeep
|
|t:|1665828962
|switch|p1a: Volty|Dracozolt|100/100
|turn|5
|
|t:|1665828977
|move|p1a: Volty|Fire Blast|p2a: Landorus
|-damage|p2a: Landorus|0 fnt
|faint|p2a: Landorus
|-damage|p1a: Volty|91/100|[from] item: Life Orb
|
|-weather|Sandstorm|[upkeep]
|upkeep
|
|t:|1665828980
|switch|p2a: Ninetales|Ninetales-Alola, F|100/100
|-weather|Hail|[from] ability: Snow Warning|[of] p2a: Ninetales
|turn|6
|
|t:|1665828983
|switch|p1a: Lillith|Tyranitar, F|100/100
|-weather|Sandstorm|[from] ability: Sand Stream|[of] p1a: Lillith
|move|p2a: Ninetales|Moonblast|p1a: Lillith
|-supereffective|p1a: Lillith
|-damage|p1a: Lillith|69/100
|
|-weather|Sandstorm|[upkeep]
|-damage|p2a: Ninetales|94/100|[from] Sandstorm
|upkeep
|turn|7
|j| Nightsusan
|
|t:|1665828989
|switch|p2a: Azumarill|Azumarill, F|100/100
|move|p1a: Lillith|Stealth Rock|p2a: Azumarill
|-sidestart|p2: FvkboyCharmander|move: Stealth Rock
|
|-weather|Sandstorm|[upkeep]
|-damage|p2a: Azumarill|94/100|[from] Sandstorm
|upkeep
|turn|8
|
|t:|1665829005
|switch|p1a: Volty|Dracozolt|91/100
|move|p2a: Azumarill|Play Rough|p1a: Volty
|-supereffective|p1a: Volty
|-damage|p1a: Volty|0 fnt
|faint|p1a: Volty
|-damage|p2a: Azumarill|84/100|[from] item: Life Orb
|
|-weather|Sandstorm|[upkeep]
|-damage|p2a: Azumarill|78/100|[from] Sandstorm
|upkeep
|
|t:|1665829013
|switch|p1a: Melmetal|Melmetal|100/100
|turn|9
|
|t:|1665829017
|move|p2a: Azumarill|Superpower|p1a: Melmetal
|-supereffective|p1a: Melmetal
|-damage|p1a: Melmetal|24/100
|-unboost|p2a: Azumarill|atk|1
|-unboost|p2a: Azumarill|def|1
|-damage|p2a: Azumarill|68/100|[from] item: Life Orb
|move|p1a: Melmetal|Double Iron Bash|p2a: Azumarill
|-damage|p2a: Azumarill|0 fnt
|faint|p2a: Azumarill
|-hitcount|p2: Azumarill|1
|
|-weather|Sandstorm|[upkeep]
|-heal|p1a: Melmetal|30/100|[from] item: Leftovers
|upkeep
|
|t:|1665829024
|switch|p2a: Blaziken|Blaziken, F|100/100
|-damage|p2a: Blaziken|88/100|[from] Stealth Rock
|turn|10
|
|t:|1665829029
|switch|p1a: Brobro|Slowbro, F|100/100
|move|p2a: Blaziken|Close Combat|p1a: Brobro
|-resisted|p1a: Brobro
|-damage|p1a: Brobro|77/100
|-unboost|p2a: Blaziken|def|1
|-unboost|p2a: Blaziken|spd|1
|-damage|p2a: Blaziken|72/100|[from] item: Rocky Helmet|[of] p1a: Brobro
|-damage|p2a: Blaziken|62/100|[from] item: Life Orb
|
|-weather|Sandstorm|[upkeep]
|-damage|p2a: Blaziken|56/100|[from] Sandstorm
|-damage|p1a: Brobro|71/100|[from] Sandstorm
|-ability|p2a: Blaziken|Speed Boost|boost
|-boost|p2a: Blaziken|spe|1
|upkeep
|turn|11
|l| Nightsusan
|
|t:|1665829034
|switch|p2a: Ninetales|Ninetales-Alola, F|94/100
|-damage|p2a: Ninetales|69/100|[from] Stealth Rock
|-weather|Hail|[from] ability: Snow Warning|[of] p2a: Ninetales
|move|p1a: Brobro|Teleport|p1a: Brobro
|
|t:|1665829039
|switch|p1a: Lillith|Tyranitar, F|69/100|[from]move: Teleport
|-weather|Sandstorm|[from] ability: Sand Stream|[of] p1a: Lillith
|
|-weather|Sandstorm|[upkeep]
|-damage|p2a: Ninetales|63/100|[from] Sandstorm
|upkeep
|turn|12
|
|t:|1665829056
|move|p2a: Ninetales|Moonblast|p1a: Lillith
|-supereffective|p1a: Lillith
|-damage|p1a: Lillith|40/100
|move|p1a: Lillith|Toxic|p2a: Ninetales
|-status|p2a: Ninetales|tox
|
|-weather|Sandstorm|[upkeep]
|-damage|p2a: Ninetales|57/100 tox|[from] Sandstorm
|-damage|p2a: Ninetales|50/100 tox|[from] psn
|upkeep
|turn|13
|
|t:|1665829062
|switch|p2a: Rillaboom|Rillaboom, M|100/100
|-damage|p2a: Rillaboom|88/100|[from] Stealth Rock
|-fieldstart|move: Grassy Terrain|[from] ability: Grassy Surge|[of] p2a: Rillaboom
|switch|p1a: Toph|Excadrill, F|100/100
|
|-weather|Sandstorm|[upkeep]
|-damage|p2a: Rillaboom|82/100|[from] Sandstorm
|-heal|p2a: Rillaboom|88/100|[from] Grassy Terrain
|upkeep
|turn|14
|
|t:|1665829069
|switch|p1a: Melmetal|Melmetal|30/100
|move|p2a: Rillaboom|Grassy Glide|p1a: Melmetal
|-resisted|p1a: Melmetal
|-damage|p1a: Melmetal|9/100
|-damage|p2a: Rillaboom|78/100|[from] item: Life Orb
|
|-weather|Sandstorm|[upkeep]
|-damage|p2a: Rillaboom|72/100|[from] Sandstorm
|-heal|p2a: Rillaboom|78/100|[from] Grassy Terrain
|-heal|p1a: Melmetal|15/100|[from] Grassy Terrain
|-heal|p1a: Melmetal|21/100|[from] item: Leftovers
|upkeep
|turn|15
|j| Ran Kob
|
|t:|1665829083
|move|p1a: Melmetal|Protect|p1a: Melmetal
|-singleturn|p1a: Melmetal|Protect
|move|p2a: Rillaboom|High Horsepower|p1a: Melmetal
|-activate|p1a: Melmetal|move: Protect
|
|-weather|Sandstorm|[upkeep]
|-damage|p2a: Rillaboom|72/100|[from] Sandstorm
|-heal|p2a: Rillaboom|78/100|[from] Grassy Terrain
|-heal|p1a: Melmetal|27/100|[from] Grassy Terrain
|-heal|p1a: Melmetal|33/100|[from] item: Leftovers
|upkeep
|turn|16
|
|t:|1665829089
|switch|p1a: Brobro|Slowbro, F|100/100
|move|p2a: Rillaboom|High Horsepower|p1a: Brobro
|-damage|p1a: Brobro|75/100
|-damage|p2a: Rillaboom|62/100|[from] item: Rocky Helmet|[of] p1a: Brobro
|-damage|p2a: Rillaboom|52/100|[from] item: Life Orb
|
|-weather|Sandstorm|[upkeep]
|-damage|p2a: Rillaboom|46/100|[from] Sandstorm
|-damage|p1a: Brobro|69/100|[from] Sandstorm
|-heal|p2a: Rillaboom|52/100|[from] Grassy Terrain
|-heal|p1a: Brobro|75/100|[from] Grassy Terrain
|upkeep
|turn|17
|
|t:|1665829094
|switch|p1a: Melmetal|Melmetal|33/100
|move|p2a: Rillaboom|Knock Off|p1a: Melmetal
|-damage|p1a: Melmetal|4/100
|-enditem|p1a: Melmetal|Leftovers|[from] move: Knock Off|[of] p2a: Rillaboom
|-damage|p2a: Rillaboom|42/100|[from] item: Life Orb
|
|-weather|Sandstorm|[upkeep]
|-damage|p2a: Rillaboom|36/100|[from] Sandstorm
|-heal|p2a: Rillaboom|42/100|[from] Grassy Terrain
|-heal|p1a: Melmetal|10/100|[from] Grassy Terrain
|-fieldend|move: Grassy Terrain
|upkeep
|turn|18
|
|t:|1665829104
|switch|p1a: Brobro|Slowbro, F|100/100
|move|p2a: Rillaboom|High Horsepower|p1a: Brobro
|-damage|p1a: Brobro|74/100
|-damage|p2a: Rillaboom|25/100|[from] item: Rocky Helmet|[of] p1a: Brobro
|-damage|p2a: Rillaboom|15/100|[from] item: Life Orb
|
|-weather|none
|upkeep
|turn|19
|
|t:|1665829112
|switch|p2a: Ninetales|Ninetales-Alola, F|50/100 tox
|-damage|p2a: Ninetales|25/100 tox|[from] Stealth Rock
|-weather|Hail|[from] ability: Snow Warning|[of] p2a: Ninetales
|move|p1a: Brobro|Slack Off|p1a: Brobro
|-heal|p1a: Brobro|100/100
|
|-weather|Hail|[upkeep]
|-damage|p1a: Brobro|94/100|[from] Hail
|-damage|p2a: Ninetales|19/100 tox|[from] psn
|upkeep
|turn|20
|j| mux stall heh
|
|t:|1665829115
|switch|p1a: Lillith|Tyranitar, F|40/100
|-weather|Sandstorm|[from] ability: Sand Stream|[of] p1a: Lillith
|move|p2a: Ninetales|Moonblast|p1a: Lillith
|-supereffective|p1a: Lillith
|-damage|p1a: Lillith|12/100
|
|-weather|Sandstorm|[upkeep]
|-damage|p2a: Ninetales|13/100 tox|[from] Sandstorm
|-damage|p2a: Ninetales|0 fnt|[from] psn
|faint|p2a: Ninetales
|upkeep
|j| Makima's pet
|
|t:|1665829120
|switch|p2a: Blaziken|Blaziken, F|56/100
|-damage|p2a: Blaziken|44/100|[from] Stealth Rock
|turn|21
|l| Makima's pet
|
|t:|1665829127
|switch|p1a: Brobro|Slowbro, F|100/100
|move|p2a: Blaziken|Earthquake|p1a: Brobro
|-crit|p1a: Brobro
|-damage|p1a: Brobro|56/100
|-damage|p2a: Blaziken|34/100|[from] item: Life Orb
|
|-weather|Sandstorm|[upkeep]
|-damage|p2a: Blaziken|28/100|[from] Sandstorm
|-damage|p1a: Brobro|50/100|[from] Sandstorm
|-ability|p2a: Blaziken|Speed Boost|boost
|-boost|p2a: Blaziken|spe|1
|upkeep
|turn|22
|
|t:|1665829137
|move|p2a: Blaziken|Swords Dance|p2a: Blaziken
|-boost|p2a: Blaziken|atk|2
|move|p1a: Brobro|Scald|p2a: Blaziken
|-supereffective|p2a: Blaziken
|-damage|p2a: Blaziken|0 fnt
|faint|p2a: Blaziken
|
|-weather|Sandstorm|[upkeep]
|-damage|p1a: Brobro|44/100|[from] Sandstorm
|upkeep
|
|t:|1665829141
|switch|p2a: Rillaboom|Rillaboom, M|15/100
|-damage|p2a: Rillaboom|3/100|[from] Stealth Rock
|-fieldstart|move: Grassy Terrain|[from] ability: Grassy Surge|[of] p2a: Rillaboom
|turn|23
|
|t:|1665829146
|switch|p1a: Melmetal|Melmetal|10/100
|move|p2a: Rillaboom|Grassy Glide|p1a: Melmetal
|-resisted|p1a: Melmetal
|-damage|p1a: Melmetal|0 fnt
|faint|p1a: Melmetal
|-damage|p2a: Rillaboom|0 fnt|[from] item: Life Orb
|faint|p2a: Rillaboom
|
|-weather|Sandstorm|[upkeep]
|upkeep
|j| dmorgan3
|
|t:|1665829154
|switch|p2a: Hawlucha|Hawlucha, M|100/100
|switch|p1a: Brobro|Slowbro, F|77/100
|-damage|p2a: Hawlucha|88/100|[from] Stealth Rock
|-enditem|p2a: Hawlucha|Grassy Seed
|-boost|p2a: Hawlucha|def|1|[from] item: Grassy Seed
|turn|24
|
|t:|1665829157
|move|p2a: Hawlucha|Swords Dance|p2a: Hawlucha
|-boost|p2a: Hawlucha|atk|2
|move|p1a: Brobro|Future Sight|p2a: Hawlucha
|-start|p1a: Brobro|move: Future Sight
|
|-weather|Sandstorm|[upkeep]
|-damage|p2a: Hawlucha|82/100|[from] Sandstorm
|-damage|p1a: Brobro|71/100|[from] Sandstorm
|-heal|p1a: Brobro|77/100|[from] Grassy Terrain
|upkeep
|turn|25
|
|t:|1665829162
|move|p2a: Hawlucha|Substitute|p2a: Hawlucha
|-start|p2a: Hawlucha|Substitute
|-damage|p2a: Hawlucha|57/100
|move|p1a: Brobro|Slack Off|p1a: Brobro
|-heal|p1a: Brobro|100/100
|
|-weather|Sandstorm|[upkeep]
|-damage|p2a: Hawlucha|51/100|[from] Sandstorm
|-damage|p1a: Brobro|94/100|[from] Sandstorm
|-heal|p1a: Brobro|100/100|[from] Grassy Terrain
|upkeep
|turn|26
|
|t:|1665829164
|move|p2a: Hawlucha|Acrobatics|p1a: Brobro
|-damage|p1a: Brobro|42/100
|-damage|p2a: Hawlucha|35/100|[from] item: Rocky Helmet|[of] p1a: Brobro
|move|p1a: Brobro|Scald|p2a: Hawlucha
|-end|p2a: Hawlucha|Substitute
|
|-weather|Sandstorm|[upkeep]
|-damage|p2a: Hawlucha|28/100|[from] Sandstorm
|-damage|p1a: Brobro|36/100|[from] Sandstorm
|-end|p2a: Hawlucha|move: Future Sight
|-supereffective|p2a: Hawlucha
|-damage|p2a: Hawlucha|0 fnt
|faint|p2a: Hawlucha
|
|win|Pomroz
|upkeep
|raw|Pomroz's rating: 1665 &rarr; <strong>1688</strong><br />(+23 for winning)
|raw|FvkboyCharmander's rating: 1711 &rarr; <strong>1688</strong><br />(-23 for losing)
|l|☆FvkboyCharmander
