|html|<div class="broadcast-blue"><strong>[Gen 8] OU is currently suspecting Melmetal! For information on how to participate check out the <a href="https://www.smogon.com/forums/threads/np-ss-ou-suspect-process-round-12-monster-mash.3709234/">suspect thread</a>.</strong></div>
|j|☆fantasystarsky
|j|☆cute pink team
|t:|1666582113
|gametype|singles
|player|p1|fantasystarsky|cynthia|1610
|player|p2|cute pink team|misty-gen1|1892
|teamsize|p1|6
|teamsize|p2|6
|gen|8
|tier|[Gen 8] OU
|rated|
|rule|Sleep Clause Mod: Limit one foe put to sleep
|rule|Species Clause: Limit one of each Pokémon
|rule|OHKO Clause: OHKO moves are banned
|rule|Evasion Items Clause: Evasion items are banned
|rule|Evasion Moves Clause: Evasion moves are banned
|rule|Endless Battle Clause: Forcing endless battles is banned
|rule|HP Percentage Mod: HP is shown in percentages
|rule|Dynamax Clause: You cannot dynamax
|clearpoke
|poke|p1|Toxapex, F|
|poke|p1|Zapdos|
|poke|p1|Ferrothorn, F|
|poke|p1|Volcarona, F|
|poke|p1|Garchomp, M|
|poke|p1|Mimikyu, F|
|poke|p2|Blissey, F|
|poke|p2|Toxapex, F|
|poke|p2|Quagsire, F|
|poke|p2|Zapdos|
|poke|p2|Corviknight, F|
|poke|p2|Togekiss, F|
|teampreview
|j| Matheus RW
|j| ISimpForNessa
|
|t:|1666582128
|start
|switch|p1a: Ferrothorn|Ferrothorn, F|100/100
|switch|p2a: Zapdos|Zapdos|100/100
|-ability|p2a: Zapdos|Pressure
|turn|1
|inactive|Battle timer is ON: inactive players will automatically lose when time's up. (requested by cute pink team)
|
|t:|1666582137
|switch|p1a: Garchomp|Garchomp, M|100/100
|move|p2a: Zapdos|Substitute|p2a: Zapdos
|-start|p2a: Zapdos|Substitute
|-damage|p2a: Zapdos|76/100
|
|-heal|p2a: Zapdos|82/100|[from] item: Leftovers
|upkeep
|turn|2
|
|t:|1666582152
|move|p1a: Garchomp|Scale Shot|p2a: Zapdos
|-activate|p2a: Zapdos|move: Substitute|[damage]
|-end|p2a: Zapdos|Substitute
|-damage|p2a: Zapdos|66/100
|-hitcount|p2a: Zapdos|3
|-unboost|p1a: Garchomp|def|1
|-boost|p1a: Garchomp|spe|1
|move|p2a: Zapdos|Hurricane|p1a: Garchomp
|-damage|p1a: Garchomp|38/100
|-start|p1a: Garchomp|confusion
|
|-heal|p1a: Garchomp|44/100|[from] item: Leftovers
|-heal|p2a: Zapdos|72/100|[from] item: Leftovers
|upkeep
|turn|3
|j| westcottike
|l| ISimpForNessa
|
|t:|1666582174
|-activate|p1a: Garchomp|confusion
|move|p1a: Garchomp|Scale Shot|p2a: Zapdos
|-damage|p2a: Zapdos|56/100
|-damage|p2a: Zapdos|39/100
|-hitcount|p2a: Zapdos|2
|-unboost|p1a: Garchomp|def|1
|-boost|p1a: Garchomp|spe|1
|move|p2a: Zapdos|Hurricane|p1a: Garchomp
|-damage|p1a: Garchomp|0 fnt
|faint|p1a: Garchomp
|
|-heal|p2a: Zapdos|45/100|[from] item: Leftovers
|upkeep
|inactive|fantasystarsky has 120 seconds left.
|j| I'M AT MY LIMIT!
|
|t:|1666582205
|switch|p1a: Volcarona|Volcarona, F|100/100
|turn|4
|
|t:|1666582213
|switch|p2a: Blissey|Blissey, F|100/100
|move|p1a: Volcarona|Fiery Dance|p2a: Blissey
|-damage|p2a: Blissey|87/100
|
|upkeep
|turn|5
|
|t:|1666582222
|switch|p1a: Ferrothorn|Ferrothorn, F|100/100
|switch|p2a: Zapdos|Zapdos|45/100
|-ability|p2a: Zapdos|Pressure
|
|-heal|p2a: Zapdos|52/100|[from] item: Leftovers
|upkeep
|turn|6
|inactive|fantasystarsky has 120 seconds left.
|
|t:|1666582233
|move|p2a: Zapdos|Substitute|p2a: Zapdos
|-start|p2a: Zapdos|Substitute
|-damage|p2a: Zapdos|27/100
|move|p1a: Ferrothorn|Stealth Rock|p2a: Zapdos
|-sidestart|p2: cute pink team|move: Stealth Rock
|
|-heal|p2a: Zapdos|33/100|[from] item: Leftovers
|upkeep
|turn|7
|inactive|fantasystarsky has 120 seconds left.
|
|t:|1666582243
|switch|p1a: Zapdos|Zapdos|100/100
|move|p2a: Zapdos|Roost|p2a: Zapdos
|-heal|p2a: Zapdos|83/100
|-singleturn|p2a: Zapdos|move: Roost
|
|-heal|p2a: Zapdos|89/100|[from] item: Leftovers
|upkeep
|turn|8
|inactive|fantasystarsky has 120 seconds left.
|
|t:|1666582253
|move|p2a: Zapdos|Charge Beam|p1a: Zapdos
|-damage|p1a: Zapdos|74/100
|move|p1a: Zapdos|Discharge|p2a: Zapdos
|-end|p2a: Zapdos|Substitute
|
|-heal|p2a: Zapdos|96/100|[from] item: Leftovers
|upkeep
|turn|9
|inactive|fantasystarsky has 120 seconds left.
|
|t:|1666582265
|move|p2a: Zapdos|Charge Beam|p1a: Zapdos
|-damage|p1a: Zapdos|47/100
|-boost|p2a: Zapdos|spa|1
|move|p1a: Zapdos|Toxic|p2a: Zapdos|[miss]
|-miss|p1a: Zapdos|p2a: Zapdos
|
|-heal|p2a: Zapdos|100/100|[from] item: Leftovers
|upkeep
|turn|10
|inactive|fantasystarsky has 120 seconds left.
|-message|fantasystarsky forfeited.
|
|win|cute pink team
|raw|fantasystarsky's rating: 1610 &rarr; <strong>1603</strong><br />(-7 for losing)
|raw|cute pink team's rating: 1892 &rarr; <strong>1899</strong><br />(+7 for winning)
|l|☆fantasystarsky
|l|☆cute pink team
||Ladder isn't responding, score probably updated but might not have (Request timeout).
|l| Matheus RW
