|html|<div class="broadcast-blue"><strong>[Gen 8] OU is currently suspecting Urshifu-S! For information on how to participate check out the <a href="https://www.smogon.com/forums/threads/np-ss-ou-suspect-process-round-8-aint-no-rest-for-the-wicked.3675310/">suspect thread</a>.</strong></div>
|j|☆roboPOKE
|j|☆Iudking
|t:|1610103891
|player|p1|roboPOKE|101|1743
|player|p2|Iudking|266|1675
|teamsize|p1|6
|teamsize|p2|6
|gametype|singles
|gen|8
|tier|[Gen 8] OU
|rated|
|clearpoke
|poke|p1|Ninetales-Alola, F|
|poke|p1|Sandaconda, M|
|poke|p1|Excadrill, F|
|poke|p1|Magearna|
|poke|p1|Golurk|
|poke|p1|Zarude|
|poke|p2|Slowking-Galar, M|
|poke|p2|Urshifu-*, M|
|poke|p2|Spectrier|
|poke|p2|Toxapex, M|
|poke|p2|Mandibuzz, F|
|poke|p2|Landorus-Therian, M|
|rule|Sleep Clause Mod: Limit one foe put to sleep
|rule|Species Clause: Limit one of each Pokémon
|rule|OHKO Clause: OHKO moves are banned
|rule|Evasion Moves Clause: Evasion moves are banned
|rule|Endless Battle Clause: Forcing endless battles is banned
|rule|HP Percentage Mod: HP is shown in percentages
|rule|Dynamax Clause: You cannot dynamax
|teampreview
|
|t:|1610103897
|start
|switch|p1a: Sandaconda|Sandaconda, M|100/100
|switch|p2a: Landorus|Landorus-Therian, M|100/100
|-ability|p2a: Landorus|Intimidate|boost
|-unboost|p1a: Sandaconda|atk|1
|turn|1
|
|t:|1610103908
|move|p2a: Landorus|Stealth Rock|p1a: Sandaconda
|-sidestart|p1: roboPOKE|move: Stealth Rock
|move|p1a: Sandaconda|Glare|p2a: Landorus
|-status|p2a: Landorus|par
|
|upkeep
|turn|2
|
|t:|1610103915
|move|p1a: Sandaconda|Stealth Rock|p2a: Landorus
|-sidestart|p2: Iudking|move: Stealth Rock
|move|p2a: Landorus|Toxic|p1a: Sandaconda
|-status|p1a: Sandaconda|tox
|
|-damage|p1a: Sandaconda|94/100 tox|[from] psn
|upkeep
|turn|3
|
|t:|1610103920
|move|p1a: Sandaconda|Rock Tomb|p2a: Landorus
|-damage|p2a: Landorus|93/100 par
|-unboost|p2a: Landorus|spe|1
|move|p2a: Landorus|U-turn|p1a: Sandaconda
|-damage|p1a: Sandaconda|75/100 tox
|-weather|Sandstorm|[from] ability: Sand Spit|[of] p1a: Sandaconda
|
|t:|1610103933
|switch|p2a: Spectrier|Spectrier|100/100|[from]move: U-turn
|-damage|p2a: Spectrier|88/100|[from] Stealth Rock
|
|-weather|Sandstorm|[upkeep]
|-damage|p2a: Spectrier|82/100|[from] Sandstorm
|-damage|p1a: Sandaconda|63/100 tox|[from] psn
|upkeep
|turn|4
|
|t:|1610103938
|switch|p1a: Zarude|Zarude|100/100
|-damage|p1a: Zarude|88/100|[from] Stealth Rock
|move|p2a: Spectrier|Shadow Ball|p1a: Zarude
|-resisted|p1a: Zarude
|-damage|p1a: Zarude|56/100
|
|-weather|Sandstorm|[upkeep]
|-damage|p2a: Spectrier|76/100|[from] Sandstorm
|-damage|p1a: Zarude|50/100|[from] Sandstorm
|-heal|p1a: Zarude|56/100|[from] item: Leftovers
|upkeep
|turn|5
|
|t:|1610103942
|switch|p2a: Landorus|Landorus-Therian, M|93/100 par
|-damage|p2a: Landorus|80/100 par|[from] Stealth Rock
|-ability|p2a: Landorus|Intimidate|boost
|-unboost|p1a: Zarude|atk|1
|move|p1a: Zarude|Jungle Healing|p1a: Zarude
|-heal|p1a: Zarude|81/100
|
|-weather|Sandstorm|[upkeep]
|-damage|p1a: Zarude|75/100|[from] Sandstorm
|-heal|p1a: Zarude|81/100|[from] item: Leftovers
|-heal|p2a: Landorus|86/100 par|[from] item: Leftovers
|upkeep
|turn|6
|
|t:|1610103950
|switch|p1a: Excadrill|Excadrill, F|100/100
|-damage|p1a: Excadrill|97/100|[from] Stealth Rock
|move|p2a: Landorus|U-turn|p1a: Excadrill
|-resisted|p1a: Excadrill
|-damage|p1a: Excadrill|82/100
|
|t:|1610103955
|switch|p2a: Mandibuzz|Mandibuzz, F|100/100|[from]move: U-turn
|
|-weather|Sandstorm|[upkeep]
|upkeep
|turn|7
|
|t:|1610103960
|move|p1a: Excadrill|Iron Head|p2a: Mandibuzz
|-damage|p2a: Mandibuzz|63/100
|-damage|p1a: Excadrill|72/100|[from] item: Life Orb
|cant|p2a: Mandibuzz|flinch
|
|-weather|Sandstorm|[upkeep]
|upkeep
|turn|8
|
|t:|1610103966
|move|p1a: Excadrill|Swords Dance|p1a: Excadrill
|-boost|p1a: Excadrill|atk|2
|move|p2a: Mandibuzz|Roost|p2a: Mandibuzz
|-heal|p2a: Mandibuzz|100/100
|-singleturn|p2a: Mandibuzz|move: Roost
|
|-weather|Sandstorm|[upkeep]
|upkeep
|turn|9
|
|t:|1610103968
|move|p1a: Excadrill|Iron Head|p2a: Mandibuzz
|-damage|p2a: Mandibuzz|29/100
|-damage|p1a: Excadrill|62/100|[from] item: Life Orb
|move|p2a: Mandibuzz|Foul Play|p1a: Excadrill
|-damage|p1a: Excadrill|0 fnt
|faint|p1a: Excadrill
|
|-weather|Sandstorm|[upkeep]
|upkeep
|
|t:|1610103977
|switch|p1a: Magearna|Magearna|100/100
|-damage|p1a: Magearna|95/100|[from] Stealth Rock
|turn|10
|
|t:|1610103984
|move|p1a: Magearna|Calm Mind|p1a: Magearna
|-boost|p1a: Magearna|spa|1
|-boost|p1a: Magearna|spd|1
|move|p2a: Mandibuzz|U-turn|p1a: Magearna
|-resisted|p1a: Magearna
|-damage|p1a: Magearna|92/100
|
|t:|1610103987
|switch|p2a: Urshifu|Urshifu, M|100/100|[from]move: U-turn
|-damage|p2a: Urshifu|94/100|[from] Stealth Rock
|
|-weather|none
|upkeep
|turn|11
|
|t:|1610103991
|switch|p1a: Golurk|Golurk|100/100
|-damage|p1a: Golurk|95/100|[from] Stealth Rock
|move|p2a: Urshifu|Close Combat|p1a: Golurk
|-immune|p1a: Golurk
|
|upkeep
|turn|12
|
|t:|1610103996
|switch|p2a: Landorus|Landorus-Therian, M|86/100 par
|-damage|p2a: Landorus|74/100 par|[from] Stealth Rock
|-ability|p2a: Landorus|Intimidate|boost
|-unboost|p1a: Golurk|atk|1
|move|p1a: Golurk|Poltergeist|p2a: Landorus
|-activate|p2a: Landorus|move: Poltergeist|Leftovers
|-damage|p2a: Landorus|25/100 par
|
|-heal|p2a: Landorus|31/100 par|[from] item: Leftovers
|upkeep
|turn|13
|
|t:|1610104000
|move|p1a: Golurk|Poltergeist|p2a: Landorus
|-activate|p2a: Landorus|move: Poltergeist|Leftovers
|-damage|p2a: Landorus|0 fnt
|faint|p2a: Landorus
|
|upkeep
|
|t:|1610104002
|switch|p2a: Spectrier|Spectrier|76/100
|-damage|p2a: Spectrier|64/100|[from] Stealth Rock
|turn|14
|
|t:|1610104006
|switch|p1a: Zarude|Zarude|81/100
|-damage|p1a: Zarude|69/100|[from] Stealth Rock
|move|p2a: Spectrier|Will-O-Wisp|p1a: Zarude
|-status|p1a: Zarude|brn
|
|-heal|p1a: Zarude|75/100 brn|[from] item: Leftovers
|-damage|p1a: Zarude|69/100 brn|[from] brn
|upkeep
|turn|15
|
|t:|1610104020
|switch|p2a: Urshifu|Urshifu, M|94/100
|-damage|p2a: Urshifu|88/100|[from] Stealth Rock
|move|p1a: Zarude|Jungle Healing|p1a: Zarude
|-heal|p1a: Zarude|94/100 brn
|-curestatus|p1a: Zarude|brn|[msg]
|
|-heal|p1a: Zarude|99/100|[from] item: Leftovers
|upkeep
|turn|16
|
|t:|1610104030
|switch|p1a: Golurk|Golurk|95/100
|-damage|p1a: Golurk|89/100|[from] Stealth Rock
|move|p2a: Urshifu|Wicked Blow|p1a: Golurk
|-supereffective|p1a: Golurk
|-crit|p1a: Golurk
|-damage|p1a: Golurk|0 fnt
|faint|p1a: Golurk
|
|upkeep
|
|t:|1610104033
|switch|p1a: Ninetales|Ninetales-Alola, F|100/100
|-damage|p1a: Ninetales|76/100|[from] Stealth Rock
|-weather|Hail|[from] ability: Snow Warning|[of] p1a: Ninetales
|turn|17
|
|t:|1610104038
|switch|p2a: Toxapex|Toxapex, M|100/100
|-damage|p2a: Toxapex|88/100|[from] Stealth Rock
|move|p1a: Ninetales|Freeze-Dry|p2a: Toxapex
|-supereffective|p2a: Toxapex
|-damage|p2a: Toxapex|52/100
|
|-weather|Hail|[upkeep]
|-damage|p2a: Toxapex|46/100|[from] Hail
|upkeep
|turn|18
|
|t:|1610104043
|switch|p2a: Slowking|Slowking-Galar, M|100/100
|-damage|p2a: Slowking|88/100|[from] Stealth Rock
|move|p1a: Ninetales|Hypnosis|p2a: Slowking
|-status|p2a: Slowking|slp|[from] move: Hypnosis
|
|-weather|Hail|[upkeep]
|-damage|p2a: Slowking|82/100 slp|[from] Hail
|upkeep
|turn|19
|
|t:|1610104053
|switch|p2a: Mandibuzz|Mandibuzz, F|29/100
|move|p1a: Ninetales|Aurora Veil|p1a: Ninetales
|-sidestart|p1: roboPOKE|move: Aurora Veil
|
|-weather|Hail|[upkeep]
|upkeep
|turn|20
|
|t:|1610104057
|switch|p1a: Magearna|Magearna|92/100
|-damage|p1a: Magearna|86/100|[from] Stealth Rock
|move|p2a: Mandibuzz|Defog|p1a: Magearna
|-unboost|p1a: Magearna|evasion|1
|-sideend|p1: roboPOKE|move: Aurora Veil
|-sideend|p1: roboPOKE|Stealth Rock|[from] move: Defog|[of] p2a: Mandibuzz
|-sideend|p2: Iudking|Stealth Rock|[from] move: Defog|[of] p2a: Mandibuzz
|
|-weather|Hail|[upkeep]
|-damage|p1a: Magearna|80/100|[from] Hail
|upkeep
|turn|21
|
|t:|1610104063
|move|p1a: Magearna|Draining Kiss|p2a: Mandibuzz
|-supereffective|p2a: Mandibuzz
|-damage|p2a: Mandibuzz|0 fnt
|-heal|p1a: Magearna|100/100|[from] drain|[of] p2a: Mandibuzz
|faint|p2a: Mandibuzz
|-ability|p1a: Magearna|Soul-Heart|boost
|-boost|p1a: Magearna|spa|1
|
|-weather|none
|upkeep
|
|t:|1610104070
|switch|p2a: Urshifu|Urshifu, M|88/100
|turn|22
|
|t:|1610104075
|switch|p1a: Sandaconda|Sandaconda, M|63/100 tox
|move|p2a: Urshifu|Close Combat|p1a: Sandaconda
|-damage|p1a: Sandaconda|0 fnt
|-unboost|p2a: Urshifu|def|1
|-unboost|p2a: Urshifu|spd|1
|-weather|Sandstorm|[from] ability: Sand Spit|[of] p1a: Sandaconda
|faint|p1a: Sandaconda
|
|-weather|Sandstorm|[upkeep]
|-damage|p2a: Urshifu|82/100|[from] Sandstorm
|upkeep
|
|t:|1610104079
|switch|p1a: Ninetales|Ninetales-Alola, F|76/100
|-weather|Hail|[from] ability: Snow Warning|[of] p1a: Ninetales
|turn|23
|
|t:|1610104085
|switch|p2a: Spectrier|Spectrier|64/100
|move|p1a: Ninetales|Aurora Veil|p1a: Ninetales
|-sidestart|p1: roboPOKE|move: Aurora Veil
|
|-weather|Hail|[upkeep]
|-damage|p2a: Spectrier|57/100|[from] Hail
|upkeep
|turn|24
|
|t:|1610104090
|switch|p2a: Urshifu|Urshifu, M|82/100
|switch|p1a: Zarude|Zarude|99/100
|
|-weather|Hail|[upkeep]
|-damage|p1a: Zarude|94/100|[from] Hail
|-damage|p2a: Urshifu|76/100|[from] Hail
|-heal|p1a: Zarude|99/100|[from] item: Leftovers
|upkeep
|turn|25
|
|t:|1610104095
|move|p1a: Zarude|Bulk Up|p1a: Zarude
|-boost|p1a: Zarude|atk|1
|-boost|p1a: Zarude|def|1
|move|p2a: Urshifu|Close Combat|p1a: Zarude
|-supereffective|p1a: Zarude
|-damage|p1a: Zarude|32/100
|-unboost|p2a: Urshifu|def|1
|-unboost|p2a: Urshifu|spd|1
|
|-weather|Hail|[upkeep]
|-damage|p1a: Zarude|26/100|[from] Hail
|-damage|p2a: Urshifu|70/100|[from] Hail
|-heal|p1a: Zarude|32/100|[from] item: Leftovers
|upkeep
|turn|26
|
|t:|1610104102
|move|p1a: Zarude|Power Whip|p2a: Urshifu
|-damage|p2a: Urshifu|0 fnt
|faint|p2a: Urshifu
|
|-weather|Hail|[upkeep]
|-damage|p1a: Zarude|26/100|[from] Hail
|-heal|p1a: Zarude|32/100|[from] item: Leftovers
|upkeep
|
|t:|1610104105
|switch|p2a: Toxapex|Toxapex, M|79/100
|turn|27
|
|t:|1610104109
|move|p1a: Zarude|Power Whip|p2a: Toxapex|[miss]
|-miss|p1a: Zarude|p2a: Toxapex
|move|p2a: Toxapex|Haze|p2a: Toxapex
|-clearallboost
|
|-weather|none
|-heal|p1a: Zarude|38/100|[from] item: Leftovers
|upkeep
|turn|28
|
|t:|1610104113
|move|p1a: Zarude|Jungle Healing|p1a: Zarude
|-heal|p1a: Zarude|63/100
|move|p2a: Toxapex|Scald|p1a: Zarude
|-resisted|p1a: Zarude
|-damage|p1a: Zarude|59/100
|
|-heal|p1a: Zarude|65/100|[from] item: Leftovers
|upkeep
|turn|29
|
|t:|1610104119
|move|p1a: Zarude|Bulk Up|p1a: Zarude
|-boost|p1a: Zarude|atk|1
|-boost|p1a: Zarude|def|1
|move|p2a: Toxapex|Scald|p1a: Zarude
|-resisted|p1a: Zarude
|-damage|p1a: Zarude|61/100
|
|-heal|p1a: Zarude|67/100|[from] item: Leftovers
|upkeep
|turn|30
|
|t:|1610104123
|move|p1a: Zarude|Power Whip|p2a: Toxapex
|-damage|p2a: Toxapex|28/100
|-damage|p1a: Zarude|50/100|[from] item: Rocky Helmet|[of] p2a: Toxapex
|move|p2a: Toxapex|Haze|p2a: Toxapex
|-clearallboost
|
|-heal|p1a: Zarude|56/100|[from] item: Leftovers
|-sideend|p1: roboPOKE|move: Aurora Veil
|upkeep
|turn|31
|
|t:|1610104127
|move|p1a: Zarude|Bulk Up|p1a: Zarude
|-boost|p1a: Zarude|atk|1
|-boost|p1a: Zarude|def|1
|move|p2a: Toxapex|Recover|p2a: Toxapex
|-heal|p2a: Toxapex|78/100
|
|-heal|p1a: Zarude|62/100|[from] item: Leftovers
|upkeep
|turn|32
|
|t:|1610104131
|move|p1a: Zarude|Power Whip|p2a: Toxapex
|-damage|p2a: Toxapex|23/100
|-damage|p1a: Zarude|46/100|[from] item: Rocky Helmet|[of] p2a: Toxapex
|move|p2a: Toxapex|Haze|p2a: Toxapex
|-clearallboost
|
|-heal|p1a: Zarude|52/100|[from] item: Leftovers
|upkeep
|turn|33
|
|t:|1610104137
|switch|p2a: Slowking|Slowking-Galar, M|100/100 slp
|move|p1a: Zarude|Bulk Up|p1a: Zarude
|-boost|p1a: Zarude|atk|1
|-boost|p1a: Zarude|def|1
|
|-heal|p1a: Zarude|58/100|[from] item: Leftovers
|upkeep
|turn|34
|
|t:|1610104142
|move|p1a: Zarude|Darkest Lariat|p2a: Slowking
|-supereffective|p2a: Slowking
|-damage|p2a: Slowking|0 fnt
|faint|p2a: Slowking
|
|-heal|p1a: Zarude|64/100|[from] item: Leftovers
|upkeep
|j| iamqwertyuiop
|
|t:|1610104145
|switch|p2a: Toxapex|Toxapex, M|56/100
|turn|35
|
|t:|1610104149
|move|p1a: Zarude|Power Whip|p2a: Toxapex
|-damage|p2a: Toxapex|5/100
|-damage|p1a: Zarude|47/100|[from] item: Rocky Helmet|[of] p2a: Toxapex
|move|p2a: Toxapex|Haze|p2a: Toxapex
|-clearallboost
|
|-heal|p1a: Zarude|53/100|[from] item: Leftovers
|upkeep
|turn|36
|
|t:|1610104154
|move|p1a: Zarude|Darkest Lariat|p2a: Toxapex
|-damage|p2a: Toxapex|0 fnt
|-damage|p1a: Zarude|37/100|[from] item: Rocky Helmet|[of] p2a: Toxapex
|faint|p2a: Toxapex
|
|-heal|p1a: Zarude|43/100|[from] item: Leftovers
|upkeep
|
|t:|1610104156
|switch|p2a: Spectrier|Spectrier|57/100
|turn|37
|
|t:|1610104159
|move|p2a: Spectrier|Shadow Ball|p1a: Zarude
|-resisted|p1a: Zarude
|-damage|p1a: Zarude|10/100
|move|p1a: Zarude|Darkest Lariat|p2a: Spectrier
|-supereffective|p2a: Spectrier
|-damage|p2a: Spectrier|0 fnt
|faint|p2a: Spectrier
|
|win|roboPOKE
|l|☆Iudking
|raw|roboPOKE's rating: 1743 &rarr; <strong>1759</strong><br />(+16 for winning)
|raw|Iudking's rating: 1675 &rarr; <strong>1659</strong><br />(-16 for losing)
