|raw|<div class="broadcast-blue"><strong>This battle is required to be public due to a player having a name starting with 'LT73IU'.</div>
|j|☆relic stone
|j|☆LT73IU Sagiri
|t:|1598634553
|player|p1|relic stone|lusamine-nihilego|1935
|player|p2|LT73IU Sagiri|winona-gen6|1871
|teamsize|p1|6
|teamsize|p2|6
|gametype|singles
|gen|8
|tier|[Gen 8] OU
|rated|
|clearpoke
|poke|p1|Primarina, M|
|poke|p1|Excadrill, M|
|poke|p1|Tangrowth, M|
|poke|p1|Urshifu-*, M|
|poke|p1|Toxtricity, M|
|poke|p1|Marowak-Alola, M|
|poke|p2|Excadrill, M|
|poke|p2|Rillaboom, M|
|poke|p2|Urshifu-*, M|
|poke|p2|Toxtricity, F|
|poke|p2|Primarina, M|
|poke|p2|Volcarona, M|
|rule|Sleep Clause Mod: Limit one foe put to sleep
|rule|Species Clause: Limit one of each Pokémon
|rule|OHKO Clause: OHKO moves are banned
|rule|Evasion Moves Clause: Evasion moves are banned
|rule|Endless Battle Clause: Forcing endless battles is banned
|rule|HP Percentage Mod: HP is shown in percentages
|rule|Dynamax Clause: You cannot dynamax
|teampreview
|j| hipster garbage
|j| egalvanc
|j| lt73iu woatli
|c|☆relic stone|xd
|c| egalvanc|wow
|c|☆relic stone|gl qualifyin
|l| hipster garbage
|j| LT73IU Pheo'
|c|☆LT73IU Sagiri|hope it
|j| hippo kek
|c| egalvanc|VAMOS SAGIRIIII
|j| LT73IU jey2
|j| Lt73iu ewin
|
|t:|1598634585
|start
|switch|p1a: Celestine|Primarina, M|100/100
|switch|p2a: Silhouette|Urshifu, M|100/100
|turn|1
|j| LT73IU Kappucci
|j| scrimmaging
|j| Tace
|
|t:|1598634609
|switch|p2a: Tama Tonga|Rillaboom, M|100/100
|-fieldstart|move: Grassy Terrain|[from] ability: Grassy Surge|[of] p2a: Tama Tonga
|move|p1a: Celestine|Draining Kiss|p2a: Tama Tonga
|-damage|p2a: Tama Tonga|74/100
|
|-heal|p2a: Tama Tonga|80/100|[from] Grassy Terrain
|upkeep
|turn|2
|j| MartialArtsShadow
|
|t:|1598634616
|switch|p2a: Impaler|Excadrill, M, shiny|100/100
|-ability|p2a: Impaler|Mold Breaker
|move|p1a: Celestine|Draining Kiss|p2a: Impaler
|-resisted|p2a: Impaler
|-damage|p2a: Impaler|93/100
|
|-heal|p2a: Impaler|99/100|[from] item: Leftovers
|-heal|p2a: Impaler|100/100|[from] Grassy Terrain
|upkeep
|turn|3
|j| LT73IU YAKO
|
|t:|1598634622
|move|p2a: Impaler|Toxic|p1a: Celestine
|-status|p1a: Celestine|tox
|move|p1a: Celestine|Scald|p2a: Impaler
|-supereffective|p2a: Impaler
|-damage|p2a: Impaler|51/100
|
|-heal|p2a: Impaler|57/100|[from] item: Leftovers
|-heal|p2a: Impaler|63/100|[from] Grassy Terrain
|-damage|p1a: Celestine|94/100 tox|[from] psn
|upkeep
|turn|4
|l| hippo kek
|l| LT73IU Kappucci
|
|t:|1598634632
|move|p2a: Impaler|High Horsepower|p1a: Celestine
|-crit|p1a: Celestine
|-damage|p1a: Celestine|34/100 tox
|move|p1a: Celestine|Scald|p2a: Impaler
|-supereffective|p2a: Impaler
|-damage|p2a: Impaler|14/100
|
|-heal|p2a: Impaler|20/100|[from] item: Leftovers
|-heal|p2a: Impaler|26/100|[from] Grassy Terrain
|-heal|p1a: Celestine|40/100 tox|[from] item: Leftovers
|-heal|p1a: Celestine|46/100 tox|[from] Grassy Terrain
|-damage|p1a: Celestine|34/100 tox|[from] psn
|upkeep
|turn|5
|
|t:|1598634639
|move|p2a: Impaler|Stealth Rock|p1a: Celestine
|-sidestart|p1: relic stone|move: Stealth Rock
|move|p1a: Celestine|Scald|p2a: Impaler
|-supereffective|p2a: Impaler
|-damage|p2a: Impaler|0 fnt
|faint|p2a: Impaler
|
|-heal|p1a: Celestine|40/100 tox|[from] item: Leftovers
|-heal|p1a: Celestine|46/100 tox|[from] Grassy Terrain
|-fieldend|move: Grassy Terrain
|-damage|p1a: Celestine|28/100 tox|[from] psn
|upkeep
|j| I quit the game
|
|t:|1598634653
|switch|p2a: Silhouette|Urshifu, M|100/100
|turn|6
|j| vaboh
|
|t:|1598634658
|switch|p1a: Ramen|Tangrowth, M|100/100
|-damage|p1a: Ramen|88/100|[from] Stealth Rock
|move|p2a: Silhouette|Poison Jab|p1a: Ramen
|-supereffective|p1a: Ramen
|-damage|p1a: Ramen|44/100
|-status|p1a: Ramen|psn
|-damage|p2a: Silhouette|84/100|[from] item: Rocky Helmet|[of] p1a: Ramen
|-damage|p2a: Silhouette|74/100|[from] item: Life Orb
|
|-damage|p1a: Ramen|31/100 psn|[from] psn
|upkeep
|turn|7
|
|t:|1598634666
|move|p2a: Silhouette|Bulk Up|p2a: Silhouette
|-boost|p2a: Silhouette|atk|1
|-boost|p2a: Silhouette|def|1
|move|p1a: Ramen|Sludge Bomb|p2a: Silhouette
|-damage|p2a: Silhouette|42/100
|-status|p2a: Silhouette|psn
|
|-damage|p2a: Silhouette|30/100 psn|[from] psn
|-damage|p1a: Ramen|19/100 psn|[from] psn
|upkeep
|turn|8
|
|t:|1598634669
|switch|p1a: Celestine|Primarina, M|28/100 tox
|-damage|p1a: Celestine|16/100 tox|[from] Stealth Rock
|move|p2a: Silhouette|Wicked Blow|p1a: Celestine
|-resisted|p1a: Celestine
|-crit|p1a: Celestine
|-damage|p1a: Celestine|0 fnt
|-damage|p2a: Silhouette|20/100 psn|[from] item: Life Orb
|faint|p1a: Celestine
|
|-damage|p2a: Silhouette|8/100 psn|[from] psn
|upkeep
|
|t:|1598634679
|switch|p1a: Silhouette|Urshifu, M|100/100
|-damage|p1a: Silhouette|94/100|[from] Stealth Rock
|turn|9
|
|t:|1598634683
|move|p2a: Silhouette|Poison Jab|p1a: Silhouette
|-damage|p1a: Silhouette|39/100
|-damage|p2a: Silhouette|0 fnt|[from] item: Life Orb
|faint|p2a: Silhouette
|move|p1a: Silhouette|Bulk Up|p1a: Silhouette
|-boost|p1a: Silhouette|atk|1
|-boost|p1a: Silhouette|def|1
|
|upkeep
|
|t:|1598634695
|switch|p2a: Primarina|Primarina, M|100/100
|turn|10
|
|t:|1598634698
|move|p1a: Silhouette|Poison Jab|p2a: Primarina
|-supereffective|p2a: Primarina
|-damage|p2a: Primarina|0 fnt
|-damage|p1a: Silhouette|29/100|[from] item: Life Orb
|faint|p2a: Primarina
|
|upkeep
|n| lt73iu v|vaboh
|
|t:|1598634704
|switch|p2a: Tama Tonga|Rillaboom, M|80/100
|-fieldstart|move: Grassy Terrain|[from] ability: Grassy Surge|[of] p2a: Tama Tonga
|turn|11
|
|t:|1598634712
|move|p1a: Silhouette|Sucker Punch|p2a: Tama Tonga
|-damage|p2a: Tama Tonga|2/100
|-damage|p1a: Silhouette|19/100|[from] item: Life Orb
|move|p2a: Tama Tonga|Grassy Glide|p1a: Silhouette
|-damage|p1a: Silhouette|0 fnt
|-damage|p2a: Tama Tonga|0 fnt|[from] item: Life Orb
|faint|p1a: Silhouette
|faint|p2a: Tama Tonga
|
|upkeep
|
|t:|1598634720
|switch|p1a: Phantom|Marowak-Alola, M, shiny|100/100
|switch|p2a: Volcarona|Volcarona, M|100/100
|-damage|p1a: Phantom|76/100|[from] Stealth Rock
|turn|12
|l| lt73iu v
|
|t:|1598634727
|move|p2a: Volcarona|Flamethrower|p1a: Phantom
|-resisted|p1a: Phantom
|-damage|p1a: Phantom|43/100
|move|p1a: Phantom|Poltergeist|p2a: Volcarona
|-activate|p2a: Volcarona|move: Poltergeist|Heavy-Duty Boots
|-damage|p2a: Volcarona|19/100
|
|-heal|p2a: Volcarona|25/100|[from] Grassy Terrain
|-heal|p1a: Phantom|49/100|[from] Grassy Terrain
|upkeep
|turn|13
|
|t:|1598634736
|move|p2a: Volcarona|Flamethrower|p1a: Phantom
|-resisted|p1a: Phantom
|-damage|p1a: Phantom|20/100
|move|p1a: Phantom|Fire Punch|p2a: Volcarona
|-damage|p2a: Volcarona|0 fnt
|faint|p2a: Volcarona
|
|-heal|p1a: Phantom|26/100|[from] Grassy Terrain
|upkeep
|
|t:|1598634738
|switch|p2a: Toxtricity|Toxtricity, F|100/100
|turn|14
|c|☆relic stone|ggs gl qualifyin bro
|
|t:|1598634748
|move|p2a: Toxtricity|Shift Gear|p2a: Toxtricity
|-boost|p2a: Toxtricity|spe|2
|-boost|p2a: Toxtricity|atk|1
|move|p1a: Phantom|Poltergeist|p2a: Toxtricity
|-activate|p2a: Toxtricity|move: Poltergeist|Life Orb
|-damage|p2a: Toxtricity|0 fnt
|faint|p2a: Toxtricity
|
|win|relic stone
|l|☆LT73IU Sagiri
