|j|☆Red violet blue
|j|☆JooshP
|t:|1660298173
|gametype|singles
|player|p1|Red violet blue|266|1536
|player|p2|JooshP|red|1673
|teamsize|p1|6
|teamsize|p2|6
|gen|8
|tier|[Gen 8] OU
|rated|
|rule|Sleep Clause Mod: Limit one foe put to sleep
|rule|Species Clause: Limit one of each Pokémon
|rule|OHKO Clause: OHKO moves are banned
|rule|Evasion Items Clause: Evasion items are banned
|rule|Evasion Moves Clause: Evasion moves are banned
|rule|Endless Battle Clause: Forcing endless battles is banned
|rule|HP Percentage Mod: HP is shown in percentages
|rule|Dynamax Clause: You cannot dynamax
|clearpoke
|poke|p1|Landorus-Therian, M|
|poke|p1|Zapdos|
|poke|p1|Tapu Fini|
|poke|p1|Magnezone|
|poke|p1|Tapu Lele|
|poke|p1|Weavile, M|
|poke|p2|Garchomp, F|
|poke|p2|Kartana|
|poke|p2|Skarmory, F|
|poke|p2|Blissey, F|
|poke|p2|Latios, M|
|poke|p2|Landorus-Therian, M|
|teampreview
|inactive|Battle timer is ON: inactive players will automatically lose when time's up. (requested by Red violet blue)
|
|t:|1660298203
|start
|switch|p1a: Landorus|Landorus-Therian, M|100/100
|switch|p2a: Landorus|Landorus-Therian, M|100/100
|-ability|p2a: Landorus|Intimidate|boost
|-unboost|p1a: Landorus|atk|1
|-ability|p1a: Landorus|Intimidate|boost
|-unboost|p2a: Landorus|atk|1
|turn|1
|
|t:|1660298208
|move|p2a: Landorus|Knock Off|p1a: Landorus
|-damage|p1a: Landorus|82/100
|-enditem|p1a: Landorus|Leftovers|[from] move: Knock Off|[of] p2a: Landorus
|move|p1a: Landorus|Toxic|p2a: Landorus
|-status|p2a: Landorus|tox
|
|-damage|p2a: Landorus|94/100 tox|[from] psn
|upkeep
|turn|2
|
|t:|1660298214
|move|p2a: Landorus|Stealth Rock|p1a: Landorus
|-sidestart|p1: Red violet blue|move: Stealth Rock
|move|p1a: Landorus|Stealth Rock|p2a: Landorus
|-sidestart|p2: JooshP|move: Stealth Rock
|
|-heal|p2a: Landorus|100/100 tox|[from] item: Leftovers
|-damage|p2a: Landorus|88/100 tox|[from] psn
|upkeep
|turn|3
|
|t:|1660298218
|move|p2a: Landorus|U-turn|p1a: Landorus
|-resisted|p1a: Landorus
|-damage|p1a: Landorus|75/100
|
|t:|1660298222
|switch|p2a: Garchomp|Garchomp, F|100/100|[from]move: U-turn
|-damage|p2a: Garchomp|94/100|[from] Stealth Rock
|move|p1a: Landorus|U-turn|p2a: Garchomp
|-damage|p2a: Garchomp|80/100
|-damage|p1a: Landorus|63/100|[from] ability: Rough Skin|[of] p2a: Garchomp
|
|t:|1660298235
|switch|p1a: Tapu Lele|Tapu Lele|100/100|[from]move: U-turn
|-damage|p1a: Tapu Lele|88/100|[from] Stealth Rock
|-fieldstart|move: Psychic Terrain|[from] ability: Psychic Surge|[of] p1a: Tapu Lele
|
|-heal|p2a: Garchomp|86/100|[from] item: Leftovers
|upkeep
|turn|4
|
|t:|1660298259
|switch|p2a: Landorus|Landorus-Therian, M|88/100 tox
|-damage|p2a: Landorus|76/100 tox|[from] Stealth Rock
|-ability|p2a: Landorus|Intimidate|boost
|-unboost|p1a: Tapu Lele|atk|1
|move|p1a: Tapu Lele|Moonblast|p2a: Landorus
|-damage|p2a: Landorus|37/100 tox
|
|-heal|p2a: Landorus|43/100 tox|[from] item: Leftovers
|-damage|p2a: Landorus|37/100 tox|[from] psn
|upkeep
|turn|5
|
|t:|1660298267
|move|p1a: Tapu Lele|Moonblast|p2a: Landorus
|-damage|p2a: Landorus|0 fnt
|faint|p2a: Landorus
|
|upkeep
|
|t:|1660298273
|switch|p2a: Blissey|Blissey, F|100/100
|turn|6
|
|t:|1660298288
|switch|p1a: Zapdos|Zapdos|100/100
|move|p2a: Blissey|Teleport|p2a: Blissey
|
|t:|1660298293
|switch|p2a: Latios|Latios, M|100/100|[from]move: Teleport
|-damage|p2a: Latios|88/100|[from] Stealth Rock
|
|upkeep
|turn|7
|
|t:|1660298300
|switch|p1a: Tapu Fini|Tapu Fini|100/100
|-damage|p1a: Tapu Fini|88/100|[from] Stealth Rock
|-fieldstart|move: Misty Terrain|[from] ability: Misty Surge|[of] p1a: Tapu Fini
|move|p2a: Latios|Psyshock|p1a: Tapu Fini
|-damage|p1a: Tapu Fini|51/100
|
|-heal|p1a: Tapu Fini|57/100|[from] item: Leftovers
|upkeep
|turn|8
|
|t:|1660298310
|move|p2a: Latios|Calm Mind|p2a: Latios
|-boost|p2a: Latios|spa|1
|-boost|p2a: Latios|spd|1
|move|p1a: Tapu Fini|Draining Kiss|p2a: Latios
|-supereffective|p2a: Latios
|-damage|p2a: Latios|64/100
|-heal|p1a: Tapu Fini|73/100|[from] drain|[of] p2a: Latios
|
|-heal|p1a: Tapu Fini|80/100|[from] item: Leftovers
|upkeep
|turn|9
|
|t:|1660298315
|move|p2a: Latios|Psyshock|p1a: Tapu Fini
|-damage|p1a: Tapu Fini|26/100
|move|p1a: Tapu Fini|Calm Mind|p1a: Tapu Fini
|-boost|p1a: Tapu Fini|spa|1
|-boost|p1a: Tapu Fini|spd|1
|
|-heal|p1a: Tapu Fini|32/100|[from] item: Leftovers
|upkeep
|turn|10
|
|t:|1660298318
|move|p2a: Latios|Psyshock|p1a: Tapu Fini
|-damage|p1a: Tapu Fini|0 fnt
|faint|p1a: Tapu Fini
|
|upkeep
|
|t:|1660298320
|switch|p1a: Weavile|Weavile, M|100/100
|-ability|p1a: Weavile|Pressure
|turn|11
|
|t:|1660298335
|switch|p2a: Garchomp|Garchomp, F|86/100
|-damage|p2a: Garchomp|80/100|[from] Stealth Rock
|move|p1a: Weavile|Knock Off|p2a: Garchomp
|-damage|p2a: Garchomp|35/100
|-damage|p1a: Weavile|88/100|[from] ability: Rough Skin|[of] p2a: Garchomp
|-enditem|p2a: Garchomp|Leftovers|[from] move: Knock Off|[of] p1a: Weavile
|
|-fieldend|Misty Terrain
|upkeep
|turn|12
|
|t:|1660298339
|switch|p2a: Skarmory|Skarmory, F|100/100
|-damage|p2a: Skarmory|88/100|[from] Stealth Rock
|move|p1a: Weavile|Ice Shard|p2a: Skarmory
|-damage|p2a: Skarmory|77/100
|
|upkeep
|turn|13
|
|t:|1660298344
|switch|p1a: Magnezone|Magnezone|100/100
|-damage|p1a: Magnezone|94/100|[from] Stealth Rock
|switch|p2a: Garchomp|Garchomp, F|35/100
|-damage|p2a: Garchomp|29/100|[from] Stealth Rock
|
|-heal|p1a: Magnezone|100/100|[from] item: Leftovers
|upkeep
|turn|14
|
|t:|1660298352
|switch|p1a: Landorus|Landorus-Therian, M|63/100
|-damage|p1a: Landorus|50/100|[from] Stealth Rock
|-ability|p1a: Landorus|Intimidate|boost
|-unboost|p2a: Garchomp|atk|1
|move|p2a: Garchomp|Scale Shot|p1a: Landorus
|-damage|p1a: Landorus|41/100
|-damage|p1a: Landorus|32/100
|-hitcount|p1a: Landorus|2
|-unboost|p2a: Garchomp|def|1
|-boost|p2a: Garchomp|spe|1
|
|upkeep
|turn|15
|
|t:|1660298363
|move|p2a: Garchomp|Scale Shot|p1a: Landorus
|-damage|p1a: Landorus|24/100
|-damage|p1a: Landorus|15/100
|-crit|p1a: Landorus
|-damage|p1a: Landorus|0 fnt
|faint|p1a: Landorus
|-hitcount|p1: Landorus|3
|-unboost|p2a: Garchomp|def|1
|-boost|p2a: Garchomp|spe|1
|
|upkeep
|
|t:|1660298370
|switch|p1a: Weavile|Weavile, M|88/100
|-ability|p1a: Weavile|Pressure
|turn|16
|
|t:|1660298386
|move|p1a: Weavile|Ice Shard|p2a: Garchomp
|-supereffective|p2a: Garchomp
|-damage|p2a: Garchomp|0 fnt
|faint|p2a: Garchomp
|
|upkeep
|
|t:|1660298389
|switch|p2a: Blissey|Blissey, F|100/100
|turn|17
|
|t:|1660298395
|move|p1a: Weavile|Swords Dance|p1a: Weavile
|-boost|p1a: Weavile|atk|2
|move|p2a: Blissey|Toxic|p1a: Weavile|[miss]
|-miss|p2a: Blissey|p1a: Weavile
|
|upkeep
|turn|18
|
|t:|1660298400
|switch|p2a: Skarmory|Skarmory, F|77/100
|-damage|p2a: Skarmory|65/100|[from] Stealth Rock
|move|p1a: Weavile|Knock Off|p2a: Skarmory
|-damage|p2a: Skarmory|11/100
|-damage|p1a: Weavile|72/100|[from] item: Rocky Helmet|[of] p2a: Skarmory
|-enditem|p2a: Skarmory|Rocky Helmet|[from] move: Knock Off|[of] p1a: Weavile
|
|upkeep
|turn|19
|
|t:|1660298407
|move|p1a: Weavile|Knock Off|p2a: Skarmory
|-damage|p2a: Skarmory|0 fnt
|faint|p2a: Skarmory
|
|upkeep
|
|t:|1660298421
|switch|p2a: Kartana|Kartana|100/100
|-damage|p2a: Kartana|94/100|[from] Stealth Rock
|turn|20
|
|t:|1660298425
|switch|p2a: Latios|Latios, M|64/100
|-damage|p2a: Latios|51/100|[from] Stealth Rock
|switch|p1a: Zapdos|Zapdos|100/100
|
|upkeep
|turn|21
|
|t:|1660298430
|switch|p1a: Magnezone|Magnezone|100/100
|-damage|p1a: Magnezone|94/100|[from] Stealth Rock
|move|p2a: Latios|Draco Meteor|p1a: Magnezone
|-resisted|p1a: Magnezone
|-damage|p1a: Magnezone|42/100
|-unboost|p2a: Latios|spa|2
|
|-heal|p1a: Magnezone|48/100|[from] item: Leftovers
|upkeep
|turn|22
|
|t:|1660298438
|move|p2a: Latios|Mystical Fire|p1a: Magnezone
|-supereffective|p1a: Magnezone
|-damage|p1a: Magnezone|13/100
|-unboost|p1a: Magnezone|spa|1
|move|p1a: Magnezone|Body Press|p2a: Latios
|-resisted|p2a: Latios
|-damage|p2a: Latios|34/100
|
|-heal|p1a: Magnezone|19/100|[from] item: Leftovers
|upkeep
|turn|23
|
|t:|1660298442
|move|p2a: Latios|Mystical Fire|p1a: Magnezone
|-supereffective|p1a: Magnezone
|-damage|p1a: Magnezone|0 fnt
|faint|p1a: Magnezone
|
|upkeep
|
|t:|1660298448
|switch|p1a: Weavile|Weavile, M|72/100
|-ability|p1a: Weavile|Pressure
|turn|24
|
|t:|1660298451
|switch|p2a: Blissey|Blissey, F|100/100
|move|p1a: Weavile|Knock Off|p2a: Blissey
|-damage|p2a: Blissey|59/100
|-enditem|p2a: Blissey|Heavy-Duty Boots|[from] move: Knock Off|[of] p1a: Weavile
|
|upkeep
|turn|25
|
|t:|1660298458
|move|p1a: Weavile|Triple Axel|p2a: Blissey|[miss]
|-miss|p1a: Weavile|p2a: Blissey
|move|p2a: Blissey|Toxic|p1a: Weavile
|-status|p1a: Weavile|tox
|
|-damage|p1a: Weavile|66/100 tox|[from] psn
|upkeep
|turn|26
|
|t:|1660298460
|move|p1a: Weavile|Triple Axel|p2a: Blissey
|-damage|p2a: Blissey|50/100
|-damage|p2a: Blissey|33/100
|-damage|p2a: Blissey|8/100
|-hitcount|p2a: Blissey|3
|move|p2a: Blissey|Soft-Boiled|p2a: Blissey
|-heal|p2a: Blissey|58/100
|
|-damage|p1a: Weavile|54/100 tox|[from] psn
|upkeep
|turn|27
|
|t:|1660298472
|switch|p1a: Zapdos|Zapdos|100/100
|move|p2a: Blissey|Seismic Toss|p1a: Zapdos
|-damage|p1a: Zapdos|74/100
|
|upkeep
|turn|28
|
|t:|1660298479
|move|p1a: Zapdos|Volt Switch|p2a: Blissey
|-damage|p2a: Blissey|48/100
|
|t:|1660298483
|switch|p1a: Tapu Lele|Tapu Lele|88/100|[from]move: Volt Switch
|-damage|p1a: Tapu Lele|76/100|[from] Stealth Rock
|-fieldstart|move: Psychic Terrain|[from] ability: Psychic Surge|[of] p1a: Tapu Lele
|move|p2a: Blissey|Toxic|p1a: Tapu Lele
|-status|p1a: Tapu Lele|tox
|
|-damage|p1a: Tapu Lele|70/100 tox|[from] psn
|upkeep
|turn|29
|
|t:|1660298498
|switch|p2a: Kartana|Kartana|94/100
|-damage|p2a: Kartana|88/100|[from] Stealth Rock
|move|p1a: Tapu Lele|Psyshock|p2a: Kartana
|-resisted|p2a: Kartana
|-damage|p2a: Kartana|62/100
|
|-damage|p1a: Tapu Lele|57/100 tox|[from] psn
|upkeep
|turn|30
|
|t:|1660298504
|switch|p2a: Latios|Latios, M|34/100
|-damage|p2a: Latios|21/100|[from] Stealth Rock
|move|p1a: Tapu Lele|Psyshock|p2a: Latios
|-resisted|p2a: Latios
|-damage|p2a: Latios|0 fnt
|faint|p2a: Latios
|
|-damage|p1a: Tapu Lele|39/100 tox|[from] psn
|upkeep
|
|t:|1660298511
|switch|p2a: Kartana|Kartana|62/100
|-damage|p2a: Kartana|56/100|[from] Stealth Rock
|turn|31
|
|t:|1660298514
|move|p2a: Kartana|Knock Off|p1a: Tapu Lele
|-damage|p1a: Tapu Lele|0 fnt
|-enditem|p1a: Tapu Lele|Choice Scarf|[from] move: Knock Off|[of] p2a: Kartana
|faint|p1a: Tapu Lele
|-ability|p2a: Kartana|Beast Boost|boost
|-boost|p2a: Kartana|atk|1
|
|upkeep
|
|t:|1660298517
|switch|p1a: Zapdos|Zapdos|74/100
|turn|32
|
|t:|1660298520
|move|p2a: Kartana|Knock Off|p1a: Zapdos
|-damage|p1a: Zapdos|19/100
|-enditem|p1a: Zapdos|Heavy-Duty Boots|[from] move: Knock Off|[of] p2a: Kartana
|move|p1a: Zapdos|Hurricane|p2a: Kartana
|-damage|p2a: Kartana|0 fnt
|faint|p2a: Kartana
|
|-fieldend|move: Psychic Terrain
|upkeep
|
|t:|1660298527
|switch|p2a: Blissey|Blissey, F|48/100
|-damage|p2a: Blissey|36/100|[from] Stealth Rock
|turn|33
|
|t:|1660298530
|move|p1a: Zapdos|Roost|p1a: Zapdos
|-heal|p1a: Zapdos|69/100
|-singleturn|p1a: Zapdos|move: Roost
|move|p2a: Blissey|Soft-Boiled|p2a: Blissey
|-heal|p2a: Blissey|86/100
|
|upkeep
|turn|34
|
|t:|1660298546
|move|p1a: Zapdos|Defog|p2a: Blissey
|-unboost|p2a: Blissey|evasion|1
|-sideend|p2: JooshP|Stealth Rock|[from] move: Defog|[of] p1a: Zapdos
|-sideend|p1: Red violet blue|Stealth Rock|[from] move: Defog|[of] p1a: Zapdos
|move|p2a: Blissey|Toxic|p1a: Zapdos
|-status|p1a: Zapdos|tox
|
|-damage|p1a: Zapdos|63/100 tox|[from] psn
|upkeep
|turn|35
|
|t:|1660298552
|move|p1a: Zapdos|Hurricane|p2a: Blissey
|-damage|p2a: Blissey|68/100
|move|p2a: Blissey|Seismic Toss|p1a: Zapdos
|-damage|p1a: Zapdos|37/100 tox
|
|-damage|p1a: Zapdos|25/100 tox|[from] psn
|upkeep
|turn|36
|
|t:|1660298555
|move|p1a: Zapdos|Hurricane|p2a: Blissey
|-damage|p2a: Blissey|50/100
|move|p2a: Blissey|Soft-Boiled|p2a: Blissey
|-heal|p2a: Blissey|99/100
|
|-damage|p1a: Zapdos|7/100 tox|[from] psn
|upkeep
|turn|37
|
|t:|1660298558
|move|p1a: Zapdos|Roost|p1a: Zapdos
|-heal|p1a: Zapdos|57/100 tox
|-singleturn|p1a: Zapdos|move: Roost
|move|p2a: Blissey|Soft-Boiled|p2a: Blissey
|-heal|p2a: Blissey|100/100
|
|-damage|p1a: Zapdos|33/100 tox|[from] psn
|upkeep
|turn|38
|
|t:|1660298561
|move|p1a: Zapdos|Hurricane|p2a: Blissey
|-damage|p2a: Blissey|83/100
|-start|p2a: Blissey|confusion
|-activate|p2a: Blissey|confusion
|move|p2a: Blissey|Soft-Boiled|p2a: Blissey
|-heal|p2a: Blissey|100/100
|
|-damage|p1a: Zapdos|3/100 tox|[from] psn
|upkeep
|turn|39
|
|t:|1660298568
|move|p1a: Zapdos|Hurricane|p2a: Blissey
|-damage|p2a: Blissey|84/100
|-end|p2a: Blissey|confusion
|move|p2a: Blissey|Soft-Boiled|p2a: Blissey
|-heal|p2a: Blissey|100/100
|
|-damage|p1a: Zapdos|0 fnt|[from] psn
|faint|p1a: Zapdos
|upkeep
|
|t:|1660298570
|switch|p1a: Weavile|Weavile, M|54/100 tox
|-ability|p1a: Weavile|Pressure
|turn|40
|
|t:|1660298588
|move|p1a: Weavile|Swords Dance|p1a: Weavile
|-boost|p1a: Weavile|atk|2
|move|p2a: Blissey|Seismic Toss|p1a: Weavile
|-damage|p1a: Weavile|18/100 tox
|
|-damage|p1a: Weavile|12/100 tox|[from] psn
|upkeep
|turn|41
|
|t:|1660298616
|move|p1a: Weavile|Triple Axel|p2a: Blissey
|-damage|p2a: Blissey|83/100
|-damage|p2a: Blissey|49/100
|-damage|p2a: Blissey|0 fnt
|faint|p2a: Blissey
|-hitcount|p2: Blissey|3
|
|win|Red violet blue
|raw|Red violet blue's rating: 1536 &rarr; <strong>1564</strong><br />(+28 for winning)
|raw|JooshP's rating: 1673 &rarr; <strong>1645</strong><br />(-28 for losing)
|l|☆JooshP
