|j|☆Sww-Suwa
|j|☆lou dort
|inactive|Battle timer is ON: inactive players will automatically lose when time's up.
|t:|1658087116
|gametype|singles
|player|p1|Sww-Suwa|lisia|
|player|p2|lou dort|169|
|teamsize|p1|6
|teamsize|p2|6
|gen|8
|tier|[Gen 8] OU
|rated|Tournament battle
|rule|Sleep Clause Mod: Limit one foe put to sleep
|rule|Species Clause: Limit one of each Pokémon
|rule|OHKO Clause: OHKO moves are banned
|rule|Evasion Moves Clause: Evasion moves are banned
|rule|Endless Battle Clause: Forcing endless battles is banned
|rule|HP Percentage Mod: HP is shown in percentages
|rule|Dynamax Clause: You cannot dynamax
|clearpoke
|poke|p1|Exeggutor-Alola, M|
|poke|p1|Dragapult, M|
|poke|p1|Latios, M|
|poke|p1|Latias, F|
|poke|p1|Dragonite, M|
|poke|p1|Druddigon, M|
|poke|p2|Dragonite, F|
|poke|p2|Haxorus, F|
|poke|p2|Dragapult, F|
|poke|p2|Regidrago|
|poke|p2|Latios, M|
|poke|p2|Latias, F|
|teampreview
|inactive|lou dort also wants the timer to be on.
|c|☆Sww-Suwa|hf
|j| Korkskrew
|
|t:|1658087125
|start
|switch|p1a: Druddigon|Druddigon, M|100/100
|switch|p2a: Dragapult|Dragapult, F|100/100
|-ability|p1a: Druddigon|Mold Breaker
|turn|1
|
|t:|1658087130
|move|p2a: Dragapult|Substitute|p2a: Dragapult
|-start|p2a: Dragapult|Substitute
|-damage|p2a: Dragapult|76/100
|move|p1a: Druddigon|Stealth Rock|p2a: Dragapult
|-sidestart|p2: lou dort|move: Stealth Rock
|
|upkeep
|turn|2
|
|t:|1658087135
|move|p2a: Dragapult|Dragon Dance|p2a: Dragapult
|-boost|p2a: Dragapult|atk|1
|-boost|p2a: Dragapult|spe|1
|move|p1a: Druddigon|Dragon Tail|p2a: Dragapult
|-supereffective|p2a: Dragapult
|-end|p2a: Dragapult|Substitute
|
|upkeep
|turn|3
|
|t:|1658087139
|move|p2a: Dragapult|Disable|p1a: Druddigon
|-start|p1a: Druddigon|Disable|Dragon Tail
|-enditem|p1a: Druddigon|Mental Herb
|-end|p1a: Druddigon|Disable
|move|p1a: Druddigon|Dragon Tail|p2a: Dragapult|[miss]
|-miss|p1a: Druddigon|p2a: Dragapult
|
|upkeep
|turn|4
|
|t:|1658087148
|move|p2a: Dragapult|Substitute|p2a: Dragapult
|-start|p2a: Dragapult|Substitute
|-damage|p2a: Dragapult|51/100
|move|p1a: Druddigon|Glare||[still]
|-fail|p1a: Druddigon
|
|upkeep
|turn|5
|c|☆Sww-Suwa|ok
|
|t:|1658087154
|move|p2a: Dragapult|Dragon Darts|p1a: Druddigon
|-supereffective|p1a: Druddigon
|-damage|p1a: Druddigon|13/100
|-anim|p2a: Dragapult|Dragon Darts|p1a: Druddigon
|-supereffective|p1a: Druddigon
|-damage|p1a: Druddigon|0 fnt
|faint|p1a: Druddigon
|
|upkeep
|c|☆Sww-Suwa|cheat
|
|t:|1658087158
|switch|p1a: Dragapult|Dragapult, M|100/100
|turn|6
|
|t:|1658087160
|move|p2a: Dragapult|Dragon Darts|p1a: Dragapult
|-supereffective|p1a: Dragapult
|-damage|p1a: Dragapult|0 fnt
|faint|p1a: Dragapult
|
|upkeep
|c|☆lou dort|gg
|
|t:|1658087166
|switch|p1a: Exeggutor|Exeggutor-Alola, M|100/100
|turn|7
|
|t:|1658087169
|move|p1a: Exeggutor|Endure|p1a: Exeggutor
|-singleturn|p1a: Exeggutor|move: Endure
|move|p2a: Dragapult|Dragon Darts|p1a: Exeggutor
|-supereffective|p1a: Exeggutor
|-damage|p1a: Exeggutor|9/100
|-anim|p2a: Dragapult|Dragon Darts|p1a: Exeggutor
|-supereffective|p1a: Exeggutor
|-activate|p1a: Exeggutor|move: Endure
|-damage|p1a: Exeggutor|1/100
|
|upkeep
|turn|8
|-enditem|p1a: Exeggutor|Custap Berry|[eat]
|-activate|p1a: Exeggutor|item: Custap Berry|[consumed]
|
|t:|1658087173
|move|p1a: Exeggutor|Dragon Pulse|p2a: Dragapult
|-supereffective|p2a: Dragapult
|-end|p2a: Dragapult|Substitute
|move|p2a: Dragapult|Disable|p1a: Exeggutor
|-start|p1a: Exeggutor|Disable|Dragon Pulse
|
|upkeep
|turn|9
|
|t:|1658087181
|move|p1a: Exeggutor|Endure|p1a: Exeggutor
|-singleturn|p1a: Exeggutor|move: Endure
|move|p2a: Dragapult|Substitute|p2a: Dragapult
|-start|p2a: Dragapult|Substitute
|-damage|p2a: Dragapult|26/100
|
|upkeep
|turn|10
|
|t:|1658087186
|move|p1a: Exeggutor|Endure|p1a: Exeggutor
|-singleturn|p1a: Exeggutor|move: Endure
|move|p2a: Dragapult|Dragon Darts|p1a: Exeggutor
|-supereffective|p1a: Exeggutor
|-activate|p1a: Exeggutor|move: Endure
|-damage|p1a: Exeggutor|1/100
|-anim|p2a: Dragapult|Dragon Darts|p1a: Exeggutor
|-supereffective|p1a: Exeggutor
|-activate|p1a: Exeggutor|move: Endure
|-damage|p1a: Exeggutor|1/100
|
|-item|p1a: Exeggutor|Custap Berry|[from] ability: Harvest
|upkeep
|turn|11
|c|☆Sww-Suwa|bro
|c|☆Sww-Suwa|i won
|c|☆lou dort|good double endure
|c|☆Sww-Suwa|smh
|-enditem|p1a: Exeggutor|Custap Berry|[eat]
|-activate|p1a: Exeggutor|item: Custap Berry|[consumed]
|
|t:|1658087196
|move|p1a: Exeggutor|Outrage|p2a: Dragapult
|-supereffective|p2a: Dragapult
|-end|p2a: Dragapult|Substitute
|move|p2a: Dragapult|Dragon Darts|p1a: Exeggutor
|-supereffective|p1a: Exeggutor
|-damage|p1a: Exeggutor|0 fnt
|faint|p1a: Exeggutor
|
|upkeep
|
|t:|1658087207
|switch|p1a: Dragonite|Dragonite, M|100/100
|turn|12
|
|t:|1658087209
|move|p2a: Dragapult|Dragon Darts|p1a: Dragonite
|-supereffective|p1a: Dragonite
|-damage|p1a: Dragonite|61/100
|-enditem|p1a: Dragonite|Weakness Policy
|-boost|p1a: Dragonite|atk|2|[from] item: Weakness Policy
|-boost|p1a: Dragonite|spa|2|[from] item: Weakness Policy
|-anim|p2a: Dragapult|Dragon Darts|p1a: Dragonite
|-supereffective|p1a: Dragonite
|-damage|p1a: Dragonite|0 fnt
|faint|p1a: Dragonite
|
|upkeep
|
|t:|1658087214
|switch|p1a: Latios|Latios, M|100/100
|turn|13
|
|t:|1658087216
|move|p2a: Dragapult|Dragon Darts|p1a: Latios
|-supereffective|p1a: Latios
|-damage|p1a: Latios|3/100
|-anim|p2a: Dragapult|Dragon Darts|p1a: Latios
|-supereffective|p1a: Latios
|-damage|p1a: Latios|0 fnt
|faint|p1a: Latios
|
|upkeep
|
|t:|1658087218
|switch|p1a: Latias|Latias, F|100/100
|turn|14
|
|t:|1658087220
|move|p2a: Dragapult|Dragon Darts|p1a: Latias
|-supereffective|p1a: Latias
|-damage|p1a: Latias|25/100
|-enditem|p1a: Latias|Weakness Policy
|-boost|p1a: Latias|atk|2|[from] item: Weakness Policy
|-boost|p1a: Latias|spa|2|[from] item: Weakness Policy
|-anim|p2a: Dragapult|Dragon Darts|p1a: Latias
|-supereffective|p1a: Latias
|-damage|p1a: Latias|0 fnt
|faint|p1a: Latias
|
|win|lou dort
|n|☆Sww-Suwa|swwsuwa
|n|☆lou dort|loudort
|n| Korkskrew|korkskrew
