|j|☆Maitredouard2
|j|☆GenuineKing
|t:|1654263338
|gametype|singles
|player|p1|Maitredouard2|lance|1612
|player|p2|GenuineKing|drayden|1563
|teamsize|p1|6
|teamsize|p2|6
|gen|8
|tier|[Gen 8] OU
|rated|
|rule|Sleep Clause Mod: Limit one foe put to sleep
|rule|Species Clause: Limit one of each Pokémon
|rule|OHKO Clause: OHKO moves are banned
|rule|Evasion Moves Clause: Evasion moves are banned
|rule|Endless Battle Clause: Forcing endless battles is banned
|rule|HP Percentage Mod: HP is shown in percentages
|rule|Dynamax Clause: You cannot dynamax
|clearpoke
|poke|p1|Mandibuzz, F|
|poke|p1|Landorus-Therian, M|
|poke|p1|Blissey, F|
|poke|p1|Heatran, M|
|poke|p1|Toxapex, M|
|poke|p1|Tapu Lele|
|poke|p2|Terrakion|
|poke|p2|Landorus-Therian, M|
|poke|p2|Zapdos|
|poke|p2|Blacephalon|
|poke|p2|Hydreigon, F|
|poke|p2|Slowbro, F|
|teampreview
|inactive|Battle timer is ON: inactive players will automatically lose when time's up. (requested by GenuineKing)
|
|t:|1654263350
|start
|switch|p1a: Landorus|Landorus-Therian, M|100/100
|switch|p2a: jug-eum|Blacephalon, shiny|100/100
|-ability|p1a: Landorus|Intimidate|boost
|-unboost|p2a: jug-eum|atk|1
|turn|1
|
|t:|1654263365
|switch|p2a: Chief|Landorus-Therian, M|100/100
|-ability|p2a: Chief|Intimidate|boost
|-unboost|p1a: Landorus|atk|1
|move|p1a: Landorus|Earthquake|p2a: Chief
|-immune|p2a: Chief
|
|upkeep
|turn|2
|
|t:|1654263373
|switch|p1a: Toxapex|Toxapex, M|100/100
|move|p2a: Chief|Toxic|p1a: Toxapex
|-immune|p1a: Toxapex
|
|upkeep
|turn|3
|
|t:|1654263379
|move|p2a: Chief|Earthquake|p1a: Toxapex
|-supereffective|p1a: Toxapex
|-damage|p1a: Toxapex|45/100
|move|p1a: Toxapex|Toxic|p2a: Chief
|-status|p2a: Chief|tox
|
|-damage|p2a: Chief|94/100 tox|[from] psn
|upkeep
|turn|4
|
|t:|1654263387
|move|p2a: Chief|Stealth Rock|p1a: Toxapex
|-sidestart|p1: Maitredouard2|move: Stealth Rock
|move|p1a: Toxapex|Recover|p1a: Toxapex
|-heal|p1a: Toxapex|95/100
|
|-heal|p2a: Chief|100/100 tox|[from] item: Leftovers
|-damage|p2a: Chief|88/100 tox|[from] psn
|upkeep
|turn|5
|c|☆GenuineKing|0-0
|
|t:|1654263407
|move|p2a: Chief|Earthquake|p1a: Toxapex
|-supereffective|p1a: Toxapex
|-damage|p1a: Toxapex|37/100
|move|p1a: Toxapex|Scald|p2a: Chief
|-supereffective|p2a: Chief
|-damage|p2a: Chief|52/100 tox
|
|-heal|p2a: Chief|58/100 tox|[from] item: Leftovers
|-damage|p2a: Chief|40/100 tox|[from] psn
|upkeep
|turn|6
|
|t:|1654263419
|switch|p1a: Heatran|Heatran, M|100/100
|-damage|p1a: Heatran|88/100|[from] Stealth Rock
|-item|p1a: Heatran|Air Balloon
|move|p2a: Chief|U-turn|p1a: Heatran
|-resisted|p1a: Heatran
|-damage|p1a: Heatran|83/100
|-enditem|p1a: Heatran|Air Balloon
|j| ArtofHeatSunTzu
|
|t:|1654263422
|switch|p2a: Baraya|Terrakion|100/100|[from]move: U-turn
|
|upkeep
|turn|7
|
|t:|1654263431
|move|p2a: Baraya|Stone Edge|p1a: Heatran
|-damage|p1a: Heatran|21/100
|move|p1a: Heatran|Earth Power|p2a: Baraya
|-supereffective|p2a: Baraya
|-damage|p2a: Baraya|18/100
|
|upkeep
|turn|8
|
|t:|1654263440
|move|p2a: Baraya|Stone Edge|p1a: Heatran
|-damage|p1a: Heatran|0 fnt
|faint|p1a: Heatran
|
|upkeep
|
|t:|1654263445
|switch|p1a: Toxapex|Toxapex, M|71/100
|-damage|p1a: Toxapex|58/100|[from] Stealth Rock
|turn|9
|inactive|GenuineKing has 120 seconds left.
|
|t:|1654263478
|switch|p2a: Chief|Landorus-Therian, M|40/100 tox
|-ability|p2a: Chief|Intimidate|boost
|-unboost|p1a: Toxapex|atk|1
|move|p1a: Toxapex|Scald|p2a: Chief
|-supereffective|p2a: Chief
|-crit|p2a: Chief
|-damage|p2a: Chief|0 fnt
|faint|p2a: Chief
|
|upkeep
|
|t:|1654263482
|switch|p2a: Arashi|Zapdos|100/100
|turn|10
|
|t:|1654263490
|switch|p1a: Blissey|Blissey, F|100/100
|move|p2a: Arashi|Discharge|p1a: Blissey
|-damage|p1a: Blissey|89/100
|
|upkeep
|turn|11
|
|t:|1654263504
|move|p2a: Arashi|Discharge|p1a: Blissey
|-damage|p1a: Blissey|76/100
|move|p1a: Blissey|Soft-Boiled|p1a: Blissey
|-heal|p1a: Blissey|100/100
|
|upkeep
|turn|12
|
|t:|1654263515
|move|p2a: Arashi|U-turn|p1a: Blissey
|-damage|p1a: Blissey|89/100
|
|t:|1654263521
|switch|p2a: Bro|Slowbro, F|100/100|[from]move: U-turn
|move|p1a: Blissey|Soft-Boiled|p1a: Blissey
|-heal|p1a: Blissey|100/100
|
|upkeep
|turn|13
|
|t:|1654263530
|move|p1a: Blissey|Toxic|p2a: Bro
|-status|p2a: Bro|tox
|move|p2a: Bro|Teleport|p2a: Bro
|
|t:|1654263532
|switch|p2a: Baraya|Terrakion|18/100|[from]move: Teleport
|
|upkeep
|turn|14
|
|t:|1654263537
|switch|p1a: Toxapex|Toxapex, M|91/100
|-damage|p1a: Toxapex|79/100|[from] Stealth Rock
|move|p2a: Baraya|Stone Edge|p1a: Toxapex
|-crit|p1a: Toxapex
|-damage|p1a: Toxapex|14/100
|
|upkeep
|turn|15
|
|t:|1654263545
|switch|p1a: Landorus|Landorus-Therian, M|100/100
|-damage|p1a: Landorus|88/100|[from] Stealth Rock
|-ability|p1a: Landorus|Intimidate|boost
|-unboost|p2a: Baraya|atk|1
|move|p2a: Baraya|Stone Edge|p1a: Landorus|[miss]
|-miss|p2a: Baraya|p1a: Landorus
|
|upkeep
|turn|16
|
|t:|1654263558
|switch|p2a: Acnologia|Hydreigon, F, shiny|100/100
|move|p1a: Landorus|Stone Edge|p2a: Acnologia
|-damage|p2a: Acnologia|58/100
|
|-heal|p2a: Acnologia|64/100|[from] item: Leftovers
|upkeep
|turn|17
|
|t:|1654263576
|switch|p1a: Blissey|Blissey, F|100/100
|move|p2a: Acnologia|Roost|p2a: Acnologia
|-heal|p2a: Acnologia|100/100
|-singleturn|p2a: Acnologia|move: Roost
|
|upkeep
|turn|18
|
|t:|1654263585
|switch|p2a: Bro|Slowbro, F|100/100 tox
|move|p1a: Blissey|Teleport|p1a: Blissey
|
|t:|1654263589
|switch|p1a: Tapu Lele|Tapu Lele|100/100|[from]move: Teleport
|-damage|p1a: Tapu Lele|88/100|[from] Stealth Rock
|-fieldstart|move: Psychic Terrain|[from] ability: Psychic Surge|[of] p1a: Tapu Lele
|
|-damage|p2a: Bro|94/100 tox|[from] psn
|upkeep
|turn|19
|
|t:|1654263598
|move|p1a: Tapu Lele|Moonblast|p2a: Bro
|-damage|p2a: Bro|20/100 tox
|-unboost|p2a: Bro|spa|1
|move|p2a: Bro|Teleport|p2a: Bro
|
|t:|1654263626
|switch|p2a: Baraya|Terrakion|18/100|[from]move: Teleport
|
|upkeep
|turn|20
|
|t:|1654263634
|switch|p1a: Toxapex|Toxapex, M|47/100
|-damage|p1a: Toxapex|34/100|[from] Stealth Rock
|move|p2a: Baraya|Stone Edge|p1a: Toxapex
|-damage|p1a: Toxapex|0 fnt
|faint|p1a: Toxapex
|
|upkeep
|
|t:|1654263643
|switch|p1a: Landorus|Landorus-Therian, M|88/100
|-damage|p1a: Landorus|75/100|[from] Stealth Rock
|-ability|p1a: Landorus|Intimidate|boost
|-unboost|p2a: Baraya|atk|1
|turn|21
|
|t:|1654263651
|switch|p2a: Acnologia|Hydreigon, F, shiny|100/100
|move|p1a: Landorus|U-turn|p2a: Acnologia
|-supereffective|p2a: Acnologia
|-damage|p2a: Acnologia|43/100
|
|t:|1654263656
|switch|p1a: Blissey|Blissey, F|100/100|[from]move: U-turn
|
|-heal|p2a: Acnologia|49/100|[from] item: Leftovers
|upkeep
|turn|22
|
|t:|1654263662
|move|p2a: Acnologia|Roost|p2a: Acnologia
|-heal|p2a: Acnologia|99/100
|-singleturn|p2a: Acnologia|move: Roost
|move|p1a: Blissey|Teleport|p1a: Blissey
|
|t:|1654263666
|switch|p1a: Tapu Lele|Tapu Lele|88/100|[from]move: Teleport
|-damage|p1a: Tapu Lele|76/100|[from] Stealth Rock
|
|-heal|p2a: Acnologia|100/100|[from] item: Leftovers
|-fieldend|move: Psychic Terrain
|upkeep
|turn|23
|
|t:|1654263683
|move|p2a: Acnologia|Dark Pulse|p1a: Tapu Lele
|-damage|p1a: Tapu Lele|33/100
|move|p1a: Tapu Lele|Moonblast|p2a: Acnologia
|-supereffective|p2a: Acnologia
|-damage|p2a: Acnologia|0 fnt
|faint|p2a: Acnologia
|
|upkeep
|
|t:|1654263690
|switch|p2a: jug-eum|Blacephalon, shiny|100/100
|turn|24
|
|t:|1654263694
|move|p2a: jug-eum|Trick|p1a: Tapu Lele
|-activate|p2a: jug-eum|move: Trick|[of] p1a: Tapu Lele
|-item|p1a: Tapu Lele|Choice Scarf|[from] move: Trick
|-item|p2a: jug-eum|Choice Specs|[from] move: Trick
|move|p1a: Tapu Lele|Moonblast|p2a: jug-eum
|-resisted|p2a: jug-eum
|-crit|p2a: jug-eum
|-damage|p2a: jug-eum|43/100
|
|upkeep
|turn|25
|
|t:|1654263711
|switch|p1a: Mandibuzz|Mandibuzz, F|100/100
|switch|p2a: Bro|Slowbro, F|54/100 tox
|
|-damage|p2a: Bro|48/100 tox|[from] psn
|upkeep
|turn|26
|
|t:|1654263720
|switch|p2a: Arashi|Zapdos|100/100
|move|p1a: Mandibuzz|Taunt|p2a: Arashi
|-start|p2a: Arashi|move: Taunt
|
|upkeep
|turn|27
|
|t:|1654263740
|switch|p1a: Landorus|Landorus-Therian, M|75/100
|-damage|p1a: Landorus|63/100|[from] Stealth Rock
|-ability|p1a: Landorus|Intimidate|boost
|-unboost|p2a: Arashi|atk|1
|move|p2a: Arashi|Discharge|p1a: Landorus
|-immune|p1a: Landorus
|
|upkeep
|turn|28
|
|t:|1654263760
|switch|p2a: Bro|Slowbro, F|81/100 tox
|move|p1a: Landorus|U-turn|p2a: Bro
|-supereffective|p2a: Bro
|-damage|p2a: Bro|47/100 tox
|c|☆GenuineKing|Ahhhh
|
|t:|1654263765
|switch|p1a: Tapu Lele|Tapu Lele|33/100|[from]move: U-turn
|-damage|p1a: Tapu Lele|20/100|[from] Stealth Rock
|-fieldstart|move: Psychic Terrain|[from] ability: Psychic Surge|[of] p1a: Tapu Lele
|
|-damage|p2a: Bro|41/100 tox|[from] psn
|upkeep
|turn|29
|c|☆GenuineKing|the trick fucked me up
|c|☆GenuineKing|i thought you’d go mandi or bliss
|c|☆GenuineKing|well shit
|inactive|GenuineKing has 120 seconds left.
|
|t:|1654263811
|switch|p2a: Arashi|Zapdos|100/100
|move|p1a: Tapu Lele|Moonblast|p2a: Arashi
|-damage|p2a: Arashi|50/100
|-unboost|p2a: Arashi|spa|1
|
|upkeep
|turn|30
|
|t:|1654263819
|move|p1a: Tapu Lele|Moonblast|p2a: Arashi
|-damage|p2a: Arashi|3/100
|-unboost|p2a: Arashi|spa|1
|move|p2a: Arashi|U-turn|p1a: Tapu Lele
|-crit|p1a: Tapu Lele
|-damage|p1a: Tapu Lele|0 fnt
|faint|p1a: Tapu Lele
|c|☆GenuineKing|Damn
|
|t:|1654263841
|switch|p2a: Bro|Slowbro, F|75/100 tox|[from]move: U-turn
|
|-damage|p2a: Bro|68/100 tox|[from] psn
|upkeep
|
|t:|1654263848
|switch|p1a: Mandibuzz|Mandibuzz, F|100/100
|turn|31
|
|t:|1654263855
|move|p1a: Mandibuzz|Foul Play|p2a: Bro
|-supereffective|p2a: Bro
|-damage|p2a: Bro|42/100 tox
|move|p2a: Bro|Teleport|p2a: Bro
|
|t:|1654263858
|switch|p2a: Baraya|Terrakion|18/100|[from]move: Teleport
|
|upkeep
|turn|32
|
|t:|1654263863
|move|p2a: Baraya|Stone Edge|p1a: Mandibuzz
|-supereffective|p1a: Mandibuzz
|-damage|p1a: Mandibuzz|5/100
|move|p1a: Mandibuzz|Foul Play|p2a: Baraya
|-resisted|p2a: Baraya
|-crit|p2a: Baraya
|-damage|p2a: Baraya|0 fnt
|faint|p2a: Baraya
|
|-fieldend|move: Psychic Terrain
|upkeep
|inactive|GenuineKing has 120 seconds left.
|inactive|GenuineKing has 90 seconds left.
|
|t:|1654263901
|switch|p2a: jug-eum|Blacephalon, shiny|43/100
|turn|33
|inactive|GenuineKing has 90 seconds left.
|c|☆Maitredouard2|Your zapdos with 3% :(
|inactive|Maitredouard2 has 120 seconds left.
|
|t:|1654263944
|move|p2a: jug-eum|Flamethrower|p1a: Mandibuzz
|-damage|p1a: Mandibuzz|0 fnt
|faint|p1a: Mandibuzz
|-ability|p2a: jug-eum|Beast Boost|boost
|-boost|p2a: jug-eum|spa|1
|
|upkeep
|
|t:|1654263953
|switch|p1a: Blissey|Blissey, F|100/100
|turn|34
|
|t:|1654263966
|switch|p2a: Bro|Slowbro, F|76/100 tox
|move|p1a: Blissey|Toxic|p2a: Bro
|-fail|p2a: Bro|tox
|
|-damage|p2a: Bro|70/100 tox|[from] psn
|upkeep
|turn|35
|
|t:|1654263974
|move|p2a: Bro|Future Sight|p1a: Blissey
|-start|p2a: Bro|move: Future Sight
|move|p1a: Blissey|Teleport|p1a: Blissey
|
|t:|1654263977
|switch|p1a: Landorus|Landorus-Therian, M|63/100|[from]move: Teleport
|-damage|p1a: Landorus|50/100|[from] Stealth Rock
|-ability|p1a: Landorus|Intimidate|boost
|-unboost|p2a: Bro|atk|1
|
|-damage|p2a: Bro|57/100 tox|[from] psn
|upkeep
|turn|36
|
|t:|1654263987
|switch|p2a: Arashi|Zapdos|3/100
|move|p1a: Landorus|Stone Edge|p2a: Arashi|[miss]
|-miss|p1a: Landorus|p2a: Arashi
|
|upkeep
|turn|37
|
|t:|1654263994
|move|p1a: Landorus|Stone Edge|p2a: Arashi|[miss]
|-miss|p1a: Landorus|p2a: Arashi
|move|p2a: Arashi|Hurricane|p1a: Landorus
|-damage|p1a: Landorus|0 fnt
|faint|p1a: Landorus
|
|-hint|Future Sight did not hit because the target is fainted.
|upkeep
|c|☆GenuineKing|I’m sorry
|c|☆GenuineKing|Wait
|
|t:|1654264003
|switch|p1a: Blissey|Blissey, F|100/100
|turn|38
|c|☆GenuineKing|why were you gonna let it die
|
|t:|1654264018
|move|p2a: Arashi|Discharge|p1a: Blissey
|-damage|p1a: Blissey|87/100
|-status|p1a: Blissey|par
|move|p1a: Blissey|Toxic|p2a: Arashi|[miss]
|-miss|p1a: Blissey|p2a: Arashi
|
|upkeep
|turn|39
|
|t:|1654264026
|move|p2a: Arashi|Hurricane|p1a: Blissey
|-damage|p1a: Blissey|72/100 par
|move|p1a: Blissey|Toxic|p2a: Arashi
|-status|p2a: Arashi|tox
|
|-damage|p2a: Arashi|0 fnt|[from] psn
|faint|p2a: Arashi
|upkeep
|
|t:|1654264032
|switch|p2a: jug-eum|Blacephalon, shiny|43/100
|turn|40
|
|t:|1654264039
|move|p2a: jug-eum|Psyshock|p1a: Blissey
|-damage|p1a: Blissey|34/100 par
|cant|p1a: Blissey|par
|
|upkeep
|turn|41
|
|t:|1654264045
|move|p2a: jug-eum|Psyshock|p1a: Blissey
|-damage|p1a: Blissey|0 fnt
|faint|p1a: Blissey
|
|win|GenuineKing
|raw|Maitredouard2's rating: 1612 &rarr; <strong>1589</strong><br />(-23 for losing)
|raw|GenuineKing's rating: 1563 &rarr; <strong>1586</strong><br />(+23 for winning)
|c|☆GenuineKing|Gg
|c|☆Maitredouard2|Despair lol
|l|☆Maitredouard2
|c|☆GenuineKing|Lmao
|l| ArtofHeatSunTzu
