|j|☆Stunfisk2140
|j|☆Armilus_404
|t:|1643862810
|gametype|singles
|player|p1|Stunfisk2140|170|1549
|player|p2|Armilus_404|ghetsis|1562
|teamsize|p1|6
|teamsize|p2|6
|gen|8
|tier|[Gen 8] OU
|rated|
|rule|Sleep Clause Mod: Limit one foe put to sleep
|rule|Species Clause: Limit one of each Pokémon
|rule|OHKO Clause: OHKO moves are banned
|rule|Evasion Moves Clause: Evasion moves are banned
|rule|Endless Battle Clause: Forcing endless battles is banned
|rule|HP Percentage Mod: HP is shown in percentages
|rule|Dynamax Clause: You cannot dynamax
|clearpoke
|poke|p1|Garchomp, M|
|poke|p1|Mantine, M|
|poke|p1|Aegislash, M|
|poke|p1|Zarude|
|poke|p1|Rillaboom, F|
|poke|p1|Buzzwole|
|poke|p2|Goodra, F|
|poke|p2|Volcarona, F|
|poke|p2|Clefable, M|
|poke|p2|Necrozma|
|poke|p2|Togekiss, M|
|poke|p2|Quagsire, M|
|teampreview
|inactive|Battle timer is ON: inactive players will automatically lose when time's up. (requested by Armilus_404)
|
|t:|1643862818
|start
|switch|p1a: Excalibur|Aegislash, M, shiny|100/100
|switch|p2a: Compound interest|Togekiss, M, shiny|100/100
|turn|1
|j| Lightchanseyy
|
|t:|1643862825
|switch|p2a: ClF₃|Volcarona, F, shiny|100/100
|-formechange|p1a: Excalibur|Aegislash-Blade||[from] ability: Stance Change
|move|p1a: Excalibur|Shadow Ball|p2a: ClF₃
|-damage|p2a: ClF₃|34/100
|
|upkeep
|turn|2
|l| Lightchanseyy
|
|t:|1643862833
|switch|p1a: Kisame|Garchomp, M|100/100
|move|p2a: ClF₃|Fiery Dance|p1a: Kisame
|-resisted|p1a: Kisame
|-damage|p1a: Kisame|84/100
|-boost|p2a: ClF₃|spa|1
|
|-heal|p1a: Kisame|90/100|[from] item: Leftovers
|upkeep
|turn|3
|
|t:|1643862843
|move|p1a: Kisame|Stomping Tantrum|p2a: ClF₃
|-damage|p2a: ClF₃|3/100
|move|p2a: ClF₃|Giga Drain|p1a: Kisame
|-damage|p1a: Kisame|61/100
|-heal|p2a: ClF₃|22/100|[from] drain|[of] p1a: Kisame
|
|-heal|p1a: Kisame|67/100|[from] item: Leftovers
|upkeep
|turn|4
|
|t:|1643862851
|switch|p2a: Compound interest|Togekiss, M, shiny|100/100
|move|p1a: Kisame|Stealth Rock|p2a: Compound interest
|-sidestart|p2: Armilus_404|move: Stealth Rock
|
|-heal|p1a: Kisame|73/100|[from] item: Leftovers
|upkeep
|turn|5
|
|t:|1643862857
|switch|p1a: Excalibur|Aegislash, M, shiny|100/100
|move|p2a: Compound interest|Ancient Power|p1a: Excalibur
|-resisted|p1a: Excalibur
|-damage|p1a: Excalibur|93/100
|
|upkeep
|turn|6
|
|t:|1643862864
|-formechange|p1a: Excalibur|Aegislash-Blade||[from] ability: Stance Change
|move|p1a: Excalibur|Shadow Ball|p2a: Compound interest
|-damage|p2a: Compound interest|45/100
|-unboost|p2a: Compound interest|spd|1
|move|p2a: Compound interest|Ancient Power|p1a: Excalibur
|-resisted|p1a: Excalibur
|-damage|p1a: Excalibur|76/100
|
|upkeep
|turn|7
|
|t:|1643862873
|move|p1a: Excalibur|Shadow Ball|p2a: Compound interest
|-damage|p2a: Compound interest|0 fnt
|faint|p2a: Compound interest
|
|upkeep
|
|t:|1643862879
|switch|p2a: Gender dysphoria|Clefable, M, shiny|100/100
|-damage|p2a: Gender dysphoria|88/100|[from] Stealth Rock
|turn|8
|
|t:|1643862889
|switch|p1a: Chad Monke|Rillaboom, F|100/100
|-fieldstart|move: Grassy Terrain|[from] ability: Grassy Surge|[of] p1a: Chad Monke
|move|p2a: Gender dysphoria|Cosmic Power|p2a: Gender dysphoria
|-boost|p2a: Gender dysphoria|def|1
|-boost|p2a: Gender dysphoria|spd|1
|
|-heal|p2a: Gender dysphoria|94/100|[from] Grassy Terrain
|upkeep
|turn|9
|
|t:|1643862897
|move|p1a: Chad Monke|Swords Dance|p1a: Chad Monke
|-boost|p1a: Chad Monke|atk|2
|move|p2a: Gender dysphoria|Cosmic Power|p2a: Gender dysphoria
|-boost|p2a: Gender dysphoria|def|1
|-boost|p2a: Gender dysphoria|spd|1
|
|-heal|p2a: Gender dysphoria|100/100|[from] Grassy Terrain
|upkeep
|turn|10
|
|t:|1643862905
|move|p1a: Chad Monke|Grassy Glide|p2a: Gender dysphoria
|-damage|p2a: Gender dysphoria|73/100
|-damage|p1a: Chad Monke|91/100|[from] item: Life Orb
|move|p2a: Gender dysphoria|Cosmic Power|p2a: Gender dysphoria
|-boost|p2a: Gender dysphoria|def|1
|-boost|p2a: Gender dysphoria|spd|1
|
|-heal|p1a: Chad Monke|97/100|[from] Grassy Terrain
|-heal|p2a: Gender dysphoria|79/100|[from] Grassy Terrain
|upkeep
|turn|11
|
|t:|1643862915
|switch|p1a: Excalibur|Aegislash, M, shiny|76/100
|move|p2a: Gender dysphoria|Cosmic Power|p2a: Gender dysphoria
|-boost|p2a: Gender dysphoria|def|1
|-boost|p2a: Gender dysphoria|spd|1
|
|-heal|p1a: Excalibur|82/100|[from] Grassy Terrain
|-heal|p2a: Gender dysphoria|86/100|[from] Grassy Terrain
|upkeep
|turn|12
|
|t:|1643862924
|-formechange|p1a: Excalibur|Aegislash-Blade||[from] ability: Stance Change
|move|p1a: Excalibur|Flash Cannon|p2a: Gender dysphoria
|-supereffective|p2a: Gender dysphoria
|-damage|p2a: Gender dysphoria|42/100
|move|p2a: Gender dysphoria|Cosmic Power|p2a: Gender dysphoria
|-boost|p2a: Gender dysphoria|def|1
|-boost|p2a: Gender dysphoria|spd|1
|
|-heal|p1a: Excalibur|88/100|[from] Grassy Terrain
|-heal|p2a: Gender dysphoria|48/100|[from] Grassy Terrain
|-fieldend|move: Grassy Terrain
|upkeep
|turn|13
|
|t:|1643862934
|move|p1a: Excalibur|Flash Cannon|p2a: Gender dysphoria
|-supereffective|p2a: Gender dysphoria
|-damage|p2a: Gender dysphoria|12/100
|-unboost|p2a: Gender dysphoria|spd|1
|move|p2a: Gender dysphoria|Rest|p2a: Gender dysphoria
|-status|p2a: Gender dysphoria|slp|[from] move: Rest
|-heal|p2a: Gender dysphoria|100/100 slp|[silent]
|-enditem|p2a: Gender dysphoria|Chesto Berry|[eat]
|-curestatus|p2a: Gender dysphoria|slp|[msg]
|
|upkeep
|turn|14
|c|☆Stunfisk2140|should have done that ages ago
|
|t:|1643862944
|switch|p1a: Rogue Monke|Zarude|100/100
|move|p2a: Gender dysphoria|Moonblast|p1a: Rogue Monke
|-supereffective|p1a: Rogue Monke
|-damage|p1a: Rogue Monke|32/100
|
|upkeep
|turn|15
|
|t:|1643862951
|move|p1a: Rogue Monke|Power Whip|p2a: Gender dysphoria
|-damage|p2a: Gender dysphoria|86/100
|move|p2a: Gender dysphoria|Cosmic Power|p2a: Gender dysphoria
|-boost|p2a: Gender dysphoria|def|1
|-boost|p2a: Gender dysphoria|spd|1
|
|upkeep
|turn|16
|
|t:|1643862958
|switch|p1a: Excalibur|Aegislash, M, shiny|88/100
|move|p2a: Gender dysphoria|Cosmic Power|p2a: Gender dysphoria
|-boost|p2a: Gender dysphoria|def|0
|-boost|p2a: Gender dysphoria|spd|1
|
|upkeep
|turn|17
|
|t:|1643862964
|-formechange|p1a: Excalibur|Aegislash-Blade||[from] ability: Stance Change
|move|p1a: Excalibur|Flash Cannon|p2a: Gender dysphoria
|-supereffective|p2a: Gender dysphoria
|-damage|p2a: Gender dysphoria|51/100
|move|p2a: Gender dysphoria|Moonblast|p1a: Excalibur
|-resisted|p1a: Excalibur
|-damage|p1a: Excalibur|51/100
|
|upkeep
|turn|18
|
|t:|1643862972
|move|p1a: Excalibur|Flash Cannon|p2a: Gender dysphoria
|-supereffective|p2a: Gender dysphoria
|-damage|p2a: Gender dysphoria|18/100
|move|p2a: Gender dysphoria|Moonblast|p1a: Excalibur
|-resisted|p1a: Excalibur
|-damage|p1a: Excalibur|19/100
|
|upkeep
|turn|19
|
|t:|1643862978
|move|p1a: Excalibur|Flash Cannon|p2a: Gender dysphoria
|-supereffective|p2a: Gender dysphoria
|-damage|p2a: Gender dysphoria|0 fnt
|faint|p2a: Gender dysphoria
|
|upkeep
|
|t:|1643862989
|switch|p2a: Social epistasis|Quagsire, M, shiny|100/100
|-damage|p2a: Social epistasis|94/100|[from] Stealth Rock
|turn|20
|
|t:|1643862995
|switch|p1a: Rogue Monke|Zarude|32/100
|move|p2a: Social epistasis|Scald|p1a: Rogue Monke
|-resisted|p1a: Rogue Monke
|-damage|p1a: Rogue Monke|22/100
|
|upkeep
|turn|21
|
|t:|1643863002
|switch|p2a: ClF₃|Volcarona, F, shiny|22/100
|move|p1a: Rogue Monke|Darkest Lariat|p2a: ClF₃
|-damage|p2a: ClF₃|0 fnt
|faint|p2a: ClF₃
|
|upkeep
|
|t:|1643863005
|switch|p2a: Hypergamy|Goodra, F, shiny|100/100
|-damage|p2a: Hypergamy|88/100|[from] Stealth Rock
|turn|22
|
|t:|1643863011
|switch|p1a: Kisame|Garchomp, M|73/100
|move|p2a: Hypergamy|Curse|p2a: Hypergamy
|-unboost|p2a: Hypergamy|spe|1
|-boost|p2a: Hypergamy|atk|1
|-boost|p2a: Hypergamy|def|1
|
|-heal|p1a: Kisame|80/100|[from] item: Leftovers
|upkeep
|turn|23
|
|t:|1643863019
|move|p1a: Kisame|Toxic|p2a: Hypergamy
|-status|p2a: Hypergamy|tox
|move|p2a: Hypergamy|Curse|p2a: Hypergamy
|-unboost|p2a: Hypergamy|spe|1
|-boost|p2a: Hypergamy|atk|1
|-boost|p2a: Hypergamy|def|1
|
|-heal|p1a: Kisame|86/100|[from] item: Leftovers
|-damage|p2a: Hypergamy|82/100 tox|[from] psn
|upkeep
|turn|24
|
|t:|1643863033
|move|p1a: Kisame|Stomping Tantrum|p2a: Hypergamy
|-damage|p2a: Hypergamy|68/100 tox
|move|p2a: Hypergamy|Curse|p2a: Hypergamy
|-unboost|p2a: Hypergamy|spe|1
|-boost|p2a: Hypergamy|atk|1
|-boost|p2a: Hypergamy|def|1
|
|-heal|p1a: Kisame|92/100|[from] item: Leftovers
|-damage|p2a: Hypergamy|56/100 tox|[from] psn
|upkeep
|turn|25
|
|t:|1643863049
|switch|p1a: Rogue Monke|Zarude|22/100
|move|p2a: Hypergamy|Rest|p2a: Hypergamy
|-status|p2a: Hypergamy|slp|[from] move: Rest
|-heal|p2a: Hypergamy|100/100 slp|[silent]
|-enditem|p2a: Hypergamy|Chesto Berry|[eat]
|-curestatus|p2a: Hypergamy|slp|[msg]
|
|upkeep
|turn|26
|
|t:|1643863057
|move|p1a: Rogue Monke|Darkest Lariat|p2a: Hypergamy
|-damage|p2a: Hypergamy|64/100
|move|p2a: Hypergamy|Body Press|p1a: Rogue Monke
|-supereffective|p1a: Rogue Monke
|-damage|p1a: Rogue Monke|0 fnt
|faint|p1a: Rogue Monke
|
|upkeep
|
|t:|1643863064
|switch|p1a: Kisame|Garchomp, M|92/100
|turn|27
|
|t:|1643863067
|move|p1a: Kisame|Toxic|p2a: Hypergamy
|-status|p2a: Hypergamy|tox
|move|p2a: Hypergamy|Curse|p2a: Hypergamy
|-unboost|p2a: Hypergamy|spe|1
|-boost|p2a: Hypergamy|atk|1
|-boost|p2a: Hypergamy|def|1
|
|-heal|p1a: Kisame|98/100|[from] item: Leftovers
|-damage|p2a: Hypergamy|58/100 tox|[from] psn
|upkeep
|turn|28
|
|t:|1643863076
|switch|p1a: NachoThighJuice|Buzzwole, shiny|100/100
|move|p2a: Hypergamy|Curse|p2a: Hypergamy
|-unboost|p2a: Hypergamy|spe|1
|-boost|p2a: Hypergamy|atk|1
|-boost|p2a: Hypergamy|def|1
|
|-damage|p2a: Hypergamy|46/100 tox|[from] psn
|upkeep
|turn|29
|
|t:|1643863086
|move|p1a: NachoThighJuice|Close Combat|p2a: Hypergamy
|-damage|p2a: Hypergamy|30/100 tox
|-unboost|p1a: NachoThighJuice|def|1
|-unboost|p1a: NachoThighJuice|spd|1
|move|p2a: Hypergamy|Rest|p2a: Hypergamy
|-status|p2a: Hypergamy|slp|[from] move: Rest
|-heal|p2a: Hypergamy|100/100 slp|[silent]
|
|upkeep
|turn|30
|
|t:|1643863094
|switch|p1a: Tsunami|Mantine, M, shiny|100/100
|cant|p2a: Hypergamy|slp
|
|upkeep
|turn|31
|
|t:|1643863104
|move|p1a: Tsunami|Scald|p2a: Hypergamy
|-resisted|p2a: Hypergamy
|-damage|p2a: Hypergamy|94/100 slp
|cant|p2a: Hypergamy|slp
|
|upkeep
|turn|32
|
|t:|1643863110
|move|p1a: Tsunami|Scald|p2a: Hypergamy
|-resisted|p2a: Hypergamy
|-crit|p2a: Hypergamy
|-damage|p2a: Hypergamy|82/100 slp
|-curestatus|p2a: Hypergamy|slp|[msg]
|move|p2a: Hypergamy|Curse|p2a: Hypergamy
|-unboost|p2a: Hypergamy|spe|1
|-boost|p2a: Hypergamy|atk|1
|-boost|p2a: Hypergamy|def|1
|
|upkeep
|turn|33
|
|t:|1643863119
|move|p1a: Tsunami|Toxic|p2a: Hypergamy
|-status|p2a: Hypergamy|tox
|move|p2a: Hypergamy|Thunder Punch|p1a: Tsunami
|-supereffective|p1a: Tsunami
|-damage|p1a: Tsunami|0 fnt
|faint|p1a: Tsunami
|
|-damage|p2a: Hypergamy|76/100 tox|[from] psn
|upkeep
|
|t:|1643863135
|switch|p1a: NachoThighJuice|Buzzwole, shiny|100/100
|turn|34
|
|t:|1643863138
|move|p1a: NachoThighJuice|Ice Punch|p2a: Hypergamy
|-supereffective|p2a: Hypergamy
|-damage|p2a: Hypergamy|64/100 tox
|move|p2a: Hypergamy|Body Press|p1a: NachoThighJuice
|-resisted|p1a: NachoThighJuice
|-damage|p1a: NachoThighJuice|74/100
|-damage|p2a: Hypergamy|47/100 tox|[from] item: Rocky Helmet|[of] p1a: NachoThighJuice
|
|-damage|p2a: Hypergamy|35/100 tox|[from] psn
|upkeep
|turn|35
|
|t:|1643863147
|move|p1a: NachoThighJuice|Ice Punch|p2a: Hypergamy
|-supereffective|p2a: Hypergamy
|-damage|p2a: Hypergamy|21/100 tox
|move|p2a: Hypergamy|Rest|p2a: Hypergamy
|-status|p2a: Hypergamy|slp|[from] move: Rest
|-heal|p2a: Hypergamy|100/100 slp|[silent]
|
|upkeep
|turn|36
|
|t:|1643863156
|switch|p1a: Kisame|Garchomp, M|98/100
|cant|p2a: Hypergamy|slp
|
|-heal|p1a: Kisame|100/100|[from] item: Leftovers
|upkeep
|turn|37
|
|t:|1643863162
|move|p1a: Kisame|Protect|p1a: Kisame
|-singleturn|p1a: Kisame|Protect
|cant|p2a: Hypergamy|slp
|
|upkeep
|turn|38
|
|t:|1643863167
|switch|p1a: Excalibur|Aegislash, M, shiny|19/100
|-curestatus|p2a: Hypergamy|slp|[msg]
|move|p2a: Hypergamy|Body Press|p1a: Excalibur
|-immune|p1a: Excalibur
|
|upkeep
|turn|39
|
|t:|1643863174
|-formechange|p1a: Excalibur|Aegislash-Blade||[from] ability: Stance Change
|move|p1a: Excalibur|Shadow Ball|p2a: Hypergamy
|-damage|p2a: Hypergamy|58/100
|move|p2a: Hypergamy|Thunder Punch|p1a: Excalibur
|-damage|p1a: Excalibur|0 fnt
|faint|p1a: Excalibur
|
|upkeep
|
|t:|1643863185
|switch|p1a: Kisame|Garchomp, M|100/100
|turn|40
|
|t:|1643863188
|move|p1a: Kisame|Toxic|p2a: Hypergamy
|-status|p2a: Hypergamy|tox
|move|p2a: Hypergamy|Body Press|p1a: Kisame
|-damage|p1a: Kisame|41/100
|-damage|p2a: Hypergamy|45/100 tox|[from] ability: Rough Skin|[of] p1a: Kisame
|
|-heal|p1a: Kisame|47/100|[from] item: Leftovers
|-damage|p2a: Hypergamy|39/100 tox|[from] psn
|upkeep
|turn|41
|
|t:|1643863205
|move|p1a: Kisame|Stomping Tantrum|p2a: Hypergamy
|-damage|p2a: Hypergamy|31/100 tox
|move|p2a: Hypergamy|Rest|p2a: Hypergamy
|-status|p2a: Hypergamy|slp|[from] move: Rest
|-heal|p2a: Hypergamy|100/100 slp|[silent]
|
|-heal|p1a: Kisame|53/100|[from] item: Leftovers
|upkeep
|turn|42
|
|t:|1643863212
|move|p1a: Kisame|Protect|p1a: Kisame
|-singleturn|p1a: Kisame|Protect
|cant|p2a: Hypergamy|slp
|
|-heal|p1a: Kisame|60/100|[from] item: Leftovers
|upkeep
|turn|43
|
|t:|1643863218
|switch|p1a: NachoThighJuice|Buzzwole, shiny|74/100
|cant|p2a: Hypergamy|slp
|
|upkeep
|turn|44
|
|t:|1643863224
|move|p1a: NachoThighJuice|Roost|p1a: NachoThighJuice
|-heal|p1a: NachoThighJuice|100/100
|-singleturn|p1a: NachoThighJuice|move: Roost
|-curestatus|p2a: Hypergamy|slp|[msg]
|move|p2a: Hypergamy|Thunder Punch|p1a: NachoThighJuice
|-damage|p1a: NachoThighJuice|58/100
|-damage|p2a: Hypergamy|84/100|[from] item: Rocky Helmet|[of] p1a: NachoThighJuice
|
|upkeep
|turn|45
|
|t:|1643863234
|move|p1a: NachoThighJuice|Roost|p1a: NachoThighJuice
|-heal|p1a: NachoThighJuice|100/100
|-singleturn|p1a: NachoThighJuice|move: Roost
|move|p2a: Hypergamy|Thunder Punch|p1a: NachoThighJuice
|-damage|p1a: NachoThighJuice|56/100
|-damage|p2a: Hypergamy|68/100|[from] item: Rocky Helmet|[of] p1a: NachoThighJuice
|
|upkeep
|turn|46
|
|t:|1643863241
|move|p1a: NachoThighJuice|Roost|p1a: NachoThighJuice
|-heal|p1a: NachoThighJuice|100/100
|-singleturn|p1a: NachoThighJuice|move: Roost
|move|p2a: Hypergamy|Thunder Punch|p1a: NachoThighJuice
|-damage|p1a: NachoThighJuice|61/100
|-damage|p2a: Hypergamy|51/100|[from] item: Rocky Helmet|[of] p1a: NachoThighJuice
|
|upkeep
|turn|47
|
|t:|1643863248
|move|p1a: NachoThighJuice|Ice Punch|p2a: Hypergamy
|-supereffective|p2a: Hypergamy
|-damage|p2a: Hypergamy|37/100
|move|p2a: Hypergamy|Thunder Punch|p1a: NachoThighJuice
|-damage|p1a: NachoThighJuice|18/100
|-damage|p2a: Hypergamy|21/100|[from] item: Rocky Helmet|[of] p1a: NachoThighJuice
|
|upkeep
|turn|48
|
|t:|1643863255
|move|p1a: NachoThighJuice|Close Combat|p2a: Hypergamy
|-damage|p2a: Hypergamy|5/100
|-unboost|p1a: NachoThighJuice|def|1
|-unboost|p1a: NachoThighJuice|spd|1
|move|p2a: Hypergamy|Rest|p2a: Hypergamy
|-status|p2a: Hypergamy|slp|[from] move: Rest
|-heal|p2a: Hypergamy|100/100 slp|[silent]
|
|upkeep
|turn|49
|c|☆Stunfisk2140|omg
|
|t:|1643863263
|switch|p1a: Kisame|Garchomp, M|60/100
|cant|p2a: Hypergamy|slp
|
|-heal|p1a: Kisame|66/100|[from] item: Leftovers
|upkeep
|turn|50
|
|t:|1643863269
|move|p1a: Kisame|Protect|p1a: Kisame
|-singleturn|p1a: Kisame|Protect
|cant|p2a: Hypergamy|slp
|
|-heal|p1a: Kisame|72/100|[from] item: Leftovers
|upkeep
|turn|51
|j| satouya
|
|t:|1643863277
|move|p1a: Kisame|Stomping Tantrum|p2a: Hypergamy
|-damage|p2a: Hypergamy|93/100 slp
|-curestatus|p2a: Hypergamy|slp|[msg]
|move|p2a: Hypergamy|Body Press|p1a: Kisame
|-damage|p1a: Kisame|8/100
|-damage|p2a: Hypergamy|80/100|[from] ability: Rough Skin|[of] p1a: Kisame
|
|-heal|p1a: Kisame|14/100|[from] item: Leftovers
|upkeep
|turn|52
|
|t:|1643863286
|move|p1a: Kisame|Toxic|p2a: Hypergamy
|-status|p2a: Hypergamy|tox
|move|p2a: Hypergamy|Body Press|p1a: Kisame
|-damage|p1a: Kisame|0 fnt
|-damage|p2a: Hypergamy|68/100 tox|[from] ability: Rough Skin|[of] p1a: Kisame
|faint|p1a: Kisame
|
|-damage|p2a: Hypergamy|62/100 tox|[from] psn
|upkeep
|
|t:|1643863295
|switch|p1a: NachoThighJuice|Buzzwole, shiny|18/100
|turn|53
|
|t:|1643863302
|move|p1a: NachoThighJuice|Roost|p1a: NachoThighJuice
|-heal|p1a: NachoThighJuice|68/100
|-singleturn|p1a: NachoThighJuice|move: Roost
|move|p2a: Hypergamy|Body Press|p1a: NachoThighJuice
|-resisted|p1a: NachoThighJuice
|-crit|p1a: NachoThighJuice
|-damage|p1a: NachoThighJuice|33/100
|-damage|p2a: Hypergamy|45/100 tox|[from] item: Rocky Helmet|[of] p1a: NachoThighJuice
|
|-damage|p2a: Hypergamy|33/100 tox|[from] psn
|upkeep
|turn|54
|
|t:|1643863316
|move|p1a: NachoThighJuice|Roost|p1a: NachoThighJuice
|-heal|p1a: NachoThighJuice|83/100
|-singleturn|p1a: NachoThighJuice|move: Roost
|move|p2a: Hypergamy|Rest|p2a: Hypergamy
|-status|p2a: Hypergamy|slp|[from] move: Rest
|-heal|p2a: Hypergamy|100/100 slp|[silent]
|
|upkeep
|turn|55
|
|t:|1643863323
|move|p1a: NachoThighJuice|Ice Punch|p2a: Hypergamy
|-supereffective|p2a: Hypergamy
|-damage|p2a: Hypergamy|88/100 slp
|cant|p2a: Hypergamy|slp
|
|upkeep
|turn|56
|
|t:|1643863328
|move|p1a: NachoThighJuice|Ice Punch|p2a: Hypergamy
|-supereffective|p2a: Hypergamy
|-damage|p2a: Hypergamy|76/100 slp
|cant|p2a: Hypergamy|slp
|
|upkeep
|turn|57
|c|☆Stunfisk2140|get a crit
|
|t:|1643863335
|move|p1a: NachoThighJuice|Ice Punch|p2a: Hypergamy
|-supereffective|p2a: Hypergamy
|-damage|p2a: Hypergamy|64/100 slp
|-curestatus|p2a: Hypergamy|slp|[msg]
|move|p2a: Hypergamy|Thunder Punch|p1a: NachoThighJuice
|-damage|p1a: NachoThighJuice|40/100
|-damage|p2a: Hypergamy|47/100|[from] item: Rocky Helmet|[of] p1a: NachoThighJuice
|
|upkeep
|turn|58
|
|t:|1643863344
|move|p1a: NachoThighJuice|Roost|p1a: NachoThighJuice
|-heal|p1a: NachoThighJuice|90/100
|-singleturn|p1a: NachoThighJuice|move: Roost
|move|p2a: Hypergamy|Thunder Punch|p1a: NachoThighJuice
|-damage|p1a: NachoThighJuice|44/100
|-damage|p2a: Hypergamy|31/100|[from] item: Rocky Helmet|[of] p1a: NachoThighJuice
|
|upkeep
|turn|59
|
|t:|1643863353
|move|p1a: NachoThighJuice|Roost|p1a: NachoThighJuice
|-heal|p1a: NachoThighJuice|94/100
|-singleturn|p1a: NachoThighJuice|move: Roost
|move|p2a: Hypergamy|Rest|p2a: Hypergamy
|-status|p2a: Hypergamy|slp|[from] move: Rest
|-heal|p2a: Hypergamy|100/100 slp|[silent]
|
|upkeep
|turn|60
|
|t:|1643863360
|move|p1a: NachoThighJuice|Ice Punch|p2a: Hypergamy
|-supereffective|p2a: Hypergamy
|-damage|p2a: Hypergamy|87/100 slp
|cant|p2a: Hypergamy|slp
|
|upkeep
|turn|61
|
|t:|1643863365
|move|p1a: NachoThighJuice|Ice Punch|p2a: Hypergamy
|-supereffective|p2a: Hypergamy
|-damage|p2a: Hypergamy|73/100 slp
|cant|p2a: Hypergamy|slp
|
|upkeep
|turn|62
|
|t:|1643863370
|move|p1a: NachoThighJuice|Ice Punch|p2a: Hypergamy
|-supereffective|p2a: Hypergamy
|-damage|p2a: Hypergamy|61/100 slp
|-curestatus|p2a: Hypergamy|slp|[msg]
|move|p2a: Hypergamy|Thunder Punch|p1a: NachoThighJuice
|-damage|p1a: NachoThighJuice|49/100
|-damage|p2a: Hypergamy|44/100|[from] item: Rocky Helmet|[of] p1a: NachoThighJuice
|
|upkeep
|turn|63
|
|t:|1643863378
|move|p1a: NachoThighJuice|Roost|p1a: NachoThighJuice
|-heal|p1a: NachoThighJuice|99/100
|-singleturn|p1a: NachoThighJuice|move: Roost
|move|p2a: Hypergamy|Thunder Punch|p1a: NachoThighJuice
|-damage|p1a: NachoThighJuice|55/100
|-damage|p2a: Hypergamy|28/100|[from] item: Rocky Helmet|[of] p1a: NachoThighJuice
|
|upkeep
|turn|64
|
|t:|1643863384
|move|p1a: NachoThighJuice|Ice Punch|p2a: Hypergamy
|-supereffective|p2a: Hypergamy
|-damage|p2a: Hypergamy|15/100
|move|p2a: Hypergamy|Rest|p2a: Hypergamy
|-status|p2a: Hypergamy|slp|[from] move: Rest
|-heal|p2a: Hypergamy|100/100 slp|[silent]
|
|upkeep
|turn|65
|
|t:|1643863392
|move|p1a: NachoThighJuice|Roost|p1a: NachoThighJuice
|-heal|p1a: NachoThighJuice|100/100
|-singleturn|p1a: NachoThighJuice|move: Roost
|cant|p2a: Hypergamy|slp
|
|upkeep
|turn|66
|j| wackplaymaker
|
|t:|1643863411
|move|p1a: NachoThighJuice|Ice Punch|p2a: Hypergamy
|-supereffective|p2a: Hypergamy
|-damage|p2a: Hypergamy|88/100 slp
|cant|p2a: Hypergamy|slp
|
|upkeep
|turn|67
|j|+azure nights
|c| wackplaymaker|losing to goodra
|c| wackplaymaker|lol
|c|☆Stunfisk2140|get out
|c|+azure nights|How did this happen
|c|+azure nights|Lmao
|
|t:|1643863435
|move|p1a: NachoThighJuice|Ice Punch|p2a: Hypergamy
|-supereffective|p2a: Hypergamy
|-damage|p2a: Hypergamy|77/100 slp
|-curestatus|p2a: Hypergamy|slp|[msg]
|move|p2a: Hypergamy|Thunder Punch|p1a: NachoThighJuice
|-damage|p1a: NachoThighJuice|61/100
|-damage|p2a: Hypergamy|60/100|[from] item: Rocky Helmet|[of] p1a: NachoThighJuice
|
|upkeep
|turn|68
|c|☆Stunfisk2140|idk
|c|☆Stunfisk2140|stupid bullshit
|
|t:|1643863447
|move|p1a: NachoThighJuice|Ice Punch|p2a: Hypergamy
|-supereffective|p2a: Hypergamy
|-damage|p2a: Hypergamy|48/100
|move|p2a: Hypergamy|Thunder Punch|p1a: NachoThighJuice
|-damage|p1a: NachoThighJuice|15/100
|-damage|p2a: Hypergamy|31/100|[from] item: Rocky Helmet|[of] p1a: NachoThighJuice
|
|upkeep
|turn|69
|c| wackplaymaker|now that is some damage
|
|t:|1643863454
|move|p1a: NachoThighJuice|Ice Punch|p2a: Hypergamy
|-supereffective|p2a: Hypergamy
|-damage|p2a: Hypergamy|18/100
|move|p2a: Hypergamy|Rest|p2a: Hypergamy
|-status|p2a: Hypergamy|slp|[from] move: Rest
|-heal|p2a: Hypergamy|100/100 slp|[silent]
|
|upkeep
|turn|70
|j| SetsuStsna
|j| tiltin hard
|
|t:|1643863461
|move|p1a: NachoThighJuice|Roost|p1a: NachoThighJuice
|-heal|p1a: NachoThighJuice|65/100
|-singleturn|p1a: NachoThighJuice|move: Roost
|cant|p2a: Hypergamy|slp
|
|upkeep
|turn|71
|
|t:|1643863467
|move|p1a: NachoThighJuice|Ice Punch|p2a: Hypergamy
|-supereffective|p2a: Hypergamy
|-damage|p2a: Hypergamy|89/100 slp
|cant|p2a: Hypergamy|slp
|
|upkeep
|turn|72
|
|t:|1643863475
|move|p1a: NachoThighJuice|Roost|p1a: NachoThighJuice
|-heal|p1a: NachoThighJuice|100/100
|-singleturn|p1a: NachoThighJuice|move: Roost
|-curestatus|p2a: Hypergamy|slp|[msg]
|move|p2a: Hypergamy|Thunder Punch|p1a: NachoThighJuice
|-damage|p1a: NachoThighJuice|55/100
|-damage|p2a: Hypergamy|72/100|[from] item: Rocky Helmet|[of] p1a: NachoThighJuice
|
|upkeep
|turn|73
|
|t:|1643863483
|move|p1a: NachoThighJuice|Ice Punch|p2a: Hypergamy
|-supereffective|p2a: Hypergamy
|-damage|p2a: Hypergamy|60/100
|move|p2a: Hypergamy|Thunder Punch|p1a: NachoThighJuice
|-damage|p1a: NachoThighJuice|13/100
|-damage|p2a: Hypergamy|44/100|[from] item: Rocky Helmet|[of] p1a: NachoThighJuice
|
|upkeep
|turn|74
|c| wackplaymaker|oof
|
|t:|1643863489
|move|p1a: NachoThighJuice|Roost|p1a: NachoThighJuice
|-heal|p1a: NachoThighJuice|64/100
|-singleturn|p1a: NachoThighJuice|move: Roost
|move|p2a: Hypergamy|Rest|p2a: Hypergamy
|-status|p2a: Hypergamy|slp|[from] move: Rest
|-heal|p2a: Hypergamy|100/100 slp|[silent]
|
|upkeep
|turn|75
|
|t:|1643863496
|move|p1a: NachoThighJuice|Ice Punch|p2a: Hypergamy
|-supereffective|p2a: Hypergamy
|-damage|p2a: Hypergamy|88/100 slp
|cant|p2a: Hypergamy|slp
|
|upkeep
|turn|76
|
|t:|1643863502
|move|p1a: NachoThighJuice|Thunder Punch|p2a: Hypergamy
|-resisted|p2a: Hypergamy
|-damage|p2a: Hypergamy|85/100 slp
|cant|p2a: Hypergamy|slp
|
|upkeep
|turn|77
|c| wackplaymaker|nice stall stunkfis
|
|t:|1643863507
|move|p1a: NachoThighJuice|Ice Punch|p2a: Hypergamy
|-supereffective|p2a: Hypergamy
|-damage|p2a: Hypergamy|71/100 slp
|-curestatus|p2a: Hypergamy|slp|[msg]
|move|p2a: Hypergamy|Thunder Punch|p1a: NachoThighJuice
|-damage|p1a: NachoThighJuice|21/100
|-damage|p2a: Hypergamy|55/100|[from] item: Rocky Helmet|[of] p1a: NachoThighJuice
|
|upkeep
|turn|78
|
|t:|1643863515
|move|p1a: NachoThighJuice|Roost|p1a: NachoThighJuice
|-heal|p1a: NachoThighJuice|72/100
|-singleturn|p1a: NachoThighJuice|move: Roost
|move|p2a: Hypergamy|Thunder Punch|p1a: NachoThighJuice
|-damage|p1a: NachoThighJuice|27/100
|-damage|p2a: Hypergamy|38/100|[from] item: Rocky Helmet|[of] p1a: NachoThighJuice
|
|upkeep
|turn|79
|c| wackplaymaker|para!
|
|t:|1643863521
|move|p1a: NachoThighJuice|Ice Punch|p2a: Hypergamy
|-supereffective|p2a: Hypergamy
|-damage|p2a: Hypergamy|25/100
|move|p2a: Hypergamy|Thunder Punch|p1a: NachoThighJuice
|-damage|p1a: NachoThighJuice|0 fnt
|-damage|p2a: Hypergamy|9/100|[from] item: Rocky Helmet|[of] p1a: NachoThighJuice
|faint|p1a: NachoThighJuice
|
|upkeep
|c| wackplaymaker|omg
|
|t:|1643863529
|switch|p1a: Chad Monke|Rillaboom, F|97/100
|-fieldstart|move: Grassy Terrain|[from] ability: Grassy Surge|[of] p1a: Chad Monke
|turn|80
|
|t:|1643863535
|move|p1a: Chad Monke|Knock Off|p2a: Hypergamy
|-damage|p2a: Hypergamy|1/100
|-damage|p1a: Chad Monke|87/100|[from] item: Life Orb
|move|p2a: Hypergamy|Rest|p2a: Hypergamy
|-status|p2a: Hypergamy|slp|[from] move: Rest
|-heal|p2a: Hypergamy|100/100 slp|[silent]
|
|-heal|p1a: Chad Monke|93/100|[from] Grassy Terrain
|upkeep
|turn|81
|c| SetsuStsna|LMAO
|c| wackplaymaker|omg
|c| tiltin hard|LOL
|
|t:|1643863544
|move|p1a: Chad Monke|Swords Dance|p1a: Chad Monke
|-boost|p1a: Chad Monke|atk|2
|cant|p2a: Hypergamy|slp
|
|-heal|p1a: Chad Monke|99/100|[from] Grassy Terrain
|upkeep
|turn|82
|
|t:|1643863550
|move|p1a: Chad Monke|Swords Dance|p1a: Chad Monke
|-boost|p1a: Chad Monke|atk|2
|cant|p2a: Hypergamy|slp
|
|-heal|p1a: Chad Monke|100/100|[from] Grassy Terrain
|upkeep
|turn|83
|
|t:|1643863556
|move|p1a: Chad Monke|Swords Dance|p1a: Chad Monke
|-boost|p1a: Chad Monke|atk|2
|-curestatus|p2a: Hypergamy|slp|[msg]
|move|p2a: Hypergamy|Body Press|p1a: Chad Monke
|-damage|p1a: Chad Monke|10/100
|
|-heal|p1a: Chad Monke|16/100|[from] Grassy Terrain
|upkeep
|turn|84
|c| wackplaymaker|is it sapp spiper goodra
|
|t:|1643863564
|move|p1a: Chad Monke|Superpower|p2a: Hypergamy
|-crit|p2a: Hypergamy
|-damage|p2a: Hypergamy|0 fnt
|-unboost|p1a: Chad Monke|atk|1
|-unboost|p1a: Chad Monke|def|1
|faint|p2a: Hypergamy
|-damage|p1a: Chad Monke|6/100|[from] item: Life Orb
|
|-heal|p1a: Chad Monke|13/100|[from] Grassy Terrain
|-fieldend|move: Grassy Terrain
|upkeep
|c| tiltin hard|omg
|c|☆Stunfisk2140|GTFOOOO
|c| tiltin hard|wait
|
|t:|1643863571
|switch|p2a: Josephson junction|Necrozma, shiny|100/100
|-damage|p2a: Josephson junction|88/100|[from] Stealth Rock
|turn|85
|c| wackplaymaker|...
|c|☆Stunfisk2140|i lose
|c| tiltin hard|timid necro
|c|☆Stunfisk2140|im adamant rilla
|c| wackplaymaker|double
|
|t:|1643863581
|move|p1a: Chad Monke|Knock Off|p2a: Josephson junction
|-supereffective|p2a: Josephson junction
|-damage|p2a: Josephson junction|0 fnt
|-enditem|p2a: Josephson junction|Chesto Berry|[from] move: Knock Off|[of] p1a: Chad Monke
|faint|p2a: Josephson junction
|-damage|p1a: Chad Monke|3/100|[from] item: Life Orb
|
|upkeep
|c| wackplaymaker|bro
|c| wackplaymaker|wtf
|c|☆Stunfisk2140|OHHHHHH
|c| tiltin hard|oh shit
|
|t:|1643863584
|switch|p2a: Social epistasis|Quagsire, M, shiny|94/100
|-damage|p2a: Social epistasis|88/100|[from] Stealth Rock
|turn|86
|c|☆Stunfisk2140|lets fucking gooooo
|c| tiltin hard|oml
|
|t:|1643863591
|move|p1a: Chad Monke|Grassy Glide|p2a: Social epistasis
|-supereffective|p2a: Social epistasis
|-damage|p2a: Social epistasis|0 fnt
|faint|p2a: Social epistasis
|-damage|p1a: Chad Monke|0 fnt|[from] item: Life Orb
|faint|p1a: Chad Monke
|
|win|Stunfisk2140
|raw|Stunfisk2140's rating: 1549 &rarr; <strong>1570</strong><br />(+21 for winning)
|raw|Armilus_404's rating: 1562 &rarr; <strong>1541</strong><br />(-21 for losing)
|c| wackplaymaker|u shd double
|c| tiltin hard|how did you win
|c| wackplaymaker|armi is bad
|c|☆Stunfisk2140|rilla is broken bro
|l| SetsuStsna
|c|☆Stunfisk2140|rilla saved my day
|l| tiltin hard
