|j|☆Forcemew2
|j|☆bigshoota
|t:|1648917521
|gametype|singles
|player|p1|Forcemew2|burglar|1624
|player|p2|bigshoota|skyla|1706
|teamsize|p1|6
|teamsize|p2|6
|gen|8
|tier|[Gen 8] OU
|rated|
|rule|Sleep Clause Mod: Limit one foe put to sleep
|rule|Species Clause: Limit one of each Pokémon
|rule|OHKO Clause: OHKO moves are banned
|rule|Evasion Moves Clause: Evasion moves are banned
|rule|Endless Battle Clause: Forcing endless battles is banned
|rule|HP Percentage Mod: HP is shown in percentages
|rule|Dynamax Clause: You cannot dynamax
|clearpoke
|poke|p1|Volcarona, F|
|poke|p1|Aegislash, M|
|poke|p1|Mew|
|poke|p1|Dragapult, F|
|poke|p1|Bisharp, F|
|poke|p1|Dragonite, F|
|poke|p2|Landorus-Therian, M|
|poke|p2|Swoobat, M|
|poke|p2|Rillaboom, F|
|poke|p2|Ribombee, F|
|poke|p2|Aegislash, M|
|poke|p2|Dragonite, F|
|teampreview
|
|t:|1648917531
|start
|switch|p1a: Mew|Mew|100/100
|switch|p2a: SHOOTA|Ribombee, F|100/100
|turn|1
|
|t:|1648917538
|move|p2a: SHOOTA|Sticky Web|p1a: Mew
|-sidestart|p1: Forcemew2|move: Sticky Web
|move|p1a: Mew|Taunt|p2a: SHOOTA
|-start|p2a: SHOOTA|move: Taunt
|
|upkeep
|turn|2
|
|t:|1648917541
|move|p2a: SHOOTA|U-turn|p1a: Mew
|-supereffective|p1a: Mew
|-damage|p1a: Mew|74/100
|
|t:|1648917546
|switch|p2a: BLADEEE|Aegislash, M|100/100|[from]move: U-turn
|move|p1a: Mew|Stealth Rock|p2a: BLADEEE
|-sidestart|p2: bigshoota|move: Stealth Rock
|
|upkeep
|turn|3
|
|t:|1648917552
|move|p1a: Mew|Spikes|p2a: BLADEEE
|-sidestart|p2: bigshoota|Spikes
|move|p2a: BLADEEE|Swords Dance|p2a: BLADEEE
|-boost|p2a: BLADEEE|atk|2
|
|upkeep
|turn|4
|
|t:|1648917555
|-formechange|p2a: BLADEEE|Aegislash-Blade||[from] ability: Stance Change
|move|p2a: BLADEEE|Shadow Sneak|p1a: Mew
|-supereffective|p1a: Mew
|-damage|p1a: Mew|0 fnt
|faint|p1a: Mew
|-damage|p2a: BLADEEE|91/100|[from] item: Life Orb
|
|upkeep
|
|t:|1648917559
|switch|p1a: Bisharp|Bisharp, F|100/100
|-activate|p1a: Bisharp|move: Sticky Web
|-unboost|p1a: Bisharp|spe|1
|-ability|p1a: Bisharp|Defiant
|-boost|p1a: Bisharp|atk|2
|turn|5
|
|t:|1648917565
|move|p1a: Bisharp|Sucker Punch||[still]
|-fail|p1a: Bisharp
|move|p2a: BLADEEE|Swords Dance|p2a: BLADEEE
|-boost|p2a: BLADEEE|atk|2
|
|upkeep
|turn|6
|
|t:|1648917574
|move|p1a: Bisharp|Sucker Punch|p2a: BLADEEE
|-supereffective|p2a: BLADEEE
|-damage|p2a: BLADEEE|0 fnt
|faint|p2a: BLADEEE
|
|upkeep
|
|t:|1648917578
|switch|p2a: MRBEASTBODYGUARD|Dragonite, F|100/100
|turn|7
|
|t:|1648917583
|move|p2a: MRBEASTBODYGUARD|Earthquake|p1a: Bisharp
|-supereffective|p1a: Bisharp
|-damage|p1a: Bisharp|17/100
|move|p1a: Bisharp|Knock Off|p2a: MRBEASTBODYGUARD
|-damage|p2a: MRBEASTBODYGUARD|28/100
|-enditem|p2a: MRBEASTBODYGUARD|Heavy-Duty Boots|[from] move: Knock Off|[of] p1a: Bisharp
|
|upkeep
|turn|8
|
|t:|1648917590
|move|p2a: MRBEASTBODYGUARD|Roost|p2a: MRBEASTBODYGUARD
|-heal|p2a: MRBEASTBODYGUARD|78/100
|-singleturn|p2a: MRBEASTBODYGUARD|move: Roost
|move|p1a: Bisharp|Knock Off|p2a: MRBEASTBODYGUARD
|-damage|p2a: MRBEASTBODYGUARD|0 fnt
|faint|p2a: MRBEASTBODYGUARD
|
|upkeep
|j| 50 at max
|l| 50 at max
|j| Vgvgvgvfvf
|
|t:|1648917604
|switch|p2a: TONKATARZAN|Rillaboom, F, shiny|100/100
|-damage|p2a: TONKATARZAN|88/100|[from] Stealth Rock
|-damage|p2a: TONKATARZAN|76/100|[from] Spikes
|-fieldstart|move: Grassy Terrain|[from] ability: Grassy Surge|[of] p2a: TONKATARZAN
|turn|9
|
|t:|1648917621
|switch|p1a: Aegislash|Aegislash, M|100/100
|-activate|p1a: Aegislash|move: Sticky Web
|-unboost|p1a: Aegislash|spe|1
|move|p2a: TONKATARZAN|Grassy Glide|p1a: Aegislash
|-resisted|p1a: Aegislash
|-damage|p1a: Aegislash|67/100
|-damage|p2a: TONKATARZAN|66/100|[from] item: Life Orb
|
|-heal|p2a: TONKATARZAN|72/100|[from] Grassy Terrain
|-heal|p1a: Aegislash|73/100|[from] Grassy Terrain
|upkeep
|turn|10
|inactive|Battle timer is ON: inactive players will automatically lose when time's up. (requested by bigshoota)
|
|t:|1648917633
|move|p2a: TONKATARZAN|U-turn|p1a: Aegislash
|-resisted|p1a: Aegislash
|-damage|p1a: Aegislash|64/100
|-damage|p2a: TONKATARZAN|62/100|[from] item: Life Orb
|
|t:|1648917637
|switch|p2a: SHOOTA|Ribombee, F|100/100|[from]move: U-turn
|-damage|p2a: SHOOTA|76/100|[from] Stealth Rock
|-damage|p2a: SHOOTA|63/100|[from] Spikes
|-formechange|p1a: Aegislash|Aegislash-Blade||[from] ability: Stance Change
|move|p1a: Aegislash|Shadow Ball|p2a: SHOOTA
|-crit|p2a: SHOOTA
|-damage|p2a: SHOOTA|0 fnt
|faint|p2a: SHOOTA
|
|-heal|p1a: Aegislash|71/100|[from] Grassy Terrain
|upkeep
|
|t:|1648917649
|switch|p2a: STAPLEGUN|Landorus-Therian, M|100/100
|-damage|p2a: STAPLEGUN|88/100|[from] Stealth Rock
|-ability|p2a: STAPLEGUN|Intimidate|boost
|-unboost|p1a: Aegislash|atk|1
|turn|11
|
|t:|1648917658
|-formechange|p1a: Aegislash|Aegislash||[from] ability: Stance Change
|move|p1a: Aegislash|King's Shield|p1a: Aegislash
|-singleturn|p1a: Aegislash|Protect
|move|p2a: STAPLEGUN|U-turn|p1a: Aegislash
|-activate|p1a: Aegislash|move: Protect
|-unboost|p2a: STAPLEGUN|atk|1
|
|-heal|p2a: STAPLEGUN|94/100|[from] item: Leftovers
|-heal|p1a: Aegislash|77/100|[from] Grassy Terrain
|upkeep
|turn|12
|
|t:|1648917668
|move|p2a: STAPLEGUN|Knock Off|p1a: Aegislash
|-supereffective|p1a: Aegislash
|-damage|p1a: Aegislash|38/100
|-enditem|p1a: Aegislash|Spell Tag|[from] move: Knock Off|[of] p2a: STAPLEGUN
|-formechange|p1a: Aegislash|Aegislash-Blade||[from] ability: Stance Change
|move|p1a: Aegislash|Shadow Ball|p2a: STAPLEGUN
|-damage|p2a: STAPLEGUN|60/100
|
|-heal|p2a: STAPLEGUN|66/100|[from] item: Leftovers
|-heal|p1a: Aegislash|44/100|[from] Grassy Terrain
|upkeep
|turn|13
|
|t:|1648917680
|-formechange|p1a: Aegislash|Aegislash||[from] ability: Stance Change
|move|p1a: Aegislash|King's Shield|p1a: Aegislash
|-singleturn|p1a: Aegislash|Protect
|move|p2a: STAPLEGUN|Stealth Rock|p1a: Aegislash
|-sidestart|p1: Forcemew2|move: Stealth Rock
|
|-heal|p2a: STAPLEGUN|72/100|[from] item: Leftovers
|-heal|p1a: Aegislash|50/100|[from] Grassy Terrain
|-fieldend|move: Grassy Terrain
|upkeep
|turn|14
|
|t:|1648917686
|move|p2a: STAPLEGUN|Earthquake|p1a: Aegislash
|-supereffective|p1a: Aegislash
|-damage|p1a: Aegislash|0 fnt
|faint|p1a: Aegislash
|
|-heal|p2a: STAPLEGUN|79/100|[from] item: Leftovers
|upkeep
|
|t:|1648917699
|switch|p1a: Volcarona|Volcarona, F|100/100
|turn|15
|
|t:|1648917713
|move|p1a: Volcarona|Quiver Dance|p1a: Volcarona
|-boost|p1a: Volcarona|spa|1
|-boost|p1a: Volcarona|spd|1
|-boost|p1a: Volcarona|spe|1
|move|p2a: STAPLEGUN|Earthquake|p1a: Volcarona
|-damage|p1a: Volcarona|54/100
|
|-heal|p2a: STAPLEGUN|85/100|[from] item: Leftovers
|upkeep
|turn|16
|
|t:|1648917721
|move|p1a: Volcarona|Giga Drain|p2a: STAPLEGUN
|-damage|p2a: STAPLEGUN|56/100
|-heal|p1a: Volcarona|72/100|[from] drain|[of] p2a: STAPLEGUN
|move|p2a: STAPLEGUN|Earthquake|p1a: Volcarona
|-damage|p1a: Volcarona|21/100
|
|-heal|p2a: STAPLEGUN|62/100|[from] item: Leftovers
|upkeep
|turn|17
|
|t:|1648917729
|move|p1a: Volcarona|Fire Blast|p2a: STAPLEGUN
|-crit|p2a: STAPLEGUN
|-damage|p2a: STAPLEGUN|0 fnt
|faint|p2a: STAPLEGUN
|
|upkeep
|
|t:|1648917734
|switch|p2a: TONKATARZAN|Rillaboom, F, shiny|62/100
|-damage|p2a: TONKATARZAN|50/100|[from] Spikes
|-damage|p2a: TONKATARZAN|37/100|[from] Stealth Rock
|-fieldstart|move: Grassy Terrain|[from] ability: Grassy Surge|[of] p2a: TONKATARZAN
|turn|18
|
|t:|1648917740
|move|p2a: TONKATARZAN|Grassy Glide|p1a: Volcarona
|-resisted|p1a: Volcarona
|-damage|p1a: Volcarona|0 fnt
|faint|p1a: Volcarona
|-damage|p2a: TONKATARZAN|27/100|[from] item: Life Orb
|
|-heal|p2a: TONKATARZAN|34/100|[from] Grassy Terrain
|upkeep
|
|t:|1648917747
|switch|p1a: Dragonite|Dragonite, F|100/100
|turn|19
|
|t:|1648917750
|move|p1a: Dragonite|Dragon Dance|p1a: Dragonite
|-boost|p1a: Dragonite|atk|1
|-boost|p1a: Dragonite|spe|1
|move|p2a: TONKATARZAN|U-turn|p1a: Dragonite
|-resisted|p1a: Dragonite
|-damage|p1a: Dragonite|91/100
|-damage|p2a: TONKATARZAN|24/100|[from] item: Life Orb
|
|t:|1648917752
|switch|p2a: WOK PHOENIX|Swoobat, M|100/100|[from]move: U-turn
|-damage|p2a: WOK PHOENIX|76/100|[from] Stealth Rock
|-enditem|p2a: WOK PHOENIX|Grassy Seed
|-boost|p2a: WOK PHOENIX|def|2|[from] item: Grassy Seed
|
|upkeep
|turn|20
|
|t:|1648917765
|move|p1a: Dragonite|Dragon Dance|p1a: Dragonite
|-boost|p1a: Dragonite|atk|1
|-boost|p1a: Dragonite|spe|1
|move|p2a: WOK PHOENIX|Calm Mind|p2a: WOK PHOENIX
|-boost|p2a: WOK PHOENIX|spa|2
|-boost|p2a: WOK PHOENIX|spd|2
|
|upkeep
|turn|21
|
|t:|1648917771
|move|p1a: Dragonite|Outrage|p2a: WOK PHOENIX
|-damage|p2a: WOK PHOENIX|0 fnt
|faint|p2a: WOK PHOENIX
|
|upkeep
|-message|bigshoota forfeited.
|
|win|Forcemew2
|raw|Forcemew2's rating: 1624 &rarr; <strong>1649</strong><br />(+25 for winning)
|raw|bigshoota's rating: 1706 &rarr; <strong>1681</strong><br />(-25 for losing)
|l|☆bigshoota
