|j|☆kazt 5
|j|☆Quizziii
|inactive|Battle timer is ON: inactive players will automatically lose when time's up.
|t:|1668049935
|gametype|singles
|player|p1|kazt 5|acetrainersnowf|
|player|p2|Quizziii|dancer|
|teamsize|p1|24
|teamsize|p2|24
|gen|8
|tier|[Gen 8] OU
|rated|Tournament battle
|rule|Sleep Clause Mod: Limit one foe put to sleep
|rule|Species Clause: Limit one of each Pokémon
|rule|OHKO Clause: OHKO moves are banned
|rule|Evasion Items Clause: Evasion items are banned
|rule|Evasion Moves Clause: Evasion moves are banned
|rule|Endless Battle Clause: Forcing endless battles is banned
|rule|HP Percentage Mod: HP is shown in percentages
|rule|Dynamax Clause: You cannot dynamax
|clearpoke
|poke|p1|Landorus-Therian, M|
|poke|p1|Dragapult, F|
|poke|p1|Urshifu-*, F|
|poke|p1|Slowking-Galar, M|
|poke|p1|Zapdos|
|poke|p1|Tapu Fini|
|poke|p1|Ferrothorn, M|
|poke|p1|Clefable, F|
|poke|p1|Buzzwole|
|poke|p1|Tapu Lele|
|poke|p1|Melmetal|
|poke|p1|Slowbro, F|
|poke|p1|Scrafty, M|
|poke|p1|Tornadus-Therian, M|
|poke|p1|Weavile, M|
|poke|p1|Heatran, M|
|poke|p1|Mandibuzz, F|
|poke|p1|Tyranitar, F|
|poke|p1|Excadrill, M|
|poke|p1|Garchomp, F|
|poke|p1|Hippowdon, F|
|poke|p1|Magnezone|
|poke|p1|Volcanion|
|poke|p1|Rillaboom, M|
|poke|p2|Weavile, F|
|poke|p2|Sneasel, F|
|poke|p2|Hydreigon, F|
|poke|p2|Blissey, F|
|poke|p2|Slowking-Galar, F|
|poke|p2|Toxapex, F|
|poke|p2|Clefable, F|
|poke|p2|Corviknight, F|
|poke|p2|Ferrothorn, M|
|poke|p2|Melmetal|
|poke|p2|Buzzwole|
|poke|p2|Mudsdale, M|
|poke|p2|Ninetales-Alola, M|
|poke|p2|Moltres-Galar|
|poke|p2|Dragapult, M|
|poke|p2|Pelipper, F|
|poke|p2|Barraskewda, F|
|poke|p2|Tapu Koko|
|poke|p2|Raichu-Alola, F|
|poke|p2|Tangrowth, M|
|poke|p2|Landorus-Therian, M|
|poke|p2|Krookodile, M|
|poke|p2|Conkeldurr, F|
|poke|p2|Regieleki|
|teampreview
|j| lowelofunn
|j| teqbardock
|c|☆kazt 5|hf
|c|☆Quizziii|u2 bro
|j| jaylot
|c| teqbardock|this is gonna be long....
|
|t:|1668049955
|start
|switch|p1a: Clefable|Clefable, F|100/100
|switch|p2a: crimsonbacon38|Conkeldurr, F|100/100
|turn|1
|j| Highv0ltag3
|c| jaylot|i think these guys are hacking pokemon needs 6 mons no?
|c| teqbardock|i wonder what type of clef
|j| Angelwingsmygoons
|c| Highv0ltag3|Yes they are hacking
|inactive|Quizziii has 120 seconds left.
|
|t:|1668049985
|switch|p2a: Slowking|Slowking-Galar, F|100/100
|move|p1a: Clefable|Stealth Rock|p2a: Slowking
|-sidestart|p2: Quizziii|move: Stealth Rock
|
|upkeep
|turn|2
|c| jaylot|mods pls ban these guys
|
|t:|1668049994
|switch|p1a: Slowking|Slowking-Galar, M|100/100
|move|p2a: Slowking|Sludge Bomb|p1a: Slowking
|-resisted|p1a: Slowking
|-damage|p1a: Slowking|91/100
|
|upkeep
|turn|3
|c| Highv0ltag3|Xd
|c| jaylot|hackers :(
|c|☆kazt 5|and I would do it again
|
|t:|1668050008
|switch|p2a: Hydreigon|Hydreigon, F|100/100
|-damage|p2a: Hydreigon|88/100|[from] Stealth Rock
|move|p1a: Slowking|Future Sight|p2a: Hydreigon
|-start|p1a: Slowking|move: Future Sight
|
|upkeep
|turn|4
|
|t:|1668050015
|switch|p1a: Tyranitar|Tyranitar, F|100/100
|-weather|Sandstorm|[from] ability: Sand Stream|[of] p1a: Tyranitar
|move|p2a: Hydreigon|Beat Up|p1a: Tyranitar
|-resisted|p1a: Tyranitar
|-damage|p1a: Tyranitar|97/100
|-resisted|p1a: Tyranitar
|-damage|p1a: Tyranitar|95/100
|-resisted|p1a: Tyranitar
|-damage|p1a: Tyranitar|93/100
|-resisted|p1a: Tyranitar
|-damage|p1a: Tyranitar|92/100
|-resisted|p1a: Tyranitar
|-damage|p1a: Tyranitar|88/100
|-resisted|p1a: Tyranitar
|-damage|p1a: Tyranitar|86/100
|-resisted|p1a: Tyranitar
|-damage|p1a: Tyranitar|84/100
|-resisted|p1a: Tyranitar
|-damage|p1a: Tyranitar|82/100
|-resisted|p1a: Tyranitar
|-damage|p1a: Tyranitar|79/100
|-resisted|p1a: Tyranitar
|-damage|p1a: Tyranitar|75/100
|-resisted|p1a: Tyranitar
|-crit|p1a: Tyranitar
|-damage|p1a: Tyranitar|70/100
|-resisted|p1a: Tyranitar
|-damage|p1a: Tyranitar|66/100
|-resisted|p1a: Tyranitar
|-damage|p1a: Tyranitar|64/100
|-resisted|p1a: Tyranitar
|-damage|p1a: Tyranitar|62/100
|-resisted|p1a: Tyranitar
|-damage|p1a: Tyranitar|59/100
|-resisted|p1a: Tyranitar
|-damage|p1a: Tyranitar|56/100
|-resisted|p1a: Tyranitar
|-damage|p1a: Tyranitar|53/100
|-resisted|p1a: Tyranitar
|-damage|p1a: Tyranitar|50/100
|-resisted|p1a: Tyranitar
|-damage|p1a: Tyranitar|47/100
|-resisted|p1a: Tyranitar
|-damage|p1a: Tyranitar|44/100
|-resisted|p1a: Tyranitar
|-damage|p1a: Tyranitar|40/100
|-resisted|p1a: Tyranitar
|-damage|p1a: Tyranitar|37/100
|-resisted|p1a: Tyranitar
|-damage|p1a: Tyranitar|33/100
|-resisted|p1a: Tyranitar
|-crit|p1a: Tyranitar
|-damage|p1a: Tyranitar|28/100
|-hitcount|p1a: Tyranitar|24
|-damage|p2a: Hydreigon|78/100|[from] item: Life Orb
|
|-weather|Sandstorm|[upkeep]
|-damage|p2a: Hydreigon|72/100|[from] Sandstorm
|upkeep
|turn|5
|c| jaylot|!!! noo
|c| lowelofunn|wtf
|c|☆kazt 5|oh hell naw
|c| Highv0ltag3|Go scraft
|c|☆Quizziii|u think hydra aint packing heat?
|
|t:|1668050040
|switch|p1a: Scrafty|Scrafty, M|100/100
|-ability|p1a: Scrafty|Intimidate|boost
|-unboost|p2a: Hydreigon|atk|1
|move|p2a: Hydreigon|Beat Up|p1a: Scrafty
|-resisted|p1a: Scrafty
|-damage|p1a: Scrafty|99/100
|-resisted|p1a: Scrafty
|-damage|p1a: Scrafty|99/100
|-resisted|p1a: Scrafty
|-crit|p1a: Scrafty
|-damage|p1a: Scrafty|97/100
|-resisted|p1a: Scrafty
|-damage|p1a: Scrafty|97/100
|-resisted|p1a: Scrafty
|-damage|p1a: Scrafty|96/100
|-resisted|p1a: Scrafty
|-damage|p1a: Scrafty|95/100
|-resisted|p1a: Scrafty
|-damage|p1a: Scrafty|95/100
|-resisted|p1a: Scrafty
|-damage|p1a: Scrafty|94/100
|-resisted|p1a: Scrafty
|-damage|p1a: Scrafty|93/100
|-resisted|p1a: Scrafty
|-damage|p1a: Scrafty|92/100
|-resisted|p1a: Scrafty
|-damage|p1a: Scrafty|92/100
|-resisted|p1a: Scrafty
|-damage|p1a: Scrafty|91/100
|-resisted|p1a: Scrafty
|-damage|p1a: Scrafty|90/100
|-resisted|p1a: Scrafty
|-damage|p1a: Scrafty|90/100
|-resisted|p1a: Scrafty
|-damage|p1a: Scrafty|89/100
|-resisted|p1a: Scrafty
|-damage|p1a: Scrafty|89/100
|-resisted|p1a: Scrafty
|-damage|p1a: Scrafty|88/100
|-resisted|p1a: Scrafty
|-damage|p1a: Scrafty|87/100
|-resisted|p1a: Scrafty
|-damage|p1a: Scrafty|87/100
|-resisted|p1a: Scrafty
|-damage|p1a: Scrafty|86/100
|-resisted|p1a: Scrafty
|-damage|p1a: Scrafty|85/100
|-resisted|p1a: Scrafty
|-damage|p1a: Scrafty|84/100
|-resisted|p1a: Scrafty
|-damage|p1a: Scrafty|83/100
|-resisted|p1a: Scrafty
|-damage|p1a: Scrafty|82/100
|-hitcount|p1a: Scrafty|24
|-damage|p2a: Hydreigon|62/100|[from] item: Life Orb
|
|-weather|Sandstorm|[upkeep]
|-damage|p2a: Hydreigon|56/100|[from] Sandstorm
|-damage|p1a: Scrafty|76/100|[from] Sandstorm
|-end|p2a: Hydreigon|move: Future Sight
|-immune|p2a: Hydreigon
|-heal|p1a: Scrafty|82/100|[from] item: Leftovers
|upkeep
|turn|6
|c| teqbardock|how are they hacking
|c| lowelofunn|how much did that do
|c| Highv0ltag3|Owned
|c| teqbardock|what happened
|c|☆kazt 5|that did nothing
|
|t:|1668050050
|switch|p2a: Tapu Koko|Tapu Koko|100/100
|-damage|p2a: Tapu Koko|88/100|[from] Stealth Rock
|-fieldstart|move: Electric Terrain|[from] ability: Electric Surge|[of] p2a: Tapu Koko
|move|p1a: Scrafty|Toxic|p2a: Tapu Koko
|-status|p2a: Tapu Koko|tox
|
|-weather|Sandstorm|[upkeep]
|-damage|p2a: Tapu Koko|82/100 tox|[from] Sandstorm
|-damage|p1a: Scrafty|76/100|[from] Sandstorm
|-heal|p1a: Scrafty|82/100|[from] item: Leftovers
|-damage|p2a: Tapu Koko|76/100 tox|[from] psn
|upkeep
|turn|7
|
|t:|1668050054
|move|p1a: Scrafty|Protect|p1a: Scrafty
|-singleturn|p1a: Scrafty|Protect
|move|p2a: Tapu Koko|Defog|p1a: Scrafty
|-activate|p1a: Scrafty|move: Protect
|
|-weather|Sandstorm|[upkeep]
|-damage|p2a: Tapu Koko|70/100 tox|[from] Sandstorm
|-damage|p1a: Scrafty|76/100|[from] Sandstorm
|-heal|p1a: Scrafty|82/100|[from] item: Leftovers
|-damage|p2a: Tapu Koko|58/100 tox|[from] psn
|upkeep
|turn|8
|
|t:|1668050058
|switch|p1a: Clefable|Clefable, F|100/100
|move|p2a: Tapu Koko|Defog|p1a: Clefable
|-unboost|p1a: Clefable|evasion|1
|-sideend|p2: Quizziii|Stealth Rock|[from] move: Defog|[of] p2a: Tapu Koko
|-fieldend|move: Electric Terrain
|
|-weather|none
|-damage|p2a: Tapu Koko|40/100 tox|[from] psn
|upkeep
|turn|9
|c| Highv0ltag3|Scrafy is the goat
|
|t:|1668050074
|move|p2a: Tapu Koko|Roost|p2a: Tapu Koko
|-heal|p2a: Tapu Koko|90/100 tox
|-singleturn|p2a: Tapu Koko|move: Roost
|move|p1a: Clefable|Stealth Rock|p2a: Tapu Koko
|-sidestart|p2: Quizziii|move: Stealth Rock
|
|-damage|p2a: Tapu Koko|66/100 tox|[from] psn
|upkeep
|turn|10
|
|t:|1668050083
|switch|p2a: Landorus|Landorus-Therian, M|100/100
|-damage|p2a: Landorus|88/100|[from] Stealth Rock
|-ability|p2a: Landorus|Intimidate|boost
|-unboost|p1a: Clefable|atk|1
|switch|p1a: Landorus|Landorus-Therian, M|100/100
|-ability|p1a: Landorus|Intimidate|boost
|-unboost|p2a: Landorus|atk|1
|
|-heal|p2a: Landorus|94/100|[from] item: Leftovers
|upkeep
|turn|11
|
|t:|1668050088
|move|p1a: Landorus|Swords Dance|p1a: Landorus
|-boost|p1a: Landorus|atk|2
|move|p2a: Landorus|Toxic|p1a: Landorus
|-status|p1a: Landorus|tox
|
|-heal|p2a: Landorus|99/100|[from] item: Leftovers
|-damage|p1a: Landorus|95/100 tox|[from] psn
|upkeep
|turn|12
|
|t:|1668050091
|move|p1a: Landorus|Stone Edge|p2a: Landorus
|-damage|p2a: Landorus|21/100
|move|p2a: Landorus|Stealth Rock|p1a: Landorus
|-sidestart|p1: kazt 5|move: Stealth Rock
|
|-heal|p1a: Landorus|100/100 tox|[from] item: Leftovers
|-heal|p2a: Landorus|28/100|[from] item: Leftovers
|-damage|p1a: Landorus|89/100 tox|[from] psn
|upkeep
|turn|13
|
|t:|1668050096
|switch|p2a: Clefable|Clefable, F|100/100
|-damage|p2a: Clefable|88/100|[from] Stealth Rock
|move|p1a: Landorus|Stone Edge|p2a: Clefable
|-damage|p2a: Clefable|59/100
|
|-heal|p1a: Landorus|95/100 tox|[from] item: Leftovers
|-heal|p2a: Clefable|65/100|[from] item: Leftovers
|-damage|p1a: Landorus|77/100 tox|[from] psn
|upkeep
|turn|14
|c| jaylot|kings of ou face off
|
|t:|1668050102
|switch|p1a: Melmetal|Melmetal|100/100
|-damage|p1a: Melmetal|94/100|[from] Stealth Rock
|move|p2a: Clefable|Soft-Boiled|p2a: Clefable
|-heal|p2a: Clefable|100/100
|
|upkeep
|turn|15
|
|t:|1668050111
|switch|p2a: Buzzwole|Buzzwole|100/100
|move|p1a: Melmetal|Thunder Wave|p2a: Buzzwole
|-status|p2a: Buzzwole|par
|
|upkeep
|turn|16
|
|t:|1668050119
|switch|p2a: Tangrowth|Tangrowth, M|100/100
|-damage|p2a: Tangrowth|88/100|[from] Stealth Rock
|move|p1a: Melmetal|Double Iron Bash|p2a: Tangrowth
|-damage|p2a: Tangrowth|67/100
|-damage|p2a: Tangrowth|43/100
|-hitcount|p2a: Tangrowth|2
|
|upkeep
|turn|17
|
|t:|1668050125
|move|p1a: Melmetal|Double Iron Bash|p2a: Tangrowth
|-damage|p2a: Tangrowth|20/100
|-damage|p2a: Tangrowth|0 fnt
|faint|p2a: Tangrowth
|-hitcount|p2: Tangrowth|2
|
|upkeep
|c| lowelofunn|tang sucks
|c|☆kazt 5|the greed
|
|t:|1668050139
|switch|p2a: crimsonbacon38|Conkeldurr, F|100/100
|-damage|p2a: crimsonbacon38|94/100|[from] Stealth Rock
|turn|18
|c| jaylot|conk a threat
|
|t:|1668050153
|switch|p1a: Zapdos|Zapdos|100/100
|move|p2a: crimsonbacon38|Drain Punch|p1a: Zapdos
|-resisted|p1a: Zapdos
|-damage|p1a: Zapdos|85/100
|-heal|p2a: crimsonbacon38|100/100|[from] drain|[of] p1a: Zapdos
|
|-status|p2a: crimsonbacon38|brn|[from] item: Flame Orb
|upkeep
|turn|19
|c| lowelofunn|nice
|
|t:|1668050161
|switch|p2a: Blissey|Blissey, F|100/100
|move|p1a: Zapdos|Discharge|p2a: Blissey
|-damage|p2a: Blissey|88/100
|-status|p2a: Blissey|par
|
|upkeep
|turn|20
|c| lowelofunn|immune to hax para now
|
|t:|1668050172
|switch|p1a: Urshifu|Urshifu-Rapid-Strike, F|100/100
|-damage|p1a: Urshifu|94/100|[from] Stealth Rock
|move|p2a: Blissey|Wish|p2a: Blissey
|
|upkeep
|turn|21
|
|t:|1668050186
|-curestatus|p2a: Blissey|par|[from] ability: Natural Cure
|switch|p2a: Clefable|Clefable, F|100/100
|-damage|p2a: Clefable|88/100|[from] Stealth Rock
|move|p1a: Urshifu|U-turn|p2a: Clefable
|-resisted|p2a: Clefable
|-damage|p2a: Clefable|74/100
|
|t:|1668050195
|switch|p1a: Melmetal|Melmetal|94/100|[from]move: U-turn
|-damage|p1a: Melmetal|88/100|[from] Stealth Rock
|
|-heal|p2a: Clefable|100/100|[from] move: Wish|[wisher] Blissey
|upkeep
|turn|22
|c| teqbardock|whos hacking
|c| teqbardock|someone said
|
|t:|1668050206
|switch|p2a: Mudsdale|Mudsdale, M|100/100
|-damage|p2a: Mudsdale|94/100|[from] Stealth Rock
|move|p1a: Melmetal|Double Iron Bash|p2a: Mudsdale
|-damage|p2a: Mudsdale|67/100
|-ability|p2a: Mudsdale|Stamina|boost
|-boost|p2a: Mudsdale|def|1
|-damage|p2a: Mudsdale|49/100
|-ability|p2a: Mudsdale|Stamina|boost
|-boost|p2a: Mudsdale|def|1
|-hitcount|p2a: Mudsdale|2
|
|-heal|p2a: Mudsdale|55/100|[from] item: Leftovers
|upkeep
|turn|23
|c| lowelofunn|nobody
|c| teqbardock|beat up
|
|t:|1668050214
|switch|p1a: Tapu Fini|Tapu Fini|100/100
|-damage|p1a: Tapu Fini|88/100|[from] Stealth Rock
|-fieldstart|move: Misty Terrain|[from] ability: Misty Surge|[of] p1a: Tapu Fini
|move|p2a: Mudsdale|Body Press|p1a: Tapu Fini
|-resisted|p1a: Tapu Fini
|-damage|p1a: Tapu Fini|61/100
|
|-heal|p2a: Mudsdale|61/100|[from] item: Leftovers
|upkeep
|turn|24
|c| teqbardock|omg
|
|t:|1668050220
|switch|p2a: Toxapex|Toxapex, F|100/100
|-damage|p2a: Toxapex|88/100|[from] Stealth Rock
|move|p1a: Tapu Fini|Trick|p2a: Toxapex
|-activate|p1a: Tapu Fini|move: Trick|[of] p2a: Toxapex
|-item|p2a: Toxapex|Choice Scarf|[from] move: Trick
|-item|p1a: Tapu Fini|Payapa Berry|[from] move: Trick
|
|upkeep
|turn|25
|c| teqbardock|chill
|
|t:|1668050231
|switch|p1a: Tornadus|Tornadus-Therian, M|100/100
|move|p2a: Toxapex|Toxic Spikes|p1a: Tornadus
|-sidestart|p1: kazt 5|move: Toxic Spikes
|
|upkeep
|turn|26
|
|t:|1668050244
|switch|p2a: Landorus|Landorus-Therian, M|28/100
|-damage|p2a: Landorus|15/100|[from] Stealth Rock
|-ability|p2a: Landorus|Intimidate|boost
|-unboost|p1a: Tornadus|atk|1
|move|p1a: Tornadus|U-turn|p2a: Landorus
|-resisted|p2a: Landorus
|-damage|p2a: Landorus|10/100
|
|t:|1668050256
|switch|p1a: Excadrill|Excadrill, M|100/100|[from]move: U-turn
|-damage|p1a: Excadrill|97/100|[from] Stealth Rock
|
|-heal|p2a: Landorus|16/100|[from] item: Leftovers
|upkeep
|turn|27
|
|t:|1668050261
|switch|p2a: Dragapult|Dragapult, M|100/100
|-damage|p2a: Dragapult|88/100|[from] Stealth Rock
|move|p1a: Excadrill|Iron Head|p2a: Dragapult
|-damage|p2a: Dragapult|13/100
|-damage|p1a: Excadrill|87/100|[from] item: Life Orb
|
|-fieldend|Misty Terrain
|upkeep
|turn|28
|l| teqbardock
|
|t:|1668050268
|switch|p1a: Slowking|Slowking-Galar, M|100/100
|-damage|p1a: Slowking|88/100|[from] Stealth Rock
|-sideend|p1: kazt 5|move: Toxic Spikes|[of] p1a: Slowking
|move|p2a: Dragapult|Beat Up|p1a: Slowking
|-supereffective|p1a: Slowking
|-damage|p1a: Slowking|74/100
|-supereffective|p1a: Slowking
|-damage|p1a: Slowking|60/100
|-supereffective|p1a: Slowking
|-damage|p1a: Slowking|50/100
|-supereffective|p1a: Slowking
|-damage|p1a: Slowking|35/100
|-supereffective|p1a: Slowking
|-damage|p1a: Slowking|25/100
|-supereffective|p1a: Slowking
|-crit|p1a: Slowking
|-damage|p1a: Slowking|6/100
|-supereffective|p1a: Slowking
|-damage|p1a: Slowking|0 fnt
|faint|p1a: Slowking
|-hitcount|p1: Slowking|7
|-damage|p2a: Dragapult|3/100|[from] item: Life Orb
|
|upkeep
|j| SaucyCriminal
|c|☆kazt 5|lel
|c| SaucyCriminal|jesus
|j|%htcl
|
|t:|1668050296
|switch|p1a: Rillaboom|Rillaboom, M|100/100
|-damage|p1a: Rillaboom|88/100|[from] Stealth Rock
|-fieldstart|move: Grassy Terrain|[from] ability: Grassy Surge|[of] p1a: Rillaboom
|turn|29
|
|t:|1668050313
|switch|p2a: Landorus|Landorus-Therian, M|16/100
|-damage|p2a: Landorus|4/100|[from] Stealth Rock
|-ability|p2a: Landorus|Intimidate|boost
|-unboost|p1a: Rillaboom|atk|1
|move|p1a: Rillaboom|Grassy Glide|p2a: Landorus
|-damage|p2a: Landorus|0 fnt
|faint|p2a: Landorus
|
|-heal|p1a: Rillaboom|94/100|[from] Grassy Terrain
|upkeep
|
|t:|1668050324
|switch|p2a: Tapu Koko|Tapu Koko|66/100 tox
|-damage|p2a: Tapu Koko|53/100 tox|[from] Stealth Rock
|-fieldstart|move: Electric Terrain|[from] ability: Electric Surge|[of] p2a: Tapu Koko
|turn|30
|
|t:|1668050328
|move|p2a: Tapu Koko|Defog|p1a: Rillaboom
|-unboost|p1a: Rillaboom|evasion|1
|-sideend|p1: kazt 5|Stealth Rock|[from] move: Defog|[of] p2a: Tapu Koko
|-sideend|p2: Quizziii|Stealth Rock|[from] move: Defog|[of] p2a: Tapu Koko
|-fieldend|move: Electric Terrain
|move|p1a: Rillaboom|Grassy Glide|p2a: Tapu Koko
|-damage|p2a: Tapu Koko|2/100 tox
|
|-damage|p2a: Tapu Koko|0 fnt|[from] psn
|faint|p2a: Tapu Koko
|upkeep
|
|t:|1668050332
|switch|p2a: LeBron|Weavile, F|100/100
|-ability|p2a: LeBron|Pressure
|turn|31
|
|t:|1668050338
|switch|p1a: Scrafty|Scrafty, M|82/100
|-ability|p1a: Scrafty|Intimidate|boost
|-unboost|p2a: LeBron|atk|1
|move|p2a: LeBron|Aerial Ace|p1a: Scrafty
|-supereffective|p1a: Scrafty
|-damage|p1a: Scrafty|54/100
|
|-heal|p1a: Scrafty|60/100|[from] item: Leftovers
|upkeep
|turn|32
|c| jaylot|i have places to be can u guys hurry this up?
|c| Highv0ltag3|LMAAAO
|j| Rosaism
|
|t:|1668050347
|switch|p2a: Ninetales|Ninetales-Alola, M|100/100
|-weather|Hail|[from] ability: Snow Warning|[of] p2a: Ninetales
|move|p1a: Scrafty|Knock Off|p2a: Ninetales
|-resisted|p2a: Ninetales
|-damage|p2a: Ninetales|80/100
|-enditem|p2a: Ninetales|Light Clay|[from] move: Knock Off|[of] p1a: Scrafty
|
|-weather|Hail|[upkeep]
|-damage|p1a: Scrafty|54/100|[from] Hail
|-heal|p1a: Scrafty|60/100|[from] item: Leftovers
|upkeep
|turn|33
|c| Highv0ltag3|SCRAFTY GOAT
|
|t:|1668050355
|switch|p1a: Hippowdon|Hippowdon, F|100/100
|-weather|Sandstorm|[from] ability: Sand Stream|[of] p1a: Hippowdon
|move|p2a: Ninetales|Hail|p2a: Ninetales
|-weather|Hail
|
|-weather|Hail|[upkeep]
|-damage|p1a: Hippowdon|94/100|[from] Hail
|upkeep
|turn|34
|
|t:|1668050375
|move|p2a: Ninetales|Aurora Veil|p2a: Ninetales
|-sidestart|p2: Quizziii|move: Aurora Veil
|move|p1a: Hippowdon|Stealth Rock|p2a: Ninetales
|-sidestart|p2: Quizziii|move: Stealth Rock
|
|-weather|Hail|[upkeep]
|-damage|p1a: Hippowdon|88/100|[from] Hail
|upkeep
|turn|35
|inactive|Quizziii has 120 seconds left.
|j| cacyon
|l| Rosaism
|
|t:|1668050404
|switch|p2a: Ferrothorn|Ferrothorn, M|100/100
|-damage|p2a: Ferrothorn|94/100|[from] Stealth Rock
|switch|p1a: Volcanion|Volcanion|100/100
|
|-weather|Hail|[upkeep]
|-damage|p1a: Volcanion|95/100|[from] Hail
|-damage|p2a: Ferrothorn|88/100|[from] Hail
|-heal|p2a: Ferrothorn|94/100|[from] item: Leftovers
|upkeep
|turn|36
|
|t:|1668050407
|switch|p2a: Blissey|Blissey, F|88/100
|move|p1a: Volcanion|Flamethrower|p2a: Blissey
|-damage|p2a: Blissey|79/100
|
|-weather|Hail|[upkeep]
|-damage|p1a: Volcanion|89/100|[from] Hail
|-damage|p2a: Blissey|72/100|[from] Hail
|upkeep
|turn|37
|
|t:|1668050416
|switch|p1a: Ferrothorn|Ferrothorn, M|100/100
|move|p2a: Blissey|Wish|p2a: Blissey
|
|-weather|none
|upkeep
|turn|38
|
|t:|1668050423
|move|p2a: Blissey|Thunder Wave|p1a: Ferrothorn
|-status|p1a: Ferrothorn|par
|move|p1a: Ferrothorn|Spikes|p2a: Blissey
|-sidestart|p2: Quizziii|Spikes
|
|-heal|p2a: Blissey|100/100|[from] move: Wish|[wisher] Blissey
|-sideend|p2: Quizziii|move: Aurora Veil
|upkeep
|turn|39
|c| jaylot|blissey is a tank
|
|t:|1668050428
|switch|p2a: Ferrothorn|Ferrothorn, M|94/100
|-damage|p2a: Ferrothorn|88/100|[from] Stealth Rock
|-damage|p2a: Ferrothorn|75/100|[from] Spikes
|switch|p1a: Garchomp|Garchomp, F|100/100
|
|-heal|p2a: Ferrothorn|82/100|[from] item: Leftovers
|upkeep
|turn|40
|
|t:|1668050434
|move|p1a: Garchomp|Fire Fang|p2a: Ferrothorn
|-supereffective|p2a: Ferrothorn
|-damage|p2a: Ferrothorn|29/100
|-status|p2a: Ferrothorn|brn
|-damage|p1a: Garchomp|88/100|[from] ability: Iron Barbs|[of] p2a: Ferrothorn
|move|p2a: Ferrothorn|Leech Seed|p1a: Garchomp
|-start|p1a: Garchomp|move: Leech Seed
|
|-heal|p1a: Garchomp|94/100|[from] item: Leftovers
|-heal|p2a: Ferrothorn|36/100 brn|[from] item: Leftovers
|-damage|p1a: Garchomp|82/100|[from] Leech Seed|[of] p2a: Ferrothorn
|-heal|p2a: Ferrothorn|48/100 brn|[silent]
|-damage|p2a: Ferrothorn|42/100 brn|[from] brn
|upkeep
|turn|41
|c| jaylot|is there a half time for this match btw?
|c| cacyon|average ou match be like
|
|t:|1668050443
|switch|p2a: Buzzwole|Buzzwole|100/100 par
|move|p1a: Garchomp|Fire Fang|p2a: Buzzwole
|-supereffective|p2a: Buzzwole
|-damage|p2a: Buzzwole|79/100 par
|
|-heal|p1a: Garchomp|88/100|[from] item: Leftovers
|-damage|p1a: Garchomp|76/100|[from] Leech Seed|[of] p2a: Buzzwole
|-heal|p2a: Buzzwole|90/100 par|[silent]
|upkeep
|turn|42
|
|t:|1668050453
|switch|p1a: Dragapult|Dragapult, F|100/100
|move|p2a: Buzzwole|Toxic|p1a: Dragapult
|-status|p1a: Dragapult|tox
|
|-damage|p1a: Dragapult|95/100 tox|[from] psn
|upkeep
|turn|43
|
|t:|1668050459
|switch|p2a: Dragapult|Dragapult, M|3/100
|-damage|p2a: Dragapult|0 fnt|[from] Stealth Rock
|faint|p2a: Dragapult
|move|p1a: Dragapult|U-turn|p2: Dragapult|[notarget]
|-fail|p1a: Dragapult
|
|-damage|p1a: Dragapult|83/100 tox|[from] psn
|upkeep
|
|t:|1668050472
|switch|p2a: Pelipper|Pelipper, F|100/100
|-damage|p2a: Pelipper|76/100|[from] Stealth Rock
|-weather|RainDance|[from] ability: Drizzle|[of] p2a: Pelipper
|turn|44
|
|t:|1668050475
|move|p1a: Dragapult|U-turn|p2a: Pelipper
|-resisted|p2a: Pelipper
|-damage|p2a: Pelipper|70/100
|c| jaylot|kazt will win cos he has hazards up i think
|
|t:|1668050479
|switch|p1a: Hippowdon|Hippowdon, F|88/100|[from]move: U-turn
|-weather|Sandstorm|[from] ability: Sand Stream|[of] p1a: Hippowdon
|move|p2a: Pelipper|Defog|p1a: Hippowdon
|-unboost|p1a: Hippowdon|evasion|1
|-sideend|p2: Quizziii|Spikes|[from] move: Defog|[of] p2a: Pelipper
|-sideend|p2: Quizziii|Stealth Rock|[from] move: Defog|[of] p2a: Pelipper
|
|-weather|Sandstorm|[upkeep]
|-damage|p2a: Pelipper|63/100|[from] Sandstorm
|upkeep
|turn|45
|c| jaylot|hazards in this game mode are like 4x stronger right
|
|t:|1668050501
|switch|p2a: Toxapex|Toxapex, F|100/100
|switch|p1a: Clefable|Clefable, F|100/100
|
|-weather|Sandstorm|[upkeep]
|-damage|p2a: Toxapex|95/100|[from] Sandstorm
|upkeep
|turn|46
|
|t:|1668050505
|move|p2a: Toxapex|Toxic Spikes|p1a: Clefable
|-sidestart|p1: kazt 5|move: Toxic Spikes
|move|p1a: Clefable|Stealth Rock|p2a: Toxapex
|-sidestart|p2: Quizziii|move: Stealth Rock
|
|-weather|Sandstorm|[upkeep]
|-damage|p2a: Toxapex|89/100|[from] Sandstorm
|upkeep
|turn|47
|
|t:|1668050512
|switch|p1a: Excadrill|Excadrill, M|87/100
|move|p2a: Toxapex|Toxic Spikes|p1a: Excadrill
|-sidestart|p1: kazt 5|move: Toxic Spikes
|
|-weather|Sandstorm|[upkeep]
|-damage|p2a: Toxapex|83/100|[from] Sandstorm
|upkeep
|turn|48
|
|t:|1668050522
|switch|p2a: Mudsdale|Mudsdale, M|61/100
|-damage|p2a: Mudsdale|55/100|[from] Stealth Rock
|move|p1a: Excadrill|Swords Dance|p1a: Excadrill
|-boost|p1a: Excadrill|atk|2
|
|-weather|Sandstorm|[upkeep]
|-heal|p2a: Mudsdale|61/100|[from] item: Leftovers
|upkeep
|turn|49
|
|t:|1668050538
|move|p1a: Excadrill|Iron Head|p2a: Mudsdale
|-crit|p2a: Mudsdale
|-damage|p2a: Mudsdale|0 fnt
|faint|p2a: Mudsdale
|-damage|p1a: Excadrill|78/100|[from] item: Life Orb
|
|-weather|Sandstorm|[upkeep]
|upkeep
|c| jaylot|exca sweep
|
|t:|1668050549
|switch|p2a: Pelipper|Pelipper, F|63/100
|-damage|p2a: Pelipper|39/100|[from] Stealth Rock
|-weather|RainDance|[from] ability: Drizzle|[of] p2a: Pelipper
|turn|50
|
|t:|1668050552
|switch|p2a: Ferrothorn|Ferrothorn, M|42/100 brn
|-damage|p2a: Ferrothorn|36/100 brn|[from] Stealth Rock
|move|p1a: Excadrill|Rock Slide|p2a: Ferrothorn
|-resisted|p2a: Ferrothorn
|-damage|p2a: Ferrothorn|15/100 brn
|-damage|p1a: Excadrill|68/100|[from] item: Life Orb
|
|-weather|RainDance|[upkeep]
|-heal|p2a: Ferrothorn|21/100 brn|[from] item: Leftovers
|-damage|p2a: Ferrothorn|15/100 brn|[from] brn
|upkeep
|turn|51
|
|t:|1668050559
|move|p1a: Excadrill|Earthquake|p2a: Ferrothorn
|-damage|p2a: Ferrothorn|0 fnt
|faint|p2a: Ferrothorn
|-damage|p1a: Excadrill|58/100|[from] item: Life Orb
|
|-weather|RainDance|[upkeep]
|upkeep
|
|t:|1668050561
|switch|p2a: Barraskewda|Barraskewda, F|100/100
|-damage|p2a: Barraskewda|88/100|[from] Stealth Rock
|turn|52
|
|t:|1668050566
|switch|p1a: Ferrothorn|Ferrothorn, M|100/100 par
|move|p2a: Barraskewda|Close Combat|p1a: Ferrothorn
|-supereffective|p1a: Ferrothorn
|-damage|p1a: Ferrothorn|0 fnt
|-unboost|p2a: Barraskewda|def|1
|-unboost|p2a: Barraskewda|spd|1
|-damage|p2a: Barraskewda|76/100|[from] ability: Iron Barbs|[of] p1a: Ferrothorn
|faint|p1a: Ferrothorn
|
|-weather|RainDance|[upkeep]
|upkeep
|
|t:|1668050573
|switch|p1a: Zapdos|Zapdos|85/100
|turn|53
|c| jaylot|no dragonite hurts team tbj
|c| jaylot|tbh
|
|t:|1668050589
|switch|p2a: Blissey|Blissey, F|100/100
|switch|p1a: Tapu Fini|Tapu Fini|61/100
|-status|p1a: Tapu Fini|tox
|-fieldstart|move: Misty Terrain|[from] ability: Misty Surge|[of] p1a: Tapu Fini
|
|-weather|RainDance|[upkeep]
|-damage|p1a: Tapu Fini|55/100 tox|[from] psn
|upkeep
|turn|54
|
|t:|1668050600
|move|p1a: Tapu Fini|Defog|p2a: Blissey
|-unboost|p2a: Blissey|evasion|1
|-sideend|p2: Quizziii|Stealth Rock|[from] move: Defog|[of] p1a: Tapu Fini
|-sideend|p1: kazt 5|Toxic Spikes|[from] move: Defog|[of] p1a: Tapu Fini
|-fieldend|Misty Terrain
|move|p2a: Blissey|Wish|p2a: Blissey
|
|-weather|RainDance|[upkeep]
|-damage|p1a: Tapu Fini|43/100 tox|[from] psn
|upkeep
|turn|55
|j|@Wildfiree ❤
|
|t:|1668050620
|switch|p1a: Slowbro|Slowbro, F|100/100
|switch|p2a: Raichu|Raichu-Alola, F|100/100
|
|-weather|RainDance|[upkeep]
|upkeep
|turn|56
|l| cacyon
|
|t:|1668050633
|switch|p1a: Hippowdon|Hippowdon, F|88/100
|-weather|Sandstorm|[from] ability: Sand Stream|[of] p1a: Hippowdon
|move|p2a: Raichu|Nasty Plot|p2a: Raichu
|-boost|p2a: Raichu|spa|2
|
|-weather|Sandstorm|[upkeep]
|-damage|p2a: Raichu|94/100|[from] Sandstorm
|upkeep
|turn|57
|
|t:|1668050636
|move|p2a: Raichu|Surf|p1a: Hippowdon
|-supereffective|p1a: Hippowdon
|-damage|p1a: Hippowdon|1/100
|-damage|p2a: Raichu|84/100|[from] item: Life Orb
|move|p1a: Hippowdon|Earthquake|p2a: Raichu
|-supereffective|p2a: Raichu
|-damage|p2a: Raichu|0 fnt
|faint|p2a: Raichu
|
|-weather|Sandstorm|[upkeep]
|upkeep
|c|%htcl|ate
|c|☆kazt 5|tanked
|
|t:|1668050645
|switch|p2a: Regieleki|Regieleki|100/100
|turn|58
|
|t:|1668050650
|switch|p1a: Garchomp|Garchomp, F|76/100
|move|p2a: Regieleki|Rapid Spin|p1a: Garchomp
|-damage|p1a: Garchomp|66/100
|-boost|p2a: Regieleki|spe|1
|-damage|p2a: Regieleki|88/100|[from] ability: Rough Skin|[of] p1a: Garchomp
|
|-weather|Sandstorm|[upkeep]
|-damage|p2a: Regieleki|82/100|[from] Sandstorm
|-heal|p1a: Garchomp|72/100|[from] item: Leftovers
|upkeep
|turn|59
|
|t:|1668050658
|switch|p2a: Pelipper|Pelipper, F|39/100
|-weather|RainDance|[from] ability: Drizzle|[of] p2a: Pelipper
|move|p1a: Garchomp|Earthquake|p2a: Pelipper
|-immune|p2a: Pelipper
|
|-weather|RainDance|[upkeep]
|-heal|p1a: Garchomp|78/100|[from] item: Leftovers
|upkeep
|turn|60
|
|t:|1668050663
|switch|p2a: Toxapex|Toxapex, F|100/100
|move|p1a: Garchomp|Scale Shot|p2a: Toxapex|[miss]
|-miss|p1a: Garchomp|p2a: Toxapex
|
|-weather|RainDance|[upkeep]
|-heal|p1a: Garchomp|84/100|[from] item: Leftovers
|upkeep
|turn|61
|
|t:|1668050669
|move|p1a: Garchomp|Earthquake|p2a: Toxapex
|-supereffective|p2a: Toxapex
|-damage|p2a: Toxapex|31/100
|move|p2a: Toxapex|Toxic|p1a: Garchomp
|-status|p1a: Garchomp|tox
|
|-weather|RainDance|[upkeep]
|-heal|p1a: Garchomp|90/100 tox|[from] item: Leftovers
|-damage|p1a: Garchomp|84/100 tox|[from] psn
|upkeep
|turn|62
|l|@Wildfiree ❤
|
|t:|1668050683
|switch|p1a: Magnezone|Magnezone|100/100
|switch|p2a: Corviknight|Corviknight, F|100/100
|-ability|p2a: Corviknight|Pressure
|
|-weather|RainDance|[upkeep]
|upkeep
|turn|63
|c|☆Quizziii|gonna kms
|
|t:|1668050691
|move|p2a: Corviknight|Agility|p2a: Corviknight
|-boost|p2a: Corviknight|spe|2
|move|p1a: Magnezone|Thunderbolt|p2a: Corviknight
|-supereffective|p2a: Corviknight
|-damage|p2a: Corviknight|31/100
|-enditem|p2a: Corviknight|Weakness Policy
|-boost|p2a: Corviknight|atk|2|[from] item: Weakness Policy
|-boost|p2a: Corviknight|spa|2|[from] item: Weakness Policy
|
|-weather|RainDance|[upkeep]
|upkeep
|turn|64
|c| Highv0ltag3|Ooofff
|c| lowelofunn|LOL
|
|t:|1668050697
|move|p2a: Corviknight|Roost|p2a: Corviknight
|-heal|p2a: Corviknight|81/100
|-singleturn|p2a: Corviknight|move: Roost
|move|p1a: Magnezone|Thunderbolt|p2a: Corviknight
|-damage|p2a: Corviknight|48/100
|
|-weather|RainDance|[upkeep]
|upkeep
|turn|65
|
|t:|1668050701
|move|p2a: Corviknight|Roost|p2a: Corviknight
|-heal|p2a: Corviknight|98/100
|-singleturn|p2a: Corviknight|move: Roost
|move|p1a: Magnezone|Iron Defense|p1a: Magnezone
|-boost|p1a: Magnezone|def|2
|
|-weather|RainDance|[upkeep]
|upkeep
|turn|66
|c| lowelofunn|go corvi
|
|t:|1668050705
|move|p2a: Corviknight|Power Trip|p1a: Magnezone
|-damage|p1a: Magnezone|80/100
|move|p1a: Magnezone|Iron Defense|p1a: Magnezone
|-boost|p1a: Magnezone|def|2
|
|-weather|none
|-heal|p1a: Magnezone|87/100|[from] item: Leftovers
|upkeep
|turn|67
|
|t:|1668050710
|move|p2a: Corviknight|Bulk Up|p2a: Corviknight
|-boost|p2a: Corviknight|atk|1
|-boost|p2a: Corviknight|def|1
|move|p1a: Magnezone|Body Press|p2a: Corviknight
|-damage|p2a: Corviknight|55/100
|
|-heal|p1a: Magnezone|93/100|[from] item: Leftovers
|upkeep
|turn|68
|
|t:|1668050713
|move|p2a: Corviknight|Roost|p2a: Corviknight
|-heal|p2a: Corviknight|100/100
|-singleturn|p2a: Corviknight|move: Roost
|move|p1a: Magnezone|Thunderbolt|p2a: Corviknight
|-damage|p2a: Corviknight|70/100
|
|-heal|p1a: Magnezone|99/100|[from] item: Leftovers
|upkeep
|turn|69
|c| Highv0ltag3|Power trip> beat up
|
|t:|1668050717
|move|p2a: Corviknight|Bulk Up|p2a: Corviknight
|-boost|p2a: Corviknight|atk|1
|-boost|p2a: Corviknight|def|1
|move|p1a: Magnezone|Body Press|p2a: Corviknight
|-damage|p2a: Corviknight|34/100
|
|-heal|p1a: Magnezone|100/100|[from] item: Leftovers
|upkeep
|turn|70
|
|t:|1668050720
|move|p2a: Corviknight|Roost|p2a: Corviknight
|-heal|p2a: Corviknight|84/100
|-singleturn|p2a: Corviknight|move: Roost
|move|p1a: Magnezone|Body Press|p2a: Corviknight
|-supereffective|p2a: Corviknight
|-damage|p2a: Corviknight|17/100
|
|upkeep
|turn|71
|
|t:|1668050722
|move|p2a: Corviknight|Roost|p2a: Corviknight
|-heal|p2a: Corviknight|67/100
|-singleturn|p2a: Corviknight|move: Roost
|move|p1a: Magnezone|Body Press|p2a: Corviknight
|-supereffective|p2a: Corviknight
|-damage|p2a: Corviknight|0 fnt
|faint|p2a: Corviknight
|
|upkeep
|
|t:|1668050752
|switch|p2a: Slowking|Slowking-Galar, F|100/100
|turn|72
|c| jaylot|bro
|c| jaylot|u look silly now
|j|@SetsuStsna
|
|t:|1668050774
|switch|p1a: Slowbro|Slowbro, F|100/100
|move|p2a: Slowking|Flamethrower|p1a: Slowbro
|-resisted|p1a: Slowbro
|-damage|p1a: Slowbro|85/100
|
|upkeep
|turn|73
|c|☆Quizziii|im not very concerned about how i look in a 24 mon tourney at the end of the gen dog
|inactive|Quizziii has 120 seconds left.
|c|☆Quizziii|theres a sneasel
|c|☆kazt 5|Im taking so long each turn just trying to find the mons lmao
|c| jaylot|i aint talking to u
|
|t:|1668050803
|move|p2a: Slowking|Sludge Bomb|p1a: Slowbro
|-damage|p1a: Slowbro|37/100
|move|p1a: Slowbro|Teleport|p1a: Slowbro
|
|t:|1668050809
|switch|p1a: Weavile|Weavile, M|100/100|[from]move: Teleport
|-ability|p1a: Weavile|Pressure
|
|upkeep
|turn|74
|j|@Mimikyu Stardust
|l|@Mimikyu Stardust
|
|t:|1668050817
|switch|p2a: Buzzwole|Buzzwole|90/100 par
|move|p1a: Weavile|Beat Up|p2a: Buzzwole
|-resisted|p2a: Buzzwole
|-damage|p2a: Buzzwole|88/100 par
|-resisted|p2a: Buzzwole
|-damage|p2a: Buzzwole|86/100 par
|-resisted|p2a: Buzzwole
|-damage|p2a: Buzzwole|84/100 par
|-resisted|p2a: Buzzwole
|-damage|p2a: Buzzwole|81/100 par
|-resisted|p2a: Buzzwole
|-damage|p2a: Buzzwole|79/100 par
|-resisted|p2a: Buzzwole
|-damage|p2a: Buzzwole|77/100 par
|-resisted|p2a: Buzzwole
|-crit|p2a: Buzzwole
|-damage|p2a: Buzzwole|74/100 par
|-resisted|p2a: Buzzwole
|-damage|p2a: Buzzwole|72/100 par
|-resisted|p2a: Buzzwole
|-damage|p2a: Buzzwole|71/100 par
|-resisted|p2a: Buzzwole
|-damage|p2a: Buzzwole|68/100 par
|-resisted|p2a: Buzzwole
|-damage|p2a: Buzzwole|67/100 par
|-resisted|p2a: Buzzwole
|-damage|p2a: Buzzwole|65/100 par
|-resisted|p2a: Buzzwole
|-damage|p2a: Buzzwole|63/100 par
|-resisted|p2a: Buzzwole
|-damage|p2a: Buzzwole|62/100 par
|-resisted|p2a: Buzzwole
|-damage|p2a: Buzzwole|60/100 par
|-resisted|p2a: Buzzwole
|-damage|p2a: Buzzwole|58/100 par
|-resisted|p2a: Buzzwole
|-damage|p2a: Buzzwole|56/100 par
|-resisted|p2a: Buzzwole
|-damage|p2a: Buzzwole|55/100 par
|-hitcount|p2a: Buzzwole|18
|
|upkeep
|turn|75
|
|t:|1668050822
|switch|p1a: Clefable|Clefable, F|100/100
|move|p2a: Buzzwole|Roost|p2a: Buzzwole
|-heal|p2a: Buzzwole|100/100 par
|-singleturn|p2a: Buzzwole|move: Roost
|
|upkeep
|turn|76
|
|t:|1668050829
|switch|p2a: Slowking|Slowking-Galar, F|100/100
|move|p1a: Clefable|Stealth Rock|p2a: Slowking
|-sidestart|p2: Quizziii|move: Stealth Rock
|
|upkeep
|turn|77
|
|t:|1668050836
|switch|p1a: Garchomp|Garchomp, F|84/100 tox
|move|p2a: Slowking|Scald|p1a: Garchomp
|-damage|p1a: Garchomp|53/100 tox
|
|-heal|p1a: Garchomp|59/100 tox|[from] item: Leftovers
|-damage|p1a: Garchomp|53/100 tox|[from] psn
|upkeep
|turn|78
|j| Mimikyu VG7
|
|t:|1668050852
|switch|p1a: Rillaboom|Rillaboom, M|94/100
|-fieldstart|move: Grassy Terrain|[from] ability: Grassy Surge|[of] p1a: Rillaboom
|switch|p2a: Clefable|Clefable, F|100/100
|-damage|p2a: Clefable|88/100|[from] Stealth Rock
|
|-heal|p1a: Rillaboom|100/100|[from] Grassy Terrain
|-heal|p2a: Clefable|94/100|[from] Grassy Terrain
|-heal|p2a: Clefable|99/100|[from] item: Leftovers
|upkeep
|turn|79
|
|t:|1668050856
|move|p1a: Rillaboom|Wood Hammer|p2a: Clefable
|-damage|p2a: Clefable|0 fnt
|faint|p2a: Clefable
|-damage|p1a: Rillaboom|62/100|[from] Recoil
|
|-heal|p1a: Rillaboom|69/100|[from] Grassy Terrain
|upkeep
|
|t:|1668050868
|switch|p2a: Hydreigon|Hydreigon, F|56/100
|-damage|p2a: Hydreigon|44/100|[from] Stealth Rock
|turn|80
|
|t:|1668050873
|switch|p1a: Scrafty|Scrafty, M|60/100
|-ability|p1a: Scrafty|Intimidate|boost
|-unboost|p2a: Hydreigon|atk|1
|move|p2a: Hydreigon|Roost|p2a: Hydreigon
|-heal|p2a: Hydreigon|94/100
|-singleturn|p2a: Hydreigon|move: Roost
|
|-heal|p1a: Scrafty|66/100|[from] Grassy Terrain
|-heal|p1a: Scrafty|72/100|[from] item: Leftovers
|upkeep
|turn|81
|j| mayhem2001
|
|t:|1668050884
|move|p2a: Hydreigon|Draco Meteor|p1a: Scrafty
|-damage|p1a: Scrafty|0 fnt
|-unboost|p2a: Hydreigon|spa|2
|faint|p1a: Scrafty
|-damage|p2a: Hydreigon|84/100|[from] item: Life Orb
|
|upkeep
|l| mayhem2001
|c| Highv0ltag3|Oh shit
|c|☆kazt 5|oh shit
|c| Highv0ltag3|Rip
|c|☆Quizziii|the plot twist
|
|t:|1668050903
|switch|p1a: Dragapult|Dragapult, F|83/100 tox
|turn|82
|c| Highv0ltag3|He deserves a good rest
|c|☆Quizziii|its a real hydra
|
|t:|1668050912
|switch|p2a: Toxapex|Toxapex, F|65/100
|-damage|p2a: Toxapex|52/100|[from] Stealth Rock
|move|p1a: Dragapult|U-turn|p2a: Toxapex
|-resisted|p2a: Toxapex
|-damage|p2a: Toxapex|47/100
|
|t:|1668050918
|switch|p1a: Weavile|Weavile, M|100/100|[from]move: U-turn
|-ability|p1a: Weavile|Pressure
|
|-heal|p2a: Toxapex|53/100|[from] Grassy Terrain
|-fieldend|move: Grassy Terrain
|upkeep
|turn|83
|
|t:|1668050925
|switch|p2a: Buzzwole|Buzzwole|100/100 par
|move|p1a: Weavile|Beat Up|p2a: Buzzwole
|-resisted|p2a: Buzzwole
|-damage|p2a: Buzzwole|99/100 par
|-resisted|p2a: Buzzwole
|-damage|p2a: Buzzwole|97/100 par
|-resisted|p2a: Buzzwole
|-damage|p2a: Buzzwole|95/100 par
|-resisted|p2a: Buzzwole
|-damage|p2a: Buzzwole|92/100 par
|-resisted|p2a: Buzzwole
|-damage|p2a: Buzzwole|90/100 par
|-resisted|p2a: Buzzwole
|-damage|p2a: Buzzwole|89/100 par
|-resisted|p2a: Buzzwole
|-damage|p2a: Buzzwole|87/100 par
|-resisted|p2a: Buzzwole
|-damage|p2a: Buzzwole|85/100 par
|-resisted|p2a: Buzzwole
|-damage|p2a: Buzzwole|83/100 par
|-resisted|p2a: Buzzwole
|-damage|p2a: Buzzwole|82/100 par
|-resisted|p2a: Buzzwole
|-damage|p2a: Buzzwole|80/100 par
|-resisted|p2a: Buzzwole
|-damage|p2a: Buzzwole|79/100 par
|-resisted|p2a: Buzzwole
|-damage|p2a: Buzzwole|77/100 par
|-resisted|p2a: Buzzwole
|-damage|p2a: Buzzwole|76/100 par
|-resisted|p2a: Buzzwole
|-damage|p2a: Buzzwole|73/100 par
|-resisted|p2a: Buzzwole
|-damage|p2a: Buzzwole|71/100 par
|-resisted|p2a: Buzzwole
|-damage|p2a: Buzzwole|70/100 par
|-hitcount|p2a: Buzzwole|17
|
|upkeep
|turn|84
|
|t:|1668050931
|switch|p1a: Tapu Lele|Tapu Lele|100/100
|-fieldstart|move: Psychic Terrain|[from] ability: Psychic Surge|[of] p1a: Tapu Lele
|move|p2a: Buzzwole|Toxic|p1a: Tapu Lele
|-status|p1a: Tapu Lele|tox
|
|-damage|p1a: Tapu Lele|94/100 tox|[from] psn
|upkeep
|turn|85
|
|t:|1668050938
|switch|p2a: Slowking|Slowking-Galar, F|100/100
|-damage|p2a: Slowking|88/100|[from] Stealth Rock
|move|p1a: Tapu Lele|Psychic|p2a: Slowking
|-damage|p2a: Slowking|36/100
|
|-damage|p1a: Tapu Lele|82/100 tox|[from] psn
|upkeep
|turn|86
|
|t:|1668050945
|switch|p1a: Heatran|Heatran, M|100/100
|switch|p2a: Moltres|Moltres-Galar|100/100
|
|upkeep
|turn|87
|
|t:|1668050951
|switch|p2a: Toxapex|Toxapex, F|87/100
|-damage|p2a: Toxapex|74/100|[from] Stealth Rock
|move|p1a: Heatran|Taunt|p2a: Toxapex
|-start|p2a: Toxapex|move: Taunt
|
|upkeep
|turn|88
|
|t:|1668050954
|move|p1a: Heatran|Magma Storm|p2a: Toxapex
|-resisted|p2a: Toxapex
|-damage|p2a: Toxapex|58/100
|-activate|p2a: Toxapex|move: Magma Storm|[of] p1a: Heatran
|move|p2a: Toxapex|Knock Off|p1a: Heatran
|-damage|p1a: Heatran|88/100
|-enditem|p1a: Heatran|Leftovers|[from] move: Knock Off|[of] p2a: Toxapex
|
|-damage|p2a: Toxapex|46/100|[from] move: Magma Storm|[partiallytrapped]
|-fieldend|move: Psychic Terrain
|upkeep
|turn|89
|
|t:|1668050957
|move|p1a: Heatran|Earth Power|p2a: Toxapex
|-supereffective|p2a: Toxapex
|-damage|p2a: Toxapex|8/100
|move|p2a: Toxapex|Knock Off|p1a: Heatran
|-damage|p1a: Heatran|80/100
|
|-damage|p2a: Toxapex|0 fnt|[from] move: Magma Storm|[partiallytrapped]
|faint|p2a: Toxapex
|upkeep
|
|t:|1668050961
|switch|p2a: crimsonbacon38|Conkeldurr, F|100/100 brn
|-damage|p2a: crimsonbacon38|94/100 brn|[from] Stealth Rock
|turn|90
|
|t:|1668050978
|switch|p1a: Tornadus|Tornadus-Therian, M|100/100
|switch|p2a: Melmetal|Melmetal|100/100
|-damage|p2a: Melmetal|94/100|[from] Stealth Rock
|
|-heal|p2a: Melmetal|100/100|[from] item: Leftovers
|upkeep
|turn|91
|
|t:|1668050986
|switch|p2a: Slowking|Slowking-Galar, F|69/100
|-damage|p2a: Slowking|57/100|[from] Stealth Rock
|move|p1a: Tornadus|U-turn|p2a: Slowking
|-damage|p2a: Slowking|41/100
|
|t:|1668050994
|switch|p1a: Weavile|Weavile, M|100/100|[from]move: U-turn
|-ability|p1a: Weavile|Pressure
|
|upkeep
|turn|92
|
|t:|1668051003
|switch|p2a: Buzzwole|Buzzwole|70/100 par
|move|p1a: Weavile|Knock Off|p2a: Buzzwole
|-resisted|p2a: Buzzwole
|-damage|p2a: Buzzwole|58/100 par
|-enditem|p2a: Buzzwole|Heavy-Duty Boots|[from] move: Knock Off|[of] p1a: Weavile
|
|upkeep
|turn|93
|
|t:|1668051008
|switch|p1a: Volcanion|Volcanion|89/100
|cant|p2a: Buzzwole|par
|
|upkeep
|turn|94
|
|t:|1668051015
|switch|p2a: Blissey|Blissey, F|100/100
|move|p1a: Volcanion|Steam Eruption|p2a: Blissey|[miss]
|-miss|p1a: Volcanion|p2a: Blissey
|
|upkeep
|turn|95
|
|t:|1668051031
|switch|p1a: Tapu Fini|Tapu Fini|43/100 tox
|-fieldstart|move: Misty Terrain|[from] ability: Misty Surge|[of] p1a: Tapu Fini
|move|p2a: Blissey|Thunder Wave||[still]
|-fail|p2a: Blissey
|
|-damage|p1a: Tapu Fini|37/100 tox|[from] psn
|upkeep
|turn|96
|
|t:|1668051048
|switch|p1a: Melmetal|Melmetal|88/100
|move|p2a: Blissey|Wish|p2a: Blissey
|
|upkeep
|turn|97
|j| teqbardock
|
|t:|1668051065
|switch|p2a: crimsonbacon38|Conkeldurr, F|94/100 brn
|-damage|p2a: crimsonbacon38|88/100 brn|[from] Stealth Rock
|move|p1a: Melmetal|Double Iron Bash|p2a: crimsonbacon38
|-damage|p2a: crimsonbacon38|53/100 brn
|-damage|p2a: crimsonbacon38|16/100 brn
|-hitcount|p2a: crimsonbacon38|2
|
|-heal|p2a: crimsonbacon38|100/100 brn|[from] move: Wish|[wisher] Blissey
|-damage|p2a: crimsonbacon38|94/100 brn|[from] brn
|upkeep
|turn|98
|c| teqbardock|quizzi losing hard
|inactive|kazt 5 has 120 seconds left.
|c| teqbardock|bro lost half or more of his mons
|c|☆kazt 5|I have like 10 million mons status'd
|c| Highv0ltag3|Conkback is real
|c|☆kazt 5|I can lose
|
|t:|1668051110
|switch|p1a: Landorus|Landorus-Therian, M|77/100 tox
|-ability|p1a: Landorus|Intimidate|boost
|-unboost|p2a: crimsonbacon38|atk|1
|move|p2a: crimsonbacon38|Drain Punch|p1a: Landorus
|-resisted|p1a: Landorus
|-damage|p1a: Landorus|51/100 tox
|-heal|p2a: crimsonbacon38|100/100 brn|[from] drain|[of] p1a: Landorus
|
|-heal|p1a: Landorus|57/100 tox|[from] item: Leftovers
|-damage|p1a: Landorus|51/100 tox|[from] psn
|-damage|p2a: crimsonbacon38|94/100 brn|[from] brn
|upkeep
|turn|99
|c| teqbardock|sash hippo?
|c| teqbardock|1% is luckyu
|l| SaucyCriminal
|c| Mimikyu VG7|never realized u had scarfty lol
|
|t:|1668051122
|switch|p2a: Hydreigon|Hydreigon, F|84/100
|-damage|p2a: Hydreigon|72/100|[from] Stealth Rock
|move|p1a: Landorus|Earthquake|p2a: Hydreigon
|-immune|p2a: Hydreigon|[from] ability: Levitate
|
|-heal|p1a: Landorus|57/100 tox|[from] item: Leftovers
|-damage|p1a: Landorus|45/100 tox|[from] psn
|-fieldend|Misty Terrain
|upkeep
|turn|100
|
|t:|1668051137
|switch|p1a: Mandibuzz|Mandibuzz, F|100/100
|move|p2a: Hydreigon|Beat Up|p1a: Mandibuzz
|-resisted|p1a: Mandibuzz
|-damage|p1a: Mandibuzz|99/100
|-resisted|p1a: Mandibuzz
|-damage|p1a: Mandibuzz|97/100
|-resisted|p1a: Mandibuzz
|-damage|p1a: Mandibuzz|95/100
|-resisted|p1a: Mandibuzz
|-damage|p1a: Mandibuzz|94/100
|-resisted|p1a: Mandibuzz
|-damage|p1a: Mandibuzz|93/100
|-resisted|p1a: Mandibuzz
|-damage|p1a: Mandibuzz|91/100
|-resisted|p1a: Mandibuzz
|-damage|p1a: Mandibuzz|89/100
|-resisted|p1a: Mandibuzz
|-damage|p1a: Mandibuzz|87/100
|-resisted|p1a: Mandibuzz
|-damage|p1a: Mandibuzz|85/100
|-resisted|p1a: Mandibuzz
|-damage|p1a: Mandibuzz|83/100
|-resisted|p1a: Mandibuzz
|-damage|p1a: Mandibuzz|81/100
|-resisted|p1a: Mandibuzz
|-damage|p1a: Mandibuzz|79/100
|-hitcount|p1a: Mandibuzz|12
|-damage|p2a: Hydreigon|62/100|[from] item: Life Orb
|
|upkeep
|turn|101
|c| Mimikyu VG7|this battle is still going on damn
|c| Highv0ltag3|Scrafty.came in on.beat up a couple times
|
|t:|1668051142
|move|p2a: Hydreigon|Roost|p2a: Hydreigon
|-heal|p2a: Hydreigon|100/100
|-singleturn|p2a: Hydreigon|move: Roost
|move|p1a: Mandibuzz|Roost|p1a: Mandibuzz
|-heal|p1a: Mandibuzz|100/100
|-singleturn|p1a: Mandibuzz|move: Roost
|
|upkeep
|turn|102
|c| teqbardock|noo
|c| Highv0ltag3|He a goat
|c| teqbardock|not the beat up
|
|t:|1668051151
|switch|p2a: Slowking|Slowking-Galar, F|74/100
|-damage|p2a: Slowking|62/100|[from] Stealth Rock
|switch|p1a: Clefable|Clefable, F|100/100
|
|upkeep
|turn|103
|
|t:|1668051158
|switch|p1a: Melmetal|Melmetal|88/100
|move|p2a: Slowking|Scald|p1a: Melmetal
|-damage|p1a: Melmetal|63/100
|
|upkeep
|turn|104
|c| jaylot|guys who do u htink gonan win
|
|t:|1668051169
|switch|p2a: Pelipper|Pelipper, F|39/100
|-damage|p2a: Pelipper|14/100|[from] Stealth Rock
|-weather|RainDance|[from] ability: Drizzle|[of] p2a: Pelipper
|move|p1a: Melmetal|Earthquake|p2a: Pelipper
|-immune|p2a: Pelipper
|
|-weather|RainDance|[upkeep]
|upkeep
|turn|105
|
|t:|1668051175
|move|p2a: Pelipper|Scald|p1a: Melmetal
|-crit|p1a: Melmetal
|-damage|p1a: Melmetal|2/100
|-status|p1a: Melmetal|brn
|move|p1a: Melmetal|Double Iron Bash|p2a: Pelipper
|-resisted|p2a: Pelipper
|-damage|p2a: Pelipper|5/100
|-resisted|p2a: Pelipper
|-damage|p2a: Pelipper|0 fnt
|faint|p2a: Pelipper
|-hitcount|p2: Pelipper|2
|
|-weather|RainDance|[upkeep]
|-damage|p1a: Melmetal|0 fnt|[from] brn
|faint|p1a: Melmetal
|upkeep
|c| Highv0ltag3|Tbh stall seems broken in 24 vs 24
|c| teqbardock|why would you eq
|c| Mimikyu VG7|nah
|c| teqbardock|easiest bash ever
|c| Mimikyu VG7|Weavile or any other beat up mons destroyed it
|inactive|Quizziii has 120 seconds left.
|c|☆kazt 5|I was expecting a melm
|
|t:|1668051196
|switch|p2a: Barraskewda|Barraskewda, F|76/100
|switch|p1a: Hippowdon|Hippowdon, F|1/100
|-damage|p2a: Barraskewda|64/100|[from] Stealth Rock
|-weather|Sandstorm|[from] ability: Sand Stream|[of] p1a: Hippowdon
|turn|106
|c| teqbardock|now you lost him
|c|☆kazt 5|everything else died
|
|t:|1668051202
|switch|p1a: Volcanion|Volcanion|89/100
|move|p2a: Barraskewda|Close Combat|p1a: Volcanion
|-damage|p1a: Volcanion|26/100
|-unboost|p2a: Barraskewda|def|1
|-unboost|p2a: Barraskewda|spd|1
|
|-weather|Sandstorm|[upkeep]
|-damage|p2a: Barraskewda|58/100|[from] Sandstorm
|-damage|p1a: Volcanion|20/100|[from] Sandstorm
|upkeep
|turn|107
|c| Highv0ltag3|Momikyu scrafty stall
|
|t:|1668051208
|switch|p1a: Dragapult|Dragapult, F|83/100 tox
|move|p2a: Barraskewda|Close Combat|p1a: Dragapult
|-immune|p1a: Dragapult
|
|-weather|Sandstorm|[upkeep]
|-damage|p1a: Dragapult|77/100 tox|[from] Sandstorm
|-damage|p2a: Barraskewda|52/100|[from] Sandstorm
|-damage|p1a: Dragapult|71/100 tox|[from] psn
|upkeep
|turn|108
|
|t:|1668051210
|move|p1a: Dragapult|U-turn|p2a: Barraskewda
|-damage|p2a: Barraskewda|0 fnt
|faint|p2a: Barraskewda
|inactive|kazt 5 has 120 seconds left.
|c| Highv0ltag3|Also max hp buzz eats if u dont take rocks
|c| Highv0ltag3|The only threats are mixed mons
|c| Highv0ltag3|Like hydreigon
|
|t:|1668051229
|switch|p1a: Heatran|Heatran, M|80/100|[from]move: U-turn
|
|-weather|Sandstorm|[upkeep]
|upkeep
|c| Highv0ltag3|With beat up
|
|t:|1668051241
|switch|p2a: Hydreigon|Hydreigon, F|100/100
|-damage|p2a: Hydreigon|88/100|[from] Stealth Rock
|turn|109
|
|t:|1668051246
|move|p2a: Hydreigon|Beat Up|p1a: Heatran
|-damage|p1a: Heatran|74/100
|-damage|p1a: Heatran|68/100
|-damage|p1a: Heatran|63/100
|-damage|p1a: Heatran|58/100
|-damage|p1a: Heatran|55/100
|-damage|p1a: Heatran|47/100
|-damage|p1a: Heatran|40/100
|-damage|p1a: Heatran|35/100
|-damage|p1a: Heatran|28/100
|-damage|p1a: Heatran|22/100
|-hitcount|p1a: Heatran|10
|-damage|p2a: Hydreigon|78/100|[from] item: Life Orb
|move|p1a: Heatran|Toxic|p2a: Hydreigon
|-status|p2a: Hydreigon|tox
|
|-weather|Sandstorm|[upkeep]
|-damage|p2a: Hydreigon|72/100 tox|[from] Sandstorm
|-damage|p2a: Hydreigon|66/100 tox|[from] psn
|upkeep
|turn|110
|inactive|kazt 5 has 120 seconds left.
|c|☆kazt 5|weak
|
|t:|1668051255
|switch|p1a: Clefable|Clefable, F|100/100
|move|p2a: Hydreigon|Draco Meteor|p1a: Clefable
|-immune|p1a: Clefable
|
|-weather|Sandstorm|[upkeep]
|-damage|p2a: Hydreigon|60/100 tox|[from] Sandstorm
|-damage|p2a: Hydreigon|48/100 tox|[from] psn
|upkeep
|turn|111
|inactive|kazt 5 has 120 seconds left.
|
|t:|1668051261
|move|p2a: Hydreigon|Flash Cannon|p1a: Clefable
|-supereffective|p1a: Clefable
|-damage|p1a: Clefable|54/100
|-damage|p2a: Hydreigon|38/100 tox|[from] item: Life Orb
|move|p1a: Clefable|Trick|p2a: Hydreigon
|-activate|p1a: Clefable|move: Trick|[of] p2a: Hydreigon
|-item|p2a: Hydreigon|Sticky Barb|[from] move: Trick
|-item|p1a: Clefable|Life Orb|[from] move: Trick
|
|-weather|Sandstorm|[upkeep]
|-damage|p2a: Hydreigon|32/100 tox|[from] Sandstorm
|-damage|p2a: Hydreigon|13/100 tox|[from] psn
|-damage|p2a: Hydreigon|1/100 tox|[from] item: Sticky Barb
|upkeep
|turn|112
|c| Mimikyu VG7|I have 18 stall mons in mine
|
|t:|1668051266
|move|p2a: Hydreigon|Flash Cannon|p1a: Clefable
|-supereffective|p1a: Clefable
|-damage|p1a: Clefable|18/100
|move|p1a: Clefable|Soft-Boiled|p1a: Clefable
|-heal|p1a: Clefable|68/100
|
|-weather|Sandstorm|[upkeep]
|-damage|p2a: Hydreigon|0 fnt|[from] Sandstorm
|faint|p2a: Hydreigon
|upkeep
|c| teqbardock|kill this stupid clef
|
|t:|1668051272
|switch|p2a: Melmetal|Melmetal|100/100
|-damage|p2a: Melmetal|94/100|[from] Stealth Rock
|turn|113
|c| Mimikyu VG7|and WEavile destroyed it lol
|c| teqbardock|i hate celfable
|
|t:|1668051286
|switch|p1a: Zapdos|Zapdos|85/100
|move|p2a: Melmetal|Earthquake|p1a: Zapdos
|-immune|p1a: Zapdos
|
|-weather|none
|-heal|p2a: Melmetal|100/100|[from] item: Leftovers
|upkeep
|turn|114
|
|t:|1668051290
|switch|p2a: Blissey|Blissey, F|100/100
|move|p1a: Zapdos|Heat Wave|p2a: Blissey
|-damage|p2a: Blissey|91/100
|
|upkeep
|turn|115
|l| teqbardock
|
|t:|1668051299
|switch|p1a: Tapu Fini|Tapu Fini|37/100 tox
|-fieldstart|move: Misty Terrain|[from] ability: Misty Surge|[of] p1a: Tapu Fini
|move|p2a: Blissey|Thunder Wave||[still]
|-fail|p2a: Blissey
|
|-damage|p1a: Tapu Fini|31/100 tox|[from] psn
|upkeep
|turn|116
|
|t:|1668051311
|switch|p1a: Urshifu|Urshifu-Rapid-Strike, F|94/100
|move|p2a: Blissey|Wish|p2a: Blissey
|
|upkeep
|turn|117
|
|t:|1668051317
|switch|p2a: Buzzwole|Buzzwole|58/100 par
|-damage|p2a: Buzzwole|46/100 par|[from] Stealth Rock
|move|p1a: Urshifu|Close Combat|p2a: Buzzwole
|-resisted|p2a: Buzzwole
|-damage|p2a: Buzzwole|23/100 par
|-unboost|p1a: Urshifu|def|1
|-unboost|p1a: Urshifu|spd|1
|
|-heal|p2a: Buzzwole|100/100 par|[from] move: Wish|[wisher] Blissey
|upkeep
|turn|118
|l| Angelwingsmygoons
|
|t:|1668051331
|switch|p1a: Hippowdon|Hippowdon, F|1/100
|-weather|Sandstorm|[from] ability: Sand Stream|[of] p1a: Hippowdon
|switch|p2a: Slowking|Slowking-Galar, F|95/100
|-damage|p2a: Slowking|82/100|[from] Stealth Rock
|
|-weather|Sandstorm|[upkeep]
|-damage|p2a: Slowking|76/100|[from] Sandstorm
|upkeep
|turn|119
|
|t:|1668051336
|move|p1a: Hippowdon|Slack Off|p1a: Hippowdon
|-heal|p1a: Hippowdon|51/100
|move|p2a: Slowking|Scald|p1a: Hippowdon
|-supereffective|p1a: Hippowdon
|-damage|p1a: Hippowdon|13/100
|
|-weather|Sandstorm|[upkeep]
|-damage|p2a: Slowking|70/100|[from] Sandstorm
|-fieldend|Misty Terrain
|upkeep
|turn|120
|
|t:|1668051349
|move|p1a: Hippowdon|Slack Off|p1a: Hippowdon
|-heal|p1a: Hippowdon|63/100
|move|p2a: Slowking|Scald|p1a: Hippowdon
|-supereffective|p1a: Hippowdon
|-damage|p1a: Hippowdon|22/100
|
|-weather|Sandstorm|[upkeep]
|-damage|p2a: Slowking|64/100|[from] Sandstorm
|upkeep
|turn|121
|
|t:|1668051357
|switch|p2a: Ninetales|Ninetales-Alola, M|80/100
|-damage|p2a: Ninetales|56/100|[from] Stealth Rock
|-weather|Hail|[from] ability: Snow Warning|[of] p2a: Ninetales
|move|p1a: Hippowdon|Earthquake|p2a: Ninetales
|-crit|p2a: Ninetales
|-damage|p2a: Ninetales|0 fnt
|faint|p2a: Ninetales
|
|-weather|Hail|[upkeep]
|-damage|p1a: Hippowdon|16/100|[from] Hail
|upkeep
|l| Mimikyu VG7
|inactive|Quizziii has 120 seconds left.
|
|t:|1668051389
|switch|p2a: LeBron|Weavile, F|100/100
|-damage|p2a: LeBron|76/100|[from] Stealth Rock
|-ability|p2a: LeBron|Pressure
|turn|122
|
|t:|1668051397
|switch|p1a: Buzzwole|Buzzwole|100/100
|move|p2a: LeBron|Triple Axel|p1a: Buzzwole
|-damage|p1a: Buzzwole|93/100
|-damage|p2a: LeBron|59/100|[from] item: Rocky Helmet|[of] p1a: Buzzwole
|-damage|p1a: Buzzwole|78/100
|-damage|p2a: LeBron|43/100|[from] item: Rocky Helmet|[of] p1a: Buzzwole
|-damage|p1a: Buzzwole|57/100
|-damage|p2a: LeBron|26/100|[from] item: Rocky Helmet|[of] p1a: Buzzwole
|-hitcount|p1a: Buzzwole|3
|
|-weather|Hail|[upkeep]
|-damage|p1a: Buzzwole|51/100|[from] Hail
|upkeep
|turn|123
|
|t:|1668051403
|move|p2a: LeBron|Triple Axel|p1a: Buzzwole
|-damage|p1a: Buzzwole|44/100
|-damage|p2a: LeBron|10/100|[from] item: Rocky Helmet|[of] p1a: Buzzwole
|-damage|p1a: Buzzwole|29/100
|-damage|p2a: LeBron|0 fnt|[from] item: Rocky Helmet|[of] p1a: Buzzwole
|faint|p2a: LeBron
|-hitcount|p1a: Buzzwole|2
|move|p1a: Buzzwole|Roost|p1a: Buzzwole
|-heal|p1a: Buzzwole|79/100
|-singleturn|p1a: Buzzwole|move: Roost
|
|-weather|Hail|[upkeep]
|-damage|p1a: Buzzwole|73/100|[from] Hail
|upkeep
|
|t:|1668051407
|switch|p2a: Moltres|Moltres-Galar|100/100
|turn|124
|
|t:|1668051410
|move|p2a: Moltres|Agility|p2a: Moltres
|-boost|p2a: Moltres|spe|2
|move|p1a: Buzzwole|Toxic|p2a: Moltres
|-status|p2a: Moltres|tox
|
|-weather|Hail|[upkeep]
|-damage|p2a: Moltres|94/100 tox|[from] Hail
|-damage|p1a: Buzzwole|67/100|[from] Hail
|-damage|p2a: Moltres|88/100 tox|[from] psn
|upkeep
|turn|125
|
|t:|1668051414
|switch|p1a: Clefable|Clefable, F|68/100
|move|p2a: Moltres|Nasty Plot|p2a: Moltres
|-boost|p2a: Moltres|spa|2
|
|-weather|none
|-damage|p2a: Moltres|76/100 tox|[from] psn
|upkeep
|turn|126
|j| Her Loss SZN
|
|t:|1668051419
|move|p2a: Moltres|Hurricane|p1a: Clefable
|-damage|p1a: Clefable|0 fnt
|faint|p1a: Clefable
|
|-damage|p2a: Moltres|57/100 tox|[from] psn
|upkeep
|
|t:|1668051441
|switch|p1a: Weavile|Weavile, M|100/100
|-ability|p1a: Weavile|Pressure
|turn|127
|
|t:|1668051445
|move|p1a: Weavile|Triple Axel|p2a: Moltres
|-supereffective|p2a: Moltres
|-damage|p2a: Moltres|31/100 tox
|-supereffective|p2a: Moltres
|-damage|p2a: Moltres|0 fnt
|faint|p2a: Moltres
|-hitcount|p2: Moltres|2
|
|upkeep
|
|t:|1668051451
|switch|p2a: Melmetal|Melmetal|100/100
|-damage|p2a: Melmetal|94/100|[from] Stealth Rock
|turn|128
|
|t:|1668051455
|switch|p1a: Zapdos|Zapdos|85/100
|move|p2a: Melmetal|Toxic|p1a: Zapdos
|-status|p1a: Zapdos|tox
|
|-heal|p2a: Melmetal|100/100|[from] item: Leftovers
|-damage|p1a: Zapdos|79/100 tox|[from] psn
|upkeep
|turn|129
|
|t:|1668051461
|switch|p1a: Landorus|Landorus-Therian, M|45/100 tox
|-ability|p1a: Landorus|Intimidate|boost
|-unboost|p2a: Melmetal|atk|1
|switch|p2a: Blissey|Blissey, F|91/100
|
|-heal|p1a: Landorus|51/100 tox|[from] item: Leftovers
|-damage|p1a: Landorus|45/100 tox|[from] psn
|upkeep
|turn|130
|
|t:|1668051464
|move|p1a: Landorus|Earthquake|p2a: Blissey
|-damage|p2a: Blissey|46/100
|move|p2a: Blissey|Wish|p2a: Blissey
|
|-heal|p1a: Landorus|51/100 tox|[from] item: Leftovers
|-damage|p1a: Landorus|39/100 tox|[from] psn
|upkeep
|turn|131
|
|t:|1668051474
|move|p1a: Landorus|Earthquake|p2a: Blissey
|-damage|p2a: Blissey|0 fnt
|faint|p2a: Blissey
|
|-heal|p1a: Landorus|45/100 tox|[from] item: Leftovers
|-damage|p1a: Landorus|27/100 tox|[from] psn
|upkeep
|
|t:|1668051480
|switch|p2a: Krookodile|Krookodile, M|100/100
|-damage|p2a: Krookodile|94/100|[from] Stealth Rock
|turn|132
|
|t:|1668051487
|switch|p1a: Mandibuzz|Mandibuzz, F|100/100
|move|p2a: Krookodile|Knock Off|p1a: Mandibuzz
|-resisted|p1a: Mandibuzz
|-damage|p1a: Mandibuzz|88/100
|-enditem|p1a: Mandibuzz|Heavy-Duty Boots|[from] move: Knock Off|[of] p2a: Krookodile
|
|upkeep
|turn|133
|
|t:|1668051496
|switch|p2a: Slowking|Slowking-Galar, F|97/100
|-damage|p2a: Slowking|85/100|[from] Stealth Rock
|move|p1a: Mandibuzz|U-turn|p2a: Slowking
|-crit|p2a: Slowking
|-damage|p2a: Slowking|68/100
|
|t:|1668051502
|switch|p1a: Urshifu|Urshifu-Rapid-Strike, F|94/100|[from]move: U-turn
|
|upkeep
|turn|134
|c|☆kazt 5|this should be gg I think
|
|t:|1668051510
|switch|p2a: Buzzwole|Buzzwole|100/100 par
|-damage|p2a: Buzzwole|88/100 par|[from] Stealth Rock
|move|p1a: Urshifu|Surging Strikes|p2a: Buzzwole
|-crit|p2a: Buzzwole
|-damage|p2a: Buzzwole|73/100 par
|-crit|p2a: Buzzwole
|-damage|p2a: Buzzwole|58/100 par
|-crit|p2a: Buzzwole
|-damage|p2a: Buzzwole|44/100 par
|-hitcount|p2a: Buzzwole|3
|
|upkeep
|turn|135
|
|t:|1668051517
|move|p1a: Urshifu|Surging Strikes|p2a: Buzzwole
|-crit|p2a: Buzzwole
|-damage|p2a: Buzzwole|31/100 par
|-crit|p2a: Buzzwole
|-damage|p2a: Buzzwole|17/100 par
|-crit|p2a: Buzzwole
|-damage|p2a: Buzzwole|2/100 par
|-hitcount|p2a: Buzzwole|3
|move|p2a: Buzzwole|Roost|p2a: Buzzwole
|-heal|p2a: Buzzwole|52/100 par
|-singleturn|p2a: Buzzwole|move: Roost
|
|upkeep
|turn|136
|
|t:|1668051520
|move|p1a: Urshifu|Surging Strikes|p2a: Buzzwole
|-crit|p2a: Buzzwole
|-damage|p2a: Buzzwole|39/100 par
|-crit|p2a: Buzzwole
|-damage|p2a: Buzzwole|25/100 par
|-crit|p2a: Buzzwole
|-damage|p2a: Buzzwole|11/100 par
|-hitcount|p2a: Buzzwole|3
|cant|p2a: Buzzwole|par
|
|upkeep
|turn|137
|
|t:|1668051524
|move|p1a: Urshifu|Surging Strikes|p2a: Buzzwole
|-crit|p2a: Buzzwole
|-damage|p2a: Buzzwole|0 fnt
|faint|p2a: Buzzwole
|-hitcount|p2: Buzzwole|1
|
|upkeep
|
|t:|1668051535
|switch|p2a: Regieleki|Regieleki|82/100
|turn|138
|
|t:|1668051545
|switch|p1a: Dragapult|Dragapult, F|71/100 tox
|move|p2a: Regieleki|Rapid Spin|p1a: Dragapult
|-immune|p1a: Dragapult
|
|-damage|p1a: Dragapult|65/100 tox|[from] psn
|upkeep
|turn|139
|
|t:|1668051549
|move|p2a: Regieleki|Thunderbolt|p1a: Dragapult
|-resisted|p1a: Dragapult
|-damage|p1a: Dragapult|21/100 tox
|move|p1a: Dragapult|Draco Meteor|p2a: Regieleki
|-damage|p2a: Regieleki|0 fnt
|-unboost|p1a: Dragapult|spa|2
|faint|p2a: Regieleki
|
|-damage|p1a: Dragapult|9/100 tox|[from] psn
|upkeep
|
|t:|1668051553
|switch|p2a: crimsonbacon38|Conkeldurr, F|94/100 brn
|-damage|p2a: crimsonbacon38|88/100 brn|[from] Stealth Rock
|turn|140
|
|t:|1668051555
|move|p1a: Dragapult|Draco Meteor|p2a: crimsonbacon38
|-damage|p2a: crimsonbacon38|36/100 brn
|-unboost|p1a: Dragapult|spa|2
|move|p2a: crimsonbacon38|Bulk Up|p2a: crimsonbacon38
|-boost|p2a: crimsonbacon38|atk|1
|-boost|p2a: crimsonbacon38|def|1
|
|-damage|p1a: Dragapult|0 fnt|[from] psn
|faint|p1a: Dragapult
|-damage|p2a: crimsonbacon38|30/100 brn|[from] brn
|upkeep
|j| UpsideDownPants
|c|☆Quizziii|gg bro
|
|t:|1668051567
|switch|p1a: Zapdos|Zapdos|79/100 tox
|turn|141
|
|t:|1668051570
|move|p1a: Zapdos|Discharge|p2a: crimsonbacon38
|-damage|p2a: crimsonbacon38|0 fnt
|faint|p2a: crimsonbacon38
|
|-damage|p1a: Zapdos|73/100 tox|[from] psn
|upkeep
|c|☆kazt 5|gg
|j| ShiddoModeNoob
|
|t:|1668051573
|switch|p2a: Bronny|Sneasel, F|100/100
|-damage|p2a: Bronny|76/100|[from] Stealth Rock
|turn|142
|c|☆kazt 5|good battle
|c| jaylot|gg
|c| jaylot|wp by boyh
|c|☆kazt 5|oh this guy was always here lol
|c| jaylot|both
|
|t:|1668051586
|move|p2a: Bronny|Triple Axel|p1a: Zapdos
|-supereffective|p1a: Zapdos
|-damage|p1a: Zapdos|55/100 tox
|-supereffective|p1a: Zapdos
|-damage|p1a: Zapdos|20/100 tox
|-supereffective|p1a: Zapdos
|-damage|p1a: Zapdos|0 fnt
|faint|p1a: Zapdos
|-hitcount|p1: Zapdos|3
|
|upkeep
|
|t:|1668051590
|switch|p1a: Buzzwole|Buzzwole|67/100
|turn|143
|
|t:|1668051592
|move|p2a: Bronny|Triple Axel|p1a: Buzzwole
|-damage|p1a: Buzzwole|61/100
|-damage|p2a: Bronny|59/100|[from] item: Rocky Helmet|[of] p1a: Buzzwole
|-damage|p1a: Buzzwole|48/100
|-damage|p2a: Bronny|43/100|[from] item: Rocky Helmet|[of] p1a: Buzzwole
|-damage|p1a: Buzzwole|27/100
|-damage|p2a: Bronny|27/100|[from] item: Rocky Helmet|[of] p1a: Buzzwole
|-hitcount|p1a: Buzzwole|3
|move|p1a: Buzzwole|Close Combat|p2a: Bronny
|-supereffective|p2a: Bronny
|-damage|p2a: Bronny|0 fnt
|-unboost|p1a: Buzzwole|def|1
|-unboost|p1a: Buzzwole|spd|1
|faint|p2a: Bronny
|-ability|p1a: Buzzwole|Beast Boost|boost
|-boost|p1a: Buzzwole|def|1
|
|upkeep
|
|t:|1668051597
|switch|p2a: Slowking|Slowking-Galar, F|100/100
|-damage|p2a: Slowking|88/100|[from] Stealth Rock
|turn|144
|c| jaylot|24 v 24 is the best format
|j| Mimikyu VG7
|c| jaylot|but no one plays
|-message|Quizziii forfeited.
|
|win|kazt 5
|n|☆kazt 5|kazt5
|n|☆Quizziii|quizziii
|n| lowelofunn|lowelofunn
|n| jaylot|jaylot
|n| Highv0ltag3|highv0ltag3
|n| htcl|htcl
|n| SetsuStsna|setsustsna
|n| Her Loss SZN|herlossszn
|n| UpsideDownPants|upsidedownpants
|n| ShiddoModeNoob|shiddomodenoob
|n| Mimikyu VG7|mimikyuvg7
|l|☆Quizziii
|c| jaylot|so i gotta watch while i can
