|j|☆galarian dragapult
|j|☆Adel19
|t:|1664012631
|gametype|singles
|player|p1|galarian dragapult|zinzolin|1831
|player|p2|Adel19|265|1785
|teamsize|p1|6
|teamsize|p2|6
|gen|8
|tier|[Gen 8] OU
|rated|
|rule|Sleep Clause Mod: Limit one foe put to sleep
|rule|Species Clause: Limit one of each Pokémon
|rule|OHKO Clause: OHKO moves are banned
|rule|Evasion Items Clause: Evasion items are banned
|rule|Evasion Moves Clause: Evasion moves are banned
|rule|Endless Battle Clause: Forcing endless battles is banned
|rule|HP Percentage Mod: HP is shown in percentages
|rule|Dynamax Clause: You cannot dynamax
|clearpoke
|poke|p1|Landorus-Therian, M|
|poke|p1|Magnezone|
|poke|p1|Buzzwole|
|poke|p1|Tyranitar, F|
|poke|p1|Tapu Lele|
|poke|p1|Toxapex, M|
|poke|p2|Landorus-Therian, M|
|poke|p2|Zeraora|
|poke|p2|Tapu Fini|
|poke|p2|Zapdos|
|poke|p2|Blissey, F|
|poke|p2|Tapu Lele|
|teampreview
|j| YN978
|
|t:|1664012640
|start
|switch|p1a: Toxapex|Toxapex, M, shiny|100/100
|switch|p2a: Landorus|Landorus-Therian, M|100/100
|-ability|p2a: Landorus|Intimidate|boost
|-unboost|p1a: Toxapex|atk|1
|turn|1
|
|t:|1664012644
|move|p2a: Landorus|Substitute|p2a: Landorus
|-start|p2a: Landorus|Substitute
|-damage|p2a: Landorus|76/100
|move|p1a: Toxapex|Toxic||[still]
|-fail|p1a: Toxapex
|
|upkeep
|turn|2
|l| YN978
|
|t:|1664012651
|switch|p1a: Buzzwole|Buzzwole|100/100
|move|p2a: Landorus|Swords Dance|p2a: Landorus
|-boost|p2a: Landorus|atk|2
|
|upkeep
|turn|3
|j| ghvjhjvbkkjg
|
|t:|1664012655
|move|p1a: Buzzwole|Ice Punch|p2a: Landorus
|-supereffective|p2a: Landorus
|-end|p2a: Landorus|Substitute
|move|p2a: Landorus|Stone Edge|p1a: Buzzwole
|-damage|p1a: Buzzwole|40/100
|
|upkeep
|turn|4
|inactive|Battle timer is ON: inactive players will automatically lose when time's up. (requested by galarian dragapult)
|
|t:|1664012663
|switch|p1a: Toxapex|Toxapex, M, shiny|100/100
|switch|p2a: Tapu Fini|Tapu Fini|100/100
|-fieldstart|move: Misty Terrain|[from] ability: Misty Surge|[of] p2a: Tapu Fini
|
|upkeep
|turn|5
|
|t:|1664012669
|move|p2a: Tapu Fini|Calm Mind|p2a: Tapu Fini
|-boost|p2a: Tapu Fini|spa|1
|-boost|p2a: Tapu Fini|spd|1
|move|p1a: Toxapex|Knock Off|p2a: Tapu Fini
|-resisted|p2a: Tapu Fini
|-damage|p2a: Tapu Fini|95/100
|-enditem|p2a: Tapu Fini|Leftovers|[from] move: Knock Off|[of] p1a: Toxapex
|
|upkeep
|turn|6
|
|t:|1664012672
|switch|p1a: Tapu Lele|Tapu Lele|100/100
|-fieldstart|move: Psychic Terrain|[from] ability: Psychic Surge|[of] p1a: Tapu Lele
|move|p2a: Tapu Fini|Taunt|p1a: Tapu Lele
|-start|p1a: Tapu Lele|move: Taunt
|
|upkeep
|turn|7
|
|t:|1664012679
|move|p1a: Tapu Lele|Psyshock|p2a: Tapu Fini
|-damage|p2a: Tapu Fini|37/100
|move|p2a: Tapu Fini|Moonblast|p1a: Tapu Lele
|-damage|p1a: Tapu Lele|44/100
|-unboost|p1a: Tapu Lele|spa|1
|
|upkeep
|turn|8
|j| Raquitiraquiti
|
|t:|1664012695
|switch|p2a: Tapu Lele|Tapu Lele|100/100
|move|p1a: Tapu Lele|Psyshock|p2a: Tapu Lele
|-resisted|p2a: Tapu Lele
|-damage|p2a: Tapu Lele|55/100
|
|-end|p1a: Tapu Lele|move: Taunt
|upkeep
|turn|9
|
|t:|1664012704
|switch|p1a: Magnezone|Magnezone|100/100
|move|p2a: Tapu Lele|Psychic|p1a: Magnezone
|-resisted|p1a: Magnezone
|-damage|p1a: Magnezone|46/100
|
|-heal|p1a: Magnezone|52/100|[from] item: Leftovers
|upkeep
|turn|10
|
|t:|1664012713
|switch|p1a: Tyranitar|Tyranitar, F|100/100
|-weather|Sandstorm|[from] ability: Sand Stream|[of] p1a: Tyranitar
|move|p2a: Tapu Lele|Psychic|p1a: Tyranitar
|-immune|p1a: Tyranitar
|
|-weather|Sandstorm|[upkeep]
|-damage|p2a: Tapu Lele|49/100|[from] Sandstorm
|-fieldend|move: Psychic Terrain
|upkeep
|turn|11
|
|t:|1664012718
|switch|p2a: Tapu Fini|Tapu Fini|37/100
|-fieldstart|move: Misty Terrain|[from] ability: Misty Surge|[of] p2a: Tapu Fini
|move|p1a: Tyranitar|Stealth Rock|p2a: Tapu Fini
|-sidestart|p2: Adel19|move: Stealth Rock
|
|-weather|Sandstorm|[upkeep]
|-damage|p2a: Tapu Fini|31/100|[from] Sandstorm
|upkeep
|turn|12
|
|t:|1664012729
|switch|p1a: Toxapex|Toxapex, M, shiny|100/100
|move|p2a: Tapu Fini|Moonblast|p1a: Toxapex
|-resisted|p1a: Toxapex
|-damage|p1a: Toxapex|86/100
|-unboost|p1a: Toxapex|spa|1
|
|-weather|Sandstorm|[upkeep]
|-damage|p2a: Tapu Fini|25/100|[from] Sandstorm
|-damage|p1a: Toxapex|79/100|[from] Sandstorm
|upkeep
|turn|13
|
|t:|1664012738
|move|p2a: Tapu Fini|Calm Mind|p2a: Tapu Fini
|-boost|p2a: Tapu Fini|spa|1
|-boost|p2a: Tapu Fini|spd|1
|move|p1a: Toxapex|Knock Off|p2a: Tapu Fini
|-resisted|p2a: Tapu Fini
|-damage|p2a: Tapu Fini|21/100
|
|-weather|Sandstorm|[upkeep]
|-damage|p2a: Tapu Fini|15/100|[from] Sandstorm
|-damage|p1a: Toxapex|73/100|[from] Sandstorm
|upkeep
|turn|14
|
|t:|1664012740
|move|p2a: Tapu Fini|Moonblast|p1a: Toxapex
|-resisted|p1a: Toxapex
|-damage|p1a: Toxapex|52/100
|move|p1a: Toxapex|Knock Off|p2a: Tapu Fini
|-resisted|p2a: Tapu Fini
|-damage|p2a: Tapu Fini|12/100
|
|-weather|none
|upkeep
|turn|15
|
|t:|1664012745
|move|p2a: Tapu Fini|Moonblast|p1a: Toxapex
|-resisted|p1a: Toxapex
|-damage|p1a: Toxapex|31/100
|move|p1a: Toxapex|Recover|p1a: Toxapex
|-heal|p1a: Toxapex|81/100
|
|-fieldend|Misty Terrain
|upkeep
|turn|16
|
|t:|1664012751
|move|p2a: Tapu Fini|Taunt|p1a: Toxapex
|-start|p1a: Toxapex|move: Taunt
|move|p1a: Toxapex|Knock Off|p2a: Tapu Fini
|-resisted|p2a: Tapu Fini
|-damage|p2a: Tapu Fini|8/100
|
|upkeep
|turn|17
|
|t:|1664012753
|move|p2a: Tapu Fini|Moonblast|p1a: Toxapex
|-resisted|p1a: Toxapex
|-damage|p1a: Toxapex|58/100
|move|p1a: Toxapex|Knock Off|p2a: Tapu Fini
|-resisted|p2a: Tapu Fini
|-damage|p2a: Tapu Fini|5/100
|
|upkeep
|turn|18
|
|t:|1664012755
|move|p2a: Tapu Fini|Moonblast|p1a: Toxapex
|-resisted|p1a: Toxapex
|-damage|p1a: Toxapex|36/100
|move|p1a: Toxapex|Knock Off|p2a: Tapu Fini
|-resisted|p2a: Tapu Fini
|-damage|p2a: Tapu Fini|1/100
|
|-end|p1a: Toxapex|move: Taunt
|upkeep
|turn|19
|
|t:|1664012759
|move|p2a: Tapu Fini|Moonblast|p1a: Toxapex
|-resisted|p1a: Toxapex
|-damage|p1a: Toxapex|13/100
|move|p1a: Toxapex|Knock Off|p2a: Tapu Fini
|-resisted|p2a: Tapu Fini
|-damage|p2a: Tapu Fini|0 fnt
|faint|p2a: Tapu Fini
|
|upkeep
|
|t:|1664012763
|switch|p2a: Tapu Lele|Tapu Lele|49/100
|-damage|p2a: Tapu Lele|36/100|[from] Stealth Rock
|-fieldstart|move: Psychic Terrain|[from] ability: Psychic Surge|[of] p2a: Tapu Lele
|turn|20
|
|t:|1664012767
|move|p2a: Tapu Lele|Moonblast|p1a: Toxapex
|-resisted|p1a: Toxapex
|-damage|p1a: Toxapex|0 fnt
|faint|p1a: Toxapex
|
|upkeep
|
|t:|1664012777
|switch|p1a: Buzzwole|Buzzwole|40/100
|turn|21
|
|t:|1664012785
|switch|p2a: Zapdos|Zapdos|100/100
|move|p1a: Buzzwole|Leech Life|p2a: Zapdos
|-resisted|p2a: Zapdos
|-damage|p2a: Zapdos|85/100
|-heal|p1a: Buzzwole|49/100|[from] drain|[of] p2a: Zapdos
|-status|p1a: Buzzwole|par|[from] ability: Static|[of] p2a: Zapdos
|
|upkeep
|turn|22
|j| HEATR FAJITR
|
|t:|1664012797
|switch|p1a: Tyranitar|Tyranitar, F|100/100
|-weather|Sandstorm|[from] ability: Sand Stream|[of] p1a: Tyranitar
|move|p2a: Zapdos|Volt Switch|p1a: Tyranitar
|-damage|p1a: Tyranitar|87/100
|
|t:|1664012802
|switch|p2a: Tapu Lele|Tapu Lele|36/100|[from]move: Volt Switch
|-damage|p2a: Tapu Lele|24/100|[from] Stealth Rock
|
|-weather|Sandstorm|[upkeep]
|-damage|p2a: Tapu Lele|18/100|[from] Sandstorm
|-heal|p1a: Tyranitar|93/100|[from] item: Leftovers
|upkeep
|turn|23
|
|t:|1664012806
|move|p2a: Tapu Lele|Moonblast|p1a: Tyranitar
|-supereffective|p1a: Tyranitar
|-damage|p1a: Tyranitar|31/100
|move|p1a: Tyranitar|Earthquake|p2a: Tapu Lele
|-damage|p2a: Tapu Lele|0 fnt
|faint|p2a: Tapu Lele
|
|-weather|Sandstorm|[upkeep]
|-heal|p1a: Tyranitar|37/100|[from] item: Leftovers
|upkeep
|
|t:|1664012813
|switch|p2a: Landorus|Landorus-Therian, M|76/100
|-damage|p2a: Landorus|64/100|[from] Stealth Rock
|-ability|p2a: Landorus|Intimidate|boost
|-unboost|p1a: Tyranitar|atk|1
|turn|24
|l| HEATR FAJITR
|
|t:|1664012821
|move|p2a: Landorus|Substitute|p2a: Landorus
|-start|p2a: Landorus|Substitute
|-damage|p2a: Landorus|39/100
|move|p1a: Tyranitar|Rock Blast|p2a: Landorus
|-activate|p2a: Landorus|move: Substitute|[damage]
|-activate|p2a: Landorus|move: Substitute|[damage]
|-end|p2a: Landorus|Substitute
|-damage|p2a: Landorus|30/100
|-damage|p2a: Landorus|21/100
|-hitcount|p2a: Landorus|5
|
|-weather|Sandstorm|[upkeep]
|-heal|p1a: Tyranitar|43/100|[from] item: Leftovers
|-fieldend|move: Psychic Terrain
|upkeep
|turn|25
|
|t:|1664012830
|move|p2a: Landorus|Earthquake|p1a: Tyranitar
|-supereffective|p1a: Tyranitar
|-damage|p1a: Tyranitar|0 fnt
|faint|p1a: Tyranitar
|
|-weather|Sandstorm|[upkeep]
|upkeep
|
|t:|1664012831
|switch|p1a: Tapu Lele|Tapu Lele|44/100
|-fieldstart|move: Psychic Terrain|[from] ability: Psychic Surge|[of] p1a: Tapu Lele
|turn|26
|j| tansincos
|
|t:|1664012851
|move|p1a: Tapu Lele|Psyshock|p2a: Landorus
|-damage|p2a: Landorus|0 fnt
|faint|p2a: Landorus
|
|-weather|none
|upkeep
|
|t:|1664012852
|switch|p2a: Zapdos|Zapdos|85/100
|turn|27
|
|t:|1664012860
|move|p1a: Tapu Lele|Psyshock|p2a: Zapdos
|-damage|p2a: Zapdos|22/100
|move|p2a: Zapdos|Roost|p2a: Zapdos
|-heal|p2a: Zapdos|72/100
|-singleturn|p2a: Zapdos|move: Roost
|
|upkeep
|turn|28
|l| tansincos
|
|t:|1664012870
|move|p1a: Tapu Lele|Psyshock|p2a: Zapdos
|-damage|p2a: Zapdos|11/100
|move|p2a: Zapdos|Roost|p2a: Zapdos
|-heal|p2a: Zapdos|61/100
|-singleturn|p2a: Zapdos|move: Roost
|
|upkeep
|turn|29
|
|t:|1664012883
|move|p1a: Tapu Lele|Psyshock|p2a: Zapdos
|-crit|p2a: Zapdos
|-damage|p2a: Zapdos|0 fnt
|faint|p2a: Zapdos
|
|upkeep
|
|t:|1664012886
|switch|p2a: Blissey|Blissey, F|100/100
|turn|30
|
|t:|1664012895
|switch|p1a: Magnezone|Magnezone|52/100
|move|p2a: Blissey|Stealth Rock|p1a: Magnezone
|-sidestart|p1: galarian dragapult|move: Stealth Rock
|
|-heal|p1a: Magnezone|58/100|[from] item: Leftovers
|-fieldend|move: Psychic Terrain
|upkeep
|turn|31
|
|t:|1664012899
|move|p1a: Magnezone|Iron Defense|p1a: Magnezone
|-boost|p1a: Magnezone|def|2
|move|p2a: Blissey|Seismic Toss|p1a: Magnezone
|-damage|p1a: Magnezone|27/100
|
|-heal|p1a: Magnezone|33/100|[from] item: Leftovers
|upkeep
|turn|32
|
|t:|1664012904
|move|p1a: Magnezone|Body Press|p2a: Blissey
|-supereffective|p2a: Blissey
|-damage|p2a: Blissey|0 fnt
|faint|p2a: Blissey
|
|-heal|p1a: Magnezone|40/100|[from] item: Leftovers
|upkeep
|-message|Adel19 forfeited.
|
|win|galarian dragapult
|raw|galarian dragapult's rating: 1831 &rarr; <strong>1848</strong><br />(+17 for winning)
|raw|Adel19's rating: 1785 &rarr; <strong>1768</strong><br />(-17 for losing)
|l|☆Adel19
|l|☆galarian dragapult
|l| Raquitiraquiti
