|j|☆Almighty Sa'
|j|☆roboPOKE
|t:|1664124973
|gametype|singles
|player|p1|Almighty Sa'|tabitha-gen3|1578
|player|p2|roboPOKE|1|1595
|teamsize|p1|6
|teamsize|p2|6
|gen|8
|tier|[Gen 8] OU
|rated|
|rule|Sleep Clause Mod: Limit one foe put to sleep
|rule|Species Clause: Limit one of each Pokémon
|rule|OHKO Clause: OHKO moves are banned
|rule|Evasion Items Clause: Evasion items are banned
|rule|Evasion Moves Clause: Evasion moves are banned
|rule|Endless Battle Clause: Forcing endless battles is banned
|rule|HP Percentage Mod: HP is shown in percentages
|rule|Dynamax Clause: You cannot dynamax
|clearpoke
|poke|p1|Zeraora|
|poke|p1|Weavile, M|
|poke|p1|Slowbro, F|
|poke|p1|Heatran, M|
|poke|p1|Tornadus-Therian, M|
|poke|p1|Tapu Bulu|
|poke|p2|Toxapex, F|
|poke|p2|Garchomp, M|
|poke|p2|Moltres-Galar|
|poke|p2|Clefable, M|
|poke|p2|Kartana|
|poke|p2|Heatran, M|
|teampreview
|c|☆roboPOKE|superadmin
|c|☆Almighty Sa'|pokeROBO
|inactive|Battle timer is ON: inactive players will automatically lose when time's up. (requested by roboPOKE)
|
|t:|1664125001
|start
|switch|p1a: Arcbeetle|Heatran, M|100/100
|switch|p2a: Heatran|Heatran, M|100/100
|turn|1
|
|t:|1664125004
|switch|p2a: Garchomp|Garchomp, M|100/100
|move|p1a: Arcbeetle|Earth Power|p2a: Garchomp
|-damage|p2a: Garchomp|77/100
|
|-heal|p2a: Garchomp|83/100|[from] item: Leftovers
|upkeep
|turn|2
|
|t:|1664125007
|switch|p1a: Mega Emperor|Tornadus-Therian, M|100/100
|move|p2a: Garchomp|Earthquake|p1a: Mega Emperor
|-immune|p1a: Mega Emperor
|
|-heal|p2a: Garchomp|89/100|[from] item: Leftovers
|upkeep
|turn|3
|
|t:|1664125011
|move|p1a: Mega Emperor|Icy Wind|p2a: Garchomp
|-supereffective|p2a: Garchomp
|-damage|p2a: Garchomp|22/100
|-unboost|p2a: Garchomp|spe|1
|move|p2a: Garchomp|Toxic|p1a: Mega Emperor
|-status|p1a: Mega Emperor|tox
|
|-heal|p2a: Garchomp|29/100|[from] item: Leftovers
|-damage|p1a: Mega Emperor|94/100 tox|[from] psn
|upkeep
|turn|4
|
|t:|1664125016
|switch|p1a: Arcbeetle|Heatran, M|100/100
|move|p2a: Garchomp|Protect||[still]
|-fail|p2a: Garchomp
|
|-heal|p2a: Garchomp|35/100|[from] item: Leftovers
|upkeep
|turn|5
|
|t:|1664125037
|switch|p1a: Pink Bean|Slowbro, F|100/100
|move|p2a: Garchomp|Stealth Rock|p1a: Pink Bean
|-sidestart|p1: Almighty Sa'|move: Stealth Rock
|
|-heal|p2a: Garchomp|41/100|[from] item: Leftovers
|upkeep
|turn|6
|
|t:|1664125040
|move|p2a: Garchomp|Protect|p2a: Garchomp
|-singleturn|p2a: Garchomp|Protect
|move|p1a: Pink Bean|Future Sight|p2a: Garchomp
|-start|p1a: Pink Bean|move: Future Sight
|
|-heal|p2a: Garchomp|47/100|[from] item: Leftovers
|upkeep
|turn|7
|
|t:|1664125045
|switch|p2a: Moltres|Moltres-Galar|100/100
|switch|p1a: Mega Emperor|Tornadus-Therian, M|100/100 tox
|
|-damage|p1a: Mega Emperor|94/100 tox|[from] psn
|upkeep
|turn|8
|
|t:|1664125056
|move|p1a: Mega Emperor|Defog|p2a: Moltres
|-unboost|p2a: Moltres|evasion|1
|-sideend|p1: Almighty Sa'|Stealth Rock|[from] move: Defog|[of] p1a: Mega Emperor
|move|p2a: Moltres|Fiery Wrath|p1a: Mega Emperor
|-damage|p1a: Mega Emperor|11/100 tox
|
|-end|p2a: Moltres|move: Future Sight
|-immune|p2a: Moltres
|-damage|p1a: Mega Emperor|0 fnt|[from] psn
|faint|p1a: Mega Emperor
|upkeep
|
|t:|1664125066
|switch|p1a: Rokusho|Weavile, M|100/100
|-ability|p1a: Rokusho|Pressure
|turn|9
|
|t:|1664125070
|switch|p2a: Clefable|Clefable, M|100/100
|move|p1a: Rokusho|Swords Dance|p1a: Rokusho
|-boost|p1a: Rokusho|atk|2
|
|upkeep
|turn|10
|
|t:|1664125073
|move|p1a: Rokusho|Icicle Crash|p2a: Clefable
|-damage|p2a: Clefable|0 fnt
|faint|p2a: Clefable
|-damage|p1a: Rokusho|91/100|[from] item: Life Orb
|
|upkeep
|
|t:|1664125075
|switch|p2a: Kartana|Kartana|100/100
|turn|11
|
|t:|1664125079
|switch|p1a: Arcbeetle|Heatran, M|100/100
|move|p2a: Kartana|Smart Strike|p1a: Arcbeetle
|-resisted|p1a: Arcbeetle
|-damage|p1a: Arcbeetle|90/100
|-status|p2a: Kartana|brn|[from] ability: Flame Body|[of] p1a: Arcbeetle
|
|-heal|p1a: Arcbeetle|96/100|[from] item: Leftovers
|-damage|p2a: Kartana|94/100 brn|[from] brn
|upkeep
|turn|12
|
|t:|1664125093
|move|p2a: Kartana|Smart Strike|p1a: Arcbeetle
|-resisted|p1a: Arcbeetle
|-damage|p1a: Arcbeetle|92/100
|move|p1a: Arcbeetle|Magma Storm|p2a: Kartana
|-supereffective|p2a: Kartana
|-damage|p2a: Kartana|0 fnt
|faint|p2a: Kartana
|
|-heal|p1a: Arcbeetle|98/100|[from] item: Leftovers
|upkeep
|
|t:|1664125095
|switch|p2a: Garchomp|Garchomp, M|47/100
|turn|13
|
|t:|1664125098
|switch|p1a: Pink Bean|Slowbro, F|100/100
|move|p2a: Garchomp|Earthquake|p1a: Pink Bean
|-damage|p1a: Pink Bean|73/100
|
|-heal|p2a: Garchomp|53/100|[from] item: Leftovers
|upkeep
|turn|14
|
|t:|1664125102
|move|p2a: Garchomp|Toxic|p1a: Pink Bean
|-status|p1a: Pink Bean|tox
|move|p1a: Pink Bean|Future Sight|p2a: Garchomp
|-start|p1a: Pink Bean|move: Future Sight
|
|-heal|p2a: Garchomp|60/100|[from] item: Leftovers
|-damage|p1a: Pink Bean|67/100 tox|[from] psn
|upkeep
|turn|15
|
|t:|1664125108
|switch|p2a: Heatran|Heatran, M|100/100
|switch|p1a: Rokusho|Weavile, M|91/100
|-ability|p1a: Rokusho|Pressure
|
|upkeep
|turn|16
|
|t:|1664125117
|switch|p1a: Pink Bean|Slowbro, F|99/100 tox
|move|p2a: Heatran|Magma Storm|p1a: Pink Bean
|-resisted|p1a: Pink Bean
|-damage|p1a: Pink Bean|77/100 tox
|-activate|p1a: Pink Bean|move: Magma Storm|[of] p2a: Heatran
|
|-end|p2a: Heatran|move: Future Sight
|-resisted|p2a: Heatran
|-damage|p2a: Heatran|87/100
|-heal|p2a: Heatran|94/100|[from] item: Leftovers
|-damage|p1a: Pink Bean|71/100 tox|[from] psn
|-damage|p1a: Pink Bean|59/100 tox|[from] move: Magma Storm|[partiallytrapped]
|upkeep
|turn|17
|
|t:|1664125120
|move|p2a: Heatran|Taunt|p1a: Pink Bean
|-start|p1a: Pink Bean|move: Taunt
|move|p1a: Pink Bean|Body Press|p2a: Heatran
|-supereffective|p2a: Heatran
|-damage|p2a: Heatran|46/100
|
|-heal|p2a: Heatran|52/100|[from] item: Leftovers
|-damage|p1a: Pink Bean|46/100 tox|[from] psn
|-damage|p1a: Pink Bean|34/100 tox|[from] move: Magma Storm|[partiallytrapped]
|upkeep
|turn|18
|
|t:|1664125123
|move|p2a: Heatran|Protect|p2a: Heatran
|-singleturn|p2a: Heatran|Protect
|move|p1a: Pink Bean|Body Press|p2a: Heatran
|-activate|p2a: Heatran|move: Protect
|
|-heal|p2a: Heatran|58/100|[from] item: Leftovers
|-damage|p1a: Pink Bean|16/100 tox|[from] psn
|-damage|p1a: Pink Bean|3/100 tox|[from] move: Magma Storm|[partiallytrapped]
|upkeep
|turn|19
|
|t:|1664125126
|switch|p2a: Toxapex|Toxapex, F|100/100
|move|p1a: Pink Bean|Body Press|p2a: Toxapex
|-resisted|p2a: Toxapex
|-damage|p2a: Toxapex|92/100
|
|-damage|p1a: Pink Bean|0 fnt|[from] psn
|faint|p1a: Pink Bean
|upkeep
|
|t:|1664125130
|switch|p1a: Sumilidon|Zeraora|100/100
|turn|20
|
|t:|1664125132
|move|p2a: Toxapex|Baneful Bunker|p2a: Toxapex
|-singleturn|p2a: Toxapex|move: Protect
|move|p1a: Sumilidon|Bulk Up|p1a: Sumilidon
|-boost|p1a: Sumilidon|atk|1
|-boost|p1a: Sumilidon|def|1
|
|upkeep
|turn|21
|
|t:|1664125136
|move|p1a: Sumilidon|Plasma Fists|p2a: Toxapex
|-supereffective|p2a: Toxapex
|-damage|p2a: Toxapex|13/100
|-fieldactivate|move: Ion Deluge
|-hint|Normal-type moves become Electric-type after using Plasma Fists.
|move|p2a: Toxapex|Infestation|p1a: Sumilidon
|-damage|p1a: Sumilidon|97/100
|-activate|p1a: Sumilidon|move: Infestation|[of] p2a: Toxapex
|
|-damage|p1a: Sumilidon|81/100|[from] move: Infestation|[partiallytrapped]
|upkeep
|turn|22
|
|t:|1664125143
|move|p1a: Sumilidon|Bulk Up|p1a: Sumilidon
|-boost|p1a: Sumilidon|atk|1
|-boost|p1a: Sumilidon|def|1
|move|p2a: Toxapex|Recover|p2a: Toxapex
|-heal|p2a: Toxapex|63/100
|
|-damage|p1a: Sumilidon|65/100|[from] move: Infestation|[partiallytrapped]
|upkeep
|turn|23
|
|t:|1664125146
|move|p1a: Sumilidon|Bulk Up|p1a: Sumilidon
|-boost|p1a: Sumilidon|atk|1
|-boost|p1a: Sumilidon|def|1
|move|p2a: Toxapex|Knock Off|p1a: Sumilidon
|-damage|p1a: Sumilidon|56/100
|-enditem|p1a: Sumilidon|Eject Pack|[from] move: Knock Off|[of] p2a: Toxapex
|
|-damage|p1a: Sumilidon|39/100|[from] move: Infestation|[partiallytrapped]
|upkeep
|turn|24
|
|t:|1664125149
|move|p1a: Sumilidon|Plasma Fists|p2a: Toxapex
|-supereffective|p2a: Toxapex
|-damage|p2a: Toxapex|0 fnt
|-fieldactivate|move: Ion Deluge
|-hint|Normal-type moves become Electric-type after using Plasma Fists.
|faint|p2a: Toxapex
|
|-end|p1a: Sumilidon|Infestation|[partiallytrapped]|[silent]
|upkeep
|
|t:|1664125153
|switch|p2a: Garchomp|Garchomp, M|60/100
|turn|25
|c|☆Almighty Sa'|:O
|
|t:|1664125158
|move|p2a: Garchomp|Protect|p2a: Garchomp
|-singleturn|p2a: Garchomp|Protect
|move|p1a: Sumilidon|Play Rough|p2a: Garchomp
|-activate|p2a: Garchomp|move: Protect
|
|-heal|p2a: Garchomp|66/100|[from] item: Leftovers
|upkeep
|turn|26
|
|t:|1664125176
|switch|p2a: Heatran|Heatran, M|58/100
|move|p1a: Sumilidon|Close Combat|p2a: Heatran
|-supereffective|p2a: Heatran
|-damage|p2a: Heatran|0 fnt
|-unboost|p1a: Sumilidon|def|1
|-unboost|p1a: Sumilidon|spd|1
|faint|p2a: Heatran
|
|upkeep
|
|t:|1664125179
|switch|p2a: Garchomp|Garchomp, M|66/100
|turn|27
|
|t:|1664125182
|move|p1a: Sumilidon|Play Rough|p2a: Garchomp
|-supereffective|p2a: Garchomp
|-damage|p2a: Garchomp|0 fnt
|-damage|p1a: Sumilidon|27/100|[from] ability: Rough Skin|[of] p2a: Garchomp
|faint|p2a: Garchomp
|
|upkeep
|c|☆roboPOKE|gg
|c|☆Almighty Sa'|gg
|-message|roboPOKE forfeited.
|
|win|Almighty Sa'
|raw|Almighty Sa&apos;'s rating: 1578 &rarr; <strong>1599</strong><br />(+21 for winning)
|raw|roboPOKE's rating: 1595 &rarr; <strong>1574</strong><br />(-21 for losing)
|l|☆roboPOKE
|j| wGum
|l| wGum
||Ladder isn't responding, score probably updated but might not have (Request timeout).
