|j|☆I'm Arnaud
|j|☆Boxingring
|t:|1656348221
|gametype|singles
|player|p1|I'm Arnaud|chase|1589
|player|p2|Boxingring|hilda|1740
|teamsize|p1|6
|teamsize|p2|6
|gen|8
|tier|[Gen 8] OU
|rated|
|rule|Sleep Clause Mod: Limit one foe put to sleep
|rule|Species Clause: Limit one of each Pokémon
|rule|OHKO Clause: OHKO moves are banned
|rule|Evasion Moves Clause: Evasion moves are banned
|rule|Endless Battle Clause: Forcing endless battles is banned
|rule|HP Percentage Mod: HP is shown in percentages
|rule|Dynamax Clause: You cannot dynamax
|clearpoke
|poke|p1|Tapu Koko|
|poke|p1|Decidueye, M|
|poke|p1|Slowbro, M|
|poke|p1|Landorus-Therian, M|
|poke|p1|Tyranitar, M|
|poke|p1|Corviknight, M|
|poke|p2|Registeel|
|poke|p2|Corviknight, M|
|poke|p2|Rhyperior, M|
|poke|p2|Volcarona, M|
|poke|p2|Dragonite, M|
|poke|p2|Alakazam, F|
|teampreview
|inactive|Battle timer is ON: inactive players will automatically lose when time's up. (requested by I'm Arnaud)
|j| Unyeonz
|
|t:|1656348240
|start
|switch|p1a: Slowbro|Slowbro, M|100/100
|switch|p2a: Rhyperior|Rhyperior, M|100/100
|turn|1
|
|t:|1656348245
|move|p2a: Rhyperior|Earthquake|p1a: Slowbro
|-damage|p1a: Slowbro|70/100
|move|p1a: Slowbro|Future Sight|p2a: Rhyperior
|-start|p1a: Slowbro|move: Future Sight
|
|upkeep
|turn|2
|
|t:|1656348252
|move|p2a: Rhyperior|Earthquake|p1a: Slowbro
|-damage|p1a: Slowbro|37/100
|move|p1a: Slowbro|Teleport|p1a: Slowbro
|
|t:|1656348256
|switch|p1a: Decidueye|Decidueye, M|100/100|[from]move: Teleport
|
|upkeep
|turn|3
|
|t:|1656348263
|move|p1a: Decidueye|Poltergeist|p2a: Rhyperior
|-activate|p2a: Rhyperior|move: Poltergeist|Weakness Policy
|-damage|p2a: Rhyperior|41/100
|move|p2a: Rhyperior|Rock Blast|p1a: Decidueye|[miss]
|-miss|p2a: Rhyperior|p1a: Decidueye
|
|-end|p2a: Rhyperior|move: Future Sight
|-damage|p2a: Rhyperior|0 fnt
|faint|p2a: Rhyperior
|upkeep
|
|t:|1656348271
|switch|p2a: Corviknight|Corviknight, M|100/100
|turn|4
|
|t:|1656348282
|switch|p2a: Dragonite|Dragonite, M|100/100
|move|p1a: Decidueye|Poltergeist|p2a: Dragonite
|-activate|p2a: Dragonite|move: Poltergeist|Heavy-Duty Boots
|-damage|p2a: Dragonite|62/100
|
|upkeep
|turn|5
|
|t:|1656348287
|move|p1a: Decidueye|Poltergeist|p2a: Dragonite
|-activate|p2a: Dragonite|move: Poltergeist|Heavy-Duty Boots
|-damage|p2a: Dragonite|0 fnt
|faint|p2a: Dragonite
|
|upkeep
|
|t:|1656348295
|switch|p2a: Corviknight|Corviknight, M|100/100
|turn|6
|
|t:|1656348309
|move|p1a: Decidueye|Poltergeist|p2a: Corviknight
|-activate|p2a: Corviknight|move: Poltergeist|Weakness Policy
|-crit|p2a: Corviknight
|-damage|p2a: Corviknight|0 fnt
|faint|p2a: Corviknight
|
|upkeep
|
|t:|1656348316
|switch|p2a: Alakazam|Alakazam, F|100/100
|turn|7
|
|t:|1656348320
|switch|p1a: Landorus|Landorus-Therian, M|100/100
|-ability|p1a: Landorus|Intimidate|boost
|-unboost|p2a: Alakazam|atk|1
|move|p2a: Alakazam|Focus Blast|p1a: Landorus
|-resisted|p1a: Landorus
|-damage|p1a: Landorus|85/100
|
|-heal|p1a: Landorus|91/100|[from] item: Leftovers
|upkeep
|turn|8
|
|t:|1656348326
|move|p2a: Alakazam|Psychic|p1a: Landorus
|-damage|p1a: Landorus|53/100
|move|p1a: Landorus|U-turn|p2a: Alakazam
|-supereffective|p2a: Alakazam
|-enditem|p2a: Alakazam|Focus Sash
|-damage|p2a: Alakazam|1/100
|-message|Boxingring forfeited.
|
|win|I'm Arnaud
|raw|I&apos;m Arnaud's rating: 1589 &rarr; <strong>1617</strong><br />(+28 for winning)
|raw|Boxingring's rating: 1740 &rarr; <strong>1712</strong><br />(-28 for losing)
|l|☆Boxingring
||Ladder isn't responding, score probably updated but might not have (Request timeout).
