|j|☆Fotossintese
|j|☆H4WT ★
|inactive|Battle timer is ON: inactive players will automatically lose when time's up.
|t:|1663527628
|gametype|singles
|player|p1|Fotossintese|2|
|player|p2|H4WT ★|nate|
|teamsize|p1|6
|teamsize|p2|6
|gen|8
|tier|[Gen 8] OU
|rated|Tournament battle
|rule|Sleep Clause Mod: Limit one foe put to sleep
|rule|Species Clause: Limit one of each Pokémon
|rule|OHKO Clause: OHKO moves are banned
|rule|Evasion Items Clause: Evasion items are banned
|rule|Evasion Moves Clause: Evasion moves are banned
|rule|Endless Battle Clause: Forcing endless battles is banned
|rule|HP Percentage Mod: HP is shown in percentages
|rule|Dynamax Clause: You cannot dynamax
|clearpoke
|poke|p1|Corviknight, M|
|poke|p1|Zeraora|
|poke|p1|Toxapex, F|
|poke|p1|Heatran, F|
|poke|p1|Landorus-Therian, M|
|poke|p1|Rillaboom, M|
|poke|p2|Tyranitar, M|
|poke|p2|Clefable, M|
|poke|p2|Excadrill, M|
|poke|p2|Tangrowth, M|
|poke|p2|Mew|
|poke|p2|Rotom-Wash|
|teampreview
|j| Brave_BirdLK
|j| BRA Yami
|c|☆Fotossintese|glhf
|c|☆H4WT ★|eae mano, tá bom?
|j| Deyvsson3000
|l| Brave_BirdLK
|j| E63593
|inactive|H4WT ★ has 120 seconds left.
|l| BRA Yami
|
|t:|1663527663
|start
|switch|p1a: Bruno|Landorus-Therian, M|100/100
|switch|p2a: Phantom|Rotom-Wash, shiny|100/100
|-ability|p1a: Bruno|Intimidate|boost
|-unboost|p2a: Phantom|atk|1
|turn|1
|
|t:|1663527676
|switch|p2a: Crescent|Clefable, M, shiny|100/100
|move|p1a: Bruno|Toxic|p2a: Crescent
|-status|p2a: Crescent|tox
|
|upkeep
|turn|2
|
|t:|1663527692
|switch|p1a: Micro-Ondas|Heatran, F|100/100
|move|p2a: Crescent|Stealth Rock|p1a: Micro-Ondas
|-sidestart|p1: Fotossintese|move: Stealth Rock
|
|upkeep
|turn|3
|
|t:|1663527703
|switch|p2a: Phantom|Rotom-Wash, shiny|100/100
|move|p1a: Micro-Ondas|Toxic|p2a: Phantom
|-status|p2a: Phantom|tox
|
|-damage|p2a: Phantom|95/100 tox|[from] psn
|upkeep
|turn|4
|
|t:|1663527711
|switch|p1a: Nairobi|Rillaboom, M|100/100
|-damage|p1a: Nairobi|88/100|[from] Stealth Rock
|-fieldstart|move: Grassy Terrain|[from] ability: Grassy Surge|[of] p1a: Nairobi
|-enditem|p1a: Nairobi|Grassy Seed
|-boost|p1a: Nairobi|def|1|[from] item: Grassy Seed
|move|p2a: Phantom|Hydro Pump|p1a: Nairobi
|-resisted|p1a: Nairobi
|-damage|p1a: Nairobi|63/100
|
|-heal|p1a: Nairobi|69/100|[from] Grassy Terrain
|-heal|p2a: Phantom|100/100 tox|[from] item: Leftovers
|-damage|p2a: Phantom|89/100 tox|[from] psn
|upkeep
|turn|5
|
|t:|1663527722
|switch|p2a: Ramen|Tangrowth, M, shiny|100/100
|move|p1a: Nairobi|Knock Off|p2a: Ramen
|-damage|p2a: Ramen|81/100
|-damage|p1a: Nairobi|52/100|[from] item: Rocky Helmet|[of] p2a: Ramen
|-enditem|p2a: Ramen|Rocky Helmet|[from] move: Knock Off|[of] p1a: Nairobi
|
|-heal|p1a: Nairobi|59/100|[from] Grassy Terrain
|-heal|p2a: Ramen|87/100|[from] Grassy Terrain
|upkeep
|turn|6
|
|t:|1663527738
|switch|p1a: Apex|Toxapex, F|100/100
|-damage|p1a: Apex|88/100|[from] Stealth Rock
|move|p2a: Ramen|Knock Off|p1a: Apex
|-damage|p1a: Apex|75/100
|-damage|p2a: Ramen|71/100|[from] item: Rocky Helmet|[of] p1a: Apex
|-enditem|p1a: Apex|Rocky Helmet|[from] move: Knock Off|[of] p2a: Ramen
|
|-heal|p2a: Ramen|77/100|[from] Grassy Terrain
|-heal|p1a: Apex|82/100|[from] Grassy Terrain
|upkeep
|turn|7
|j| natirutsreggaepo
|
|t:|1663527755
|switch|p2a: Chaos|Mew, shiny|100/100
|move|p1a: Apex|Toxic Spikes|p2a: Chaos
|-sidestart|p2: H4WT ★|move: Toxic Spikes
|
|-heal|p1a: Apex|88/100|[from] Grassy Terrain
|upkeep
|turn|8
|j| LiarFairy≧◡≦
|
|t:|1663527763
|move|p2a: Chaos|Taunt|p1a: Apex
|-start|p1a: Apex|move: Taunt
|move|p1a: Apex|Knock Off|p2a: Chaos
|-supereffective|p2a: Chaos
|-damage|p2a: Chaos|77/100
|-enditem|p2a: Chaos|Leftovers|[from] move: Knock Off|[of] p1a: Apex
|
|-heal|p2a: Chaos|83/100|[from] Grassy Terrain
|-heal|p1a: Apex|94/100|[from] Grassy Terrain
|-fieldend|move: Grassy Terrain
|upkeep
|turn|9
|
|t:|1663527767
|switch|p1a: Korvo|Corviknight, M|100/100
|-damage|p1a: Korvo|88/100|[from] Stealth Rock
|-ability|p1a: Korvo|Pressure
|move|p2a: Chaos|Night Shade|p1a: Korvo
|-damage|p1a: Korvo|63/100
|
|upkeep
|turn|10
|
|t:|1663527781
|move|p2a: Chaos|Night Shade|p1a: Korvo
|-damage|p1a: Korvo|38/100
|move|p1a: Korvo|U-turn|p2a: Chaos
|-supereffective|p2a: Chaos
|-damage|p2a: Chaos|59/100
|
|t:|1663527795
|switch|p1a: Micro-Ondas|Heatran, F|100/100|[from]move: U-turn
|-damage|p1a: Micro-Ondas|88/100|[from] Stealth Rock
|
|-heal|p1a: Micro-Ondas|94/100|[from] item: Leftovers
|upkeep
|turn|11
|
|t:|1663527802
|switch|p2a: Phantom|Rotom-Wash, shiny|89/100 tox
|move|p1a: Micro-Ondas|Magma Storm|p2a: Phantom
|-resisted|p2a: Phantom
|-damage|p2a: Phantom|72/100 tox
|-activate|p2a: Phantom|move: Magma Storm|[of] p1a: Micro-Ondas
|
|-heal|p2a: Phantom|78/100 tox|[from] item: Leftovers
|-heal|p1a: Micro-Ondas|100/100|[from] item: Leftovers
|-damage|p2a: Phantom|72/100 tox|[from] psn
|-damage|p2a: Phantom|60/100 tox|[from] move: Magma Storm|[partiallytrapped]
|upkeep
|turn|12
|
|t:|1663527813
|switch|p1a: Zé Daora|Zeraora|100/100
|move|p2a: Phantom|Pain Split|p1a: Zé Daora
|-sethp|p1a: Zé Daora|79/100|[from] move: Pain Split|[silent]
|-sethp|p2a: Phantom|82/100 tox|[from] move: Pain Split
|
|-heal|p2a: Phantom|88/100 tox|[from] item: Leftovers
|-damage|p2a: Phantom|76/100 tox|[from] psn
|-end|p2a: Phantom|Magma Storm|[partiallytrapped]|[silent]
|upkeep
|turn|13
|
|t:|1663527824
|move|p1a: Zé Daora|Plasma Fists|p2a: Phantom
|-damage|p2a: Phantom|25/100 tox
|-fieldactivate|move: Ion Deluge
|-hint|Normal-type moves become Electric-type after using Plasma Fists.
|move|p2a: Phantom|Toxic|p1a: Zé Daora
|-status|p1a: Zé Daora|tox
|
|-heal|p2a: Phantom|31/100 tox|[from] item: Leftovers
|-damage|p1a: Zé Daora|73/100 tox|[from] psn
|-damage|p2a: Phantom|13/100 tox|[from] psn
|upkeep
|turn|14
|
|t:|1663527840
|move|p1a: Zé Daora|Close Combat|p2a: Phantom
|-damage|p2a: Phantom|0 fnt
|-unboost|p1a: Zé Daora|def|1
|-unboost|p1a: Zé Daora|spd|1
|faint|p2a: Phantom
|
|-damage|p1a: Zé Daora|61/100 tox|[from] psn
|upkeep
|
|t:|1663527845
|switch|p2a: Ramen|Tangrowth, M, shiny|100/100
|-status|p2a: Ramen|psn
|turn|15
|
|t:|1663527849
|switch|p1a: Micro-Ondas|Heatran, F|100/100
|-damage|p1a: Micro-Ondas|88/100|[from] Stealth Rock
|move|p2a: Ramen|Knock Off|p1a: Micro-Ondas
|-damage|p1a: Micro-Ondas|72/100
|-enditem|p1a: Micro-Ondas|Leftovers|[from] move: Knock Off|[of] p2a: Ramen
|
|-damage|p2a: Ramen|88/100 psn|[from] psn
|upkeep
|turn|16
|
|t:|1663527853
|switch|p2a: Chaos|Mew, shiny|59/100
|-status|p2a: Chaos|psn
|move|p1a: Micro-Ondas|Magma Storm|p2a: Chaos
|-damage|p2a: Chaos|32/100 psn
|-activate|p2a: Chaos|move: Magma Storm|[of] p1a: Micro-Ondas
|
|-damage|p2a: Chaos|19/100 psn|[from] psn
|-damage|p2a: Chaos|7/100 psn|[from] move: Magma Storm|[partiallytrapped]
|upkeep
|turn|17
|
|t:|1663527863
|switch|p1a: Apex|Toxapex, F|100/100
|-damage|p1a: Apex|88/100|[from] Stealth Rock
|move|p2a: Chaos|Roost|p2a: Chaos
|-heal|p2a: Chaos|57/100 psn
|-singleturn|p2a: Chaos|move: Roost
|
|-damage|p2a: Chaos|45/100 psn|[from] psn
|-end|p2a: Chaos|Magma Storm|[partiallytrapped]|[silent]
|upkeep
|turn|18
|
|t:|1663527869
|move|p2a: Chaos|Taunt|p1a: Apex
|-start|p1a: Apex|move: Taunt
|move|p1a: Apex|Knock Off|p2a: Chaos
|-supereffective|p2a: Chaos
|-damage|p2a: Chaos|30/100 psn
|
|-damage|p2a: Chaos|17/100 psn|[from] psn
|upkeep
|turn|19
|
|t:|1663527872
|move|p2a: Chaos|Roost|p2a: Chaos
|-heal|p2a: Chaos|67/100 psn
|-singleturn|p2a: Chaos|move: Roost
|move|p1a: Apex|Knock Off|p2a: Chaos
|-supereffective|p2a: Chaos
|-damage|p2a: Chaos|51/100 psn
|
|-damage|p2a: Chaos|38/100 psn|[from] psn
|upkeep
|turn|20
|
|t:|1663527878
|switch|p1a: Nairobi|Rillaboom, M|59/100
|-damage|p1a: Nairobi|46/100|[from] Stealth Rock
|-fieldstart|move: Grassy Terrain|[from] ability: Grassy Surge|[of] p1a: Nairobi
|move|p2a: Chaos|Roost|p2a: Chaos
|-heal|p2a: Chaos|88/100 psn
|-singleturn|p2a: Chaos|move: Roost
|
|-heal|p1a: Nairobi|52/100|[from] Grassy Terrain
|-heal|p2a: Chaos|95/100 psn|[from] Grassy Terrain
|-damage|p2a: Chaos|82/100 psn|[from] psn
|upkeep
|turn|21
|
|t:|1663527885
|switch|p2a: Ramen|Tangrowth, M, shiny|100/100 psn
|move|p1a: Nairobi|Superpower|p2a: Ramen
|-damage|p2a: Ramen|78/100 psn
|-unboost|p1a: Nairobi|atk|1
|-unboost|p1a: Nairobi|def|1
|
|-heal|p1a: Nairobi|59/100|[from] Grassy Terrain
|-heal|p2a: Ramen|84/100 psn|[from] Grassy Terrain
|-damage|p2a: Ramen|71/100 psn|[from] psn
|upkeep
|turn|22
|
|t:|1663527890
|switch|p1a: Apex|Toxapex, F|100/100
|-damage|p1a: Apex|88/100|[from] Stealth Rock
|move|p2a: Ramen|Focus Blast|p1a: Apex
|-resisted|p1a: Apex
|-damage|p1a: Apex|75/100
|
|-heal|p2a: Ramen|78/100 psn|[from] Grassy Terrain
|-heal|p1a: Apex|82/100|[from] Grassy Terrain
|-damage|p2a: Ramen|65/100 psn|[from] psn
|upkeep
|turn|23
|
|t:|1663527909
|switch|p2a: Rex|Tyranitar, M, shiny|100/100
|-status|p2a: Rex|psn
|-weather|Sandstorm|[from] ability: Sand Stream|[of] p2a: Rex
|switch|p1a: Micro-Ondas|Heatran, F|72/100
|-damage|p1a: Micro-Ondas|60/100|[from] Stealth Rock
|
|-weather|Sandstorm|[upkeep]
|-heal|p1a: Micro-Ondas|66/100|[from] Grassy Terrain
|-damage|p2a: Rex|88/100 psn|[from] psn
|upkeep
|turn|24
|
|t:|1663527915
|switch|p1a: Bruno|Landorus-Therian, M|100/100
|-damage|p1a: Bruno|88/100|[from] Stealth Rock
|-ability|p1a: Bruno|Intimidate|boost
|-unboost|p2a: Rex|atk|1
|move|p2a: Rex|Stone Edge|p1a: Bruno
|-damage|p1a: Bruno|45/100
|
|-weather|Sandstorm|[upkeep]
|-heal|p1a: Bruno|51/100|[from] item: Leftovers
|-heal|p2a: Rex|94/100 psn|[from] Grassy Terrain
|-damage|p2a: Rex|82/100 psn|[from] psn
|-fieldend|move: Grassy Terrain
|upkeep
|turn|25
|
|t:|1663527927
|switch|p2a: Crescent|Clefable, M, shiny|100/100 tox
|move|p1a: Bruno|U-turn|p2a: Crescent
|-resisted|p2a: Crescent
|-damage|p2a: Crescent|91/100 tox
|-damage|p1a: Bruno|34/100|[from] item: Rocky Helmet|[of] p2a: Crescent
|
|t:|1663527935
|switch|p1a: Micro-Ondas|Heatran, F|66/100|[from]move: U-turn
|-damage|p1a: Micro-Ondas|53/100|[from] Stealth Rock
|
|-weather|Sandstorm|[upkeep]
|upkeep
|turn|26
|
|t:|1663527940
|switch|p2a: Chaos|Mew, shiny|82/100 psn
|move|p1a: Micro-Ondas|Magma Storm|p2a: Chaos
|-damage|p2a: Chaos|55/100 psn
|-activate|p2a: Chaos|move: Magma Storm|[of] p1a: Micro-Ondas
|
|-weather|Sandstorm|[upkeep]
|-damage|p2a: Chaos|49/100 psn|[from] Sandstorm
|-damage|p2a: Chaos|36/100 psn|[from] psn
|-damage|p2a: Chaos|24/100 psn|[from] move: Magma Storm|[partiallytrapped]
|upkeep
|turn|27
|
|t:|1663527945
|move|p2a: Chaos|Roost|p2a: Chaos
|-heal|p2a: Chaos|74/100 psn
|-singleturn|p2a: Chaos|move: Roost
|move|p1a: Micro-Ondas|Magma Storm|p2a: Chaos|[miss]
|-miss|p1a: Micro-Ondas|p2a: Chaos
|
|-weather|none
|-damage|p2a: Chaos|62/100 psn|[from] psn
|-damage|p2a: Chaos|49/100 psn|[from] move: Magma Storm|[partiallytrapped]
|upkeep
|turn|28
|
|t:|1663527950
|move|p2a: Chaos|Roost|p2a: Chaos
|-heal|p2a: Chaos|99/100 psn
|-singleturn|p2a: Chaos|move: Roost
|move|p1a: Micro-Ondas|Magma Storm|p2a: Chaos
|-damage|p2a: Chaos|75/100 psn
|
|-damage|p2a: Chaos|63/100 psn|[from] psn
|-damage|p2a: Chaos|50/100 psn|[from] move: Magma Storm|[partiallytrapped]
|upkeep
|turn|29
|
|t:|1663527969
|switch|p1a: Apex|Toxapex, F|100/100
|-damage|p1a: Apex|88/100|[from] Stealth Rock
|move|p2a: Chaos|Roost|p2a: Chaos
|-heal|p2a: Chaos|99/100 psn
|-singleturn|p2a: Chaos|move: Roost
|
|-damage|p2a: Chaos|88/100 psn|[from] psn
|-end|p2a: Chaos|Magma Storm|[partiallytrapped]|[silent]
|upkeep
|turn|30
|
|t:|1663527979
|move|p2a: Chaos|Taunt|p1a: Apex
|-start|p1a: Apex|move: Taunt
|move|p1a: Apex|Knock Off|p2a: Chaos
|-supereffective|p2a: Chaos
|-damage|p2a: Chaos|70/100 psn
|
|-damage|p2a: Chaos|58/100 psn|[from] psn
|upkeep
|turn|31
|
|t:|1663527986
|move|p2a: Chaos|Night Shade|p1a: Apex
|-damage|p1a: Apex|55/100
|move|p1a: Apex|Knock Off|p2a: Chaos
|-supereffective|p2a: Chaos
|-damage|p2a: Chaos|42/100 psn
|
|-damage|p2a: Chaos|29/100 psn|[from] psn
|upkeep
|turn|32
|
|t:|1663527994
|move|p2a: Chaos|Roost|p2a: Chaos
|-heal|p2a: Chaos|79/100 psn
|-singleturn|p2a: Chaos|move: Roost
|move|p1a: Apex|Knock Off|p2a: Chaos
|-supereffective|p2a: Chaos
|-damage|p2a: Chaos|65/100 psn
|
|-damage|p2a: Chaos|52/100 psn|[from] psn
|-end|p1a: Apex|move: Taunt
|upkeep
|turn|33
|
|t:|1663528002
|move|p2a: Chaos|Roost|p2a: Chaos
|-heal|p2a: Chaos|100/100 psn
|-singleturn|p2a: Chaos|move: Roost
|move|p1a: Apex|Knock Off|p2a: Chaos
|-supereffective|p2a: Chaos
|-damage|p2a: Chaos|86/100 psn
|
|-damage|p2a: Chaos|73/100 psn|[from] psn
|upkeep
|turn|34
|
|t:|1663528011
|switch|p2a: Crescent|Clefable, M, shiny|91/100 tox
|switch|p1a: Nairobi|Rillaboom, M|59/100
|-damage|p1a: Nairobi|46/100|[from] Stealth Rock
|-fieldstart|move: Grassy Terrain|[from] ability: Grassy Surge|[of] p1a: Nairobi
|
|-heal|p1a: Nairobi|52/100|[from] Grassy Terrain
|-heal|p2a: Crescent|97/100 tox|[from] Grassy Terrain
|upkeep
|turn|35
|
|t:|1663528021
|switch|p1a: Apex|Toxapex, F|88/100
|-damage|p1a: Apex|76/100|[from] Stealth Rock
|switch|p2a: Ramen|Tangrowth, M, shiny|99/100 psn
|
|-heal|p2a: Ramen|100/100 psn|[from] Grassy Terrain
|-heal|p1a: Apex|82/100|[from] Grassy Terrain
|-damage|p2a: Ramen|88/100 psn|[from] psn
|upkeep
|turn|36
|
|t:|1663528030
|switch|p2a: Crescent|Clefable, M, shiny|97/100 tox
|move|p1a: Apex|Knock Off|p2a: Crescent
|-resisted|p2a: Crescent
|-damage|p2a: Crescent|92/100 tox
|-damage|p1a: Apex|66/100|[from] item: Rocky Helmet|[of] p2a: Crescent
|-enditem|p2a: Crescent|Rocky Helmet|[from] move: Knock Off|[of] p1a: Apex
|
|-heal|p2a: Crescent|98/100 tox|[from] Grassy Terrain
|-heal|p1a: Apex|72/100|[from] Grassy Terrain
|upkeep
|turn|37
|
|t:|1663528037
|move|p2a: Crescent|Knock Off|p1a: Apex
|-damage|p1a: Apex|66/100
|move|p1a: Apex|Recover|p1a: Apex
|-heal|p1a: Apex|100/100
|
|-heal|p2a: Crescent|100/100 tox|[from] Grassy Terrain
|upkeep
|turn|38
|
|t:|1663528045
|switch|p2a: Ramen|Tangrowth, M, shiny|100/100 psn
|switch|p1a: Micro-Ondas|Heatran, F|53/100
|-damage|p1a: Micro-Ondas|41/100|[from] Stealth Rock
|
|-heal|p1a: Micro-Ondas|47/100|[from] Grassy Terrain
|-damage|p2a: Ramen|88/100 psn|[from] psn
|-fieldend|move: Grassy Terrain
|upkeep
|turn|39
|
|t:|1663528053
|switch|p1a: Nairobi|Rillaboom, M|52/100
|-damage|p1a: Nairobi|40/100|[from] Stealth Rock
|-fieldstart|move: Grassy Terrain|[from] ability: Grassy Surge|[of] p1a: Nairobi
|switch|p2a: Chaos|Mew, shiny|73/100 psn
|
|-heal|p1a: Nairobi|46/100|[from] Grassy Terrain
|-heal|p2a: Chaos|79/100 psn|[from] Grassy Terrain
|-damage|p2a: Chaos|67/100 psn|[from] psn
|upkeep
|turn|40
|
|t:|1663528058
|switch|p2a: Ramen|Tangrowth, M, shiny|100/100 psn
|move|p1a: Nairobi|Grassy Glide|p2a: Ramen
|-resisted|p2a: Ramen
|-damage|p2a: Ramen|87/100 psn
|
|-heal|p1a: Nairobi|52/100|[from] Grassy Terrain
|-heal|p2a: Ramen|93/100 psn|[from] Grassy Terrain
|-damage|p2a: Ramen|81/100 psn|[from] psn
|upkeep
|turn|41
|
|t:|1663528065
|switch|p1a: Apex|Toxapex, F|100/100
|-damage|p1a: Apex|88/100|[from] Stealth Rock
|move|p2a: Ramen|Focus Blast|p1a: Apex
|-resisted|p1a: Apex
|-damage|p1a: Apex|75/100
|
|-heal|p2a: Ramen|87/100 psn|[from] Grassy Terrain
|-heal|p1a: Apex|81/100|[from] Grassy Terrain
|-damage|p2a: Ramen|75/100 psn|[from] psn
|upkeep
|turn|42
|
|t:|1663528069
|switch|p2a: Crescent|Clefable, M, shiny|100/100 tox
|move|p1a: Apex|Knock Off|p2a: Crescent
|-resisted|p2a: Crescent
|-damage|p2a: Crescent|97/100 tox
|
|-heal|p2a: Crescent|100/100 tox|[from] Grassy Terrain
|-heal|p1a: Apex|88/100|[from] Grassy Terrain
|upkeep
|turn|43
|
|t:|1663528075
|switch|p1a: Korvo|Corviknight, M|38/100
|-damage|p1a: Korvo|25/100|[from] Stealth Rock
|-ability|p1a: Korvo|Pressure
|move|p2a: Crescent|Moonblast|p1a: Korvo
|-resisted|p1a: Korvo
|-damage|p1a: Korvo|12/100
|-unboost|p1a: Korvo|spa|1
|
|-fieldend|move: Grassy Terrain
|upkeep
|turn|44
|
|t:|1663528082
|switch|p1a: Apex|Toxapex, F|100/100
|-damage|p1a: Apex|88/100|[from] Stealth Rock
|move|p2a: Crescent|Knock Off|p1a: Apex
|-damage|p1a: Apex|82/100
|
|upkeep
|turn|45
|
|t:|1663528091
|switch|p2a: Ramen|Tangrowth, M, shiny|100/100 psn
|move|p1a: Apex|Haze|p1a: Apex
|-clearallboost
|
|-damage|p2a: Ramen|88/100 psn|[from] psn
|upkeep
|turn|46
|
|t:|1663528110
|switch|p2a: Crescent|Clefable, M, shiny|100/100 tox
|move|p1a: Apex|Haze|p1a: Apex
|-clearallboost
|
|upkeep
|turn|47
|
|t:|1663528115
|switch|p2a: Ramen|Tangrowth, M, shiny|100/100 psn
|switch|p1a: Micro-Ondas|Heatran, F|47/100
|-damage|p1a: Micro-Ondas|35/100|[from] Stealth Rock
|
|-damage|p2a: Ramen|88/100 psn|[from] psn
|upkeep
|turn|48
|
|t:|1663528118
|switch|p2a: Chaos|Mew, shiny|67/100 psn
|move|p1a: Micro-Ondas|Magma Storm|p2a: Chaos|[miss]
|-miss|p1a: Micro-Ondas|p2a: Chaos
|
|-damage|p2a: Chaos|55/100 psn|[from] psn
|upkeep
|turn|49
|
|t:|1663528126
|move|p2a: Chaos|Roost|p2a: Chaos
|-heal|p2a: Chaos|100/100 psn
|-singleturn|p2a: Chaos|move: Roost
|move|p1a: Micro-Ondas|Magma Storm|p2a: Chaos|[miss]
|-miss|p1a: Micro-Ondas|p2a: Chaos
|
|-damage|p2a: Chaos|88/100 psn|[from] psn
|upkeep
|turn|50
|
|t:|1663528129
|move|p2a: Chaos|Night Shade|p1a: Micro-Ondas
|-damage|p1a: Micro-Ondas|9/100
|move|p1a: Micro-Ondas|Magma Storm|p2a: Chaos
|-damage|p2a: Chaos|64/100 psn
|-activate|p2a: Chaos|move: Magma Storm|[of] p1a: Micro-Ondas
|
|-damage|p2a: Chaos|51/100 psn|[from] psn
|-damage|p2a: Chaos|39/100 psn|[from] move: Magma Storm|[partiallytrapped]
|upkeep
|turn|51
|
|t:|1663528135
|move|p2a: Chaos|Night Shade|p1a: Micro-Ondas
|-damage|p1a: Micro-Ondas|0 fnt
|faint|p1a: Micro-Ondas
|
|-damage|p2a: Chaos|26/100 psn|[from] psn
|-end|p2a: Chaos|Magma Storm|[partiallytrapped]|[silent]
|upkeep
|
|t:|1663528139
|switch|p1a: Nairobi|Rillaboom, M|52/100
|-damage|p1a: Nairobi|40/100|[from] Stealth Rock
|-fieldstart|move: Grassy Terrain|[from] ability: Grassy Surge|[of] p1a: Nairobi
|turn|52
|
|t:|1663528143
|switch|p2a: Ramen|Tangrowth, M, shiny|100/100 psn
|move|p1a: Nairobi|Swords Dance|p1a: Nairobi
|-boost|p1a: Nairobi|atk|2
|
|-heal|p1a: Nairobi|46/100|[from] Grassy Terrain
|-damage|p2a: Ramen|88/100 psn|[from] psn
|upkeep
|turn|53
|
|t:|1663528147
|move|p1a: Nairobi|Superpower|p2a: Ramen
|-crit|p2a: Ramen
|-damage|p2a: Ramen|14/100 psn
|-unboost|p1a: Nairobi|atk|1
|-unboost|p1a: Nairobi|def|1
|move|p2a: Ramen|Toxic|p1a: Nairobi
|-status|p1a: Nairobi|tox
|
|-heal|p1a: Nairobi|52/100 tox|[from] Grassy Terrain
|-heal|p2a: Ramen|20/100 psn|[from] Grassy Terrain
|-damage|p1a: Nairobi|46/100 tox|[from] psn
|-damage|p2a: Ramen|7/100 psn|[from] psn
|upkeep
|turn|54
|
|t:|1663528159
|switch|p2a: Rex|Tyranitar, M, shiny|82/100 psn
|-weather|Sandstorm|[from] ability: Sand Stream|[of] p2a: Rex
|move|p1a: Nairobi|Grassy Glide|p2a: Rex
|-supereffective|p2a: Rex
|-damage|p2a: Rex|0 fnt
|faint|p2a: Rex
|
|-weather|Sandstorm|[upkeep]
|-damage|p1a: Nairobi|40/100 tox|[from] Sandstorm
|-heal|p1a: Nairobi|46/100 tox|[from] Grassy Terrain
|-damage|p1a: Nairobi|34/100 tox|[from] psn
|upkeep
|
|t:|1663528166
|switch|p2a: Impaler|Excadrill, M, shiny|100/100
|turn|55
|
|t:|1663528169
|switch|p2a: Ramen|Tangrowth, M, shiny|41/100 psn
|switch|p1a: Bruno|Landorus-Therian, M|34/100
|-damage|p1a: Bruno|22/100|[from] Stealth Rock
|-ability|p1a: Bruno|Intimidate|boost
|-unboost|p2a: Ramen|atk|1
|
|-weather|Sandstorm|[upkeep]
|-damage|p2a: Ramen|34/100 psn|[from] Sandstorm
|-heal|p1a: Bruno|28/100|[from] item: Leftovers
|-heal|p2a: Ramen|41/100 psn|[from] Grassy Terrain
|-damage|p2a: Ramen|28/100 psn|[from] psn
|upkeep
|turn|56
|
|t:|1663528173
|switch|p2a: Crescent|Clefable, M, shiny|100/100 tox
|move|p1a: Bruno|U-turn|p2a: Crescent
|-resisted|p2a: Crescent
|-damage|p2a: Crescent|92/100 tox
|l| LiarFairy≧◡≦
|inactive|Fotossintese has 120 seconds left.
|inactive|Fotossintese has 90 seconds left.
|
|t:|1663528250
|switch|p1a: Zé Daora|Zeraora|61/100 tox|[from]move: U-turn
|
|-weather|Sandstorm|[upkeep]
|-damage|p1a: Zé Daora|55/100 tox|[from] Sandstorm
|-heal|p1a: Zé Daora|61/100 tox|[from] Grassy Terrain
|-heal|p2a: Crescent|98/100 tox|[from] Grassy Terrain
|-damage|p1a: Zé Daora|55/100 tox|[from] psn
|-fieldend|move: Grassy Terrain
|upkeep
|turn|57
|inactive|H4WT ★ has 120 seconds left.
|
|t:|1663528287
|move|p1a: Zé Daora|Plasma Fists|p2a: Crescent
|-damage|p2a: Crescent|63/100 tox
|-fieldactivate|move: Ion Deluge
|-hint|Normal-type moves become Electric-type after using Plasma Fists.
|move|p2a: Crescent|Moonblast|p1a: Zé Daora
|-damage|p1a: Zé Daora|18/100 tox
|
|-weather|Sandstorm|[upkeep]
|-damage|p1a: Zé Daora|12/100 tox|[from] Sandstorm
|-damage|p1a: Zé Daora|0 fnt|[from] psn
|faint|p1a: Zé Daora
|upkeep
|
|t:|1663528296
|switch|p1a: Bruno|Landorus-Therian, M|28/100
|-damage|p1a: Bruno|16/100|[from] Stealth Rock
|-ability|p1a: Bruno|Intimidate|boost
|-unboost|p2a: Crescent|atk|1
|turn|58
|
|t:|1663528300
|move|p1a: Bruno|Earthquake|p2a: Crescent
|-damage|p2a: Crescent|29/100 tox
|move|p2a: Crescent|Soft-Boiled|p2a: Crescent
|-heal|p2a: Crescent|79/100 tox
|
|-weather|none
|-heal|p1a: Bruno|22/100|[from] item: Leftovers
|upkeep
|turn|59
|
|t:|1663528305
|move|p1a: Bruno|Earthquake|p2a: Crescent
|-damage|p2a: Crescent|46/100 tox
|move|p2a: Crescent|Soft-Boiled|p2a: Crescent
|-heal|p2a: Crescent|96/100 tox
|
|-heal|p1a: Bruno|28/100|[from] item: Leftovers
|upkeep
|turn|60
|
|t:|1663528310
|switch|p1a: Apex|Toxapex, F|100/100
|-damage|p1a: Apex|88/100|[from] Stealth Rock
|move|p2a: Crescent|Knock Off|p1a: Apex
|-damage|p1a: Apex|84/100
|
|upkeep
|turn|61
|inactive|Fotossintese has 120 seconds left.
|
|t:|1663528323
|switch|p2a: Ramen|Tangrowth, M, shiny|62/100 psn
|move|p1a: Apex|Knock Off|p2a: Ramen
|-damage|p2a: Ramen|56/100 psn
|
|-damage|p2a: Ramen|44/100 psn|[from] psn
|upkeep
|turn|62
|inactive|Fotossintese has 120 seconds left.
|
|t:|1663528333
|switch|p2a: Crescent|Clefable, M, shiny|96/100 tox
|switch|p1a: Bruno|Landorus-Therian, M|28/100
|-damage|p1a: Bruno|15/100|[from] Stealth Rock
|-ability|p1a: Bruno|Intimidate|boost
|-unboost|p2a: Crescent|atk|1
|
|-heal|p1a: Bruno|21/100|[from] item: Leftovers
|upkeep
|turn|63
|c| E63593|60 turnos
|
|t:|1663528338
|move|p1a: Bruno|Stealth Rock|p2a: Crescent
|-sidestart|p2: H4WT ★|move: Stealth Rock
|move|p2a: Crescent|Moonblast|p1a: Bruno
|-damage|p1a: Bruno|0 fnt
|faint|p1a: Bruno
|
|upkeep
|c| E63593|pequeno jogo
|inactive|Fotossintese has 120 seconds left.
|
|t:|1663528351
|switch|p1a: Apex|Toxapex, F|100/100
|-damage|p1a: Apex|88/100|[from] Stealth Rock
|turn|64
|inactive|Fotossintese has 120 seconds left.
|
|t:|1663528365
|switch|p2a: Ramen|Tangrowth, M, shiny|77/100 psn
|-damage|p2a: Ramen|65/100 psn|[from] Stealth Rock
|switch|p1a: Korvo|Corviknight, M|12/100
|-damage|p1a: Korvo|0 fnt|[from] Stealth Rock
|faint|p1a: Korvo
|
|-damage|p2a: Ramen|52/100 psn|[from] psn
|upkeep
|inactive|Fotossintese has 120 seconds left.
|
|t:|1663528376
|switch|p1a: Nairobi|Rillaboom, M|34/100 tox
|-damage|p1a: Nairobi|22/100 tox|[from] Stealth Rock
|-fieldstart|move: Grassy Terrain|[from] ability: Grassy Surge|[of] p1a: Nairobi
|turn|65
|
|t:|1663528380
|move|p1a: Nairobi|Swords Dance|p1a: Nairobi
|-boost|p1a: Nairobi|atk|2
|move|p2a: Ramen|Giga Drain|p1a: Nairobi
|-resisted|p1a: Nairobi
|-damage|p1a: Nairobi|0 fnt
|-heal|p2a: Ramen|61/100 psn|[from] drain|[of] p1a: Nairobi
|faint|p1a: Nairobi
|
|-heal|p2a: Ramen|67/100 psn|[from] Grassy Terrain
|-damage|p2a: Ramen|55/100 psn|[from] psn
|upkeep
|c|☆Fotossintese|gg
|c|☆H4WT ★|gg
|-message|Fotossintese forfeited.
|
|win|H4WT ★
|n|☆Fotossintese|fotossintese
|n|☆H4WT ★|h4wt
|n| Deyvsson3000|deyvsson3000
|n| E63593|e63593
|n| natirutsreggaepo|natirutsreggaepo
