|j|☆OUTM Mel
|j|☆Rheinmetal
|player|p1|OUTM Mel|265|1127
|player|p2|Rheinmetal|2|1164
|teamsize|p1|6
|teamsize|p2|6
|gametype|singles
|gen|8
|tier|[Gen 8] OU
|rated|
|rule|Sleep Clause Mod: Limit one foe put to sleep
|rule|Species Clause: Limit one of each Pokémon
|rule|OHKO Clause: OHKO moves are banned
|rule|Evasion Moves Clause: Evasion moves are banned
|rule|Endless Battle Clause: Forcing endless battles is banned
|rule|HP Percentage Mod: HP is shown in percentages
|clearpoke
|poke|p1|Dracovish|
|poke|p1|Pelipper, M|
|poke|p1|Barraskewda, F|
|poke|p1|Ferrothorn, M|
|poke|p1|Gyarados, F|
|poke|p1|Seismitoad, M|
|poke|p2|Hatterene, F|
|poke|p2|Copperajah, M|
|poke|p2|Gothitelle, M|
|poke|p2|Chandelure, F|
|poke|p2|Avalugg, F|
|poke|p2|Cloyster, F|
|teampreview
|inactive|Battle timer is ON: inactive players will automatically lose when time's up. (requested by Rheinmetal)
|
|start
|switch|p1a: Ferrothorn|Ferrothorn, M|100/100
|switch|p2a: Gothitelle|Gothitelle, M|100/100
|turn|1
|
|move|p1a: Ferrothorn|Leech Seed|p2a: Gothitelle
|-start|p2a: Gothitelle|move: Leech Seed
|move|p2a: Gothitelle|Trick Room|p2a: Gothitelle
|-fieldstart|move: Trick Room|[of] p2a: Gothitelle
|
|-damage|p2a: Gothitelle|88/100|[from] Leech Seed|[of] p1a: Ferrothorn
|upkeep
|turn|2
|
|switch|p2a: Copperajah|Copperajah, M|100/100
|move|p1a: Ferrothorn|Stealth Rock|p2a: Copperajah
|-sidestart|p2: Rheinmetal|move: Stealth Rock
|
|upkeep
|turn|3
|
|move|p1a: Ferrothorn|Leech Seed|p2a: Copperajah
|-start|p2a: Copperajah|move: Leech Seed
|move|p2a: Copperajah|Heat Crash|p1a: Ferrothorn
|-supereffective|p1a: Ferrothorn
|-damage|p1a: Ferrothorn|0 fnt
|-damage|p2a: Copperajah|88/100|[from] ability: Iron Barbs|[of] p1a: Ferrothorn
|faint|p1a: Ferrothorn
|
|upkeep
|
|switch|p1a: Pelipper|Pelipper, M|100/100
|-weather|RainDance|[from] ability: Drizzle|[of] p1a: Pelipper
|turn|4
|
|switch|p2a: Gothitelle|Gothitelle, M|88/100
|-damage|p2a: Gothitelle|75/100|[from] Stealth Rock
|move|p1a: Pelipper|Hydro Pump|p2a: Gothitelle
|-damage|p2a: Gothitelle|23/100
|
|-weather|RainDance|[upkeep]
|upkeep
|turn|5
|
|move|p2a: Gothitelle|Thunderbolt|p1a: Pelipper
|-supereffective|p1a: Pelipper
|-damage|p1a: Pelipper|0 fnt
|faint|p1a: Pelipper
|
|-weather|RainDance|[upkeep]
|-fieldend|move: Trick Room
|upkeep
|
|switch|p1a: Gyarados|Gyarados, F|100/100
|turn|6
|
|move|p1a: Gyarados|Waterfall|p2a: Gothitelle
|-damage|p2a: Gothitelle|0 fnt
|faint|p2a: Gothitelle
|-ability|p1a: Gyarados|Moxie|boost
|-boost|p1a: Gyarados|atk|1
|
|-weather|RainDance|[upkeep]
|upkeep
|
|switch|p2a: Avalugg|Avalugg, F|100/100
|-damage|p2a: Avalugg|76/100|[from] Stealth Rock
|turn|7
|
|move|p1a: Gyarados|Waterfall|p2a: Avalugg
|-damage|p2a: Avalugg|36/100
|move|p2a: Avalugg|Rapid Spin|p1a: Gyarados
|-damage|p1a: Gyarados|85/100
|-sideend|p2: Rheinmetal|Stealth Rock|[from] move: Rapid Spin|[of] p2a: Avalugg
|-boost|p2a: Avalugg|spe|1
|
|-weather|RainDance|[upkeep]
|-heal|p1a: Gyarados|91/100|[from] item: Leftovers
|-heal|p2a: Avalugg|42/100|[from] item: Leftovers
|upkeep
|turn|8
|
|-start|p1a: Gyarados|Dynamax
|-heal|p1a: Gyarados|91/100|[silent]
|move|p1a: Gyarados|Max Airstream|p2a: Avalugg
|-crit|p2a: Avalugg
|-damage|p2a: Avalugg|0 fnt
|-boost|p1a: Gyarados|spe|1
|faint|p2a: Avalugg
|-ability|p1a: Gyarados|Moxie|boost
|-boost|p1a: Gyarados|atk|1
|
|-weather|none
|-heal|p1a: Gyarados|97/100|[from] item: Leftovers
|upkeep
|
|switch|p2a: Chandelure|Chandelure, F|100/100
|turn|9
|
|move|p1a: Gyarados|Max Geyser|p2a: Chandelure
|-supereffective|p2a: Chandelure
|-enditem|p2a: Chandelure|Focus Sash
|-damage|p2a: Chandelure|1/100
|-weather|RainDance
|move|p2a: Chandelure|Trick Room|p2a: Chandelure
|-fieldstart|move: Trick Room|[of] p2a: Chandelure
|
|-weather|RainDance|[upkeep]
|-heal|p1a: Gyarados|100/100|[from] item: Leftovers
|upkeep
|turn|10
|
|move|p2a: Chandelure|Memento|p1a: Gyarados
|-unboost|p1a: Gyarados|atk|2
|-unboost|p1a: Gyarados|spa|2
|faint|p2a: Chandelure
|move|p1a: Gyarados|Max Geyser|p2: Chandelure|[notarget]
|-fail|p1a: Gyarados
|
|-weather|RainDance|[upkeep]
|-end|p1a: Gyarados|Dynamax
|-heal|p1a: Gyarados|100/100|[silent]
|upkeep
|
|switch|p2a: Cloyster|Cloyster, F|100/100
|turn|11
|
|move|p2a: Cloyster|Rock Blast|p1a: Gyarados|[miss]
|-miss|p2a: Cloyster|p1a: Gyarados
|move|p1a: Gyarados|Power Whip|p2a: Cloyster
|-supereffective|p2a: Cloyster
|-damage|p2a: Cloyster|37/100
|
|-weather|RainDance|[upkeep]
|upkeep
|turn|12
|
|switch|p1a: Seismitoad|Seismitoad, M|100/100
|move|p2a: Cloyster|Rock Blast|p1a: Seismitoad
|-resisted|p1a: Seismitoad
|-damage|p1a: Seismitoad|94/100
|-resisted|p1a: Seismitoad
|-damage|p1a: Seismitoad|88/100
|-resisted|p1a: Seismitoad
|-damage|p1a: Seismitoad|82/100
|-resisted|p1a: Seismitoad
|-damage|p1a: Seismitoad|75/100
|-resisted|p1a: Seismitoad
|-damage|p1a: Seismitoad|70/100
|-hitcount|p1a: Seismitoad|5
|-damage|p2a: Cloyster|27/100|[from] item: Life Orb
|
|-weather|RainDance|[upkeep]
|upkeep
|turn|13
|
|move|p2a: Cloyster|Icicle Spear|p1a: Seismitoad
|-damage|p1a: Seismitoad|51/100
|-damage|p1a: Seismitoad|33/100
|-damage|p1a: Seismitoad|13/100
|-damage|p1a: Seismitoad|0 fnt
|-hitcount|p1a: Seismitoad|4
|-damage|p2a: Cloyster|17/100|[from] item: Life Orb
|faint|p1a: Seismitoad
|
|-weather|none
|-fieldend|move: Trick Room
|upkeep
|
|switch|p1a: Dracovish|Dracovish|100/100
|turn|14
|
|move|p1a: Dracovish|Fishious Rend|p2a: Cloyster
|-resisted|p2a: Cloyster
|-damage|p2a: Cloyster|0 fnt
|faint|p2a: Cloyster
|
|upkeep
|
|switch|p2a: Hatterene|Hatterene, F|100/100
|turn|15
|
|move|p1a: Dracovish|Fishious Rend|p2a: Hatterene
|-enditem|p2a: Hatterene|Focus Sash
|-damage|p2a: Hatterene|1/100
|move|p2a: Hatterene|Trick Room|p2a: Hatterene
|-fieldstart|move: Trick Room|[of] p2a: Hatterene
|
|upkeep
|turn|16
|
|switch|p1a: Barraskewda|Barraskewda, F|100/100
|-start|p2a: Hatterene|Dynamax
|-formechange|p2a: Hatterene|Hatterene-Gmax|
|-heal|p2a: Hatterene|1/100|[silent]
|move|p2a: Hatterene|G-Max Smite|p1a: Barraskewda
|-damage|p1a: Barraskewda|0 fnt
|faint|p1a: Barraskewda
|
|upkeep
|-message|OUTM Mel forfeited.
|
|win|Rheinmetal
|l|☆OUTM Mel
