|j|☆I'm back from Mars
|j|☆jujumaster4
|inactive|Battle timer is ON: inactive players will automatically lose when time's up.
|t:|1596143559
|player|p1|I'm back from Mars|skierf|
|player|p2|jujumaster4|101|
|teamsize|p1|6
|teamsize|p2|6
|gametype|singles
|gen|8
|tier|[Gen 8] OU
|rated|Tournament battle
|html|<div class="broadcast-blue"><strong>OU is currently suspecting Magearna! For information on how to participate check out the <a href="https://www.smogon.com/forums/threads/3667669/">suspect thread</a>.</strong></div>
|clearpoke
|poke|p1|Hydreigon, F|
|poke|p1|Cinderace, F|
|poke|p1|Scizor, F|
|poke|p1|Slowbro, F|
|poke|p1|Clefable, F|
|poke|p1|Rotom-Heat|
|poke|p2|Rillaboom, F|
|poke|p2|Chansey, F|
|poke|p2|Cinderace, F|
|poke|p2|Hawlucha, F|
|poke|p2|Magearna|
|poke|p2|Excadrill, F|
|rule|Sleep Clause Mod: Limit one foe put to sleep
|rule|Species Clause: Limit one of each Pokémon
|rule|OHKO Clause: OHKO moves are banned
|rule|Evasion Moves Clause: Evasion moves are banned
|rule|Endless Battle Clause: Forcing endless battles is banned
|rule|HP Percentage Mod: HP is shown in percentages
|rule|Dynamax Clause: You cannot dynamax
|teampreview
|j| Gimme that cake
|j| Kamilsen
|j| Uyulala
|j| caloonn
|j| epsilon_xd
|j| hawk2775
|j| OUTM testingg
|c|☆jujumaster4|glhf :)
|j| arcsin180°
|j| 420+illuminarti
|c|☆I'm back from Mars|gl
|
|t:|1596143573
|start
|switch|p1a: Cinderace|Cinderace, F|100/100
|switch|p2a: Cinderace|Cinderace, F|100/100
|turn|1
|
|t:|1596143579
|switch|p1a: Slowbro|Slowbro, F|100/100
|move|p2a: Cinderace|High Jump Kick|p1a: Slowbro
|-start|p2a: Cinderace|typechange|Fighting|[from] ability: Libero
|-resisted|p1a: Slowbro
|-damage|p1a: Slowbro|75/100
|-damage|p2a: Cinderace|91/100|[from] item: Life Orb
|
|upkeep
|turn|2
|j| That Drippp
|j|%gomikyu
|
|t:|1596143587
|move|p2a: Cinderace|U-turn|p1a: Slowbro
|-start|p2a: Cinderace|typechange|Bug|[from] ability: Libero
|-supereffective|p1a: Slowbro
|-damage|p1a: Slowbro|21/100
|-damage|p2a: Cinderace|81/100|[from] item: Life Orb
|
|t:|1596143598
|switch|p2a: Rillaboom|Rillaboom, F|100/100|[from]move: U-turn
|-fieldstart|move: Grassy Terrain|[from] ability: Grassy Surge|[of] p2a: Rillaboom
|move|p1a: Slowbro|Teleport|p1a: Slowbro
|j| Shea for the Win
|j| FunnyValentine v_v
|j| dapandanerd
|j| cypherstest
|c|☆jujumaster4|hehehe i love it
|j| Zombini62
|j| HollowFishBone
|c|☆jujumaster4|i used to really dislike u-turn stuff when i first played
|c|☆jujumaster4|but it's grown on me
|inactive|I'm back from Mars has 120 seconds left.
|l| FunnyValentine v_v
|
|t:|1596143638
|switch|p1a: Cinderace|Cinderace, F|100/100|[from]move: Teleport
|
|upkeep
|turn|3
|j| M76/MOIST
|inactive|I'm back from Mars has 120 seconds left.
|c| 420+illuminarti|u turn good move
|l| OUTM testingg
|inactive|jujumaster4 has 120 seconds left.
|
|t:|1596143670
|switch|p2a: Cinderace|Cinderace, F|81/100
|move|p1a: Cinderace|U-turn|p2a: Cinderace
|-start|p1a: Cinderace|typechange|Bug|[from] ability: Libero
|-resisted|p2a: Cinderace
|-damage|p2a: Cinderace|55/100
|inactive|I'm back from Mars has 120 seconds left.
|
|t:|1596143679
|switch|p1a: Rotom|Rotom-Heat|100/100|[from]move: U-turn
|
|-heal|p2a: Cinderace|61/100|[from] Grassy Terrain
|upkeep
|turn|4
|
|t:|1596143689
|move|p2a: Cinderace|High Jump Kick|p1a: Rotom
|-start|p2a: Cinderace|typechange|Fighting|[from] ability: Libero
|-damage|p1a: Rotom|18/100
|-damage|p2a: Cinderace|51/100|[from] item: Life Orb
|move|p1a: Rotom|Volt Switch|p2a: Cinderace
|-damage|p2a: Cinderace|13/100
|inactive|I'm back from Mars has 120 seconds left.
|l| Shea for the Win
|
|t:|1596143708
|switch|p1a: Scizor|Scizor, F|100/100|[from]move: Volt Switch
|
|-heal|p2a: Cinderace|19/100|[from] Grassy Terrain
|upkeep
|turn|5
|j| BGMT
|
|t:|1596143715
|move|p1a: Scizor|Bullet Punch|p2a: Cinderace
|-damage|p2a: Cinderace|0 fnt
|faint|p2a: Cinderace
|
|upkeep
|
|t:|1596143739
|switch|p2a: Hawlucha|Hawlucha, F|100/100
|-enditem|p2a: Hawlucha|Grassy Seed
|-boost|p2a: Hawlucha|def|1|[from] item: Grassy Seed
|turn|6
|l| Zombini62
|
|t:|1596143753
|move|p2a: Hawlucha|Acrobatics|p1a: Scizor
|-damage|p1a: Scizor|53/100
|move|p1a: Scizor|U-turn|p2a: Hawlucha
|-resisted|p2a: Hawlucha
|-damage|p2a: Hawlucha|94/100
|
|t:|1596143759
|switch|p1a: Clefable|Clefable, F|100/100|[from]move: U-turn
|
|-fieldend|move: Grassy Terrain
|upkeep
|turn|7
|
|t:|1596143774
|switch|p2a: Excadrill|Excadrill, F|100/100
|-ability|p2a: Excadrill|Mold Breaker
|move|p1a: Clefable|Moonblast|p2a: Excadrill
|-resisted|p2a: Excadrill
|-damage|p2a: Excadrill|79/100
|
|upkeep
|turn|8
|
|t:|1596143782
|switch|p1a: Slowbro|Slowbro, F|54/100
|move|p2a: Excadrill|High Horsepower|p1a: Slowbro
|-damage|p1a: Slowbro|18/100
|-damage|p2a: Excadrill|69/100|[from] item: Life Orb
|
|upkeep
|turn|9
|
|t:|1596143798
|switch|p1a: Hydreigon|Hydreigon, F|100/100
|move|p2a: Excadrill|Rapid Spin|p1a: Hydreigon
|-damage|p1a: Hydreigon|75/100
|-boost|p2a: Excadrill|spe|1
|-damage|p2a: Excadrill|59/100|[from] item: Life Orb
|
|upkeep
|turn|10
|
|t:|1596143809
|move|p2a: Excadrill|X-Scissor|p1a: Hydreigon
|-supereffective|p1a: Hydreigon
|-damage|p1a: Hydreigon|0 fnt
|-damage|p2a: Excadrill|49/100|[from] item: Life Orb
|faint|p1a: Hydreigon
|
|upkeep
|inactive|I'm back from Mars has 120 seconds left.
|
|t:|1596143841
|switch|p1a: Slowbro|Slowbro, F|51/100
|turn|11
|c|☆jujumaster4|this is really fun so far :D
|
|t:|1596143847
|move|p2a: Excadrill|X-Scissor|p1a: Slowbro
|-supereffective|p1a: Slowbro
|-damage|p1a: Slowbro|8/100
|-damage|p2a: Excadrill|39/100|[from] item: Life Orb
|move|p1a: Slowbro|Scald|p2a: Excadrill
|-supereffective|p2a: Excadrill
|-damage|p2a: Excadrill|0 fnt
|faint|p2a: Excadrill
|
|upkeep
|c| 420+illuminarti|?????
|c| 420+illuminarti|hit'em with the mf X
|inactive|jujumaster4 has 120 seconds left.
|c| That Drippp|EQ=150
|c| 420+illuminarti|shhhhh
|
|t:|1596143883
|switch|p2a: Rillaboom|Rillaboom, F|100/100
|-fieldstart|move: Grassy Terrain|[from] ability: Grassy Surge|[of] p2a: Rillaboom
|turn|12
|c| 420+illuminarti|its the tech !!
|
|t:|1596143891
|switch|p1a: Scizor|Scizor, F|53/100
|move|p2a: Rillaboom|Knock Off|p1a: Scizor
|-damage|p1a: Scizor|3/100
|-enditem|p1a: Scizor|Leftovers|[from] move: Knock Off|[of] p2a: Rillaboom
|
|-heal|p1a: Scizor|9/100|[from] Grassy Terrain
|upkeep
|turn|13
|c| arcsin180°|bet his last move is steel roller
|c| arcsin180°|that would be fucking fire
|inactive|jujumaster4 has 120 seconds left.
|c|☆jujumaster4|on who? :0
|c| arcsin180°|excadrill
|j| maticam
|c|☆jujumaster4|high horsepower/rapid/iron head/x-scissor
|c| maticam|yoooooo
|c| arcsin180°|shoulda used steel roller
|inactive|jujumaster4 has 90 seconds left.
|
|t:|1596143931
|move|p2a: Rillaboom|Knock Off|p1a: Scizor
|-damage|p1a: Scizor|0 fnt
|faint|p1a: Scizor
|
|upkeep
|
|t:|1596143937
|switch|p1a: Cinderace|Cinderace, F|100/100
|turn|14
|
|t:|1596143944
|move|p1a: Cinderace|Pyro Ball|p2a: Rillaboom
|-supereffective|p2a: Rillaboom
|-damage|p2a: Rillaboom|0 fnt
|faint|p2a: Rillaboom
|
|upkeep
|
|t:|1596143950
|switch|p2a: Chansey|Chansey, F|100/100
|turn|15
|
|t:|1596143952
|move|p1a: Cinderace|U-turn|p2a: Chansey
|-start|p1a: Cinderace|typechange|Bug|[from] ability: Libero
|-damage|p2a: Chansey|75/100
|
|t:|1596143958
|switch|p1a: Clefable|Clefable, F|100/100|[from]move: U-turn
|move|p2a: Chansey|Counter|p1a: Clefable
|-damage|p1a: Clefable|16/100
|
|-heal|p1a: Clefable|22/100|[from] Grassy Terrain
|-heal|p2a: Chansey|81/100|[from] Grassy Terrain
|upkeep
|turn|16
|inactive|jujumaster4 has 120 seconds left.
|c|☆jujumaster4|d'aw
|c|☆jujumaster4|one of the rare times i wish i had been hit harder
|
|t:|1596143983
|move|p1a: Clefable|Soft-Boiled|p1a: Clefable
|-heal|p1a: Clefable|72/100
|move|p2a: Chansey|Seismic Toss|p1a: Clefable
|-damage|p1a: Clefable|47/100
|
|-heal|p1a: Clefable|53/100|[from] Grassy Terrain
|-heal|p2a: Chansey|87/100|[from] Grassy Terrain
|-fieldend|move: Grassy Terrain
|upkeep
|turn|17
|
|t:|1596143994
|switch|p2a: Magearna|Magearna|100/100
|move|p1a: Clefable|Trick|p2a: Magearna
|-activate|p1a: Clefable|move: Trick|[of] p2a: Magearna
|-item|p2a: Magearna|Sticky Barb|[from] move: Trick
|-item|p1a: Clefable|Leftovers|[from] move: Trick
|
|-heal|p1a: Clefable|59/100|[from] item: Leftovers
|-damage|p2a: Magearna|88/100|[from] item: Sticky Barb
|upkeep
|turn|18
|
|t:|1596144002
|switch|p1a: Cinderace|Cinderace, F|100/100
|move|p2a: Magearna|Shift Gear|p2a: Magearna
|-boost|p2a: Magearna|spe|2
|-boost|p2a: Magearna|atk|1
|
|-damage|p2a: Magearna|75/100|[from] item: Sticky Barb
|upkeep
|turn|19
|c| maticam|oh boy
|
|t:|1596144014
|move|p2a: Magearna|Stored Power|p1a: Cinderace
|-damage|p1a: Cinderace|59/100
|move|p1a: Cinderace|Pyro Ball|p2a: Magearna
|-supereffective|p2a: Magearna
|-damage|p2a: Magearna|0 fnt
|faint|p2a: Magearna
|
|upkeep
|j| Heatah Knights
|c|☆jujumaster4|hm, probably game
|
|t:|1596144028
|switch|p2a: Hawlucha|Hawlucha, F|94/100
|turn|20
|j| K Rool Rules
|l| Heatah Knights
|
|t:|1596144036
|move|p1a: Cinderace|Pyro Ball|p2a: Hawlucha
|-damage|p2a: Hawlucha|22/100
|move|p2a: Hawlucha|Acrobatics|p1a: Cinderace
|-damage|p1a: Cinderace|0 fnt
|faint|p1a: Cinderace
|
|upkeep
|
|t:|1596144042
|switch|p1a: Clefable|Clefable, F|59/100
|turn|21
|
|t:|1596144049
|move|p2a: Hawlucha|Acrobatics|p1a: Clefable
|-damage|p1a: Clefable|21/100
|move|p1a: Clefable|Moonblast|p2a: Hawlucha
|-supereffective|p2a: Hawlucha
|-damage|p2a: Hawlucha|0 fnt
|faint|p2a: Hawlucha
|
|-heal|p1a: Clefable|27/100|[from] item: Leftovers
|upkeep
|
|t:|1596144059
|switch|p2a: Chansey|Chansey, F|87/100
|turn|22
|l| arcsin180°
|l| K Rool Rules
|
|t:|1596144064
|move|p1a: Clefable|Soft-Boiled|p1a: Clefable
|-heal|p1a: Clefable|77/100
|move|p2a: Chansey|Toxic|p1a: Clefable
|-status|p1a: Clefable|tox
|
|-heal|p1a: Clefable|83/100 tox|[from] item: Leftovers
|upkeep
|turn|23
|inactive|jujumaster4 has 120 seconds left.
|c|☆jujumaster4|well
|l| Kamilsen
|c|☆jujumaster4|this will be a super interesting end to the tourney :')
|
|t:|1596144090
|switch|p1a: Slowbro|Slowbro, F|41/100
|move|p2a: Chansey|Seismic Toss|p1a: Slowbro
|-damage|p1a: Slowbro|16/100
|
|upkeep
|turn|24
|c| That Drippp|Pink Mons
|
|t:|1596144096
|switch|p1a: Clefable|Clefable, F|83/100 tox
|move|p2a: Chansey|Seismic Toss|p1a: Clefable
|-damage|p1a: Clefable|58/100 tox
|
|-heal|p1a: Clefable|64/100 tox|[from] item: Leftovers
|upkeep
|turn|25
|
|t:|1596144106
|switch|p1a: Slowbro|Slowbro, F|49/100
|move|p2a: Chansey|Toxic|p1a: Slowbro
|-status|p1a: Slowbro|tox
|
|-damage|p1a: Slowbro|43/100 tox|[from] psn
|upkeep
|turn|26
|j| berunkasuteru ☭
|
|t:|1596144114
|move|p2a: Chansey|Seismic Toss|p1a: Slowbro
|-damage|p1a: Slowbro|17/100 tox
|move|p1a: Slowbro|Teleport|p1a: Slowbro
|
|t:|1596144116
|switch|p1a: Rotom|Rotom-Heat|18/100|[from]move: Teleport
|
|upkeep
|turn|27
|
|t:|1596144121
|move|p1a: Rotom|Pain Split|p2a: Chansey
|-sethp|p2a: Chansey|48/100|[from] move: Pain Split|[silent]
|-sethp|p1a: Rotom|100/100|[from] move: Pain Split
|move|p2a: Chansey|Seismic Toss|p1a: Rotom
|-damage|p1a: Rotom|68/100
|
|upkeep
|turn|28
|l|%gomikyu
|c|☆jujumaster4|lmao
|c|☆jujumaster4|oh yeah i just lose then lol
|
|t:|1596144131
|move|p1a: Rotom|Toxic|p2a: Chansey
|-status|p2a: Chansey|tox
|move|p2a: Chansey|Toxic|p1a: Rotom
|-status|p1a: Rotom|tox
|
|-damage|p1a: Rotom|61/100 tox|[from] psn
|-damage|p2a: Chansey|42/100 tox|[from] psn
|upkeep
|turn|29
|c|☆jujumaster4|aight gg :)
|c|☆I'm back from Mars|gg
|-message|jujumaster4 forfeited.
|
|win|I'm back from Mars
