|j|☆Kwaall25
|j|☆2(H2O)
|t:|1653110994
|gametype|singles
|player|p1|Kwaall25|guzma|1556
|player|p2|2(H2O)|viola|1564
|teamsize|p1|6
|teamsize|p2|6
|gen|8
|tier|[Gen 8] OU
|rated|
|rule|Sleep Clause Mod: Limit one foe put to sleep
|rule|Species Clause: Limit one of each Pokémon
|rule|OHKO Clause: OHKO moves are banned
|rule|Evasion Moves Clause: Evasion moves are banned
|rule|Endless Battle Clause: Forcing endless battles is banned
|rule|HP Percentage Mod: HP is shown in percentages
|rule|Dynamax Clause: You cannot dynamax
|clearpoke
|poke|p1|Dracozolt|
|poke|p1|Hippowdon, F|
|poke|p1|Tapu Fini|
|poke|p1|Ferrothorn, F|
|poke|p1|Blacephalon|
|poke|p1|Mandibuzz, F|
|poke|p2|Blastoise, M|
|poke|p2|Pelipper, M|
|poke|p2|Scizor, M|
|poke|p2|Ferrothorn, M|
|poke|p2|Barraskewda, M|
|poke|p2|Thundurus-Therian, M|
|teampreview
|j| PeachCrusher69
|
|t:|1653111012
|start
|switch|p1a: Dracozolt|Dracozolt, shiny|100/100
|switch|p2a: Pelipper|Pelipper, M, shiny|100/100
|-weather|RainDance|[from] ability: Drizzle|[of] p2a: Pelipper
|turn|1
|inactive|Battle timer is ON: inactive players will automatically lose when time's up. (requested by 2(H2O))
|
|t:|1653111019
|switch|p1a: Blacephalon|Blacephalon, shiny|100/100
|switch|p2a: Ferrothorn|Ferrothorn, M, shiny|100/100
|
|-weather|RainDance|[upkeep]
|upkeep
|turn|2
|
|t:|1653111025
|switch|p2a: Thundurus|Thundurus-Therian, M, shiny|100/100
|move|p1a: Blacephalon|Trick|p2a: Thundurus
|-activate|p1a: Blacephalon|move: Trick|[of] p2a: Thundurus
|-item|p2a: Thundurus|Choice Scarf|[from] move: Trick
|-item|p1a: Blacephalon|Heavy-Duty Boots|[from] move: Trick
|
|-weather|RainDance|[upkeep]
|upkeep
|turn|3
|
|t:|1653111037
|switch|p2a: Barraskewda|Barraskewda, M|100/100
|switch|p1a: Hippowdon|Hippowdon, F|100/100
|-weather|Sandstorm|[from] ability: Sand Stream|[of] p1a: Hippowdon
|
|-weather|Sandstorm|[upkeep]
|-damage|p2a: Barraskewda|94/100|[from] Sandstorm
|upkeep
|turn|4
|
|t:|1653111045
|switch|p1a: Ferrothorn|Ferrothorn, F|100/100
|move|p2a: Barraskewda|Close Combat|p1a: Ferrothorn
|-supereffective|p1a: Ferrothorn
|-damage|p1a: Ferrothorn|28/100
|-unboost|p2a: Barraskewda|def|1
|-unboost|p2a: Barraskewda|spd|1
|-damage|p2a: Barraskewda|82/100|[from] ability: Iron Barbs|[of] p1a: Ferrothorn
|-damage|p2a: Barraskewda|66/100|[from] item: Rocky Helmet|[of] p1a: Ferrothorn
|
|-weather|Sandstorm|[upkeep]
|-damage|p2a: Barraskewda|60/100|[from] Sandstorm
|upkeep
|turn|5
|j| un om reunionnais
|l| un om reunionnais
|
|t:|1653111057
|switch|p2a: Pelipper|Pelipper, M, shiny|100/100
|-weather|RainDance|[from] ability: Drizzle|[of] p2a: Pelipper
|move|p1a: Ferrothorn|Spikes|p2a: Pelipper
|-sidestart|p2: 2(H2O)|Spikes
|
|-weather|RainDance|[upkeep]
|upkeep
|turn|6
|
|t:|1653111063
|move|p2a: Pelipper|Hurricane|p1a: Ferrothorn
|-damage|p1a: Ferrothorn|0 fnt
|faint|p1a: Ferrothorn
|
|-weather|RainDance|[upkeep]
|upkeep
|
|t:|1653111070
|switch|p1a: Dracozolt|Dracozolt, shiny|100/100
|turn|7
|
|t:|1653111077
|switch|p2a: Ferrothorn|Ferrothorn, M, shiny|100/100
|-damage|p2a: Ferrothorn|88/100|[from] Spikes
|move|p1a: Dracozolt|Bolt Beak|p2a: Ferrothorn
|-resisted|p2a: Ferrothorn
|-damage|p2a: Ferrothorn|60/100
|-damage|p1a: Dracozolt|88/100|[from] ability: Iron Barbs|[of] p2a: Ferrothorn
|-damage|p1a: Dracozolt|78/100|[from] item: Life Orb
|
|-weather|RainDance|[upkeep]
|-heal|p2a: Ferrothorn|67/100|[from] item: Leftovers
|upkeep
|turn|8
|
|t:|1653111090
|move|p1a: Dracozolt|Fire Blast|p2a: Ferrothorn
|-supereffective|p2a: Ferrothorn
|-damage|p2a: Ferrothorn|16/100
|-damage|p1a: Dracozolt|68/100|[from] item: Life Orb
|move|p2a: Ferrothorn|Stealth Rock|p1a: Dracozolt
|-sidestart|p1: Kwaall25|move: Stealth Rock
|
|-weather|RainDance|[upkeep]
|-heal|p2a: Ferrothorn|23/100|[from] item: Leftovers
|upkeep
|turn|9
|
|t:|1653111099
|move|p1a: Dracozolt|Earthquake|p2a: Ferrothorn
|-damage|p2a: Ferrothorn|1/100
|-damage|p1a: Dracozolt|58/100|[from] item: Life Orb
|move|p2a: Ferrothorn|Leech Seed|p1a: Dracozolt
|-start|p1a: Dracozolt|move: Leech Seed
|
|-weather|RainDance|[upkeep]
|-heal|p2a: Ferrothorn|7/100|[from] item: Leftovers
|-damage|p1a: Dracozolt|46/100|[from] Leech Seed|[of] p2a: Ferrothorn
|-heal|p2a: Ferrothorn|18/100|[silent]
|upkeep
|turn|10
|
|t:|1653111110
|switch|p1a: Blacephalon|Blacephalon, shiny|100/100
|switch|p2a: Thundurus|Thundurus-Therian, M, shiny|100/100
|
|-weather|RainDance|[upkeep]
|upkeep
|turn|11
|
|t:|1653111117
|switch|p1a: Hippowdon|Hippowdon, F|100/100
|-damage|p1a: Hippowdon|94/100|[from] Stealth Rock
|-weather|Sandstorm|[from] ability: Sand Stream|[of] p1a: Hippowdon
|move|p2a: Thundurus|Weather Ball|p1a: Hippowdon
|-resisted|p1a: Hippowdon
|-damage|p1a: Hippowdon|81/100
|
|-weather|Sandstorm|[upkeep]
|-damage|p2a: Thundurus|94/100|[from] Sandstorm
|upkeep
|turn|12
|
|t:|1653111128
|switch|p2a: Pelipper|Pelipper, M, shiny|100/100
|-weather|RainDance|[from] ability: Drizzle|[of] p2a: Pelipper
|move|p1a: Hippowdon|Stealth Rock|p2a: Pelipper
|-sidestart|p2: 2(H2O)|move: Stealth Rock
|
|-weather|RainDance|[upkeep]
|upkeep
|turn|13
|
|t:|1653111135
|switch|p2a: Scizor|Scizor, M|100/100
|switch|p1a: Tapu Fini|Tapu Fini, shiny|100/100
|-damage|p1a: Tapu Fini|88/100|[from] Stealth Rock
|-fieldstart|move: Misty Terrain|[from] ability: Misty Surge|[of] p1a: Tapu Fini
|
|-weather|RainDance|[upkeep]
|-heal|p1a: Tapu Fini|94/100|[from] item: Leftovers
|upkeep
|turn|14
|
|t:|1653111145
|move|p1a: Tapu Fini|Taunt|p2a: Scizor
|-start|p2a: Scizor|move: Taunt
|cant|p2a: Scizor|move: Taunt|Defog
|
|-weather|RainDance|[upkeep]
|-heal|p1a: Tapu Fini|99/100|[from] item: Leftovers
|upkeep
|turn|15
|
|t:|1653111151
|move|p1a: Tapu Fini|Nature's Madness|p2a: Scizor
|-damage|p2a: Scizor|51/100
|move|p2a: Scizor|Knock Off|p1a: Tapu Fini
|-resisted|p1a: Tapu Fini
|-damage|p1a: Tapu Fini|89/100
|-enditem|p1a: Tapu Fini|Leftovers|[from] move: Knock Off|[of] p2a: Scizor
|
|-weather|RainDance|[upkeep]
|upkeep
|turn|16
|
|t:|1653111159
|switch|p2a: Thundurus|Thundurus-Therian, M, shiny|94/100
|-damage|p2a: Thundurus|70/100|[from] Stealth Rock
|move|p1a: Tapu Fini|Whirlpool|p2a: Thundurus
|-damage|p2a: Thundurus|44/100
|-activate|p2a: Thundurus|move: Whirlpool|[of] p1a: Tapu Fini
|
|-weather|RainDance|[upkeep]
|-damage|p2a: Thundurus|32/100|[from] move: Whirlpool|[partiallytrapped]
|upkeep
|turn|17
|
|t:|1653111171
|switch|p1a: Hippowdon|Hippowdon, F|81/100
|-damage|p1a: Hippowdon|75/100|[from] Stealth Rock
|-weather|Sandstorm|[from] ability: Sand Stream|[of] p1a: Hippowdon
|move|p2a: Thundurus|Focus Blast|p1a: Hippowdon|[miss]
|-miss|p2a: Thundurus|p1a: Hippowdon
|
|-weather|Sandstorm|[upkeep]
|-damage|p2a: Thundurus|26/100|[from] Sandstorm
|-end|p2a: Thundurus|Whirlpool|[partiallytrapped]|[silent]
|-fieldend|Misty Terrain
|upkeep
|turn|18
|
|t:|1653111181
|move|p2a: Thundurus|Focus Blast|p1a: Hippowdon|[miss]
|-miss|p2a: Thundurus|p1a: Hippowdon
|move|p1a: Hippowdon|Roar|p2a: Thundurus
|drag|p2a: Barraskewda|Barraskewda, M|60/100
|-damage|p2a: Barraskewda|48/100|[from] Spikes
|-damage|p2a: Barraskewda|35/100|[from] Stealth Rock
|
|-weather|Sandstorm|[upkeep]
|-damage|p2a: Barraskewda|29/100|[from] Sandstorm
|upkeep
|turn|19
|
|t:|1653111191
|switch|p1a: Mandibuzz|Mandibuzz, F|100/100
|move|p2a: Barraskewda|Flip Turn|p1a: Mandibuzz
|-damage|p1a: Mandibuzz|68/100
|
|t:|1653111196
|switch|p2a: Scizor|Scizor, M|51/100|[from]move: Flip Turn
|
|-weather|Sandstorm|[upkeep]
|upkeep
|turn|20
|
|t:|1653111200
|move|p1a: Mandibuzz|U-turn|p2a: Scizor
|-resisted|p2a: Scizor
|-damage|p2a: Scizor|47/100
|
|t:|1653111202
|switch|p1a: Blacephalon|Blacephalon, shiny|100/100|[from]move: U-turn
|move|p2a: Scizor|Defog|p1a: Blacephalon
|-unboost|p1a: Blacephalon|evasion|1
|-sideend|p1: Kwaall25|Stealth Rock|[from] move: Defog|[of] p2a: Scizor
|-sideend|p2: 2(H2O)|Spikes|[from] move: Defog|[of] p2a: Scizor
|-sideend|p2: 2(H2O)|Stealth Rock|[from] move: Defog|[of] p2a: Scizor
|
|-weather|Sandstorm|[upkeep]
|-damage|p1a: Blacephalon|94/100|[from] Sandstorm
|upkeep
|turn|21
|
|t:|1653111211
|switch|p2a: Thundurus|Thundurus-Therian, M, shiny|26/100
|move|p1a: Blacephalon|Shadow Ball|p2a: Thundurus
|-damage|p2a: Thundurus|0 fnt
|faint|p2a: Thundurus
|-ability|p1a: Blacephalon|Beast Boost|boost
|-boost|p1a: Blacephalon|spa|1
|
|-weather|Sandstorm|[upkeep]
|-damage|p1a: Blacephalon|88/100|[from] Sandstorm
|upkeep
|
|t:|1653111221
|switch|p2a: Barraskewda|Barraskewda, M|29/100
|turn|22
|
|t:|1653111225
|switch|p1a: Tapu Fini|Tapu Fini, shiny|89/100
|-fieldstart|move: Misty Terrain|[from] ability: Misty Surge|[of] p1a: Tapu Fini
|move|p2a: Barraskewda|Flip Turn|p1a: Tapu Fini
|-resisted|p1a: Tapu Fini
|-damage|p1a: Tapu Fini|71/100
|
|t:|1653111232
|switch|p2a: Ferrothorn|Ferrothorn, M, shiny|18/100|[from]move: Flip Turn
|
|-weather|Sandstorm|[upkeep]
|-damage|p1a: Tapu Fini|65/100|[from] Sandstorm
|-heal|p2a: Ferrothorn|25/100|[from] item: Leftovers
|upkeep
|turn|23
|
|t:|1653111238
|switch|p1a: Blacephalon|Blacephalon, shiny|88/100
|move|p2a: Ferrothorn|Stealth Rock|p1a: Blacephalon
|-sidestart|p1: Kwaall25|move: Stealth Rock
|
|-weather|Sandstorm|[upkeep]
|-damage|p1a: Blacephalon|82/100|[from] Sandstorm
|-heal|p2a: Ferrothorn|31/100|[from] item: Leftovers
|upkeep
|turn|24
|
|t:|1653111247
|move|p1a: Blacephalon|Shadow Ball|p2a: Ferrothorn
|-damage|p2a: Ferrothorn|0 fnt
|faint|p2a: Ferrothorn
|-ability|p1a: Blacephalon|Beast Boost|boost
|-boost|p1a: Blacephalon|spa|1
|
|-weather|none
|upkeep
|
|t:|1653111253
|switch|p2a: Barraskewda|Barraskewda, M|29/100
|turn|25
|
|t:|1653111270
|switch|p1a: Tapu Fini|Tapu Fini, shiny|65/100
|-damage|p1a: Tapu Fini|52/100|[from] Stealth Rock
|move|p2a: Barraskewda|Flip Turn|p1a: Tapu Fini
|-resisted|p1a: Tapu Fini
|-damage|p1a: Tapu Fini|35/100
|
|t:|1653111280
|switch|p2a: Pelipper|Pelipper, M, shiny|100/100|[from]move: Flip Turn
|-weather|RainDance|[from] ability: Drizzle|[of] p2a: Pelipper
|
|-weather|RainDance|[upkeep]
|upkeep
|turn|26
|
|t:|1653111289
|move|p1a: Tapu Fini|Nature's Madness|p2a: Pelipper
|-damage|p2a: Pelipper|51/100
|move|p2a: Pelipper|U-turn|p1a: Tapu Fini
|-resisted|p1a: Tapu Fini
|-damage|p1a: Tapu Fini|32/100
|
|t:|1653111294
|switch|p2a: Barraskewda|Barraskewda, M|29/100|[from]move: U-turn
|
|-weather|RainDance|[upkeep]
|-fieldend|Misty Terrain
|upkeep
|turn|27
|
|t:|1653111299
|move|p2a: Barraskewda|Flip Turn|p1a: Tapu Fini
|-resisted|p1a: Tapu Fini
|-damage|p1a: Tapu Fini|7/100
|
|t:|1653111303
|switch|p2a: Scizor|Scizor, M|47/100|[from]move: Flip Turn
|move|p1a: Tapu Fini|Moonblast|p2a: Scizor
|-resisted|p2a: Scizor
|-damage|p2a: Scizor|28/100
|
|-weather|RainDance|[upkeep]
|upkeep
|turn|28
|
|t:|1653111310
|switch|p1a: Hippowdon|Hippowdon, F|75/100
|-damage|p1a: Hippowdon|69/100|[from] Stealth Rock
|-weather|Sandstorm|[from] ability: Sand Stream|[of] p1a: Hippowdon
|move|p2a: Scizor|U-turn|p1a: Hippowdon
|-damage|p1a: Hippowdon|46/100
|
|t:|1653111317
|switch|p2a: Barraskewda|Barraskewda, M|29/100|[from]move: U-turn
|
|-weather|Sandstorm|[upkeep]
|-damage|p2a: Barraskewda|23/100|[from] Sandstorm
|upkeep
|turn|29
|
|t:|1653111323
|switch|p1a: Tapu Fini|Tapu Fini, shiny|7/100
|-damage|p1a: Tapu Fini|0 fnt|[from] Stealth Rock
|faint|p1a: Tapu Fini
|move|p2a: Barraskewda|Liquidation|p1: Tapu Fini|[notarget]
|-fail|p2a: Barraskewda
|
|-weather|Sandstorm|[upkeep]
|-damage|p2a: Barraskewda|17/100|[from] Sandstorm
|upkeep
|
|t:|1653111325
|switch|p1a: Dracozolt|Dracozolt, shiny|46/100
|-damage|p1a: Dracozolt|33/100|[from] Stealth Rock
|turn|30
|
|t:|1653111333
|switch|p2a: Pelipper|Pelipper, M, shiny|51/100
|-weather|RainDance|[from] ability: Drizzle|[of] p2a: Pelipper
|move|p1a: Dracozolt|Bolt Beak|p2a: Pelipper
|-supereffective|p2a: Pelipper
|-damage|p2a: Pelipper|0 fnt
|faint|p2a: Pelipper
|-damage|p1a: Dracozolt|23/100|[from] item: Life Orb
|
|-weather|RainDance|[upkeep]
|upkeep
|
|t:|1653111342
|switch|p2a: Barraskewda|Barraskewda, M|17/100
|turn|31
|
|t:|1653111346
|switch|p1a: Hippowdon|Hippowdon, F|46/100
|-damage|p1a: Hippowdon|40/100|[from] Stealth Rock
|-weather|Sandstorm|[from] ability: Sand Stream|[of] p1a: Hippowdon
|move|p2a: Barraskewda|Flip Turn|p1a: Hippowdon
|-supereffective|p1a: Hippowdon
|-damage|p1a: Hippowdon|0 fnt
|faint|p1a: Hippowdon
|
|t:|1653111354
|switch|p2a: Scizor|Scizor, M|28/100|[from]move: Flip Turn
|
|-weather|Sandstorm|[upkeep]
|upkeep
|
|t:|1653111357
|switch|p1a: Blacephalon|Blacephalon, shiny|82/100
|turn|32
|
|t:|1653111361
|move|p1a: Blacephalon|Flamethrower|p2a: Scizor
|-supereffective|p2a: Scizor
|-damage|p2a: Scizor|0 fnt
|faint|p2a: Scizor
|-ability|p1a: Blacephalon|Beast Boost|boost
|-boost|p1a: Blacephalon|spa|1
|
|-weather|Sandstorm|[upkeep]
|-damage|p1a: Blacephalon|76/100|[from] Sandstorm
|upkeep
|
|t:|1653111368
|switch|p2a: Barraskewda|Barraskewda, M|17/100
|turn|33
|
|t:|1653111372
|move|p2a: Barraskewda|Flip Turn|p1a: Blacephalon
|-supereffective|p1a: Blacephalon
|-damage|p1a: Blacephalon|0 fnt
|faint|p1a: Blacephalon
|
|t:|1653111376
|switch|p2a: Blastoise|Blastoise, M|100/100|[from]move: Flip Turn
|
|-weather|Sandstorm|[upkeep]
|-damage|p2a: Blastoise|94/100|[from] Sandstorm
|upkeep
|
|t:|1653111380
|switch|p1a: Dracozolt|Dracozolt, shiny|23/100
|-damage|p1a: Dracozolt|11/100|[from] Stealth Rock
|turn|34
|
|t:|1653111387
|move|p1a: Dracozolt|Bolt Beak|p2a: Blastoise
|-supereffective|p2a: Blastoise
|-damage|p2a: Blastoise|0 fnt
|faint|p2a: Blastoise
|-damage|p1a: Dracozolt|1/100|[from] item: Life Orb
|
|-weather|Sandstorm|[upkeep]
|upkeep
|
|t:|1653111392
|switch|p2a: Barraskewda|Barraskewda, M|17/100
|turn|35
|
|t:|1653111395
|move|p1a: Dracozolt|Bolt Beak|p2a: Barraskewda
|-supereffective|p2a: Barraskewda
|-damage|p2a: Barraskewda|0 fnt
|faint|p2a: Barraskewda
|-damage|p1a: Dracozolt|0 fnt|[from] item: Life Orb
|faint|p1a: Dracozolt
|
|win|Kwaall25
|raw|Kwaall25's rating: 1556 &rarr; <strong>1576</strong><br />(+20 for winning)
|raw|2(H2O)'s rating: 1564 &rarr; <strong>1544</strong><br />(-20 for losing)
|c|☆Kwaall25|gg
|l|☆2(H2O)
