|raw|<div class="broadcast-blue"><strong>This battle is required to be public due to a player having a name prefixed by 'LT71LX'.</div>
|j|☆Lenape
|j|☆lt71lx kingpin
|t:|1597327660
|player|p1|Lenape|101|1799
|player|p2|lt71lx kingpin|morty-gen2|1853
|teamsize|p1|6
|teamsize|p2|6
|gametype|singles
|gen|8
|tier|[Gen 8] OU
|rated|
|clearpoke
|poke|p1|Rotom-Heat|
|poke|p1|Corviknight, F|
|poke|p1|Sylveon, F|
|poke|p1|Rhyperior, M|
|poke|p1|Toxapex, F|
|poke|p1|Umbreon, F|
|poke|p2|Togekiss, F|
|poke|p2|Clefable, F|
|poke|p2|Blissey, F|
|poke|p2|Gastrodon, M|
|poke|p2|Zeraora|
|poke|p2|Corviknight, F|
|rule|Sleep Clause Mod: Limit one foe put to sleep
|rule|Species Clause: Limit one of each Pokémon
|rule|OHKO Clause: OHKO moves are banned
|rule|Evasion Moves Clause: Evasion moves are banned
|rule|Endless Battle Clause: Forcing endless battles is banned
|rule|HP Percentage Mod: HP is shown in percentages
|rule|Dynamax Clause: You cannot dynamax
|teampreview
|inactive|Battle timer is ON: inactive players will automatically lose when time's up. (requested by Lenape)
|j| Nathaaan♦
|inactive|lt71lx kingpin has 120 seconds left.
|
|t:|1597327699
|start
|switch|p1a: Rotom|Rotom-Heat|100/100
|switch|p2a: Zeraora|Zeraora|100/100
|turn|1
|
|t:|1597327702
|move|p1a: Rotom|Trick|p2a: Zeraora
|-activate|p1a: Rotom|move: Trick|[of] p2a: Zeraora
|-item|p2a: Zeraora|Choice Scarf|[from] move: Trick
|-item|p1a: Rotom|Heavy-Duty Boots|[from] move: Trick
|move|p2a: Zeraora|Knock Off|p1a: Rotom
|-damage|p1a: Rotom|60/100
|-enditem|p1a: Rotom|Heavy-Duty Boots|[from] move: Knock Off|[of] p2a: Zeraora
|
|upkeep
|turn|2
|
|t:|1597327711
|switch|p1a: Umbreon|Umbreon, F|100/100
|move|p2a: Zeraora|Knock Off|p1a: Umbreon
|-resisted|p1a: Umbreon
|-damage|p1a: Umbreon|91/100
|-enditem|p1a: Umbreon|Leftovers|[from] move: Knock Off|[of] p2a: Zeraora
|
|upkeep
|turn|3
|
|t:|1597327716
|switch|p2a: Togekiss|Togekiss, F|100/100
|move|p1a: Umbreon|Wish|p1a: Umbreon
|
|upkeep
|turn|4
|
|t:|1597327730
|switch|p1a: Rotom|Rotom-Heat|60/100
|move|p2a: Togekiss|Air Slash|p1a: Rotom
|-resisted|p1a: Rotom
|-damage|p1a: Rotom|41/100
|
|-heal|p1a: Rotom|100/100|[from] move: Wish|[wisher] Umbreon
|upkeep
|turn|5
|
|t:|1597327738
|switch|p2a: Zeraora|Zeraora|100/100
|move|p1a: Rotom|Discharge|p2a: Zeraora
|-immune|p2a: Zeraora|[from] ability: Volt Absorb
|
|upkeep
|turn|6
|
|t:|1597327746
|switch|p2a: Gastrodon|Gastrodon, M|100/100
|move|p1a: Rotom|Will-O-Wisp|p2a: Gastrodon|[miss]
|-miss|p1a: Rotom|p2a: Gastrodon
|
|upkeep
|turn|7
|
|t:|1597327751
|switch|p1a: Toxapex|Toxapex, F|100/100
|move|p2a: Gastrodon|Scald|p1a: Toxapex
|-resisted|p1a: Toxapex
|-damage|p1a: Toxapex|90/100
|
|-heal|p1a: Toxapex|96/100|[from] item: Black Sludge
|upkeep
|turn|8
|
|t:|1597327764
|switch|p2a: Clefable|Clefable, F|100/100
|move|p1a: Toxapex|Toxic|p2a: Clefable
|-status|p2a: Clefable|tox
|
|-heal|p1a: Toxapex|100/100|[from] item: Black Sludge
|upkeep
|turn|9
|
|t:|1597327770
|switch|p1a: Rhyperior|Rhyperior, M|100/100
|move|p2a: Clefable|Calm Mind|p2a: Clefable
|-boost|p2a: Clefable|spa|1
|-boost|p2a: Clefable|spd|1
|
|upkeep
|turn|10
|
|t:|1597327771
|move|p2a: Clefable|Moonblast|p1a: Rhyperior
|-crit|p1a: Rhyperior
|-damage|p1a: Rhyperior|43/100
|move|p1a: Rhyperior|Heavy Slam|p2a: Clefable
|-supereffective|p2a: Clefable
|-damage|p2a: Clefable|40/100 tox
|
|-heal|p2a: Clefable|47/100 tox|[from] item: Leftovers
|-heal|p1a: Rhyperior|49/100|[from] item: Leftovers
|upkeep
|turn|11
|
|t:|1597327779
|switch|p2a: Corviknight|Corviknight, F|100/100
|-ability|p2a: Corviknight|Pressure
|switch|p1a: Sylveon|Sylveon, F|100/100
|
|upkeep
|turn|12
|
|t:|1597327782
|move|p2a: Corviknight|Iron Head|p1a: Sylveon
|-supereffective|p1a: Sylveon
|-damage|p1a: Sylveon|36/100
|move|p1a: Sylveon|Wish|p1a: Sylveon
|
|-heal|p1a: Sylveon|42/100|[from] item: Leftovers
|upkeep
|turn|13
|
|t:|1597327790
|move|p1a: Sylveon|Protect|p1a: Sylveon
|-singleturn|p1a: Sylveon|Protect
|move|p2a: Corviknight|Iron Head|p1a: Sylveon
|-activate|p1a: Sylveon|move: Protect
|
|-heal|p1a: Sylveon|92/100|[from] move: Wish|[wisher] Sylveon
|-heal|p1a: Sylveon|98/100|[from] item: Leftovers
|upkeep
|turn|14
|
|t:|1597327793
|switch|p2a: Clefable|Clefable, F|47/100 tox
|switch|p1a: Rotom|Rotom-Heat|100/100
|
|-heal|p2a: Clefable|53/100 tox|[from] item: Leftovers
|upkeep
|turn|15
|
|t:|1597327798
|move|p1a: Rotom|Discharge|p2a: Clefable
|-damage|p2a: Clefable|15/100 tox
|move|p2a: Clefable|Soft-Boiled|p2a: Clefable
|-heal|p2a: Clefable|65/100 tox
|
|-heal|p2a: Clefable|71/100 tox|[from] item: Leftovers
|upkeep
|turn|16
|
|t:|1597327802
|move|p1a: Rotom|Discharge|p2a: Clefable
|-damage|p2a: Clefable|34/100 tox
|move|p2a: Clefable|Calm Mind|p2a: Clefable
|-boost|p2a: Clefable|spa|1
|-boost|p2a: Clefable|spd|1
|
|-heal|p2a: Clefable|40/100 tox|[from] item: Leftovers
|upkeep
|turn|17
|
|t:|1597327805
|switch|p1a: Sylveon|Sylveon, F|98/100
|move|p2a: Clefable|Soft-Boiled|p2a: Clefable
|-heal|p2a: Clefable|90/100 tox
|
|-heal|p2a: Clefable|96/100 tox|[from] item: Leftovers
|-heal|p1a: Sylveon|100/100|[from] item: Leftovers
|upkeep
|turn|18
|
|t:|1597327810
|move|p2a: Clefable|Moonblast|p1a: Sylveon
|-damage|p1a: Sylveon|75/100
|move|p1a: Sylveon|Calm Mind|p1a: Sylveon
|-boost|p1a: Sylveon|spa|1
|-boost|p1a: Sylveon|spd|1
|
|-heal|p2a: Clefable|100/100 tox|[from] item: Leftovers
|-heal|p1a: Sylveon|81/100|[from] item: Leftovers
|upkeep
|turn|19
|
|t:|1597327813
|switch|p2a: Corviknight|Corviknight, F|100/100
|-ability|p2a: Corviknight|Pressure
|move|p1a: Sylveon|Wish|p1a: Sylveon
|
|-heal|p1a: Sylveon|87/100|[from] item: Leftovers
|upkeep
|turn|20
|
|t:|1597327815
|switch|p1a: Rhyperior|Rhyperior, M|49/100
|move|p2a: Corviknight|Iron Head|p1a: Rhyperior
|-supereffective|p1a: Rhyperior
|-damage|p1a: Rhyperior|27/100
|
|-heal|p1a: Rhyperior|73/100|[from] move: Wish|[wisher] Sylveon
|-heal|p1a: Rhyperior|79/100|[from] item: Leftovers
|upkeep
|turn|21
|
|t:|1597327819
|switch|p1a: Rotom|Rotom-Heat|100/100
|move|p2a: Corviknight|Iron Head|p1a: Rotom
|-resisted|p1a: Rotom
|-damage|p1a: Rotom|92/100
|
|upkeep
|turn|22
|
|t:|1597327823
|switch|p1a: Rhyperior|Rhyperior, M|79/100
|switch|p2a: Gastrodon|Gastrodon, M|100/100
|
|-heal|p1a: Rhyperior|85/100|[from] item: Leftovers
|upkeep
|turn|23
|j| DTGGANT
|
|t:|1597327826
|switch|p1a: Toxapex|Toxapex, F|100/100
|move|p2a: Gastrodon|Scald|p1a: Toxapex
|-resisted|p1a: Toxapex
|-damage|p1a: Toxapex|90/100
|-status|p1a: Toxapex|brn
|
|-heal|p1a: Toxapex|97/100 brn|[from] item: Black Sludge
|-damage|p1a: Toxapex|90/100 brn|[from] brn
|upkeep
|turn|24
|
|t:|1597327831
|switch|p1a: Umbreon|Umbreon, F|91/100
|switch|p2a: Clefable|Clefable, F|100/100 tox
|
|upkeep
|turn|25
|
|t:|1597327834
|switch|p1a: Sylveon|Sylveon, F|87/100
|move|p2a: Clefable|Calm Mind|p2a: Clefable
|-boost|p2a: Clefable|spa|1
|-boost|p2a: Clefable|spd|1
|
|-heal|p1a: Sylveon|93/100|[from] item: Leftovers
|upkeep
|turn|26
|
|t:|1597327838
|move|p2a: Clefable|Flamethrower|p1a: Sylveon
|-damage|p1a: Sylveon|77/100
|move|p1a: Sylveon|Calm Mind|p1a: Sylveon
|-boost|p1a: Sylveon|spa|1
|-boost|p1a: Sylveon|spd|1
|
|-heal|p1a: Sylveon|83/100|[from] item: Leftovers
|upkeep
|turn|27
|
|t:|1597327850
|switch|p2a: Corviknight|Corviknight, F|100/100
|-ability|p2a: Corviknight|Pressure
|move|p1a: Sylveon|Calm Mind|p1a: Sylveon
|-boost|p1a: Sylveon|spa|1
|-boost|p1a: Sylveon|spd|1
|
|-heal|p1a: Sylveon|89/100|[from] item: Leftovers
|upkeep
|turn|28
|
|t:|1597327853
|move|p1a: Sylveon|Protect|p1a: Sylveon
|-singleturn|p1a: Sylveon|Protect
|move|p2a: Corviknight|Iron Head|p1a: Sylveon
|-activate|p1a: Sylveon|move: Protect
|
|-heal|p1a: Sylveon|95/100|[from] item: Leftovers
|upkeep
|turn|29
|
|t:|1597327855
|switch|p1a: Corviknight|Corviknight, F|100/100
|-ability|p1a: Corviknight|Pressure
|move|p2a: Corviknight|Iron Head|p1a: Corviknight
|-resisted|p1a: Corviknight
|-damage|p1a: Corviknight|90/100
|
|-heal|p1a: Corviknight|96/100|[from] item: Leftovers
|upkeep
|turn|30
|
|t:|1597327862
|switch|p2a: Gastrodon|Gastrodon, M|100/100
|move|p1a: Corviknight|Substitute|p1a: Corviknight
|-start|p1a: Corviknight|Substitute
|-damage|p1a: Corviknight|71/100
|
|-heal|p1a: Corviknight|77/100|[from] item: Leftovers
|upkeep
|turn|31
|
|t:|1597327868
|switch|p2a: Zeraora|Zeraora|100/100
|move|p1a: Corviknight|Bulk Up|p1a: Corviknight
|-boost|p1a: Corviknight|atk|1
|-boost|p1a: Corviknight|def|1
|
|-heal|p1a: Corviknight|84/100|[from] item: Leftovers
|upkeep
|turn|32
|
|t:|1597327872
|move|p2a: Zeraora|Volt Switch|p1a: Corviknight
|-supereffective|p1a: Corviknight
|-end|p1a: Corviknight|Substitute
|
|t:|1597327875
|switch|p2a: Togekiss|Togekiss, F|100/100|[from]move: Volt Switch
|move|p1a: Corviknight|Substitute|p1a: Corviknight
|-start|p1a: Corviknight|Substitute
|-damage|p1a: Corviknight|59/100
|
|-heal|p1a: Corviknight|65/100|[from] item: Leftovers
|upkeep
|turn|33
|
|t:|1597327878
|switch|p2a: Zeraora|Zeraora|100/100
|move|p1a: Corviknight|Brave Bird|p2a: Zeraora
|-resisted|p2a: Zeraora
|-damage|p2a: Zeraora|59/100
|-damage|p1a: Corviknight|54/100|[from] Recoil
|
|-heal|p1a: Corviknight|60/100|[from] item: Leftovers
|upkeep
|turn|34
|
|t:|1597327881
|move|p2a: Zeraora|Volt Switch|p1a: Corviknight
|-supereffective|p1a: Corviknight
|-end|p1a: Corviknight|Substitute
|
|t:|1597327883
|switch|p2a: Togekiss|Togekiss, F|100/100|[from]move: Volt Switch
|move|p1a: Corviknight|Substitute|p1a: Corviknight
|-start|p1a: Corviknight|Substitute
|-damage|p1a: Corviknight|35/100
|
|-heal|p1a: Corviknight|42/100|[from] item: Leftovers
|upkeep
|turn|35
|
|t:|1597327885
|switch|p2a: Zeraora|Zeraora|59/100
|move|p1a: Corviknight|Roost|p1a: Corviknight
|-heal|p1a: Corviknight|92/100
|-singleturn|p1a: Corviknight|move: Roost
|
|-heal|p1a: Corviknight|98/100|[from] item: Leftovers
|upkeep
|turn|36
|
|t:|1597327888
|move|p2a: Zeraora|Volt Switch|p1a: Corviknight
|-supereffective|p1a: Corviknight
|-end|p1a: Corviknight|Substitute
|inactive|lt71lx kingpin has 120 seconds left.
|
|t:|1597327924
|switch|p2a: Clefable|Clefable, F|100/100 tox|[from]move: Volt Switch
|move|p1a: Corviknight|Substitute|p1a: Corviknight
|-start|p1a: Corviknight|Substitute
|-damage|p1a: Corviknight|73/100
|
|-heal|p1a: Corviknight|79/100|[from] item: Leftovers
|upkeep
|turn|37
|
|t:|1597327928
|move|p2a: Clefable|Flamethrower|p1a: Corviknight
|-supereffective|p1a: Corviknight
|-end|p1a: Corviknight|Substitute
|move|p1a: Corviknight|Brave Bird|p2a: Clefable
|-damage|p2a: Clefable|48/100 tox
|-damage|p1a: Corviknight|62/100|[from] Recoil
|
|-heal|p2a: Clefable|54/100 tox|[from] item: Leftovers
|-heal|p1a: Corviknight|68/100|[from] item: Leftovers
|upkeep
|turn|38
|
|t:|1597327934
|switch|p1a: Sylveon|Sylveon, F|95/100
|move|p2a: Clefable|Flamethrower|p1a: Sylveon
|-damage|p1a: Sylveon|85/100
|
|-heal|p2a: Clefable|60/100 tox|[from] item: Leftovers
|-heal|p1a: Sylveon|91/100|[from] item: Leftovers
|upkeep
|turn|39
|
|t:|1597327940
|switch|p1a: Corviknight|Corviknight, F|68/100
|-ability|p1a: Corviknight|Pressure
|move|p2a: Clefable|Soft-Boiled|p2a: Clefable
|-heal|p2a: Clefable|100/100 tox
|
|-heal|p1a: Corviknight|74/100|[from] item: Leftovers
|upkeep
|turn|40
|
|t:|1597327943
|switch|p1a: Sylveon|Sylveon, F|91/100
|move|p2a: Clefable|Flamethrower|p1a: Sylveon
|-damage|p1a: Sylveon|80/100
|
|-heal|p1a: Sylveon|86/100|[from] item: Leftovers
|upkeep
|turn|41
|
|t:|1597327946
|move|p2a: Clefable|Flamethrower|p1a: Sylveon
|-damage|p1a: Sylveon|77/100
|move|p1a: Sylveon|Calm Mind|p1a: Sylveon
|-boost|p1a: Sylveon|spa|1
|-boost|p1a: Sylveon|spd|1
|
|-heal|p1a: Sylveon|83/100|[from] item: Leftovers
|upkeep
|turn|42
|
|t:|1597327951
|switch|p2a: Corviknight|Corviknight, F|100/100
|-ability|p2a: Corviknight|Pressure
|move|p1a: Sylveon|Calm Mind|p1a: Sylveon
|-boost|p1a: Sylveon|spa|1
|-boost|p1a: Sylveon|spd|1
|
|-heal|p1a: Sylveon|89/100|[from] item: Leftovers
|upkeep
|turn|43
|
|t:|1597327956
|move|p1a: Sylveon|Protect|p1a: Sylveon
|-singleturn|p1a: Sylveon|Protect
|move|p2a: Corviknight|Iron Head|p1a: Sylveon
|-activate|p1a: Sylveon|move: Protect
|
|-heal|p1a: Sylveon|95/100|[from] item: Leftovers
|upkeep
|turn|44
|
|t:|1597327959
|switch|p2a: Zeraora|Zeraora|59/100
|switch|p1a: Corviknight|Corviknight, F|74/100
|-ability|p1a: Corviknight|Pressure
|
|-heal|p1a: Corviknight|81/100|[from] item: Leftovers
|upkeep
|turn|45
|
|t:|1597327965
|switch|p1a: Rhyperior|Rhyperior, M|85/100
|move|p2a: Zeraora|Close Combat|p1a: Rhyperior
|-supereffective|p1a: Rhyperior
|-damage|p1a: Rhyperior|50/100
|-unboost|p2a: Zeraora|def|1
|-unboost|p2a: Zeraora|spd|1
|
|-heal|p1a: Rhyperior|56/100|[from] item: Leftovers
|upkeep
|turn|46
|
|t:|1597327970
|switch|p2a: Corviknight|Corviknight, F|100/100
|-ability|p2a: Corviknight|Pressure
|move|p1a: Rhyperior|Stealth Rock|p2a: Corviknight
|-sidestart|p2: lt71lx kingpin|move: Stealth Rock
|
|-heal|p1a: Rhyperior|62/100|[from] item: Leftovers
|upkeep
|turn|47
|
|t:|1597327973
|switch|p1a: Umbreon|Umbreon, F|91/100
|move|p2a: Corviknight|Defog|p1a: Umbreon
|-unboost|p1a: Umbreon|evasion|1
|-sideend|p2: lt71lx kingpin|Stealth Rock|[from] move: Defog|[of] p2a: Corviknight
|
|upkeep
|turn|48
|
|t:|1597327975
|move|p2a: Corviknight|Body Press|p1a: Umbreon
|-supereffective|p1a: Umbreon
|-damage|p1a: Umbreon|58/100
|move|p1a: Umbreon|Wish|p1a: Umbreon
|
|upkeep
|turn|49
|
|t:|1597327981
|move|p1a: Umbreon|Protect|p1a: Umbreon
|-singleturn|p1a: Umbreon|Protect
|move|p2a: Corviknight|Body Press|p1a: Umbreon
|-activate|p1a: Umbreon|move: Protect
|
|-heal|p1a: Umbreon|100/100|[from] move: Wish|[wisher] Umbreon
|upkeep
|turn|50
|
|t:|1597327992
|move|p2a: Corviknight|Body Press|p1a: Umbreon
|-supereffective|p1a: Umbreon
|-damage|p1a: Umbreon|67/100
|move|p1a: Umbreon|Wish|p1a: Umbreon
|
|upkeep
|turn|51
|
|t:|1597327999
|switch|p1a: Rhyperior|Rhyperior, M|62/100
|move|p2a: Corviknight|Iron Head|p1a: Rhyperior
|-supereffective|p1a: Rhyperior
|-damage|p1a: Rhyperior|38/100
|
|-heal|p1a: Rhyperior|83/100|[from] move: Wish|[wisher] Umbreon
|-heal|p1a: Rhyperior|89/100|[from] item: Leftovers
|upkeep
|turn|52
|
|t:|1597328005
|switch|p2a: Clefable|Clefable, F|100/100 tox
|switch|p1a: Corviknight|Corviknight, F|81/100
|-ability|p1a: Corviknight|Pressure
|
|-heal|p1a: Corviknight|87/100|[from] item: Leftovers
|upkeep
|turn|53
|
|t:|1597328008
|switch|p1a: Sylveon|Sylveon, F|95/100
|move|p2a: Clefable|Calm Mind|p2a: Clefable
|-boost|p2a: Clefable|spa|1
|-boost|p2a: Clefable|spd|1
|
|-heal|p1a: Sylveon|100/100|[from] item: Leftovers
|upkeep
|turn|54
|
|t:|1597328011
|move|p2a: Clefable|Flamethrower|p1a: Sylveon
|-damage|p1a: Sylveon|86/100
|move|p1a: Sylveon|Calm Mind|p1a: Sylveon
|-boost|p1a: Sylveon|spa|1
|-boost|p1a: Sylveon|spd|1
|
|-heal|p1a: Sylveon|92/100|[from] item: Leftovers
|upkeep
|turn|55
|
|t:|1597328015
|move|p2a: Clefable|Flamethrower|p1a: Sylveon
|-damage|p1a: Sylveon|81/100
|move|p1a: Sylveon|Wish|p1a: Sylveon
|
|-heal|p1a: Sylveon|87/100|[from] item: Leftovers
|upkeep
|turn|56
|
|t:|1597328019
|switch|p2a: Corviknight|Corviknight, F|100/100
|-ability|p2a: Corviknight|Pressure
|move|p1a: Sylveon|Calm Mind|p1a: Sylveon
|-boost|p1a: Sylveon|spa|1
|-boost|p1a: Sylveon|spd|1
|
|-heal|p1a: Sylveon|100/100|[from] move: Wish|[wisher] Sylveon
|upkeep
|turn|57
|
|t:|1597328023
|switch|p1a: Corviknight|Corviknight, F|87/100
|-ability|p1a: Corviknight|Pressure
|move|p2a: Corviknight|Defog|p1a: Corviknight
|-unboost|p1a: Corviknight|evasion|1
|
|-heal|p1a: Corviknight|93/100|[from] item: Leftovers
|upkeep
|turn|58
|
|t:|1597328029
|switch|p2a: Clefable|Clefable, F|100/100 tox
|switch|p1a: Rhyperior|Rhyperior, M|89/100
|
|-heal|p1a: Rhyperior|95/100|[from] item: Leftovers
|upkeep
|turn|59
|
|t:|1597328033
|switch|p2a: Corviknight|Corviknight, F|100/100
|-ability|p2a: Corviknight|Pressure
|move|p1a: Rhyperior|Stealth Rock|p2a: Corviknight
|-sidestart|p2: lt71lx kingpin|move: Stealth Rock
|
|-heal|p1a: Rhyperior|100/100|[from] item: Leftovers
|upkeep
|turn|60
|
|t:|1597328036
|switch|p1a: Corviknight|Corviknight, F|93/100
|-ability|p1a: Corviknight|Pressure
|move|p2a: Corviknight|Defog|p1a: Corviknight
|-unboost|p1a: Corviknight|evasion|1
|-sideend|p2: lt71lx kingpin|Stealth Rock|[from] move: Defog|[of] p2a: Corviknight
|
|-heal|p1a: Corviknight|99/100|[from] item: Leftovers
|upkeep
|turn|61
|
|t:|1597328043
|switch|p2a: Clefable|Clefable, F|100/100 tox
|move|p1a: Corviknight|Brave Bird|p2a: Clefable
|-damage|p2a: Clefable|67/100 tox
|-damage|p1a: Corviknight|89/100|[from] Recoil
|
|-heal|p2a: Clefable|74/100 tox|[from] item: Leftovers
|-heal|p1a: Corviknight|95/100|[from] item: Leftovers
|upkeep
|turn|62
|
|t:|1597328047
|switch|p1a: Rhyperior|Rhyperior, M|100/100
|move|p2a: Clefable|Flamethrower|p1a: Rhyperior
|-resisted|p1a: Rhyperior
|-damage|p1a: Rhyperior|92/100
|
|-heal|p2a: Clefable|80/100 tox|[from] item: Leftovers
|-heal|p1a: Rhyperior|98/100|[from] item: Leftovers
|upkeep
|turn|63
|
|t:|1597328050
|switch|p2a: Corviknight|Corviknight, F|100/100
|-ability|p2a: Corviknight|Pressure
|move|p1a: Rhyperior|Stealth Rock|p2a: Corviknight
|-sidestart|p2: lt71lx kingpin|move: Stealth Rock
|
|-heal|p1a: Rhyperior|100/100|[from] item: Leftovers
|upkeep
|turn|64
|
|t:|1597328066
|switch|p2a: Clefable|Clefable, F|80/100 tox
|switch|p1a: Corviknight|Corviknight, F|95/100
|-ability|p1a: Corviknight|Pressure
|
|-heal|p2a: Clefable|86/100 tox|[from] item: Leftovers
|-heal|p1a: Corviknight|100/100|[from] item: Leftovers
|upkeep
|turn|65
|
|t:|1597328071
|switch|p1a: Rhyperior|Rhyperior, M|100/100
|move|p2a: Clefable|Calm Mind|p2a: Clefable
|-boost|p2a: Clefable|spa|1
|-boost|p2a: Clefable|spd|1
|
|-heal|p2a: Clefable|92/100 tox|[from] item: Leftovers
|upkeep
|turn|66
|
|t:|1597328081
|switch|p2a: Corviknight|Corviknight, F|100/100
|-damage|p2a: Corviknight|88/100|[from] Stealth Rock
|-ability|p2a: Corviknight|Pressure
|move|p1a: Rhyperior|Heavy Slam|p2a: Corviknight
|-resisted|p2a: Corviknight
|-damage|p2a: Corviknight|80/100
|-damage|p1a: Rhyperior|84/100|[from] item: Rocky Helmet|[of] p2a: Corviknight
|
|-heal|p1a: Rhyperior|90/100|[from] item: Leftovers
|upkeep
|turn|67
|
|t:|1597328083
|move|p2a: Corviknight|Defog|p1a: Rhyperior
|-unboost|p1a: Rhyperior|evasion|1
|-sideend|p2: lt71lx kingpin|Stealth Rock|[from] move: Defog|[of] p2a: Corviknight
|move|p1a: Rhyperior|Stealth Rock|p2a: Corviknight
|-sidestart|p2: lt71lx kingpin|move: Stealth Rock
|
|-heal|p1a: Rhyperior|96/100|[from] item: Leftovers
|upkeep
|turn|68
|
|t:|1597328088
|move|p2a: Corviknight|Defog|p1a: Rhyperior
|-unboost|p1a: Rhyperior|evasion|1
|-sideend|p2: lt71lx kingpin|Stealth Rock|[from] move: Defog|[of] p2a: Corviknight
|move|p1a: Rhyperior|Stealth Rock|p2a: Corviknight
|-sidestart|p2: lt71lx kingpin|move: Stealth Rock
|
|-heal|p1a: Rhyperior|100/100|[from] item: Leftovers
|upkeep
|turn|69
|
|t:|1597328090
|move|p2a: Corviknight|Iron Head|p1a: Rhyperior
|-supereffective|p1a: Rhyperior
|-crit|p1a: Rhyperior
|-damage|p1a: Rhyperior|66/100
|move|p1a: Rhyperior|Stealth Rock||[still]
|-fail|p1a: Rhyperior
|
|-heal|p1a: Rhyperior|72/100|[from] item: Leftovers
|upkeep
|turn|70
|
|t:|1597328095
|move|p2a: Corviknight|Iron Head|p1a: Rhyperior
|-supereffective|p1a: Rhyperior
|-damage|p1a: Rhyperior|49/100
|move|p1a: Rhyperior|Stealth Rock||[still]
|-fail|p1a: Rhyperior
|
|-heal|p1a: Rhyperior|55/100|[from] item: Leftovers
|upkeep
|turn|71
|
|t:|1597328099
|switch|p1a: Rotom|Rotom-Heat|92/100
|move|p2a: Corviknight|Defog|p1a: Rotom
|-unboost|p1a: Rotom|evasion|1
|-sideend|p2: lt71lx kingpin|Stealth Rock|[from] move: Defog|[of] p2a: Corviknight
|
|upkeep
|turn|72
|
|t:|1597328103
|switch|p1a: Sylveon|Sylveon, F|100/100
|switch|p2a: Gastrodon|Gastrodon, M|100/100
|
|upkeep
|turn|73
|
|t:|1597328107
|move|p1a: Sylveon|Protect|p1a: Sylveon
|-singleturn|p1a: Sylveon|Protect
|move|p2a: Gastrodon|Scald|p1a: Sylveon
|-activate|p1a: Sylveon|move: Protect
|
|upkeep
|turn|74
|
|t:|1597328110
|move|p1a: Sylveon|Wish|p1a: Sylveon
|move|p2a: Gastrodon|Scald|p1a: Sylveon
|-damage|p1a: Sylveon|87/100
|
|-heal|p1a: Sylveon|93/100|[from] item: Leftovers
|upkeep
|turn|75
|
|t:|1597328114
|switch|p1a: Umbreon|Umbreon, F|67/100
|move|p2a: Gastrodon|Scald|p1a: Umbreon
|-damage|p1a: Umbreon|48/100
|
|-heal|p1a: Umbreon|98/100|[from] move: Wish|[wisher] Sylveon
|upkeep
|turn|76
|
|t:|1597328118
|move|p1a: Umbreon|Protect|p1a: Umbreon
|-singleturn|p1a: Umbreon|Protect
|move|p2a: Gastrodon|Scald|p1a: Umbreon
|-activate|p1a: Umbreon|move: Protect
|
|upkeep
|turn|77
|
|t:|1597328123
|move|p1a: Umbreon|Wish|p1a: Umbreon
|move|p2a: Gastrodon|Scald|p1a: Umbreon
|-crit|p1a: Umbreon
|-damage|p1a: Umbreon|74/100
|
|upkeep
|turn|78
|
|t:|1597328128
|move|p1a: Umbreon|Protect|p1a: Umbreon
|-singleturn|p1a: Umbreon|Protect
|move|p2a: Gastrodon|Scald|p1a: Umbreon
|-activate|p1a: Umbreon|move: Protect
|
|-heal|p1a: Umbreon|100/100|[from] move: Wish|[wisher] Umbreon
|upkeep
|turn|79
|
|t:|1597328131
|switch|p1a: Toxapex|Toxapex, F|100/100 brn
|move|p2a: Gastrodon|Scald|p1a: Toxapex
|-resisted|p1a: Toxapex
|-damage|p1a: Toxapex|90/100 brn
|
|-heal|p1a: Toxapex|96/100 brn|[from] item: Black Sludge
|-damage|p1a: Toxapex|90/100 brn|[from] brn
|upkeep
|turn|80
|
|t:|1597328140
|switch|p1a: Sylveon|Sylveon, F|93/100
|switch|p2a: Clefable|Clefable, F|92/100 tox
|
|-heal|p2a: Clefable|98/100 tox|[from] item: Leftovers
|-heal|p1a: Sylveon|99/100|[from] item: Leftovers
|upkeep
|turn|81
|
|t:|1597328144
|move|p2a: Clefable|Flamethrower|p1a: Sylveon
|-damage|p1a: Sylveon|89/100
|move|p1a: Sylveon|Wish|p1a: Sylveon
|
|-heal|p2a: Clefable|100/100 tox|[from] item: Leftovers
|-heal|p1a: Sylveon|95/100|[from] item: Leftovers
|upkeep
|turn|82
|j| AttackonSamurott
|
|t:|1597328148
|switch|p2a: Corviknight|Corviknight, F|80/100
|-ability|p2a: Corviknight|Pressure
|switch|p1a: Rhyperior|Rhyperior, M|55/100
|
|-heal|p1a: Rhyperior|100/100|[from] move: Wish|[wisher] Sylveon
|upkeep
|turn|83
|
|t:|1597328152
|switch|p1a: Rotom|Rotom-Heat|92/100
|move|p2a: Corviknight|Body Press|p1a: Rotom
|-damage|p1a: Rotom|54/100
|
|upkeep
|turn|84
|
|t:|1597328156
|switch|p1a: Sylveon|Sylveon, F|95/100
|switch|p2a: Gastrodon|Gastrodon, M|100/100
|
|-heal|p1a: Sylveon|100/100|[from] item: Leftovers
|upkeep
|turn|85
|
|t:|1597328159
|move|p1a: Sylveon|Wish|p1a: Sylveon
|move|p2a: Gastrodon|Scald|p1a: Sylveon
|-damage|p1a: Sylveon|88/100
|-status|p1a: Sylveon|brn
|
|-heal|p1a: Sylveon|94/100 brn|[from] item: Leftovers
|-damage|p1a: Sylveon|88/100 brn|[from] brn
|upkeep
|turn|86
|
|t:|1597328165
|switch|p1a: Umbreon|Umbreon, F|100/100
|move|p2a: Gastrodon|Earthquake|p1a: Umbreon
|-damage|p1a: Umbreon|85/100
|
|-heal|p1a: Umbreon|100/100|[from] move: Wish|[wisher] Sylveon
|upkeep
|turn|87
|
|t:|1597328169
|move|p1a: Umbreon|Heal Bell|p1a: Umbreon
|-activate|p1a: Umbreon|move: Heal Bell
|-curestatus|p1: Toxapex|brn|[msg]
|-curestatus|p1: Sylveon|brn|[msg]
|move|p2a: Gastrodon|Scald|p1a: Umbreon
|-damage|p1a: Umbreon|81/100
|
|upkeep
|turn|88
|
|t:|1597328182
|move|p1a: Umbreon|Wish|p1a: Umbreon
|move|p2a: Gastrodon|Earthquake|p1a: Umbreon
|-damage|p1a: Umbreon|63/100
|
|upkeep
|turn|89
|
|t:|1597328188
|move|p1a: Umbreon|Protect|p1a: Umbreon
|-singleturn|p1a: Umbreon|Protect
|move|p2a: Gastrodon|Scald|p1a: Umbreon
|-activate|p1a: Umbreon|move: Protect
|
|-heal|p1a: Umbreon|100/100|[from] move: Wish|[wisher] Umbreon
|upkeep
|turn|90
|
|t:|1597328194
|move|p1a: Umbreon|Wish|p1a: Umbreon
|move|p2a: Gastrodon|Clear Smog|p1a: Umbreon
|-damage|p1a: Umbreon|93/100
|-clearboost|p1a: Umbreon
|
|upkeep
|turn|91
|
|t:|1597328199
|switch|p1a: Rotom|Rotom-Heat|54/100
|move|p2a: Gastrodon|Scald|p1a: Rotom
|-supereffective|p1a: Rotom
|-damage|p1a: Rotom|0 fnt
|faint|p1a: Rotom
|
|upkeep
|
|t:|1597328202
|switch|p1a: Corviknight|Corviknight, F|100/100
|-ability|p1a: Corviknight|Pressure
|turn|92
|
|t:|1597328206
|switch|p2a: Clefable|Clefable, F|100/100 tox
|move|p1a: Corviknight|Substitute|p1a: Corviknight
|-start|p1a: Corviknight|Substitute
|-damage|p1a: Corviknight|75/100
|
|-heal|p1a: Corviknight|82/100|[from] item: Leftovers
|upkeep
|turn|93
|
|t:|1597328212
|switch|p1a: Rhyperior|Rhyperior, M|100/100
|move|p2a: Clefable|Calm Mind|p2a: Clefable
|-boost|p2a: Clefable|spa|1
|-boost|p2a: Clefable|spd|1
|
|upkeep
|turn|94
|
|t:|1597328215
|switch|p2a: Corviknight|Corviknight, F|80/100
|-ability|p2a: Corviknight|Pressure
|move|p1a: Rhyperior|Stealth Rock|p2a: Corviknight
|-sidestart|p2: lt71lx kingpin|move: Stealth Rock
|
|upkeep
|turn|95
|
|t:|1597328219
|switch|p1a: Corviknight|Corviknight, F|82/100
|-ability|p1a: Corviknight|Pressure
|move|p2a: Corviknight|Iron Head|p1a: Corviknight
|-resisted|p1a: Corviknight
|-damage|p1a: Corviknight|72/100
|
|-heal|p1a: Corviknight|79/100|[from] item: Leftovers
|upkeep
|turn|96
|
|t:|1597328226
|switch|p2a: Clefable|Clefable, F|100/100 tox
|move|p1a: Corviknight|Bulk Up|p1a: Corviknight
|-boost|p1a: Corviknight|atk|1
|-boost|p1a: Corviknight|def|1
|
|-heal|p1a: Corviknight|85/100|[from] item: Leftovers
|upkeep
|turn|97
|
|t:|1597328229
|move|p2a: Clefable|Flamethrower|p1a: Corviknight
|-supereffective|p1a: Corviknight
|-damage|p1a: Corviknight|51/100
|move|p1a: Corviknight|Brave Bird|p2a: Clefable
|-damage|p2a: Clefable|51/100 tox
|-damage|p1a: Corviknight|35/100|[from] Recoil
|
|-heal|p2a: Clefable|57/100 tox|[from] item: Leftovers
|-heal|p1a: Corviknight|42/100|[from] item: Leftovers
|upkeep
|turn|98
|
|t:|1597328236
|move|p2a: Clefable|Flamethrower|p1a: Corviknight
|-supereffective|p1a: Corviknight
|-damage|p1a: Corviknight|9/100
|move|p1a: Corviknight|Roost|p1a: Corviknight
|-heal|p1a: Corviknight|59/100
|-singleturn|p1a: Corviknight|move: Roost
|
|-heal|p2a: Clefable|63/100 tox|[from] item: Leftovers
|-heal|p1a: Corviknight|65/100|[from] item: Leftovers
|upkeep
|turn|99
|
|t:|1597328249
|move|p2a: Clefable|Calm Mind|p2a: Clefable
|-boost|p2a: Clefable|spa|1
|-boost|p2a: Clefable|spd|1
|move|p1a: Corviknight|Substitute|p1a: Corviknight
|-start|p1a: Corviknight|Substitute
|-damage|p1a: Corviknight|40/100
|
|-heal|p2a: Clefable|69/100 tox|[from] item: Leftovers
|-heal|p1a: Corviknight|47/100|[from] item: Leftovers
|upkeep
|turn|100
|
|t:|1597328256
|move|p2a: Clefable|Flamethrower|p1a: Corviknight
|-supereffective|p1a: Corviknight
|-end|p1a: Corviknight|Substitute
|move|p1a: Corviknight|Roost|p1a: Corviknight
|-heal|p1a: Corviknight|97/100
|-singleturn|p1a: Corviknight|move: Roost
|
|-heal|p2a: Clefable|75/100 tox|[from] item: Leftovers
|-heal|p1a: Corviknight|100/100|[from] item: Leftovers
|upkeep
|turn|101
|
|t:|1597328261
|switch|p1a: Sylveon|Sylveon, F|88/100
|move|p2a: Clefable|Moonblast|p1a: Sylveon
|-damage|p1a: Sylveon|65/100
|-unboost|p1a: Sylveon|spa|1
|
|-heal|p2a: Clefable|81/100 tox|[from] item: Leftovers
|-heal|p1a: Sylveon|71/100|[from] item: Leftovers
|upkeep
|turn|102
|
|t:|1597328272
|switch|p2a: Corviknight|Corviknight, F|80/100
|-damage|p2a: Corviknight|68/100|[from] Stealth Rock
|-ability|p2a: Corviknight|Pressure
|move|p1a: Sylveon|Wish|p1a: Sylveon
|
|-heal|p1a: Sylveon|77/100|[from] item: Leftovers
|upkeep
|turn|103
|
|t:|1597328277
|move|p1a: Sylveon|Protect|p1a: Sylveon
|-singleturn|p1a: Sylveon|Protect
|move|p2a: Corviknight|Defog|p1a: Sylveon
|-activate|p1a: Sylveon|move: Protect
|
|-heal|p1a: Sylveon|100/100|[from] move: Wish|[wisher] Sylveon
|upkeep
|turn|104
|
|t:|1597328281
|switch|p1a: Corviknight|Corviknight, F|100/100
|-ability|p1a: Corviknight|Pressure
|move|p2a: Corviknight|Defog|p1a: Corviknight
|-unboost|p1a: Corviknight|evasion|1
|-sideend|p2: lt71lx kingpin|Stealth Rock|[from] move: Defog|[of] p2a: Corviknight
|
|upkeep
|turn|105
|
|t:|1597328288
|switch|p2a: Clefable|Clefable, F|81/100 tox
|move|p1a: Corviknight|Substitute|p1a: Corviknight
|-start|p1a: Corviknight|Substitute
|-damage|p1a: Corviknight|75/100
|
|-heal|p2a: Clefable|88/100 tox|[from] item: Leftovers
|-heal|p1a: Corviknight|82/100|[from] item: Leftovers
|upkeep
|turn|106
|
|t:|1597328291
|move|p2a: Clefable|Calm Mind|p2a: Clefable
|-boost|p2a: Clefable|spa|1
|-boost|p2a: Clefable|spd|1
|move|p1a: Corviknight|Bulk Up|p1a: Corviknight
|-boost|p1a: Corviknight|atk|1
|-boost|p1a: Corviknight|def|1
|
|-heal|p2a: Clefable|94/100 tox|[from] item: Leftovers
|-heal|p1a: Corviknight|88/100|[from] item: Leftovers
|upkeep
|turn|107
|
|t:|1597328297
|move|p2a: Clefable|Moonblast|p1a: Corviknight
|-resisted|p1a: Corviknight
|-activate|p1a: Corviknight|move: Substitute|[damage]
|move|p1a: Corviknight|Bulk Up|p1a: Corviknight
|-boost|p1a: Corviknight|atk|1
|-boost|p1a: Corviknight|def|1
|
|-heal|p2a: Clefable|99/100 tox|[from] item: Leftovers
|-heal|p1a: Corviknight|94/100|[from] item: Leftovers
|upkeep
|turn|108
|
|t:|1597328302
|move|p2a: Clefable|Moonblast|p1a: Corviknight
|-resisted|p1a: Corviknight
|-end|p1a: Corviknight|Substitute
|move|p1a: Corviknight|Brave Bird|p2a: Clefable
|-damage|p2a: Clefable|32/100 tox
|-damage|p1a: Corviknight|72/100|[from] Recoil
|
|-heal|p2a: Clefable|38/100 tox|[from] item: Leftovers
|-heal|p1a: Corviknight|78/100|[from] item: Leftovers
|upkeep
|turn|109
|
|t:|1597328306
|move|p2a: Clefable|Soft-Boiled|p2a: Clefable
|-heal|p2a: Clefable|88/100 tox
|move|p1a: Corviknight|Brave Bird|p2a: Clefable
|-damage|p2a: Clefable|24/100 tox
|-damage|p1a: Corviknight|58/100|[from] Recoil
|
|-heal|p2a: Clefable|30/100 tox|[from] item: Leftovers
|-heal|p1a: Corviknight|64/100|[from] item: Leftovers
|upkeep
|turn|110
|
|t:|1597328310
|move|p2a: Clefable|Soft-Boiled|p2a: Clefable
|-heal|p2a: Clefable|80/100 tox
|move|p1a: Corviknight|Brave Bird|p2a: Clefable
|-damage|p2a: Clefable|13/100 tox
|-damage|p1a: Corviknight|42/100|[from] Recoil
|
|-heal|p2a: Clefable|20/100 tox|[from] item: Leftovers
|-heal|p1a: Corviknight|49/100|[from] item: Leftovers
|upkeep
|turn|111
|
|t:|1597328314
|switch|p1a: Sylveon|Sylveon, F|100/100
|move|p2a: Clefable|Flamethrower|p1a: Sylveon
|-damage|p1a: Sylveon|83/100
|
|-heal|p2a: Clefable|26/100 tox|[from] item: Leftovers
|-heal|p1a: Sylveon|90/100|[from] item: Leftovers
|upkeep
|turn|112
|
|t:|1597328318
|move|p2a: Clefable|Soft-Boiled|p2a: Clefable
|-heal|p2a: Clefable|76/100 tox
|move|p1a: Sylveon|Calm Mind|p1a: Sylveon
|-boost|p1a: Sylveon|spa|1
|-boost|p1a: Sylveon|spd|1
|
|-heal|p2a: Clefable|82/100 tox|[from] item: Leftovers
|-heal|p1a: Sylveon|96/100|[from] item: Leftovers
|upkeep
|turn|113
|
|t:|1597328324
|switch|p2a: Corviknight|Corviknight, F|68/100
|-ability|p2a: Corviknight|Pressure
|move|p1a: Sylveon|Wish|p1a: Sylveon
|
|-heal|p1a: Sylveon|100/100|[from] item: Leftovers
|upkeep
|turn|114
|
|t:|1597328327
|switch|p1a: Corviknight|Corviknight, F|49/100
|-ability|p1a: Corviknight|Pressure
|move|p2a: Corviknight|Roost|p2a: Corviknight
|-heal|p2a: Corviknight|100/100
|-singleturn|p2a: Corviknight|move: Roost
|
|-heal|p1a: Corviknight|98/100|[from] move: Wish|[wisher] Sylveon
|-heal|p1a: Corviknight|100/100|[from] item: Leftovers
|upkeep
|turn|115
|
|t:|1597328333
|switch|p2a: Zeraora|Zeraora|59/100
|move|p1a: Corviknight|Substitute|p1a: Corviknight
|-start|p1a: Corviknight|Substitute
|-damage|p1a: Corviknight|75/100
|
|-heal|p1a: Corviknight|82/100|[from] item: Leftovers
|upkeep
|turn|116
|
|t:|1597328341
|move|p2a: Zeraora|Plasma Fists|p1a: Corviknight
|-supereffective|p1a: Corviknight
|-end|p1a: Corviknight|Substitute
|move|p1a: Corviknight|Bulk Up|p1a: Corviknight
|-boost|p1a: Corviknight|atk|1
|-boost|p1a: Corviknight|def|1
|
|-heal|p1a: Corviknight|88/100|[from] item: Leftovers
|upkeep
|turn|117
|
|t:|1597328352
|move|p2a: Zeraora|Plasma Fists|p1a: Corviknight
|-supereffective|p1a: Corviknight
|-damage|p1a: Corviknight|40/100
|-fieldactivate|move: Ion Deluge
|move|p1a: Corviknight|Bulk Up|p1a: Corviknight
|-boost|p1a: Corviknight|atk|1
|-boost|p1a: Corviknight|def|1
|
|-heal|p1a: Corviknight|46/100|[from] item: Leftovers
|upkeep
|turn|118
|
|t:|1597328357
|switch|p2a: Togekiss|Togekiss, F|100/100
|move|p1a: Corviknight|Roost|p1a: Corviknight
|-heal|p1a: Corviknight|96/100
|-singleturn|p1a: Corviknight|move: Roost
|
|-heal|p1a: Corviknight|100/100|[from] item: Leftovers
|upkeep
|turn|119
|
|t:|1597328359
|switch|p1a: Toxapex|Toxapex, F|100/100
|move|p2a: Togekiss|Trick|p1a: Toxapex
|-activate|p2a: Togekiss|move: Trick|[of] p1a: Toxapex
|-item|p1a: Toxapex|Choice Scarf|[from] move: Trick
|-item|p2a: Togekiss|Black Sludge|[from] move: Trick
|
|-damage|p2a: Togekiss|88/100|[from] item: Black Sludge
|upkeep
|turn|120
|
|t:|1597328370
|switch|p2a: Clefable|Clefable, F|82/100 tox
|switch|p1a: Rhyperior|Rhyperior, M|100/100
|
|-heal|p2a: Clefable|88/100 tox|[from] item: Leftovers
|upkeep
|turn|121
|
|t:|1597328373
|switch|p2a: Corviknight|Corviknight, F|100/100
|-ability|p2a: Corviknight|Pressure
|move|p1a: Rhyperior|Stealth Rock|p2a: Corviknight
|-sidestart|p2: lt71lx kingpin|move: Stealth Rock
|
|upkeep
|turn|122
|
|t:|1597328376
|switch|p1a: Corviknight|Corviknight, F|100/100
|-ability|p1a: Corviknight|Pressure
|move|p2a: Corviknight|Defog|p1a: Corviknight
|-unboost|p1a: Corviknight|evasion|1
|-sideend|p2: lt71lx kingpin|Stealth Rock|[from] move: Defog|[of] p2a: Corviknight
|
|upkeep
|turn|123
|
|t:|1597328379
|switch|p2a: Zeraora|Zeraora|59/100
|move|p1a: Corviknight|Bulk Up|p1a: Corviknight
|-boost|p1a: Corviknight|atk|1
|-boost|p1a: Corviknight|def|1
|
|upkeep
|turn|124
|
|t:|1597328385
|move|p2a: Zeraora|Knock Off|p1a: Corviknight
|-damage|p1a: Corviknight|82/100
|-enditem|p1a: Corviknight|Leftovers|[from] move: Knock Off|[of] p2a: Zeraora
|move|p1a: Corviknight|Substitute|p1a: Corviknight
|-start|p1a: Corviknight|Substitute
|-damage|p1a: Corviknight|57/100
|
|upkeep
|turn|125
|
|t:|1597328391
|switch|p2a: Clefable|Clefable, F|88/100 tox
|move|p1a: Corviknight|Roost|p1a: Corviknight
|-heal|p1a: Corviknight|100/100
|-singleturn|p1a: Corviknight|move: Roost
|
|-heal|p2a: Clefable|94/100 tox|[from] item: Leftovers
|upkeep
|turn|126
|
|t:|1597328394
|move|p2a: Clefable|Calm Mind|p2a: Clefable
|-boost|p2a: Clefable|spa|1
|-boost|p2a: Clefable|spd|1
|move|p1a: Corviknight|Bulk Up|p1a: Corviknight
|-boost|p1a: Corviknight|atk|1
|-boost|p1a: Corviknight|def|1
|
|-heal|p2a: Clefable|99/100 tox|[from] item: Leftovers
|upkeep
|turn|127
|
|t:|1597328397
|move|p2a: Clefable|Flamethrower|p1a: Corviknight
|-supereffective|p1a: Corviknight
|-end|p1a: Corviknight|Substitute
|move|p1a: Corviknight|Bulk Up|p1a: Corviknight
|-boost|p1a: Corviknight|atk|1
|-boost|p1a: Corviknight|def|1
|
|-heal|p2a: Clefable|100/100 tox|[from] item: Leftovers
|upkeep
|turn|128
|
|t:|1597328401
|switch|p1a: Rhyperior|Rhyperior, M|100/100
|move|p2a: Clefable|Flamethrower|p1a: Rhyperior
|-resisted|p1a: Rhyperior
|-damage|p1a: Rhyperior|89/100
|-status|p1a: Rhyperior|brn
|
|-heal|p1a: Rhyperior|95/100 brn|[from] item: Leftovers
|-damage|p1a: Rhyperior|89/100 brn|[from] brn
|upkeep
|turn|129
|
|t:|1597328404
|switch|p1a: Sylveon|Sylveon, F|100/100
|move|p2a: Clefable|Moonblast|p1a: Sylveon
|-crit|p1a: Sylveon
|-damage|p1a: Sylveon|62/100
|
|-heal|p1a: Sylveon|69/100|[from] item: Leftovers
|upkeep
|turn|130
|
|t:|1597328414
|switch|p2a: Togekiss|Togekiss, F|88/100
|move|p1a: Sylveon|Calm Mind|p1a: Sylveon
|-boost|p1a: Sylveon|spa|1
|-boost|p1a: Sylveon|spd|1
|
|-damage|p2a: Togekiss|76/100|[from] item: Black Sludge
|-heal|p1a: Sylveon|75/100|[from] item: Leftovers
|upkeep
|turn|131
|
|t:|1597328419
|move|p2a: Togekiss|Trick|p1a: Sylveon
|-activate|p2a: Togekiss|move: Trick|[of] p1a: Sylveon
|-item|p1a: Sylveon|Black Sludge|[from] move: Trick
|-item|p2a: Togekiss|Leftovers|[from] move: Trick
|move|p1a: Sylveon|Wish|p1a: Sylveon
|
|-heal|p2a: Togekiss|82/100|[from] item: Leftovers
|-damage|p1a: Sylveon|62/100|[from] item: Black Sludge
|upkeep
|turn|132
|
|t:|1597328425
|move|p2a: Togekiss|Nasty Plot|p2a: Togekiss
|-boost|p2a: Togekiss|spa|2
|move|p1a: Sylveon|Calm Mind|p1a: Sylveon
|-boost|p1a: Sylveon|spa|1
|-boost|p1a: Sylveon|spd|1
|
|-heal|p1a: Sylveon|100/100|[from] move: Wish|[wisher] Sylveon
|-heal|p2a: Togekiss|88/100|[from] item: Leftovers
|-damage|p1a: Sylveon|88/100|[from] item: Black Sludge
|upkeep
|turn|133
|
|t:|1597328432
|switch|p2a: Corviknight|Corviknight, F|100/100
|-ability|p2a: Corviknight|Pressure
|move|p1a: Sylveon|Hyper Voice|p2a: Corviknight
|-resisted|p2a: Corviknight
|-damage|p2a: Corviknight|60/100
|
|-damage|p1a: Sylveon|76/100|[from] item: Black Sludge
|upkeep
|turn|134
|
|t:|1597328436
|switch|p1a: Umbreon|Umbreon, F|93/100
|move|p2a: Corviknight|Iron Head|p1a: Umbreon
|-damage|p1a: Umbreon|79/100
|
|upkeep
|turn|135
|
|t:|1597328441
|move|p2a: Corviknight|Body Press|p1a: Umbreon
|-supereffective|p1a: Umbreon
|-damage|p1a: Umbreon|50/100
|move|p1a: Umbreon|Heal Bell|p1a: Umbreon
|-activate|p1a: Umbreon|move: Heal Bell
|-curestatus|p1: Rhyperior|brn|[msg]
|
|upkeep
|turn|136
|
|t:|1597328445
|move|p2a: Corviknight|Iron Head|p1a: Umbreon
|-damage|p1a: Umbreon|36/100
|move|p1a: Umbreon|Wish|p1a: Umbreon
|
|upkeep
|turn|137
|
|t:|1597328452
|move|p1a: Umbreon|Protect|p1a: Umbreon
|-singleturn|p1a: Umbreon|Protect
|move|p2a: Corviknight|Roost|p2a: Corviknight
|-heal|p2a: Corviknight|100/100
|-singleturn|p2a: Corviknight|move: Roost
|
|-heal|p1a: Umbreon|86/100|[from] move: Wish|[wisher] Umbreon
|upkeep
|turn|138
|j| tassador
|
|t:|1597328458
|switch|p2a: Clefable|Clefable, F|100/100 tox
|move|p1a: Umbreon|Wish|p1a: Umbreon
|
|upkeep
|turn|139
|
|t:|1597328464
|switch|p1a: Rhyperior|Rhyperior, M|89/100
|move|p2a: Clefable|Calm Mind|p2a: Clefable
|-boost|p2a: Clefable|spa|1
|-boost|p2a: Clefable|spd|1
|
|-heal|p1a: Rhyperior|100/100|[from] move: Wish|[wisher] Umbreon
|upkeep
|turn|140
|
|t:|1597328466
|move|p2a: Clefable|Moonblast|p1a: Rhyperior
|-damage|p1a: Rhyperior|62/100
|move|p1a: Rhyperior|Heavy Slam|p2a: Clefable
|-supereffective|p2a: Clefable
|-damage|p2a: Clefable|47/100 tox
|
|-heal|p2a: Clefable|53/100 tox|[from] item: Leftovers
|-heal|p1a: Rhyperior|68/100|[from] item: Leftovers
|upkeep
|turn|141
|
|t:|1597328474
|move|p2a: Clefable|Soft-Boiled|p2a: Clefable
|-heal|p2a: Clefable|100/100 tox
|move|p1a: Rhyperior|Stealth Rock|p2a: Clefable
|-sidestart|p2: lt71lx kingpin|move: Stealth Rock
|
|-heal|p1a: Rhyperior|75/100|[from] item: Leftovers
|upkeep
|turn|142
|
|t:|1597328478
|switch|p2a: Corviknight|Corviknight, F|100/100
|-damage|p2a: Corviknight|88/100|[from] Stealth Rock
|-ability|p2a: Corviknight|Pressure
|switch|p1a: Sylveon|Sylveon, F|76/100
|
|-damage|p1a: Sylveon|63/100|[from] item: Black Sludge
|upkeep
|turn|143
|
|t:|1597328486
|switch|p1a: Corviknight|Corviknight, F|100/100
|-ability|p1a: Corviknight|Pressure
|move|p2a: Corviknight|Defog|p1a: Corviknight
|-unboost|p1a: Corviknight|evasion|1
|-sideend|p2: lt71lx kingpin|Stealth Rock|[from] move: Defog|[of] p2a: Corviknight
|
|upkeep
|turn|144
|
|t:|1597328494
|switch|p2a: Zeraora|Zeraora|59/100
|move|p1a: Corviknight|Substitute|p1a: Corviknight
|-start|p1a: Corviknight|Substitute
|-damage|p1a: Corviknight|75/100
|
|upkeep
|turn|145
|
|t:|1597328501
|move|p2a: Zeraora|Volt Switch|p1a: Corviknight
|-supereffective|p1a: Corviknight
|-end|p1a: Corviknight|Substitute
|
|t:|1597328504
|switch|p2a: Clefable|Clefable, F|100/100 tox|[from]move: Volt Switch
|move|p1a: Corviknight|Bulk Up|p1a: Corviknight
|-boost|p1a: Corviknight|atk|1
|-boost|p1a: Corviknight|def|1
|
|upkeep
|turn|146
|
|t:|1597328506
|move|p2a: Clefable|Calm Mind|p2a: Clefable
|-boost|p2a: Clefable|spa|1
|-boost|p2a: Clefable|spd|1
|move|p1a: Corviknight|Substitute|p1a: Corviknight
|-start|p1a: Corviknight|Substitute
|-damage|p1a: Corviknight|50/100
|
|upkeep
|turn|147
|
|t:|1597328510
|move|p2a: Clefable|Calm Mind|p2a: Clefable
|-boost|p2a: Clefable|spa|1
|-boost|p2a: Clefable|spd|1
|move|p1a: Corviknight|Substitute|p1a: Corviknight
|-fail|p1a: Corviknight|move: Substitute
|
|upkeep
|turn|148
|
|t:|1597328514
|move|p2a: Clefable|Moonblast|p1a: Corviknight
|-resisted|p1a: Corviknight
|-end|p1a: Corviknight|Substitute
|move|p1a: Corviknight|Roost|p1a: Corviknight
|-heal|p1a: Corviknight|100/100
|-singleturn|p1a: Corviknight|move: Roost
|
|upkeep
|turn|149
|
|t:|1597328518
|move|p2a: Clefable|Calm Mind|p2a: Clefable
|-boost|p2a: Clefable|spa|1
|-boost|p2a: Clefable|spd|1
|move|p1a: Corviknight|Substitute|p1a: Corviknight
|-start|p1a: Corviknight|Substitute
|-damage|p1a: Corviknight|75/100
|
|upkeep
|turn|150
|
|t:|1597328520
|move|p2a: Clefable|Moonblast|p1a: Corviknight
|-resisted|p1a: Corviknight
|-end|p1a: Corviknight|Substitute
|move|p1a: Corviknight|Bulk Up|p1a: Corviknight
|-boost|p1a: Corviknight|atk|1
|-boost|p1a: Corviknight|def|1
|
|upkeep
|turn|151
|
|t:|1597328527
|move|p2a: Clefable|Flamethrower|p1a: Corviknight
|-supereffective|p1a: Corviknight
|-damage|p1a: Corviknight|0 fnt
|faint|p1a: Corviknight
|
|upkeep
|-message|Lenape forfeited.
|
|win|lt71lx kingpin
|l|☆Lenape
|l|☆lt71lx kingpin
|raw|Lenape's rating: 1799 &rarr; <strong>1782</strong><br />(-17 for losing)
|raw|lt71lx kingpin's rating: 1853 &rarr; <strong>1870</strong><br />(+17 for winning)
|l| Nathaaan♦
|l| AttackonSamurott
