|j|☆Pinkacross
|j|☆Alexander90281
|inactive|Battle timer is ON: inactive players will automatically lose when time's up.
|t:|1656123745
|gametype|singles
|player|p1|Pinkacross|artist|
|player|p2|Alexander90281|falkner|
|teamsize|p1|6
|teamsize|p2|6
|gen|8
|tier|[Gen 8] OU
|rated|Tournament battle
|rule|Sleep Clause Mod: Limit one foe put to sleep
|rule|Species Clause: Limit one of each Pokémon
|rule|OHKO Clause: OHKO moves are banned
|rule|Evasion Moves Clause: Evasion moves are banned
|rule|Endless Battle Clause: Forcing endless battles is banned
|rule|HP Percentage Mod: HP is shown in percentages
|rule|Dynamax Clause: You cannot dynamax
|clearpoke
|poke|p1|Lanturn, F|
|poke|p1|Tapu Bulu|
|poke|p1|Heatran, F|
|poke|p1|Clefable, F|
|poke|p1|Tornadus-Therian, M|
|poke|p1|Reuniclus, M|
|poke|p2|Victini|
|poke|p2|Mimikyu, M|
|poke|p2|Marowak-Alola, F|
|poke|p2|Hatterene, F|
|poke|p2|Melmetal|
|poke|p2|Buzzwole|
|teampreview
|j| Only Shedinja ツ
|c|☆Pinkacross|hf
|inactive|Pinkacross has 120 seconds left.
|j| Teres bahji
|
|t:|1656123778
|start
|switch|p1a: Tapu Bulu|Tapu Bulu|100/100
|switch|p2a: Drogon|Victini|100/100
|-fieldstart|move: Grassy Terrain|[from] ability: Grassy Surge|[of] p1a: Tapu Bulu
|turn|1
|c|☆Alexander90281|noo este team otra vez
|c| Teres bahji|lol
|
|t:|1656123785
|switch|p1a: Reuniclus|Reuniclus, M|100/100
|move|p2a: Drogon|Trick Room|p2a: Drogon
|-fieldstart|move: Trick Room|[of] p2a: Drogon
|
|upkeep
|turn|2
|j| AlIoutdragadarts
|c|☆Pinkacross|uso el equipo incorrecte accidente
|
|t:|1656123797
|switch|p1a: Heatran|Heatran, F|100/100
|move|p2a: Drogon|Power-Up Punch|p1a: Heatran
|-supereffective|p1a: Heatran
|-damage|p1a: Heatran|84/100
|-boost|p2a: Drogon|atk|1
|
|-heal|p1a: Heatran|91/100|[from] Grassy Terrain
|-heal|p1a: Heatran|97/100|[from] item: Leftovers
|upkeep
|turn|3
|
|t:|1656123801
|move|p2a: Drogon|Bolt Strike|p1a: Heatran
|-damage|p1a: Heatran|56/100
|move|p1a: Heatran|Toxic|p2a: Drogon
|-status|p2a: Drogon|tox
|
|-heal|p1a: Heatran|62/100|[from] Grassy Terrain
|-heal|p1a: Heatran|68/100|[from] item: Leftovers
|-damage|p2a: Drogon|94/100 tox|[from] psn
|upkeep
|turn|4
|
|t:|1656123807
|move|p1a: Heatran|Protect|p1a: Heatran
|-singleturn|p1a: Heatran|Protect
|move|p2a: Drogon|V-create|p1a: Heatran
|-activate|p1a: Heatran|move: Protect
|
|-heal|p2a: Drogon|100/100 tox|[from] Grassy Terrain
|-heal|p1a: Heatran|74/100|[from] Grassy Terrain
|-heal|p1a: Heatran|80/100|[from] item: Leftovers
|-damage|p2a: Drogon|88/100 tox|[from] psn
|upkeep
|turn|5
|l| AlIoutdragadarts
|c| Only Shedinja ツ|ya peleaste con este equipo alexander ?
|c|☆Alexander90281|mi team
|c| Teres bahji|si
|c|☆Alexander90281|esta mal
|inactive|Pinkacross has 120 seconds left.
|
|t:|1656123853
|move|p2a: Drogon|Power-Up Punch|p1a: Heatran
|-supereffective|p1a: Heatran
|-damage|p1a: Heatran|57/100
|-boost|p2a: Drogon|atk|1
|move|p1a: Heatran|Stealth Rock|p2a: Drogon
|-sidestart|p2: Alexander90281|move: Stealth Rock
|
|-heal|p2a: Drogon|94/100 tox|[from] Grassy Terrain
|-heal|p1a: Heatran|63/100|[from] Grassy Terrain
|-heal|p1a: Heatran|70/100|[from] item: Leftovers
|-damage|p2a: Drogon|76/100 tox|[from] psn
|-fieldend|move: Trick Room
|-fieldend|move: Grassy Terrain
|upkeep
|turn|6
|
|t:|1656123869
|move|p1a: Heatran|Protect|p1a: Heatran
|-singleturn|p1a: Heatran|Protect
|move|p2a: Drogon|Trick Room|p2a: Drogon
|-fieldstart|move: Trick Room|[of] p2a: Drogon
|
|-heal|p1a: Heatran|76/100|[from] item: Leftovers
|-damage|p2a: Drogon|51/100 tox|[from] psn
|upkeep
|turn|7
|
|t:|1656123871
|switch|p1a: Reuniclus|Reuniclus, M|100/100
|move|p2a: Drogon|Bolt Strike|p1a: Reuniclus
|-damage|p1a: Reuniclus|41/100
|-damage|p2a: Drogon|34/100 tox|[from] item: Rocky Helmet|[of] p1a: Reuniclus
|
|-damage|p2a: Drogon|3/100 tox|[from] psn
|upkeep
|turn|8
|
|t:|1656123876
|move|p1a: Reuniclus|Recover|p1a: Reuniclus
|-heal|p1a: Reuniclus|91/100
|move|p2a: Drogon|Bolt Strike|p1a: Reuniclus
|-damage|p1a: Reuniclus|35/100
|-status|p1a: Reuniclus|par
|-damage|p2a: Drogon|0 fnt|[from] item: Rocky Helmet|[of] p1a: Reuniclus
|faint|p2a: Drogon
|
|upkeep
|
|t:|1656123882
|switch|p2a: Melmetal|Melmetal|100/100
|-damage|p2a: Melmetal|94/100|[from] Stealth Rock
|turn|9
|
|t:|1656123889
|move|p1a: Reuniclus|Iron Defense|p1a: Reuniclus
|-boost|p1a: Reuniclus|def|2
|move|p2a: Melmetal|Earthquake|p1a: Reuniclus
|-damage|p1a: Reuniclus|19/100 par
|
|upkeep
|turn|10
|
|t:|1656123892
|cant|p1a: Reuniclus|par
|move|p2a: Melmetal|Double Iron Bash|p1a: Reuniclus
|-damage|p1a: Reuniclus|1/100 par
|-damage|p2a: Melmetal|78/100|[from] item: Rocky Helmet|[of] p1a: Reuniclus
|-damage|p1a: Reuniclus|0 fnt
|-damage|p2a: Melmetal|61/100|[from] item: Rocky Helmet|[of] p1a: Reuniclus
|faint|p1a: Reuniclus
|-hitcount|p1: Reuniclus|2
|
|-fieldend|move: Trick Room
|upkeep
|
|t:|1656123902
|switch|p1a: Tapu Bulu|Tapu Bulu|100/100
|-fieldstart|move: Grassy Terrain|[from] ability: Grassy Surge|[of] p1a: Tapu Bulu
|turn|11
|
|t:|1656123908
|switch|p1a: Heatran|Heatran, F|76/100
|switch|p2a: Buzzwole|Buzzwole|100/100
|-damage|p2a: Buzzwole|88/100|[from] Stealth Rock
|
|-heal|p1a: Heatran|82/100|[from] Grassy Terrain
|-heal|p1a: Heatran|88/100|[from] item: Leftovers
|-heal|p2a: Buzzwole|94/100|[from] Grassy Terrain
|upkeep
|turn|12
|
|t:|1656123912
|switch|p1a: Clefable|Clefable, F|100/100
|move|p2a: Buzzwole|Earthquake|p1a: Clefable
|-damage|p1a: Clefable|73/100
|-damage|p2a: Buzzwole|84/100|[from] item: Life Orb
|
|-heal|p1a: Clefable|79/100|[from] Grassy Terrain
|-heal|p1a: Clefable|85/100|[from] item: Leftovers
|-heal|p2a: Buzzwole|90/100|[from] Grassy Terrain
|upkeep
|turn|13
|
|t:|1656123918
|move|p1a: Clefable|Moonblast|p2a: Buzzwole
|-supereffective|p2a: Buzzwole
|-damage|p2a: Buzzwole|0 fnt
|faint|p2a: Buzzwole
|
|-heal|p1a: Clefable|91/100|[from] Grassy Terrain
|-heal|p1a: Clefable|97/100|[from] item: Leftovers
|upkeep
|
|t:|1656123922
|switch|p2a: Melmetal|Melmetal|61/100
|-damage|p2a: Melmetal|55/100|[from] Stealth Rock
|turn|14
|
|t:|1656123939
|switch|p1a: Heatran|Heatran, F|88/100
|move|p2a: Melmetal|Double Iron Bash|p1a: Heatran
|-resisted|p1a: Heatran
|-damage|p1a: Heatran|80/100
|-status|p2a: Melmetal|brn|[from] ability: Flame Body|[of] p1a: Heatran
|-resisted|p1a: Heatran
|-damage|p1a: Heatran|76/100
|-hitcount|p1a: Heatran|2
|
|-heal|p1a: Heatran|82/100|[from] Grassy Terrain
|-heal|p1a: Heatran|88/100|[from] item: Leftovers
|-heal|p2a: Melmetal|61/100 brn|[from] Grassy Terrain
|-damage|p2a: Melmetal|55/100 brn|[from] brn
|upkeep
|turn|15
|c|☆Alexander90281|XD
|c|☆Pinkacross|es mas que 50%
|
|t:|1656123957
|switch|p2a: Little Finger|Mimikyu, M|100/100
|-damage|p2a: Little Finger|88/100|[from] Stealth Rock
|move|p1a: Heatran|Lava Plume|p2a: Little Finger
|-activate|p2a: Little Finger|ability: Disguise
|-damage|p2a: Little Finger|88/100
|detailschange|p2a: Little Finger|Mimikyu-Busted, M
|-damage|p2a: Little Finger|76/100|[from] pokemon: Mimikyu-Busted
|
|-heal|p1a: Heatran|95/100|[from] Grassy Terrain
|-heal|p1a: Heatran|100/100|[from] item: Leftovers
|-heal|p2a: Little Finger|82/100|[from] Grassy Terrain
|-fieldend|move: Grassy Terrain
|upkeep
|turn|16
|c| Only Shedinja ツ|pinka esta en pungaaa
|
|t:|1656123965
|move|p1a: Heatran|Toxic|p2a: Little Finger
|-status|p2a: Little Finger|tox
|move|p2a: Little Finger|Trick Room|p2a: Little Finger
|-fieldstart|move: Trick Room|[of] p2a: Little Finger
|
|-damage|p2a: Little Finger|76/100 tox|[from] psn
|upkeep
|turn|17
|c|☆Alexander90281|ni si quieras sabes porque xd
|
|t:|1656123974
|move|p2a: Little Finger|Curse|p1a: Heatran
|-start|p1a: Heatran|Curse|[of] p2a: Little Finger
|-damage|p2a: Little Finger|26/100 tox
|-enditem|p2a: Little Finger|Sitrus Berry|[eat]
|-heal|p2a: Little Finger|50/100 tox|[from] item: Sitrus Berry
|move|p1a: Heatran|Lava Plume|p2a: Little Finger
|-damage|p2a: Little Finger|11/100 tox
|
|-damage|p2a: Little Finger|0 fnt|[from] psn
|faint|p2a: Little Finger
|-damage|p1a: Heatran|76/100|[from] Curse
|upkeep
|
|t:|1656123977
|switch|p2a: Marowak|Marowak-Alola, F|100/100
|-damage|p2a: Marowak|75/100|[from] Stealth Rock
|turn|18
|c| Only Shedinja ツ|que cosa ?
|c|☆Pinkacross|ah entiendo
|
|t:|1656123984
|switch|p1a: Lanturn|Lanturn, F|100/100
|move|p2a: Marowak|Swords Dance|p2a: Marowak
|-boost|p2a: Marowak|atk|2
|
|upkeep
|turn|19
|
|t:|1656123999
|switch|p1a: Tornadus|Tornadus-Therian, M|100/100
|move|p2a: Marowak|Poltergeist|p1a: Tornadus
|-activate|p1a: Tornadus|move: Poltergeist|Heavy-Duty Boots
|-damage|p1a: Tornadus|0 fnt
|faint|p1a: Tornadus
|
|upkeep
|
|t:|1656124001
|switch|p1a: Clefable|Clefable, F|97/100
|turn|20
|
|t:|1656124008
|move|p1a: Clefable|Protect|p1a: Clefable
|-singleturn|p1a: Clefable|Protect
|move|p2a: Marowak|Flare Blitz|p1a: Clefable
|-activate|p1a: Clefable|move: Protect
|
|-heal|p1a: Clefable|100/100|[from] item: Leftovers
|-fieldend|move: Trick Room
|upkeep
|turn|21
|
|t:|1656124010
|move|p1a: Clefable|Moonblast|p2a: Marowak
|-resisted|p2a: Marowak
|-damage|p2a: Marowak|57/100
|move|p2a: Marowak|Flare Blitz|p1a: Clefable
|-damage|p1a: Clefable|0 fnt
|faint|p1a: Clefable
|
|upkeep
|
|t:|1656124015
|switch|p1a: Lanturn|Lanturn, F|100/100
|turn|22
|
|t:|1656124019
|switch|p2a: Hatterene|Hatterene, F|100/100
|-damage|p2a: Hatterene|88/100|[from] Stealth Rock
|move|p1a: Lanturn|Scald|p2a: Hatterene
|-damage|p2a: Hatterene|65/100
|
|upkeep
|turn|23
|
|t:|1656124023
|move|p1a: Lanturn|Volt Switch|p2a: Hatterene
|-damage|p2a: Hatterene|46/100
|
|t:|1656124024
|switch|p1a: Tapu Bulu|Tapu Bulu|100/100|[from]move: Volt Switch
|-fieldstart|move: Grassy Terrain|[from] ability: Grassy Surge|[of] p1a: Tapu Bulu
|move|p2a: Hatterene|Trick Room|p2a: Hatterene
|-fieldstart|move: Trick Room|[of] p2a: Hatterene
|
|-heal|p2a: Hatterene|52/100|[from] Grassy Terrain
|upkeep
|turn|24
|
|t:|1656124028
|switch|p1a: Heatran|Heatran, F|76/100
|move|p2a: Hatterene|Healing Wish|p2a: Hatterene
|faint|p2a: Hatterene
|
|-heal|p1a: Heatran|82/100|[from] Grassy Terrain
|-heal|p1a: Heatran|88/100|[from] item: Leftovers
|upkeep
|
|t:|1656124035
|switch|p2a: Melmetal|Melmetal|55/100 brn
|-heal|p2a: Melmetal|100/100|[from] move: Healing Wish
|-damage|p2a: Melmetal|94/100|[from] Stealth Rock
|turn|25
|
|t:|1656124044
|move|p1a: Heatran|Protect|p1a: Heatran
|-singleturn|p1a: Heatran|Protect
|move|p2a: Melmetal|Earthquake|p1a: Heatran
|-activate|p1a: Heatran|move: Protect
|
|-heal|p2a: Melmetal|100/100|[from] Grassy Terrain
|-heal|p1a: Heatran|94/100|[from] Grassy Terrain
|-heal|p1a: Heatran|100/100|[from] item: Leftovers
|upkeep
|turn|26
|
|t:|1656124046
|move|p2a: Melmetal|Double Iron Bash|p1a: Heatran
|-resisted|p1a: Heatran
|-damage|p1a: Heatran|92/100
|-resisted|p1a: Heatran
|-damage|p1a: Heatran|84/100
|-status|p2a: Melmetal|brn|[from] ability: Flame Body|[of] p1a: Heatran
|-hitcount|p1a: Heatran|2
|cant|p1a: Heatran|flinch
|
|-heal|p1a: Heatran|90/100|[from] Grassy Terrain
|-heal|p1a: Heatran|96/100|[from] item: Leftovers
|-damage|p2a: Melmetal|94/100 brn|[from] brn
|upkeep
|turn|27
|
|t:|1656124051
|move|p1a: Heatran|Protect|p1a: Heatran
|-singleturn|p1a: Heatran|Protect
|move|p2a: Melmetal|Earthquake|p1a: Heatran
|-activate|p1a: Heatran|move: Protect
|
|-heal|p2a: Melmetal|100/100 brn|[from] Grassy Terrain
|-heal|p1a: Heatran|100/100|[from] Grassy Terrain
|-damage|p2a: Melmetal|94/100 brn|[from] brn
|-fieldend|move: Trick Room
|-fieldend|move: Grassy Terrain
|upkeep
|turn|28
|
|t:|1656124053
|move|p1a: Heatran|Lava Plume|p2a: Melmetal
|-supereffective|p2a: Melmetal
|-damage|p2a: Melmetal|18/100 brn
|move|p2a: Melmetal|Earthquake|p1a: Heatran
|-supereffective|p1a: Heatran
|-damage|p1a: Heatran|47/100
|
|-heal|p1a: Heatran|53/100|[from] item: Leftovers
|-damage|p2a: Melmetal|12/100 brn|[from] brn
|upkeep
|turn|29
|
|t:|1656124056
|move|p1a: Heatran|Lava Plume|p2a: Melmetal
|-supereffective|p2a: Melmetal
|-damage|p2a: Melmetal|0 fnt
|faint|p2a: Melmetal
|
|-heal|p1a: Heatran|59/100|[from] item: Leftovers
|upkeep
|c| Only Shedinja ツ|la prediicc
|c|☆Alexander90281|ok
|c| Only Shedinja ツ|a casa alexander
|c|☆Alexander90281|no es predict
|c| Only Shedinja ツ|:D
|c|☆Alexander90281|no puede ser pedrict
|c|☆Alexander90281|con hetran cuerpo caliente
|-message|Alexander90281 forfeited.
|
|win|Pinkacross
|n|☆Pinkacross|pinkacross
|n|☆Alexander90281|alexander90281
|n| Only Shedinja ツ|onlyshedinja
|n| Teres bahji|teresbahji
|c|☆Pinkacross|si
|c|☆Pinkacross|gg
|c| Only Shedinja ツ|gg
