|j|☆madness10
|j|☆Stunfisk2140
|t:|1635343483
|gametype|singles
|player|p1|madness10|benga|1344
|player|p2|Stunfisk2140|102|1320
|teamsize|p1|6
|teamsize|p2|6
|gen|8
|tier|[Gen 8] OU
|rated|
|rule|Sleep Clause Mod: Limit one foe put to sleep
|rule|Species Clause: Limit one of each Pokémon
|rule|OHKO Clause: OHKO moves are banned
|rule|Evasion Moves Clause: Evasion moves are banned
|rule|Endless Battle Clause: Forcing endless battles is banned
|rule|HP Percentage Mod: HP is shown in percentages
|rule|Dynamax Clause: You cannot dynamax
|clearpoke
|poke|p1|Kyurem|
|poke|p1|Zeraora|
|poke|p1|Melmetal|
|poke|p1|Landorus-Therian, M|
|poke|p1|Blacephalon|
|poke|p1|Scizor, F|
|poke|p2|Tapu Koko|
|poke|p2|Hawlucha, M|
|poke|p2|Garchomp, F|
|poke|p2|Crawdaunt, F|
|poke|p2|Bisharp, M|
|poke|p2|Volcarona, F|
|teampreview
|inactive|Battle timer is ON: inactive players will automatically lose when time's up. (requested by Stunfisk2140)
|c|☆Stunfisk2140|ye boi
|c|☆Stunfisk2140|all mons in this team are great
|
|t:|1635343498
|start
|switch|p1a: Landorus|Landorus-Therian, M|100/100
|switch|p2a: Tapu Koko|Tapu Koko|100/100
|-fieldstart|move: Electric Terrain|[from] ability: Electric Surge|[of] p2a: Tapu Koko
|-ability|p1a: Landorus|Intimidate|boost
|-unboost|p2a: Tapu Koko|atk|1
|turn|1
|c|☆Stunfisk2140|accept that zeroara
|
|t:|1635343507
|move|p2a: Tapu Koko|Taunt|p1a: Landorus
|-start|p1a: Landorus|move: Taunt
|cant|p1a: Landorus|move: Taunt|Stealth Rock
|
|upkeep
|turn|2
|c|☆Stunfisk2140|ughh
|
|t:|1635343515
|move|p2a: Tapu Koko|Reflect|p2a: Tapu Koko
|-sidestart|p2: Stunfisk2140|Reflect
|move|p1a: Landorus|Earthquake|p2a: Tapu Koko
|-supereffective|p2a: Tapu Koko
|-damage|p2a: Tapu Koko|46/100
|
|upkeep
|turn|3
|
|t:|1635343525
|move|p2a: Tapu Koko|Light Screen|p2a: Tapu Koko
|-sidestart|p2: Stunfisk2140|move: Light Screen
|move|p1a: Landorus|Earthquake|p2a: Tapu Koko
|-supereffective|p2a: Tapu Koko
|-damage|p2a: Tapu Koko|0 fnt
|faint|p2a: Tapu Koko
|
|-end|p1a: Landorus|move: Taunt
|upkeep
|
|t:|1635343532
|switch|p2a: Hawlucha|Hawlucha, M|100/100
|-enditem|p2a: Hawlucha|Electric Seed
|-boost|p2a: Hawlucha|def|1|[from] item: Electric Seed
|turn|4
|
|t:|1635343540
|move|p2a: Hawlucha|Substitute|p2a: Hawlucha
|-start|p2a: Hawlucha|Substitute
|-damage|p2a: Hawlucha|76/100
|move|p1a: Landorus|Toxic||[still]
|-fail|p1a: Landorus
|
|upkeep
|turn|5
|
|t:|1635343546
|move|p2a: Hawlucha|Swords Dance|p2a: Hawlucha
|-boost|p2a: Hawlucha|atk|2
|move|p1a: Landorus|U-turn|p2a: Hawlucha
|-resisted|p2a: Hawlucha
|-activate|p2a: Hawlucha|move: Substitute|[damage]
|c|☆Stunfisk2140|gg
|c|☆Stunfisk2140|its over
|c|☆Stunfisk2140|u lost
|
|t:|1635343560
|switch|p1a: Melmetal|Melmetal|100/100|[from]move: U-turn
|
|-fieldend|move: Electric Terrain
|upkeep
|turn|6
|
|t:|1635343564
|move|p2a: Hawlucha|Close Combat|p1a: Melmetal
|-supereffective|p1a: Melmetal
|-damage|p1a: Melmetal|0 fnt
|-unboost|p2a: Hawlucha|def|1
|-unboost|p2a: Hawlucha|spd|1
|faint|p1a: Melmetal
|
|upkeep
|
|t:|1635343578
|switch|p1a: Scizor|Scizor, F|100/100
|turn|7
|
|t:|1635343581
|move|p1a: Scizor|Bullet Punch|p2a: Hawlucha
|-end|p2a: Hawlucha|Substitute
|move|p2a: Hawlucha|Close Combat|p1a: Scizor
|-damage|p1a: Scizor|0 fnt
|-unboost|p2a: Hawlucha|def|1
|-unboost|p2a: Hawlucha|spd|1
|faint|p1a: Scizor
|
|upkeep
|c|☆Stunfisk2140|ye boi
|
|t:|1635343589
|switch|p1a: Blacephalon|Blacephalon|100/100
|turn|8
|
|t:|1635343592
|move|p2a: Hawlucha|Acrobatics|p1a: Blacephalon
|-damage|p1a: Blacephalon|0 fnt
|faint|p1a: Blacephalon
|
|upkeep
|-message|madness10 forfeited.
|
|win|Stunfisk2140
|raw|madness10's rating: 1344 &rarr; <strong>1323</strong><br />(-21 for losing)
|raw|Stunfisk2140's rating: 1320 &rarr; <strong>1341</strong><br />(+21 for winning)
|l|☆madness10
|j| Ytuiff
||Ladder isn't responding, score probably updated but might not have (Request timeout).
