|j|☆Edtydydfugyfgh
|j|☆cold.exe
|player|p1|Edtydydfugyfgh|169|1372
|player|p2|cold.exe|flannery|1335
|teamsize|p1|6
|teamsize|p2|6
|gametype|singles
|gen|8
|tier|[Gen 8] OU
|rated|
|clearpoke
|poke|p1|Mimikyu, F|
|poke|p1|Lucario, F|
|poke|p1|Cinderace, M|
|poke|p1|Rotom-Wash|
|poke|p1|Hydreigon, M|
|poke|p1|Corviknight, F|
|poke|p2|Diggersby, M|
|poke|p2|Azumarill, M|
|poke|p2|Mandibuzz, F|
|poke|p2|Aegislash, M|
|poke|p2|Rillaboom, M|
|poke|p2|Cinderace, M|
|rule|Sleep Clause Mod: Limit one foe put to sleep
|rule|Species Clause: Limit one of each Pokémon
|rule|OHKO Clause: OHKO moves are banned
|rule|Evasion Moves Clause: Evasion moves are banned
|rule|Endless Battle Clause: Forcing endless battles is banned
|rule|HP Percentage Mod: HP is shown in percentages
|rule|Dynamax Clause: You cannot dynamax
|teampreview
|
|start
|switch|p1a: Corviknight|Corviknight, F|100/100
|switch|p2a: Rillaboom|Rillaboom, M|100/100
|-fieldstart|move: Grassy Terrain|[from] ability: Grassy Surge|[of] p2a: Rillaboom
|-ability|p1a: Corviknight|Pressure
|turn|1
|
|move|p2a: Rillaboom|U-turn|p1a: Corviknight
|-resisted|p1a: Corviknight
|-damage|p1a: Corviknight|96/100
|-damage|p2a: Rillaboom|91/100|[from] item: Life Orb
|
|switch|p2a: Mandibuzz|Mandibuzz, F|100/100|[from]move: U-turn
|move|p1a: Corviknight|Brave Bird|p2a: Mandibuzz
|-damage|p2a: Mandibuzz|81/100
|-damage|p1a: Corviknight|89/100|[from] Recoil
|
|-heal|p1a: Corviknight|95/100|[from] item: Leftovers
|upkeep
|turn|2
|
|move|p1a: Corviknight|U-turn|p2a: Mandibuzz
|-damage|p2a: Mandibuzz|73/100
|
|switch|p1a: Rotom|Rotom-Wash|100/100|[from]move: U-turn
|move|p2a: Mandibuzz|U-turn|p1a: Rotom
|-damage|p1a: Rotom|86/100
|
|switch|p2a: Aegislash|Aegislash, M|100/100|[from]move: U-turn
|
|upkeep
|turn|3
|
|move|p1a: Rotom|Volt Switch|p2a: Aegislash
|-damage|p2a: Aegislash|63/100
|
|switch|p1a: Hydreigon|Hydreigon, M|100/100|[from]move: Volt Switch
|-formechange|p2a: Aegislash|Aegislash-Blade||[from] ability: Stance Change
|move|p2a: Aegislash|Shadow Ball|p1a: Hydreigon
|-resisted|p1a: Hydreigon
|-damage|p1a: Hydreigon|61/100
|
|-heal|p2a: Aegislash|69/100|[from] Grassy Terrain
|upkeep
|turn|4
|
|switch|p2a: Azumarill|Azumarill, M|100/100
|move|p1a: Hydreigon|Fire Blast|p2a: Azumarill
|-resisted|p2a: Azumarill
|-damage|p2a: Azumarill|78/100
|
|-heal|p2a: Azumarill|84/100|[from] Grassy Terrain
|upkeep
|turn|5
|
|switch|p1a: Corviknight|Corviknight, F|95/100
|-ability|p1a: Corviknight|Pressure
|move|p2a: Azumarill|Liquidation|p1a: Corviknight
|-damage|p1a: Corviknight|44/100
|-unboost|p1a: Corviknight|def|1
|
|-heal|p2a: Azumarill|90/100|[from] Grassy Terrain
|-heal|p1a: Corviknight|50/100|[from] item: Leftovers
|-fieldend|move: Grassy Terrain
|upkeep
|turn|6
|
|move|p2a: Azumarill|Liquidation|p1a: Corviknight
|-damage|p1a: Corviknight|0 fnt
|faint|p1a: Corviknight
|
|upkeep
|
|switch|p1a: Rotom|Rotom-Wash|86/100
|turn|7
|
|switch|p2a: Rillaboom|Rillaboom, M|91/100
|-fieldstart|move: Grassy Terrain|[from] ability: Grassy Surge|[of] p2a: Rillaboom
|move|p1a: Rotom|Volt Switch|p2a: Rillaboom
|-resisted|p2a: Rillaboom
|-damage|p2a: Rillaboom|67/100
|
|switch|p1a: Cinderace|Cinderace, M|100/100|[from]move: Volt Switch
|
|-heal|p2a: Rillaboom|73/100|[from] Grassy Terrain
|upkeep
|turn|8
|
|switch|p2a: Mandibuzz|Mandibuzz, F|73/100
|move|p1a: Cinderace|U-turn|p2a: Mandibuzz
|-start|p1a: Cinderace|typechange|Bug|[from] ability: Libero
|-damage|p2a: Mandibuzz|55/100
|
|switch|p1a: Rotom|Rotom-Wash|86/100|[from]move: U-turn
|
|upkeep
|turn|9
|
|move|p1a: Rotom|Hydro Pump|p2a: Mandibuzz
|-damage|p2a: Mandibuzz|9/100
|move|p2a: Mandibuzz|Roost|p2a: Mandibuzz
|-heal|p2a: Mandibuzz|59/100
|-singleturn|p2a: Mandibuzz|move: Roost
|
|-heal|p2a: Mandibuzz|66/100|[from] Grassy Terrain
|upkeep
|turn|10
|
|switch|p1a: Cinderace|Cinderace, M|100/100
|move|p2a: Mandibuzz|Roost|p2a: Mandibuzz
|-heal|p2a: Mandibuzz|100/100
|-singleturn|p2a: Mandibuzz|move: Roost
|
|upkeep
|turn|11
|
|move|p1a: Cinderace|Substitute|p1a: Cinderace
|-start|p1a: Cinderace|typechange|Normal|[from] ability: Libero
|-start|p1a: Cinderace|Substitute
|-damage|p1a: Cinderace|76/100
|move|p2a: Mandibuzz|U-turn|p1a: Cinderace
|-activate|p1a: Cinderace|move: Substitute|[damage]
|
|switch|p2a: Rillaboom|Rillaboom, M|73/100|[from]move: U-turn
|
|-heal|p1a: Cinderace|82/100|[from] Grassy Terrain
|-heal|p2a: Rillaboom|79/100|[from] Grassy Terrain
|-fieldend|move: Grassy Terrain
|upkeep
|turn|12
|
|switch|p2a: Mandibuzz|Mandibuzz, F|100/100
|move|p1a: Cinderace|Zen Headbutt|p2a: Mandibuzz
|-start|p1a: Cinderace|typechange|Psychic|[from] ability: Libero
|-immune|p2a: Mandibuzz
|
|upkeep
|turn|13
|
|move|p1a: Cinderace|Pyro Ball|p2a: Mandibuzz
|-start|p1a: Cinderace|typechange|Fire|[from] ability: Libero
|-damage|p2a: Mandibuzz|69/100
|move|p2a: Mandibuzz|Foul Play|p1a: Cinderace
|-end|p1a: Cinderace|Substitute
|
|upkeep
|turn|14
|
|move|p1a: Cinderace|U-turn|p2a: Mandibuzz
|-start|p1a: Cinderace|typechange|Bug|[from] ability: Libero
|-damage|p2a: Mandibuzz|49/100
|
|switch|p1a: Lucario|Lucario, F|100/100|[from]move: U-turn
|move|p2a: Mandibuzz|Roost|p2a: Mandibuzz
|-heal|p2a: Mandibuzz|99/100
|-singleturn|p2a: Mandibuzz|move: Roost
|
|upkeep
|turn|15
|
|switch|p1a: Rotom|Rotom-Wash|86/100
|move|p2a: Mandibuzz|U-turn|p1a: Rotom
|-damage|p1a: Rotom|73/100
|
|switch|p2a: Rillaboom|Rillaboom, M|79/100|[from]move: U-turn
|-fieldstart|move: Grassy Terrain|[from] ability: Grassy Surge|[of] p2a: Rillaboom
|
|-heal|p2a: Rillaboom|85/100|[from] Grassy Terrain
|upkeep
|turn|16
|
|switch|p1a: Hydreigon|Hydreigon, M|61/100
|move|p2a: Rillaboom|Swords Dance|p2a: Rillaboom
|-boost|p2a: Rillaboom|atk|2
|
|-heal|p2a: Rillaboom|91/100|[from] Grassy Terrain
|upkeep
|turn|17
|
|move|p2a: Rillaboom|Grassy Glide|p1a: Hydreigon
|-resisted|p1a: Hydreigon
|-damage|p1a: Hydreigon|0 fnt
|-damage|p2a: Rillaboom|81/100|[from] item: Life Orb
|faint|p1a: Hydreigon
|
|-heal|p2a: Rillaboom|88/100|[from] Grassy Terrain
|upkeep
|
|switch|p1a: Cinderace|Cinderace, M|82/100
|turn|18
|
|switch|p1a: Rotom|Rotom-Wash|73/100
|move|p2a: Rillaboom|Grassy Glide|p1a: Rotom
|-supereffective|p1a: Rotom
|-damage|p1a: Rotom|0 fnt
|-damage|p2a: Rillaboom|78/100|[from] item: Life Orb
|faint|p1a: Rotom
|
|-heal|p2a: Rillaboom|84/100|[from] Grassy Terrain
|upkeep
|-message|Edtydydfugyfgh forfeited.
|
|win|cold.exe
|l|☆Edtydydfugyfgh
