|html|<div class="broadcast-blue"><strong>[Gen 8] OU is currently suspecting Melmetal! For information on how to participate check out the <a href="https://www.smogon.com/forums/threads/np-ss-ou-suspect-process-round-12-monster-mash.3709234/">suspect thread</a>.</strong></div>
|j|☆Eterna62440
|j|☆HQSTest
|t:|1665995677
|gametype|singles
|player|p1|Eterna62440|266|1582
|player|p2|HQSTest|veteranf|1672
|teamsize|p1|6
|teamsize|p2|6
|gen|8
|tier|[Gen 8] OU
|rated|
|rule|Sleep Clause Mod: Limit one foe put to sleep
|rule|Species Clause: Limit one of each Pokémon
|rule|OHKO Clause: OHKO moves are banned
|rule|Evasion Items Clause: Evasion items are banned
|rule|Evasion Moves Clause: Evasion moves are banned
|rule|Endless Battle Clause: Forcing endless battles is banned
|rule|HP Percentage Mod: HP is shown in percentages
|rule|Dynamax Clause: You cannot dynamax
|clearpoke
|poke|p1|Tyranitar, M|
|poke|p1|Excadrill, F|
|poke|p1|Pelipper, M|
|poke|p1|Urshifu-*, F|
|poke|p1|Zapdos|
|poke|p1|Ferrothorn, M|
|poke|p2|Heatran, M|
|poke|p2|Mew|
|poke|p2|Blaziken, F|
|poke|p2|Rillaboom, M|
|poke|p2|Weavile, M|
|poke|p2|Dragonite, M|
|teampreview
|
|t:|1665995684
|start
|switch|p1a: Tyranitar|Tyranitar, M, shiny|100/100
|switch|p2a: Heatran|Heatran, M|100/100
|-weather|Sandstorm|[from] ability: Sand Stream|[of] p1a: Tyranitar
|turn|1
|
|t:|1665995698
|move|p2a: Heatran|Taunt|p1a: Tyranitar
|-start|p1a: Tyranitar|move: Taunt
|move|p1a: Tyranitar|Crunch|p2a: Heatran
|-damage|p2a: Heatran|28/100
|
|-weather|Sandstorm|[upkeep]
|upkeep
|turn|2
|
|t:|1665995706
|move|p2a: Heatran|Stealth Rock|p1a: Tyranitar
|-sidestart|p1: Eterna62440|move: Stealth Rock
|move|p1a: Tyranitar|Crunch|p2a: Heatran
|-damage|p2a: Heatran|0 fnt
|faint|p2a: Heatran
|
|-weather|Sandstorm|[upkeep]
|upkeep
|
|t:|1665995710
|switch|p2a: Blaziken|Blaziken, F|100/100
|turn|3
|
|t:|1665995724
|switch|p1a: Urshifu|Urshifu-Rapid-Strike, F|100/100
|-damage|p1a: Urshifu|94/100|[from] Stealth Rock
|move|p2a: Blaziken|Swords Dance|p2a: Blaziken
|-boost|p2a: Blaziken|atk|2
|
|-weather|Sandstorm|[upkeep]
|-damage|p1a: Urshifu|88/100|[from] Sandstorm
|-damage|p2a: Blaziken|94/100|[from] Sandstorm
|-heal|p2a: Blaziken|100/100|[from] item: Leftovers
|-ability|p2a: Blaziken|Speed Boost|boost
|-boost|p2a: Blaziken|spe|1
|upkeep
|turn|4
|
|t:|1665995736
|move|p1a: Urshifu|Surging Strikes|p2a: Blaziken
|-supereffective|p2a: Blaziken
|-crit|p2a: Blaziken
|-damage|p2a: Blaziken|44/100
|-supereffective|p2a: Blaziken
|-crit|p2a: Blaziken
|-damage|p2a: Blaziken|0 fnt
|faint|p2a: Blaziken
|-hitcount|p2: Blaziken|2
|
|-weather|Sandstorm|[upkeep]
|-damage|p1a: Urshifu|82/100|[from] Sandstorm
|upkeep
|
|t:|1665995746
|switch|p2a: Rillaboom|Rillaboom, M|100/100
|-fieldstart|move: Grassy Terrain|[from] ability: Grassy Surge|[of] p2a: Rillaboom
|turn|5
|
|t:|1665995752
|switch|p1a: Zapdos|Zapdos, shiny|100/100
|move|p2a: Rillaboom|Swords Dance|p2a: Rillaboom
|-boost|p2a: Rillaboom|atk|2
|
|-weather|none
|upkeep
|turn|6
|
|t:|1665995760
|move|p1a: Zapdos|Hurricane|p2a: Rillaboom
|-supereffective|p2a: Rillaboom
|-damage|p2a: Rillaboom|0 fnt
|faint|p2a: Rillaboom
|
|upkeep
|
|t:|1665995764
|switch|p2a: Weavile|Weavile, M|100/100
|-ability|p2a: Weavile|Pressure
|turn|7
|
|t:|1665995769
|switch|p1a: Ferrothorn|Ferrothorn, M, shiny|100/100
|-damage|p1a: Ferrothorn|94/100|[from] Stealth Rock
|move|p2a: Weavile|Swords Dance|p2a: Weavile
|-boost|p2a: Weavile|atk|2
|
|-heal|p1a: Ferrothorn|100/100|[from] Grassy Terrain
|upkeep
|turn|8
|
|t:|1665995779
|move|p2a: Weavile|Low Kick|p1a: Ferrothorn
|-supereffective|p1a: Ferrothorn
|-damage|p1a: Ferrothorn|0 fnt
|-damage|p2a: Weavile|88/100|[from] ability: Iron Barbs|[of] p1a: Ferrothorn
|faint|p1a: Ferrothorn
|-damage|p2a: Weavile|78/100|[from] item: Life Orb
|
|-heal|p2a: Weavile|84/100|[from] Grassy Terrain
|upkeep
|
|t:|1665995789
|switch|p1a: Tyranitar|Tyranitar, M, shiny|100/100
|-damage|p1a: Tyranitar|88/100|[from] Stealth Rock
|-weather|Sandstorm|[from] ability: Sand Stream|[of] p1a: Tyranitar
|turn|9
|
|t:|1665995796
|move|p2a: Weavile|Low Kick|p1a: Tyranitar
|-supereffective|p1a: Tyranitar
|-damage|p1a: Tyranitar|0 fnt
|faint|p1a: Tyranitar
|-damage|p2a: Weavile|74/100|[from] item: Life Orb
|
|-weather|Sandstorm|[upkeep]
|-damage|p2a: Weavile|68/100|[from] Sandstorm
|-heal|p2a: Weavile|74/100|[from] Grassy Terrain
|-fieldend|move: Grassy Terrain
|upkeep
|
|t:|1665995806
|switch|p1a: Excadrill|Excadrill, F, shiny|100/100
|-damage|p1a: Excadrill|97/100|[from] Stealth Rock
|turn|10
|
|t:|1665995811
|move|p2a: Weavile|Ice Shard|p1a: Excadrill
|-damage|p1a: Excadrill|11/100
|-damage|p2a: Weavile|64/100|[from] item: Life Orb
|move|p1a: Excadrill|Earthquake|p2a: Weavile
|-damage|p2a: Weavile|0 fnt
|faint|p2a: Weavile
|
|-weather|Sandstorm|[upkeep]
|-heal|p1a: Excadrill|17/100|[from] item: Leftovers
|upkeep
|
|t:|1665995820
|switch|p2a: Dragonite|Dragonite, M|100/100
|turn|11
|
|t:|1665995823
|move|p1a: Excadrill|Rapid Spin|p2a: Dragonite
|-damage|p2a: Dragonite|91/100
|-boost|p1a: Excadrill|spe|1
|-sideend|p1: Eterna62440|Stealth Rock|[from] move: Rapid Spin|[of] p1a: Excadrill
|move|p2a: Dragonite|Dragon Dance|p2a: Dragonite
|-boost|p2a: Dragonite|atk|1
|-boost|p2a: Dragonite|spe|1
|
|-weather|Sandstorm|[upkeep]
|-damage|p2a: Dragonite|84/100|[from] Sandstorm
|-heal|p1a: Excadrill|23/100|[from] item: Leftovers
|upkeep
|turn|12
|
|t:|1665995835
|switch|p1a: Zapdos|Zapdos, shiny|100/100
|move|p2a: Dragonite|Dragon Dance|p2a: Dragonite
|-boost|p2a: Dragonite|atk|1
|-boost|p2a: Dragonite|spe|1
|
|-weather|Sandstorm|[upkeep]
|-damage|p2a: Dragonite|78/100|[from] Sandstorm
|-damage|p1a: Zapdos|94/100|[from] Sandstorm
|upkeep
|turn|13
|
|t:|1665995844
|move|p2a: Dragonite|Ice Punch|p1a: Zapdos
|-supereffective|p1a: Zapdos
|-damage|p1a: Zapdos|0 fnt
|faint|p1a: Zapdos
|
|-weather|none
|upkeep
|
|t:|1665995851
|switch|p1a: Pelipper|Pelipper, M, shiny|100/100
|-weather|RainDance|[from] ability: Drizzle|[of] p1a: Pelipper
|turn|14
|
|t:|1665995858
|move|p2a: Dragonite|Extreme Speed|p1a: Pelipper
|-damage|p1a: Pelipper|25/100
|move|p1a: Pelipper|Weather Ball|p2a: Dragonite
|-resisted|p2a: Dragonite
|-damage|p2a: Dragonite|20/100
|
|-weather|RainDance|[upkeep]
|upkeep
|turn|15
|
|t:|1665995866
|move|p2a: Dragonite|Extreme Speed|p1a: Pelipper
|-damage|p1a: Pelipper|0 fnt
|faint|p1a: Pelipper
|
|-weather|RainDance|[upkeep]
|upkeep
|
|t:|1665995872
|switch|p1a: Urshifu|Urshifu-Rapid-Strike, F|82/100
|turn|16
|
|t:|1665995876
|move|p2a: Dragonite|Earthquake|p1a: Urshifu
|-damage|p1a: Urshifu|5/100
|move|p1a: Urshifu|Surging Strikes|p2a: Dragonite
|-resisted|p2a: Dragonite
|-crit|p2a: Dragonite
|-damage|p2a: Dragonite|4/100
|-resisted|p2a: Dragonite
|-crit|p2a: Dragonite
|-damage|p2a: Dragonite|0 fnt
|faint|p2a: Dragonite
|-hitcount|p2: Dragonite|2
|
|-weather|RainDance|[upkeep]
|upkeep
|
|t:|1665995881
|switch|p2a: Mew|Mew|100/100
|turn|17
|
|t:|1665995889
|move|p1a: Urshifu|Surging Strikes|p2a: Mew
|-crit|p2a: Mew
|-damage|p2a: Mew|70/100
|-crit|p2a: Mew
|-damage|p2a: Mew|42/100
|-crit|p2a: Mew
|-damage|p2a: Mew|14/100
|-hitcount|p2a: Mew|3
|move|p2a: Mew|Dragon Dance|p2a: Mew
|-boost|p2a: Mew|atk|1
|-boost|p2a: Mew|spe|1
|
|-weather|RainDance|[upkeep]
|upkeep
|turn|18
|
|t:|1665995900
|move|p2a: Mew|Psychic Fangs|p1a: Urshifu
|-supereffective|p1a: Urshifu
|-damage|p1a: Urshifu|0 fnt
|faint|p1a: Urshifu
|
|-weather|none
|upkeep
|
|t:|1665995906
|switch|p1a: Excadrill|Excadrill, F, shiny|23/100
|turn|19
|
|t:|1665995909
|move|p2a: Mew|Flare Blitz|p1a: Excadrill
|-supereffective|p1a: Excadrill
|-damage|p1a: Excadrill|0 fnt
|faint|p1a: Excadrill
|-damage|p2a: Mew|6/100|[from] Recoil
|
|win|HQSTest
|raw|Eterna62440's rating: 1582 &rarr; <strong>1567</strong><br />(-15 for losing)
|raw|HQSTest's rating: 1672 &rarr; <strong>1687</strong><br />(+15 for winning)
