|j|☆SMxVale
|j|☆zxgzxg
|t:|1613349950
|player|p1|SMxVale|bruno|1663
|player|p2|zxgzxg|266|1552
|teamsize|p1|6
|teamsize|p2|6
|gametype|singles
|gen|8
|tier|[Gen 8] OU
|rated|
|clearpoke
|poke|p1|Tapu Koko|
|poke|p1|Garchomp, M|
|poke|p1|Magearna|
|poke|p1|Rillaboom, F|
|poke|p1|Mandibuzz, F|
|poke|p1|Kartana|
|poke|p2|Keldeo-Resolute|
|poke|p2|Hippowdon, F|
|poke|p2|Mandibuzz, F|
|poke|p2|Slowking-Galar, F|
|poke|p2|Rillaboom, F|
|poke|p2|Zapdos|
|rule|Sleep Clause Mod: Limit one foe put to sleep
|rule|Species Clause: Limit one of each Pokémon
|rule|OHKO Clause: OHKO moves are banned
|rule|Evasion Moves Clause: Evasion moves are banned
|rule|Endless Battle Clause: Forcing endless battles is banned
|rule|HP Percentage Mod: HP is shown in percentages
|rule|Dynamax Clause: You cannot dynamax
|teampreview
|inactive|Battle timer is ON: inactive players will automatically lose when time's up. (requested by zxgzxg)
|
|t:|1613349978
|start
|switch|p1a: Tapu Koko|Tapu Koko|100/100
|switch|p2a: Hippowdon|Hippowdon, F|100/100
|-fieldstart|move: Electric Terrain|[from] ability: Electric Surge|[of] p1a: Tapu Koko
|-weather|Sandstorm|[from] ability: Sand Stream|[of] p2a: Hippowdon
|turn|1
|
|t:|1613349997
|switch|p1a: Rillaboom|Rillaboom, F|100/100
|-fieldstart|move: Grassy Terrain|[from] ability: Grassy Surge|[of] p1a: Rillaboom
|move|p2a: Hippowdon|Stealth Rock|p1a: Rillaboom
|-sidestart|p1: SMxVale|move: Stealth Rock
|
|-weather|Sandstorm|[upkeep]
|-damage|p1a: Rillaboom|94/100|[from] Sandstorm
|-heal|p1a: Rillaboom|100/100|[from] Grassy Terrain
|upkeep
|turn|2
|
|t:|1613350005
|switch|p2a: Zapdos|Zapdos|100/100
|move|p1a: Rillaboom|Wood Hammer|p2a: Zapdos
|-resisted|p2a: Zapdos
|-damage|p2a: Zapdos|51/100
|-damage|p1a: Rillaboom|85/100|[from] Recoil
|
|-weather|Sandstorm|[upkeep]
|-damage|p2a: Zapdos|45/100|[from] Sandstorm
|-damage|p1a: Rillaboom|79/100|[from] Sandstorm
|-heal|p1a: Rillaboom|85/100|[from] Grassy Terrain
|upkeep
|turn|3
|
|t:|1613350033
|move|p2a: Zapdos|Roost|p2a: Zapdos
|-heal|p2a: Zapdos|95/100
|-singleturn|p2a: Zapdos|move: Roost
|move|p1a: Rillaboom|Wood Hammer|p2a: Zapdos
|-damage|p2a: Zapdos|0 fnt
|-damage|p1a: Rillaboom|54/100|[from] Recoil
|faint|p2a: Zapdos
|
|-weather|Sandstorm|[upkeep]
|-damage|p1a: Rillaboom|48/100|[from] Sandstorm
|-heal|p1a: Rillaboom|54/100|[from] Grassy Terrain
|upkeep
|
|t:|1613350047
|switch|p2a: Keldeo|Keldeo-Resolute|100/100
|turn|4
|
|t:|1613350050
|switch|p1a: Magearna|Magearna|100/100
|-damage|p1a: Magearna|94/100|[from] Stealth Rock
|move|p2a: Keldeo|Secret Sword|p1a: Magearna
|-damage|p1a: Magearna|40/100
|
|-weather|Sandstorm|[upkeep]
|-damage|p2a: Keldeo|94/100|[from] Sandstorm
|-heal|p2a: Keldeo|100/100|[from] Grassy Terrain
|-heal|p1a: Magearna|46/100|[from] Grassy Terrain
|upkeep
|turn|5
|inactive|SMxVale has 120 seconds left.
|
|t:|1613350109
|switch|p1a: Mandibuzz|Mandibuzz, F|100/100
|move|p2a: Keldeo|Secret Sword|p1a: Mandibuzz
|-damage|p1a: Mandibuzz|62/100
|
|-weather|none
|-fieldend|move: Grassy Terrain
|upkeep
|turn|6
|
|t:|1613350116
|switch|p2a: Slowking|Slowking-Galar, F|100/100
|move|p1a: Mandibuzz|Roost|p1a: Mandibuzz
|-heal|p1a: Mandibuzz|100/100
|-singleturn|p1a: Mandibuzz|move: Roost
|
|upkeep
|turn|7
|
|t:|1613350120
|move|p1a: Mandibuzz|Defog|p2a: Slowking
|-unboost|p2a: Slowking|evasion|1
|-sideend|p1: SMxVale|Stealth Rock|[from] move: Defog|[of] p1a: Mandibuzz
|move|p2a: Slowking|Sludge Bomb|p1a: Mandibuzz
|-damage|p1a: Mandibuzz|70/100
|-status|p1a: Mandibuzz|psn
|
|-damage|p1a: Mandibuzz|58/100 psn|[from] psn
|upkeep
|turn|8
|inactive|SMxVale has 120 seconds left.
|
|t:|1613350127
|move|p1a: Mandibuzz|Roost|p1a: Mandibuzz
|-heal|p1a: Mandibuzz|100/100 psn
|-singleturn|p1a: Mandibuzz|move: Roost
|move|p2a: Slowking|Future Sight|p1a: Mandibuzz
|-start|p2a: Slowking|move: Future Sight
|
|-damage|p1a: Mandibuzz|88/100 psn|[from] psn
|upkeep
|turn|9
|inactive|SMxVale has 120 seconds left.
|
|t:|1613350138
|switch|p2a: Keldeo|Keldeo-Resolute|100/100
|move|p1a: Mandibuzz|U-turn|p2a: Keldeo
|-resisted|p2a: Keldeo
|-damage|p2a: Keldeo|93/100
|inactive|SMxVale has 120 seconds left.
|
|t:|1613350151
|switch|p1a: Rillaboom|Rillaboom, F|54/100|[from]move: U-turn
|-fieldstart|move: Grassy Terrain|[from] ability: Grassy Surge|[of] p1a: Rillaboom
|
|-heal|p2a: Keldeo|99/100|[from] Grassy Terrain
|-heal|p1a: Rillaboom|60/100|[from] Grassy Terrain
|upkeep
|turn|10
|inactive|SMxVale has 120 seconds left.
|
|t:|1613350158
|move|p2a: Keldeo|Hydro Pump|p1a: Rillaboom
|-resisted|p1a: Rillaboom
|-damage|p1a: Rillaboom|13/100
|move|p1a: Rillaboom|U-turn|p2a: Keldeo
|-resisted|p2a: Keldeo
|-damage|p2a: Keldeo|76/100
|inactive|SMxVale has 120 seconds left.
|
|t:|1613350167
|switch|p1a: Mandibuzz|Mandibuzz, F|88/100 psn|[from]move: U-turn
|
|-end|p1a: Mandibuzz|move: Future Sight
|-immune|p1a: Mandibuzz
|-heal|p2a: Keldeo|83/100|[from] Grassy Terrain
|-damage|p1a: Mandibuzz|76/100 psn|[from] psn
|upkeep
|turn|11
|inactive|SMxVale has 120 seconds left.
|
|t:|1613350181
|move|p2a: Keldeo|Hydro Pump|p1a: Mandibuzz
|-damage|p1a: Mandibuzz|4/100 psn
|move|p1a: Mandibuzz|U-turn|p2a: Keldeo
|-resisted|p2a: Keldeo
|-damage|p2a: Keldeo|76/100
|
|t:|1613350186
|switch|p1a: Rillaboom|Rillaboom, F|13/100|[from]move: U-turn
|
|-heal|p2a: Keldeo|82/100|[from] Grassy Terrain
|-heal|p1a: Rillaboom|19/100|[from] Grassy Terrain
|upkeep
|turn|12
|
|t:|1613350193
|switch|p2a: Mandibuzz|Mandibuzz, F|100/100
|move|p1a: Rillaboom|U-turn|p2a: Mandibuzz
|-crit|p2a: Mandibuzz
|-damage|p2a: Mandibuzz|53/100
|inactive|SMxVale has 120 seconds left.
|
|t:|1613350212
|switch|p1a: Magearna|Magearna|46/100|[from]move: U-turn
|
|-heal|p1a: Magearna|52/100|[from] Grassy Terrain
|upkeep
|turn|13
|
|t:|1613350216
|switch|p2a: Slowking|Slowking-Galar, F|100/100
|move|p1a: Magearna|Fleur Cannon|p2a: Slowking
|-resisted|p2a: Slowking
|-damage|p2a: Slowking|88/100
|-unboost|p1a: Magearna|spa|2
|
|-heal|p1a: Magearna|58/100|[from] Grassy Terrain
|-heal|p2a: Slowking|94/100|[from] Grassy Terrain
|-fieldend|move: Grassy Terrain
|upkeep
|turn|14
|
|t:|1613350228
|move|p1a: Magearna|Flash Cannon|p2a: Slowking
|-damage|p2a: Slowking|86/100
|move|p2a: Slowking|Future Sight|p1a: Magearna
|-start|p2a: Slowking|move: Future Sight
|
|upkeep
|turn|15
|
|t:|1613350232
|move|p1a: Magearna|Flash Cannon|p2a: Slowking
|-damage|p2a: Slowking|77/100
|move|p2a: Slowking|Flamethrower|p1a: Magearna
|-supereffective|p1a: Magearna
|-damage|p1a: Magearna|35/100
|-status|p1a: Magearna|brn
|
|-damage|p1a: Magearna|29/100 brn|[from] brn
|upkeep
|turn|16
|
|t:|1613350242
|move|p1a: Magearna|Volt Switch|p2a: Slowking
|-damage|p2a: Slowking|73/100
|
|t:|1613350245
|switch|p1a: Mandibuzz|Mandibuzz, F|4/100 psn|[from]move: Volt Switch
|move|p2a: Slowking|Flamethrower|p1a: Mandibuzz
|-damage|p1a: Mandibuzz|0 fnt
|faint|p1a: Mandibuzz
|
|-hint|Future Sight did not hit because the target is fainted.
|upkeep
|
|t:|1613350253
|switch|p1a: Garchomp|Garchomp, M|100/100
|turn|17
|
|t:|1613350258
|switch|p2a: Hippowdon|Hippowdon, F|100/100
|-weather|Sandstorm|[from] ability: Sand Stream|[of] p2a: Hippowdon
|move|p1a: Garchomp|Rock Slide|p2a: Hippowdon
|-resisted|p2a: Hippowdon
|-damage|p2a: Hippowdon|95/100
|
|-weather|Sandstorm|[upkeep]
|upkeep
|turn|18
|
|t:|1613350268
|move|p1a: Garchomp|Stealth Rock|p2a: Hippowdon
|-sidestart|p2: zxgzxg|move: Stealth Rock
|move|p2a: Hippowdon|Toxic|p1a: Garchomp
|-status|p1a: Garchomp|tox
|
|-weather|Sandstorm|[upkeep]
|-damage|p1a: Garchomp|94/100 tox|[from] psn
|upkeep
|turn|19
|
|t:|1613350288
|switch|p1a: Rillaboom|Rillaboom, F|19/100
|-fieldstart|move: Grassy Terrain|[from] ability: Grassy Surge|[of] p1a: Rillaboom
|switch|p2a: Mandibuzz|Mandibuzz, F|53/100
|
|-weather|Sandstorm|[upkeep]
|-damage|p1a: Rillaboom|13/100|[from] Sandstorm
|-heal|p1a: Rillaboom|19/100|[from] Grassy Terrain
|upkeep
|turn|20
|inactive|SMxVale has 120 seconds left.
|
|t:|1613350317
|move|p1a: Rillaboom|U-turn|p2a: Mandibuzz
|-damage|p2a: Mandibuzz|24/100
|inactive|SMxVale has 120 seconds left.
|
|t:|1613350326
|switch|p1a: Tapu Koko|Tapu Koko|100/100|[from]move: U-turn
|-fieldstart|move: Electric Terrain|[from] ability: Electric Surge|[of] p1a: Tapu Koko
|move|p2a: Mandibuzz|Roost|p2a: Mandibuzz
|-heal|p2a: Mandibuzz|74/100
|-singleturn|p2a: Mandibuzz|move: Roost
|
|-weather|Sandstorm|[upkeep]
|-damage|p1a: Tapu Koko|94/100|[from] Sandstorm
|upkeep
|turn|21
|
|t:|1613350331
|switch|p2a: Slowking|Slowking-Galar, F|100/100
|-damage|p2a: Slowking|88/100|[from] Stealth Rock
|move|p1a: Tapu Koko|Volt Switch|p2a: Slowking
|-damage|p2a: Slowking|64/100
|
|t:|1613350340
|switch|p1a: Garchomp|Garchomp, M|94/100 tox|[from]move: Volt Switch
|
|-weather|none
|-damage|p1a: Garchomp|88/100 tox|[from] psn
|upkeep
|turn|22
|
|t:|1613350361
|switch|p1a: Kartana|Kartana|100/100
|switch|p2a: Rillaboom|Rillaboom, F|100/100
|-damage|p2a: Rillaboom|88/100|[from] Stealth Rock
|-fieldstart|move: Grassy Terrain|[from] ability: Grassy Surge|[of] p2a: Rillaboom
|
|-heal|p2a: Rillaboom|94/100|[from] Grassy Terrain
|upkeep
|turn|23
|inactive|SMxVale has 120 seconds left.
|
|t:|1613350384
|switch|p1a: Garchomp|Garchomp, M|88/100 tox
|move|p2a: Rillaboom|Superpower|p1a: Garchomp
|-damage|p1a: Garchomp|52/100 tox
|-unboost|p2a: Rillaboom|atk|1
|-unboost|p2a: Rillaboom|def|1
|-damage|p2a: Rillaboom|82/100|[from] ability: Rough Skin|[of] p1a: Garchomp
|-damage|p2a: Rillaboom|66/100|[from] item: Rocky Helmet|[of] p1a: Garchomp
|
|-heal|p2a: Rillaboom|72/100|[from] Grassy Terrain
|-heal|p1a: Garchomp|58/100 tox|[from] Grassy Terrain
|-damage|p1a: Garchomp|52/100 tox|[from] psn
|upkeep
|turn|24
|inactive|SMxVale has 120 seconds left.
|inactive|SMxVale has 90 seconds left.
|
|t:|1613350428
|switch|p2a: Mandibuzz|Mandibuzz, F|74/100
|move|p1a: Garchomp|Rock Slide|p2a: Mandibuzz
|-supereffective|p2a: Mandibuzz
|-damage|p2a: Mandibuzz|41/100
|
|-heal|p1a: Garchomp|58/100 tox|[from] Grassy Terrain
|-damage|p1a: Garchomp|46/100 tox|[from] psn
|upkeep
|turn|25
|inactive|SMxVale has 90 seconds left.
|
|t:|1613350439
|move|p1a: Garchomp|Rock Slide|p2a: Mandibuzz
|-supereffective|p2a: Mandibuzz
|-damage|p2a: Mandibuzz|9/100
|move|p2a: Mandibuzz|Roost|p2a: Mandibuzz
|-heal|p2a: Mandibuzz|59/100
|-singleturn|p2a: Mandibuzz|move: Roost
|
|-heal|p1a: Garchomp|52/100 tox|[from] Grassy Terrain
|-heal|p2a: Mandibuzz|66/100|[from] Grassy Terrain
|-damage|p1a: Garchomp|33/100 tox|[from] psn
|upkeep
|turn|26
|inactive|SMxVale has 90 seconds left.
|
|t:|1613350448
|move|p1a: Garchomp|Rock Slide|p2a: Mandibuzz
|-supereffective|p2a: Mandibuzz
|-damage|p2a: Mandibuzz|34/100
|cant|p2a: Mandibuzz|flinch
|
|-heal|p1a: Garchomp|39/100 tox|[from] Grassy Terrain
|-fieldend|move: Grassy Terrain
|-damage|p1a: Garchomp|14/100 tox|[from] psn
|upkeep
|turn|27
|
|t:|1613350458
|move|p1a: Garchomp|Rock Slide|p2a: Mandibuzz
|-supereffective|p2a: Mandibuzz
|-damage|p2a: Mandibuzz|0 fnt
|faint|p2a: Mandibuzz
|
|-damage|p1a: Garchomp|0 fnt|[from] psn
|faint|p1a: Garchomp
|upkeep
|inactive|SMxVale has 90 seconds left.
|
|t:|1613350480
|switch|p1a: Kartana|Kartana|100/100
|switch|p2a: Keldeo|Keldeo-Resolute|82/100
|-damage|p2a: Keldeo|76/100|[from] Stealth Rock
|turn|28
|inactive|SMxVale has 90 seconds left.
|
|t:|1613350488
|move|p1a: Kartana|Leaf Blade|p2a: Keldeo
|-supereffective|p2a: Keldeo
|-damage|p2a: Keldeo|0 fnt
|faint|p2a: Keldeo
|-ability|p1a: Kartana|Beast Boost|boost
|-boost|p1a: Kartana|atk|1
|
|upkeep
|
|t:|1613350491
|switch|p2a: Rillaboom|Rillaboom, F|72/100
|-damage|p2a: Rillaboom|59/100|[from] Stealth Rock
|-fieldstart|move: Grassy Terrain|[from] ability: Grassy Surge|[of] p2a: Rillaboom
|turn|29
|inactive|SMxVale has 90 seconds left.
|
|t:|1613350510
|move|p1a: Kartana|Leaf Blade|p2a: Rillaboom
|-resisted|p2a: Rillaboom
|-damage|p2a: Rillaboom|0 fnt
|faint|p2a: Rillaboom
|-ability|p1a: Kartana|Beast Boost|boost
|-boost|p1a: Kartana|atk|1
|
|upkeep
|c|☆SMxVale|gg
|
|t:|1613350520
|switch|p2a: Slowking|Slowking-Galar, F|98/100
|-damage|p2a: Slowking|85/100|[from] Stealth Rock
|turn|30
|
|t:|1613350523
|move|p1a: Kartana|Leaf Blade|p2a: Slowking
|-resisted|p2a: Slowking
|-damage|p2a: Slowking|10/100
|move|p2a: Slowking|Flamethrower|p1a: Kartana
|-supereffective|p1a: Kartana
|-crit|p1a: Kartana
|-damage|p1a: Kartana|0 fnt
|faint|p1a: Kartana
|
|-heal|p2a: Slowking|16/100|[from] Grassy Terrain
|upkeep
|
|t:|1613350536
|switch|p1a: Rillaboom|Rillaboom, F|19/100
|turn|31
|inactive|SMxVale has 90 seconds left.
|
|t:|1613350557
|switch|p2a: Hippowdon|Hippowdon, F|95/100
|-damage|p2a: Hippowdon|89/100|[from] Stealth Rock
|-weather|Sandstorm|[from] ability: Sand Stream|[of] p2a: Hippowdon
|move|p1a: Rillaboom|Grassy Glide|p2a: Hippowdon
|-supereffective|p2a: Hippowdon
|-damage|p2a: Hippowdon|8/100
|-damage|p1a: Rillaboom|2/100|[from] item: Rocky Helmet|[of] p2a: Hippowdon
|
|-weather|Sandstorm|[upkeep]
|-damage|p1a: Rillaboom|0 fnt|[from] Sandstorm
|faint|p1a: Rillaboom
|-heal|p2a: Hippowdon|15/100|[from] Grassy Terrain
|upkeep
|inactive|SMxVale has 90 seconds left.
|
|t:|1613350573
|switch|p1a: Magearna|Magearna|29/100 brn
|turn|32
|
|t:|1613350583
|switch|p2a: Slowking|Slowking-Galar, F|50/100
|-damage|p2a: Slowking|37/100|[from] Stealth Rock
|move|p1a: Magearna|Ice Beam|p2a: Slowking
|-damage|p2a: Slowking|25/100
|-status|p2a: Slowking|frz
|
|-weather|Sandstorm|[upkeep]
|-damage|p2a: Slowking|19/100 frz|[from] Sandstorm
|-heal|p1a: Magearna|35/100 brn|[from] Grassy Terrain
|-heal|p2a: Slowking|25/100 frz|[from] Grassy Terrain
|-damage|p1a: Magearna|29/100 brn|[from] brn
|upkeep
|turn|33
|inactive|SMxVale has 90 seconds left.
|
|t:|1613350601
|switch|p2a: Hippowdon|Hippowdon, F|15/100
|-damage|p2a: Hippowdon|8/100|[from] Stealth Rock
|move|p1a: Magearna|Flash Cannon|p2a: Hippowdon
|-damage|p2a: Hippowdon|0 fnt
|faint|p2a: Hippowdon
|-ability|p1a: Magearna|Soul-Heart|boost
|-boost|p1a: Magearna|spa|1
|
|-weather|Sandstorm|[upkeep]
|-heal|p1a: Magearna|35/100 brn|[from] Grassy Terrain
|-fieldend|move: Grassy Terrain
|-damage|p1a: Magearna|29/100 brn|[from] brn
|upkeep
|
|t:|1613350607
|switch|p2a: Slowking|Slowking-Galar, F|59/100 frz
|-damage|p2a: Slowking|46/100 frz|[from] Stealth Rock
|turn|34
|
|t:|1613350611
|move|p1a: Magearna|Flash Cannon|p2a: Slowking
|-damage|p2a: Slowking|25/100 frz
|cant|p2a: Slowking|frz
|
|-weather|Sandstorm|[upkeep]
|-damage|p2a: Slowking|19/100 frz|[from] Sandstorm
|-damage|p1a: Magearna|23/100 brn|[from] brn
|upkeep
|turn|35
|c|☆SMxVale|close one
|c|☆zxgzxg|damn
|c|☆zxgzxg|yeah
|c|☆zxgzxg|gg
|c|☆SMxVale|ggs
|
|t:|1613350624
|move|p1a: Magearna|Flash Cannon|p2a: Slowking
|-damage|p2a: Slowking|0 fnt
|faint|p2a: Slowking
|
|win|SMxVale
|raw|SMxVale's rating: 1663 &rarr; <strong>1677</strong><br />(+14 for winning)
|raw|zxgzxg's rating: 1553 &rarr; <strong>1539</strong><br />(-14 for losing)
