|j|☆Imsobaked
|j|☆Stads
|t:|1662068088
|gametype|singles
|player|p1|Imsobaked|hiker-gen4|1751
|player|p2|Stads|102|1858
|teamsize|p1|6
|teamsize|p2|6
|gen|8
|tier|[Gen 8] OU
|rated|
|rule|Sleep Clause Mod: Limit one foe put to sleep
|rule|Species Clause: Limit one of each Pokémon
|rule|OHKO Clause: OHKO moves are banned
|rule|Evasion Items Clause: Evasion items are banned
|rule|Evasion Moves Clause: Evasion moves are banned
|rule|Endless Battle Clause: Forcing endless battles is banned
|rule|HP Percentage Mod: HP is shown in percentages
|rule|Dynamax Clause: You cannot dynamax
|clearpoke
|poke|p1|Tapu Lele|
|poke|p1|Magnezone|
|poke|p1|Dragonite, M|
|poke|p1|Clefable, M|
|poke|p1|Garchomp, F|
|poke|p1|Blacephalon|
|poke|p2|Tornadus-Therian, M|
|poke|p2|Corviknight, M|
|poke|p2|Kartana|
|poke|p2|Toxapex, M|
|poke|p2|Hippowdon, M|
|poke|p2|Heatran, M|
|teampreview
|inactive|Battle timer is ON: inactive players will automatically lose when time's up. (requested by Imsobaked)
|
|t:|1662068113
|start
|switch|p1a: Clefable|Clefable, M|100/100
|switch|p2a: Hippowdon|Hippowdon, M|100/100
|-weather|Sandstorm|[from] ability: Sand Stream|[of] p2a: Hippowdon
|turn|1
|
|t:|1662068120
|switch|p2a: Tornadus|Tornadus-Therian, M|100/100
|move|p1a: Clefable|Knock Off|p2a: Tornadus
|-damage|p2a: Tornadus|81/100
|-enditem|p2a: Tornadus|Assault Vest|[from] move: Knock Off|[of] p1a: Clefable
|
|-weather|Sandstorm|[upkeep]
|-damage|p2a: Tornadus|75/100|[from] Sandstorm
|upkeep
|turn|2
|
|t:|1662068122
|move|p2a: Tornadus|Knock Off|p1a: Clefable
|-resisted|p1a: Clefable
|-damage|p1a: Clefable|92/100
|-damage|p2a: Tornadus|58/100|[from] item: Rocky Helmet|[of] p1a: Clefable
|-enditem|p1a: Clefable|Rocky Helmet|[from] move: Knock Off|[of] p2a: Tornadus
|move|p1a: Clefable|Stealth Rock|p2a: Tornadus
|-sidestart|p2: Stads|move: Stealth Rock
|
|-weather|Sandstorm|[upkeep]
|-damage|p2a: Tornadus|52/100|[from] Sandstorm
|upkeep
|turn|3
|
|t:|1662068125
|move|p2a: Tornadus|U-turn|p1a: Clefable
|-resisted|p1a: Clefable
|-damage|p1a: Clefable|87/100
|
|t:|1662068127
|switch|p2a: Hippowdon|Hippowdon, M|100/100|[from]move: U-turn
|-damage|p2a: Hippowdon|94/100|[from] Stealth Rock
|move|p1a: Clefable|Moonblast|p2a: Hippowdon
|-damage|p2a: Hippowdon|71/100
|-unboost|p2a: Hippowdon|spa|1
|
|-weather|Sandstorm|[upkeep]
|-heal|p2a: Hippowdon|78/100|[from] item: Leftovers
|upkeep
|turn|4
|
|t:|1662068130
|move|p1a: Clefable|Knock Off|p2a: Hippowdon
|-damage|p2a: Hippowdon|68/100
|-enditem|p2a: Hippowdon|Leftovers|[from] move: Knock Off|[of] p1a: Clefable
|move|p2a: Hippowdon|Stealth Rock|p1a: Clefable
|-sidestart|p1: Imsobaked|move: Stealth Rock
|
|-weather|Sandstorm|[upkeep]
|upkeep
|turn|5
|
|t:|1662068135
|move|p1a: Clefable|Moonblast|p2a: Hippowdon
|-damage|p2a: Hippowdon|43/100
|move|p2a: Hippowdon|Slack Off|p2a: Hippowdon
|-heal|p2a: Hippowdon|93/100
|
|-weather|none
|upkeep
|turn|6
|
|t:|1662068140
|switch|p1a: Dragonite|Dragonite, M|100/100
|-damage|p1a: Dragonite|76/100|[from] Stealth Rock
|move|p2a: Hippowdon|Earthquake|p1a: Dragonite
|-immune|p1a: Dragonite
|
|upkeep
|turn|7
|
|t:|1662068142
|move|p1a: Dragonite|Ice Beam|p2a: Hippowdon
|-supereffective|p2a: Hippowdon
|-damage|p2a: Hippowdon|44/100
|move|p2a: Hippowdon|Toxic|p1a: Dragonite
|-status|p1a: Dragonite|tox
|
|-damage|p1a: Dragonite|70/100 tox|[from] psn
|upkeep
|turn|8
|
|t:|1662068148
|switch|p2a: Toxapex|Toxapex, M|100/100
|-damage|p2a: Toxapex|88/100|[from] Stealth Rock
|move|p1a: Dragonite|Earthquake|p2a: Toxapex
|-supereffective|p2a: Toxapex
|-damage|p2a: Toxapex|43/100
|
|-damage|p1a: Dragonite|57/100 tox|[from] psn
|upkeep
|turn|9
|
|t:|1662068154
|switch|p2a: Corviknight|Corviknight, M|100/100
|-damage|p2a: Corviknight|88/100|[from] Stealth Rock
|-ability|p2a: Corviknight|Pressure
|move|p1a: Dragonite|Thunderbolt|p2a: Corviknight
|-supereffective|p2a: Corviknight
|-crit|p2a: Corviknight
|-damage|p2a: Corviknight|3/100
|
|-heal|p2a: Corviknight|10/100|[from] item: Leftovers
|-damage|p1a: Dragonite|39/100 tox|[from] psn
|upkeep
|turn|10
|
|t:|1662068157
|move|p1a: Dragonite|Thunderbolt|p2a: Corviknight
|-supereffective|p2a: Corviknight
|-damage|p2a: Corviknight|0 fnt
|faint|p2a: Corviknight
|
|-damage|p1a: Dragonite|14/100 tox|[from] psn
|upkeep
|
|t:|1662068160
|switch|p2a: Tornadus|Tornadus-Therian, M|85/100
|-damage|p2a: Tornadus|60/100|[from] Stealth Rock
|turn|11
|
|t:|1662068162
|move|p2a: Tornadus|Knock Off|p1a: Dragonite
|-damage|p1a: Dragonite|0 fnt
|-enditem|p1a: Dragonite|Expert Belt|[from] move: Knock Off|[of] p2a: Tornadus
|faint|p1a: Dragonite
|
|upkeep
|
|t:|1662068167
|switch|p1a: Magnezone|Magnezone|100/100
|-damage|p1a: Magnezone|94/100|[from] Stealth Rock
|turn|12
|
|t:|1662068169
|move|p2a: Tornadus|Heat Wave|p1a: Magnezone
|-supereffective|p1a: Magnezone
|-damage|p1a: Magnezone|35/100
|move|p1a: Magnezone|Flash Cannon|p2a: Tornadus
|-damage|p2a: Tornadus|0 fnt
|faint|p2a: Tornadus
|
|upkeep
|
|t:|1662068174
|switch|p2a: Heatran|Heatran, M|100/100
|-damage|p2a: Heatran|88/100|[from] Stealth Rock
|turn|13
|
|t:|1662068179
|move|p2a: Heatran|Toxic|p1a: Magnezone
|-immune|p1a: Magnezone
|move|p1a: Magnezone|Flash Cannon|p2a: Heatran
|-resisted|p2a: Heatran
|-damage|p2a: Heatran|76/100
|
|-heal|p2a: Heatran|82/100|[from] item: Leftovers
|upkeep
|turn|14
|
|t:|1662068186
|move|p2a: Heatran|Toxic|p1a: Magnezone
|-immune|p1a: Magnezone
|move|p1a: Magnezone|Flash Cannon|p2a: Heatran
|-resisted|p2a: Heatran
|-damage|p2a: Heatran|69/100
|
|-heal|p2a: Heatran|76/100|[from] item: Leftovers
|upkeep
|turn|15
|
|t:|1662068189
|move|p2a: Heatran|Magma Storm|p1a: Magnezone|[miss]
|-miss|p2a: Heatran|p1a: Magnezone
|move|p1a: Magnezone|Flash Cannon|p2a: Heatran
|-resisted|p2a: Heatran
|-damage|p2a: Heatran|63/100
|
|-heal|p2a: Heatran|69/100|[from] item: Leftovers
|upkeep
|turn|16
|
|t:|1662068190
|move|p2a: Heatran|Magma Storm|p1a: Magnezone
|-supereffective|p1a: Magnezone
|-damage|p1a: Magnezone|0 fnt
|faint|p1a: Magnezone
|
|-heal|p2a: Heatran|75/100|[from] item: Leftovers
|upkeep
|
|t:|1662068193
|switch|p1a: Garchomp|Garchomp, F|100/100
|-damage|p1a: Garchomp|94/100|[from] Stealth Rock
|turn|17
|
|t:|1662068197
|move|p1a: Garchomp|Earthquake|p2a: Heatran
|-supereffective|p2a: Heatran
|-damage|p2a: Heatran|0 fnt
|faint|p2a: Heatran
|
|upkeep
|
|t:|1662068199
|switch|p2a: Kartana|Kartana|100/100
|-damage|p2a: Kartana|94/100|[from] Stealth Rock
|turn|18
|
|t:|1662068202
|move|p2a: Kartana|Leaf Blade|p1a: Garchomp
|-damage|p1a: Garchomp|31/100
|-damage|p2a: Kartana|82/100|[from] ability: Rough Skin|[of] p1a: Garchomp
|move|p1a: Garchomp|Fire Fang|p2a: Kartana
|-supereffective|p2a: Kartana
|-damage|p2a: Kartana|0 fnt
|faint|p2a: Kartana
|
|upkeep
|-message|Stads forfeited.
|
|win|Imsobaked
|raw|Imsobaked's rating: 1751 &rarr; <strong>1777</strong><br />(+26 for winning)
|raw|Stads's rating: 1858 &rarr; <strong>1832</strong><br />(-26 for losing)
|l|☆Stads
|l|☆Imsobaked
||Ladder isn't responding, score probably updated but might not have (Request timeout).
|j|☆Imsobaked
|player|p1|Imsobaked|hiker-gen4
