|j|☆El Stefano Test
|j|☆BugCatcherWeevil
|t:|1604740851
|player|p1|El Stefano Test|170|1714
|player|p2|BugCatcherWeevil|7|1753
|teamsize|p1|6
|teamsize|p2|6
|gametype|singles
|gen|8
|tier|[Gen 8] OU
|rated|
|clearpoke
|poke|p1|Tyranitar, M|
|poke|p1|Excadrill, F|
|poke|p1|Buzzwole|
|poke|p1|Dracozolt|
|poke|p1|Zapdos|
|poke|p1|Tapu Fini|
|poke|p2|Pheromosa|
|poke|p2|Heatran, M|
|poke|p2|Slowbro, M|
|poke|p2|Mandibuzz, F|
|poke|p2|Zygarde|
|poke|p2|Amoonguss, F|
|rule|Sleep Clause Mod: Limit one foe put to sleep
|rule|Species Clause: Limit one of each Pokémon
|rule|OHKO Clause: OHKO moves are banned
|rule|Evasion Moves Clause: Evasion moves are banned
|rule|Endless Battle Clause: Forcing endless battles is banned
|rule|HP Percentage Mod: HP is shown in percentages
|rule|Dynamax Clause: You cannot dynamax
|teampreview
|
|t:|1604740862
|start
|switch|p1a: Buzzwole|Buzzwole|100/100
|switch|p2a: Zygarde|Zygarde|100/100
|-ability|p2a: Zygarde|Aura Break
|turn|1
|j| wsblinq
|
|t:|1604740870
|switch|p2a: Amoonguss|Amoonguss, F|100/100
|move|p1a: Buzzwole|Ice Punch|p2a: Amoonguss
|-supereffective|p2a: Amoonguss
|-damage|p2a: Amoonguss|69/100
|-damage|p1a: Buzzwole|84/100|[from] item: Rocky Helmet|[of] p2a: Amoonguss
|
|upkeep
|turn|2
|j| ZBDX
|j| 2Hyun
|inactive|Battle timer is ON: inactive players will automatically lose when time's up. (requested by El Stefano Test)
|
|t:|1604740892
|switch|p1a: Tapu Fini|Tapu Fini|100/100
|-fieldstart|move: Misty Terrain|[from] ability: Misty Surge|[of] p1a: Tapu Fini
|move|p2a: Amoonguss|Sludge Bomb|p1a: Tapu Fini
|-supereffective|p1a: Tapu Fini
|-damage|p1a: Tapu Fini|57/100
|
|-heal|p1a: Tapu Fini|63/100|[from] item: Leftovers
|upkeep
|turn|3
|
|t:|1604740903
|switch|p1a: Tyranitar|Tyranitar, M|100/100
|-weather|Sandstorm|[from] ability: Sand Stream|[of] p1a: Tyranitar
|switch|p2a: Zygarde|Zygarde|100/100
|-ability|p2a: Zygarde|Aura Break
|
|-weather|Sandstorm|[upkeep]
|upkeep
|turn|4
|j| stepan bandera
|
|t:|1604740924
|switch|p2a: Heatran|Heatran, M|100/100
|move|p1a: Tyranitar|Ice Beam|p2a: Heatran
|-resisted|p2a: Heatran
|-damage|p2a: Heatran|97/100
|
|-weather|Sandstorm|[upkeep]
|-heal|p2a: Heatran|100/100|[from] item: Leftovers
|upkeep
|turn|5
|
|t:|1604740934
|move|p2a: Heatran|Stealth Rock|p1a: Tyranitar
|-sidestart|p1: El Stefano Test|move: Stealth Rock
|move|p1a: Tyranitar|Stealth Rock|p2a: Heatran
|-sidestart|p2: BugCatcherWeevil|move: Stealth Rock
|
|-weather|Sandstorm|[upkeep]
|upkeep
|turn|6
|j| Philippe ! Salaud!
|
|t:|1604740944
|switch|p2a: Slowbro|Slowbro, M|100/100
|move|p1a: Tyranitar|Crunch|p2a: Slowbro
|-supereffective|p2a: Slowbro
|-damage|p2a: Slowbro|58/100
|
|-weather|Sandstorm|[upkeep]
|-damage|p2a: Slowbro|52/100|[from] Sandstorm
|-fieldend|Misty Terrain
|upkeep
|turn|7
|j| Cure bball
|
|t:|1604740953
|switch|p2a: Amoonguss|Amoonguss, F|100/100
|-damage|p2a: Amoonguss|88/100|[from] Stealth Rock
|move|p1a: Tyranitar|Crunch|p2a: Amoonguss
|-damage|p2a: Amoonguss|63/100
|-unboost|p2a: Amoonguss|def|1
|-damage|p1a: Tyranitar|84/100|[from] item: Rocky Helmet|[of] p2a: Amoonguss
|
|-weather|Sandstorm|[upkeep]
|-damage|p2a: Amoonguss|57/100|[from] Sandstorm
|upkeep
|turn|8
|
|t:|1604740969
|switch|p2a: Slowbro|Slowbro, M|85/100
|move|p1a: Tyranitar|Ice Beam|p2a: Slowbro
|-resisted|p2a: Slowbro
|-damage|p2a: Slowbro|74/100
|
|-weather|Sandstorm|[upkeep]
|-damage|p2a: Slowbro|68/100|[from] Sandstorm
|upkeep
|turn|9
|
|t:|1604740977
|move|p1a: Tyranitar|Crunch|p2a: Slowbro
|-supereffective|p2a: Slowbro
|-damage|p2a: Slowbro|27/100
|move|p2a: Slowbro|Teleport|p2a: Slowbro
|j| Cervixknight
|
|t:|1604740986
|switch|p2a: Zygarde|Zygarde|100/100|[from]move: Teleport
|-damage|p2a: Zygarde|94/100|[from] Stealth Rock
|-ability|p2a: Zygarde|Aura Break
|
|-weather|Sandstorm|[upkeep]
|upkeep
|turn|10
|
|t:|1604740990
|switch|p1a: Buzzwole|Buzzwole|84/100
|-damage|p1a: Buzzwole|72/100|[from] Stealth Rock
|move|p2a: Zygarde|Thousand Arrows|p1a: Buzzwole
|-resisted|p1a: Buzzwole
|-damage|p1a: Buzzwole|56/100
|
|-weather|none
|upkeep
|turn|11
|
|t:|1604740995
|switch|p2a: Slowbro|Slowbro, M|60/100
|move|p1a: Buzzwole|Roost|p1a: Buzzwole
|-heal|p1a: Buzzwole|100/100
|-singleturn|p1a: Buzzwole|move: Roost
|
|upkeep
|turn|12
|j| Commander Genitals
|
|t:|1604741007
|switch|p1a: Zapdos|Zapdos|100/100
|move|p2a: Slowbro|Teleport|p2a: Slowbro
|
|t:|1604741013
|switch|p2a: Zygarde|Zygarde|94/100|[from]move: Teleport
|-damage|p2a: Zygarde|88/100|[from] Stealth Rock
|-ability|p2a: Zygarde|Aura Break
|
|upkeep
|turn|13
|
|t:|1604741019
|move|p2a: Zygarde|Thousand Arrows|p1a: Zapdos
|-damage|p1a: Zapdos|57/100
|-start|p1a: Zapdos|Smack Down
|move|p1a: Zapdos|Hurricane|p2a: Zygarde
|-damage|p2a: Zygarde|41/100
|
|upkeep
|turn|14
|j| Culamen
|l| 2Hyun
|
|t:|1604741028
|switch|p2a: Heatran|Heatran, M|100/100
|-damage|p2a: Heatran|88/100|[from] Stealth Rock
|switch|p1a: Buzzwole|Buzzwole|100/100
|-damage|p1a: Buzzwole|88/100|[from] Stealth Rock
|
|-heal|p2a: Heatran|94/100|[from] item: Leftovers
|upkeep
|turn|15
|
|t:|1604741038
|switch|p1a: Tyranitar|Tyranitar, M|84/100
|-damage|p1a: Tyranitar|72/100|[from] Stealth Rock
|-weather|Sandstorm|[from] ability: Sand Stream|[of] p1a: Tyranitar
|move|p2a: Heatran|Magma Storm|p1a: Tyranitar|[miss]
|-miss|p2a: Heatran|p1a: Tyranitar
|
|-weather|Sandstorm|[upkeep]
|-heal|p2a: Heatran|100/100|[from] item: Leftovers
|upkeep
|turn|16
|l| wsblinq
|
|t:|1604741049
|switch|p2a: Amoonguss|Amoonguss, F|90/100
|-damage|p2a: Amoonguss|78/100|[from] Stealth Rock
|move|p1a: Tyranitar|Crunch|p2a: Amoonguss
|-damage|p2a: Amoonguss|53/100
|-unboost|p2a: Amoonguss|def|1
|-damage|p1a: Tyranitar|55/100|[from] item: Rocky Helmet|[of] p2a: Amoonguss
|
|-weather|Sandstorm|[upkeep]
|-damage|p2a: Amoonguss|47/100|[from] Sandstorm
|upkeep
|turn|17
|
|t:|1604741062
|switch|p2a: Mandibuzz|Mandibuzz, F|100/100
|move|p1a: Tyranitar|Crunch|p2a: Mandibuzz
|-resisted|p2a: Mandibuzz
|-damage|p2a: Mandibuzz|86/100
|
|-weather|Sandstorm|[upkeep]
|upkeep
|turn|18
|
|t:|1604741068
|switch|p1a: Dracozolt|Dracozolt|100/100
|-damage|p1a: Dracozolt|88/100|[from] Stealth Rock
|move|p2a: Mandibuzz|U-turn|p1a: Dracozolt
|-damage|p1a: Dracozolt|73/100
|j| haftry
|j| Coronavirus EUW
|
|t:|1604741078
|switch|p2a: Zygarde|Zygarde|41/100|[from]move: U-turn
|-damage|p2a: Zygarde|35/100|[from] Stealth Rock
|-ability|p2a: Zygarde|Aura Break
|
|-weather|Sandstorm|[upkeep]
|upkeep
|turn|19
|j| WhichHat
|
|t:|1604741090
|switch|p2a: Amoonguss|Amoonguss, F|81/100
|-damage|p2a: Amoonguss|68/100|[from] Stealth Rock
|move|p1a: Dracozolt|Bolt Beak|p2a: Amoonguss
|-resisted|p2a: Amoonguss
|-damage|p2a: Amoonguss|32/100
|-damage|p1a: Dracozolt|56/100|[from] item: Rocky Helmet|[of] p2a: Amoonguss
|-damage|p1a: Dracozolt|46/100|[from] item: Life Orb
|
|-weather|Sandstorm|[upkeep]
|-damage|p2a: Amoonguss|26/100|[from] Sandstorm
|upkeep
|turn|20
|l| Coronavirus EUW
|
|t:|1604741117
|switch|p2a: Mandibuzz|Mandibuzz, F|86/100
|move|p1a: Dracozolt|Draco Meteor|p2a: Mandibuzz|[miss]
|-miss|p1a: Dracozolt|p2a: Mandibuzz
|
|-weather|Sandstorm|[upkeep]
|upkeep
|turn|21
|
|t:|1604741130
|switch|p2a: Amoonguss|Amoonguss, F|59/100
|-damage|p2a: Amoonguss|47/100|[from] Stealth Rock
|move|p1a: Dracozolt|Draco Meteor|p2a: Amoonguss
|-damage|p2a: Amoonguss|0 fnt
|-unboost|p1a: Dracozolt|spa|2
|-damage|p1a: Dracozolt|36/100|[from] item: Life Orb
|faint|p2a: Amoonguss
|
|-weather|Sandstorm|[upkeep]
|upkeep
|inactive|BugCatcherWeevil has 120 seconds left.
|
|t:|1604741148
|switch|p2a: Zygarde|Zygarde|35/100
|-damage|p2a: Zygarde|29/100|[from] Stealth Rock
|-ability|p2a: Zygarde|Aura Break
|turn|22
|
|t:|1604741160
|move|p1a: Dracozolt|Dragon Claw|p2a: Zygarde
|-supereffective|p2a: Zygarde
|-damage|p2a: Zygarde|0 fnt
|-damage|p1a: Dracozolt|26/100|[from] item: Life Orb
|faint|p2a: Zygarde
|
|-weather|none
|upkeep
|c|☆BugCatcherWeevil|wow your stupid as hell lmao
|-message|BugCatcherWeevil forfeited.
|
|win|El Stefano Test
|l|☆BugCatcherWeevil
|l| Culamen
|l| Cure bball
|l| haftry
|l| ZBDX
|l|☆El Stefano Test
|c| Commander Genitals|LMAOOO
|l| Philippe ! Salaud!
