|j|☆SweetHoneyIceTea
|j|☆Kikoobuster
|t:|1661538652
|gametype|singles
|player|p1|SweetHoneyIceTea|skierf|1373
|player|p2|Kikoobuster|169|1356
|teamsize|p1|6
|teamsize|p2|6
|gen|8
|tier|[Gen 8] OU
|rated|
|rule|Sleep Clause Mod: Limit one foe put to sleep
|rule|Species Clause: Limit one of each Pokémon
|rule|OHKO Clause: OHKO moves are banned
|rule|Evasion Items Clause: Evasion items are banned
|rule|Evasion Moves Clause: Evasion moves are banned
|rule|Endless Battle Clause: Forcing endless battles is banned
|rule|HP Percentage Mod: HP is shown in percentages
|rule|Dynamax Clause: You cannot dynamax
|clearpoke
|poke|p1|Nihilego|
|poke|p1|Zapdos-Galar|
|poke|p1|Kartana|
|poke|p1|Celesteela|
|poke|p1|Garchomp, M|
|poke|p1|Tapu Fini|
|poke|p2|Araquanid, F|
|poke|p2|Nidoking, M|
|poke|p2|Urshifu-*, M|
|poke|p2|Corviknight, F|
|poke|p2|Heatran, M|
|poke|p2|Clefable, M|
|teampreview
|inactive|Battle timer is ON: inactive players will automatically lose when time's up. (requested by Kikoobuster)
|
|t:|1661538664
|start
|switch|p1a: Zapdos|Zapdos-Galar|100/100
|switch|p2a: Araquanid|Araquanid, F|100/100
|turn|1
|
|t:|1661538671
|switch|p2a: Corviknight|Corviknight, F|100/100
|-ability|p2a: Corviknight|Pressure
|move|p1a: Zapdos|Brave Bird|p2a: Corviknight
|-resisted|p2a: Corviknight
|-damage|p2a: Corviknight|70/100
|-damage|p1a: Zapdos|88/100|[from] Recoil
|
|-heal|p2a: Corviknight|76/100|[from] item: Leftovers
|upkeep
|turn|2
|
|t:|1661538684
|switch|p1a: Celesteela|Celesteela|100/100
|move|p2a: Corviknight|U-turn|p1a: Celesteela
|-resisted|p1a: Celesteela
|-damage|p1a: Celesteela|97/100
|
|t:|1661538692
|switch|p2a: Heatran|Heatran, M|100/100|[from]move: U-turn
|-item|p2a: Heatran|Air Balloon
|
|upkeep
|turn|3
|inactive|SweetHoneyIceTea has 120 seconds left.
|
|t:|1661538722
|switch|p1a: Tapu Fini|Tapu Fini|100/100
|-fieldstart|move: Misty Terrain|[from] ability: Misty Surge|[of] p1a: Tapu Fini
|move|p2a: Heatran|Eruption|p1a: Tapu Fini
|-resisted|p1a: Tapu Fini
|-damage|p1a: Tapu Fini|69/100
|
|-heal|p1a: Tapu Fini|75/100|[from] item: Leftovers
|upkeep
|turn|4
|
|t:|1661538729
|switch|p2a: Araquanid|Araquanid, F|100/100
|move|p1a: Tapu Fini|Calm Mind|p1a: Tapu Fini
|-boost|p1a: Tapu Fini|spa|1
|-boost|p1a: Tapu Fini|spd|1
|
|-heal|p1a: Tapu Fini|82/100|[from] item: Leftovers
|upkeep
|turn|5
|
|t:|1661538739
|move|p1a: Tapu Fini|Taunt|p2a: Araquanid
|-start|p2a: Araquanid|move: Taunt
|cant|p2a: Araquanid|move: Taunt|Substitute
|
|-heal|p1a: Tapu Fini|88/100|[from] item: Leftovers
|upkeep
|turn|6
|
|t:|1661538745
|move|p1a: Tapu Fini|Draining Kiss|p2a: Araquanid
|-damage|p2a: Araquanid|84/100
|-heal|p1a: Tapu Fini|99/100|[from] drain|[of] p2a: Araquanid
|move|p2a: Araquanid|Liquidation|p1a: Tapu Fini
|-resisted|p1a: Tapu Fini
|-damage|p1a: Tapu Fini|83/100
|
|-heal|p1a: Tapu Fini|89/100|[from] item: Leftovers
|upkeep
|turn|7
|
|t:|1661538752
|move|p1a: Tapu Fini|Draining Kiss|p2a: Araquanid
|-damage|p2a: Araquanid|69/100
|-heal|p1a: Tapu Fini|99/100|[from] drain|[of] p2a: Araquanid
|move|p2a: Araquanid|Mirror Coat|p1a: Tapu Fini
|-damage|p1a: Tapu Fini|70/100
|
|-heal|p1a: Tapu Fini|77/100|[from] item: Leftovers
|-end|p2a: Araquanid|move: Taunt
|-fieldend|Misty Terrain
|upkeep
|turn|8
|
|t:|1661538760
|move|p1a: Tapu Fini|Taunt|p2a: Araquanid
|-start|p2a: Araquanid|move: Taunt
|move|p2a: Araquanid|Liquidation|p1a: Tapu Fini
|-resisted|p1a: Tapu Fini
|-damage|p1a: Tapu Fini|61/100
|
|-heal|p1a: Tapu Fini|67/100|[from] item: Leftovers
|upkeep
|turn|9
|
|t:|1661538767
|move|p1a: Tapu Fini|Calm Mind|p1a: Tapu Fini
|-boost|p1a: Tapu Fini|spa|1
|-boost|p1a: Tapu Fini|spd|1
|move|p2a: Araquanid|Mirror Coat||[still]
|-fail|p2a: Araquanid
|
|-heal|p1a: Tapu Fini|73/100|[from] item: Leftovers
|upkeep
|turn|10
|
|t:|1661538772
|move|p1a: Tapu Fini|Calm Mind|p1a: Tapu Fini
|-boost|p1a: Tapu Fini|spa|1
|-boost|p1a: Tapu Fini|spd|1
|move|p2a: Araquanid|Liquidation|p1a: Tapu Fini
|-resisted|p1a: Tapu Fini
|-damage|p1a: Tapu Fini|57/100
|
|-heal|p1a: Tapu Fini|63/100|[from] item: Leftovers
|-end|p2a: Araquanid|move: Taunt
|upkeep
|turn|11
|
|t:|1661538778
|move|p1a: Tapu Fini|Taunt|p2a: Araquanid
|-start|p2a: Araquanid|move: Taunt
|move|p2a: Araquanid|Liquidation|p1a: Tapu Fini
|-resisted|p1a: Tapu Fini
|-damage|p1a: Tapu Fini|47/100
|
|-heal|p1a: Tapu Fini|53/100|[from] item: Leftovers
|upkeep
|turn|12
|
|t:|1661538783
|move|p1a: Tapu Fini|Calm Mind|p1a: Tapu Fini
|-boost|p1a: Tapu Fini|spa|1
|-boost|p1a: Tapu Fini|spd|1
|move|p2a: Araquanid|Mirror Coat||[still]
|-fail|p2a: Araquanid
|
|-heal|p1a: Tapu Fini|59/100|[from] item: Leftovers
|upkeep
|turn|13
|
|t:|1661538787
|move|p1a: Tapu Fini|Calm Mind|p1a: Tapu Fini
|-boost|p1a: Tapu Fini|spa|1
|-boost|p1a: Tapu Fini|spd|1
|move|p2a: Araquanid|Mirror Coat||[still]
|-fail|p2a: Araquanid
|
|-heal|p1a: Tapu Fini|65/100|[from] item: Leftovers
|-end|p2a: Araquanid|move: Taunt
|upkeep
|turn|14
|
|t:|1661538792
|move|p1a: Tapu Fini|Calm Mind|p1a: Tapu Fini
|-boost|p1a: Tapu Fini|spa|1
|-boost|p1a: Tapu Fini|spd|1
|move|p2a: Araquanid|Mirror Coat||[still]
|-fail|p2a: Araquanid
|
|-heal|p1a: Tapu Fini|71/100|[from] item: Leftovers
|upkeep
|turn|15
|
|t:|1661538796
|move|p1a: Tapu Fini|Draining Kiss|p2a: Araquanid
|-damage|p2a: Araquanid|32/100
|-heal|p1a: Tapu Fini|99/100|[from] drain|[of] p2a: Araquanid
|move|p2a: Araquanid|Mirror Coat|p1a: Tapu Fini
|-damage|p1a: Tapu Fini|25/100
|
|-heal|p1a: Tapu Fini|31/100|[from] item: Leftovers
|upkeep
|turn|16
|
|t:|1661538804
|move|p1a: Tapu Fini|Draining Kiss|p2a: Araquanid
|-crit|p2a: Araquanid
|-damage|p2a: Araquanid|0 fnt
|-heal|p1a: Tapu Fini|54/100|[from] drain|[of] p2a: Araquanid
|faint|p2a: Araquanid
|
|-heal|p1a: Tapu Fini|61/100|[from] item: Leftovers
|upkeep
|
|t:|1661538809
|switch|p2a: Nidoking|Nidoking, M|100/100
|turn|17
|
|t:|1661538813
|move|p2a: Nidoking|Sludge Wave|p1a: Tapu Fini
|-supereffective|p1a: Tapu Fini
|-damage|p1a: Tapu Fini|35/100
|move|p1a: Tapu Fini|Scald|p2a: Nidoking
|-supereffective|p2a: Nidoking
|-damage|p2a: Nidoking|0 fnt
|faint|p2a: Nidoking
|
|-heal|p1a: Tapu Fini|41/100|[from] item: Leftovers
|upkeep
|
|t:|1661538825
|switch|p2a: Urshifu|Urshifu-Rapid-Strike, M|100/100
|turn|18
|
|t:|1661538829
|move|p2a: Urshifu|Close Combat|p1a: Tapu Fini
|-resisted|p1a: Tapu Fini
|-damage|p1a: Tapu Fini|17/100
|-unboost|p2a: Urshifu|def|1
|-unboost|p2a: Urshifu|spd|1
|move|p1a: Tapu Fini|Draining Kiss|p2a: Urshifu
|-supereffective|p2a: Urshifu
|-damage|p2a: Urshifu|0 fnt
|-heal|p1a: Tapu Fini|92/100|[from] drain|[of] p2a: Urshifu
|faint|p2a: Urshifu
|
|-heal|p1a: Tapu Fini|98/100|[from] item: Leftovers
|upkeep
|
|t:|1661538836
|switch|p2a: Clefable|Clefable, M|100/100
|turn|19
|
|t:|1661538844
|move|p1a: Tapu Fini|Scald|p2a: Clefable
|-damage|p2a: Clefable|74/100
|move|p2a: Clefable|Moonblast|p1a: Tapu Fini
|-damage|p1a: Tapu Fini|73/100
|-unboost|p1a: Tapu Fini|spa|1
|
|-heal|p1a: Tapu Fini|79/100|[from] item: Leftovers
|upkeep
|turn|20
|
|t:|1661538850
|move|p1a: Tapu Fini|Scald|p2a: Clefable
|-damage|p2a: Clefable|47/100
|move|p2a: Clefable|Moonblast|p1a: Tapu Fini
|-damage|p1a: Tapu Fini|54/100
|
|-heal|p1a: Tapu Fini|60/100|[from] item: Leftovers
|upkeep
|turn|21
|
|t:|1661538855
|move|p1a: Tapu Fini|Scald|p2a: Clefable
|-damage|p2a: Clefable|19/100
|move|p2a: Clefable|Soft-Boiled|p2a: Clefable
|-heal|p2a: Clefable|69/100
|
|-heal|p1a: Tapu Fini|66/100|[from] item: Leftovers
|upkeep
|turn|22
|
|t:|1661538860
|move|p1a: Tapu Fini|Taunt|p2a: Clefable
|-start|p2a: Clefable|move: Taunt
|move|p2a: Clefable|Moonblast|p1a: Tapu Fini
|-damage|p1a: Tapu Fini|39/100
|
|-heal|p1a: Tapu Fini|45/100|[from] item: Leftovers
|upkeep
|turn|23
|
|t:|1661538865
|move|p1a: Tapu Fini|Scald|p2a: Clefable
|-damage|p2a: Clefable|43/100
|-status|p2a: Clefable|brn
|move|p2a: Clefable|Moonblast|p1a: Tapu Fini
|-damage|p1a: Tapu Fini|20/100
|
|-heal|p1a: Tapu Fini|26/100|[from] item: Leftovers
|-damage|p2a: Clefable|37/100 brn|[from] brn
|upkeep
|turn|24
|
|t:|1661538871
|move|p1a: Tapu Fini|Draining Kiss|p2a: Clefable
|-damage|p2a: Clefable|21/100 brn
|-heal|p1a: Tapu Fini|39/100|[from] drain|[of] p2a: Clefable
|move|p2a: Clefable|Moonblast|p1a: Tapu Fini
|-damage|p1a: Tapu Fini|13/100
|
|-heal|p1a: Tapu Fini|19/100|[from] item: Leftovers
|-damage|p2a: Clefable|15/100 brn|[from] brn
|-end|p2a: Clefable|move: Taunt
|upkeep
|turn|25
|
|t:|1661538878
|move|p1a: Tapu Fini|Scald|p2a: Clefable
|-damage|p2a: Clefable|0 fnt
|faint|p2a: Clefable
|
|-heal|p1a: Tapu Fini|25/100|[from] item: Leftovers
|upkeep
|
|t:|1661538885
|switch|p2a: Corviknight|Corviknight, F|76/100
|-ability|p2a: Corviknight|Pressure
|turn|26
|
|t:|1661538887
|move|p1a: Tapu Fini|Scald|p2a: Corviknight
|-damage|p2a: Corviknight|0 fnt
|faint|p2a: Corviknight
|
|-heal|p1a: Tapu Fini|31/100|[from] item: Leftovers
|upkeep
|-message|Kikoobuster forfeited.
|
|win|SweetHoneyIceTea
|raw|SweetHoneyIceTea's rating: 1373 &rarr; <strong>1392</strong><br />(+19 for winning)
|raw|Kikoobuster's rating: 1356 &rarr; <strong>1337</strong><br />(-19 for losing)
|l|☆Kikoobuster
