|raw|<div class="broadcast-blue"><strong>This battle is required to be public due to a player having a name starting with 'lt94je'.</div>
|j|☆lt94jecindylaregia
|j|☆HOF69
|t:|1661577475
|gametype|singles
|player|p1|lt94jecindylaregia|unknownf|1902
|player|p2|HOF69|red|1828
|teamsize|p1|6
|teamsize|p2|6
|gen|8
|tier|[Gen 8] OU
|rated|
|rule|Sleep Clause Mod: Limit one foe put to sleep
|rule|Species Clause: Limit one of each Pokémon
|rule|OHKO Clause: OHKO moves are banned
|rule|Evasion Items Clause: Evasion items are banned
|rule|Evasion Moves Clause: Evasion moves are banned
|rule|Endless Battle Clause: Forcing endless battles is banned
|rule|HP Percentage Mod: HP is shown in percentages
|rule|Dynamax Clause: You cannot dynamax
|clearpoke
|poke|p1|Obstagoon, M|
|poke|p1|Clefable, F|
|poke|p1|Landorus-Therian, M|
|poke|p1|Heatran, M|
|poke|p1|Ferrothorn, M|
|poke|p1|Dragapult, F|
|poke|p2|Blacephalon|
|poke|p2|Gengar, M|
|poke|p2|Krookodile, M|
|poke|p2|Landorus-Therian, M|
|poke|p2|Kartana|
|poke|p2|Tapu Lele|
|teampreview
|
|t:|1661577485
|start
|switch|p1a: Clefable|Clefable, F|100/100
|switch|p2a: Krookodile|Krookodile, M|100/100
|-ability|p2a: Krookodile|Intimidate|boost
|-unboost|p1a: Clefable|atk|1
|turn|1
|j| return nirvana
|
|t:|1661577502
|move|p2a: Krookodile|Stealth Rock|p1a: Clefable
|-sidestart|p1: lt94jecindylaregia|move: Stealth Rock
|move|p1a: Clefable|Moonblast|p2a: Krookodile
|-supereffective|p2a: Krookodile
|-damage|p2a: Krookodile|10/100
|-unboost|p2a: Krookodile|spa|1
|
|upkeep
|turn|2
|
|t:|1661577507
|move|p2a: Krookodile|Taunt|p1a: Clefable
|-start|p1a: Clefable|move: Taunt
|move|p1a: Clefable|Moonblast|p2a: Krookodile
|-supereffective|p2a: Krookodile
|-damage|p2a: Krookodile|0 fnt
|faint|p2a: Krookodile
|
|upkeep
|j| craig italian
|c| craig italian|dahli
|c| craig italian|criminal
|j| YuJiu
|c| craig italian|te deseo suerte
|j| Starfire Scarlet
|l| Starfire Scarlet
|
|t:|1661577530
|switch|p2a: Kartana|Kartana|100/100
|turn|3
|
|t:|1661577534
|move|p2a: Kartana|Swords Dance|p2a: Kartana
|-boost|p2a: Kartana|atk|2
|move|p1a: Clefable|Moonblast|p2a: Kartana
|-resisted|p2a: Kartana
|-damage|p2a: Kartana|52/100
|
|upkeep
|turn|4
|j| lt94je metamence
|
|t:|1661577546
|switch|p1a: Ferrothorn|Ferrothorn, M|100/100
|-damage|p1a: Ferrothorn|95/100|[from] Stealth Rock
|move|p2a: Kartana|Leaf Blade|p1a: Ferrothorn
|-resisted|p1a: Ferrothorn
|-damage|p1a: Ferrothorn|77/100
|-activate|p1a: Ferrothorn|ability: Iron Barbs
|-activate|p2a: Kartana|item: Protective Pads
|
|upkeep
|turn|5
|j| BrothaOptions
|
|t:|1661577555
|switch|p1a: Landorus|Landorus-Therian, M|100/100
|-damage|p1a: Landorus|88/100|[from] Stealth Rock
|-ability|p1a: Landorus|Intimidate|boost
|-unboost|p2a: Kartana|atk|1
|move|p2a: Kartana|Knock Off|p1a: Landorus
|-damage|p1a: Landorus|29/100
|-enditem|p1a: Landorus|Leftovers|[from] move: Knock Off|[of] p2a: Kartana
|
|upkeep
|turn|6
|
|t:|1661577562
|move|p2a: Kartana|Knock Off|p1a: Landorus
|-damage|p1a: Landorus|0 fnt
|faint|p1a: Landorus
|-ability|p2a: Kartana|Beast Boost|boost
|-boost|p2a: Kartana|atk|1
|
|upkeep
|
|t:|1661577564
|switch|p1a: Dragapult|Dragapult, F|100/100
|-damage|p1a: Dragapult|88/100|[from] Stealth Rock
|turn|7
|
|t:|1661577578
|switch|p2a: Landorus|Landorus-Therian, M|100/100
|-ability|p2a: Landorus|Intimidate|boost
|-unboost|p1a: Dragapult|atk|1
|move|p1a: Dragapult|Shadow Ball|p2a: Landorus
|-damage|p2a: Landorus|68/100
|-unboost|p2a: Landorus|spd|1
|
|upkeep
|turn|8
|
|t:|1661577582
|move|p1a: Dragapult|Shadow Ball|p2a: Landorus
|-damage|p2a: Landorus|19/100
|-unboost|p2a: Landorus|spd|1
|move|p2a: Landorus|Knock Off|p1a: Dragapult
|-supereffective|p1a: Dragapult
|-damage|p1a: Dragapult|0 fnt
|-enditem|p1a: Dragapult|Choice Specs|[from] move: Knock Off|[of] p2a: Landorus
|faint|p1a: Dragapult
|
|upkeep
|
|t:|1661577589
|switch|p1a: Obstagoon|Obstagoon, M|100/100
|-damage|p1a: Obstagoon|88/100|[from] Stealth Rock
|turn|9
|
|t:|1661577591
|move|p1a: Obstagoon|Knock Off|p2a: Landorus
|-damage|p2a: Landorus|0 fnt
|-enditem|p2a: Landorus|Assault Vest|[from] move: Knock Off|[of] p1a: Obstagoon
|faint|p2a: Landorus
|
|-status|p1a: Obstagoon|brn|[from] item: Flame Orb
|upkeep
|
|t:|1661577594
|switch|p2a: Kartana|Kartana|52/100
|turn|10
|j| LT94JE Starmind
|
|t:|1661577599
|switch|p1a: Clefable|Clefable, F|100/100
|move|p2a: Kartana|Sacred Sword|p1a: Clefable
|-resisted|p1a: Clefable
|-damage|p1a: Clefable|84/100
|
|-heal|p1a: Clefable|90/100|[from] item: Leftovers
|upkeep
|turn|11
|
|t:|1661577609
|switch|p2a: Tapu Lele|Tapu Lele|100/100
|-fieldstart|move: Psychic Terrain|[from] ability: Psychic Surge|[of] p2a: Tapu Lele
|move|p1a: Clefable|Moonblast|p2a: Tapu Lele
|-damage|p2a: Tapu Lele|64/100
|-unboost|p2a: Tapu Lele|spa|1
|
|-heal|p1a: Clefable|96/100|[from] item: Leftovers
|upkeep
|turn|12
|
|t:|1661577613
|move|p2a: Tapu Lele|Psyshock|p1a: Clefable
|-damage|p1a: Clefable|60/100
|move|p1a: Clefable|Wish|p1a: Clefable
|
|-heal|p1a: Clefable|66/100|[from] item: Leftovers
|upkeep
|turn|13
|
|t:|1661577617
|move|p2a: Tapu Lele|Taunt|p1a: Clefable
|-start|p1a: Clefable|move: Taunt
|move|p1a: Clefable|Moonblast|p2a: Tapu Lele
|-damage|p2a: Tapu Lele|31/100
|-unboost|p2a: Tapu Lele|spa|1
|
|-heal|p1a: Clefable|100/100|[from] move: Wish|[wisher] Clefable
|upkeep
|turn|14
|
|t:|1661577621
|move|p2a: Tapu Lele|Psyshock|p1a: Clefable
|-damage|p1a: Clefable|75/100
|move|p1a: Clefable|Moonblast|p2a: Tapu Lele
|-damage|p2a: Tapu Lele|0 fnt
|faint|p2a: Tapu Lele
|
|-heal|p1a: Clefable|81/100|[from] item: Leftovers
|upkeep
|
|t:|1661577626
|switch|p2a: Gengar|Gengar, M, shiny|100/100
|turn|15
|
|t:|1661577628
|switch|p1a: Heatran|Heatran, M|100/100
|-damage|p1a: Heatran|88/100|[from] Stealth Rock
|move|p2a: Gengar|Shadow Ball|p1a: Heatran
|-damage|p1a: Heatran|58/100
|
|-heal|p1a: Heatran|64/100|[from] item: Leftovers
|-fieldend|move: Psychic Terrain
|upkeep
|turn|16
|
|t:|1661577633
|move|p2a: Gengar|Shadow Ball|p1a: Heatran
|-damage|p1a: Heatran|39/100
|move|p1a: Heatran|Earth Power|p2a: Gengar
|-supereffective|p2a: Gengar
|-damage|p2a: Gengar|22/100
|
|-heal|p1a: Heatran|45/100|[from] item: Leftovers
|upkeep
|turn|17
|
|t:|1661577638
|move|p2a: Gengar|Shadow Ball|p1a: Heatran
|-damage|p1a: Heatran|16/100
|-unboost|p1a: Heatran|spd|1
|move|p1a: Heatran|Earth Power|p2a: Gengar
|-supereffective|p2a: Gengar
|-crit|p2a: Gengar
|-damage|p2a: Gengar|0 fnt
|faint|p2a: Gengar
|
|-heal|p1a: Heatran|22/100|[from] item: Leftovers
|upkeep
|j| LT94JenPlsComeBack
|
|t:|1661577644
|switch|p2a: Kartana|Kartana|52/100
|turn|18
|j| DevilishGreg
|
|t:|1661577651
|switch|p1a: Clefable|Clefable, F|81/100
|move|p2a: Kartana|Knock Off|p1a: Clefable
|-resisted|p1a: Clefable
|-damage|p1a: Clefable|66/100
|-enditem|p1a: Clefable|Leftovers|[from] move: Knock Off|[of] p2a: Kartana
|
|upkeep
|turn|19
|
|t:|1661577658
|switch|p2a: Blacephalon|Blacephalon|100/100
|move|p1a: Clefable|Moonblast|p2a: Blacephalon
|-resisted|p2a: Blacephalon
|-damage|p2a: Blacephalon|74/100
|
|upkeep
|turn|20
|j| lt94jes e2x
|
|t:|1661577669
|move|p1a: Clefable|Protect|p1a: Clefable
|-singleturn|p1a: Clefable|Protect
|move|p2a: Blacephalon|Trick|p1a: Clefable
|-activate|p1a: Clefable|move: Protect
|
|upkeep
|turn|21
|
|t:|1661577675
|switch|p1a: Obstagoon|Obstagoon, M|88/100 brn
|-damage|p1a: Obstagoon|76/100 brn|[from] Stealth Rock
|move|p2a: Blacephalon|Trick|p1a: Obstagoon
|-activate|p2a: Blacephalon|move: Trick|[of] p1a: Obstagoon
|-item|p1a: Obstagoon|Choice Scarf|[from] move: Trick
|-item|p2a: Blacephalon|Flame Orb|[from] move: Trick
|
|-damage|p1a: Obstagoon|70/100 brn|[from] brn
|upkeep
|turn|22
|
|t:|1661577684
|move|p1a: Obstagoon|Knock Off|p2a: Blacephalon
|-supereffective|p2a: Blacephalon
|-damage|p2a: Blacephalon|0 fnt
|-enditem|p2a: Blacephalon|Flame Orb|[from] move: Knock Off|[of] p1a: Obstagoon
|faint|p2a: Blacephalon
|
|-damage|p1a: Obstagoon|64/100 brn|[from] brn
|upkeep
|
|t:|1661577687
|switch|p2a: Kartana|Kartana|52/100
|turn|23
|
|t:|1661577690
|move|p1a: Obstagoon|Knock Off|p2a: Kartana
|-damage|p2a: Kartana|0 fnt
|-enditem|p2a: Kartana|Protective Pads|[from] move: Knock Off|[of] p1a: Obstagoon
|faint|p2a: Kartana
|
|win|lt94jecindylaregia
|raw|lt94jecindylaregia's rating: 1902 &rarr; <strong>1918</strong><br />(+16 for winning)
|raw|HOF69's rating: 1828 &rarr; <strong>1812</strong><br />(-16 for losing)
|l|☆HOF69
|l|☆lt94jecindylaregia
|l| craig italian
|j| LT94JE Tace
|l| LT94JE Tace
|l| LT94JenPlsComeBack
|l| LT94JE Starmind
|j| Winterains
