|j|☆Pinkacross
|j|☆amstan
|inactive|Battle timer is ON: inactive players will automatically lose when time's up.
|t:|1656543028
|gametype|singles
|player|p1|Pinkacross|artist|
|player|p2|amstan|lucas|
|teamsize|p1|6
|teamsize|p2|6
|gen|8
|tier|[Gen 8] OU
|rated|Tournament battle
|rule|Sleep Clause Mod: Limit one foe put to sleep
|rule|Species Clause: Limit one of each Pokémon
|rule|OHKO Clause: OHKO moves are banned
|rule|Evasion Moves Clause: Evasion moves are banned
|rule|Endless Battle Clause: Forcing endless battles is banned
|rule|HP Percentage Mod: HP is shown in percentages
|rule|Dynamax Clause: You cannot dynamax
|clearpoke
|poke|p1|Nihilego|
|poke|p1|Tapu Lele|
|poke|p1|Ferrothorn, M|
|poke|p1|Diggersby, F|
|poke|p1|Slowbro, F|
|poke|p1|Tornadus-Therian, M|
|poke|p2|Regidrago|
|poke|p2|Melmetal|
|poke|p2|Slowbro, F|
|poke|p2|Tapu Koko|
|poke|p2|Landorus-Therian, M|
|poke|p2|Heatran, M|
|teampreview
|j| craigon23
|c|☆Pinkacross|hf
|c|☆amstan|u2
|j| L'chonk2
|j| Mantine in 1v1
|j| zReptar
|
|t:|1656543042
|start
|switch|p1a: Slowbro|Slowbro, F|100/100
|switch|p2a: Regidrago|Regidrago, shiny|100/100
|turn|1
|
|t:|1656543046
|switch|p1a: Tapu Lele|Tapu Lele|100/100
|-fieldstart|move: Psychic Terrain|[from] ability: Psychic Surge|[of] p1a: Tapu Lele
|move|p2a: Regidrago|Ancient Power|p1a: Tapu Lele
|-damage|p1a: Tapu Lele|70/100
|
|upkeep
|turn|2
|c| Mantine in 1v1|Whoa diggersby how does he do it!
|j| Rosaism@!
|
|t:|1656543052
|switch|p2a: Heatran|Heatran, M|100/100
|move|p1a: Tapu Lele|Future Sight|p2a: Heatran
|-start|p1a: Tapu Lele|move: Future Sight
|
|upkeep
|turn|3
|
|t:|1656543058
|switch|p1a: Slowbro|Slowbro, F|100/100
|move|p2a: Heatran|Magma Storm|p1a: Slowbro|[miss]
|-miss|p2a: Heatran|p1a: Slowbro
|
|upkeep
|turn|4
|
|t:|1656543063
|move|p2a: Heatran|Toxic|p1a: Slowbro
|-status|p1a: Slowbro|tox
|move|p1a: Slowbro|Teleport|p1a: Slowbro
|j| RedDiamond1024
|
|t:|1656543067
|switch|p1a: Diggersby|Diggersby, F|100/100|[from]move: Teleport
|
|-end|p2a: Heatran|move: Future Sight
|-resisted|p2a: Heatran
|-crit|p2a: Heatran
|-damage|p2a: Heatran|57/100
|-heal|p2a: Heatran|63/100|[from] item: Leftovers
|upkeep
|turn|5
|
|t:|1656543072
|switch|p2a: Landorus|Landorus-Therian, M|100/100
|-ability|p2a: Landorus|Intimidate|boost
|-unboost|p1a: Diggersby|atk|1
|move|p1a: Diggersby|Body Slam|p2a: Landorus
|-damage|p2a: Landorus|61/100
|-status|p2a: Landorus|par
|
|-heal|p2a: Landorus|67/100 par|[from] item: Leftovers
|-fieldend|move: Psychic Terrain
|upkeep
|turn|6
|
|t:|1656543075
|move|p1a: Diggersby|Body Slam|p2a: Landorus
|-damage|p2a: Landorus|26/100 par
|move|p2a: Landorus|U-turn|p1a: Diggersby
|-damage|p1a: Diggersby|70/100
|
|t:|1656543081
|switch|p2a: Melmetal|Melmetal|100/100|[from]move: U-turn
|
|upkeep
|turn|7
|
|t:|1656543086
|switch|p1a: Tornadus|Tornadus-Therian, M|100/100
|move|p2a: Melmetal|Superpower|p1a: Tornadus
|-resisted|p1a: Tornadus
|-damage|p1a: Tornadus|62/100
|-unboost|p2a: Melmetal|atk|1
|-unboost|p2a: Melmetal|def|1
|
|upkeep
|turn|8
|
|t:|1656543094
|switch|p2a: Tapu Koko|Tapu Koko|100/100
|-fieldstart|move: Electric Terrain|[from] ability: Electric Surge|[of] p2a: Tapu Koko
|move|p1a: Tornadus|U-turn|p2a: Tapu Koko
|-resisted|p2a: Tapu Koko
|-damage|p2a: Tapu Koko|91/100
|
|t:|1656543096
|switch|p1a: Ferrothorn|Ferrothorn, M|100/100|[from]move: U-turn
|
|upkeep
|turn|9
|
|t:|1656543099
|move|p2a: Tapu Koko|U-turn|p1a: Ferrothorn
|-damage|p1a: Ferrothorn|91/100
|-damage|p2a: Tapu Koko|78/100|[from] ability: Iron Barbs|[of] p1a: Ferrothorn
|-damage|p2a: Tapu Koko|62/100|[from] item: Rocky Helmet|[of] p1a: Ferrothorn
|
|t:|1656543100
|switch|p2a: Heatran|Heatran, M|63/100|[from]move: U-turn
|move|p1a: Ferrothorn|Stealth Rock|p2a: Heatran
|-sidestart|p2: amstan|move: Stealth Rock
|
|-heal|p2a: Heatran|70/100|[from] item: Leftovers
|upkeep
|turn|10
|
|t:|1656543103
|switch|p1a: Slowbro|Slowbro, F|100/100 tox
|move|p2a: Heatran|Magma Storm|p1a: Slowbro
|-resisted|p1a: Slowbro
|-crit|p1a: Slowbro
|-damage|p1a: Slowbro|79/100 tox
|-activate|p1a: Slowbro|move: Magma Storm|[of] p2a: Heatran
|
|-heal|p2a: Heatran|76/100|[from] item: Leftovers
|-damage|p1a: Slowbro|73/100 tox|[from] psn
|-damage|p1a: Slowbro|61/100 tox|[from] move: Magma Storm|[partiallytrapped]
|upkeep
|turn|11
|
|t:|1656543107
|move|p2a: Heatran|Stealth Rock|p1a: Slowbro
|-sidestart|p1: Pinkacross|move: Stealth Rock
|move|p1a: Slowbro|Scald|p2a: Heatran
|-supereffective|p2a: Heatran
|-crit|p2a: Heatran
|-damage|p2a: Heatran|26/100
|
|-heal|p2a: Heatran|32/100|[from] item: Leftovers
|-damage|p1a: Slowbro|48/100 tox|[from] psn
|-damage|p1a: Slowbro|36/100 tox|[from] move: Magma Storm|[partiallytrapped]
|upkeep
|turn|12
|
|t:|1656543110
|move|p2a: Heatran|Earth Power|p1a: Slowbro
|-damage|p1a: Slowbro|17/100 tox
|move|p1a: Slowbro|Scald|p2a: Heatran
|-supereffective|p2a: Heatran
|-crit|p2a: Heatran
|-damage|p2a: Heatran|0 fnt
|faint|p2a: Heatran
|
|-damage|p1a: Slowbro|0 fnt|[from] psn
|faint|p1a: Slowbro
|-fieldend|move: Electric Terrain
|upkeep
|j|%Sww-Suwa
|
|t:|1656543119
|switch|p2a: Melmetal|Melmetal|100/100
|switch|p1a: Nihilego|Nihilego|100/100
|-damage|p1a: Nihilego|88/100|[from] Stealth Rock
|-damage|p2a: Melmetal|94/100|[from] Stealth Rock
|turn|13
|
|t:|1656543124
|switch|p1a: Ferrothorn|Ferrothorn, M|91/100
|-damage|p1a: Ferrothorn|85/100|[from] Stealth Rock
|move|p2a: Melmetal|Double Iron Bash|p1a: Ferrothorn
|-resisted|p1a: Ferrothorn
|-damage|p1a: Ferrothorn|66/100
|-damage|p2a: Melmetal|82/100|[from] ability: Iron Barbs|[of] p1a: Ferrothorn
|-damage|p2a: Melmetal|65/100|[from] item: Rocky Helmet|[of] p1a: Ferrothorn
|-resisted|p1a: Ferrothorn
|-damage|p1a: Ferrothorn|48/100
|-damage|p2a: Melmetal|53/100|[from] ability: Iron Barbs|[of] p1a: Ferrothorn
|-damage|p2a: Melmetal|36/100|[from] item: Rocky Helmet|[of] p1a: Ferrothorn
|-hitcount|p1a: Ferrothorn|2
|
|upkeep
|turn|14
|
|t:|1656543128
|switch|p2a: Landorus|Landorus-Therian, M|26/100 par
|-damage|p2a: Landorus|14/100 par|[from] Stealth Rock
|-ability|p2a: Landorus|Intimidate|boost
|-unboost|p1a: Ferrothorn|atk|1
|move|p1a: Ferrothorn|Knock Off|p2a: Landorus
|-damage|p2a: Landorus|4/100 par
|-enditem|p2a: Landorus|Leftovers|[from] move: Knock Off|[of] p1a: Ferrothorn
|
|upkeep
|turn|15
|
|t:|1656543132
|switch|p1a: Tornadus|Tornadus-Therian, M|96/100
|move|p2a: Landorus|Earthquake|p1a: Tornadus
|-immune|p1a: Tornadus
|
|upkeep
|turn|16
|
|t:|1656543136
|move|p1a: Tornadus|U-turn|p2a: Landorus
|-resisted|p2a: Landorus
|-damage|p2a: Landorus|0 fnt
|faint|p2a: Landorus
|
|t:|1656543140
|switch|p1a: Nihilego|Nihilego|88/100|[from]move: U-turn
|-damage|p1a: Nihilego|76/100|[from] Stealth Rock
|
|upkeep
|
|t:|1656543148
|switch|p2a: Regidrago|Regidrago, shiny|100/100
|-damage|p2a: Regidrago|88/100|[from] Stealth Rock
|turn|17
|
|t:|1656543152
|move|p1a: Nihilego|Power Gem|p2a: Regidrago
|-damage|p2a: Regidrago|25/100
|move|p2a: Regidrago|Dragon Pulse|p1a: Nihilego
|-damage|p1a: Nihilego|12/100
|
|upkeep
|turn|18
|
|t:|1656543157
|move|p1a: Nihilego|Power Gem|p2a: Regidrago
|-damage|p2a: Regidrago|0 fnt
|faint|p2a: Regidrago
|-ability|p1a: Nihilego|Beast Boost|boost
|-boost|p1a: Nihilego|spa|1
|
|upkeep
|
|t:|1656543160
|switch|p2a: Slowbro|Slowbro, F|100/100
|-damage|p2a: Slowbro|88/100|[from] Stealth Rock
|turn|19
|
|t:|1656543161
|move|p1a: Nihilego|Power Gem|p2a: Slowbro
|-crit|p2a: Slowbro
|-damage|p2a: Slowbro|0 fnt
|faint|p2a: Slowbro
|-ability|p1a: Nihilego|Beast Boost|boost
|-boost|p1a: Nihilego|spa|1
|
|upkeep
|c|☆Pinkacross|gg
|
|t:|1656543165
|switch|p2a: Tapu Koko|Tapu Koko|62/100
|-fieldstart|move: Electric Terrain|[from] ability: Electric Surge|[of] p2a: Tapu Koko
|turn|20
|
|t:|1656543166
|move|p2a: Tapu Koko|Thunderbolt|p1a: Nihilego
|-damage|p1a: Nihilego|0 fnt
|faint|p1a: Nihilego
|
|upkeep
|c| Mantine in 1v1|Goated team
|c|☆amstan|gg
|
|t:|1656543168
|switch|p1a: Tapu Lele|Tapu Lele|70/100
|-damage|p1a: Tapu Lele|57/100|[from] Stealth Rock
|-fieldstart|move: Psychic Terrain|[from] ability: Psychic Surge|[of] p1a: Tapu Lele
|turn|21
|c| zReptar|The crits damn
|
|t:|1656543171
|move|p1a: Tapu Lele|Moonblast|p2a: Tapu Koko
|-damage|p2a: Tapu Koko|0 fnt
|faint|p2a: Tapu Koko
|
|upkeep
|c| Mantine in 1v1|how does he do it!
|
|t:|1656543175
|switch|p2a: Melmetal|Melmetal|36/100
|-damage|p2a: Melmetal|30/100|[from] Stealth Rock
|turn|22
|c|☆Pinkacross|crit didnt matter
|
|t:|1656543179
|move|p1a: Tapu Lele|Moonblast|p2a: Melmetal
|-resisted|p2a: Melmetal
|-damage|p2a: Melmetal|1/100
|move|p2a: Melmetal|Double Iron Bash|p1a: Tapu Lele
|-supereffective|p1a: Tapu Lele
|-damage|p1a: Tapu Lele|0 fnt
|faint|p1a: Tapu Lele
|-hitcount|p1: Tapu Lele|1
|
|upkeep
|c| zReptar|True
|c|☆Pinkacross|unless AV slowbro
|
|t:|1656543184
|switch|p1a: Diggersby|Diggersby, F|70/100
|-damage|p1a: Diggersby|64/100|[from] Stealth Rock
|turn|23
|
|t:|1656543186
|move|p1a: Diggersby|Earthquake|p2a: Melmetal
|-supereffective|p2a: Melmetal
|-damage|p2a: Melmetal|0 fnt
|faint|p2a: Melmetal
|
|win|Pinkacross
|n|☆Pinkacross|pinkacross
|n|☆amstan|amstan
|n| craigon23|craigon23
|n| L'chonk2|lchonk2
|n| Mantine in 1v1|mantinein1v1
|n| zReptar|zreptar
|n| Rosaism@!|rosaism
|n| RedDiamond1024|reddiamond1024
|n| Sww-Suwa|swwsuwa
|c|☆amstan|gg
|l| Sww-Suwa
|c|☆Pinkacross|gg
