|raw|<div class="broadcast-blue"><strong>This battle is required to be public due to a player having a name starting with 'btlt200'.</div>
|j|☆BTLT200$ SF'
|j|☆Syn1o
|t:|1668167843
|gametype|singles
|player|p1|BTLT200$ SF'|palmer|
|player|p2|Syn1o|essentia|
|teamsize|p1|6
|teamsize|p2|6
|gen|8
|tier|[Gen 8] OU
|rule|Sleep Clause Mod: Limit one foe put to sleep
|rule|Species Clause: Limit one of each Pokémon
|rule|OHKO Clause: OHKO moves are banned
|rule|Evasion Items Clause: Evasion items are banned
|rule|Evasion Moves Clause: Evasion moves are banned
|rule|Endless Battle Clause: Forcing endless battles is banned
|rule|HP Percentage Mod: HP is shown in percentages
|rule|Dynamax Clause: You cannot dynamax
|clearpoke
|poke|p1|Grimmsnarl, M|
|poke|p1|Slowbro-Galar, F|
|poke|p1|Polteageist-Antique|
|poke|p1|Zarude-Dada|
|poke|p1|Articuno-Galar|
|poke|p1|Inteleon, M|
|poke|p2|Thievul, M|
|poke|p2|Weezing-Galar, F|
|poke|p2|Drakloak, F|
|poke|p2|Sandaconda, F|
|poke|p2|Grimmsnarl, M|
|poke|p2|Eiscue, M|
|teampreview
|inactive|Battle timer is ON: inactive players will automatically lose when time's up. (requested by BTLT200$ SF')
|
|t:|1668167853
|start
|switch|p1a: Grimmsnarl|Grimmsnarl, M|100/100
|switch|p2a: Grimmsnarl|Grimmsnarl, M|100/100
|turn|1
|j| Zemmour & Rick
|
|t:|1668167869
|move|p2a: Grimmsnarl|Light Screen|p2a: Grimmsnarl
|-sidestart|p2: Syn1o|move: Light Screen
|move|p1a: Grimmsnarl|Spirit Break|p2a: Grimmsnarl
|-supereffective|p2a: Grimmsnarl
|-damage|p2a: Grimmsnarl|0 fnt
|faint|p2a: Grimmsnarl
|
|upkeep
|
|t:|1668167878
|switch|p2a: Eiscue|Eiscue, M|100/100
|turn|2
|
|t:|1668167883
|move|p1a: Grimmsnarl|Taunt|p2a: Eiscue
|-start|p2a: Eiscue|move: Taunt
|cant|p2a: Eiscue|move: Taunt|Substitute
|
|upkeep
|turn|3
|
|t:|1668167890
|switch|p2a: Sandaconda|Sandaconda, F|100/100
|move|p1a: Grimmsnarl|Spirit Break|p2a: Sandaconda
|-damage|p2a: Sandaconda|73/100
|-unboost|p2a: Sandaconda|spa|1
|-damage|p1a: Grimmsnarl|84/100|[from] item: Rocky Helmet|[of] p2a: Sandaconda
|
|upkeep
|turn|4
|
|t:|1668167918
|move|p1a: Grimmsnarl|Reflect|p1a: Grimmsnarl
|-sidestart|p1: BTLT200$ SF'|Reflect
|move|p2a: Sandaconda|Stealth Rock|p1a: Grimmsnarl
|-sidestart|p1: BTLT200$ SF'|move: Stealth Rock
|
|upkeep
|turn|5
|
|t:|1668167928
|switch|p2a: Eiscue|Eiscue, M|100/100
|switch|p1a: Slowbro|Slowbro-Galar, F|100/100
|-damage|p1a: Slowbro|88/100|[from] Stealth Rock
|
|upkeep
|turn|6
|
|t:|1668167935
|switch|p2a: Weezing|Weezing-Galar, F|100/100
|move|p1a: Slowbro|Iron Defense|p1a: Slowbro
|-boost|p1a: Slowbro|def|2
|
|upkeep
|turn|7
|
|t:|1668167951
|move|p2a: Weezing|Will-O-Wisp|p1a: Slowbro|[miss]
|-miss|p2a: Weezing|p1a: Slowbro
|move|p1a: Slowbro|Calm Mind|p1a: Slowbro
|-boost|p1a: Slowbro|spa|1
|-boost|p1a: Slowbro|spd|1
|
|upkeep
|turn|8
|
|t:|1668167954
|move|p2a: Weezing|Will-O-Wisp|p1a: Slowbro
|-status|p1a: Slowbro|brn
|move|p1a: Slowbro|Calm Mind|p1a: Slowbro
|-boost|p1a: Slowbro|spa|1
|-boost|p1a: Slowbro|spd|1
|
|-damage|p1a: Slowbro|82/100 brn|[from] brn
|-sideend|p2: Syn1o|move: Light Screen
|upkeep
|turn|9
|
|t:|1668167964
|switch|p2a: Drakloak|Drakloak, F|100/100
|move|p1a: Slowbro|Calm Mind|p1a: Slowbro
|-boost|p1a: Slowbro|spa|1
|-boost|p1a: Slowbro|spd|1
|
|-damage|p1a: Slowbro|76/100 brn|[from] brn
|upkeep
|turn|10
|
|t:|1668167975
|move|p2a: Drakloak|Phantom Force||[still]
|-prepare|p2a: Drakloak|Phantom Force
|move|p1a: Slowbro|Sludge Bomb|p2a: Drakloak|[miss]
|-miss|p1a: Slowbro|p2a: Drakloak
|
|-damage|p1a: Slowbro|70/100 brn|[from] brn
|upkeep
|turn|11
|
|t:|1668168000
|move|p2a: Drakloak|Phantom Force|p1a: Slowbro|[from]lockedmove
|-supereffective|p1a: Slowbro
|-damage|p1a: Slowbro|50/100 brn
|-damage|p2a: Drakloak|84/100|[from] item: Rocky Helmet|[of] p1a: Slowbro
|-damage|p2a: Drakloak|74/100|[from] item: Life Orb
|move|p1a: Slowbro|Iron Defense|p1a: Slowbro
|-boost|p1a: Slowbro|def|2
|
|-damage|p1a: Slowbro|44/100 brn|[from] brn
|-sideend|p1: BTLT200$ SF'|Reflect
|upkeep
|turn|12
|inactive|Syn1o has 270 seconds left.
|
|t:|1668168019
|move|p2a: Drakloak|Phantom Force||[still]
|-prepare|p2a: Drakloak|Phantom Force
|move|p1a: Slowbro|Slack Off|p1a: Slowbro
|-heal|p1a: Slowbro|94/100 brn
|
|-damage|p1a: Slowbro|88/100 brn|[from] brn
|upkeep
|turn|13
|
|t:|1668168049
|move|p2a: Drakloak|Phantom Force|p1a: Slowbro|[from]lockedmove
|-supereffective|p1a: Slowbro
|-damage|p1a: Slowbro|58/100 brn
|-damage|p2a: Drakloak|58/100|[from] item: Rocky Helmet|[of] p1a: Slowbro
|-damage|p2a: Drakloak|48/100|[from] item: Life Orb
|move|p1a: Slowbro|Calm Mind|p1a: Slowbro
|-boost|p1a: Slowbro|spa|1
|-boost|p1a: Slowbro|spd|1
|
|-damage|p1a: Slowbro|52/100 brn|[from] brn
|upkeep
|turn|14
|inactive|Syn1o has 270 seconds left.
|
|t:|1668168075
|switch|p2a: Weezing|Weezing-Galar, F|100/100
|move|p1a: Slowbro|Slack Off|p1a: Slowbro
|-heal|p1a: Slowbro|100/100 brn
|
|-damage|p1a: Slowbro|94/100 brn|[from] brn
|upkeep
|turn|15
|inactive|Syn1o has 270 seconds left.
|inactive|BTLT200$ SF' has 270 seconds left.
|c|☆Syn1o|"haze ca sert a rien dans ce format" qu'on m'a dit XDDD
|c|☆Syn1o|Je regrette pas l'avoir mis au final
|inactive|BTLT200$ SF' has 240 seconds left.
|
|t:|1668168141
|move|p2a: Weezing|Strange Steam|p1a: Slowbro
|-resisted|p1a: Slowbro
|-damage|p1a: Slowbro|90/100 brn
|move|p1a: Slowbro|Sludge Bomb|p2a: Weezing
|-damage|p2a: Weezing|0 fnt
|faint|p2a: Weezing
|
|-damage|p1a: Slowbro|84/100 brn|[from] brn
|upkeep
|inactive|Syn1o has 270 seconds left.
|
|t:|1668168152
|switch|p2a: Thievul|Thievul, M|100/100
|turn|16
|inactive|BTLT200$ SF' has 240 seconds left.
|-activate|p1a: Slowbro|ability: Quick Draw
|
|t:|1668168169
|move|p1a: Slowbro|Sludge Bomb|p2a: Thievul
|-damage|p2a: Thievul|0 fnt
|faint|p2a: Thievul
|
|-damage|p1a: Slowbro|78/100 brn|[from] brn
|upkeep
|inactive|Syn1o has 270 seconds left.
|
|t:|1668168179
|switch|p2a: Drakloak|Drakloak, F|48/100
|turn|17
|inactive|BTLT200$ SF' has 240 seconds left.
|
|t:|1668168211
|move|p2a: Drakloak|Dragon Dance|p2a: Drakloak
|-boost|p2a: Drakloak|atk|1
|-boost|p2a: Drakloak|spe|1
|move|p1a: Slowbro|Sludge Bomb|p2a: Drakloak
|-resisted|p2a: Drakloak
|-damage|p2a: Drakloak|0 fnt
|faint|p2a: Drakloak
|
|-damage|p1a: Slowbro|72/100 brn|[from] brn
|upkeep
|
|t:|1668168215
|switch|p2a: Sandaconda|Sandaconda, F|73/100
|turn|18
|c|☆Syn1o|bon bah gg
|
|t:|1668168235
|move|p2a: Sandaconda|Earthquake|p1a: Slowbro
|-supereffective|p1a: Slowbro
|-damage|p1a: Slowbro|52/100 brn
|move|p1a: Slowbro|Sludge Bomb|p2a: Sandaconda
|-resisted|p2a: Sandaconda
|-damage|p2a: Sandaconda|10/100
|
|-damage|p1a: Slowbro|46/100 brn|[from] brn
|upkeep
|turn|19
|
|t:|1668168246
|move|p2a: Sandaconda|Rest|p2a: Sandaconda
|-status|p2a: Sandaconda|slp|[from] move: Rest
|-heal|p2a: Sandaconda|100/100 slp|[silent]
|move|p1a: Slowbro|Slack Off|p1a: Slowbro
|-heal|p1a: Slowbro|96/100 brn
|
|-activate|p2a: Sandaconda|ability: Shed Skin
|-curestatus|p2a: Sandaconda|slp|[msg]
|-damage|p1a: Slowbro|90/100 brn|[from] brn
|upkeep
|turn|20
|
|t:|1668168259
|move|p2a: Sandaconda|Earthquake|p1a: Slowbro
|-supereffective|p1a: Slowbro
|-damage|p1a: Slowbro|68/100 brn
|move|p1a: Slowbro|Sludge Bomb|p2a: Sandaconda
|-resisted|p2a: Sandaconda
|-damage|p2a: Sandaconda|41/100
|
|-damage|p1a: Slowbro|62/100 brn|[from] brn
|upkeep
|turn|21
|-activate|p1a: Slowbro|ability: Quick Draw
|
|t:|1668168265
|move|p1a: Slowbro|Sludge Bomb|p2a: Sandaconda
|-resisted|p2a: Sandaconda
|-damage|p2a: Sandaconda|0 fnt
|faint|p2a: Sandaconda
|
|-damage|p1a: Slowbro|56/100 brn|[from] brn
|upkeep
|
|t:|1668168269
|switch|p2a: Eiscue|Eiscue, M|100/100
|turn|22
|
|t:|1668168279
|move|p2a: Eiscue|Icicle Crash|p1a: Slowbro
|-damage|p1a: Slowbro|47/100 brn
|cant|p1a: Slowbro|flinch
|
|-damage|p1a: Slowbro|41/100 brn|[from] brn
|upkeep
|turn|23
|
|t:|1668168285
|move|p2a: Eiscue|Substitute|p2a: Eiscue
|-start|p2a: Eiscue|Substitute
|-damage|p2a: Eiscue|75/100
|move|p1a: Slowbro|Sludge Bomb|p2a: Eiscue
|-end|p2a: Eiscue|Substitute
|
|-damage|p1a: Slowbro|35/100 brn|[from] brn
|upkeep
|turn|24
|
|t:|1668168294
|move|p2a: Eiscue|Icicle Crash|p1a: Slowbro
|-damage|p1a: Slowbro|26/100 brn
|cant|p1a: Slowbro|flinch
|
|-damage|p1a: Slowbro|20/100 brn|[from] brn
|upkeep
|turn|25
|
|t:|1668168301
|move|p2a: Eiscue|Substitute|p2a: Eiscue
|-start|p2a: Eiscue|Substitute
|-damage|p2a: Eiscue|50/100
|move|p1a: Slowbro|Slack Off|p1a: Slowbro
|-heal|p1a: Slowbro|70/100 brn
|
|-damage|p1a: Slowbro|64/100 brn|[from] brn
|upkeep
|turn|26
|
|t:|1668168317
|move|p2a: Eiscue|Icicle Crash|p1a: Slowbro
|-damage|p1a: Slowbro|55/100 brn
|cant|p1a: Slowbro|flinch
|
|-damage|p1a: Slowbro|49/100 brn|[from] brn
|upkeep
|turn|27
|
|t:|1668168332
|move|p2a: Eiscue|Icicle Crash|p1a: Slowbro
|-damage|p1a: Slowbro|40/100 brn
|cant|p1a: Slowbro|flinch
|
|-damage|p1a: Slowbro|33/100 brn|[from] brn
|upkeep
|turn|28
|
|t:|1668168338
|move|p2a: Eiscue|Icicle Crash|p1a: Slowbro
|-damage|p1a: Slowbro|24/100 brn
|cant|p1a: Slowbro|flinch
|
|-damage|p1a: Slowbro|18/100 brn|[from] brn
|upkeep
|turn|29
|c|☆BTLT200$ SF'|tu iras loin
|c|☆Syn1o|xDDDDDD
|
|t:|1668168351
|move|p2a: Eiscue|Icicle Crash|p1a: Slowbro
|-damage|p1a: Slowbro|8/100 brn
|cant|p1a: Slowbro|flinch
|
|-damage|p1a: Slowbro|2/100 brn|[from] brn
|upkeep
|turn|30
|c|☆BTLT200$ SF'|le pire c'est que j'ai tir vid
|c|☆BTLT200$ SF'|le talent de prio
|
|t:|1668168372
|move|p2a: Eiscue|Iron Head|p1a: Slowbro
|-damage|p1a: Slowbro|0 fnt
|-damage|p2a: Eiscue|34/100|[from] item: Rocky Helmet|[of] p1a: Slowbro
|faint|p1a: Slowbro
|
|upkeep
|c|☆Syn1o|oui x)
|
|t:|1668168384
|switch|p1a: Grimmsnarl|Grimmsnarl, M|84/100
|-damage|p1a: Grimmsnarl|72/100|[from] Stealth Rock
|turn|31
|c|☆Syn1o|Mais ouais c'est une team que je viens de créer et je vois le soucis xD
|
|t:|1668168403
|move|p1a: Grimmsnarl|Taunt|p2a: Eiscue
|-start|p2a: Eiscue|move: Taunt
|move|p2a: Eiscue|Iron Head|p1a: Grimmsnarl
|-supereffective|p1a: Grimmsnarl
|-damage|p1a: Grimmsnarl|24/100
|
|upkeep
|turn|32
|
|t:|1668168410
|move|p1a: Grimmsnarl|Reflect|p1a: Grimmsnarl
|-sidestart|p1: BTLT200$ SF'|Reflect
|move|p2a: Eiscue|Iron Head|p1a: Grimmsnarl
|-supereffective|p1a: Grimmsnarl
|-damage|p1a: Grimmsnarl|0 fnt
|faint|p1a: Grimmsnarl
|
|upkeep
|
|t:|1668168414
|switch|p1a: Inteleon|Inteleon, M|100/100
|-damage|p1a: Inteleon|88/100|[from] Stealth Rock
|turn|33
|
|t:|1668168419
|move|p1a: Inteleon|Surf|p2a: Eiscue
|-end|p2a: Eiscue|Substitute
|move|p2a: Eiscue|Iron Head|p1a: Inteleon
|-resisted|p1a: Inteleon
|-damage|p1a: Inteleon|79/100
|
|-end|p2a: Eiscue|move: Taunt
|upkeep
|turn|34
|
|t:|1668168427
|move|p1a: Inteleon|Surf|p2a: Eiscue
|-damage|p2a: Eiscue|0 fnt
|faint|p2a: Eiscue
|
|win|BTLT200$ SF'
|l|☆BTLT200$ SF'
|c|☆Syn1o|gg
|l|☆Syn1o
|l| Zemmour & Rick
|j|☆BTLT200$ SF'
|player|p1|BTLT200$ SF'|palmer
