|j|☆Iznamakin
|j|☆mala☆huju
|t:|1664174759
|gametype|singles
|player|p1|Iznamakin|chase|1704
|player|p2|mala☆huju|lance|1740
|teamsize|p1|6
|teamsize|p2|6
|gen|8
|tier|[Gen 8] OU
|rated|
|rule|Sleep Clause Mod: Limit one foe put to sleep
|rule|Species Clause: Limit one of each Pokémon
|rule|OHKO Clause: OHKO moves are banned
|rule|Evasion Items Clause: Evasion items are banned
|rule|Evasion Moves Clause: Evasion moves are banned
|rule|Endless Battle Clause: Forcing endless battles is banned
|rule|HP Percentage Mod: HP is shown in percentages
|rule|Dynamax Clause: You cannot dynamax
|clearpoke
|poke|p1|Hatterene, F|
|poke|p1|Cresselia, F|
|poke|p1|Porygon2|
|poke|p1|Torkoal, M|
|poke|p1|Marowak-Alola, M|
|poke|p1|Stakataka|
|poke|p2|Dragapult, M|
|poke|p2|Landorus-Therian, M|
|poke|p2|Ferrothorn, M|
|poke|p2|Heatran, F|
|poke|p2|Tapu Fini|
|poke|p2|Zapdos-Galar|
|teampreview
|c|☆mala☆huju|hf
|j| SapphireHenry
|
|t:|1664174769
|start
|switch|p1a: Porygon2|Porygon2, shiny|100/100
|switch|p2a: Landorus|Landorus-Therian, M|100/100
|-ability|p2a: Landorus|Intimidate|boost
|-unboost|p1a: Porygon2|atk|1
|-ability|p1a: Porygon2|Intimidate|[from] ability: Trace|[of] p2a: Landorus
|-ability|p1a: Porygon2|Intimidate|boost
|-unboost|p2a: Landorus|atk|1
|turn|1
|inactive|Battle timer is ON: inactive players will automatically lose when time's up. (requested by Iznamakin)
|j| kovucat
|
|t:|1664174777
|move|p1a: Porygon2|Magic Coat|p1a: Porygon2
|-singleturn|p1a: Porygon2|move: Magic Coat
|move|p2a: Landorus|U-turn|p1a: Porygon2
|-crit|p1a: Porygon2
|-damage|p1a: Porygon2|79/100
|j| rdieu
|inactive|mala☆huju has 120 seconds left.
|c| kovucat|sorry this the only high elo game on atm lol
|l| rdieu
|c| SapphireHenry|Ye
|inactive|mala☆huju has 90 seconds left.
|
|t:|1664174855
|switch|p2a: Ferrothorn|Ferrothorn, M|100/100|[from]move: U-turn
|
|upkeep
|turn|2
|
|t:|1664174859
|move|p1a: Porygon2|Magic Coat|p1a: Porygon2
|-singleturn|p1a: Porygon2|move: Magic Coat
|move|p2a: Ferrothorn|Knock Off|p1a: Porygon2
|-damage|p1a: Porygon2|65/100
|-enditem|p1a: Porygon2|Eviolite|[from] move: Knock Off|[of] p2a: Ferrothorn
|
|upkeep
|turn|3
|c| SapphireHenry|no 1900s are on
|inactive|mala☆huju has 90 seconds left.
|
|t:|1664174867
|move|p2a: Ferrothorn|Body Press|p1a: Porygon2
|-supereffective|p1a: Porygon2
|-damage|p1a: Porygon2|6/100
|move|p1a: Porygon2|Trick Room|p1a: Porygon2
|-fieldstart|move: Trick Room|[of] p1a: Porygon2
|
|upkeep
|turn|4
|
|t:|1664174875
|move|p2a: Ferrothorn|Knock Off|p1a: Porygon2
|-damage|p1a: Porygon2|0 fnt
|faint|p1a: Porygon2
|
|upkeep
|
|t:|1664174877
|switch|p1a: Stakataka|Stakataka, shiny|100/100
|turn|5
|
|t:|1664174880
|move|p1a: Stakataka|Heat Crash|p2a: Ferrothorn
|-supereffective|p2a: Ferrothorn
|-damage|p2a: Ferrothorn|0 fnt
|-damage|p1a: Stakataka|88/100|[from] ability: Iron Barbs|[of] p2a: Ferrothorn
|-damage|p1a: Stakataka|72/100|[from] item: Rocky Helmet|[of] p2a: Ferrothorn
|faint|p2a: Ferrothorn
|-ability|p1a: Stakataka|Beast Boost|boost
|-boost|p1a: Stakataka|atk|1
|-damage|p1a: Stakataka|62/100|[from] item: Life Orb
|
|upkeep
|
|t:|1664174889
|switch|p2a: Landorus|Landorus-Therian, M|100/100
|-ability|p2a: Landorus|Intimidate|boost
|-unboost|p1a: Stakataka|atk|1
|turn|6
|j| hjkghjfghdgdhj
|
|t:|1664174903
|move|p1a: Stakataka|Gyro Ball|p2a: Landorus
|-damage|p2a: Landorus|0 fnt
|faint|p2a: Landorus
|-ability|p1a: Stakataka|Beast Boost|boost
|-boost|p1a: Stakataka|atk|1
|-damage|p1a: Stakataka|52/100|[from] item: Life Orb
|
|upkeep
|inactive|mala☆huju has 90 seconds left.
|c|☆mala☆huju|hot damn this thing is powerful
|j| sgvh
|
|t:|1664174934
|switch|p2a: Heatran|Heatran, F|100/100
|turn|7
|l| sgvh
|
|t:|1664174938
|move|p2a: Heatran|Protect|p2a: Heatran
|-singleturn|p2a: Heatran|Protect
|move|p1a: Stakataka|Earthquake|p2a: Heatran
|-activate|p2a: Heatran|move: Protect
|
|-fieldend|move: Trick Room
|upkeep
|turn|8
|
|t:|1664174945
|switch|p1a: Hatterene|Hatterene, F, shiny|100/100
|move|p2a: Heatran|Earth Power|p1a: Hatterene
|-damage|p1a: Hatterene|73/100
|
|upkeep
|turn|9
|j| LT_Alt1
|
|t:|1664174949
|move|p2a: Heatran|Magma Storm|p1a: Hatterene
|-damage|p1a: Hatterene|25/100
|-activate|p1a: Hatterene|move: Magma Storm|[of] p2a: Heatran
|move|p1a: Hatterene|Trick Room|p1a: Hatterene
|-fieldstart|move: Trick Room|[of] p1a: Hatterene
|
|-damage|p1a: Hatterene|12/100|[from] move: Magma Storm|[partiallytrapped]
|upkeep
|turn|10
|
|t:|1664174954
|move|p2a: Heatran|Protect|p2a: Heatran
|-singleturn|p2a: Heatran|Protect
|move|p1a: Hatterene|Healing Wish|p1a: Hatterene
|faint|p1a: Hatterene
|
|upkeep
|
|t:|1664174956
|switch|p1a: Stakataka|Stakataka, shiny|52/100
|-heal|p1a: Stakataka|100/100|[from] move: Healing Wish
|turn|11
|
|t:|1664174964
|switch|p2a: Zapdos|Zapdos-Galar|100/100
|move|p1a: Stakataka|Stone Edge|p2a: Zapdos
|-damage|p2a: Zapdos|10/100
|-damage|p1a: Stakataka|91/100|[from] item: Life Orb
|
|upkeep
|turn|12
|
|t:|1664174974
|move|p1a: Stakataka|Heat Crash|p2a: Zapdos
|-damage|p2a: Zapdos|0 fnt
|faint|p2a: Zapdos
|-ability|p1a: Stakataka|Beast Boost|boost
|-boost|p1a: Stakataka|atk|1
|-damage|p1a: Stakataka|81/100|[from] item: Life Orb
|
|upkeep
|
|t:|1664174977
|switch|p2a: Heatran|Heatran, F|100/100
|turn|13
|j| rdieu
|
|t:|1664174981
|move|p2a: Heatran|Protect|p2a: Heatran
|-singleturn|p2a: Heatran|Protect
|move|p1a: Stakataka|Earthquake|p2a: Heatran
|-activate|p2a: Heatran|move: Protect
|
|-fieldend|move: Trick Room
|upkeep
|turn|14
|j| meroetta
|
|t:|1664174992
|switch|p1a: Cresselia|Cresselia, F|100/100
|move|p2a: Heatran|Earth Power|p1a: Cresselia
|-immune|p1a: Cresselia|[from] ability: Levitate
|
|upkeep
|turn|15
|
|t:|1664174996
|move|p2a: Heatran|Taunt|p1a: Cresselia
|-start|p1a: Cresselia|move: Taunt
|-enditem|p1a: Cresselia|Mental Herb
|-end|p1a: Cresselia|move: Taunt
|move|p1a: Cresselia|Trick Room|p1a: Cresselia
|-fieldstart|move: Trick Room|[of] p1a: Cresselia
|
|upkeep
|turn|16
|j| pmsb.am
|
|t:|1664175007
|switch|p1a: Marowak|Marowak-Alola, M|100/100
|move|p2a: Heatran|Taunt|p1a: Marowak
|-start|p1a: Marowak|move: Taunt
|
|upkeep
|turn|17
|
|t:|1664175009
|move|p2a: Heatran|Protect|p2a: Heatran
|-singleturn|p2a: Heatran|Protect
|move|p1a: Marowak|Earthquake|p2a: Heatran
|-activate|p2a: Heatran|move: Protect
|
|upkeep
|turn|18
|c| meroetta|where the hoes at
|c|☆mala☆huju|i think its over
|
|t:|1664175034
|move|p1a: Marowak|Earthquake|p2a: Heatran
|-supereffective|p2a: Heatran
|-crit|p2a: Heatran
|-damage|p2a: Heatran|0 fnt
|faint|p2a: Heatran
|
|-end|p1a: Marowak|move: Taunt
|upkeep
|
|t:|1664175039
|switch|p2a: Tapu Fini|Tapu Fini, shiny|100/100
|-fieldstart|move: Misty Terrain|[from] ability: Misty Surge|[of] p2a: Tapu Fini
|turn|19
|c| meroetta|mala huju wins i bet my house on it
|
|t:|1664175055
|move|p1a: Marowak|Poltergeist|p2a: Tapu Fini
|-activate|p2a: Tapu Fini|move: Poltergeist|Leftovers
|-damage|p2a: Tapu Fini|36/100
|move|p2a: Tapu Fini|Scald|p1a: Marowak
|-supereffective|p1a: Marowak
|-damage|p1a: Marowak|39/100
|
|-heal|p2a: Tapu Fini|42/100|[from] item: Leftovers
|-fieldend|move: Trick Room
|upkeep
|turn|20
|
|t:|1664175063
|move|p2a: Tapu Fini|Scald|p1a: Marowak
|-supereffective|p1a: Marowak
|-damage|p1a: Marowak|0 fnt
|faint|p1a: Marowak
|
|-heal|p2a: Tapu Fini|48/100|[from] item: Leftovers
|upkeep
|
|t:|1664175066
|switch|p1a: Torkoal|Torkoal, M|100/100
|-weather|SunnyDay|[from] ability: Drought|[of] p1a: Torkoal
|turn|21
|
|t:|1664175072
|move|p2a: Tapu Fini|Taunt|p1a: Torkoal
|-start|p1a: Torkoal|move: Taunt
|move|p1a: Torkoal|Solar Beam||[still]
|-prepare|p1a: Torkoal|Solar Beam
|-anim|p1a: Torkoal|Solar Beam|p2a: Tapu Fini
|-supereffective|p2a: Tapu Fini
|-damage|p2a: Tapu Fini|0 fnt
|faint|p2a: Tapu Fini
|
|-weather|SunnyDay|[upkeep]
|upkeep
|
|t:|1664175074
|switch|p2a: Dragapult|Dragapult, M|100/100
|turn|22
|
|t:|1664175076
|move|p2a: Dragapult|Shadow Ball|p1a: Torkoal
|-damage|p1a: Torkoal|32/100
|move|p1a: Torkoal|Solar Beam||[still]
|-prepare|p1a: Torkoal|Solar Beam
|-anim|p1a: Torkoal|Solar Beam|p2a: Dragapult
|-resisted|p2a: Dragapult
|-damage|p2a: Dragapult|64/100
|
|-weather|SunnyDay|[upkeep]
|upkeep
|turn|23
|j| CanUrepeat
|
|t:|1664175081
|move|p2a: Dragapult|Shadow Ball|p1a: Torkoal
|-damage|p1a: Torkoal|0 fnt
|faint|p1a: Torkoal
|
|-weather|SunnyDay|[upkeep]
|-fieldend|Misty Terrain
|upkeep
|
|t:|1664175083
|switch|p1a: Stakataka|Stakataka, shiny|81/100
|turn|24
|
|t:|1664175085
|move|p2a: Dragapult|Shadow Ball|p1a: Stakataka
|-damage|p1a: Stakataka|24/100
|move|p1a: Stakataka|Gyro Ball|p2a: Dragapult
|-damage|p2a: Dragapult|0 fnt
|faint|p2a: Dragapult
|-damage|p1a: Stakataka|14/100|[from] item: Life Orb
|
|win|Iznamakin
|raw|Iznamakin's rating: 1704 &rarr; <strong>1726</strong><br />(+22 for winning)
|raw|mala☆huju's rating: 1740 &rarr; <strong>1718</strong><br />(-22 for losing)
|c| meroetta|mala huju got this in the bag tho
|c|☆mala☆huju|lol
|c|☆mala☆huju|gg
|l| rdieu
|l|☆mala☆huju
|c| meroetta|yall owe me a house
|l| kovucat
|l| pmsb.am
