|j|☆big boss 447
|j|☆Satania McDowell
|player|p1|big boss 447|n|1777
|player|p2|Satania McDowell|lana|1670
|teamsize|p1|6
|teamsize|p2|6
|gametype|singles
|gen|8
|tier|[Gen 8] OU
|rated|
|clearpoke
|poke|p1|Aegislash, F|
|poke|p1|Torkoal, F|
|poke|p1|Darmanitan, M|
|poke|p1|Mandibuzz, F|
|poke|p1|Venusaur, M|
|poke|p1|Kyurem|
|poke|p2|Cinderace, F|
|poke|p2|Ninetales-Alola, F|
|poke|p2|Mew|
|poke|p2|Primarina, F|
|poke|p2|Rotom-Mow|
|poke|p2|Terrakion|
|rule|Sleep Clause Mod: Limit one foe put to sleep
|rule|Species Clause: Limit one of each Pokémon
|rule|OHKO Clause: OHKO moves are banned
|rule|Evasion Moves Clause: Evasion moves are banned
|rule|Endless Battle Clause: Forcing endless battles is banned
|rule|HP Percentage Mod: HP is shown in percentages
|rule|Dynamax Clause: You cannot dynamax
|teampreview
|
|start
|switch|p1a: Darmanitan|Darmanitan, M|100/100
|switch|p2a: Mew|Mew|100/100
|turn|1
|
|move|p1a: Darmanitan|Flare Blitz|p2a: Mew
|-damage|p2a: Mew|17/100
|-damage|p1a: Darmanitan|69/100|[from] Recoil
|move|p2a: Mew|Stealth Rock|p1a: Darmanitan
|-sidestart|p1: big boss 447|move: Stealth Rock
|
|upkeep
|turn|2
|j| HeavenStar
|
|move|p1a: Darmanitan|Flare Blitz|p2a: Mew
|-damage|p2a: Mew|0 fnt
|-damage|p1a: Darmanitan|63/100|[from] Recoil
|faint|p2a: Mew
|
|upkeep
|
|switch|p2a: Terrakion|Terrakion|100/100
|turn|3
|
|switch|p1a: Aegislash|Aegislash, F|100/100
|-damage|p1a: Aegislash|94/100|[from] Stealth Rock
|-item|p1a: Aegislash|Air Balloon
|move|p2a: Terrakion|Rock Slide|p1a: Aegislash
|-resisted|p1a: Aegislash
|-damage|p1a: Aegislash|74/100
|-enditem|p1a: Aegislash|Air Balloon
|
|upkeep
|turn|4
|
|switch|p2a: Cinderace|Cinderace, F|100/100
|-formechange|p1a: Aegislash|Aegislash-Blade||[from] ability: Stance Change
|move|p1a: Aegislash|Close Combat|p2a: Cinderace
|-damage|p2a: Cinderace|32/100
|-unboost|p1a: Aegislash|def|1
|-unboost|p1a: Aegislash|spd|1
|
|upkeep
|turn|5
|
|move|p2a: Cinderace|Sucker Punch|p1a: Aegislash
|-supereffective|p1a: Aegislash
|-damage|p1a: Aegislash|0 fnt
|faint|p1a: Aegislash
|
|upkeep
|
|switch|p1a: Mandibuzz|Mandibuzz, F|100/100
|turn|6
|
|switch|p2a: Primarina|Primarina, F|100/100
|move|p1a: Mandibuzz|Defog|p2a: Primarina
|-unboost|p2a: Primarina|evasion|1
|-sideend|p1: big boss 447|Stealth Rock|[from] move: Defog|[of] p1a: Mandibuzz
|
|upkeep
|turn|7
|
|switch|p1a: Torkoal|Torkoal, F|100/100
|-weather|SunnyDay|[from] ability: Drought|[of] p1a: Torkoal
|move|p2a: Primarina|Scald|p1a: Torkoal
|-supereffective|p1a: Torkoal
|-damage|p1a: Torkoal|57/100
|
|-weather|SunnyDay|[upkeep]
|upkeep
|turn|8
|
|switch|p2a: Ninetales|Ninetales-Alola, F|100/100
|-weather|Hail|[from] ability: Snow Warning|[of] p2a: Ninetales
|move|p1a: Torkoal|Stealth Rock|p2a: Ninetales
|-sidestart|p2: Satania McDowell|move: Stealth Rock
|
|-weather|Hail|[upkeep]
|-damage|p1a: Torkoal|51/100|[from] Hail
|upkeep
|turn|9
|
|switch|p1a: Darmanitan|Darmanitan, M|63/100
|move|p2a: Ninetales|Aurora Veil|p2a: Ninetales
|-sidestart|p2: Satania McDowell|move: Aurora Veil
|
|-weather|Hail|[upkeep]
|-damage|p1a: Darmanitan|57/100|[from] Hail
|upkeep
|turn|10
|
|switch|p2a: Terrakion|Terrakion|100/100
|-damage|p2a: Terrakion|94/100|[from] Stealth Rock
|move|p1a: Darmanitan|Flare Blitz|p2a: Terrakion
|-resisted|p2a: Terrakion
|-damage|p2a: Terrakion|65/100
|-damage|p1a: Darmanitan|48/100|[from] Recoil
|
|-weather|Hail|[upkeep]
|-damage|p2a: Terrakion|59/100|[from] Hail
|-damage|p1a: Darmanitan|42/100|[from] Hail
|upkeep
|turn|11
|
|switch|p1a: Mandibuzz|Mandibuzz, F|100/100
|move|p2a: Terrakion|Rock Slide|p1a: Mandibuzz
|-supereffective|p1a: Mandibuzz
|-damage|p1a: Mandibuzz|39/100
|
|-weather|Hail|[upkeep]
|-damage|p2a: Terrakion|53/100|[from] Hail
|upkeep
|turn|12
|
|move|p2a: Terrakion|Rock Slide|p1a: Mandibuzz
|-supereffective|p1a: Mandibuzz
|-crit|p1a: Mandibuzz
|-damage|p1a: Mandibuzz|0 fnt
|faint|p1a: Mandibuzz
|
|-weather|none
|upkeep
|
|switch|p1a: Torkoal|Torkoal, F|51/100
|-weather|SunnyDay|[from] ability: Drought|[of] p1a: Torkoal
|turn|13
|
|switch|p1a: Venusaur|Venusaur, M|100/100
|move|p2a: Terrakion|Rock Slide|p1a: Venusaur
|-damage|p1a: Venusaur|41/100
|
|-weather|SunnyDay|[upkeep]
|upkeep
|turn|14
|
|switch|p2a: Rotom|Rotom-Mow|100/100
|-damage|p2a: Rotom|88/100|[from] Stealth Rock
|move|p1a: Venusaur|Giga Drain|p2a: Rotom
|-resisted|p2a: Rotom
|-damage|p2a: Rotom|73/100
|-heal|p1a: Venusaur|47/100|[from] drain|[of] p2a: Rotom
|-damage|p1a: Venusaur|37/100|[from] item: Life Orb
|
|-weather|SunnyDay|[upkeep]
|-heal|p2a: Rotom|79/100|[from] item: Leftovers
|upkeep
|turn|15
|
|move|p1a: Venusaur|Weather Ball|p2a: Rotom
|-supereffective|p2a: Rotom
|-damage|p2a: Rotom|0 fnt
|-damage|p1a: Venusaur|27/100|[from] item: Life Orb
|faint|p2a: Rotom
|
|-weather|SunnyDay|[upkeep]
|upkeep
|
|switch|p2a: Ninetales|Ninetales-Alola, F|100/100
|-damage|p2a: Ninetales|76/100|[from] Stealth Rock
|-weather|Hail|[from] ability: Snow Warning|[of] p2a: Ninetales
|turn|16
|j| Trial&3rror
|
|switch|p1a: Torkoal|Torkoal, F|51/100
|-weather|SunnyDay|[from] ability: Drought|[of] p1a: Torkoal
|move|p2a: Ninetales|Freeze-Dry|p1a: Torkoal
|-resisted|p1a: Torkoal
|-damage|p1a: Torkoal|34/100
|
|-weather|SunnyDay|[upkeep]
|-sideend|p2: Satania McDowell|move: Aurora Veil
|upkeep
|turn|17
|
|switch|p2a: Primarina|Primarina, F|100/100
|-damage|p2a: Primarina|88/100|[from] Stealth Rock
|switch|p1a: Darmanitan|Darmanitan, M|42/100
|
|-weather|SunnyDay|[upkeep]
|-heal|p2a: Primarina|94/100|[from] item: Leftovers
|upkeep
|turn|18
|
|move|p1a: Darmanitan|Flare Blitz|p2a: Primarina
|-resisted|p2a: Primarina
|-damage|p2a: Primarina|33/100
|-damage|p1a: Darmanitan|21/100|[from] Recoil
|move|p2a: Primarina|Scald|p1a: Darmanitan
|-supereffective|p1a: Darmanitan
|-damage|p1a: Darmanitan|0 fnt
|faint|p1a: Darmanitan
|
|-weather|SunnyDay|[upkeep]
|-heal|p2a: Primarina|39/100|[from] item: Leftovers
|upkeep
|
|switch|p1a: Venusaur|Venusaur, M|27/100
|turn|19
|
|move|p1a: Venusaur|Giga Drain|p2a: Primarina
|-supereffective|p2a: Primarina
|-damage|p2a: Primarina|0 fnt
|-heal|p1a: Venusaur|51/100|[from] drain|[of] p2a: Primarina
|-damage|p1a: Venusaur|41/100|[from] item: Life Orb
|faint|p2a: Primarina
|
|-weather|SunnyDay|[upkeep]
|upkeep
|
|switch|p2a: Ninetales|Ninetales-Alola, F|76/100
|-damage|p2a: Ninetales|51/100|[from] Stealth Rock
|-weather|Hail|[from] ability: Snow Warning|[of] p2a: Ninetales
|turn|20
|
|switch|p1a: Torkoal|Torkoal, F|34/100
|-weather|SunnyDay|[from] ability: Drought|[of] p1a: Torkoal
|move|p2a: Ninetales|Moonblast|p1a: Torkoal
|-resisted|p1a: Torkoal
|-damage|p1a: Torkoal|11/100
|-unboost|p1a: Torkoal|spa|1
|
|-weather|SunnyDay|[upkeep]
|upkeep
|turn|21
|
|switch|p1a: Kyurem|Kyurem|100/100
|-ability|p1a: Kyurem|Pressure
|move|p2a: Ninetales|Freeze-Dry|p1a: Kyurem
|-damage|p1a: Kyurem|74/100
|
|-weather|SunnyDay|[upkeep]
|upkeep
|turn|22
|
|move|p2a: Ninetales|Moonblast|p1a: Kyurem
|-supereffective|p1a: Kyurem
|-damage|p1a: Kyurem|0 fnt
|faint|p1a: Kyurem
|
|-weather|SunnyDay|[upkeep]
|upkeep
|
|switch|p1a: Venusaur|Venusaur, M|41/100
|turn|23
|
|switch|p2a: Terrakion|Terrakion|53/100
|-damage|p2a: Terrakion|46/100|[from] Stealth Rock
|move|p1a: Venusaur|Giga Drain|p2a: Terrakion
|-supereffective|p2a: Terrakion
|-damage|p2a: Terrakion|0 fnt
|-heal|p1a: Venusaur|65/100|[from] drain|[of] p2a: Terrakion
|-damage|p1a: Venusaur|55/100|[from] item: Life Orb
|faint|p2a: Terrakion
|
|-weather|SunnyDay|[upkeep]
|upkeep
|
|switch|p2a: Ninetales|Ninetales-Alola, F|51/100
|-damage|p2a: Ninetales|26/100|[from] Stealth Rock
|-weather|Hail|[from] ability: Snow Warning|[of] p2a: Ninetales
|turn|24
|
|switch|p1a: Torkoal|Torkoal, F|11/100
|-weather|SunnyDay|[from] ability: Drought|[of] p1a: Torkoal
|move|p2a: Ninetales|Freeze-Dry|p1a: Torkoal
|-resisted|p1a: Torkoal
|-damage|p1a: Torkoal|0 fnt
|faint|p1a: Torkoal
|
|-weather|SunnyDay|[upkeep]
|upkeep
|
|switch|p1a: Venusaur|Venusaur, M|55/100
|turn|25
|
|switch|p2a: Cinderace|Cinderace, F|32/100
|move|p1a: Venusaur|Giga Drain|p2a: Cinderace
|-resisted|p2a: Cinderace
|-damage|p2a: Cinderace|0 fnt
|-heal|p1a: Venusaur|71/100|[from] drain|[of] p2a: Cinderace
|-damage|p1a: Venusaur|61/100|[from] item: Life Orb
|faint|p2a: Cinderace
|
|-weather|SunnyDay|[upkeep]
|upkeep
|
|switch|p2a: Ninetales|Ninetales-Alola, F|26/100
|-damage|p2a: Ninetales|2/100|[from] Stealth Rock
|-weather|Hail|[from] ability: Snow Warning|[of] p2a: Ninetales
|turn|26
|
|move|p2a: Ninetales|Freeze-Dry|p1a: Venusaur
|-supereffective|p1a: Venusaur
|-damage|p1a: Venusaur|3/100
|move|p1a: Venusaur|Giga Drain|p2a: Ninetales
|-damage|p2a: Ninetales|0 fnt
|-heal|p1a: Venusaur|4/100|[from] drain|[of] p2a: Ninetales
|-damage|p1a: Venusaur|0 fnt|[from] item: Life Orb
|faint|p2a: Ninetales
|faint|p1a: Venusaur
|
|win|big boss 447
|raw|big boss 447's rating: 1777 &rarr; <strong>1791</strong><br />(+14 for winning)
|raw|Satania McDowell's rating: 1670 &rarr; <strong>1656</strong><br />(-14 for losing)
|l|☆Satania McDowell
|c|☆big boss 447|succ
