|j|☆JoJo Reference #10
|j|☆iopkj09
|t:|1664253257
|gametype|singles
|player|p1|JoJo Reference #10|1|1631
|player|p2|iopkj09|nate|1695
|teamsize|p1|6
|teamsize|p2|6
|gen|8
|tier|[Gen 8] OU
|rated|
|rule|Sleep Clause Mod: Limit one foe put to sleep
|rule|Species Clause: Limit one of each Pokémon
|rule|OHKO Clause: OHKO moves are banned
|rule|Evasion Items Clause: Evasion items are banned
|rule|Evasion Moves Clause: Evasion moves are banned
|rule|Endless Battle Clause: Forcing endless battles is banned
|rule|HP Percentage Mod: HP is shown in percentages
|rule|Dynamax Clause: You cannot dynamax
|clearpoke
|poke|p1|Scolipede, M|
|poke|p1|Terrakion|
|poke|p1|Kartana|
|poke|p1|Tapu Fini|
|poke|p1|Nidoking, M|
|poke|p1|Volcarona, F|
|poke|p2|Garchomp, M|
|poke|p2|Zapdos|
|poke|p2|Rillaboom, M|
|poke|p2|Tapu Lele|
|poke|p2|Volcanion|
|poke|p2|Weavile, F|
|teampreview
|inactive|Battle timer is ON: inactive players will automatically lose when time's up. (requested by iopkj09)
|
|t:|1664253267
|start
|switch|p1a: Scolipede|Scolipede, M|100/100
|switch|p2a: Weavile|Weavile, F|100/100
|-ability|p2a: Weavile|Pressure
|turn|1
|
|t:|1664253271
|move|p2a: Weavile|Knock Off|p1a: Scolipede
|-damage|p1a: Scolipede|9/100
|-enditem|p1a: Scolipede|Focus Sash|[from] move: Knock Off|[of] p2a: Weavile
|-damage|p2a: Weavile|91/100|[from] item: Life Orb
|move|p1a: Scolipede|Megahorn|p2a: Weavile
|-supereffective|p2a: Weavile
|-damage|p2a: Weavile|0 fnt
|faint|p2a: Weavile
|
|-ability|p1a: Scolipede|Speed Boost|boost
|-boost|p1a: Scolipede|spe|1
|upkeep
|
|t:|1664253288
|switch|p2a: Garchomp|Garchomp, M, shiny|100/100
|turn|2
|
|t:|1664253289
|move|p2a: Garchomp|Earthquake|p1a: Scolipede
|-damage|p1a: Scolipede|0 fnt
|faint|p1a: Scolipede
|
|upkeep
|
|t:|1664253298
|switch|p1a: Tapu Fini|Tapu Fini|100/100
|-fieldstart|move: Misty Terrain|[from] ability: Misty Surge|[of] p1a: Tapu Fini
|turn|3
|
|t:|1664253303
|switch|p2a: Volcanion|Volcanion|100/100
|move|p1a: Tapu Fini|Scald|p2a: Volcanion
|-immune|p2a: Volcanion|[from] ability: Water Absorb
|
|upkeep
|turn|4
|
|t:|1664253307
|switch|p1a: Nidoking|Nidoking, M|100/100
|move|p2a: Volcanion|Sludge Wave|p1a: Nidoking
|-resisted|p1a: Nidoking
|-damage|p1a: Nidoking|90/100
|
|upkeep
|turn|5
|
|t:|1664253311
|move|p1a: Nidoking|Earth Power|p2a: Volcanion
|-supereffective|p2a: Volcanion
|-damage|p2a: Volcanion|33/100
|move|p2a: Volcanion|Steam Eruption|p1a: Nidoking
|-supereffective|p1a: Nidoking
|-damage|p1a: Nidoking|0 fnt
|faint|p1a: Nidoking
|
|upkeep
|
|t:|1664253312
|switch|p1a: Terrakion|Terrakion|100/100
|turn|6
|
|t:|1664253314
|move|p1a: Terrakion|Stone Edge|p2a: Volcanion
|-supereffective|p2a: Volcanion
|-damage|p2a: Volcanion|0 fnt
|faint|p2a: Volcanion
|
|upkeep
|
|t:|1664253320
|switch|p2a: Rillaboom|Rillaboom, M|100/100
|-fieldstart|move: Grassy Terrain|[from] ability: Grassy Surge|[of] p2a: Rillaboom
|turn|7
|
|t:|1664253324
|switch|p2a: Tapu Lele|Tapu Lele|100/100
|-fieldstart|move: Psychic Terrain|[from] ability: Psychic Surge|[of] p2a: Tapu Lele
|move|p1a: Terrakion|Close Combat|p2a: Tapu Lele
|-resisted|p2a: Tapu Lele
|-damage|p2a: Tapu Lele|77/100
|-unboost|p1a: Terrakion|def|1
|-unboost|p1a: Terrakion|spd|1
|
|upkeep
|turn|8
|
|t:|1664253327
|move|p1a: Terrakion|Stone Edge|p2a: Tapu Lele
|-damage|p2a: Tapu Lele|3/100
|move|p2a: Tapu Lele|Psychic|p1a: Terrakion
|-supereffective|p1a: Terrakion
|-crit|p1a: Terrakion
|-enditem|p1a: Terrakion|Focus Sash
|-damage|p1a: Terrakion|1/100
|
|upkeep
|turn|9
|
|t:|1664253333
|move|p1a: Terrakion|Stealth Rock|p2a: Tapu Lele
|-sidestart|p2: iopkj09|move: Stealth Rock
|move|p2a: Tapu Lele|Psychic|p1a: Terrakion
|-supereffective|p1a: Terrakion
|-damage|p1a: Terrakion|0 fnt
|faint|p1a: Terrakion
|
|upkeep
|
|t:|1664253335
|switch|p1a: Kartana|Kartana|100/100
|turn|10
|
|t:|1664253338
|switch|p2a: Rillaboom|Rillaboom, M|100/100
|-damage|p2a: Rillaboom|88/100|[from] Stealth Rock
|-fieldstart|move: Grassy Terrain|[from] ability: Grassy Surge|[of] p2a: Rillaboom
|move|p1a: Kartana|Knock Off|p2a: Rillaboom
|-damage|p2a: Rillaboom|40/100
|-enditem|p2a: Rillaboom|Life Orb|[from] move: Knock Off|[of] p1a: Kartana
|
|-heal|p2a: Rillaboom|46/100|[from] Grassy Terrain
|upkeep
|turn|11
|
|t:|1664253341
|switch|p1a: Volcarona|Volcarona, F|100/100
|move|p2a: Rillaboom|Superpower|p1a: Volcarona
|-resisted|p1a: Volcarona
|-damage|p1a: Volcarona|79/100
|-unboost|p2a: Rillaboom|atk|1
|-unboost|p2a: Rillaboom|def|1
|
|-heal|p2a: Rillaboom|53/100|[from] Grassy Terrain
|-heal|p1a: Volcarona|85/100|[from] Grassy Terrain
|upkeep
|turn|12
|
|t:|1664253344
|switch|p2a: Garchomp|Garchomp, M, shiny|100/100
|-damage|p2a: Garchomp|94/100|[from] Stealth Rock
|move|p1a: Volcarona|Quiver Dance|p1a: Volcarona
|-boost|p1a: Volcarona|spa|1
|-boost|p1a: Volcarona|spd|1
|-boost|p1a: Volcarona|spe|1
|
|-heal|p2a: Garchomp|100/100|[from] Grassy Terrain
|-heal|p1a: Volcarona|91/100|[from] Grassy Terrain
|upkeep
|turn|13
|
|t:|1664253346
|move|p2a: Garchomp|Outrage|p1a: Volcarona
|-damage|p1a: Volcarona|33/100
|-status|p2a: Garchomp|brn|[from] ability: Flame Body|[of] p1a: Volcarona
|move|p1a: Volcarona|Quiver Dance|p1a: Volcarona
|-boost|p1a: Volcarona|spa|1
|-boost|p1a: Volcarona|spd|1
|-boost|p1a: Volcarona|spe|1
|
|-heal|p1a: Volcarona|39/100|[from] Grassy Terrain
|-damage|p2a: Garchomp|94/100 brn|[from] brn
|upkeep
|turn|14
|
|t:|1664253349
|move|p2a: Garchomp|Outrage|p1a: Volcarona|[from]lockedmove
|-damage|p1a: Volcarona|10/100
|-start|p2a: Garchomp|confusion|[fatigue]
|move|p1a: Volcarona|Roost|p1a: Volcarona
|-heal|p1a: Volcarona|60/100
|-singleturn|p1a: Volcarona|move: Roost
|
|-heal|p2a: Garchomp|100/100 brn|[from] Grassy Terrain
|-heal|p1a: Volcarona|66/100|[from] Grassy Terrain
|-damage|p2a: Garchomp|94/100 brn|[from] brn
|-fieldend|move: Grassy Terrain
|upkeep
|turn|15
|
|t:|1664253353
|switch|p2a: Tapu Lele|Tapu Lele|3/100
|-damage|p2a: Tapu Lele|0 fnt|[from] Stealth Rock
|faint|p2a: Tapu Lele
|move|p1a: Volcarona|Substitute|p1a: Volcarona
|-start|p1a: Volcarona|Substitute
|-damage|p1a: Volcarona|41/100
|
|upkeep
|
|t:|1664253355
|switch|p2a: Zapdos|Zapdos, shiny|100/100
|-damage|p2a: Zapdos|76/100|[from] Stealth Rock
|turn|16
|
|t:|1664253357
|move|p1a: Volcarona|Bug Buzz|p2a: Zapdos
|-resisted|p2a: Zapdos
|-damage|p2a: Zapdos|32/100
|move|p2a: Zapdos|Hurricane|p1a: Volcarona
|-supereffective|p1a: Volcarona
|-end|p1a: Volcarona|Substitute
|
|upkeep
|turn|17
|
|t:|1664253361
|move|p1a: Volcarona|Bug Buzz|p2a: Zapdos
|-resisted|p2a: Zapdos
|-damage|p2a: Zapdos|0 fnt
|faint|p2a: Zapdos
|
|upkeep
|
|t:|1664253364
|switch|p2a: Garchomp|Garchomp, M, shiny|94/100 brn
|-damage|p2a: Garchomp|88/100 brn|[from] Stealth Rock
|turn|18
|-message|iopkj09 forfeited.
|
|win|JoJo Reference #10
|raw|JoJo Reference #10's rating: 1631 &rarr; <strong>1655</strong><br />(+24 for winning)
|raw|iopkj09's rating: 1695 &rarr; <strong>1671</strong><br />(-24 for losing)
|l|☆iopkj09
