|j|☆Arcangel666
|j|☆Stads
|t:|1668022144
|gametype|singles
|player|p1|Arcangel666|ghetsis|1777
|player|p2|Stads|169|1722
|teamsize|p1|6
|teamsize|p2|6
|gen|8
|tier|[Gen 8] OU
|rated|
|rule|Sleep Clause Mod: Limit one foe put to sleep
|rule|Species Clause: Limit one of each Pokémon
|rule|OHKO Clause: OHKO moves are banned
|rule|Evasion Items Clause: Evasion items are banned
|rule|Evasion Moves Clause: Evasion moves are banned
|rule|Endless Battle Clause: Forcing endless battles is banned
|rule|HP Percentage Mod: HP is shown in percentages
|rule|Dynamax Clause: You cannot dynamax
|clearpoke
|poke|p1|Garchomp, M|
|poke|p1|Melmetal|
|poke|p1|Rillaboom, M|
|poke|p1|Tapu Fini|
|poke|p1|Zapdos-Galar|
|poke|p1|Regieleki|
|poke|p2|Tornadus-Therian, M|
|poke|p2|Corviknight, M|
|poke|p2|Kartana|
|poke|p2|Toxapex, M|
|poke|p2|Hippowdon, F|
|poke|p2|Heatran, M|
|teampreview
|inactive|Battle timer is ON: inactive players will automatically lose when time's up. (requested by Stads)
|
|t:|1668022155
|start
|switch|p1a: Regieleki|Regieleki, shiny|100/100
|switch|p2a: Hippowdon|Hippowdon, F|100/100
|-weather|Sandstorm|[from] ability: Sand Stream|[of] p2a: Hippowdon
|turn|1
|
|t:|1668022162
|switch|p1a: Garchomp|Garchomp, M|100/100
|move|p2a: Hippowdon|Stealth Rock|p1a: Garchomp
|-sidestart|p1: Arcangel666|move: Stealth Rock
|
|-weather|Sandstorm|[upkeep]
|upkeep
|turn|2
|
|t:|1668022166
|move|p1a: Garchomp|Toxic|p2a: Hippowdon
|-status|p2a: Hippowdon|tox
|move|p2a: Hippowdon|Toxic|p1a: Garchomp|[miss]
|-miss|p2a: Hippowdon|p1a: Garchomp
|
|-weather|Sandstorm|[upkeep]
|-damage|p2a: Hippowdon|94/100 tox|[from] psn
|upkeep
|turn|3
|j|+Dragonillis
|
|t:|1668022171
|switch|p2a: Tornadus|Tornadus-Therian, M|100/100
|move|p1a: Garchomp|Stealth Rock|p2a: Tornadus
|-sidestart|p2: Stads|move: Stealth Rock
|
|-weather|Sandstorm|[upkeep]
|-damage|p2a: Tornadus|94/100|[from] Sandstorm
|upkeep
|turn|4
|
|t:|1668022173
|move|p2a: Tornadus|Knock Off|p1a: Garchomp
|-damage|p1a: Garchomp|86/100
|-damage|p2a: Tornadus|82/100|[from] ability: Rough Skin|[of] p1a: Garchomp
|-damage|p2a: Tornadus|65/100|[from] item: Rocky Helmet|[of] p1a: Garchomp
|-enditem|p1a: Garchomp|Rocky Helmet|[from] move: Knock Off|[of] p2a: Tornadus
|move|p1a: Garchomp|Toxic|p2a: Tornadus
|-status|p2a: Tornadus|tox
|
|-weather|Sandstorm|[upkeep]
|-damage|p2a: Tornadus|59/100 tox|[from] Sandstorm
|-damage|p2a: Tornadus|53/100 tox|[from] psn
|upkeep
|turn|5
|
|t:|1668022179
|switch|p1a: Zapdos|Zapdos-Galar, shiny|100/100
|-damage|p1a: Zapdos|88/100|[from] Stealth Rock
|move|p2a: Tornadus|U-turn|p1a: Zapdos
|-resisted|p1a: Zapdos
|-damage|p1a: Zapdos|84/100
|
|t:|1668022182
|switch|p2a: Toxapex|Toxapex, M|100/100|[from]move: U-turn
|-damage|p2a: Toxapex|88/100|[from] Stealth Rock
|
|-weather|none
|upkeep
|turn|6
|
|t:|1668022186
|move|p1a: Zapdos|U-turn|p2a: Toxapex
|-resisted|p2a: Toxapex
|-damage|p2a: Toxapex|76/100
|
|t:|1668022190
|switch|p1a: Garchomp|Garchomp, M|86/100|[from]move: U-turn
|-damage|p1a: Garchomp|80/100|[from] Stealth Rock
|move|p2a: Toxapex|Scald|p1a: Garchomp
|-damage|p1a: Garchomp|64/100
|
|upkeep
|turn|7
|
|t:|1668022196
|switch|p1a: Regieleki|Regieleki, shiny|100/100
|-damage|p1a: Regieleki|88/100|[from] Stealth Rock
|move|p2a: Toxapex|Scald|p1a: Regieleki
|-damage|p1a: Regieleki|57/100
|
|upkeep
|turn|8
|
|t:|1668022202
|switch|p2a: Hippowdon|Hippowdon, F|94/100 tox
|-damage|p2a: Hippowdon|88/100 tox|[from] Stealth Rock
|-weather|Sandstorm|[from] ability: Sand Stream|[of] p2a: Hippowdon
|move|p1a: Regieleki|Rapid Spin|p2a: Hippowdon
|-damage|p2a: Hippowdon|81/100 tox
|-boost|p1a: Regieleki|spe|1
|-sideend|p1: Arcangel666|Stealth Rock|[from] move: Rapid Spin|[of] p1a: Regieleki
|
|-weather|Sandstorm|[upkeep]
|-damage|p1a: Regieleki|51/100|[from] Sandstorm
|-heal|p2a: Hippowdon|87/100 tox|[from] item: Leftovers
|-damage|p2a: Hippowdon|81/100 tox|[from] psn
|upkeep
|turn|9
|
|t:|1668022206
|switch|p1a: Rillaboom|Rillaboom, M, shiny|100/100
|-fieldstart|move: Grassy Terrain|[from] ability: Grassy Surge|[of] p1a: Rillaboom
|move|p2a: Hippowdon|Stealth Rock|p1a: Rillaboom
|-sidestart|p1: Arcangel666|move: Stealth Rock
|
|-weather|Sandstorm|[upkeep]
|-damage|p1a: Rillaboom|94/100|[from] Sandstorm
|-heal|p1a: Rillaboom|100/100|[from] Grassy Terrain
|-heal|p2a: Hippowdon|87/100 tox|[from] Grassy Terrain
|-heal|p2a: Hippowdon|94/100 tox|[from] item: Leftovers
|-damage|p2a: Hippowdon|81/100 tox|[from] psn
|upkeep
|turn|10
|
|t:|1668022212
|move|p1a: Rillaboom|Swords Dance|p1a: Rillaboom
|-boost|p1a: Rillaboom|atk|2
|move|p2a: Hippowdon|Toxic|p1a: Rillaboom
|-status|p1a: Rillaboom|tox
|
|-weather|Sandstorm|[upkeep]
|-damage|p1a: Rillaboom|94/100 tox|[from] Sandstorm
|-heal|p1a: Rillaboom|100/100 tox|[from] Grassy Terrain
|-heal|p2a: Hippowdon|87/100 tox|[from] Grassy Terrain
|-heal|p2a: Hippowdon|94/100 tox|[from] item: Leftovers
|-damage|p1a: Rillaboom|94/100 tox|[from] psn
|-damage|p2a: Hippowdon|75/100 tox|[from] psn
|upkeep
|turn|11
|
|t:|1668022214
|switch|p2a: Corviknight|Corviknight, M|100/100
|-damage|p2a: Corviknight|88/100|[from] Stealth Rock
|-ability|p2a: Corviknight|Pressure
|move|p1a: Rillaboom|Swords Dance|p1a: Rillaboom
|-boost|p1a: Rillaboom|atk|2
|
|-weather|Sandstorm|[upkeep]
|-damage|p1a: Rillaboom|88/100 tox|[from] Sandstorm
|-heal|p1a: Rillaboom|94/100 tox|[from] Grassy Terrain
|-heal|p2a: Corviknight|94/100|[from] item: Leftovers
|-damage|p1a: Rillaboom|82/100 tox|[from] psn
|upkeep
|turn|12
|
|t:|1668022217
|move|p1a: Rillaboom|Superpower|p2a: Corviknight
|-damage|p2a: Corviknight|0 fnt
|-unboost|p1a: Rillaboom|atk|1
|-unboost|p1a: Rillaboom|def|1
|faint|p2a: Corviknight
|-damage|p1a: Rillaboom|72/100 tox|[from] item: Life Orb
|
|-weather|none
|-heal|p1a: Rillaboom|78/100 tox|[from] Grassy Terrain
|-damage|p1a: Rillaboom|60/100 tox|[from] psn
|upkeep
|
|t:|1668022221
|switch|p2a: Toxapex|Toxapex, M|100/100
|-damage|p2a: Toxapex|88/100|[from] Stealth Rock
|turn|13
|
|t:|1668022223
|move|p1a: Rillaboom|Grassy Glide|p2a: Toxapex
|-damage|p2a: Toxapex|0 fnt
|faint|p2a: Toxapex
|-damage|p1a: Rillaboom|50/100 tox|[from] item: Life Orb
|
|-heal|p1a: Rillaboom|56/100 tox|[from] Grassy Terrain
|-damage|p1a: Rillaboom|31/100 tox|[from] psn
|-fieldend|move: Grassy Terrain
|upkeep
|
|t:|1668022229
|switch|p2a: Tornadus|Tornadus-Therian, M|86/100 tox
|-damage|p2a: Tornadus|61/100 tox|[from] Stealth Rock
|turn|14
|
|t:|1668022237
|switch|p1a: Melmetal|Melmetal, shiny|100/100
|-damage|p1a: Melmetal|94/100|[from] Stealth Rock
|move|p2a: Tornadus|U-turn|p1a: Melmetal
|-resisted|p1a: Melmetal
|-damage|p1a: Melmetal|90/100
|
|t:|1668022240
|switch|p2a: Heatran|Heatran, M|100/100|[from]move: U-turn
|-damage|p2a: Heatran|88/100|[from] Stealth Rock
|
|-heal|p2a: Heatran|94/100|[from] item: Leftovers
|upkeep
|turn|15
|
|t:|1668022244
|move|p2a: Heatran|Magma Storm|p1a: Melmetal
|-supereffective|p1a: Melmetal
|-damage|p1a: Melmetal|36/100
|-activate|p1a: Melmetal|move: Magma Storm|[of] p2a: Heatran
|move|p1a: Melmetal|Earthquake|p2a: Heatran
|-supereffective|p2a: Heatran
|-damage|p2a: Heatran|0 fnt
|faint|p2a: Heatran
|
|-end|p1a: Melmetal|Magma Storm|[partiallytrapped]|[silent]
|upkeep
|
|t:|1668022246
|switch|p2a: Tornadus|Tornadus-Therian, M|94/100 tox
|-damage|p2a: Tornadus|69/100 tox|[from] Stealth Rock
|turn|16
|
|t:|1668022249
|move|p2a: Tornadus|Heat Wave|p1a: Melmetal|[miss]
|-miss|p2a: Tornadus|p1a: Melmetal
|move|p1a: Melmetal|Double Iron Bash|p2a: Tornadus
|-damage|p2a: Tornadus|7/100 tox
|-damage|p2a: Tornadus|0 fnt
|faint|p2a: Tornadus
|-hitcount|p2: Tornadus|2
|
|upkeep
|-message|Stads forfeited.
|
|win|Arcangel666
|raw|Arcangel666's rating: 1777 &rarr; <strong>1794</strong><br />(+17 for winning)
|raw|Stads's rating: 1722 &rarr; <strong>1705</strong><br />(-17 for losing)
|l|☆Stads
|l|☆Arcangel666
||Ladder isn't responding, score probably updated but might not have (Request timeout).
