|raw|<div class="broadcast-blue"><strong>This battle is required to be public due to a player having a name starting with 'lt83aq'.</div>
|j|☆lt8&3a$q*cu#z~zi!e
|j|☆JoJo321
|t:|1626728457
|gametype|singles
|player|p1|lt8&3a$q*cu#z~zi!e|lusamine-nihilego|1867
|player|p2|JoJo321|rood|1734
|teamsize|p1|6
|teamsize|p2|6
|gen|8
|tier|[Gen 8] OU
|rated|
|rule|Sleep Clause Mod: Limit one foe put to sleep
|rule|Species Clause: Limit one of each Pokémon
|rule|OHKO Clause: OHKO moves are banned
|rule|Evasion Moves Clause: Evasion moves are banned
|rule|Endless Battle Clause: Forcing endless battles is banned
|rule|HP Percentage Mod: HP is shown in percentages
|rule|Dynamax Clause: You cannot dynamax
|clearpoke
|poke|p1|Landorus-Therian, M|
|poke|p1|Cloyster, F|
|poke|p1|Tapu Fini|
|poke|p1|Ferrothorn, M|
|poke|p1|Dragapult, M|
|poke|p1|Bisharp, F|
|poke|p2|Pelipper, M|
|poke|p2|Ferrothorn, F|
|poke|p2|Barraskewda, M|
|poke|p2|Urshifu-*, M|
|poke|p2|Scizor, M|
|poke|p2|Toxtricity, F|
|teampreview
|inactive|Battle timer is ON: inactive players will automatically lose when time's up. (requested by lt8&3a$q*cu#z~zi!e)
|
|t:|1626728477
|start
|switch|p1a: Dragapult|Dragapult, M|100/100
|switch|p2a: Pelipper|Pelipper, M|100/100
|-weather|RainDance|[from] ability: Drizzle|[of] p2a: Pelipper
|turn|1
|
|t:|1626728484
|move|p1a: Dragapult|Shadow Ball|p2a: Pelipper
|-damage|p2a: Pelipper|29/100
|-unboost|p2a: Pelipper|spd|1
|move|p2a: Pelipper|U-turn|p1a: Dragapult
|-resisted|p1a: Dragapult
|-damage|p1a: Dragapult|95/100
|
|t:|1626728489
|switch|p2a: Scizor|Scizor, M|100/100|[from]move: U-turn
|
|-weather|RainDance|[upkeep]
|upkeep
|turn|2
|
|t:|1626728494
|switch|p1a: Landorus|Landorus-Therian, M|100/100
|-ability|p1a: Landorus|Intimidate|boost
|-unboost|p2a: Scizor|atk|1
|move|p2a: Scizor|U-turn|p1a: Landorus
|-resisted|p1a: Landorus
|-damage|p1a: Landorus|86/100
|
|t:|1626728497
|switch|p2a: Barraskewda|Barraskewda, M|100/100|[from]move: U-turn
|
|-weather|RainDance|[upkeep]
|-heal|p1a: Landorus|92/100|[from] item: Leftovers
|upkeep
|turn|3
|
|t:|1626728500
|switch|p1a: Ferrothorn|Ferrothorn, M|100/100
|move|p2a: Barraskewda|Flip Turn|p1a: Ferrothorn
|-resisted|p1a: Ferrothorn
|-damage|p1a: Ferrothorn|75/100
|-damage|p2a: Barraskewda|88/100|[from] ability: Iron Barbs|[of] p1a: Ferrothorn
|-damage|p2a: Barraskewda|72/100|[from] item: Rocky Helmet|[of] p1a: Ferrothorn
|
|t:|1626728503
|switch|p2a: Urshifu|Urshifu-Rapid-Strike, M|100/100|[from]move: Flip Turn
|
|-weather|RainDance|[upkeep]
|upkeep
|turn|4
|j| platinum rays
|l| platinum rays
|
|t:|1626728526
|switch|p1a: Cloyster|Cloyster, F|100/100
|move|p2a: Urshifu|U-turn|p1a: Cloyster
|-damage|p1a: Cloyster|68/100
|j| Mikirae
|j| meme0267
|inactive|JoJo321 has 120 seconds left.
|inactive|JoJo321 has 90 seconds left.
|inactive|JoJo321 has 60 seconds left.
|inactive|JoJo321 has 30 seconds left.
|
|t:|1626728649
|switch|p2a: Scizor|Scizor, M|100/100|[from]move: U-turn
|
|-weather|RainDance|[upkeep]
|upkeep
|turn|5
|inactive|lt8&3a$q*cu#z~zi!e has 120 seconds left.
|
|t:|1626728680
|move|p1a: Cloyster|Rock Blast|p2a: Scizor
|-damage|p2a: Scizor|92/100
|-damage|p2a: Scizor|82/100
|-damage|p2a: Scizor|73/100
|-damage|p2a: Scizor|64/100
|-damage|p2a: Scizor|55/100
|-hitcount|p2a: Scizor|5
|move|p2a: Scizor|U-turn|p1a: Cloyster
|-damage|p1a: Cloyster|17/100
|
|t:|1626728689
|switch|p2a: Barraskewda|Barraskewda, M|72/100|[from]move: U-turn
|
|-weather|RainDance|[upkeep]
|upkeep
|turn|6
|
|t:|1626728695
|switch|p1a: Ferrothorn|Ferrothorn, M|75/100
|move|p2a: Barraskewda|Close Combat|p1a: Ferrothorn
|-supereffective|p1a: Ferrothorn
|-damage|p1a: Ferrothorn|0 fnt
|-unboost|p2a: Barraskewda|def|1
|-unboost|p2a: Barraskewda|spd|1
|-damage|p2a: Barraskewda|60/100|[from] ability: Iron Barbs|[of] p1a: Ferrothorn
|-damage|p2a: Barraskewda|43/100|[from] item: Rocky Helmet|[of] p1a: Ferrothorn
|faint|p1a: Ferrothorn
|
|-weather|RainDance|[upkeep]
|upkeep
|
|t:|1626728698
|switch|p1a: Dragapult|Dragapult, M|95/100
|turn|7
|
|t:|1626728713
|switch|p2a: Ferrothorn|Ferrothorn, F|100/100
|move|p1a: Dragapult|Shadow Ball|p2a: Ferrothorn
|-damage|p2a: Ferrothorn|58/100
|
|-weather|RainDance|[upkeep]
|upkeep
|turn|8
|
|t:|1626728716
|switch|p1a: Landorus|Landorus-Therian, M|92/100
|-ability|p1a: Landorus|Intimidate|boost
|-unboost|p2a: Ferrothorn|atk|1
|move|p2a: Ferrothorn|Gyro Ball|p1a: Landorus
|-damage|p1a: Landorus|66/100
|
|-weather|none
|-heal|p1a: Landorus|72/100|[from] item: Leftovers
|upkeep
|turn|9
|
|t:|1626728721
|move|p1a: Landorus|Stealth Rock|p2a: Ferrothorn
|-sidestart|p2: JoJo321|move: Stealth Rock
|move|p2a: Ferrothorn|Stealth Rock|p1a: Landorus
|-sidestart|p1: lt8&3a$q*cu#z~zi!e|move: Stealth Rock
|
|-heal|p1a: Landorus|78/100|[from] item: Leftovers
|upkeep
|turn|10
|
|t:|1626728727
|move|p1a: Landorus|Earthquake|p2a: Ferrothorn
|-damage|p2a: Ferrothorn|30/100
|move|p2a: Ferrothorn|Spikes|p1a: Landorus
|-sidestart|p1: lt8&3a$q*cu#z~zi!e|Spikes
|
|-heal|p1a: Landorus|84/100|[from] item: Leftovers
|upkeep
|turn|11
|
|t:|1626728731
|move|p1a: Landorus|Earthquake|p2a: Ferrothorn
|-damage|p2a: Ferrothorn|2/100
|move|p2a: Ferrothorn|Spikes|p1a: Landorus
|-sidestart|p1: lt8&3a$q*cu#z~zi!e|Spikes
|
|-heal|p1a: Landorus|90/100|[from] item: Leftovers
|upkeep
|turn|12
|
|t:|1626728736
|move|p1a: Landorus|Earthquake|p2a: Ferrothorn
|-crit|p2a: Ferrothorn
|-damage|p2a: Ferrothorn|0 fnt
|faint|p2a: Ferrothorn
|
|-heal|p1a: Landorus|96/100|[from] item: Leftovers
|upkeep
|
|t:|1626728740
|switch|p2a: Barraskewda|Barraskewda, M|43/100
|-damage|p2a: Barraskewda|31/100|[from] Stealth Rock
|turn|13
|
|t:|1626728744
|switch|p1a: Cloyster|Cloyster, F|17/100
|-damage|p1a: Cloyster|0 fnt|[from] Stealth Rock
|faint|p1a: Cloyster
|move|p2a: Barraskewda|Liquidation|p1: Cloyster|[notarget]
|-fail|p2a: Barraskewda
|
|upkeep
|
|t:|1626728749
|switch|p1a: Tapu Fini|Tapu Fini|100/100
|-damage|p1a: Tapu Fini|84/100|[from] Spikes
|-damage|p1a: Tapu Fini|72/100|[from] Stealth Rock
|-fieldstart|move: Misty Terrain|[from] ability: Misty Surge|[of] p1a: Tapu Fini
|turn|14
|
|t:|1626728756
|switch|p2a: Toxtricity|Toxtricity, F|100/100
|-damage|p2a: Toxtricity|88/100|[from] Stealth Rock
|move|p1a: Tapu Fini|Surf|p2a: Toxtricity
|-damage|p2a: Toxtricity|37/100
|
|upkeep
|turn|15
|inactive|JoJo321 has 120 seconds left.
|
|t:|1626728777
|switch|p2a: Pelipper|Pelipper, M|29/100
|-damage|p2a: Pelipper|4/100|[from] Stealth Rock
|-weather|RainDance|[from] ability: Drizzle|[of] p2a: Pelipper
|move|p1a: Tapu Fini|Surf|p2a: Pelipper
|-resisted|p2a: Pelipper
|-damage|p2a: Pelipper|0 fnt
|faint|p2a: Pelipper
|
|-weather|RainDance|[upkeep]
|upkeep
|inactive|JoJo321 has 120 seconds left.
|
|t:|1626728784
|switch|p2a: Urshifu|Urshifu-Rapid-Strike, M|100/100
|-damage|p2a: Urshifu|94/100|[from] Stealth Rock
|turn|16
|
|t:|1626728801
|move|p1a: Tapu Fini|Surf|p2a: Urshifu
|-resisted|p2a: Urshifu
|-damage|p2a: Urshifu|51/100
|move|p2a: Urshifu|Surging Strikes|p1a: Tapu Fini
|-resisted|p1a: Tapu Fini
|-crit|p1a: Tapu Fini
|-damage|p1a: Tapu Fini|46/100
|-resisted|p1a: Tapu Fini
|-crit|p1a: Tapu Fini
|-damage|p1a: Tapu Fini|23/100
|-resisted|p1a: Tapu Fini
|-crit|p1a: Tapu Fini
|-damage|p1a: Tapu Fini|0 fnt
|faint|p1a: Tapu Fini
|-hitcount|p1: Tapu Fini|3
|
|-weather|RainDance|[upkeep]
|upkeep
|
|t:|1626728810
|switch|p1a: Dragapult|Dragapult, M|95/100
|-damage|p1a: Dragapult|83/100|[from] Stealth Rock
|-damage|p1a: Dragapult|66/100|[from] Spikes
|turn|17
|
|t:|1626728822
|switch|p2a: Toxtricity|Toxtricity, F|37/100
|-damage|p2a: Toxtricity|24/100|[from] Stealth Rock
|move|p1a: Dragapult|Shadow Ball|p2a: Toxtricity
|-damage|p2a: Toxtricity|0 fnt
|faint|p2a: Toxtricity
|
|-weather|RainDance|[upkeep]
|upkeep
|
|t:|1626728825
|switch|p2a: Barraskewda|Barraskewda, M|31/100
|-damage|p2a: Barraskewda|19/100|[from] Stealth Rock
|turn|18
|
|t:|1626728833
|switch|p1a: Landorus|Landorus-Therian, M|96/100
|-damage|p1a: Landorus|83/100|[from] Stealth Rock
|-ability|p1a: Landorus|Intimidate|boost
|-unboost|p2a: Barraskewda|atk|1
|move|p2a: Barraskewda|Liquidation|p1a: Landorus
|-supereffective|p1a: Landorus
|-damage|p1a: Landorus|0 fnt
|faint|p1a: Landorus
|
|-weather|RainDance|[upkeep]
|-fieldend|Misty Terrain
|upkeep
|
|t:|1626728839
|switch|p1a: Bisharp|Bisharp, F|100/100
|-damage|p1a: Bisharp|95/100|[from] Stealth Rock
|-damage|p1a: Bisharp|78/100|[from] Spikes
|turn|19
|
|t:|1626728848
|move|p1a: Bisharp|Sucker Punch|p2a: Barraskewda
|-damage|p2a: Barraskewda|0 fnt
|faint|p2a: Barraskewda
|
|-weather|RainDance|[upkeep]
|upkeep
|
|t:|1626728849
|switch|p2a: Urshifu|Urshifu-Rapid-Strike, M|51/100
|-damage|p2a: Urshifu|45/100|[from] Stealth Rock
|turn|20
|
|t:|1626728854
|move|p1a: Bisharp|Sucker Punch|p2a: Urshifu
|-resisted|p2a: Urshifu
|-damage|p2a: Urshifu|24/100
|move|p2a: Urshifu|Surging Strikes|p1a: Bisharp
|-crit|p1a: Bisharp
|-damage|p1a: Bisharp|24/100
|-crit|p1a: Bisharp
|-damage|p1a: Bisharp|0 fnt
|faint|p1a: Bisharp
|-hitcount|p1: Bisharp|2
|
|-weather|RainDance|[upkeep]
|upkeep
|j| LT83AQ free rent
|
|t:|1626728859
|switch|p1a: Dragapult|Dragapult, M|66/100
|-damage|p1a: Dragapult|50/100|[from] Spikes
|-damage|p1a: Dragapult|37/100|[from] Stealth Rock
|turn|21
|
|t:|1626728861
|move|p1a: Dragapult|Flamethrower|p2a: Urshifu
|-resisted|p2a: Urshifu
|-damage|p2a: Urshifu|10/100
|move|p2a: Urshifu|Surging Strikes|p1a: Dragapult
|-resisted|p1a: Dragapult
|-crit|p1a: Dragapult
|-damage|p1a: Dragapult|10/100
|-resisted|p1a: Dragapult
|-crit|p1a: Dragapult
|-damage|p1a: Dragapult|0 fnt
|faint|p1a: Dragapult
|-hitcount|p1: Dragapult|2
|
|win|JoJo321
|raw|lt8&amp;3a$q*cu#z~zi!e's rating: 1867 &rarr; <strong>1840</strong><br />(-27 for losing)
|raw|JoJo321's rating: 1748 &rarr; <strong>1775</strong><br />(+27 for winning)
|c|☆lt8&3a$q*cu#z~zi!e|damnit
|l|☆JoJo321
|c|☆lt8&3a$q*cu#z~zi!e|what am i doing
|c|☆lt8&3a$q*cu#z~zi!e|lol
|c|☆lt8&3a$q*cu#z~zi!e|gg
|l|☆lt8&3a$q*cu#z~zi!e
|l| meme0267
||Ladder isn't responding, score probably updated but might not have (Request timeout).
|l| LT83AQ free rent
