|j|☆Composure
|j|☆ThedebatableReaper
|t:|1605287978
|player|p1|Composure|colress|1849
|player|p2|ThedebatableReaper|steven|1872
|teamsize|p1|6
|teamsize|p2|6
|gametype|singles
|gen|8
|tier|[Gen 8] OU
|rated|
|clearpoke
|poke|p1|Spectrier|
|poke|p1|Shuckle, M|
|poke|p1|Urshifu-*, M|
|poke|p1|Landorus-Therian, M|
|poke|p1|Scizor, M|
|poke|p1|Kyurem-Black|
|poke|p2|Latios, M|
|poke|p2|Urshifu-*, M|
|poke|p2|Heatran, M|
|poke|p2|Tapu Fini|
|poke|p2|Zapdos-Galar|
|poke|p2|Nidoking, M|
|rule|Sleep Clause Mod: Limit one foe put to sleep
|rule|Species Clause: Limit one of each Pokémon
|rule|OHKO Clause: OHKO moves are banned
|rule|Evasion Moves Clause: Evasion moves are banned
|rule|Endless Battle Clause: Forcing endless battles is banned
|rule|HP Percentage Mod: HP is shown in percentages
|rule|Dynamax Clause: You cannot dynamax
|teampreview
|j| znpp
|
|t:|1605287988
|start
|switch|p1a: ツ|Shuckle, M|100/100
|switch|p2a: Nidoking|Nidoking, M|100/100
|turn|1
|
|t:|1605287993
|move|p2a: Nidoking|Substitute|p2a: Nidoking
|-start|p2a: Nidoking|Substitute
|-damage|p2a: Nidoking|76/100
|move|p1a: ツ|Sticky Web|p2a: Nidoking
|-sidestart|p2: ThedebatableReaper|move: Sticky Web
|
|upkeep
|turn|2
|
|t:|1605287998
|move|p2a: Nidoking|Earth Power|p1a: ツ
|-crit|p1a: ツ
|-damage|p1a: ツ|51/100
|move|p1a: ツ|Stealth Rock|p2a: Nidoking
|-sidestart|p2: ThedebatableReaper|move: Stealth Rock
|
|upkeep
|turn|3
|
|t:|1605288013
|move|p2a: Nidoking|Earth Power|p1a: ツ
|-damage|p1a: ツ|14/100
|move|p1a: ツ|Final Gambit|p2a: Nidoking
|-activate|p2a: Nidoking|move: Substitute|[damage]
|faint|p1a: ツ
|
|upkeep
|
|t:|1605288017
|switch|p1a: FE Final Boss|Kyurem-Black|100/100
|-ability|p1a: FE Final Boss|Teravolt
|turn|4
|
|t:|1605288024
|switch|p2a: Tapu Fini|Tapu Fini, shiny|100/100
|-damage|p2a: Tapu Fini|88/100|[from] Stealth Rock
|-activate|p2a: Tapu Fini|move: Sticky Web
|-unboost|p2a: Tapu Fini|spe|1
|-fieldstart|move: Misty Terrain|[from] ability: Misty Surge|[of] p2a: Tapu Fini
|move|p1a: FE Final Boss|Icicle Spear|p2a: Tapu Fini
|-resisted|p2a: Tapu Fini
|-damage|p2a: Tapu Fini|81/100
|-resisted|p2a: Tapu Fini
|-damage|p2a: Tapu Fini|73/100
|-resisted|p2a: Tapu Fini
|-damage|p2a: Tapu Fini|65/100
|-hitcount|p2a: Tapu Fini|3
|
|-heal|p2a: Tapu Fini|71/100|[from] item: Leftovers
|upkeep
|turn|5
|
|t:|1605288037
|switch|p1a: Scissor Sisters|Scizor, M|100/100
|move|p2a: Tapu Fini|Defog|p1a: Scissor Sisters
|-unboost|p1a: Scissor Sisters|evasion|1
|-sideend|p2: ThedebatableReaper|Stealth Rock|[from] move: Defog|[of] p2a: Tapu Fini
|-sideend|p2: ThedebatableReaper|Sticky Web|[from] move: Defog|[of] p2a: Tapu Fini
|-fieldend|Misty Terrain
|
|-heal|p2a: Tapu Fini|77/100|[from] item: Leftovers
|upkeep
|turn|6
|
|t:|1605288050
|switch|p1a: LAAAAANDORUS|Landorus-Therian, M|100/100
|-ability|p1a: LAAAAANDORUS|Intimidate|boost
|-unboost|p2a: Tapu Fini|atk|1
|switch|p2a: Urshifu|Urshifu, M|100/100
|
|upkeep
|turn|7
|j| kjlnkn
|
|t:|1605288058
|move|p2a: Urshifu|Wicked Blow|p1a: LAAAAANDORUS
|-crit|p1a: LAAAAANDORUS
|-damage|p1a: LAAAAANDORUS|3/100
|-damage|p2a: Urshifu|91/100|[from] item: Life Orb
|move|p1a: LAAAAANDORUS|Earthquake|p2a: Urshifu
|-damage|p2a: Urshifu|24/100
|
|upkeep
|turn|8
|
|t:|1605288066
|move|p2a: Urshifu|Wicked Blow|p1a: LAAAAANDORUS
|-crit|p1a: LAAAAANDORUS
|-damage|p1a: LAAAAANDORUS|0 fnt
|-damage|p2a: Urshifu|14/100|[from] item: Life Orb
|faint|p1a: LAAAAANDORUS
|
|upkeep
|
|t:|1605288069
|switch|p1a: Akuma|Urshifu, M, shiny|100/100
|turn|9
|j| MamaMiasme
|
|t:|1605288075
|switch|p2a: Tapu Fini|Tapu Fini, shiny|77/100
|-fieldstart|move: Misty Terrain|[from] ability: Misty Surge|[of] p2a: Tapu Fini
|move|p1a: Akuma|Wicked Blow|p2a: Tapu Fini
|-resisted|p2a: Tapu Fini
|-crit|p2a: Tapu Fini
|-damage|p2a: Tapu Fini|47/100
|
|-heal|p2a: Tapu Fini|53/100|[from] item: Leftovers
|upkeep
|turn|10
|
|t:|1605288084
|move|p1a: Akuma|Bulk Up|p1a: Akuma
|-boost|p1a: Akuma|atk|1
|-boost|p1a: Akuma|def|1
|move|p2a: Tapu Fini|Surf|p1a: Akuma
|-damage|p1a: Akuma|54/100
|
|-heal|p2a: Tapu Fini|59/100|[from] item: Leftovers
|upkeep
|turn|11
|
|t:|1605288092
|move|p1a: Akuma|Wicked Blow|p2a: Tapu Fini
|-resisted|p2a: Tapu Fini
|-crit|p2a: Tapu Fini
|-damage|p2a: Tapu Fini|18/100
|move|p2a: Tapu Fini|Draining Kiss|p1a: Akuma
|-supereffective|p1a: Akuma
|-damage|p1a: Akuma|0 fnt
|-heal|p2a: Tapu Fini|57/100|[from] drain|[of] p1a: Akuma
|faint|p1a: Akuma
|
|-heal|p2a: Tapu Fini|64/100|[from] item: Leftovers
|upkeep
|j| irgendwasmitmeeem
|
|t:|1605288103
|switch|p1a: FE Final Boss|Kyurem-Black|100/100
|-ability|p1a: FE Final Boss|Teravolt
|turn|12
|
|t:|1605288108
|move|p1a: FE Final Boss|Icicle Spear|p2a: Tapu Fini
|-resisted|p2a: Tapu Fini
|-damage|p2a: Tapu Fini|56/100
|-resisted|p2a: Tapu Fini
|-damage|p2a: Tapu Fini|47/100
|-resisted|p2a: Tapu Fini
|-damage|p2a: Tapu Fini|38/100
|-resisted|p2a: Tapu Fini
|-damage|p2a: Tapu Fini|30/100
|-resisted|p2a: Tapu Fini
|-damage|p2a: Tapu Fini|22/100
|-hitcount|p2a: Tapu Fini|5
|move|p2a: Tapu Fini|Draining Kiss|p1a: FE Final Boss
|-supereffective|p1a: FE Final Boss
|-damage|p1a: FE Final Boss|70/100
|-heal|p2a: Tapu Fini|49/100|[from] drain|[of] p1a: FE Final Boss
|
|-heal|p2a: Tapu Fini|55/100|[from] item: Leftovers
|upkeep
|turn|13
|
|t:|1605288122
|switch|p1a: Scissor Sisters|Scizor, M|100/100
|move|p2a: Tapu Fini|Draining Kiss|p1a: Scissor Sisters
|-resisted|p1a: Scissor Sisters
|-damage|p1a: Scissor Sisters|91/100
|-heal|p2a: Tapu Fini|62/100|[from] drain|[of] p1a: Scissor Sisters
|
|-heal|p2a: Tapu Fini|68/100|[from] item: Leftovers
|-heal|p1a: Scissor Sisters|97/100|[from] item: Leftovers
|-fieldend|Misty Terrain
|upkeep
|turn|14
|
|t:|1605288133
|switch|p2a: Heatran|Heatran, M|100/100
|move|p1a: Scissor Sisters|Swords Dance|p1a: Scissor Sisters
|-boost|p1a: Scissor Sisters|atk|2
|
|-heal|p1a: Scissor Sisters|100/100|[from] item: Leftovers
|upkeep
|turn|15
|l| MamaMiasme
|
|t:|1605288141
|move|p2a: Heatran|Magma Storm|p1a: Scissor Sisters
|-supereffective|p1a: Scissor Sisters
|-damage|p1a: Scissor Sisters|0 fnt
|faint|p1a: Scissor Sisters
|
|upkeep
|-message|Composure forfeited.
|
|win|ThedebatableReaper
|l|☆Composure
|l| znpp
|l|☆ThedebatableReaper
||Ladder (probably) updated, but score could not be retrieved (Request timeout).
