|raw|<div class="broadcast-blue"><strong>This battle is required to be public due to a player having a name starting with 'lt94je'.</div>
|j|☆LT94JE 33321
|j|☆GGeorgie◕‿◕
|t:|1661374840
|gametype|singles
|player|p1|LT94JE 33321|az|1756
|player|p2|GGeorgie◕‿◕|hiker-gen2|1711
|teamsize|p1|6
|teamsize|p2|6
|gen|8
|tier|[Gen 8] OU
|rated|
|rule|Sleep Clause Mod: Limit one foe put to sleep
|rule|Species Clause: Limit one of each Pokémon
|rule|OHKO Clause: OHKO moves are banned
|rule|Evasion Items Clause: Evasion items are banned
|rule|Evasion Moves Clause: Evasion moves are banned
|rule|Endless Battle Clause: Forcing endless battles is banned
|rule|HP Percentage Mod: HP is shown in percentages
|rule|Dynamax Clause: You cannot dynamax
|clearpoke
|poke|p1|Shedinja|
|poke|p1|Xatu, F|
|poke|p1|Corviknight, F|
|poke|p1|Landorus-Therian, M|
|poke|p1|Ditto|
|poke|p1|Blissey, F|
|poke|p2|Zapdos|
|poke|p2|Tyranitar, M|
|poke|p2|Landorus-Therian, M|
|poke|p2|Excadrill, F|
|poke|p2|Clefable, M|
|poke|p2|Ferrothorn, M|
|teampreview
|inactive|Battle timer is ON: inactive players will automatically lose when time's up. (requested by GGeorgie◕‿◕)
|
|t:|1661374853
|start
|switch|p1a: Ditto|Ditto|100/100
|switch|p2a: Ferrothorn|Ferrothorn, M, shiny|100/100
|-transform|p1a: Ditto|p2a: Ferrothorn|[from] ability: Imposter
|turn|1
|
|t:|1661374866
|move|p1a: Ditto|Knock Off|p2a: Ferrothorn
|-damage|p2a: Ferrothorn|86/100
|-damage|p1a: Ditto|88/100|[from] ability: Iron Barbs|[of] p2a: Ferrothorn
|-damage|p1a: Ditto|72/100|[from] item: Rocky Helmet|[of] p2a: Ferrothorn
|-enditem|p2a: Ferrothorn|Rocky Helmet|[from] move: Knock Off|[of] p1a: Ditto
|move|p2a: Ferrothorn|Knock Off|p1a: Ditto
|-damage|p1a: Ditto|56/100
|-damage|p2a: Ferrothorn|74/100|[from] ability: Iron Barbs|[of] p1a: Ditto
|-enditem|p1a: Ditto|Choice Scarf|[from] move: Knock Off|[of] p2a: Ferrothorn
|
|upkeep
|turn|2
|
|t:|1661374871
|switch|p1a: Corviknight|Corviknight, F|100/100
|-ability|p1a: Corviknight|Pressure
|move|p2a: Ferrothorn|Knock Off|p1a: Corviknight
|-damage|p1a: Corviknight|87/100
|-damage|p2a: Ferrothorn|57/100|[from] item: Rocky Helmet|[of] p1a: Corviknight
|-enditem|p1a: Corviknight|Rocky Helmet|[from] move: Knock Off|[of] p2a: Ferrothorn
|
|upkeep
|turn|3
|
|t:|1661374880
|move|p1a: Corviknight|Body Press|p2a: Ferrothorn
|-supereffective|p2a: Ferrothorn
|-damage|p2a: Ferrothorn|26/100
|-damage|p1a: Corviknight|74/100|[from] ability: Iron Barbs|[of] p2a: Ferrothorn
|move|p2a: Ferrothorn|Leech Seed|p1a: Corviknight
|-start|p1a: Corviknight|move: Leech Seed
|
|-damage|p1a: Corviknight|62/100|[from] Leech Seed|[of] p2a: Ferrothorn
|-heal|p2a: Ferrothorn|40/100|[silent]
|upkeep
|turn|4
|
|t:|1661374885
|switch|p1a: Xatu|Xatu, F|100/100
|move|p2a: Ferrothorn|Spikes|p1a: Xatu
|move|p1a: Xatu|Spikes|p2a: Ferrothorn|[from]ability: Magic Bounce
|-sidestart|p2: GGeorgie◕‿◕|Spikes
|
|upkeep
|turn|5
|
|t:|1661374891
|switch|p2a: Zapdos|Zapdos|100/100
|move|p1a: Xatu|Night Shade|p2a: Zapdos
|-damage|p2a: Zapdos|69/100
|
|upkeep
|turn|6
|
|t:|1661374896
|switch|p1a: Blissey|Blissey, F|100/100
|move|p2a: Zapdos|Hurricane|p1a: Blissey
|-damage|p1a: Blissey|67/100
|-start|p1a: Blissey|confusion
|
|upkeep
|turn|7
|
|t:|1661374901
|switch|p2a: Excadrill|Excadrill, F|100/100
|-damage|p2a: Excadrill|88/100|[from] Spikes
|-activate|p1a: Blissey|confusion
|move|p1a: Blissey|Stealth Rock|p2a: Excadrill
|-sidestart|p2: GGeorgie◕‿◕|move: Stealth Rock
|
|-heal|p2a: Excadrill|94/100|[from] item: Leftovers
|upkeep
|turn|8
|
|t:|1661374908
|switch|p1a: Shedinja|Shedinja|100/100
|move|p2a: Excadrill|Rapid Spin|p1a: Shedinja
|-immune|p1a: Shedinja|[from] ability: Wonder Guard
|
|-heal|p2a: Excadrill|99/100|[from] item: Leftovers
|upkeep
|turn|9
|
|t:|1661374913
|switch|p2a: Ferrothorn|Ferrothorn, M, shiny|40/100
|-damage|p2a: Ferrothorn|27/100|[from] Spikes
|-damage|p2a: Ferrothorn|21/100|[from] Stealth Rock
|move|p1a: Shedinja|Will-O-Wisp|p2a: Ferrothorn
|-status|p2a: Ferrothorn|brn
|
|-damage|p2a: Ferrothorn|15/100 brn|[from] brn
|upkeep
|turn|10
|
|t:|1661374920
|switch|p1a: Xatu|Xatu, F|100/100
|move|p2a: Ferrothorn|Knock Off|p1a: Xatu
|-supereffective|p1a: Xatu
|-damage|p1a: Xatu|70/100
|-enditem|p1a: Xatu|Leftovers|[from] move: Knock Off|[of] p2a: Ferrothorn
|
|-damage|p2a: Ferrothorn|9/100 brn|[from] brn
|upkeep
|turn|11
|
|t:|1661374926
|move|p1a: Xatu|Night Shade|p2a: Ferrothorn
|-damage|p2a: Ferrothorn|0 fnt
|faint|p2a: Ferrothorn
|
|upkeep
|
|t:|1661374928
|switch|p2a: Tyranitar|Tyranitar, M, shiny|100/100
|-damage|p2a: Tyranitar|88/100|[from] Spikes
|-damage|p2a: Tyranitar|76/100|[from] Stealth Rock
|-weather|Sandstorm|[from] ability: Sand Stream|[of] p2a: Tyranitar
|turn|12
|
|t:|1661374931
|move|p1a: Xatu|Protect|p1a: Xatu
|-singleturn|p1a: Xatu|Protect
|move|p2a: Tyranitar|Stealth Rock|p1a: Xatu
|move|p1a: Xatu|Stealth Rock||[from]ability: Magic Bounce|[still]
|-fail|p1a: Xatu
|
|-weather|Sandstorm|[upkeep]
|-damage|p1a: Xatu|64/100|[from] Sandstorm
|upkeep
|turn|13
|
|t:|1661374938
|move|p2a: Tyranitar|Stone Edge|p1a: Xatu|[miss]
|-miss|p2a: Tyranitar|p1a: Xatu
|move|p1a: Xatu|Roost|p1a: Xatu
|-heal|p1a: Xatu|100/100
|-singleturn|p1a: Xatu|move: Roost
|
|-weather|Sandstorm|[upkeep]
|-damage|p1a: Xatu|95/100|[from] Sandstorm
|upkeep
|turn|14
|
|t:|1661374944
|switch|p1a: Landorus|Landorus-Therian, M|100/100
|-ability|p1a: Landorus|Intimidate|boost
|-unboost|p2a: Tyranitar|atk|1
|move|p2a: Tyranitar|Stealth Rock|p1a: Landorus
|-sidestart|p1: LT94JE 33321|move: Stealth Rock
|
|-weather|Sandstorm|[upkeep]
|upkeep
|turn|15
|
|t:|1661374949
|move|p2a: Tyranitar|Taunt|p1a: Landorus
|-start|p1a: Landorus|move: Taunt
|cant|p1a: Landorus|move: Taunt|Defog
|
|-weather|Sandstorm|[upkeep]
|upkeep
|turn|16
|
|t:|1661374953
|switch|p2a: Landorus|Landorus-Therian, M|100/100
|-damage|p2a: Landorus|88/100|[from] Stealth Rock
|-ability|p2a: Landorus|Intimidate|boost
|-unboost|p1a: Landorus|atk|1
|move|p1a: Landorus|Knock Off|p2a: Landorus
|-damage|p2a: Landorus|63/100
|-enditem|p2a: Landorus|Choice Scarf|[from] move: Knock Off|[of] p1a: Landorus
|
|-weather|none
|upkeep
|turn|17
|
|t:|1661374958
|move|p2a: Landorus|Explosion|p1a: Landorus
|-crit|p1a: Landorus
|-damage|p1a: Landorus|0 fnt
|faint|p2a: Landorus
|faint|p1a: Landorus
|
|upkeep
|
|t:|1661374970
|switch|p2a: Zapdos|Zapdos|69/100
|switch|p1a: Blissey|Blissey, F|67/100
|-damage|p2a: Zapdos|44/100|[from] Stealth Rock
|turn|18
|
|t:|1661374976
|move|p2a: Zapdos|Volt Switch|p1a: Blissey
|-damage|p1a: Blissey|47/100
|
|t:|1661374978
|switch|p2a: Excadrill|Excadrill, F|99/100|[from]move: Volt Switch
|-damage|p2a: Excadrill|88/100|[from] Spikes
|-damage|p2a: Excadrill|85/100|[from] Stealth Rock
|move|p1a: Blissey|Soft-Boiled|p1a: Blissey
|-heal|p1a: Blissey|97/100
|
|-heal|p2a: Excadrill|91/100|[from] item: Leftovers
|upkeep
|turn|19
|
|t:|1661374983
|switch|p1a: Corviknight|Corviknight, F|62/100
|-damage|p1a: Corviknight|49/100|[from] Stealth Rock
|-ability|p1a: Corviknight|Pressure
|move|p2a: Excadrill|Swords Dance|p2a: Excadrill
|-boost|p2a: Excadrill|atk|2
|
|-heal|p2a: Excadrill|97/100|[from] item: Leftovers
|upkeep
|turn|20
|
|t:|1661374992
|move|p2a: Excadrill|Iron Head|p1a: Corviknight
|-resisted|p1a: Corviknight
|-damage|p1a: Corviknight|21/100
|cant|p1a: Corviknight|flinch
|
|-heal|p2a: Excadrill|100/100|[from] item: Leftovers
|upkeep
|turn|21
|
|t:|1661374999
|move|p2a: Excadrill|Iron Head|p1a: Corviknight
|-resisted|p1a: Corviknight
|-damage|p1a: Corviknight|0 fnt
|faint|p1a: Corviknight
|
|upkeep
|
|t:|1661375000
|switch|p1a: Ditto|Ditto|56/100
|-damage|p1a: Ditto|44/100|[from] Stealth Rock
|-transform|p1a: Ditto|p2a: Excadrill|[from] ability: Imposter
|turn|22
|
|t:|1661375007
|switch|p2a: Tyranitar|Tyranitar, M, shiny|76/100
|-damage|p2a: Tyranitar|64/100|[from] Spikes
|-damage|p2a: Tyranitar|51/100|[from] Stealth Rock
|-weather|Sandstorm|[from] ability: Sand Stream|[of] p2a: Tyranitar
|move|p1a: Ditto|Iron Head|p2a: Tyranitar
|-supereffective|p2a: Tyranitar
|-damage|p2a: Tyranitar|0 fnt
|faint|p2a: Tyranitar
|
|-weather|Sandstorm|[upkeep]
|upkeep
|
|t:|1661375010
|switch|p2a: Excadrill|Excadrill, F|100/100
|-damage|p2a: Excadrill|88/100|[from] Spikes
|-damage|p2a: Excadrill|85/100|[from] Stealth Rock
|turn|23
|
|t:|1661375017
|move|p2a: Excadrill|Earthquake|p1a: Ditto
|-supereffective|p1a: Ditto
|-damage|p1a: Ditto|0 fnt
|faint|p1a: Ditto
|
|-weather|Sandstorm|[upkeep]
|-heal|p2a: Excadrill|91/100|[from] item: Leftovers
|upkeep
|c|☆GGeorgie◕‿◕|I forgot it didn't have scarf
|c|☆GGeorgie◕‿◕|:x
|
|t:|1661375030
|switch|p1a: Xatu|Xatu, F|95/100
|-damage|p1a: Xatu|70/100|[from] Stealth Rock
|turn|24
|
|t:|1661375036
|move|p2a: Excadrill|Iron Head|p1a: Xatu
|-damage|p1a: Xatu|10/100
|cant|p1a: Xatu|flinch
|
|-weather|Sandstorm|[upkeep]
|-damage|p1a: Xatu|4/100|[from] Sandstorm
|-heal|p2a: Excadrill|97/100|[from] item: Leftovers
|upkeep
|turn|25
|-message|LT94JE 33321 forfeited.
|
|win|GGeorgie◕‿◕
|raw|LT94JE 33321's rating: 1756 &rarr; <strong>1733</strong><br />(-23 for losing)
|raw|GGeorgie◕‿◕'s rating: 1711 &rarr; <strong>1734</strong><br />(+23 for winning)
|l|☆LT94JE 33321
