|j|☆freebobby2020
|j|‽not mb
|t:|1623634183
|gametype|singles
|player|p1|freebobby2020|101|1820
|player|p2|not mb|265|1816
|teamsize|p1|6
|teamsize|p2|6
|gen|8
|tier|[Gen 8] OU
|rated|
|rule|Sleep Clause Mod: Limit one foe put to sleep
|rule|Species Clause: Limit one of each Pokémon
|rule|OHKO Clause: OHKO moves are banned
|rule|Evasion Moves Clause: Evasion moves are banned
|rule|Endless Battle Clause: Forcing endless battles is banned
|rule|HP Percentage Mod: HP is shown in percentages
|rule|Dynamax Clause: You cannot dynamax
|clearpoke
|poke|p1|Ferrothorn, M|
|poke|p1|Tapu Fini|
|poke|p1|Heatran, M|
|poke|p1|Landorus-Therian, M|
|poke|p1|Terrakion|
|poke|p1|Tapu Lele|
|poke|p2|Nidoking, M|
|poke|p2|Slowbro, M|
|poke|p2|Tapu Lele|
|poke|p2|Zeraora|
|poke|p2|Heatran, F|
|poke|p2|Mandibuzz, F|
|teampreview
|inactive|Battle timer is ON: inactive players will automatically lose when time's up. (requested by freebobby2020)
|inactive|not mb has 120 seconds left.
|
|t:|1623634251
|start
|switch|p1a: Terrakion|Terrakion|100/100
|switch|p2a: Slowbro|Slowbro, M|100/100
|turn|1
|j| Bunny Girl Mai
|
|t:|1623634273
|switch|p1a: Tapu Lele|Tapu Lele|100/100
|-fieldstart|move: Psychic Terrain|[from] ability: Psychic Surge|[of] p1a: Tapu Lele
|move|p2a: Slowbro|Scald|p1a: Tapu Lele
|-damage|p1a: Tapu Lele|72/100
|
|upkeep
|turn|2
|
|t:|1623634294
|switch|p2a: Nidoking|Nidoking, M|100/100
|move|p1a: Tapu Lele|Moonblast|p2a: Nidoking
|-resisted|p2a: Nidoking
|-damage|p2a: Nidoking|46/100
|-unboost|p2a: Nidoking|spa|1
|
|upkeep
|turn|3
|inactive|not mb has 120 seconds left.
|
|t:|1623634323
|switch|p2a: Heatran|Heatran, F|100/100
|switch|p1a: Terrakion|Terrakion|100/100
|
|upkeep
|turn|4
|
|t:|1623634330
|move|p1a: Terrakion|Stone Edge|p2a: Heatran|[miss]
|-miss|p1a: Terrakion|p2a: Heatran
|move|p2a: Heatran|Stealth Rock|p1a: Terrakion
|-sidestart|p1: freebobby2020|move: Stealth Rock
|
|upkeep
|turn|5
|
|t:|1623634335
|switch|p2a: Slowbro|Slowbro, M|100/100
|move|p1a: Terrakion|Stone Edge|p2a: Slowbro
|-damage|p2a: Slowbro|58/100
|
|-fieldend|move: Psychic Terrain
|upkeep
|turn|6
|
|t:|1623634342
|move|p1a: Terrakion|Stone Edge|p2a: Slowbro|[miss]
|-miss|p1a: Terrakion|p2a: Slowbro
|move|p2a: Slowbro|Teleport|p2a: Slowbro
|j| RQWT3
|
|t:|1623634358
|switch|p2a: Zeraora|Zeraora|100/100|[from]move: Teleport
|
|upkeep
|turn|7
|
|t:|1623634362
|switch|p1a: Ferrothorn|Ferrothorn, M|100/100
|-damage|p1a: Ferrothorn|95/100|[from] Stealth Rock
|move|p2a: Zeraora|Volt Switch|p1a: Ferrothorn
|-resisted|p1a: Ferrothorn
|-damage|p1a: Ferrothorn|86/100
|
|t:|1623634377
|switch|p2a: Nidoking|Nidoking, M|46/100|[from]move: Volt Switch
|
|upkeep
|turn|8
|
|t:|1623634386
|switch|p1a: Terrakion|Terrakion|100/100
|-damage|p1a: Terrakion|94/100|[from] Stealth Rock
|move|p2a: Nidoking|Flamethrower|p1a: Terrakion
|-resisted|p1a: Terrakion
|-damage|p1a: Terrakion|76/100
|
|upkeep
|turn|9
|
|t:|1623634392
|switch|p2a: Slowbro|Slowbro, M|92/100
|move|p1a: Terrakion|Stone Edge|p2a: Slowbro|[miss]
|-miss|p1a: Terrakion|p2a: Slowbro
|
|upkeep
|turn|10
|
|t:|1623634405
|switch|p1a: Tapu Fini|Tapu Fini|100/100
|-damage|p1a: Tapu Fini|88/100|[from] Stealth Rock
|-fieldstart|move: Misty Terrain|[from] ability: Misty Surge|[of] p1a: Tapu Fini
|move|p2a: Slowbro|Teleport|p2a: Slowbro
|
|t:|1623634411
|switch|p2a: Tapu Lele|Tapu Lele|100/100|[from]move: Teleport
|-fieldstart|move: Psychic Terrain|[from] ability: Psychic Surge|[of] p2a: Tapu Lele
|
|upkeep
|turn|11
|
|t:|1623634415
|switch|p1a: Heatran|Heatran, M|100/100
|-damage|p1a: Heatran|88/100|[from] Stealth Rock
|move|p2a: Tapu Lele|Psychic|p1a: Heatran
|-resisted|p1a: Heatran
|-damage|p1a: Heatran|66/100
|
|-heal|p1a: Heatran|72/100|[from] item: Leftovers
|upkeep
|turn|12
|
|t:|1623634427
|move|p2a: Tapu Lele|Focus Blast|p1a: Heatran
|-supereffective|p1a: Heatran
|-damage|p1a: Heatran|17/100
|move|p1a: Heatran|Magma Storm|p2a: Tapu Lele
|-damage|p2a: Tapu Lele|58/100
|-activate|p2a: Tapu Lele|move: Magma Storm|[of] p1a: Heatran
|
|-heal|p1a: Heatran|24/100|[from] item: Leftovers
|-damage|p2a: Tapu Lele|45/100|[from] move: Magma Storm|[partiallytrapped]
|upkeep
|turn|13
|
|t:|1623634431
|move|p1a: Heatran|Protect|p1a: Heatran
|-singleturn|p1a: Heatran|Protect
|move|p2a: Tapu Lele|Psyshock|p1a: Heatran
|-activate|p1a: Heatran|move: Protect
|
|-heal|p1a: Heatran|30/100|[from] item: Leftovers
|-damage|p2a: Tapu Lele|33/100|[from] move: Magma Storm|[partiallytrapped]
|upkeep
|turn|14
|
|t:|1623634435
|move|p2a: Tapu Lele|Psyshock|p1a: Heatran
|-resisted|p1a: Heatran
|-damage|p1a: Heatran|0 fnt
|faint|p1a: Heatran
|
|-end|p2a: Tapu Lele|Magma Storm|[partiallytrapped]|[silent]
|-fieldend|move: Psychic Terrain
|upkeep
|
|t:|1623634440
|switch|p1a: Terrakion|Terrakion|76/100
|-damage|p1a: Terrakion|70/100|[from] Stealth Rock
|turn|15
|
|t:|1623634450
|switch|p2a: Slowbro|Slowbro, M|100/100
|move|p1a: Terrakion|Stone Edge|p2a: Slowbro
|-crit|p2a: Slowbro
|-damage|p2a: Slowbro|35/100
|
|upkeep
|turn|16
|
|t:|1623634462
|switch|p2a: Heatran|Heatran, F|100/100
|move|p1a: Terrakion|Stone Edge|p2a: Heatran|[miss]
|-miss|p1a: Terrakion|p2a: Heatran
|
|upkeep
|turn|17
|
|t:|1623634466
|switch|p2a: Slowbro|Slowbro, M|69/100
|move|p1a: Terrakion|Stone Edge|p2a: Slowbro|[miss]
|-miss|p1a: Terrakion|p2a: Slowbro
|
|upkeep
|turn|18
|
|t:|1623634473
|move|p1a: Terrakion|Stone Edge|p2a: Slowbro
|-damage|p2a: Slowbro|25/100
|move|p2a: Slowbro|Teleport|p2a: Slowbro
|
|t:|1623634481
|switch|p2a: Heatran|Heatran, F|100/100|[from]move: Teleport
|
|upkeep
|turn|19
|
|t:|1623634490
|switch|p1a: Landorus|Landorus-Therian, M|100/100
|-damage|p1a: Landorus|88/100|[from] Stealth Rock
|-ability|p1a: Landorus|Intimidate|boost
|-unboost|p2a: Heatran|atk|1
|move|p2a: Heatran|Lava Plume|p1a: Landorus
|-crit|p1a: Landorus
|-damage|p1a: Landorus|32/100
|-status|p1a: Landorus|brn
|
|-heal|p1a: Landorus|38/100 brn|[from] item: Leftovers
|-damage|p1a: Landorus|32/100 brn|[from] brn
|upkeep
|turn|20
|
|t:|1623634495
|move|p1a: Landorus|Stealth Rock|p2a: Heatran
|-sidestart|p2: not mb|move: Stealth Rock
|move|p2a: Heatran|Lava Plume|p1a: Landorus
|-damage|p1a: Landorus|0 fnt
|faint|p1a: Landorus
|
|upkeep
|
|t:|1623634498
|switch|p1a: Terrakion|Terrakion|70/100
|-damage|p1a: Terrakion|64/100|[from] Stealth Rock
|turn|21
|
|t:|1623634507
|switch|p2a: Slowbro|Slowbro, M|58/100
|-damage|p2a: Slowbro|46/100|[from] Stealth Rock
|move|p1a: Terrakion|Close Combat|p2a: Slowbro
|-resisted|p2a: Slowbro
|-damage|p2a: Slowbro|19/100
|-unboost|p1a: Terrakion|def|1
|-unboost|p1a: Terrakion|spd|1
|
|upkeep
|turn|22
|c| Bunny Girl Mai|DO IT
|
|t:|1623634521
|switch|p2a: Mandibuzz|Mandibuzz, F|100/100
|move|p1a: Terrakion|Close Combat|p2a: Mandibuzz
|-damage|p2a: Mandibuzz|51/100
|-unboost|p1a: Terrakion|def|1
|-unboost|p1a: Terrakion|spd|1
|
|upkeep
|turn|23
|
|t:|1623634527
|move|p1a: Terrakion|Close Combat|p2a: Mandibuzz
|-damage|p2a: Mandibuzz|0 fnt
|-unboost|p1a: Terrakion|def|1
|-unboost|p1a: Terrakion|spd|1
|faint|p2a: Mandibuzz
|
|upkeep
|
|t:|1623634546
|switch|p2a: Zeraora|Zeraora|100/100
|turn|24
|
|t:|1623634567
|switch|p1a: Ferrothorn|Ferrothorn, M|86/100
|-damage|p1a: Ferrothorn|80/100|[from] Stealth Rock
|move|p2a: Zeraora|Volt Switch|p1a: Ferrothorn
|-resisted|p1a: Ferrothorn
|-damage|p1a: Ferrothorn|71/100
|
|t:|1623634578
|switch|p2a: Heatran|Heatran, F|100/100|[from]move: Volt Switch
|-damage|p2a: Heatran|88/100|[from] Stealth Rock
|
|-heal|p2a: Heatran|94/100|[from] item: Leftovers
|upkeep
|turn|25
|
|t:|1623634584
|switch|p1a: Terrakion|Terrakion|64/100
|-damage|p1a: Terrakion|57/100|[from] Stealth Rock
|move|p2a: Heatran|Earth Power|p1a: Terrakion
|-supereffective|p1a: Terrakion
|-damage|p1a: Terrakion|1/100
|
|-heal|p2a: Heatran|100/100|[from] item: Leftovers
|upkeep
|turn|26
|
|t:|1623634589
|switch|p2a: Slowbro|Slowbro, M|52/100
|-damage|p2a: Slowbro|40/100|[from] Stealth Rock
|move|p1a: Terrakion|Earthquake|p2a: Slowbro
|-damage|p2a: Slowbro|7/100
|
|upkeep
|turn|27
|
|t:|1623634598
|move|p1a: Terrakion|Earthquake|p2a: Slowbro
|-damage|p2a: Slowbro|0 fnt
|faint|p2a: Slowbro
|
|upkeep
|
|t:|1623634614
|switch|p2a: Zeraora|Zeraora|100/100
|turn|28
|j| Typhlosion4
|inactive|not mb has 120 seconds left.
|
|t:|1623634653
|move|p2a: Zeraora|Volt Switch|p1a: Terrakion
|-damage|p1a: Terrakion|0 fnt
|faint|p1a: Terrakion
|
|t:|1623634656
|switch|p2a: Nidoking|Nidoking, M|46/100|[from]move: Volt Switch
|-damage|p2a: Nidoking|40/100|[from] Stealth Rock
|
|upkeep
|
|t:|1623634673
|switch|p1a: Tapu Fini|Tapu Fini|88/100
|-damage|p1a: Tapu Fini|76/100|[from] Stealth Rock
|-fieldstart|move: Misty Terrain|[from] ability: Misty Surge|[of] p1a: Tapu Fini
|turn|29
|inactive|not mb has 120 seconds left.
|
|t:|1623634696
|move|p2a: Nidoking|Sludge Wave|p1a: Tapu Fini
|-supereffective|p1a: Tapu Fini
|-damage|p1a: Tapu Fini|0 fnt
|faint|p1a: Tapu Fini
|
|upkeep
|l| Typhlosion4
|
|t:|1623634707
|switch|p1a: Ferrothorn|Ferrothorn, M|71/100
|-damage|p1a: Ferrothorn|65/100|[from] Stealth Rock
|turn|30
|
|t:|1623634713
|switch|p1a: Tapu Lele|Tapu Lele|72/100
|-damage|p1a: Tapu Lele|60/100|[from] Stealth Rock
|-fieldstart|move: Psychic Terrain|[from] ability: Psychic Surge|[of] p1a: Tapu Lele
|move|p2a: Nidoking|Sludge Wave|p1a: Tapu Lele
|-supereffective|p1a: Tapu Lele
|-damage|p1a: Tapu Lele|0 fnt
|faint|p1a: Tapu Lele
|
|upkeep
|-message|freebobby2020 forfeited.
|
|win|not mb
|raw|freebobby2020's rating: 1820 &rarr; <strong>1800</strong><br />(-20 for losing)
|raw|not mb's rating: 1816 &rarr; <strong>1836</strong><br />(+20 for winning)
|l|☆freebobby2020
