|raw|<div class="broadcast-blue"><strong>This battle is required to be public due to a player having a name starting with 'lt82zw'.</div>
|j|‽lonietzzz
|j|☆LT82ZW OP
|t:|1626266459
|gametype|singles
|player|p1|lonietzzz|pokemonbreederf|1744
|player|p2|LT82ZW OP|schoolkid-gen4dp|1811
|teamsize|p1|6
|teamsize|p2|6
|gen|8
|tier|[Gen 8] OU
|rated|
|rule|Sleep Clause Mod: Limit one foe put to sleep
|rule|Species Clause: Limit one of each Pokémon
|rule|OHKO Clause: OHKO moves are banned
|rule|Evasion Moves Clause: Evasion moves are banned
|rule|Endless Battle Clause: Forcing endless battles is banned
|rule|HP Percentage Mod: HP is shown in percentages
|rule|Dynamax Clause: You cannot dynamax
|clearpoke
|poke|p1|Tapu Koko|
|poke|p1|Landorus-Therian, M|
|poke|p1|Zeraora|
|poke|p1|Melmetal|
|poke|p1|Garchomp, M|
|poke|p1|Corviknight, M|
|poke|p2|Slowking-Galar, F|
|poke|p2|Blaziken, F|
|poke|p2|Dragonite, F|
|poke|p2|Regieleki|
|poke|p2|Ferrothorn, M|
|poke|p2|Tapu Fini|
|teampreview
|inactive|Battle timer is ON: inactive players will automatically lose when time's up. (requested by LT82ZW OP)
|
|t:|1626266475
|start
|switch|p1a: Landorus|Landorus-Therian, M|100/100
|switch|p2a: Slowking|Slowking-Galar, F|100/100
|-ability|p1a: Landorus|Intimidate|boost
|-unboost|p2a: Slowking|atk|1
|turn|1
|j| vhkv
|
|t:|1626266493
|move|p1a: Landorus|U-turn|p2a: Slowking
|-damage|p2a: Slowking|81/100
|
|t:|1626266495
|switch|p1a: Melmetal|Melmetal|100/100|[from]move: U-turn
|move|p2a: Slowking|Ice Beam|p1a: Melmetal
|-resisted|p1a: Melmetal
|-damage|p1a: Melmetal|91/100
|-status|p1a: Melmetal|frz
|
|upkeep
|turn|2
|l| vhkv
|
|t:|1626266501
|switch|p2a: Ferrothorn|Ferrothorn, M|100/100
|cant|p1a: Melmetal|frz
|
|upkeep
|turn|3
|
|t:|1626266505
|switch|p1a: Landorus|Landorus-Therian, M|100/100
|-ability|p1a: Landorus|Intimidate|boost
|-unboost|p2a: Ferrothorn|atk|1
|move|p2a: Ferrothorn|Stealth Rock|p1a: Landorus
|-sidestart|p1: lonietzzz|move: Stealth Rock
|
|upkeep
|turn|4
|
|t:|1626266507
|move|p1a: Landorus|Stealth Rock|p2a: Ferrothorn
|-sidestart|p2: LT82ZW OP|move: Stealth Rock
|move|p2a: Ferrothorn|Knock Off|p1a: Landorus
|-damage|p1a: Landorus|90/100
|-damage|p2a: Ferrothorn|84/100|[from] item: Rocky Helmet|[of] p1a: Landorus
|-enditem|p1a: Landorus|Rocky Helmet|[from] move: Knock Off|[of] p2a: Ferrothorn
|
|upkeep
|turn|5
|
|t:|1626266511
|move|p1a: Landorus|Earthquake|p2a: Ferrothorn
|-damage|p2a: Ferrothorn|56/100
|move|p2a: Ferrothorn|Power Whip|p1a: Landorus
|-damage|p1a: Landorus|72/100
|
|upkeep
|turn|6
|
|t:|1626266538
|switch|p2a: Dragonite|Dragonite, F|100/100
|move|p1a: Landorus|Earthquake|p2a: Dragonite
|-immune|p2a: Dragonite
|
|upkeep
|turn|7
|
|t:|1626266545
|switch|p1a: Melmetal|Melmetal|91/100 frz
|-damage|p1a: Melmetal|85/100 frz|[from] Stealth Rock
|move|p2a: Dragonite|Ice Punch|p1a: Melmetal
|-resisted|p1a: Melmetal
|-damage|p1a: Melmetal|77/100 frz
|
|upkeep
|turn|8
|
|t:|1626266548
|move|p2a: Dragonite|Earthquake|p1a: Melmetal
|-supereffective|p1a: Melmetal
|-damage|p1a: Melmetal|39/100 frz
|-curestatus|p1a: Melmetal|frz|[msg]
|move|p1a: Melmetal|Double Iron Bash|p2a: Dragonite
|-damage|p2a: Dragonite|77/100
|-damage|p2a: Dragonite|35/100
|-hitcount|p2a: Dragonite|2
|
|upkeep
|turn|9
|
|t:|1626266563
|move|p2a: Dragonite|Earthquake|p1a: Melmetal
|-supereffective|p1a: Melmetal
|-damage|p1a: Melmetal|0 fnt
|faint|p1a: Melmetal
|
|upkeep
|
|t:|1626266568
|switch|p1a: Zeraora|Zeraora|100/100
|turn|10
|
|t:|1626266577
|switch|p2a: Ferrothorn|Ferrothorn, M|56/100
|-damage|p2a: Ferrothorn|49/100|[from] Stealth Rock
|move|p1a: Zeraora|Plasma Fists|p2a: Ferrothorn
|-resisted|p2a: Ferrothorn
|-damage|p2a: Ferrothorn|36/100
|-damage|p1a: Zeraora|88/100|[from] ability: Iron Barbs|[of] p2a: Ferrothorn
|
|upkeep
|turn|11
|
|t:|1626266581
|switch|p2a: Tapu Fini|Tapu Fini|100/100
|-damage|p2a: Tapu Fini|88/100|[from] Stealth Rock
|-fieldstart|move: Misty Terrain|[from] ability: Misty Surge|[of] p2a: Tapu Fini
|move|p1a: Zeraora|Close Combat|p2a: Tapu Fini
|-resisted|p2a: Tapu Fini
|-damage|p2a: Tapu Fini|73/100
|-unboost|p1a: Zeraora|def|1
|-unboost|p1a: Zeraora|spd|1
|
|upkeep
|turn|12
|
|t:|1626266588
|switch|p1a: Corviknight|Corviknight, M|100/100
|-damage|p1a: Corviknight|88/100|[from] Stealth Rock
|-ability|p1a: Corviknight|Pressure
|move|p2a: Tapu Fini|Surf|p1a: Corviknight
|-damage|p1a: Corviknight|57/100
|
|upkeep
|turn|13
|
|t:|1626266593
|move|p2a: Tapu Fini|Surf|p1a: Corviknight
|-damage|p1a: Corviknight|27/100
|move|p1a: Corviknight|Roost|p1a: Corviknight
|-heal|p1a: Corviknight|77/100
|-singleturn|p1a: Corviknight|move: Roost
|
|upkeep
|turn|14
|
|t:|1626266603
|switch|p2a: Dragonite|Dragonite, F|35/100
|move|p1a: Corviknight|Roost|p1a: Corviknight
|-heal|p1a: Corviknight|100/100
|-singleturn|p1a: Corviknight|move: Roost
|
|upkeep
|turn|15
|
|t:|1626266609
|move|p2a: Dragonite|Dragon Dance|p2a: Dragonite
|-boost|p2a: Dragonite|atk|1
|-boost|p2a: Dragonite|spe|1
|move|p1a: Corviknight|U-turn|p2a: Dragonite
|-resisted|p2a: Dragonite
|-damage|p2a: Dragonite|28/100
|
|t:|1626266611
|switch|p1a: Landorus|Landorus-Therian, M|72/100|[from]move: U-turn
|-damage|p1a: Landorus|60/100|[from] Stealth Rock
|-ability|p1a: Landorus|Intimidate|boost
|-unboost|p2a: Dragonite|atk|1
|
|-fieldend|Misty Terrain
|upkeep
|turn|16
|
|t:|1626266615
|move|p2a: Dragonite|Roost|p2a: Dragonite
|-heal|p2a: Dragonite|79/100
|-singleturn|p2a: Dragonite|move: Roost
|move|p1a: Landorus|Toxic|p2a: Dragonite
|-status|p2a: Dragonite|tox
|
|-damage|p2a: Dragonite|73/100 tox|[from] psn
|upkeep
|turn|17
|
|t:|1626266620
|switch|p1a: Corviknight|Corviknight, M|100/100
|-damage|p1a: Corviknight|88/100|[from] Stealth Rock
|-ability|p1a: Corviknight|Pressure
|move|p2a: Dragonite|Ice Punch|p1a: Corviknight
|-damage|p1a: Corviknight|70/100
|-damage|p2a: Dragonite|56/100 tox|[from] item: Rocky Helmet|[of] p1a: Corviknight
|
|-damage|p2a: Dragonite|44/100 tox|[from] psn
|upkeep
|turn|18
|
|t:|1626266631
|switch|p2a: Slowking|Slowking-Galar, F|100/100
|-damage|p2a: Slowking|88/100|[from] Stealth Rock
|move|p1a: Corviknight|Roost|p1a: Corviknight
|-heal|p1a: Corviknight|100/100
|-singleturn|p1a: Corviknight|move: Roost
|
|upkeep
|turn|19
|
|t:|1626266640
|move|p1a: Corviknight|U-turn|p2a: Slowking
|-damage|p2a: Slowking|73/100
|
|t:|1626266641
|switch|p1a: Tapu Koko|Tapu Koko|100/100|[from]move: U-turn
|-damage|p1a: Tapu Koko|88/100|[from] Stealth Rock
|-fieldstart|move: Electric Terrain|[from] ability: Electric Surge|[of] p1a: Tapu Koko
|move|p2a: Slowking|Nasty Plot|p2a: Slowking
|-boost|p2a: Slowking|spa|2
|
|upkeep
|turn|20
|j| Eccalliti
|
|t:|1626266645
|move|p1a: Tapu Koko|Thunderbolt|p2a: Slowking
|-damage|p2a: Slowking|14/100
|move|p2a: Slowking|Psyshock|p1a: Tapu Koko
|-damage|p1a: Tapu Koko|0 fnt
|faint|p1a: Tapu Koko
|
|upkeep
|
|t:|1626266648
|switch|p1a: Zeraora|Zeraora|88/100
|turn|21
|
|t:|1626266657
|switch|p2a: Ferrothorn|Ferrothorn, M|36/100
|-damage|p2a: Ferrothorn|29/100|[from] Stealth Rock
|move|p1a: Zeraora|Knock Off|p2a: Ferrothorn
|-damage|p2a: Ferrothorn|12/100
|-damage|p1a: Zeraora|76/100|[from] ability: Iron Barbs|[of] p2a: Ferrothorn
|-enditem|p2a: Ferrothorn|Shed Shell|[from] move: Knock Off|[of] p1a: Zeraora
|
|upkeep
|turn|22
|
|t:|1626266663
|move|p1a: Zeraora|Close Combat|p2a: Ferrothorn
|-supereffective|p2a: Ferrothorn
|-damage|p2a: Ferrothorn|0 fnt
|-unboost|p1a: Zeraora|def|1
|-unboost|p1a: Zeraora|spd|1
|-damage|p1a: Zeraora|64/100|[from] ability: Iron Barbs|[of] p2a: Ferrothorn
|faint|p2a: Ferrothorn
|
|upkeep
|
|t:|1626266665
|switch|p2a: Tapu Fini|Tapu Fini|73/100
|-damage|p2a: Tapu Fini|60/100|[from] Stealth Rock
|-fieldstart|move: Misty Terrain|[from] ability: Misty Surge|[of] p2a: Tapu Fini
|turn|23
|
|t:|1626266671
|switch|p1a: Corviknight|Corviknight, M|100/100
|-damage|p1a: Corviknight|88/100|[from] Stealth Rock
|-ability|p1a: Corviknight|Pressure
|move|p2a: Tapu Fini|Surf|p1a: Corviknight
|-damage|p1a: Corviknight|57/100
|
|upkeep
|turn|24
|
|t:|1626266680
|switch|p2a: Blaziken|Blaziken, F|100/100
|-damage|p2a: Blaziken|88/100|[from] Stealth Rock
|move|p1a: Corviknight|U-turn|p2a: Blaziken
|-resisted|p2a: Blaziken
|-damage|p2a: Blaziken|83/100
|
|t:|1626266683
|switch|p1a: Garchomp|Garchomp, M|100/100|[from]move: U-turn
|-damage|p1a: Garchomp|94/100|[from] Stealth Rock
|
|-heal|p1a: Garchomp|100/100|[from] item: Leftovers
|upkeep
|turn|25
|j| LT82ZW rz
|
|t:|1626266694
|move|p1a: Garchomp|Scale Shot|p2a: Blaziken
|-damage|p2a: Blaziken|74/100
|-damage|p2a: Blaziken|65/100
|-damage|p2a: Blaziken|56/100
|-damage|p2a: Blaziken|47/100
|-damage|p2a: Blaziken|37/100
|-hitcount|p2a: Blaziken|5
|-unboost|p1a: Garchomp|def|1
|-boost|p1a: Garchomp|spe|1
|move|p2a: Blaziken|Close Combat|p1a: Garchomp
|-damage|p1a: Garchomp|0 fnt
|-unboost|p2a: Blaziken|def|1
|-unboost|p2a: Blaziken|spd|1
|-damage|p2a: Blaziken|25/100|[from] ability: Rough Skin|[of] p1a: Garchomp
|faint|p1a: Garchomp
|-damage|p2a: Blaziken|15/100|[from] item: Life Orb
|
|-ability|p2a: Blaziken|Speed Boost|boost
|-boost|p2a: Blaziken|spe|1
|upkeep
|-message|lonietzzz forfeited.
|
|win|LT82ZW OP
|raw|lonietzzz's rating: 1744 &rarr; <strong>1728</strong><br />(-16 for losing)
|raw|LT82ZW OP's rating: 1811 &rarr; <strong>1827</strong><br />(+16 for winning)
|l|‽lonietzzz
|l|☆LT82ZW OP
