|raw|<div class="broadcast-blue"><strong>This battle is required to be public due to a player having a name starting with 'lt91bb'.</div>
|j|☆HikozaruGG
|j|☆lt91bb mad cow
|t:|1659547554
|gametype|singles
|player|p1|HikozaruGG|phoebe-gen6|1744
|player|p2|lt91bb mad cow|lance-masters|1700
|teamsize|p1|6
|teamsize|p2|6
|gen|8
|tier|[Gen 8] OU
|rated|
|rule|Sleep Clause Mod: Limit one foe put to sleep
|rule|Species Clause: Limit one of each Pokémon
|rule|OHKO Clause: OHKO moves are banned
|rule|Evasion Moves Clause: Evasion moves are banned
|rule|Endless Battle Clause: Forcing endless battles is banned
|rule|HP Percentage Mod: HP is shown in percentages
|rule|Dynamax Clause: You cannot dynamax
|clearpoke
|poke|p1|Aegislash, F|
|poke|p1|Buzzwole|
|poke|p1|Tyranitar, M|
|poke|p1|Landorus-Therian, M|
|poke|p1|Toxapex, M|
|poke|p1|Zapdos|
|poke|p2|Zapdos|
|poke|p2|Weavile, F|
|poke|p2|Kartana|
|poke|p2|Landorus-Therian, M|
|poke|p2|Volcanion|
|poke|p2|Melmetal|
|teampreview
|inactive|Battle timer is ON: inactive players will automatically lose when time's up. (requested by HikozaruGG)
|
|t:|1659547576
|start
|switch|p1a: Much love|Zapdos|100/100
|switch|p2a: Zapdos|Zapdos|100/100
|turn|1
|
|t:|1659547582
|move|p1a: Much love|Toxic|p2a: Zapdos
|-status|p2a: Zapdos|tox
|move|p2a: Zapdos|Volt Switch|p1a: Much love
|-damage|p1a: Much love|60/100
|
|t:|1659547592
|switch|p2a: Weavile|Weavile, F|100/100|[from]move: Volt Switch
|-ability|p2a: Weavile|Pressure
|
|upkeep
|turn|2
|
|t:|1659547606
|switch|p1a: Phlat ball|Toxapex, M|100/100
|move|p2a: Weavile|Knock Off|p1a: Phlat ball
|-damage|p1a: Phlat ball|57/100
|-enditem|p1a: Phlat ball|Eject Button|[from] move: Knock Off|[of] p2a: Weavile
|
|upkeep
|turn|3
|
|t:|1659547616
|move|p2a: Weavile|Knock Off|p1a: Phlat ball
|-damage|p1a: Phlat ball|22/100
|move|p1a: Phlat ball|Recover|p1a: Phlat ball
|-heal|p1a: Phlat ball|72/100
|
|upkeep
|turn|4
|
|t:|1659547622
|switch|p2a: Landorus|Landorus-Therian, M|100/100
|-ability|p2a: Landorus|Intimidate|boost
|-unboost|p1a: Phlat ball|atk|1
|move|p1a: Phlat ball|Knock Off|p2a: Landorus
|-damage|p2a: Landorus|90/100
|-enditem|p2a: Landorus|Leftovers|[from] move: Knock Off|[of] p1a: Phlat ball
|
|upkeep
|turn|5
|
|t:|1659547627
|switch|p1a: Much love|Zapdos|60/100
|move|p2a: Landorus|Stealth Rock|p1a: Much love
|-sidestart|p1: HikozaruGG|move: Stealth Rock
|
|upkeep
|turn|6
|j| r56k453
|
|t:|1659547638
|move|p1a: Much love|Toxic|p2a: Landorus
|-status|p2a: Landorus|tox
|move|p2a: Landorus|U-turn|p1a: Much love
|-resisted|p1a: Much love
|-damage|p1a: Much love|48/100
|
|t:|1659547646
|switch|p2a: Weavile|Weavile, F|100/100|[from]move: U-turn
|-ability|p2a: Weavile|Pressure
|
|upkeep
|turn|7
|
|t:|1659547653
|switch|p1a: Phlat ball|Toxapex, M|100/100
|-damage|p1a: Phlat ball|88/100|[from] Stealth Rock
|move|p2a: Weavile|Knock Off|p1a: Phlat ball
|-damage|p1a: Phlat ball|55/100
|
|upkeep
|turn|8
|
|t:|1659547658
|move|p2a: Weavile|Knock Off|p1a: Phlat ball
|-damage|p1a: Phlat ball|24/100
|move|p1a: Phlat ball|Recover|p1a: Phlat ball
|-heal|p1a: Phlat ball|74/100
|
|upkeep
|turn|9
|
|t:|1659547670
|move|p2a: Weavile|Knock Off|p1a: Phlat ball
|-damage|p1a: Phlat ball|40/100
|move|p1a: Phlat ball|Recover|p1a: Phlat ball
|-heal|p1a: Phlat ball|90/100
|
|upkeep
|turn|10
|-message|lt91bb mad cow forfeited.
|
|win|HikozaruGG
|raw|HikozaruGG's rating: 1744 &rarr; <strong>1761</strong><br />(+17 for winning)
|raw|lt91bb mad cow's rating: 1700 &rarr; <strong>1683</strong><br />(-17 for losing)
|l|☆lt91bb mad cow
