|j|☆Kikoobuster
|j|☆minimax_ai
|t:|1662126759
|gametype|singles
|player|p1|Kikoobuster|101|1547
|player|p2|minimax_ai|102|1512
|teamsize|p1|6
|teamsize|p2|6
|gen|8
|tier|[Gen 8] OU
|rated|
|rule|Sleep Clause Mod: Limit one foe put to sleep
|rule|Species Clause: Limit one of each Pokémon
|rule|OHKO Clause: OHKO moves are banned
|rule|Evasion Items Clause: Evasion items are banned
|rule|Evasion Moves Clause: Evasion moves are banned
|rule|Endless Battle Clause: Forcing endless battles is banned
|rule|HP Percentage Mod: HP is shown in percentages
|rule|Dynamax Clause: You cannot dynamax
|clearpoke
|poke|p1|Lycanroc-Dusk, M|
|poke|p1|Excadrill, M|
|poke|p1|Hawlucha, M|
|poke|p1|Azumarill, F|
|poke|p1|Zeraora|
|poke|p1|Rillaboom, F|
|poke|p2|Rotom-Wash|
|poke|p2|Weavile, F|
|poke|p2|Landorus-Therian, M|
|poke|p2|Heatran, M|
|poke|p2|Tangrowth, M|
|poke|p2|Melmetal|
|teampreview
|c|☆minimax_ai|hf
|inactive|Battle timer is ON: inactive players will automatically lose when time's up. (requested by minimax_ai)
|
|t:|1662126764
|start
|switch|p1a: Lycanroc|Lycanroc-Dusk, M|100/100
|switch|p2a: Melmetal|Melmetal|100/100
|turn|1
|
|t:|1662126766
|move|p1a: Lycanroc|Stealth Rock|p2a: Melmetal
|-sidestart|p2: minimax_ai|move: Stealth Rock
|move|p2a: Melmetal|Double Iron Bash|p1a: Lycanroc
|-supereffective|p1a: Lycanroc
|-enditem|p1a: Lycanroc|Focus Sash
|-damage|p1a: Lycanroc|1/100
|-supereffective|p1a: Lycanroc
|-damage|p1a: Lycanroc|0 fnt
|faint|p1a: Lycanroc
|-hitcount|p1: Lycanroc|2
|
|upkeep
|
|t:|1662126769
|switch|p1a: Excadrill|Excadrill, M|100/100
|-ability|p1a: Excadrill|Mold Breaker
|-item|p1a: Excadrill|Air Balloon
|turn|2
|
|t:|1662126770
|move|p1a: Excadrill|Earthquake|p2a: Melmetal
|-supereffective|p2a: Melmetal
|-damage|p2a: Melmetal|35/100
|move|p2a: Melmetal|Double Iron Bash|p1a: Excadrill
|-resisted|p1a: Excadrill
|-damage|p1a: Excadrill|74/100
|-enditem|p1a: Excadrill|Air Balloon
|-resisted|p1a: Excadrill
|-damage|p1a: Excadrill|44/100
|-hitcount|p1a: Excadrill|2
|
|upkeep
|turn|3
|
|t:|1662126775
|switch|p2a: landorustherian|Landorus-Therian, M|100/100
|-damage|p2a: landorustherian|88/100|[from] Stealth Rock
|-ability|p2a: landorustherian|Intimidate|boost
|-unboost|p1a: Excadrill|atk|1
|move|p1a: Excadrill|Iron Head|p2a: landorustherian
|-damage|p2a: landorustherian|62/100
|
|-heal|p2a: landorustherian|68/100|[from] item: Leftovers
|upkeep
|turn|4
|
|t:|1662126780
|move|p1a: Excadrill|Iron Head|p2a: landorustherian
|-damage|p2a: landorustherian|39/100
|move|p2a: landorustherian|Defog|p1a: Excadrill
|-unboost|p1a: Excadrill|evasion|1
|-sideend|p2: minimax_ai|Stealth Rock|[from] move: Defog|[of] p2a: landorustherian
|
|-heal|p2a: landorustherian|45/100|[from] item: Leftovers
|upkeep
|turn|5
|
|t:|1662126783
|move|p1a: Excadrill|Iron Head|p2a: landorustherian
|-damage|p2a: landorustherian|16/100
|move|p2a: landorustherian|Earthquake|p1a: Excadrill
|-supereffective|p1a: Excadrill
|-damage|p1a: Excadrill|0 fnt
|faint|p1a: Excadrill
|
|-heal|p2a: landorustherian|22/100|[from] item: Leftovers
|upkeep
|
|t:|1662126786
|switch|p1a: Rillaboom|Rillaboom, F|100/100
|-fieldstart|move: Grassy Terrain|[from] ability: Grassy Surge|[of] p1a: Rillaboom
|turn|6
|
|t:|1662126790
|switch|p2a: Tangrowth|Tangrowth, M|100/100
|move|p1a: Rillaboom|Grassy Glide|p2a: Tangrowth
|-resisted|p2a: Tangrowth
|-damage|p2a: Tangrowth|81/100
|-damage|p1a: Rillaboom|84/100|[from] item: Rocky Helmet|[of] p2a: Tangrowth
|
|-heal|p1a: Rillaboom|90/100|[from] Grassy Terrain
|-heal|p2a: Tangrowth|87/100|[from] Grassy Terrain
|upkeep
|turn|7
|
|t:|1662126794
|switch|p1a: Zeraora|Zeraora|100/100
|move|p2a: Tangrowth|Giga Drain|p1a: Zeraora
|-damage|p1a: Zeraora|54/100
|-heal|p2a: Tangrowth|100/100|[from] drain|[of] p1a: Zeraora
|
|-heal|p1a: Zeraora|60/100|[from] Grassy Terrain
|-heal|p1a: Zeraora|66/100|[from] item: Leftovers
|upkeep
|turn|8
|
|t:|1662126797
|move|p1a: Zeraora|Taunt|p2a: Tangrowth
|-start|p2a: Tangrowth|move: Taunt
|move|p2a: Tangrowth|Giga Drain|p1a: Zeraora
|-damage|p1a: Zeraora|22/100
|
|-heal|p1a: Zeraora|28/100|[from] Grassy Terrain
|-heal|p1a: Zeraora|34/100|[from] item: Leftovers
|upkeep
|turn|9
|
|t:|1662126799
|move|p1a: Zeraora|Blaze Kick|p2a: Tangrowth
|-supereffective|p2a: Tangrowth
|-damage|p2a: Tangrowth|70/100
|-damage|p1a: Zeraora|18/100|[from] item: Rocky Helmet|[of] p2a: Tangrowth
|move|p2a: Tangrowth|Giga Drain|p1a: Zeraora
|-damage|p1a: Zeraora|0 fnt
|-heal|p2a: Tangrowth|77/100|[from] drain|[of] p1a: Zeraora
|faint|p1a: Zeraora
|
|-heal|p2a: Tangrowth|83/100|[from] Grassy Terrain
|upkeep
|
|t:|1662126802
|switch|p1a: Hawlucha|Hawlucha, M|100/100
|-enditem|p1a: Hawlucha|Grassy Seed
|-boost|p1a: Hawlucha|def|1|[from] item: Grassy Seed
|turn|10
|
|t:|1662126805
|switch|p2a: landorustherian|Landorus-Therian, M|22/100
|-ability|p2a: landorustherian|Intimidate|boost
|-unboost|p1a: Hawlucha|atk|1
|move|p1a: Hawlucha|Swords Dance|p1a: Hawlucha
|-boost|p1a: Hawlucha|atk|2
|
|-heal|p2a: landorustherian|28/100|[from] item: Leftovers
|-fieldend|move: Grassy Terrain
|upkeep
|turn|11
|
|t:|1662126808
|move|p1a: Hawlucha|Acrobatics|p2a: landorustherian
|-damage|p2a: landorustherian|0 fnt
|faint|p2a: landorustherian
|
|upkeep
|
|t:|1662126808
|switch|p2a: rotomwash|Rotom-Wash|100/100
|turn|12
|
|t:|1662126812
|move|p1a: Hawlucha|Substitute|p1a: Hawlucha
|-start|p1a: Hawlucha|Substitute
|-damage|p1a: Hawlucha|76/100
|move|p2a: rotomwash|Thunderbolt|p1a: Hawlucha
|-supereffective|p1a: Hawlucha
|-end|p1a: Hawlucha|Substitute
|
|upkeep
|turn|13
|
|t:|1662126816
|move|p1a: Hawlucha|Close Combat|p2a: rotomwash
|-damage|p2a: rotomwash|20/100
|-unboost|p1a: Hawlucha|def|1
|-unboost|p1a: Hawlucha|spd|1
|move|p2a: rotomwash|Thunderbolt|p1a: Hawlucha
|-supereffective|p1a: Hawlucha
|-damage|p1a: Hawlucha|0 fnt
|faint|p1a: Hawlucha
|
|-heal|p2a: rotomwash|26/100|[from] item: Leftovers
|upkeep
|
|t:|1662126821
|switch|p1a: Rillaboom|Rillaboom, F|90/100
|-fieldstart|move: Grassy Terrain|[from] ability: Grassy Surge|[of] p1a: Rillaboom
|turn|14
|
|t:|1662126823
|switch|p2a: Tangrowth|Tangrowth, M|100/100
|move|p1a: Rillaboom|Grassy Glide|p2a: Tangrowth
|-resisted|p2a: Tangrowth
|-damage|p2a: Tangrowth|84/100
|-damage|p1a: Rillaboom|74/100|[from] item: Rocky Helmet|[of] p2a: Tangrowth
|
|-heal|p1a: Rillaboom|80/100|[from] Grassy Terrain
|-heal|p2a: Tangrowth|90/100|[from] Grassy Terrain
|upkeep
|turn|15
|
|t:|1662126827
|switch|p1a: Azumarill|Azumarill, F, shiny|100/100
|move|p2a: Tangrowth|Giga Drain|p1a: Azumarill
|-supereffective|p1a: Azumarill
|-damage|p1a: Azumarill|13/100
|-heal|p2a: Tangrowth|100/100|[from] drain|[of] p1a: Azumarill
|-enditem|p1a: Azumarill|Sitrus Berry|[eat]
|-heal|p1a: Azumarill|38/100|[from] item: Sitrus Berry
|
|-heal|p1a: Azumarill|44/100|[from] Grassy Terrain
|upkeep
|turn|16
|
|t:|1662126829
|move|p1a: Azumarill|Knock Off|p2a: Tangrowth
|-damage|p2a: Tangrowth|90/100
|-damage|p1a: Azumarill|28/100|[from] item: Rocky Helmet|[of] p2a: Tangrowth
|-enditem|p2a: Tangrowth|Rocky Helmet|[from] move: Knock Off|[of] p1a: Azumarill
|move|p2a: Tangrowth|Giga Drain|p1a: Azumarill
|-supereffective|p1a: Azumarill
|-damage|p1a: Azumarill|0 fnt
|-heal|p2a: Tangrowth|100/100|[from] drain|[of] p1a: Azumarill
|faint|p1a: Azumarill
|
|upkeep
|-message|Kikoobuster forfeited.
|
|win|minimax_ai
|raw|Kikoobuster's rating: 1547 &rarr; <strong>1525</strong><br />(-22 for losing)
|raw|minimax_ai's rating: 1512 &rarr; <strong>1534</strong><br />(+22 for winning)
|c|☆minimax_ai|gg
|l|☆Kikoobuster
