|j|☆Contorted Lies
|j|☆Selah
|t:|1610507899
|player|p1|Contorted Lies|266|1849
|player|p2|Selah|alder|1737
|teamsize|p1|6
|teamsize|p2|6
|gametype|singles
|gen|8
|tier|[Gen 8] OU
|rated|
|clearpoke
|poke|p1|Melmetal|
|poke|p1|Slowking-Galar, M|
|poke|p1|Rillaboom, F|
|poke|p1|Swampert, M|
|poke|p1|Mandibuzz, F|
|poke|p1|Dragapult, M|
|poke|p2|Tapu Lele|
|poke|p2|Spectrier|
|poke|p2|Heatran, F|
|poke|p2|Toxapex, F|
|poke|p2|Mandibuzz, F|
|poke|p2|Hippowdon, F|
|rule|Sleep Clause Mod: Limit one foe put to sleep
|rule|Species Clause: Limit one of each Pokémon
|rule|OHKO Clause: OHKO moves are banned
|rule|Evasion Moves Clause: Evasion moves are banned
|rule|Endless Battle Clause: Forcing endless battles is banned
|rule|HP Percentage Mod: HP is shown in percentages
|rule|Dynamax Clause: You cannot dynamax
|teampreview
|j| Vessev
|
|t:|1610507917
|start
|switch|p1a: Swampert|Swampert, M|100/100
|switch|p2a: Spectrier|Spectrier|100/100
|turn|1
|
|t:|1610507921
|move|p2a: Spectrier|Shadow Ball|p1a: Swampert
|-damage|p1a: Swampert|52/100
|-unboost|p1a: Swampert|spd|1
|move|p1a: Swampert|Stealth Rock|p2a: Spectrier
|-sidestart|p2: Selah|move: Stealth Rock
|
|-heal|p1a: Swampert|58/100|[from] item: Leftovers
|upkeep
|turn|2
|inactive|Battle timer is ON: inactive players will automatically lose when time's up. (requested by Selah)
|
|t:|1610507927
|switch|p1a: Mandibuzz|Mandibuzz, F|100/100
|move|p2a: Spectrier|Shadow Ball|p1a: Mandibuzz
|-resisted|p1a: Mandibuzz
|-damage|p1a: Mandibuzz|74/100
|
|upkeep
|turn|3
|
|t:|1610507940
|switch|p2a: Toxapex|Toxapex, F|100/100
|-damage|p2a: Toxapex|88/100|[from] Stealth Rock
|move|p1a: Mandibuzz|Roost|p1a: Mandibuzz
|-heal|p1a: Mandibuzz|100/100
|-singleturn|p1a: Mandibuzz|move: Roost
|
|upkeep
|turn|4
|
|t:|1610507945
|switch|p1a: Slowking|Slowking-Galar, M|100/100
|move|p2a: Toxapex|Knock Off|p1a: Slowking
|-supereffective|p1a: Slowking
|-damage|p1a: Slowking|73/100
|-enditem|p1a: Slowking|Assault Vest|[from] move: Knock Off|[of] p2a: Toxapex
|
|upkeep
|turn|5
|
|t:|1610507948
|move|p2a: Toxapex|Toxic Spikes|p1a: Slowking
|-sidestart|p1: Contorted Lies|move: Toxic Spikes
|move|p1a: Slowking|Future Sight|p2a: Toxapex
|-start|p1a: Slowking|move: Future Sight
|
|upkeep
|turn|6
|j| PandoraHeartsGirl
|
|t:|1610507963
|switch|p2a: Heatran|Heatran, F|100/100
|-damage|p2a: Heatran|88/100|[from] Stealth Rock
|switch|p1a: Mandibuzz|Mandibuzz, F|100/100
|
|-heal|p2a: Heatran|94/100|[from] item: Leftovers
|upkeep
|turn|7
|
|t:|1610507968
|switch|p1a: Slowking|Slowking-Galar, M|100/100
|-sideend|p1: Contorted Lies|move: Toxic Spikes|[of] p1a: Slowking
|move|p2a: Heatran|Magma Storm|p1a: Slowking|[miss]
|-miss|p2a: Heatran|p1a: Slowking
|
|-end|p2a: Heatran|move: Future Sight
|-resisted|p2a: Heatran
|-damage|p2a: Heatran|63/100
|-heal|p2a: Heatran|69/100|[from] item: Leftovers
|upkeep
|turn|8
|
|t:|1610507974
|switch|p1a: Swampert|Swampert, M|58/100
|move|p2a: Heatran|Magma Storm|p1a: Swampert
|-resisted|p1a: Swampert
|-damage|p1a: Swampert|41/100
|-activate|p1a: Swampert|move: Magma Storm|[of] p2a: Heatran
|
|-heal|p2a: Heatran|75/100|[from] item: Leftovers
|-heal|p1a: Swampert|48/100|[from] item: Leftovers
|-damage|p1a: Swampert|35/100|[from] move: Magma Storm|[partiallytrapped]
|upkeep
|turn|9
|
|t:|1610507979
|move|p2a: Heatran|Protect|p2a: Heatran
|-singleturn|p2a: Heatran|Protect
|move|p1a: Swampert|Flip Turn|p2a: Heatran
|-activate|p2a: Heatran|move: Protect
|
|-heal|p2a: Heatran|82/100|[from] item: Leftovers
|-heal|p1a: Swampert|41/100|[from] item: Leftovers
|-damage|p1a: Swampert|29/100|[from] move: Magma Storm|[partiallytrapped]
|upkeep
|turn|10
|
|t:|1610507989
|switch|p2a: Toxapex|Toxapex, F|100/100
|-damage|p2a: Toxapex|88/100|[from] Stealth Rock
|move|p1a: Swampert|Earthquake|p2a: Toxapex
|-supereffective|p2a: Toxapex
|-damage|p2a: Toxapex|35/100
|
|-heal|p1a: Swampert|35/100|[from] item: Leftovers
|-end|p1a: Swampert|Magma Storm|[partiallytrapped]|[silent]
|upkeep
|turn|11
|
|t:|1610507993
|switch|p2a: Mandibuzz|Mandibuzz, F|100/100
|move|p1a: Swampert|Earthquake|p2a: Mandibuzz
|-immune|p2a: Mandibuzz
|
|-heal|p1a: Swampert|41/100|[from] item: Leftovers
|upkeep
|turn|12
|
|t:|1610508000
|switch|p2a: Toxapex|Toxapex, F|68/100
|-damage|p2a: Toxapex|55/100|[from] Stealth Rock
|switch|p1a: Slowking|Slowking-Galar, M|100/100
|
|upkeep
|turn|13
|
|t:|1610508003
|move|p2a: Toxapex|Toxic Spikes|p1a: Slowking
|-sidestart|p1: Contorted Lies|move: Toxic Spikes
|move|p1a: Slowking|Future Sight|p2a: Toxapex
|-start|p1a: Slowking|move: Future Sight
|
|upkeep
|turn|14
|
|t:|1610508009
|move|p2a: Toxapex|Knock Off|p1a: Slowking
|-supereffective|p1a: Slowking
|-damage|p1a: Slowking|80/100
|move|p1a: Slowking|Psychic|p2a: Toxapex
|-supereffective|p2a: Toxapex
|-damage|p2a: Toxapex|0 fnt
|faint|p2a: Toxapex
|
|upkeep
|l| PandoraHeartsGirl
|
|t:|1610508013
|switch|p2a: Heatran|Heatran, F|82/100
|-damage|p2a: Heatran|69/100|[from] Stealth Rock
|turn|15
|
|t:|1610508020
|move|p2a: Heatran|Magma Storm|p1a: Slowking|[miss]
|-miss|p2a: Heatran|p1a: Slowking
|move|p1a: Slowking|Psychic|p2a: Heatran
|-resisted|p2a: Heatran
|-damage|p2a: Heatran|46/100
|
|-end|p2a: Heatran|move: Future Sight
|-resisted|p2a: Heatran
|-damage|p2a: Heatran|14/100
|-heal|p2a: Heatran|21/100|[from] item: Leftovers
|upkeep
|turn|16
|
|t:|1610508027
|move|p2a: Heatran|Protect|p2a: Heatran
|-singleturn|p2a: Heatran|Protect
|move|p1a: Slowking|Future Sight|p2a: Heatran
|-start|p1a: Slowking|move: Future Sight
|
|-heal|p2a: Heatran|27/100|[from] item: Leftovers
|upkeep
|turn|17
|l|☆Contorted Lies
|inactive|Contorted Lies disconnected and has a minute to reconnect!
|player|p1|
|j|☆Contorted Lies
|inactive|Contorted Lies reconnected and has 135 seconds left.
|player|p1|Contorted Lies|266
|
|t:|1610508048
|move|p2a: Heatran|Magma Storm|p1a: Slowking
|-damage|p1a: Slowking|37/100
|-activate|p1a: Slowking|move: Magma Storm|[of] p2a: Heatran
|move|p1a: Slowking|Psychic|p2a: Heatran
|-resisted|p2a: Heatran
|-damage|p2a: Heatran|3/100
|
|-heal|p2a: Heatran|9/100|[from] item: Leftovers
|-damage|p1a: Slowking|24/100|[from] move: Magma Storm|[partiallytrapped]
|upkeep
|turn|18
|
|t:|1610508061
|switch|p2a: Mandibuzz|Mandibuzz, F|100/100
|move|p1a: Slowking|Psychic|p2a: Mandibuzz
|-immune|p2a: Mandibuzz
|
|-end|p2a: Mandibuzz|move: Future Sight
|-immune|p2a: Mandibuzz
|-end|p1a: Slowking|Magma Storm|[partiallytrapped]|[silent]
|upkeep
|turn|19
|
|t:|1610508066
|switch|p1a: Mandibuzz|Mandibuzz, F|100/100
|move|p2a: Mandibuzz|U-turn|p1a: Mandibuzz
|-damage|p1a: Mandibuzz|95/100
|j| Degeneracion
|
|t:|1610508076
|switch|p2a: Hippowdon|Hippowdon, F|100/100|[from]move: U-turn
|-damage|p2a: Hippowdon|94/100|[from] Stealth Rock
|-weather|Sandstorm|[from] ability: Sand Stream|[of] p2a: Hippowdon
|
|-weather|Sandstorm|[upkeep]
|-heal|p2a: Hippowdon|100/100|[from] item: Leftovers
|upkeep
|turn|20
|
|t:|1610508081
|move|p1a: Mandibuzz|Toxic|p2a: Hippowdon
|-status|p2a: Hippowdon|tox
|move|p2a: Hippowdon|Stealth Rock|p1a: Mandibuzz
|-sidestart|p1: Contorted Lies|move: Stealth Rock
|
|-weather|Sandstorm|[upkeep]
|-damage|p2a: Hippowdon|94/100 tox|[from] psn
|upkeep
|turn|21
|
|t:|1610508088
|move|p1a: Mandibuzz|Defog|p2a: Hippowdon
|-unboost|p2a: Hippowdon|evasion|1
|-sideend|p2: Selah|Stealth Rock|[from] move: Defog|[of] p1a: Mandibuzz
|-sideend|p1: Contorted Lies|Toxic Spikes|[from] move: Defog|[of] p1a: Mandibuzz
|-sideend|p1: Contorted Lies|Stealth Rock|[from] move: Defog|[of] p1a: Mandibuzz
|move|p2a: Hippowdon|Toxic|p1a: Mandibuzz
|-status|p1a: Mandibuzz|tox
|
|-weather|Sandstorm|[upkeep]
|-heal|p2a: Hippowdon|100/100 tox|[from] item: Leftovers
|-damage|p1a: Mandibuzz|88/100 tox|[from] psn
|-damage|p2a: Hippowdon|88/100 tox|[from] psn
|upkeep
|turn|22
|
|t:|1610508094
|switch|p1a: Swampert|Swampert, M|41/100
|move|p2a: Hippowdon|Toxic|p1a: Swampert
|-status|p1a: Swampert|tox
|
|-weather|Sandstorm|[upkeep]
|-heal|p1a: Swampert|48/100 tox|[from] item: Leftovers
|-heal|p2a: Hippowdon|94/100 tox|[from] item: Leftovers
|-damage|p1a: Swampert|41/100 tox|[from] psn
|-damage|p2a: Hippowdon|76/100 tox|[from] psn
|upkeep
|turn|23
|
|t:|1610508098
|move|p1a: Swampert|Stealth Rock|p2a: Hippowdon
|-sidestart|p2: Selah|move: Stealth Rock
|move|p2a: Hippowdon|Stealth Rock|p1a: Swampert
|-sidestart|p1: Contorted Lies|move: Stealth Rock
|
|-weather|none
|-heal|p1a: Swampert|48/100 tox|[from] item: Leftovers
|-heal|p2a: Hippowdon|82/100 tox|[from] item: Leftovers
|-damage|p1a: Swampert|35/100 tox|[from] psn
|-damage|p2a: Hippowdon|57/100 tox|[from] psn
|upkeep
|turn|24
|
|t:|1610508104
|switch|p1a: Mandibuzz|Mandibuzz, F|88/100 tox
|move|p2a: Hippowdon|Slack Off|p2a: Hippowdon
|-heal|p2a: Hippowdon|100/100 tox
|
|-damage|p1a: Mandibuzz|82/100 tox|[from] psn
|-damage|p2a: Hippowdon|70/100 tox|[from] psn
|upkeep
|turn|25
|
|t:|1610508113
|switch|p2a: Tapu Lele|Tapu Lele|100/100
|-damage|p2a: Tapu Lele|88/100|[from] Stealth Rock
|-fieldstart|move: Psychic Terrain|[from] ability: Psychic Surge|[of] p2a: Tapu Lele
|move|p1a: Mandibuzz|Toxic|p2a: Tapu Lele
|-status|p2a: Tapu Lele|tox
|
|-damage|p2a: Tapu Lele|82/100 tox|[from] psn
|-damage|p1a: Mandibuzz|70/100 tox|[from] psn
|upkeep
|turn|26
|
|t:|1610508118
|switch|p1a: Swampert|Swampert, M|35/100 tox
|-damage|p1a: Swampert|29/100 tox|[from] Stealth Rock
|move|p2a: Tapu Lele|Psychic|p1a: Swampert
|-damage|p1a: Swampert|0 fnt
|faint|p1a: Swampert
|
|-damage|p2a: Tapu Lele|70/100 tox|[from] psn
|upkeep
|
|t:|1610508126
|switch|p1a: Melmetal|Melmetal|100/100
|-damage|p1a: Melmetal|94/100|[from] Stealth Rock
|turn|27
|
|t:|1610508133
|switch|p2a: Mandibuzz|Mandibuzz, F|100/100
|move|p1a: Melmetal|Double Iron Bash|p2a: Mandibuzz
|-damage|p2a: Mandibuzz|69/100
|-damage|p2a: Mandibuzz|40/100
|-hitcount|p2a: Mandibuzz|2
|
|-heal|p1a: Melmetal|100/100|[from] item: Leftovers
|upkeep
|turn|28
|j| angrrry
|
|t:|1610508143
|move|p2a: Mandibuzz|Defog|p1a: Melmetal
|-unboost|p1a: Melmetal|evasion|1
|-sideend|p1: Contorted Lies|Stealth Rock|[from] move: Defog|[of] p2a: Mandibuzz
|-sideend|p2: Selah|Stealth Rock|[from] move: Defog|[of] p2a: Mandibuzz
|-fieldend|move: Psychic Terrain
|move|p1a: Melmetal|Double Iron Bash|p2a: Mandibuzz
|-damage|p2a: Mandibuzz|11/100
|-damage|p2a: Mandibuzz|0 fnt
|-hitcount|p2a: Mandibuzz|2
|faint|p2a: Mandibuzz
|
|upkeep
|
|t:|1610508146
|switch|p2a: Heatran|Heatran, F|9/100
|turn|29
|
|t:|1610508151
|switch|p1a: Dragapult|Dragapult, M|100/100
|move|p2a: Heatran|Protect||[still]
|-fail|p2a: Heatran
|
|-heal|p2a: Heatran|16/100|[from] item: Leftovers
|upkeep
|turn|30
|
|t:|1610508154
|move|p2a: Heatran|Protect|p2a: Heatran
|-singleturn|p2a: Heatran|Protect
|move|p1a: Dragapult|Shadow Ball|p2a: Heatran
|-activate|p2a: Heatran|move: Protect
|
|-heal|p2a: Heatran|22/100|[from] item: Leftovers
|upkeep
|turn|31
|
|t:|1610508163
|switch|p2a: Tapu Lele|Tapu Lele|70/100 tox
|-fieldstart|move: Psychic Terrain|[from] ability: Psychic Surge|[of] p2a: Tapu Lele
|move|p1a: Dragapult|Shadow Ball|p2a: Tapu Lele
|-supereffective|p2a: Tapu Lele
|-damage|p2a: Tapu Lele|0 fnt
|faint|p2a: Tapu Lele
|
|upkeep
|
|t:|1610508165
|switch|p2a: Hippowdon|Hippowdon, F|70/100 tox
|-weather|Sandstorm|[from] ability: Sand Stream|[of] p2a: Hippowdon
|turn|32
|
|t:|1610508171
|move|p1a: Dragapult|Shadow Ball|p2a: Hippowdon
|-damage|p2a: Hippowdon|31/100 tox
|move|p2a: Hippowdon|Toxic|p1a: Dragapult
|-status|p1a: Dragapult|tox
|
|-weather|Sandstorm|[upkeep]
|-damage|p1a: Dragapult|95/100 tox|[from] Sandstorm
|-heal|p2a: Hippowdon|37/100 tox|[from] item: Leftovers
|-damage|p1a: Dragapult|89/100 tox|[from] psn
|-damage|p2a: Hippowdon|31/100 tox|[from] psn
|upkeep
|turn|33
|
|t:|1610508175
|move|p1a: Dragapult|Shadow Ball|p2a: Hippowdon
|-damage|p2a: Hippowdon|0 fnt
|faint|p2a: Hippowdon
|
|-weather|Sandstorm|[upkeep]
|-damage|p1a: Dragapult|83/100 tox|[from] Sandstorm
|-damage|p1a: Dragapult|71/100 tox|[from] psn
|upkeep
|
|t:|1610508178
|switch|p2a: Heatran|Heatran, F|22/100
|turn|34
|
|t:|1610508187
|switch|p1a: Mandibuzz|Mandibuzz, F|70/100 tox
|move|p2a: Heatran|Protect||[still]
|-fail|p2a: Heatran
|
|-weather|Sandstorm|[upkeep]
|-heal|p2a: Heatran|28/100|[from] item: Leftovers
|-damage|p1a: Mandibuzz|64/100 tox|[from] psn
|upkeep
|turn|35
|
|t:|1610508190
|move|p2a: Heatran|Protect|p2a: Heatran
|-singleturn|p2a: Heatran|Protect
|move|p1a: Mandibuzz|Foul Play|p2a: Heatran
|-activate|p2a: Heatran|move: Protect
|
|-weather|Sandstorm|[upkeep]
|-heal|p2a: Heatran|34/100|[from] item: Leftovers
|-damage|p1a: Mandibuzz|52/100 tox|[from] psn
|-fieldend|move: Psychic Terrain
|upkeep
|turn|36
|
|t:|1610508195
|move|p2a: Heatran|Magma Storm|p1a: Mandibuzz
|-damage|p1a: Mandibuzz|10/100 tox
|-activate|p1a: Mandibuzz|move: Magma Storm|[of] p2a: Heatran
|move|p1a: Mandibuzz|Foul Play|p2a: Heatran
|-damage|p2a: Heatran|9/100
|
|-weather|none
|-heal|p2a: Heatran|15/100|[from] item: Leftovers
|-damage|p1a: Mandibuzz|0 fnt|[from] psn
|faint|p1a: Mandibuzz
|upkeep
|
|t:|1610508201
|switch|p1a: Dragapult|Dragapult, M|71/100 tox
|turn|37
|
|t:|1610508203
|move|p2a: Heatran|Protect|p2a: Heatran
|-singleturn|p2a: Heatran|Protect
|move|p1a: Dragapult|Shadow Ball|p2a: Heatran
|-activate|p2a: Heatran|move: Protect
|
|-heal|p2a: Heatran|21/100|[from] item: Leftovers
|-damage|p1a: Dragapult|65/100 tox|[from] psn
|upkeep
|turn|38
|
|t:|1610508206
|move|p2a: Heatran|Protect||[still]
|-fail|p2a: Heatran
|move|p1a: Dragapult|Shadow Ball|p2a: Heatran
|-damage|p2a: Heatran|0 fnt
|faint|p2a: Heatran
|
|-damage|p1a: Dragapult|53/100 tox|[from] psn
|upkeep
|
|t:|1610508208
|switch|p2a: Spectrier|Spectrier|100/100
|turn|39
|
|t:|1610508210
|move|p1a: Dragapult|Shadow Ball|p2a: Spectrier
|-supereffective|p2a: Spectrier
|-damage|p2a: Spectrier|22/100
|-unboost|p2a: Spectrier|spd|1
|move|p2a: Spectrier|Shadow Ball|p1a: Dragapult
|-supereffective|p1a: Dragapult
|-crit|p1a: Dragapult
|-damage|p1a: Dragapult|0 fnt
|faint|p1a: Dragapult
|-ability|p2a: Spectrier|Grim Neigh|boost
|-boost|p2a: Spectrier|spa|1
|
|upkeep
|
|t:|1610508214
|switch|p1a: Rillaboom|Rillaboom, F|100/100
|-fieldstart|move: Grassy Terrain|[from] ability: Grassy Surge|[of] p1a: Rillaboom
|turn|40
|
|t:|1610508215
|move|p1a: Rillaboom|Grassy Glide|p2a: Spectrier
|-damage|p2a: Spectrier|0 fnt
|faint|p2a: Spectrier
|
|win|Contorted Lies
|l|☆Selah
|l| Degeneracion
|l|☆Contorted Lies
|raw|Contorted Lies's rating: 1849 &rarr; <strong>1862</strong><br />(+13 for winning)
|raw|Selah's rating: 1727 &rarr; <strong>1714</strong><br />(-13 for losing)
