|html|<div class="broadcast-blue"><strong>[Gen 8] OU is currently suspecting Melmetal! For information on how to participate check out the <a href="https://www.smogon.com/forums/threads/np-ss-ou-suspect-process-round-12-monster-mash.3709234/">suspect thread</a>.</strong></div>
|j|☆minimax_ai
|j|☆SMxVale
|t:|1666199851
|gametype|singles
|player|p1|minimax_ai|lusamine-nihilego|1660
|player|p2|SMxVale|169|1699
|teamsize|p1|6
|teamsize|p2|6
|gen|8
|tier|[Gen 8] OU
|rated|
|rule|Sleep Clause Mod: Limit one foe put to sleep
|rule|Species Clause: Limit one of each Pokémon
|rule|OHKO Clause: OHKO moves are banned
|rule|Evasion Items Clause: Evasion items are banned
|rule|Evasion Moves Clause: Evasion moves are banned
|rule|Endless Battle Clause: Forcing endless battles is banned
|rule|HP Percentage Mod: HP is shown in percentages
|rule|Dynamax Clause: You cannot dynamax
|clearpoke
|poke|p1|Rotom-Wash|
|poke|p1|Weavile, M|
|poke|p1|Landorus-Therian, M|
|poke|p1|Heatran, M|
|poke|p1|Tangrowth, F|
|poke|p1|Melmetal|
|poke|p2|Seismitoad, F|
|poke|p2|Buzzwole|
|poke|p2|Weavile, F|
|poke|p2|Clefable, F|
|poke|p2|Magnezone|
|poke|p2|Tornadus-Therian, M|
|teampreview
|c|☆minimax_ai|hf
|inactive|Battle timer is ON: inactive players will automatically lose when time's up. (requested by minimax_ai)
|c|☆SMxVale|hf
|
|t:|1666199868
|start
|switch|p1a: landorustherian|Landorus-Therian, M|100/100
|switch|p2a: Tornadus|Tornadus-Therian, M|100/100
|-ability|p1a: landorustherian|Intimidate|boost
|-unboost|p2a: Tornadus|atk|1
|turn|1
|
|t:|1666199871
|move|p2a: Tornadus|Knock Off|p1a: landorustherian
|-damage|p1a: landorustherian|88/100
|-enditem|p1a: landorustherian|Leftovers|[from] move: Knock Off|[of] p2a: Tornadus
|move|p1a: landorustherian|Toxic|p2a: Tornadus
|-status|p2a: Tornadus|tox
|
|-damage|p2a: Tornadus|94/100 tox|[from] psn
|upkeep
|turn|2
|
|t:|1666199884
|move|p2a: Tornadus|Hurricane|p1a: landorustherian
|-damage|p1a: landorustherian|59/100
|move|p1a: landorustherian|Toxic|p2a: Tornadus
|-fail|p2a: Tornadus|tox
|
|-damage|p2a: Tornadus|82/100 tox|[from] psn
|upkeep
|turn|3
|
|t:|1666199899
|move|p2a: Tornadus|Knock Off|p1a: landorustherian
|-damage|p1a: landorustherian|49/100
|move|p1a: landorustherian|Toxic|p2a: Tornadus
|-fail|p2a: Tornadus|tox
|
|-damage|p2a: Tornadus|64/100 tox|[from] psn
|upkeep
|turn|4
|
|t:|1666199908
|switch|p2a: Buzzwole|Buzzwole|100/100
|move|p1a: landorustherian|Toxic|p2a: Buzzwole
|-status|p2a: Buzzwole|tox
|
|-damage|p2a: Buzzwole|94/100 tox|[from] psn
|upkeep
|turn|5
|
|t:|1666199913
|switch|p1a: Tangrowth|Tangrowth, F|100/100
|switch|p2a: Tornadus|Tornadus-Therian, M|97/100 tox
|
|-damage|p2a: Tornadus|91/100 tox|[from] psn
|upkeep
|turn|6
|
|t:|1666199918
|switch|p1a: Melmetal|Melmetal|100/100
|move|p2a: Tornadus|Knock Off|p1a: Melmetal
|-damage|p1a: Melmetal|90/100
|-enditem|p1a: Melmetal|Assault Vest|[from] move: Knock Off|[of] p2a: Tornadus
|
|-damage|p2a: Tornadus|79/100 tox|[from] psn
|upkeep
|turn|7
|
|t:|1666199933
|switch|p2a: Buzzwole|Buzzwole|94/100 tox
|move|p1a: Melmetal|Double Iron Bash|p2a: Buzzwole
|-damage|p2a: Buzzwole|76/100 tox
|-damage|p2a: Buzzwole|58/100 tox
|-hitcount|p2a: Buzzwole|2
|
|-damage|p2a: Buzzwole|52/100 tox|[from] psn
|upkeep
|turn|8
|
|t:|1666199944
|switch|p1a: Tangrowth|Tangrowth, F|100/100
|move|p2a: Buzzwole|Drain Punch|p1a: Tangrowth
|-damage|p1a: Tangrowth|82/100
|-heal|p2a: Buzzwole|61/100 tox|[from] drain|[of] p1a: Tangrowth
|-damage|p2a: Buzzwole|44/100 tox|[from] item: Rocky Helmet|[of] p1a: Tangrowth
|
|-damage|p2a: Buzzwole|32/100 tox|[from] psn
|upkeep
|turn|9
|
|t:|1666199949
|switch|p2a: Clefable|Clefable, F|100/100
|switch|p1a: rotomwash|Rotom-Wash|100/100
|
|upkeep
|turn|10
|
|t:|1666199952
|switch|p1a: Heatran|Heatran, M|100/100
|-item|p1a: Heatran|Air Balloon
|move|p2a: Clefable|Heal Bell|p2a: Clefable
|-activate|p2a: Clefable|move: Heal Bell
|-curestatus|p2: Tornadus|tox|[msg]
|-curestatus|p2: Buzzwole|tox|[msg]
|
|upkeep
|turn|11
|
|t:|1666199957
|move|p1a: Heatran|Magma Storm|p2a: Clefable
|-damage|p2a: Clefable|65/100
|-activate|p2a: Clefable|move: Magma Storm|[of] p1a: Heatran
|move|p2a: Clefable|Thunder Wave|p1a: Heatran
|-status|p1a: Heatran|par
|
|-damage|p2a: Clefable|52/100|[from] move: Magma Storm|[partiallytrapped]
|upkeep
|turn|12
|
|t:|1666199962
|move|p2a: Clefable|Soft-Boiled|p2a: Clefable
|-heal|p2a: Clefable|100/100
|move|p1a: Heatran|Eruption|p2a: Clefable
|-damage|p2a: Clefable|45/100
|
|-damage|p2a: Clefable|33/100|[from] move: Magma Storm|[partiallytrapped]
|upkeep
|turn|13
|
|t:|1666199970
|move|p2a: Clefable|Soft-Boiled|p2a: Clefable
|-heal|p2a: Clefable|83/100
|move|p1a: Heatran|Eruption|p2a: Clefable
|-damage|p2a: Clefable|30/100
|
|-damage|p2a: Clefable|18/100|[from] move: Magma Storm|[partiallytrapped]
|upkeep
|turn|14
|
|t:|1666199977
|move|p2a: Clefable|Soft-Boiled|p2a: Clefable
|-heal|p2a: Clefable|68/100
|move|p1a: Heatran|Eruption|p2a: Clefable
|-crit|p2a: Clefable
|-damage|p2a: Clefable|0 fnt
|faint|p2a: Clefable
|
|upkeep
|
|t:|1666199991
|switch|p2a: Tornadus|Tornadus-Therian, M|100/100
|turn|15
|
|t:|1666199993
|move|p2a: Tornadus|Knock Off|p1a: Heatran
|-damage|p1a: Heatran|82/100 par
|-enditem|p1a: Heatran|Air Balloon
|cant|p1a: Heatran|par
|
|upkeep
|turn|16
|
|t:|1666199999
|switch|p1a: rotomwash|Rotom-Wash|100/100
|move|p2a: Tornadus|Hurricane|p1a: rotomwash
|-resisted|p1a: rotomwash
|-damage|p1a: rotomwash|77/100
|
|-heal|p1a: rotomwash|84/100|[from] item: Leftovers
|upkeep
|turn|17
|
|t:|1666200004
|move|p2a: Tornadus|Knock Off|p1a: rotomwash
|-damage|p1a: rotomwash|64/100
|-enditem|p1a: rotomwash|Leftovers|[from] move: Knock Off|[of] p2a: Tornadus
|move|p1a: rotomwash|Nasty Plot|p1a: rotomwash
|-boost|p1a: rotomwash|spa|2
|
|upkeep
|turn|18
|
|t:|1666200010
|switch|p2a: Seismitoad|Seismitoad, F|100/100
|move|p1a: rotomwash|Hydro Pump|p2a: Seismitoad
|-immune|p2a: Seismitoad|[from] ability: Water Absorb
|
|upkeep
|turn|19
|
|t:|1666200014
|move|p1a: rotomwash|Pain Split|p2a: Seismitoad
|-sethp|p2a: Seismitoad|74/100|[from] move: Pain Split|[silent]
|-sethp|p1a: rotomwash|99/100|[from] move: Pain Split
|move|p2a: Seismitoad|Stealth Rock|p1a: rotomwash
|-sidestart|p1: minimax_ai|move: Stealth Rock
|
|-heal|p2a: Seismitoad|80/100|[from] item: Leftovers
|upkeep
|turn|20
|
|t:|1666200016
|move|p1a: rotomwash|Nasty Plot|p1a: rotomwash
|-boost|p1a: rotomwash|spa|2
|move|p2a: Seismitoad|Toxic|p1a: rotomwash|[miss]
|-miss|p2a: Seismitoad|p1a: rotomwash
|
|-heal|p2a: Seismitoad|86/100|[from] item: Leftovers
|upkeep
|turn|21
|
|t:|1666200021
|move|p1a: rotomwash|Pain Split|p2a: Seismitoad
|-sethp|p2a: Seismitoad|80/100|[from] move: Pain Split|[silent]
|-sethp|p1a: rotomwash|100/100|[from] move: Pain Split
|move|p2a: Seismitoad|Toxic|p1a: rotomwash
|-status|p1a: rotomwash|tox
|
|-heal|p2a: Seismitoad|86/100|[from] item: Leftovers
|-damage|p1a: rotomwash|94/100 tox|[from] psn
|upkeep
|turn|22
|
|t:|1666200028
|move|p1a: rotomwash|Thunderbolt|p2a: Seismitoad
|-immune|p2a: Seismitoad
|move|p2a: Seismitoad|Toxic|p1a: rotomwash
|-fail|p1a: rotomwash|tox
|
|-heal|p2a: Seismitoad|92/100|[from] item: Leftovers
|-damage|p1a: rotomwash|82/100 tox|[from] psn
|upkeep
|turn|23
|
|t:|1666200037
|move|p1a: rotomwash|Thunderbolt|p2a: Seismitoad
|-immune|p2a: Seismitoad
|move|p2a: Seismitoad|Earthquake|p1a: rotomwash
|-immune|p1a: rotomwash|[from] ability: Levitate
|
|-heal|p2a: Seismitoad|98/100|[from] item: Leftovers
|-damage|p1a: rotomwash|63/100 tox|[from] psn
|upkeep
|turn|24
|
|t:|1666200046
|move|p1a: rotomwash|Hydro Pump|p2a: Seismitoad
|-heal|p2a: Seismitoad|100/100|[from] ability: Water Absorb|[of] p1a: rotomwash
|move|p2a: Seismitoad|Earthquake|p1a: rotomwash
|-immune|p1a: rotomwash|[from] ability: Levitate
|
|-damage|p1a: rotomwash|38/100 tox|[from] psn
|upkeep
|turn|25
|
|t:|1666200054
|switch|p1a: Tangrowth|Tangrowth, F|100/100
|-damage|p1a: Tangrowth|88/100|[from] Stealth Rock
|move|p2a: Seismitoad|Toxic|p1a: Tangrowth
|-status|p1a: Tangrowth|tox
|
|-damage|p1a: Tangrowth|82/100 tox|[from] psn
|upkeep
|turn|26
|
|t:|1666200076
|move|p2a: Seismitoad|Protect|p2a: Seismitoad
|-singleturn|p2a: Seismitoad|Protect
|move|p1a: Tangrowth|Sleep Powder|p2a: Seismitoad
|-activate|p2a: Seismitoad|move: Protect
|
|-damage|p1a: Tangrowth|70/100 tox|[from] psn
|upkeep
|turn|27
|inactive|SMxVale has 120 seconds left.
|
|t:|1666200098
|move|p2a: Seismitoad|Earthquake|p1a: Tangrowth
|-resisted|p1a: Tangrowth
|-damage|p1a: Tangrowth|61/100 tox
|move|p1a: Tangrowth|Sleep Powder|p2a: Seismitoad
|-status|p2a: Seismitoad|slp|[from] move: Sleep Powder
|
|-damage|p1a: Tangrowth|43/100 tox|[from] psn
|upkeep
|turn|28
|inactive|SMxVale has 120 seconds left.
|
|t:|1666200115
|switch|p2a: Tornadus|Tornadus-Therian, M|100/100
|switch|p1a: Melmetal|Melmetal|90/100
|-damage|p1a: Melmetal|84/100|[from] Stealth Rock
|
|upkeep
|turn|29
|
|t:|1666200119
|move|p2a: Tornadus|Heat Wave|p1a: Melmetal
|-supereffective|p1a: Melmetal
|-damage|p1a: Melmetal|44/100
|move|p1a: Melmetal|Double Iron Bash|p2a: Tornadus
|-damage|p2a: Tornadus|62/100
|-damage|p2a: Tornadus|23/100
|-hitcount|p2a: Tornadus|2
|
|upkeep
|turn|30
|
|t:|1666200127
|switch|p2a: Magnezone|Magnezone|100/100
|move|p1a: Melmetal|Earthquake|p2a: Magnezone
|-supereffective|p2a: Magnezone
|-damage|p2a: Magnezone|0 fnt
|faint|p2a: Magnezone
|
|upkeep
|
|t:|1666200135
|switch|p2a: Weavile|Weavile, F|100/100
|-ability|p2a: Weavile|Pressure
|turn|31
|
|t:|1666200139
|switch|p1a: Tangrowth|Tangrowth, F|76/100 tox
|-damage|p1a: Tangrowth|64/100 tox|[from] Stealth Rock
|move|p2a: Weavile|Low Kick|p1a: Tangrowth
|-crit|p1a: Tangrowth
|-damage|p1a: Tangrowth|37/100 tox
|-damage|p2a: Weavile|84/100|[from] item: Rocky Helmet|[of] p1a: Tangrowth
|
|-damage|p1a: Tangrowth|31/100 tox|[from] psn
|upkeep
|turn|32
|
|t:|1666200151
|switch|p1a: rotomwash|Rotom-Wash|38/100 tox
|-damage|p1a: rotomwash|25/100 tox|[from] Stealth Rock
|move|p2a: Weavile|Triple Axel|p1a: rotomwash
|-resisted|p1a: rotomwash
|-damage|p1a: rotomwash|20/100 tox
|-resisted|p1a: rotomwash
|-damage|p1a: rotomwash|8/100 tox
|-resisted|p1a: rotomwash
|-damage|p1a: rotomwash|0 fnt
|faint|p1a: rotomwash
|-hitcount|p1: rotomwash|3
|
|upkeep
|
|t:|1666200151
|switch|p1a: Tangrowth|Tangrowth, F|64/100 tox
|-damage|p1a: Tangrowth|52/100 tox|[from] Stealth Rock
|turn|33
|
|t:|1666200162
|move|p2a: Weavile|Triple Axel|p1a: Tangrowth
|-supereffective|p1a: Tangrowth
|-damage|p1a: Tangrowth|40/100 tox
|-damage|p2a: Weavile|68/100|[from] item: Rocky Helmet|[of] p1a: Tangrowth
|-supereffective|p1a: Tangrowth
|-damage|p1a: Tangrowth|16/100 tox
|-damage|p2a: Weavile|51/100|[from] item: Rocky Helmet|[of] p1a: Tangrowth
|-supereffective|p1a: Tangrowth
|-damage|p1a: Tangrowth|0 fnt
|-damage|p2a: Weavile|35/100|[from] item: Rocky Helmet|[of] p1a: Tangrowth
|faint|p1a: Tangrowth
|-hitcount|p1: Tangrowth|3
|
|upkeep
|
|t:|1666200162
|switch|p1a: landorustherian|Landorus-Therian, M|49/100
|-damage|p1a: landorustherian|37/100|[from] Stealth Rock
|-ability|p1a: landorustherian|Intimidate|boost
|-unboost|p2a: Weavile|atk|1
|turn|34
|
|t:|1666200171
|move|p2a: Weavile|Ice Shard|p1a: landorustherian
|-supereffective|p1a: landorustherian
|-damage|p1a: landorustherian|0 fnt
|faint|p1a: landorustherian
|
|upkeep
|
|t:|1666200171
|switch|p1a: Melmetal|Melmetal|44/100
|-damage|p1a: Melmetal|38/100|[from] Stealth Rock
|turn|35
|
|t:|1666200187
|switch|p2a: Tornadus|Tornadus-Therian, M|56/100
|move|p1a: Melmetal|Double Iron Bash|p2a: Tornadus
|-damage|p2a: Tornadus|18/100
|-damage|p2a: Tornadus|0 fnt
|faint|p2a: Tornadus
|-hitcount|p2: Tornadus|2
|
|upkeep
|
|t:|1666200189
|switch|p2a: Buzzwole|Buzzwole|32/100
|turn|36
|
|t:|1666200191
|move|p2a: Buzzwole|Roost|p2a: Buzzwole
|-heal|p2a: Buzzwole|82/100
|-singleturn|p2a: Buzzwole|move: Roost
|move|p1a: Melmetal|Double Iron Bash|p2a: Buzzwole
|-damage|p2a: Buzzwole|64/100
|-damage|p2a: Buzzwole|44/100
|-hitcount|p2a: Buzzwole|2
|
|upkeep
|turn|37
|
|t:|1666200198
|move|p2a: Buzzwole|Drain Punch|p1a: Melmetal
|-supereffective|p1a: Melmetal
|-damage|p1a: Melmetal|0 fnt
|-heal|p2a: Buzzwole|64/100|[from] drain|[of] p1a: Melmetal
|faint|p1a: Melmetal
|-ability|p2a: Buzzwole|Beast Boost|boost
|-boost|p2a: Buzzwole|def|1
|
|upkeep
|
|t:|1666200198
|switch|p1a: Heatran|Heatran, M|82/100 par
|-damage|p1a: Heatran|69/100 par|[from] Stealth Rock
|turn|38
|
|t:|1666200204
|move|p2a: Buzzwole|Earthquake|p1a: Heatran
|-supereffective|p1a: Heatran
|-damage|p1a: Heatran|0 fnt
|faint|p1a: Heatran
|-ability|p2a: Buzzwole|Beast Boost|boost
|-boost|p2a: Buzzwole|def|1
|
|upkeep
|
|t:|1666200204
|switch|p1a: Weavile|Weavile, M|100/100
|-damage|p1a: Weavile|76/100|[from] Stealth Rock
|-ability|p1a: Weavile|Pressure
|turn|39
|c|☆SMxVale|gg
|
|t:|1666200208
|move|p1a: Weavile|Triple Axel|p2a: Buzzwole
|-damage|p2a: Buzzwole|60/100
|-damage|p2a: Buzzwole|53/100
|-damage|p2a: Buzzwole|41/100
|-hitcount|p2a: Buzzwole|3
|move|p2a: Buzzwole|Drain Punch|p1a: Weavile
|-supereffective|p1a: Weavile
|-damage|p1a: Weavile|0 fnt
|-heal|p2a: Buzzwole|67/100|[from] drain|[of] p1a: Weavile
|faint|p1a: Weavile
|
|win|SMxVale
|raw|minimax_ai's rating: 1660 &rarr; <strong>1642</strong><br />(-18 for losing)
|raw|SMxVale's rating: 1699 &rarr; <strong>1717</strong><br />(+18 for winning)
|c|☆minimax_ai|gg
|l|☆minimax_ai
||Ladder isn't responding, score probably updated but might not have (Request timeout).
