|j|☆Pinks1ip
|j|☆CreScent10
|t:|1652099757
|gametype|singles
|player|p1|Pinks1ip|skierf|1388
|player|p2|CreScent10|265|1352
|teamsize|p1|6
|teamsize|p2|6
|gen|8
|tier|[Gen 8] OU
|rated|
|rule|Sleep Clause Mod: Limit one foe put to sleep
|rule|Species Clause: Limit one of each Pokémon
|rule|OHKO Clause: OHKO moves are banned
|rule|Evasion Moves Clause: Evasion moves are banned
|rule|Endless Battle Clause: Forcing endless battles is banned
|rule|HP Percentage Mod: HP is shown in percentages
|rule|Dynamax Clause: You cannot dynamax
|clearpoke
|poke|p1|Moltres-Galar|
|poke|p1|Aegislash, M|
|poke|p1|Garchomp, F|
|poke|p1|Tapu Koko|
|poke|p1|Landorus-Therian, M|
|poke|p1|Regieleki|
|poke|p2|Volcanion|
|poke|p2|Landorus-Therian, M|
|poke|p2|Victini|
|poke|p2|Tornadus-Therian, M|
|poke|p2|Bisharp, F|
|poke|p2|Dragapult, F|
|teampreview
|
|t:|1652099781
|start
|switch|p1a: Tapu Koko|Tapu Koko|100/100
|switch|p2a: Dragapult|Dragapult, F|100/100
|-fieldstart|move: Electric Terrain|[from] ability: Electric Surge|[of] p1a: Tapu Koko
|turn|1
|
|t:|1652099811
|move|p2a: Dragapult|U-turn|p1a: Tapu Koko
|-resisted|p1a: Tapu Koko
|-damage|p1a: Tapu Koko|92/100
|
|t:|1652099821
|switch|p2a: Landorus|Landorus-Therian, M|100/100|[from]move: U-turn
|-ability|p2a: Landorus|Intimidate|boost
|-unboost|p1a: Tapu Koko|atk|1
|move|p1a: Tapu Koko|Light Screen|p1a: Tapu Koko
|-sidestart|p1: Pinks1ip|move: Light Screen
|
|upkeep
|turn|2
|
|t:|1652099835
|switch|p1a: Landorus|Landorus-Therian, M|100/100
|-ability|p1a: Landorus|Intimidate|boost
|-unboost|p2a: Landorus|atk|1
|move|p2a: Landorus|Earthquake|p1a: Landorus
|-immune|p1a: Landorus
|
|upkeep
|turn|3
|
|t:|1652099841
|move|p2a: Landorus|Stealth Rock|p1a: Landorus
|-sidestart|p1: Pinks1ip|move: Stealth Rock
|move|p1a: Landorus|Stealth Rock|p2a: Landorus
|-sidestart|p2: CreScent10|move: Stealth Rock
|
|upkeep
|turn|4
|
|t:|1652099844
|move|p1a: Landorus|U-turn|p2a: Landorus
|-resisted|p2a: Landorus
|-damage|p2a: Landorus|85/100
|
|t:|1652099854
|switch|p1a: Moltres|Moltres-Galar|100/100|[from]move: U-turn
|-damage|p1a: Moltres|76/100|[from] Stealth Rock
|move|p2a: Landorus|Swords Dance|p2a: Landorus
|-boost|p2a: Landorus|atk|2
|
|-heal|p2a: Landorus|91/100|[from] item: Leftovers
|upkeep
|turn|5
|
|t:|1652099860
|switch|p1a: Landorus|Landorus-Therian, M|100/100
|-damage|p1a: Landorus|88/100|[from] Stealth Rock
|-ability|p1a: Landorus|Intimidate|boost
|-unboost|p2a: Landorus|atk|1
|move|p2a: Landorus|Stone Edge|p1a: Landorus
|-damage|p1a: Landorus|47/100
|
|-heal|p2a: Landorus|97/100|[from] item: Leftovers
|-fieldend|move: Electric Terrain
|upkeep
|turn|6
|
|t:|1652099877
|move|p2a: Landorus|Swords Dance|p2a: Landorus
|-boost|p2a: Landorus|atk|2
|move|p1a: Landorus|Explosion|p2a: Landorus
|-damage|p2a: Landorus|0 fnt
|faint|p1a: Landorus
|faint|p2a: Landorus
|
|upkeep
|
|t:|1652099889
|switch|p2a: Victini|Victini|100/100
|switch|p1a: Tapu Koko|Tapu Koko|92/100
|-damage|p2a: Victini|76/100|[from] Stealth Rock
|-damage|p1a: Tapu Koko|80/100|[from] Stealth Rock
|-fieldstart|move: Electric Terrain|[from] ability: Electric Surge|[of] p1a: Tapu Koko
|turn|7
|
|t:|1652099900
|switch|p1a: Garchomp|Garchomp, F|100/100
|-damage|p1a: Garchomp|94/100|[from] Stealth Rock
|move|p2a: Victini|V-create|p1a: Garchomp
|-resisted|p1a: Garchomp
|-damage|p1a: Garchomp|57/100
|-unboost|p2a: Victini|spe|1
|-unboost|p2a: Victini|def|1
|-unboost|p2a: Victini|spd|1
|-damage|p2a: Victini|63/100|[from] ability: Rough Skin|[of] p1a: Garchomp
|
|-heal|p1a: Garchomp|63/100|[from] item: Leftovers
|upkeep
|turn|8
|
|t:|1652099905
|switch|p2a: Tornadus|Tornadus-Therian, M|100/100
|move|p1a: Garchomp|Swords Dance|p1a: Garchomp
|-boost|p1a: Garchomp|atk|2
|
|-heal|p1a: Garchomp|69/100|[from] item: Leftovers
|-sideend|p1: Pinks1ip|move: Light Screen
|upkeep
|turn|9
|
|t:|1652099909
|move|p2a: Tornadus|Hurricane|p1a: Garchomp
|-damage|p1a: Garchomp|22/100
|move|p1a: Garchomp|Scale Shot|p2a: Tornadus|[miss]
|-miss|p1a: Garchomp|p2a: Tornadus
|
|-heal|p1a: Garchomp|28/100|[from] item: Leftovers
|upkeep
|turn|10
|
|t:|1652099923
|switch|p1a: Tapu Koko|Tapu Koko|80/100
|-damage|p1a: Tapu Koko|67/100|[from] Stealth Rock
|move|p2a: Tornadus|Knock Off|p1a: Tapu Koko
|-resisted|p1a: Tapu Koko
|-damage|p1a: Tapu Koko|57/100
|-enditem|p1a: Tapu Koko|Light Clay|[from] move: Knock Off|[of] p2a: Tornadus
|
|upkeep
|turn|11
|
|t:|1652099934
|move|p1a: Tapu Koko|Reflect|p1a: Tapu Koko
|-sidestart|p1: Pinks1ip|Reflect
|move|p2a: Tornadus|U-turn|p1a: Tapu Koko
|-resisted|p1a: Tapu Koko
|-damage|p1a: Tapu Koko|53/100
|
|t:|1652099941
|switch|p2a: Dragapult|Dragapult, F|100/100|[from]move: U-turn
|-damage|p2a: Dragapult|88/100|[from] Stealth Rock
|
|-fieldend|move: Electric Terrain
|upkeep
|turn|12
|
|t:|1652099953
|switch|p1a: Garchomp|Garchomp, F|28/100
|-damage|p1a: Garchomp|22/100|[from] Stealth Rock
|move|p2a: Dragapult|Draco Meteor|p1a: Garchomp|[miss]
|-miss|p2a: Dragapult|p1a: Garchomp
|
|-heal|p1a: Garchomp|28/100|[from] item: Leftovers
|upkeep
|turn|13
|
|t:|1652099959
|move|p2a: Dragapult|Draco Meteor|p1a: Garchomp|[miss]
|-miss|p2a: Dragapult|p1a: Garchomp
|move|p1a: Garchomp|Scale Shot|p2a: Dragapult
|-supereffective|p2a: Dragapult
|-damage|p2a: Dragapult|50/100
|-supereffective|p2a: Dragapult
|-damage|p2a: Dragapult|16/100
|-supereffective|p2a: Dragapult
|-damage|p2a: Dragapult|0 fnt
|faint|p2a: Dragapult
|-hitcount|p2: Dragapult|3
|-unboost|p1a: Garchomp|def|1
|-boost|p1a: Garchomp|spe|1
|
|-heal|p1a: Garchomp|34/100|[from] item: Leftovers
|upkeep
|c|☆CreScent10|Sadge
|
|t:|1652099975
|switch|p2a: Bisharp|Bisharp, F|100/100
|-damage|p2a: Bisharp|95/100|[from] Stealth Rock
|turn|14
|
|t:|1652099990
|move|p2a: Bisharp|Sucker Punch||[still]
|-fail|p2a: Bisharp
|move|p1a: Garchomp|Swords Dance|p1a: Garchomp
|-boost|p1a: Garchomp|atk|2
|
|-heal|p1a: Garchomp|41/100|[from] item: Leftovers
|upkeep
|turn|15
|
|t:|1652099994
|move|p1a: Garchomp|Swords Dance|p1a: Garchomp
|-boost|p1a: Garchomp|atk|2
|move|p2a: Bisharp|Swords Dance|p2a: Bisharp
|-boost|p2a: Bisharp|atk|2
|
|-heal|p1a: Garchomp|47/100|[from] item: Leftovers
|-sideend|p1: Pinks1ip|Reflect
|upkeep
|turn|16
|
|t:|1652100003
|move|p2a: Bisharp|Sucker Punch||[still]
|-fail|p2a: Bisharp
|move|p1a: Garchomp|Swords Dance|p1a: Garchomp
|-boost|p1a: Garchomp|atk|2
|
|-heal|p1a: Garchomp|53/100|[from] item: Leftovers
|upkeep
|turn|17
|
|t:|1652100005
|move|p1a: Garchomp|Swords Dance|p1a: Garchomp
|-boost|p1a: Garchomp|atk|0
|move|p2a: Bisharp|Iron Head|p1a: Garchomp
|-damage|p1a: Garchomp|0 fnt
|-damage|p2a: Bisharp|82/100|[from] ability: Rough Skin|[of] p1a: Garchomp
|faint|p1a: Garchomp
|-damage|p2a: Bisharp|72/100|[from] item: Life Orb
|
|upkeep
|
|t:|1652100031
|switch|p1a: Tapu Koko|Tapu Koko|53/100
|-damage|p1a: Tapu Koko|41/100|[from] Stealth Rock
|-fieldstart|move: Electric Terrain|[from] ability: Electric Surge|[of] p1a: Tapu Koko
|turn|18
|
|t:|1652100038
|move|p2a: Bisharp|Sucker Punch||[still]
|-fail|p2a: Bisharp
|move|p1a: Tapu Koko|Reflect|p1a: Tapu Koko
|-sidestart|p1: Pinks1ip|Reflect
|
|upkeep
|turn|19
|
|t:|1652100044
|move|p1a: Tapu Koko|Taunt|p2a: Bisharp
|-start|p2a: Bisharp|move: Taunt
|cant|p2a: Bisharp|move: Taunt|Swords Dance
|
|upkeep
|turn|20
|
|t:|1652100052
|move|p1a: Tapu Koko|Light Screen|p1a: Tapu Koko
|-sidestart|p1: Pinks1ip|move: Light Screen
|move|p2a: Bisharp|Knock Off|p1a: Tapu Koko
|-resisted|p1a: Tapu Koko
|-damage|p1a: Tapu Koko|17/100
|-damage|p2a: Bisharp|62/100|[from] item: Life Orb
|
|upkeep
|turn|21
|
|t:|1652100059
|move|p1a: Tapu Koko|U-turn|p2a: Bisharp
|-damage|p2a: Bisharp|41/100
|
|t:|1652100066
|switch|p1a: Aegislash|Aegislash, M|100/100|[from]move: U-turn
|-damage|p1a: Aegislash|94/100|[from] Stealth Rock
|-item|p1a: Aegislash|Air Balloon
|move|p2a: Bisharp|Iron Head|p1a: Aegislash
|-resisted|p1a: Aegislash
|-damage|p1a: Aegislash|67/100
|-enditem|p1a: Aegislash|Air Balloon
|-damage|p2a: Bisharp|31/100|[from] item: Life Orb
|
|-end|p2a: Bisharp|move: Taunt
|upkeep
|turn|22
|
|t:|1652100074
|move|p2a: Bisharp|Sucker Punch|p1a: Aegislash
|-supereffective|p1a: Aegislash
|-damage|p1a: Aegislash|0 fnt
|faint|p1a: Aegislash
|-damage|p2a: Bisharp|21/100|[from] item: Life Orb
|
|-sideend|p1: Pinks1ip|Reflect
|-fieldend|move: Electric Terrain
|upkeep
|
|t:|1652100078
|switch|p1a: Tapu Koko|Tapu Koko|17/100
|-damage|p1a: Tapu Koko|5/100|[from] Stealth Rock
|-fieldstart|move: Electric Terrain|[from] ability: Electric Surge|[of] p1a: Tapu Koko
|turn|23
|
|t:|1652100084
|move|p1a: Tapu Koko|Reflect|p1a: Tapu Koko
|-sidestart|p1: Pinks1ip|Reflect
|move|p2a: Bisharp|Iron Head|p1a: Tapu Koko
|-damage|p1a: Tapu Koko|0 fnt
|faint|p1a: Tapu Koko
|-damage|p2a: Bisharp|11/100|[from] item: Life Orb
|
|upkeep
|
|t:|1652100089
|switch|p1a: Moltres|Moltres-Galar|76/100
|-damage|p1a: Moltres|51/100|[from] Stealth Rock
|turn|24
|
|t:|1652100096
|move|p1a: Moltres|Agility|p1a: Moltres
|-boost|p1a: Moltres|spe|2
|move|p2a: Bisharp|Iron Head|p1a: Moltres
|-damage|p1a: Moltres|0 fnt
|faint|p1a: Moltres
|-damage|p2a: Bisharp|1/100|[from] item: Life Orb
|
|-sideend|p1: Pinks1ip|move: Light Screen
|upkeep
|
|t:|1652100105
|switch|p1a: Regieleki|Regieleki|100/100
|-damage|p1a: Regieleki|88/100|[from] Stealth Rock
|turn|25
|
|t:|1652100107
|move|p2a: Bisharp|Sucker Punch|p1a: Regieleki
|-damage|p1a: Regieleki|0 fnt
|faint|p1a: Regieleki
|-damage|p2a: Bisharp|0 fnt|[from] item: Life Orb
|faint|p2a: Bisharp
|
|win|CreScent10
|raw|Pinks1ip's rating: 1388 &rarr; <strong>1366</strong><br />(-22 for losing)
|raw|CreScent10's rating: 1352 &rarr; <strong>1374</strong><br />(+22 for winning)
|l|☆Pinks1ip
|c|☆CreScent10|gg
