|j|☆misplayin
|j|☆Alolans Creed
|t:|1665275826
|gametype|singles
|player|p1|misplayin|pokemonrangerf-gen4|
|player|p2|Alolans Creed|kukui-stand|
|teamsize|p1|6
|teamsize|p2|6
|gen|8
|tier|[Gen 8] OU
|rule|Sleep Clause Mod: Limit one foe put to sleep
|rule|Species Clause: Limit one of each Pokémon
|rule|OHKO Clause: OHKO moves are banned
|rule|Evasion Items Clause: Evasion items are banned
|rule|Evasion Moves Clause: Evasion moves are banned
|rule|Endless Battle Clause: Forcing endless battles is banned
|rule|HP Percentage Mod: HP is shown in percentages
|rule|Dynamax Clause: You cannot dynamax
|clearpoke
|poke|p1|Decidueye, F|
|poke|p1|Garchomp, F|
|poke|p1|Corviknight, M|
|poke|p1|Landorus-Therian, M|
|poke|p1|Melmetal|
|poke|p1|Dragapult, M|
|poke|p2|Torkoal, M|
|poke|p2|Venusaur, M|
|poke|p2|Volcanion|
|poke|p2|Heatran, M|
|poke|p2|Garchomp, M|
|poke|p2|Mandibuzz, F|
|teampreview
|inactive|Battle timer is ON: inactive players will automatically lose when time's up. (requested by misplayin)
|j| UnstoppableUg
|inactive|misplayin has 270 seconds left.
|j| doopishere
|
|t:|1665275867
|start
|switch|p1a: Dragapult|Dragapult, M|100/100
|switch|p2a: Malboro|Torkoal, M|100/100
|-weather|SunnyDay|[from] ability: Drought|[of] p2a: Malboro
|turn|1
|
|t:|1665275870
|switch|p2a: Yabba Dabba|Mandibuzz, F|100/100
|move|p1a: Dragapult|Draco Meteor|p2a: Yabba Dabba
|-damage|p2a: Yabba Dabba|38/100
|-unboost|p1a: Dragapult|spa|2
|
|-weather|SunnyDay|[upkeep]
|upkeep
|turn|2
|
|t:|1665275891
|switch|p1a: Melmetal|Melmetal|100/100
|move|p2a: Yabba Dabba|Roost|p2a: Yabba Dabba
|-heal|p2a: Yabba Dabba|88/100
|-singleturn|p2a: Yabba Dabba|move: Roost
|
|-weather|SunnyDay|[upkeep]
|upkeep
|turn|3
|
|t:|1665275894
|move|p2a: Yabba Dabba|U-turn|p1a: Melmetal
|-resisted|p1a: Melmetal
|-damage|p1a: Melmetal|97/100
|
|t:|1665275896
|switch|p2a: Malboro|Torkoal, M|100/100|[from]move: U-turn
|move|p1a: Melmetal|Thunder Wave|p2a: Malboro
|-status|p2a: Malboro|par
|
|-weather|SunnyDay|[upkeep]
|-heal|p1a: Melmetal|100/100|[from] item: Leftovers
|upkeep
|turn|4
|
|t:|1665275904
|switch|p1a: Garchomp|Garchomp, F|100/100
|move|p2a: Malboro|Stealth Rock|p1a: Garchomp
|-sidestart|p1: misplayin|move: Stealth Rock
|
|-weather|SunnyDay|[upkeep]
|upkeep
|turn|5
|
|t:|1665275912
|switch|p2a: Yabba Dabba|Mandibuzz, F|88/100
|move|p1a: Garchomp|Stealth Rock|p2a: Yabba Dabba
|-sidestart|p2: Alolans Creed|move: Stealth Rock
|
|-weather|SunnyDay|[upkeep]
|upkeep
|turn|6
|
|t:|1665275917
|move|p1a: Garchomp|Toxic|p2a: Yabba Dabba
|-status|p2a: Yabba Dabba|tox
|move|p2a: Yabba Dabba|Foul Play|p1a: Garchomp
|-damage|p1a: Garchomp|72/100
|-damage|p2a: Yabba Dabba|76/100 tox|[from] ability: Rough Skin|[of] p1a: Garchomp
|
|-weather|SunnyDay|[upkeep]
|-heal|p1a: Garchomp|79/100|[from] item: Leftovers
|-damage|p2a: Yabba Dabba|70/100 tox|[from] psn
|upkeep
|turn|7
|j| Mim21
|
|t:|1665275925
|move|p1a: Garchomp|Protect|p1a: Garchomp
|-singleturn|p1a: Garchomp|Protect
|move|p2a: Yabba Dabba|Roost|p2a: Yabba Dabba
|-heal|p2a: Yabba Dabba|100/100 tox
|-singleturn|p2a: Yabba Dabba|move: Roost
|
|-weather|SunnyDay|[upkeep]
|-heal|p1a: Garchomp|85/100|[from] item: Leftovers
|-damage|p2a: Yabba Dabba|88/100 tox|[from] psn
|upkeep
|turn|8
|
|t:|1665275932
|switch|p1a: Corviknight|Corviknight, M|100/100
|-damage|p1a: Corviknight|88/100|[from] Stealth Rock
|-ability|p1a: Corviknight|Pressure
|switch|p2a: Buzzkill|Garchomp, M|100/100
|-damage|p2a: Buzzkill|94/100|[from] Stealth Rock
|
|-weather|none
|-heal|p2a: Buzzkill|100/100|[from] item: Leftovers
|-heal|p1a: Corviknight|94/100|[from] item: Leftovers
|upkeep
|turn|9
|c| doopishere|yabba dabba
|c| doopishere|nice nick name
|c| doopishere|yabba dabba doooo
|
|t:|1665275951
|switch|p2a: Malboro|Torkoal, M|100/100 par
|-damage|p2a: Malboro|76/100 par|[from] Stealth Rock
|-weather|SunnyDay|[from] ability: Drought|[of] p2a: Malboro
|move|p1a: Corviknight|U-turn|p2a: Malboro
|-resisted|p2a: Malboro
|-damage|p2a: Malboro|72/100 par
|
|t:|1665275954
|switch|p1a: Dragapult|Dragapult, M|100/100|[from]move: U-turn
|-damage|p1a: Dragapult|88/100|[from] Stealth Rock
|
|-weather|SunnyDay|[upkeep]
|upkeep
|turn|10
|l| Mim21
|
|t:|1665275976
|switch|p2a: Yabba Dabba|Mandibuzz, F|88/100 tox
|move|p1a: Dragapult|U-turn|p2a: Yabba Dabba
|-damage|p2a: Yabba Dabba|76/100 tox
|
|t:|1665275982
|switch|p1a: Melmetal|Melmetal|100/100|[from]move: U-turn
|-damage|p1a: Melmetal|94/100|[from] Stealth Rock
|
|-weather|SunnyDay|[upkeep]
|-heal|p1a: Melmetal|100/100|[from] item: Leftovers
|-damage|p2a: Yabba Dabba|70/100 tox|[from] psn
|upkeep
|turn|11
|j| Mim21
|
|t:|1665275993
|switch|p2a: Sauna|Volcanion|100/100
|move|p1a: Melmetal|Double Iron Bash|p2a: Sauna
|-resisted|p2a: Sauna
|-damage|p2a: Sauna|89/100
|-resisted|p2a: Sauna
|-damage|p2a: Sauna|79/100
|-hitcount|p2a: Sauna|2
|
|-weather|SunnyDay|[upkeep]
|upkeep
|turn|12
|
|t:|1665275997
|switch|p1a: Garchomp|Garchomp, F|85/100
|-damage|p1a: Garchomp|79/100|[from] Stealth Rock
|move|p2a: Sauna|Flamethrower|p1a: Garchomp
|-resisted|p1a: Garchomp
|-damage|p1a: Garchomp|45/100
|
|-weather|SunnyDay|[upkeep]
|-heal|p1a: Garchomp|51/100|[from] item: Leftovers
|upkeep
|turn|13
|
|t:|1665276001
|move|p1a: Garchomp|Earthquake|p2a: Sauna
|-supereffective|p2a: Sauna
|-damage|p2a: Sauna|0 fnt
|faint|p2a: Sauna
|
|-weather|SunnyDay|[upkeep]
|-heal|p1a: Garchomp|57/100|[from] item: Leftovers
|upkeep
|
|t:|1665276004
|switch|p2a: LeapFrog|Venusaur, M|100/100
|-damage|p2a: LeapFrog|88/100|[from] Stealth Rock
|turn|14
|
|t:|1665276008
|move|p2a: LeapFrog|Growth|p2a: LeapFrog
|-boost|p2a: LeapFrog|atk|2
|-boost|p2a: LeapFrog|spa|2
|move|p1a: Garchomp|Earthquake|p2a: LeapFrog
|-damage|p2a: LeapFrog|30/100
|
|-weather|SunnyDay|[upkeep]
|-heal|p1a: Garchomp|63/100|[from] item: Leftovers
|upkeep
|turn|15
|
|t:|1665276011
|move|p1a: Garchomp|Protect|p1a: Garchomp
|-singleturn|p1a: Garchomp|Protect
|move|p2a: LeapFrog|Weather Ball|p1a: Garchomp
|-activate|p1a: Garchomp|move: Protect
|
|-weather|SunnyDay|[upkeep]
|-heal|p1a: Garchomp|70/100|[from] item: Leftovers
|upkeep
|turn|16
|l| Mim21
|
|t:|1665276024
|switch|p1a: Landorus|Landorus-Therian, M|100/100
|-damage|p1a: Landorus|88/100|[from] Stealth Rock
|-ability|p1a: Landorus|Intimidate|boost
|-unboost|p2a: LeapFrog|atk|1
|move|p2a: LeapFrog|Giga Drain|p1a: Landorus
|-damage|p1a: Landorus|9/100
|-heal|p2a: LeapFrog|81/100|[from] drain|[of] p1a: Landorus
|-damage|p2a: LeapFrog|71/100|[from] item: Life Orb
|
|-weather|none
|-heal|p1a: Landorus|15/100|[from] item: Leftovers
|upkeep
|turn|17
|
|t:|1665276026
|move|p2a: LeapFrog|Giga Drain|p1a: Landorus
|-damage|p1a: Landorus|0 fnt
|-heal|p2a: LeapFrog|80/100|[from] drain|[of] p1a: Landorus
|faint|p1a: Landorus
|-damage|p2a: LeapFrog|70/100|[from] item: Life Orb
|
|upkeep
|
|t:|1665276031
|switch|p1a: Dragapult|Dragapult, M|88/100
|-damage|p1a: Dragapult|76/100|[from] Stealth Rock
|turn|18
|
|t:|1665276036
|switch|p2a: Malboro|Torkoal, M|72/100 par
|-damage|p2a: Malboro|47/100 par|[from] Stealth Rock
|-weather|SunnyDay|[from] ability: Drought|[of] p2a: Malboro
|move|p1a: Dragapult|Draco Meteor|p2a: Malboro
|-damage|p2a: Malboro|0 fnt
|-unboost|p1a: Dragapult|spa|2
|faint|p2a: Malboro
|
|-weather|SunnyDay|[upkeep]
|upkeep
|
|t:|1665276038
|switch|p2a: Mauler|Heatran, M|100/100
|-damage|p2a: Mauler|88/100|[from] Stealth Rock
|turn|19
|
|t:|1665276053
|switch|p1a: Decidueye|Decidueye, F|100/100
|-damage|p1a: Decidueye|88/100|[from] Stealth Rock
|move|p2a: Mauler|Eruption|p1a: Decidueye
|-supereffective|p1a: Decidueye
|-damage|p1a: Decidueye|0 fnt
|faint|p1a: Decidueye
|
|-weather|SunnyDay|[upkeep]
|upkeep
|
|t:|1665276055
|switch|p1a: Garchomp|Garchomp, F|70/100
|-damage|p1a: Garchomp|63/100|[from] Stealth Rock
|turn|20
|
|t:|1665276063
|switch|p2a: Yabba Dabba|Mandibuzz, F|70/100 tox
|move|p1a: Garchomp|Protect||[still]
|-fail|p1a: Garchomp
|
|-weather|SunnyDay|[upkeep]
|-heal|p1a: Garchomp|70/100|[from] item: Leftovers
|-damage|p2a: Yabba Dabba|64/100 tox|[from] psn
|upkeep
|turn|21
|
|t:|1665276068
|switch|p1a: Melmetal|Melmetal|100/100
|-damage|p1a: Melmetal|94/100|[from] Stealth Rock
|move|p2a: Yabba Dabba|Roost|p2a: Yabba Dabba
|-heal|p2a: Yabba Dabba|100/100 tox
|-singleturn|p2a: Yabba Dabba|move: Roost
|
|-weather|SunnyDay|[upkeep]
|-heal|p1a: Melmetal|100/100|[from] item: Leftovers
|-damage|p2a: Yabba Dabba|88/100 tox|[from] psn
|upkeep
|turn|22
|
|t:|1665276072
|move|p2a: Yabba Dabba|U-turn|p1a: Melmetal
|-resisted|p1a: Melmetal
|-damage|p1a: Melmetal|98/100
|
|t:|1665276075
|switch|p2a: Buzzkill|Garchomp, M|100/100|[from]move: U-turn
|-damage|p2a: Buzzkill|94/100|[from] Stealth Rock
|move|p1a: Melmetal|Double Iron Bash|p2a: Buzzkill
|-damage|p2a: Buzzkill|52/100
|-damage|p1a: Melmetal|85/100|[from] ability: Rough Skin|[of] p2a: Buzzkill
|-damage|p2a: Buzzkill|11/100
|-damage|p1a: Melmetal|73/100|[from] ability: Rough Skin|[of] p2a: Buzzkill
|-hitcount|p2a: Buzzkill|2
|
|-weather|SunnyDay|[upkeep]
|-heal|p2a: Buzzkill|17/100|[from] item: Leftovers
|-heal|p1a: Melmetal|79/100|[from] item: Leftovers
|upkeep
|turn|23
|
|t:|1665276078
|switch|p1a: Corviknight|Corviknight, M|94/100
|-damage|p1a: Corviknight|82/100|[from] Stealth Rock
|-ability|p1a: Corviknight|Pressure
|move|p2a: Buzzkill|Swords Dance|p2a: Buzzkill
|-boost|p2a: Buzzkill|atk|2
|
|-weather|SunnyDay|[upkeep]
|-heal|p2a: Buzzkill|23/100|[from] item: Leftovers
|-heal|p1a: Corviknight|88/100|[from] item: Leftovers
|upkeep
|turn|24
|j| Firelord Term
|
|t:|1665276080
|move|p2a: Buzzkill|Fire Fang|p1a: Corviknight
|-supereffective|p1a: Corviknight
|-damage|p1a: Corviknight|0 fnt
|faint|p1a: Corviknight
|
|-weather|SunnyDay|[upkeep]
|-heal|p2a: Buzzkill|30/100|[from] item: Leftovers
|upkeep
|
|t:|1665276086
|switch|p1a: Dragapult|Dragapult, M|76/100
|-damage|p1a: Dragapult|64/100|[from] Stealth Rock
|turn|25
|
|t:|1665276090
|move|p1a: Dragapult|Shadow Ball|p2a: Buzzkill
|-damage|p2a: Buzzkill|0 fnt
|faint|p2a: Buzzkill
|
|-weather|none
|upkeep
|
|t:|1665276096
|switch|p2a: Yabba Dabba|Mandibuzz, F|88/100 tox
|turn|26
|
|t:|1665276123
|switch|p1a: Melmetal|Melmetal|79/100
|-damage|p1a: Melmetal|73/100|[from] Stealth Rock
|move|p2a: Yabba Dabba|Foul Play|p1a: Melmetal
|-damage|p1a: Melmetal|42/100
|
|-heal|p1a: Melmetal|48/100|[from] item: Leftovers
|-damage|p2a: Yabba Dabba|82/100 tox|[from] psn
|upkeep
|turn|27
|
|t:|1665276132
|move|p2a: Yabba Dabba|U-turn|p1a: Melmetal
|-resisted|p1a: Melmetal
|-damage|p1a: Melmetal|44/100
|
|t:|1665276133
|switch|p2a: Mauler|Heatran, M|88/100|[from]move: U-turn
|-damage|p2a: Mauler|76/100|[from] Stealth Rock
|move|p1a: Melmetal|Double Iron Bash|p2a: Mauler
|-resisted|p2a: Mauler
|-damage|p2a: Mauler|66/100
|-resisted|p2a: Mauler
|-damage|p2a: Mauler|55/100
|-hitcount|p2a: Mauler|2
|
|-heal|p1a: Melmetal|50/100|[from] item: Leftovers
|upkeep
|turn|28
|
|t:|1665276138
|switch|p1a: Garchomp|Garchomp, F|70/100
|-damage|p1a: Garchomp|63/100|[from] Stealth Rock
|move|p2a: Mauler|Earth Power|p1a: Garchomp
|-damage|p1a: Garchomp|35/100
|
|-heal|p1a: Garchomp|42/100|[from] item: Leftovers
|upkeep
|turn|29
|
|t:|1665276144
|switch|p2a: Yabba Dabba|Mandibuzz, F|82/100 tox
|switch|p1a: Melmetal|Melmetal|50/100
|-damage|p1a: Melmetal|44/100|[from] Stealth Rock
|
|-heal|p1a: Melmetal|50/100|[from] item: Leftovers
|-damage|p2a: Yabba Dabba|76/100 tox|[from] psn
|upkeep
|turn|30
|
|t:|1665276151
|move|p2a: Yabba Dabba|U-turn|p1a: Melmetal
|-resisted|p1a: Melmetal
|-damage|p1a: Melmetal|47/100
|
|t:|1665276152
|switch|p2a: Mauler|Heatran, M|55/100|[from]move: U-turn
|-damage|p2a: Mauler|43/100|[from] Stealth Rock
|move|p1a: Melmetal|Superpower|p2a: Mauler
|-supereffective|p2a: Mauler
|-damage|p2a: Mauler|0 fnt
|-unboost|p1a: Melmetal|atk|1
|-unboost|p1a: Melmetal|def|1
|faint|p2a: Mauler
|
|-heal|p1a: Melmetal|53/100|[from] item: Leftovers
|upkeep
|
|t:|1665276154
|switch|p2a: LeapFrog|Venusaur, M|70/100
|-damage|p2a: LeapFrog|57/100|[from] Stealth Rock
|turn|31
|
|t:|1665276158
|switch|p1a: Garchomp|Garchomp, F|42/100
|-damage|p1a: Garchomp|35/100|[from] Stealth Rock
|move|p2a: LeapFrog|Earth Power|p1a: Garchomp
|-damage|p1a: Garchomp|0 fnt
|faint|p1a: Garchomp
|-damage|p2a: LeapFrog|47/100|[from] item: Life Orb
|
|upkeep
|
|t:|1665276160
|switch|p1a: Dragapult|Dragapult, M|64/100
|-damage|p1a: Dragapult|51/100|[from] Stealth Rock
|turn|32
|
|t:|1665276167
|move|p1a: Dragapult|Shadow Ball|p2a: LeapFrog
|-damage|p2a: LeapFrog|0 fnt
|faint|p2a: LeapFrog
|
|upkeep
|
|t:|1665276169
|switch|p2a: Yabba Dabba|Mandibuzz, F|76/100 tox
|turn|33
|c| Firelord Term|gg
|
|t:|1665276184
|move|p1a: Dragapult|Shadow Ball|p2a: Yabba Dabba
|-resisted|p2a: Yabba Dabba
|-damage|p2a: Yabba Dabba|55/100 tox
|-unboost|p2a: Yabba Dabba|spd|1
|move|p2a: Yabba Dabba|Foul Play|p1a: Dragapult
|-supereffective|p1a: Dragapult
|-damage|p1a: Dragapult|0 fnt
|faint|p1a: Dragapult
|
|-damage|p2a: Yabba Dabba|49/100 tox|[from] psn
|upkeep
|
|t:|1665276185
|switch|p1a: Melmetal|Melmetal|53/100
|-damage|p1a: Melmetal|47/100|[from] Stealth Rock
|turn|34
|
|t:|1665276189
|move|p2a: Yabba Dabba|Foul Play|p1a: Melmetal
|-damage|p1a: Melmetal|15/100
|move|p1a: Melmetal|Thunder Punch|p2a: Yabba Dabba
|-supereffective|p2a: Yabba Dabba
|-damage|p2a: Yabba Dabba|0 fnt
|faint|p2a: Yabba Dabba
|
|win|misplayin
|c|☆Alolans Creed|gg
