|j|☆Fancy Beast
|j|☆Buhrito
|t:|1645849419
|gametype|singles
|player|p1|Fancy Beast|boarder|
|player|p2|Buhrito|1|
|teamsize|p1|6
|teamsize|p2|6
|gen|8
|tier|[Gen 8] OU
|rule|Sleep Clause Mod: Limit one foe put to sleep
|rule|Species Clause: Limit one of each Pokémon
|rule|OHKO Clause: OHKO moves are banned
|rule|Evasion Moves Clause: Evasion moves are banned
|rule|Endless Battle Clause: Forcing endless battles is banned
|rule|HP Percentage Mod: HP is shown in percentages
|rule|Dynamax Clause: You cannot dynamax
|clearpoke
|poke|p1|Ninetales-Alola, F|
|poke|p1|Volcarona, F|
|poke|p1|Landorus-Therian, M|
|poke|p1|Tapu Fini|
|poke|p1|Bisharp, F|
|poke|p1|Blacephalon|
|poke|p2|Cloyster, M|
|poke|p2|Torkoal, M|
|poke|p2|Corviknight, M|
|poke|p2|Chansey, F|
|poke|p2|Venusaur, F|
|poke|p2|Garchomp, M|
|teampreview
|
|t:|1645849427
|start
|switch|p1a: Blacephalon|Blacephalon|100/100
|switch|p2a: Garchomp|Garchomp, M|100/100
|turn|1
|
|t:|1645849434
|switch|p1a: Landorus|Landorus-Therian, M|100/100
|-ability|p1a: Landorus|Intimidate|boost
|-unboost|p2a: Garchomp|atk|1
|move|p2a: Garchomp|Scale Shot|p1a: Landorus
|-damage|p1a: Landorus|92/100
|-damage|p1a: Landorus|85/100
|-damage|p1a: Landorus|77/100
|-crit|p1a: Landorus
|-damage|p1a: Landorus|59/100
|-damage|p1a: Landorus|51/100
|-hitcount|p1a: Landorus|5
|-unboost|p2a: Garchomp|def|1
|-boost|p2a: Garchomp|spe|1
|
|upkeep
|turn|2
|
|t:|1645849443
|switch|p2a: Corviknight|Corviknight, M|100/100
|-ability|p2a: Corviknight|Pressure
|move|p1a: Landorus|Toxic|p2a: Corviknight
|-immune|p2a: Corviknight
|
|upkeep
|turn|3
|
|t:|1645849447
|move|p1a: Landorus|U-turn|p2a: Corviknight
|-resisted|p2a: Corviknight
|-damage|p2a: Corviknight|97/100
|-damage|p1a: Landorus|35/100|[from] item: Rocky Helmet|[of] p2a: Corviknight
|
|t:|1645849450
|switch|p1a: Blacephalon|Blacephalon|100/100|[from]move: U-turn
|move|p2a: Corviknight|U-turn|p1a: Blacephalon
|-resisted|p1a: Blacephalon
|-damage|p1a: Blacephalon|93/100
|
|t:|1645849454
|switch|p2a: Garchomp|Garchomp, M|100/100|[from]move: U-turn
|
|upkeep
|turn|4
|
|t:|1645849459
|switch|p1a: Landorus|Landorus-Therian, M|35/100
|-ability|p1a: Landorus|Intimidate|boost
|-unboost|p2a: Garchomp|atk|1
|move|p2a: Garchomp|Earthquake|p1a: Landorus
|-immune|p1a: Landorus
|
|upkeep
|turn|5
|
|t:|1645849463
|switch|p2a: Corviknight|Corviknight, M|97/100
|-ability|p2a: Corviknight|Pressure
|switch|p1a: Ninetales|Ninetales-Alola, F|100/100
|-weather|Hail|[from] ability: Snow Warning|[of] p1a: Ninetales
|
|-weather|Hail|[upkeep]
|-damage|p2a: Corviknight|91/100|[from] Hail
|upkeep
|turn|6
|
|t:|1645849465
|switch|p2a: Torkoal|Torkoal, M|100/100
|-weather|SunnyDay|[from] ability: Drought|[of] p2a: Torkoal
|move|p1a: Ninetales|Hypnosis|p2a: Torkoal
|-status|p2a: Torkoal|slp|[from] move: Hypnosis
|
|-weather|SunnyDay|[upkeep]
|upkeep
|turn|7
|
|t:|1645849486
|switch|p1a: Bisharp|Bisharp, F|100/100
|switch|p2a: Chansey|Chansey, F|100/100
|
|-weather|SunnyDay|[upkeep]
|upkeep
|turn|8
|
|t:|1645849494
|switch|p2a: Corviknight|Corviknight, M|91/100
|-ability|p2a: Corviknight|Pressure
|move|p1a: Bisharp|Swords Dance|p1a: Bisharp
|-boost|p1a: Bisharp|atk|2
|
|-weather|SunnyDay|[upkeep]
|upkeep
|turn|9
|
|t:|1645849498
|move|p1a: Bisharp|Knock Off|p2a: Corviknight
|-damage|p2a: Corviknight|19/100
|-damage|p1a: Bisharp|84/100|[from] item: Rocky Helmet|[of] p2a: Corviknight
|-enditem|p2a: Corviknight|Rocky Helmet|[from] move: Knock Off|[of] p1a: Bisharp
|move|p2a: Corviknight|Body Press|p1a: Bisharp
|-supereffective|p1a: Bisharp
|-enditem|p1a: Bisharp|Chople Berry|[eat]
|-enditem|p1a: Bisharp|Chople Berry|[weaken]
|-damage|p1a: Bisharp|21/100
|
|-weather|SunnyDay|[upkeep]
|upkeep
|turn|10
|
|t:|1645849507
|move|p1a: Bisharp|Knock Off|p2a: Corviknight
|-damage|p2a: Corviknight|0 fnt
|faint|p2a: Corviknight
|
|-weather|SunnyDay|[upkeep]
|upkeep
|
|t:|1645849514
|switch|p2a: Venusaur|Venusaur, F|100/100
|turn|11
|
|t:|1645849518
|move|p2a: Venusaur|Weather Ball|p1a: Bisharp
|-supereffective|p1a: Bisharp
|-damage|p1a: Bisharp|0 fnt
|faint|p1a: Bisharp
|-damage|p2a: Venusaur|91/100|[from] item: Life Orb
|
|-weather|SunnyDay|[upkeep]
|upkeep
|
|t:|1645849535
|switch|p1a: Ninetales|Ninetales-Alola, F|100/100
|-weather|Hail|[from] ability: Snow Warning|[of] p1a: Ninetales
|turn|12
|
|t:|1645849542
|switch|p1a: Tapu Fini|Tapu Fini|100/100
|-fieldstart|move: Misty Terrain|[from] ability: Misty Surge|[of] p1a: Tapu Fini
|switch|p2a: Torkoal|Torkoal, M|100/100 slp
|-weather|SunnyDay|[from] ability: Drought|[of] p2a: Torkoal
|
|-weather|SunnyDay|[upkeep]
|upkeep
|turn|13
|
|t:|1645849545
|switch|p2a: Chansey|Chansey, F|100/100
|move|p1a: Tapu Fini|Substitute|p1a: Tapu Fini
|-start|p1a: Tapu Fini|Substitute
|-damage|p1a: Tapu Fini|75/100
|
|-weather|SunnyDay|[upkeep]
|-heal|p1a: Tapu Fini|82/100|[from] item: Leftovers
|upkeep
|turn|14
|
|t:|1645849547
|move|p1a: Tapu Fini|Calm Mind|p1a: Tapu Fini
|-boost|p1a: Tapu Fini|spa|1
|-boost|p1a: Tapu Fini|spd|1
|move|p2a: Chansey|Seismic Toss|p1a: Tapu Fini
|-end|p1a: Tapu Fini|Substitute
|
|-weather|SunnyDay|[upkeep]
|-heal|p1a: Tapu Fini|88/100|[from] item: Leftovers
|upkeep
|turn|15
|
|t:|1645849550
|move|p1a: Tapu Fini|Calm Mind|p1a: Tapu Fini
|-boost|p1a: Tapu Fini|spa|1
|-boost|p1a: Tapu Fini|spd|1
|move|p2a: Chansey|Seismic Toss|p1a: Tapu Fini
|-damage|p1a: Tapu Fini|59/100
|
|-weather|SunnyDay|[upkeep]
|-heal|p1a: Tapu Fini|65/100|[from] item: Leftovers
|upkeep
|turn|16
|
|t:|1645849553
|move|p1a: Tapu Fini|Draining Kiss|p2a: Chansey
|-damage|p2a: Chansey|89/100
|-heal|p1a: Tapu Fini|82/100|[from] drain|[of] p2a: Chansey
|move|p2a: Chansey|Seismic Toss|p1a: Tapu Fini
|-damage|p1a: Tapu Fini|53/100
|
|-weather|SunnyDay|[upkeep]
|-heal|p1a: Tapu Fini|59/100|[from] item: Leftovers
|-fieldend|Misty Terrain
|upkeep
|turn|17
|
|t:|1645849556
|move|p1a: Tapu Fini|Substitute|p1a: Tapu Fini
|-start|p1a: Tapu Fini|Substitute
|-damage|p1a: Tapu Fini|34/100
|move|p2a: Chansey|Seismic Toss|p1a: Tapu Fini
|-end|p1a: Tapu Fini|Substitute
|
|-weather|SunnyDay|[upkeep]
|-heal|p1a: Tapu Fini|40/100|[from] item: Leftovers
|upkeep
|turn|18
|
|t:|1645849559
|move|p1a: Tapu Fini|Draining Kiss|p2a: Chansey
|-damage|p2a: Chansey|80/100
|-heal|p1a: Tapu Fini|55/100|[from] drain|[of] p2a: Chansey
|move|p2a: Chansey|Seismic Toss|p1a: Tapu Fini
|-damage|p1a: Tapu Fini|26/100
|
|-weather|SunnyDay|[upkeep]
|-heal|p1a: Tapu Fini|32/100|[from] item: Leftovers
|upkeep
|turn|19
|
|t:|1645849561
|move|p1a: Tapu Fini|Draining Kiss|p2a: Chansey
|-damage|p2a: Chansey|70/100
|-heal|p1a: Tapu Fini|47/100|[from] drain|[of] p2a: Chansey
|move|p2a: Chansey|Seismic Toss|p1a: Tapu Fini
|-damage|p1a: Tapu Fini|18/100
|
|-weather|none
|-heal|p1a: Tapu Fini|24/100|[from] item: Leftovers
|upkeep
|turn|20
|
|t:|1645849563
|switch|p1a: Landorus|Landorus-Therian, M|35/100
|-ability|p1a: Landorus|Intimidate|boost
|-unboost|p2a: Chansey|atk|1
|move|p2a: Chansey|Toxic|p1a: Landorus
|-status|p1a: Landorus|tox
|
|-damage|p1a: Landorus|29/100 tox|[from] psn
|upkeep
|turn|21
|
|t:|1645849573
|move|p1a: Landorus|U-turn|p2a: Chansey
|-damage|p2a: Chansey|56/100
|
|t:|1645849575
|switch|p1a: Blacephalon|Blacephalon|93/100|[from]move: U-turn
|move|p2a: Chansey|Soft-Boiled|p2a: Chansey
|-heal|p2a: Chansey|100/100
|
|upkeep
|turn|22
|
|t:|1645849580
|switch|p2a: Torkoal|Torkoal, M|100/100 slp
|-weather|SunnyDay|[from] ability: Drought|[of] p2a: Torkoal
|move|p1a: Blacephalon|Shadow Ball|p2a: Torkoal
|-damage|p2a: Torkoal|42/100 slp
|
|-weather|SunnyDay|[upkeep]
|upkeep
|turn|23
|
|t:|1645849583
|switch|p1a: Volcarona|Volcarona, F|100/100
|switch|p2a: Chansey|Chansey, F|100/100
|
|-weather|SunnyDay|[upkeep]
|upkeep
|turn|24
|
|t:|1645849586
|move|p1a: Volcarona|Substitute|p1a: Volcarona
|-start|p1a: Volcarona|Substitute
|-damage|p1a: Volcarona|76/100
|move|p2a: Chansey|Toxic|p1a: Volcarona|[miss]
|-miss|p2a: Chansey|p1a: Volcarona
|
|-weather|SunnyDay|[upkeep]
|-heal|p1a: Volcarona|82/100|[from] item: Leftovers
|upkeep
|turn|25
|
|t:|1645849588
|move|p1a: Volcarona|Fire Blast|p2a: Chansey
|-damage|p2a: Chansey|75/100
|move|p2a: Chansey|Seismic Toss|p1a: Volcarona
|-end|p1a: Volcarona|Substitute
|
|-weather|SunnyDay|[upkeep]
|-heal|p1a: Volcarona|88/100|[from] item: Leftovers
|upkeep
|turn|26
|
|t:|1645849592
|switch|p1a: Blacephalon|Blacephalon|93/100
|move|p2a: Chansey|Seismic Toss|p1a: Blacephalon
|-immune|p1a: Blacephalon
|
|-weather|SunnyDay|[upkeep]
|upkeep
|turn|27
|
|t:|1645849594
|move|p1a: Blacephalon|Trick|p2a: Chansey
|-activate|p1a: Blacephalon|move: Trick|[of] p2a: Chansey
|-item|p2a: Chansey|Choice Scarf|[from] move: Trick
|-item|p1a: Blacephalon|Eviolite|[from] move: Trick
|move|p2a: Chansey|Toxic|p1a: Blacephalon
|-status|p1a: Blacephalon|tox
|
|-weather|SunnyDay|[upkeep]
|-damage|p1a: Blacephalon|87/100 tox|[from] psn
|upkeep
|turn|28
|
|t:|1645849603
|switch|p1a: Tapu Fini|Tapu Fini|24/100
|-fieldstart|move: Misty Terrain|[from] ability: Misty Surge|[of] p1a: Tapu Fini
|move|p2a: Chansey|Toxic|p1a: Tapu Fini
|-activate|p1a: Tapu Fini|move: Misty Terrain
|
|-weather|SunnyDay|[upkeep]
|-heal|p1a: Tapu Fini|30/100|[from] item: Leftovers
|upkeep
|turn|29
|
|t:|1645849610
|switch|p1a: Volcarona|Volcarona, F|88/100
|switch|p2a: Venusaur|Venusaur, F|91/100
|
|-weather|none
|-heal|p1a: Volcarona|94/100|[from] item: Leftovers
|upkeep
|turn|30
|
|t:|1645849614
|switch|p2a: Garchomp|Garchomp, M|100/100
|move|p1a: Volcarona|Quiver Dance|p1a: Volcarona
|-boost|p1a: Volcarona|spa|1
|-boost|p1a: Volcarona|spd|1
|-boost|p1a: Volcarona|spe|1
|
|-heal|p1a: Volcarona|99/100|[from] item: Leftovers
|upkeep
|turn|31
|
|t:|1645849619
|move|p1a: Volcarona|Quiver Dance|p1a: Volcarona
|-boost|p1a: Volcarona|spa|1
|-boost|p1a: Volcarona|spd|1
|-boost|p1a: Volcarona|spe|1
|move|p2a: Garchomp|Scale Shot|p1a: Volcarona
|-damage|p1a: Volcarona|92/100
|-damage|p1a: Volcarona|85/100
|-hitcount|p1a: Volcarona|2
|-unboost|p2a: Garchomp|def|1
|-boost|p2a: Garchomp|spe|1
|
|-heal|p1a: Volcarona|91/100|[from] item: Leftovers
|upkeep
|turn|32
|
|t:|1645849629
|move|p1a: Volcarona|Quiver Dance|p1a: Volcarona
|-boost|p1a: Volcarona|spa|1
|-boost|p1a: Volcarona|spd|1
|-boost|p1a: Volcarona|spe|1
|move|p2a: Garchomp|Scale Shot|p1a: Volcarona
|-damage|p1a: Volcarona|83/100
|-damage|p1a: Volcarona|76/100
|-damage|p1a: Volcarona|68/100
|-hitcount|p1a: Volcarona|3
|-unboost|p2a: Garchomp|def|1
|-boost|p2a: Garchomp|spe|1
|
|-heal|p1a: Volcarona|74/100|[from] item: Leftovers
|-fieldend|Misty Terrain
|upkeep
|turn|33
|
|t:|1645849633
|move|p1a: Volcarona|Psychic|p2a: Garchomp
|-damage|p2a: Garchomp|19/100
|move|p2a: Garchomp|Earthquake|p1a: Volcarona
|-damage|p1a: Volcarona|9/100
|
|-heal|p1a: Volcarona|15/100|[from] item: Leftovers
|-heal|p2a: Garchomp|25/100|[from] item: Leftovers
|upkeep
|turn|34
|
|t:|1645849641
|move|p1a: Volcarona|Psychic|p2a: Garchomp
|-damage|p2a: Garchomp|0 fnt
|faint|p2a: Garchomp
|
|-heal|p1a: Volcarona|22/100|[from] item: Leftovers
|upkeep
|
|t:|1645849642
|switch|p2a: Chansey|Chansey, F|75/100
|turn|35
|
|t:|1645849646
|switch|p1a: Blacephalon|Blacephalon|87/100 tox
|switch|p2a: Torkoal|Torkoal, M|42/100 slp
|-weather|SunnyDay|[from] ability: Drought|[of] p2a: Torkoal
|
|-weather|SunnyDay|[upkeep]
|-damage|p1a: Blacephalon|81/100 tox|[from] psn
|upkeep
|turn|36
|
|t:|1645849650
|switch|p2a: Chansey|Chansey, F|75/100
|move|p1a: Blacephalon|Overheat|p2a: Chansey
|-damage|p2a: Chansey|21/100
|-unboost|p1a: Blacephalon|spa|2
|
|-weather|SunnyDay|[upkeep]
|-damage|p1a: Blacephalon|69/100 tox|[from] psn
|upkeep
|turn|37
|
|t:|1645849656
|move|p1a: Blacephalon|Overheat|p2a: Chansey|[miss]
|-miss|p1a: Blacephalon|p2a: Chansey
|move|p2a: Chansey|Soft-Boiled|p2a: Chansey
|-heal|p2a: Chansey|71/100
|
|-weather|SunnyDay|[upkeep]
|-damage|p1a: Blacephalon|50/100 tox|[from] psn
|upkeep
|turn|38
|
|t:|1645849664
|switch|p1a: Landorus|Landorus-Therian, M|29/100 tox
|-ability|p1a: Landorus|Intimidate|boost
|-unboost|p2a: Chansey|atk|1
|switch|p2a: Torkoal|Torkoal, M|42/100 slp
|
|-weather|SunnyDay|[upkeep]
|-damage|p1a: Landorus|22/100 tox|[from] psn
|upkeep
|turn|39
|
|t:|1645849671
|move|p1a: Landorus|Earthquake|p2a: Torkoal
|-supereffective|p2a: Torkoal
|-damage|p2a: Torkoal|0 fnt
|faint|p2a: Torkoal
|
|-weather|SunnyDay|[upkeep]
|-damage|p1a: Landorus|10/100 tox|[from] psn
|upkeep
|
|t:|1645849673
|switch|p2a: Cloyster|Cloyster, M|100/100
|turn|40
|
|t:|1645849678
|move|p2a: Cloyster|Shell Smash|p2a: Cloyster
|-unboost|p2a: Cloyster|def|1
|-unboost|p2a: Cloyster|spd|1
|-boost|p2a: Cloyster|atk|2
|-boost|p2a: Cloyster|spa|2
|-boost|p2a: Cloyster|spe|2
|move|p1a: Landorus|Toxic|p2a: Cloyster
|-status|p2a: Cloyster|tox
|
|-weather|SunnyDay|[upkeep]
|-damage|p2a: Cloyster|94/100 tox|[from] psn
|-damage|p1a: Landorus|0 fnt|[from] psn
|faint|p1a: Landorus
|upkeep
|
|t:|1645849688
|switch|p1a: Volcarona|Volcarona, F|22/100
|turn|41
|
|t:|1645849691
|move|p2a: Cloyster|Weather Ball|p1a: Volcarona
|-damage|p1a: Volcarona|0 fnt
|faint|p1a: Volcarona
|
|-weather|SunnyDay|[upkeep]
|-damage|p2a: Cloyster|82/100 tox|[from] psn
|upkeep
|
|t:|1645849696
|switch|p1a: Ninetales|Ninetales-Alola, F|100/100
|-weather|Hail|[from] ability: Snow Warning|[of] p1a: Ninetales
|turn|42
|
|t:|1645849699
|move|p2a: Cloyster|Rock Blast|p1a: Ninetales
|-supereffective|p1a: Ninetales
|-damage|p1a: Ninetales|66/100
|-supereffective|p1a: Ninetales
|-damage|p1a: Ninetales|32/100
|-supereffective|p1a: Ninetales
|-crit|p1a: Ninetales
|-damage|p1a: Ninetales|0 fnt
|faint|p1a: Ninetales
|-hitcount|p1: Ninetales|3
|
|-weather|Hail|[upkeep]
|-damage|p2a: Cloyster|63/100 tox|[from] psn
|upkeep
|
|t:|1645849704
|switch|p1a: Blacephalon|Blacephalon|50/100 tox
|turn|43
|
|t:|1645849717
|move|p2a: Cloyster|Weather Ball|p1a: Blacephalon
|-resisted|p1a: Blacephalon
|-damage|p1a: Blacephalon|2/100 tox
|move|p1a: Blacephalon|Flamethrower|p2a: Cloyster
|-damage|p2a: Cloyster|0 fnt
|faint|p2a: Cloyster
|-ability|p1a: Blacephalon|Beast Boost|boost
|-boost|p1a: Blacephalon|spa|1
|
|-weather|Hail|[upkeep]
|-damage|p1a: Blacephalon|0 fnt|[from] Hail
|faint|p1a: Blacephalon
|upkeep
|
|t:|1645849721
|switch|p1a: Tapu Fini|Tapu Fini|30/100
|switch|p2a: Chansey|Chansey, F|71/100
|-fieldstart|move: Misty Terrain|[from] ability: Misty Surge|[of] p1a: Tapu Fini
|turn|44
|
|t:|1645849726
|move|p1a: Tapu Fini|Calm Mind|p1a: Tapu Fini
|-boost|p1a: Tapu Fini|spa|1
|-boost|p1a: Tapu Fini|spd|1
|move|p2a: Chansey|Seismic Toss|p1a: Tapu Fini
|-damage|p1a: Tapu Fini|1/100
|
|-weather|Hail|[upkeep]
|-damage|p1a: Tapu Fini|0 fnt|[from] Hail
|-damage|p2a: Chansey|65/100|[from] Hail
|faint|p1a: Tapu Fini
|
|win|Buhrito
|upkeep
