|raw|<div class="broadcast-blue"><strong>This battle is required to be public due to a player having a name starting with 'lt94je'.</div>
|j|☆LT94JE Herv
|j|☆Pinkacross
|t:|1661563992
|gametype|singles
|player|p1|LT94JE Herv|morty-gen2|1788
|player|p2|Pinkacross|1|1790
|teamsize|p1|6
|teamsize|p2|6
|gen|8
|tier|[Gen 8] OU
|rated|
|rule|Sleep Clause Mod: Limit one foe put to sleep
|rule|Species Clause: Limit one of each Pokémon
|rule|OHKO Clause: OHKO moves are banned
|rule|Evasion Items Clause: Evasion items are banned
|rule|Evasion Moves Clause: Evasion moves are banned
|rule|Endless Battle Clause: Forcing endless battles is banned
|rule|HP Percentage Mod: HP is shown in percentages
|rule|Dynamax Clause: You cannot dynamax
|clearpoke
|poke|p1|Buzzwole|
|poke|p1|Tapu Lele|
|poke|p1|Zapdos|
|poke|p1|Dragapult, M|
|poke|p1|Landorus-Therian, M|
|poke|p1|Melmetal|
|poke|p2|Moltres-Galar|
|poke|p2|Tapu Lele|
|poke|p2|Volcarona, F|
|poke|p2|Volcanion|
|poke|p2|Ninetales-Alola, F|
|poke|p2|Landorus-Therian, M|
|teampreview
|inactive|Battle timer is ON: inactive players will automatically lose when time's up. (requested by LT94JE Herv)
|c|☆Pinkacross|hf
|
|t:|1661564014
|start
|switch|p1a: Dragapult|Dragapult, M|100/100
|switch|p2a: Ninetales|Ninetales-Alola, F|100/100
|-weather|Hail|[from] ability: Snow Warning|[of] p2a: Ninetales
|turn|1
|
|t:|1661564027
|move|p1a: Dragapult|Shadow Ball|p2a: Ninetales
|-damage|p2a: Ninetales|37/100
|-unboost|p2a: Ninetales|spd|1
|move|p2a: Ninetales|Blizzard|p1a: Dragapult
|-supereffective|p1a: Dragapult
|-damage|p1a: Dragapult|4/100
|
|-weather|Hail|[upkeep]
|-damage|p1a: Dragapult|0 fnt|[from] Hail
|faint|p1a: Dragapult
|upkeep
|
|t:|1661564037
|switch|p1a: Tapu Lele|Tapu Lele|100/100
|-fieldstart|move: Psychic Terrain|[from] ability: Psychic Surge|[of] p1a: Tapu Lele
|turn|2
|
|t:|1661564046
|switch|p2a: Volcanion|Volcanion|100/100
|move|p1a: Tapu Lele|Future Sight|p2a: Volcanion
|-start|p1a: Tapu Lele|move: Future Sight
|
|-weather|Hail|[upkeep]
|-damage|p1a: Tapu Lele|94/100|[from] Hail
|-damage|p2a: Volcanion|94/100|[from] Hail
|upkeep
|turn|3
|
|t:|1661564051
|switch|p1a: Zapdos|Zapdos|100/100
|move|p2a: Volcanion|Steam Eruption|p1a: Zapdos
|-damage|p1a: Zapdos|34/100
|
|-weather|Hail|[upkeep]
|-damage|p1a: Zapdos|28/100|[from] Hail
|-damage|p2a: Volcanion|88/100|[from] Hail
|upkeep
|turn|4
|
|t:|1661564056
|move|p1a: Zapdos|Hurricane|p2a: Volcanion|[miss]
|-miss|p1a: Zapdos|p2a: Volcanion
|move|p2a: Volcanion|Steam Eruption|p1a: Zapdos
|-damage|p1a: Zapdos|0 fnt
|faint|p1a: Zapdos
|
|-weather|Hail|[upkeep]
|-damage|p2a: Volcanion|82/100|[from] Hail
|-end|p2a: Volcanion|move: Future Sight
|-damage|p2a: Volcanion|0 fnt
|faint|p2a: Volcanion
|upkeep
|
|t:|1661564069
|switch|p1a: Tapu Lele|Tapu Lele|94/100
|switch|p2a: Landorus|Landorus-Therian, M|100/100
|-ability|p2a: Landorus|Intimidate|boost
|-unboost|p1a: Tapu Lele|atk|1
|turn|5
|
|t:|1661564072
|move|p1a: Tapu Lele|Future Sight|p2a: Landorus
|-start|p1a: Tapu Lele|move: Future Sight
|move|p2a: Landorus|U-turn|p1a: Tapu Lele
|-damage|p1a: Tapu Lele|32/100
|
|t:|1661564077
|switch|p2a: Tapu Lele|Tapu Lele|100/100|[from]move: U-turn
|
|-weather|none
|upkeep
|turn|6
|
|t:|1661564080
|switch|p1a: Melmetal|Melmetal|100/100
|move|p2a: Tapu Lele|Calm Mind|p2a: Tapu Lele
|-boost|p2a: Tapu Lele|spa|1
|-boost|p2a: Tapu Lele|spd|1
|
|-fieldend|move: Psychic Terrain
|upkeep
|turn|7
|
|t:|1661564085
|move|p2a: Tapu Lele|Focus Blast|p1a: Melmetal
|-supereffective|p1a: Melmetal
|-damage|p1a: Melmetal|0 fnt
|faint|p1a: Melmetal
|-damage|p2a: Tapu Lele|91/100|[from] item: Life Orb
|
|-end|p2a: Tapu Lele|move: Future Sight
|-resisted|p2a: Tapu Lele
|-damage|p2a: Tapu Lele|69/100
|upkeep
|
|t:|1661564089
|switch|p1a: Landorus|Landorus-Therian, M|100/100
|-ability|p1a: Landorus|Intimidate|boost
|-unboost|p2a: Tapu Lele|atk|1
|turn|8
|
|t:|1661564091
|move|p2a: Tapu Lele|Draining Kiss|p1a: Landorus
|-damage|p1a: Landorus|60/100
|-heal|p2a: Tapu Lele|100/100|[from] drain|[of] p1a: Landorus
|-damage|p2a: Tapu Lele|91/100|[from] item: Life Orb
|move|p1a: Landorus|Earthquake|p2a: Tapu Lele
|-damage|p2a: Tapu Lele|25/100
|
|-heal|p1a: Landorus|66/100|[from] item: Leftovers
|upkeep
|turn|9
|
|t:|1661564094
|move|p2a: Tapu Lele|Psyshock|p1a: Landorus
|-damage|p1a: Landorus|0 fnt
|faint|p1a: Landorus
|-damage|p2a: Tapu Lele|15/100|[from] item: Life Orb
|
|upkeep
|
|t:|1661564097
|switch|p1a: Buzzwole|Buzzwole|100/100
|turn|10
|
|t:|1661564099
|move|p1a: Buzzwole|Leech Life|p2a: Tapu Lele
|-damage|p2a: Tapu Lele|0 fnt
|faint|p2a: Tapu Lele
|-ability|p1a: Buzzwole|Beast Boost|boost
|-boost|p1a: Buzzwole|atk|1
|
|upkeep
|
|t:|1661564103
|switch|p2a: Landorus|Landorus-Therian, M|100/100
|-ability|p2a: Landorus|Intimidate|boost
|-unboost|p1a: Buzzwole|atk|1
|turn|11
|
|t:|1661564106
|move|p2a: Landorus|Explosion|p1a: Buzzwole
|-damage|p1a: Buzzwole|0 fnt
|faint|p2a: Landorus
|faint|p1a: Buzzwole
|
|upkeep
|
|t:|1661564110
|switch|p2a: Volcarona|Volcarona, F|100/100
|switch|p1a: Tapu Lele|Tapu Lele|32/100
|-fieldstart|move: Psychic Terrain|[from] ability: Psychic Surge|[of] p1a: Tapu Lele
|turn|12
|c|☆Pinkacross|gg
|-message|LT94JE Herv forfeited.
|
|win|Pinkacross
|raw|LT94JE Herv's rating: 1788 &rarr; <strong>1768</strong><br />(-20 for losing)
|raw|Pinkacross's rating: 1790 &rarr; <strong>1810</strong><br />(+20 for winning)
|l|☆LT94JE Herv
