|j|☆NairFlipKick
|j|☆YUNG TOASTER BREAD
|t:|1651871406
|gametype|singles
|player|p1|NairFlipKick|battlegirl-gen4|1590
|player|p2|YUNG TOASTER BREAD|bruno|1711
|teamsize|p1|6
|teamsize|p2|6
|gen|8
|tier|[Gen 8] OU
|rated|
|rule|Sleep Clause Mod: Limit one foe put to sleep
|rule|Species Clause: Limit one of each Pokémon
|rule|OHKO Clause: OHKO moves are banned
|rule|Evasion Moves Clause: Evasion moves are banned
|rule|Endless Battle Clause: Forcing endless battles is banned
|rule|HP Percentage Mod: HP is shown in percentages
|rule|Dynamax Clause: You cannot dynamax
|clearpoke
|poke|p1|Latios, M|
|poke|p1|Mienshao, F|
|poke|p1|Melmetal|
|poke|p1|Zapdos|
|poke|p1|Aegislash, F|
|poke|p1|Swampert, F|
|poke|p2|Slowking-Galar, F|
|poke|p2|Hippowdon, M|
|poke|p2|Kartana|
|poke|p2|Moltres|
|poke|p2|Zeraora|
|poke|p2|Tapu Fini|
|teampreview
|j| mistelpil
|inactive|Battle timer is ON: inactive players will automatically lose when time's up. (requested by NairFlipKick)
|
|t:|1651871444
|start
|switch|p1a: Swampert|Swampert, F|100/100
|switch|p2a: Hippowdon|Hippowdon, M|100/100
|-weather|Sandstorm|[from] ability: Sand Stream|[of] p2a: Hippowdon
|turn|1
|
|t:|1651871455
|move|p2a: Hippowdon|Toxic|p1a: Swampert
|-status|p1a: Swampert|tox
|move|p1a: Swampert|Stealth Rock|p2a: Hippowdon
|-sidestart|p2: YUNG TOASTER BREAD|move: Stealth Rock
|
|-weather|Sandstorm|[upkeep]
|-damage|p1a: Swampert|94/100 tox|[from] psn
|upkeep
|turn|2
|
|t:|1651871459
|move|p2a: Hippowdon|Stealth Rock|p1a: Swampert
|-sidestart|p1: NairFlipKick|move: Stealth Rock
|move|p1a: Swampert|Flip Turn|p2a: Hippowdon
|-supereffective|p2a: Hippowdon
|-damage|p2a: Hippowdon|70/100
|
|t:|1651871461
|switch|p1a: Mienshao|Mienshao, F|100/100|[from]move: Flip Turn
|-damage|p1a: Mienshao|95/100|[from] Stealth Rock
|
|-weather|Sandstorm|[upkeep]
|-damage|p1a: Mienshao|89/100|[from] Sandstorm
|-heal|p2a: Hippowdon|77/100|[from] item: Leftovers
|upkeep
|turn|3
|
|t:|1651871469
|move|p1a: Mienshao|High Jump Kick|p2a: Hippowdon
|-damage|p2a: Hippowdon|0 fnt
|faint|p2a: Hippowdon
|
|-weather|Sandstorm|[upkeep]
|-damage|p1a: Mienshao|83/100|[from] Sandstorm
|upkeep
|
|t:|1651871475
|switch|p2a: Tapu Fini|Tapu Fini|100/100
|-damage|p2a: Tapu Fini|88/100|[from] Stealth Rock
|-fieldstart|move: Misty Terrain|[from] ability: Misty Surge|[of] p2a: Tapu Fini
|turn|4
|
|t:|1651871487
|switch|p1a: Melmetal|Melmetal|100/100
|-damage|p1a: Melmetal|94/100|[from] Stealth Rock
|move|p2a: Tapu Fini|Hydro Pump|p1a: Melmetal
|-damage|p1a: Melmetal|53/100
|
|-weather|Sandstorm|[upkeep]
|-damage|p2a: Tapu Fini|82/100|[from] Sandstorm
|-heal|p1a: Melmetal|59/100|[from] item: Leftovers
|upkeep
|turn|5
|inactive|NairFlipKick has 120 seconds left.
|
|t:|1651871523
|switch|p2a: Moltres|Moltres|100/100
|move|p1a: Melmetal|Toxic|p2a: Moltres|[miss]
|-miss|p1a: Melmetal|p2a: Moltres
|
|-weather|none
|-heal|p1a: Melmetal|65/100|[from] item: Leftovers
|upkeep
|turn|6
|inactive|NairFlipKick has 120 seconds left.
|
|t:|1651871535
|switch|p1a: Swampert|Swampert, F|94/100 tox
|-damage|p1a: Swampert|88/100 tox|[from] Stealth Rock
|move|p2a: Moltres|Flamethrower|p1a: Swampert
|-resisted|p1a: Swampert
|-damage|p1a: Swampert|76/100 tox
|
|-heal|p1a: Swampert|82/100 tox|[from] item: Leftovers
|-damage|p1a: Swampert|76/100 tox|[from] psn
|upkeep
|turn|7
|j| Fart Stinky
|inactive|NairFlipKick has 120 seconds left.
|
|t:|1651871551
|move|p2a: Moltres|U-turn|p1a: Swampert
|-damage|p1a: Swampert|63/100 tox
|
|t:|1651871558
|switch|p2a: Kartana|Kartana|100/100|[from]move: U-turn
|-damage|p2a: Kartana|94/100|[from] Stealth Rock
|move|p1a: Swampert|Flip Turn|p2a: Kartana
|-resisted|p2a: Kartana
|-damage|p2a: Kartana|83/100
|
|t:|1651871560
|switch|p1a: Zapdos|Zapdos|100/100|[from]move: Flip Turn
|
|upkeep
|turn|8
|
|t:|1651871575
|switch|p2a: Slowking|Slowking-Galar, F, shiny|100/100
|-damage|p2a: Slowking|88/100|[from] Stealth Rock
|switch|p1a: Swampert|Swampert, F|63/100 tox
|-damage|p1a: Swampert|57/100 tox|[from] Stealth Rock
|
|-heal|p1a: Swampert|63/100 tox|[from] item: Leftovers
|-damage|p1a: Swampert|57/100 tox|[from] psn
|-fieldend|Misty Terrain
|upkeep
|turn|9
|inactive|NairFlipKick has 120 seconds left.
|
|t:|1651871622
|move|p1a: Swampert|Flip Turn|p2a: Slowking
|-damage|p2a: Slowking|65/100
|
|t:|1651871626
|switch|p1a: Aegislash|Aegislash, F|100/100|[from]move: Flip Turn
|-damage|p1a: Aegislash|94/100|[from] Stealth Rock
|move|p2a: Slowking|Psyshock|p1a: Aegislash
|-resisted|p1a: Aegislash
|-damage|p1a: Aegislash|64/100
|
|upkeep
|turn|10
|
|t:|1651871639
|switch|p2a: Moltres|Moltres|100/100
|-formechange|p1a: Aegislash|Aegislash-Blade||[from] ability: Stance Change
|move|p1a: Aegislash|Shadow Claw|p2a: Moltres
|-damage|p2a: Moltres|59/100
|
|upkeep
|turn|11
|inactive|NairFlipKick has 90 seconds left.
|
|t:|1651871680
|switch|p1a: Zapdos|Zapdos|100/100
|move|p2a: Moltres|U-turn|p1a: Zapdos
|-resisted|p1a: Zapdos
|-damage|p1a: Zapdos|94/100
|
|t:|1651871688
|switch|p2a: Slowking|Slowking-Galar, F, shiny|98/100|[from]move: U-turn
|-damage|p2a: Slowking|85/100|[from] Stealth Rock
|
|upkeep
|turn|12
|
|t:|1651871696
|move|p1a: Zapdos|Volt Switch|p2a: Slowking
|-damage|p2a: Slowking|61/100
|
|t:|1651871702
|switch|p1a: Aegislash|Aegislash, F|64/100|[from]move: Volt Switch
|-damage|p1a: Aegislash|58/100|[from] Stealth Rock
|move|p2a: Slowking|Hydro Pump|p1a: Aegislash
|-damage|p1a: Aegislash|1/100
|
|upkeep
|turn|13
|inactive|YUNG TOASTER BREAD has 120 seconds left.
|
|t:|1651871735
|switch|p2a: Moltres|Moltres|59/100
|-formechange|p1a: Aegislash|Aegislash-Blade||[from] ability: Stance Change
|move|p1a: Aegislash|Shadow Claw|p2a: Moltres
|-damage|p2a: Moltres|15/100
|
|upkeep
|turn|14
|
|t:|1651871739
|move|p1a: Aegislash|Shadow Sneak|p2a: Moltres
|-crit|p2a: Moltres
|-damage|p2a: Moltres|0 fnt
|faint|p2a: Moltres
|
|upkeep
|
|t:|1651871753
|switch|p2a: Zeraora|Zeraora|100/100
|-damage|p2a: Zeraora|88/100|[from] Stealth Rock
|turn|15
|inactive|NairFlipKick has 90 seconds left.
|
|t:|1651871783
|move|p1a: Aegislash|Shadow Sneak|p2a: Zeraora
|-damage|p2a: Zeraora|48/100
|move|p2a: Zeraora|Bulk Up|p2a: Zeraora
|-boost|p2a: Zeraora|atk|1
|-boost|p2a: Zeraora|def|1
|
|-heal|p2a: Zeraora|53/100|[from] item: Leftovers
|upkeep
|turn|16
|
|t:|1651871797
|move|p1a: Aegislash|Shadow Sneak|p2a: Zeraora
|-damage|p2a: Zeraora|26/100
|move|p2a: Zeraora|Bulk Up|p2a: Zeraora
|-boost|p2a: Zeraora|atk|1
|-boost|p2a: Zeraora|def|1
|
|-heal|p2a: Zeraora|32/100|[from] item: Leftovers
|upkeep
|turn|17
|
|t:|1651871813
|move|p2a: Zeraora|Knock Off|p1a: Aegislash
|-supereffective|p1a: Aegislash
|-damage|p1a: Aegislash|0 fnt
|-enditem|p1a: Aegislash|Spell Tag|[from] move: Knock Off|[of] p2a: Zeraora
|faint|p1a: Aegislash
|
|-heal|p2a: Zeraora|38/100|[from] item: Leftovers
|upkeep
|
|t:|1651871821
|switch|p1a: Latios|Latios, M|100/100
|-damage|p1a: Latios|88/100|[from] Stealth Rock
|turn|18
|
|t:|1651871841
|move|p1a: Latios|Psychic|p2a: Zeraora
|-damage|p2a: Zeraora|0 fnt
|faint|p2a: Zeraora
|
|upkeep
|
|t:|1651871849
|switch|p2a: Tapu Fini|Tapu Fini|82/100
|-damage|p2a: Tapu Fini|70/100|[from] Stealth Rock
|-fieldstart|move: Misty Terrain|[from] ability: Misty Surge|[of] p2a: Tapu Fini
|turn|19
|
|t:|1651871866
|move|p1a: Latios|Psychic|p2a: Tapu Fini
|-damage|p2a: Tapu Fini|22/100
|move|p2a: Tapu Fini|Trick|p1a: Latios
|-activate|p2a: Tapu Fini|move: Trick|[of] p1a: Latios
|-item|p1a: Latios|Choice Scarf|[from] move: Trick
|-item|p2a: Tapu Fini|Choice Scarf|[from] move: Trick
|
|upkeep
|turn|20
|-message|YUNG TOASTER BREAD forfeited.
|
|win|NairFlipKick
|raw|NairFlipKick's rating: 1590 &rarr; <strong>1617</strong><br />(+27 for winning)
|raw|YUNG TOASTER BREAD's rating: 1711 &rarr; <strong>1684</strong><br />(-27 for losing)
|l|☆YUNG TOASTER BREAD
|l| mistelpil
||Ladder isn't responding, score probably updated but might not have (Request timeout).
