|raw|<div class="broadcast-blue"><strong>This battle is required to be public due to a player having a name starting with 'lt93oq'.</div>
|j|☆LT93OQ Vegeto
|j|‽hypervortexreturns
|t:|1660578986
|gametype|singles
|player|p1|LT93OQ Vegeto|ethan|1856
|player|p2|hypervortexreturns|265|1940
|teamsize|p1|6
|teamsize|p2|6
|gen|8
|tier|[Gen 8] OU
|rated|
|rule|Sleep Clause Mod: Limit one foe put to sleep
|rule|Species Clause: Limit one of each Pokémon
|rule|OHKO Clause: OHKO moves are banned
|rule|Evasion Items Clause: Evasion items are banned
|rule|Evasion Moves Clause: Evasion moves are banned
|rule|Endless Battle Clause: Forcing endless battles is banned
|rule|HP Percentage Mod: HP is shown in percentages
|rule|Dynamax Clause: You cannot dynamax
|clearpoke
|poke|p1|Tapu Lele|
|poke|p1|Weavile, F|
|poke|p1|Garchomp, M|
|poke|p1|Clefable, F|
|poke|p1|Ferrothorn, M|
|poke|p1|Zapdos|
|poke|p2|Hydreigon, F|
|poke|p2|Zapdos|
|poke|p2|Tangrowth, M|
|poke|p2|Corviknight, F|
|poke|p2|Excadrill, F|
|poke|p2|Azumarill, F|
|teampreview
|inactive|Battle timer is ON: inactive players will automatically lose when time's up. (requested by LT93OQ Vegeto)
|j| LT93OQ TROP CHAUD
|j| LT93OQ baki
|j| LT92PFMimikyuStarD
|
|t:|1660579005
|start
|switch|p1a: Clefable|Clefable, F|100/100
|switch|p2a: Tangrowth|Tangrowth, M|100/100
|turn|1
|j| BDSPLT3SJ Citrus
|
|t:|1660579014
|move|p1a: Clefable|Thunder Wave|p2a: Tangrowth|[miss]
|-miss|p1a: Clefable|p2a: Tangrowth
|move|p2a: Tangrowth|Sleep Powder|p1a: Clefable
|-status|p1a: Clefable|slp|[from] move: Sleep Powder
|
|upkeep
|turn|2
|j| Mushaarna
|
|t:|1660579023
|cant|p1a: Clefable|slp
|move|p2a: Tangrowth|Knock Off|p1a: Clefable
|-resisted|p1a: Clefable
|-damage|p1a: Clefable|92/100 slp
|-enditem|p1a: Clefable|Leftovers|[from] move: Knock Off|[of] p2a: Tangrowth
|
|upkeep
|turn|3
|
|t:|1660579031
|switch|p2a: Excadrill|Excadrill, F|100/100
|-curestatus|p1a: Clefable|slp|[msg]
|move|p1a: Clefable|Stealth Rock|p2a: Excadrill
|-sidestart|p2: hypervortexreturns|move: Stealth Rock
|
|upkeep
|turn|4
|
|t:|1660579042
|switch|p1a: Zapdos|Zapdos|100/100
|move|p2a: Excadrill|Stealth Rock|p1a: Zapdos
|-sidestart|p1: LT93OQ Vegeto|move: Stealth Rock
|
|upkeep
|turn|5
|j| LT93OQ Bee
|j| LT93OQAntonioRecio
|
|t:|1660579065
|switch|p2a: Zapdos|Zapdos|100/100
|move|p1a: Zapdos|Hurricane|p2a: Zapdos
|-resisted|p2a: Zapdos
|-damage|p2a: Zapdos|73/100
|
|upkeep
|turn|6
|
|t:|1660579075
|move|p2a: Zapdos|Toxic|p1a: Zapdos
|-status|p1a: Zapdos|tox
|move|p1a: Zapdos|Volt Switch|p2a: Zapdos
|-damage|p2a: Zapdos|34/100
|l| Mushaarna
|j| Rilaboum sauvage
|
|t:|1660579091
|switch|p1a: Tapu Lele|Tapu Lele|100/100|[from]move: Volt Switch
|-damage|p1a: Tapu Lele|88/100|[from] Stealth Rock
|-fieldstart|move: Psychic Terrain|[from] ability: Psychic Surge|[of] p1a: Tapu Lele
|
|upkeep
|turn|7
|
|t:|1660579103
|switch|p2a: Corviknight|Corviknight, F|100/100
|-damage|p2a: Corviknight|88/100|[from] Stealth Rock
|-ability|p2a: Corviknight|Pressure
|move|p1a: Tapu Lele|Thunderbolt|p2a: Corviknight
|-supereffective|p2a: Corviknight
|-damage|p2a: Corviknight|17/100
|
|-heal|p2a: Corviknight|23/100|[from] item: Leftovers
|upkeep
|turn|8
|
|t:|1660579118
|switch|p2a: Excadrill|Excadrill, F|100/100
|-damage|p2a: Excadrill|97/100|[from] Stealth Rock
|move|p1a: Tapu Lele|Thunderbolt|p2a: Excadrill
|-immune|p2a: Excadrill
|
|-heal|p2a: Excadrill|100/100|[from] item: Leftovers
|upkeep
|turn|9
|inactive|hypervortexreturns has 120 seconds left.
|
|t:|1660579147
|switch|p1a: Zapdos|Zapdos|100/100 tox
|move|p2a: Excadrill|Swords Dance|p2a: Excadrill
|-boost|p2a: Excadrill|atk|2
|
|-damage|p1a: Zapdos|94/100 tox|[from] psn
|upkeep
|turn|10
|j| arnavgupta
|
|t:|1660579158
|move|p2a: Excadrill|Iron Head|p1a: Zapdos
|-resisted|p1a: Zapdos
|-damage|p1a: Zapdos|50/100 tox
|cant|p1a: Zapdos|flinch
|
|-damage|p1a: Zapdos|38/100 tox|[from] psn
|-fieldend|move: Psychic Terrain
|upkeep
|turn|11
|j| amimec
|
|t:|1660579168
|move|p2a: Excadrill|Iron Head|p1a: Zapdos
|-resisted|p1a: Zapdos
|-crit|p1a: Zapdos
|-damage|p1a: Zapdos|0 fnt
|-status|p2a: Excadrill|par|[from] ability: Static|[of] p1a: Zapdos
|faint|p1a: Zapdos
|
|upkeep
|
|t:|1660579173
|switch|p1a: Garchomp|Garchomp, M|100/100
|-damage|p1a: Garchomp|94/100|[from] Stealth Rock
|turn|12
|j| mace of fury
|
|t:|1660579182
|switch|p1a: Tapu Lele|Tapu Lele|88/100
|-damage|p1a: Tapu Lele|76/100|[from] Stealth Rock
|-fieldstart|move: Psychic Terrain|[from] ability: Psychic Surge|[of] p1a: Tapu Lele
|switch|p2a: Tangrowth|Tangrowth, M|100/100
|-damage|p2a: Tangrowth|88/100|[from] Stealth Rock
|
|upkeep
|turn|13
|j| Rovecraetove
|j| hernameisrio
|
|t:|1660579208
|switch|p2a: Corviknight|Corviknight, F|23/100
|-damage|p2a: Corviknight|11/100|[from] Stealth Rock
|-ability|p2a: Corviknight|Pressure
|move|p1a: Tapu Lele|Moonblast|p2a: Corviknight
|-resisted|p2a: Corviknight
|-damage|p2a: Corviknight|0 fnt
|faint|p2a: Corviknight
|
|upkeep
|j| Sc0rcha
|l| Sc0rcha
|
|t:|1660579221
|switch|p2a: Excadrill|Excadrill, F|100/100 par
|-damage|p2a: Excadrill|97/100 par|[from] Stealth Rock
|turn|14
|j|@ironwater
|j| Dzhugashvili
|
|t:|1660579242
|switch|p1a: Garchomp|Garchomp, M|94/100
|-damage|p1a: Garchomp|88/100|[from] Stealth Rock
|move|p2a: Excadrill|Earthquake|p1a: Garchomp
|-damage|p1a: Garchomp|42/100
|
|-heal|p1a: Garchomp|48/100|[from] item: Leftovers
|-heal|p2a: Excadrill|100/100 par|[from] item: Leftovers
|upkeep
|turn|15
|j| flygon1908
|inactive|hypervortexreturns has 120 seconds left.
|
|t:|1660579266
|switch|p2a: Hydreigon|Hydreigon, F|100/100
|-damage|p2a: Hydreigon|88/100|[from] Stealth Rock
|move|p1a: Garchomp|Earthquake|p2a: Hydreigon
|-immune|p2a: Hydreigon|[from] ability: Levitate
|
|-heal|p2a: Hydreigon|94/100|[from] item: Leftovers
|-heal|p1a: Garchomp|54/100|[from] item: Leftovers
|upkeep
|turn|16
|inactive|hypervortexreturns has 120 seconds left.
|
|t:|1660579278
|move|p2a: Hydreigon|Dark Pulse|p1a: Garchomp
|-damage|p1a: Garchomp|20/100
|move|p1a: Garchomp|Scale Shot|p2a: Hydreigon|[miss]
|-miss|p1a: Garchomp|p2a: Hydreigon
|
|-heal|p2a: Hydreigon|100/100|[from] item: Leftovers
|-heal|p1a: Garchomp|27/100|[from] item: Leftovers
|-fieldend|move: Psychic Terrain
|upkeep
|turn|17
|inactive|hypervortexreturns has 120 seconds left.
|
|t:|1660579288
|switch|p1a: Clefable|Clefable, F|92/100
|move|p2a: Hydreigon|Dark Pulse|p1a: Clefable
|-resisted|p1a: Clefable
|-damage|p1a: Clefable|77/100
|
|upkeep
|turn|18
|l| Rilaboum sauvage
|inactive|hypervortexreturns has 120 seconds left.
|
|t:|1660579306
|switch|p2a: Excadrill|Excadrill, F|100/100 par
|-damage|p2a: Excadrill|97/100 par|[from] Stealth Rock
|move|p1a: Clefable|Moonblast|p2a: Excadrill
|-resisted|p2a: Excadrill
|-damage|p2a: Excadrill|75/100 par
|-unboost|p2a: Excadrill|spa|1
|
|-heal|p2a: Excadrill|81/100 par|[from] item: Leftovers
|upkeep
|turn|19
|inactive|hypervortexreturns has 120 seconds left.
|
|t:|1660579318
|switch|p1a: Ferrothorn|Ferrothorn, M|100/100
|-damage|p1a: Ferrothorn|94/100|[from] Stealth Rock
|move|p2a: Excadrill|Earthquake|p1a: Ferrothorn
|-damage|p1a: Ferrothorn|57/100
|
|-heal|p2a: Excadrill|87/100 par|[from] item: Leftovers
|-heal|p1a: Ferrothorn|64/100|[from] item: Leftovers
|upkeep
|turn|20
|inactive|hypervortexreturns has 120 seconds left.
|
|t:|1660579341
|switch|p2a: Tangrowth|Tangrowth, M|100/100
|-damage|p2a: Tangrowth|88/100|[from] Stealth Rock
|move|p1a: Ferrothorn|Knock Off|p2a: Tangrowth
|-damage|p2a: Tangrowth|78/100
|-damage|p1a: Ferrothorn|47/100|[from] item: Rocky Helmet|[of] p2a: Tangrowth
|-enditem|p2a: Tangrowth|Rocky Helmet|[from] move: Knock Off|[of] p1a: Ferrothorn
|
|-heal|p1a: Ferrothorn|53/100|[from] item: Leftovers
|upkeep
|turn|21
|
|t:|1660579352
|switch|p1a: Clefable|Clefable, F|77/100
|move|p2a: Tangrowth|Knock Off|p1a: Clefable
|-resisted|p1a: Clefable
|-damage|p1a: Clefable|71/100
|
|upkeep
|turn|22
|
|t:|1660579366
|switch|p1a: Weavile|Weavile, F|100/100
|-ability|p1a: Weavile|Pressure
|move|p2a: Tangrowth|Sleep Powder|p1a: Weavile
|-status|p1a: Weavile|slp|[from] move: Sleep Powder
|
|upkeep
|turn|23
|
|t:|1660579377
|cant|p1a: Weavile|slp
|move|p2a: Tangrowth|Power Whip|p1a: Weavile
|-damage|p1a: Weavile|30/100 slp
|
|upkeep
|turn|24
|
|t:|1660579390
|-curestatus|p1a: Weavile|slp|[msg]
|move|p1a: Weavile|Triple Axel|p2a: Tangrowth
|-supereffective|p2a: Tangrowth
|-damage|p2a: Tangrowth|66/100
|-supereffective|p2a: Tangrowth
|-damage|p2a: Tangrowth|44/100
|-supereffective|p2a: Tangrowth
|-damage|p2a: Tangrowth|10/100
|-hitcount|p2a: Tangrowth|3
|move|p2a: Tangrowth|Knock Off|p1a: Weavile
|-resisted|p1a: Weavile
|-damage|p1a: Weavile|12/100
|-enditem|p1a: Weavile|Heavy-Duty Boots|[from] move: Knock Off|[of] p2a: Tangrowth
|
|upkeep
|turn|25
|
|t:|1660579412
|switch|p2a: Azumarill|Azumarill, F|100/100
|-damage|p2a: Azumarill|88/100|[from] Stealth Rock
|move|p1a: Weavile|Knock Off|p2a: Azumarill
|-resisted|p2a: Azumarill
|-damage|p2a: Azumarill|55/100
|-enditem|p2a: Azumarill|Sitrus Berry|[from] move: Knock Off|[of] p1a: Weavile
|
|upkeep
|turn|26
|
|t:|1660579420
|switch|p1a: Ferrothorn|Ferrothorn, M|53/100
|-damage|p1a: Ferrothorn|47/100|[from] Stealth Rock
|move|p2a: Azumarill|Aqua Jet|p1a: Ferrothorn
|-resisted|p1a: Ferrothorn
|-damage|p1a: Ferrothorn|37/100
|-damage|p2a: Azumarill|42/100|[from] ability: Iron Barbs|[of] p1a: Ferrothorn
|
|-heal|p1a: Ferrothorn|43/100|[from] item: Leftovers
|upkeep
|turn|27
|
|t:|1660579433
|switch|p2a: Tangrowth|Tangrowth, M|43/100
|-damage|p2a: Tangrowth|30/100|[from] Stealth Rock
|move|p1a: Ferrothorn|Gyro Ball|p2a: Tangrowth
|-damage|p2a: Tangrowth|18/100
|
|-heal|p1a: Ferrothorn|49/100|[from] item: Leftovers
|upkeep
|turn|28
|
|t:|1660579443
|move|p2a: Tangrowth|Focus Blast|p1a: Ferrothorn
|-supereffective|p1a: Ferrothorn
|-damage|p1a: Ferrothorn|8/100
|-unboost|p1a: Ferrothorn|spd|1
|move|p1a: Ferrothorn|Knock Off|p2a: Tangrowth
|-damage|p2a: Tangrowth|11/100
|
|-heal|p1a: Ferrothorn|14/100|[from] item: Leftovers
|upkeep
|turn|29
|
|t:|1660579456
|move|p2a: Tangrowth|Focus Blast|p1a: Ferrothorn
|-supereffective|p1a: Ferrothorn
|-damage|p1a: Ferrothorn|0 fnt
|faint|p1a: Ferrothorn
|
|upkeep
|
|t:|1660579461
|switch|p1a: Garchomp|Garchomp, M|27/100
|-damage|p1a: Garchomp|20/100|[from] Stealth Rock
|turn|30
|inactive|hypervortexreturns has 120 seconds left.
|
|t:|1660579479
|move|p1a: Garchomp|Fire Fang|p2a: Tangrowth
|-supereffective|p2a: Tangrowth
|-damage|p2a: Tangrowth|0 fnt
|faint|p2a: Tangrowth
|
|-heal|p1a: Garchomp|27/100|[from] item: Leftovers
|upkeep
|
|t:|1660579492
|switch|p2a: Hydreigon|Hydreigon, F|100/100
|-damage|p2a: Hydreigon|88/100|[from] Stealth Rock
|turn|31
|
|t:|1660579497
|switch|p1a: Clefable|Clefable, F|71/100
|move|p2a: Hydreigon|Dark Pulse|p1a: Clefable
|-resisted|p1a: Clefable
|-damage|p1a: Clefable|54/100
|
|-heal|p2a: Hydreigon|94/100|[from] item: Leftovers
|upkeep
|turn|32
|l| BDSPLT3SJ Citrus
|inactive|hypervortexreturns has 120 seconds left.
|l| LT93OQ Bee
|
|t:|1660579527
|switch|p2a: Zapdos|Zapdos|34/100
|move|p1a: Clefable|Soft-Boiled|p1a: Clefable
|-heal|p1a: Clefable|100/100
|
|upkeep
|turn|33
|
|t:|1660579534
|move|p2a: Zapdos|Roost|p2a: Zapdos
|-heal|p2a: Zapdos|84/100
|-singleturn|p2a: Zapdos|move: Roost
|move|p1a: Clefable|Moonblast|p2a: Zapdos
|-damage|p2a: Zapdos|53/100
|
|upkeep
|turn|34
|
|t:|1660579542
|move|p2a: Zapdos|Roost|p2a: Zapdos
|-heal|p2a: Zapdos|100/100
|-singleturn|p2a: Zapdos|move: Roost
|move|p1a: Clefable|Moonblast|p2a: Zapdos
|-damage|p2a: Zapdos|69/100
|-unboost|p2a: Zapdos|spa|1
|
|upkeep
|turn|35
|
|t:|1660579551
|move|p2a: Zapdos|Discharge|p1a: Clefable
|-damage|p1a: Clefable|78/100
|move|p1a: Clefable|Moonblast|p2a: Zapdos
|-damage|p2a: Zapdos|39/100
|-unboost|p2a: Zapdos|spa|1
|
|upkeep
|turn|36
|
|t:|1660579561
|switch|p1a: Garchomp|Garchomp, M|27/100
|-damage|p1a: Garchomp|20/100|[from] Stealth Rock
|move|p2a: Zapdos|Roost|p2a: Zapdos
|-heal|p2a: Zapdos|89/100
|-singleturn|p2a: Zapdos|move: Roost
|
|-heal|p1a: Garchomp|27/100|[from] item: Leftovers
|upkeep
|turn|37
|inactive|hypervortexreturns has 120 seconds left.
|
|t:|1660579571
|move|p2a: Zapdos|Hurricane|p1a: Garchomp
|-damage|p1a: Garchomp|2/100
|-start|p1a: Garchomp|confusion
|-activate|p1a: Garchomp|confusion
|move|p1a: Garchomp|Scale Shot|p2a: Zapdos
|-crit|p2a: Zapdos
|-damage|p2a: Zapdos|68/100
|-damage|p2a: Zapdos|54/100
|-damage|p2a: Zapdos|40/100
|-hitcount|p2a: Zapdos|3
|-unboost|p1a: Garchomp|def|1
|-boost|p1a: Garchomp|spe|1
|
|-heal|p1a: Garchomp|8/100|[from] item: Leftovers
|upkeep
|turn|38
|inactive|hypervortexreturns has 120 seconds left.
|j| Wnn
|
|t:|1660579592
|switch|p2a: Azumarill|Azumarill, F|42/100
|-damage|p2a: Azumarill|30/100|[from] Stealth Rock
|-end|p1a: Garchomp|confusion
|move|p1a: Garchomp|Scale Shot|p2a: Azumarill
|-immune|p2a: Azumarill
|
|-heal|p1a: Garchomp|14/100|[from] item: Leftovers
|upkeep
|turn|39
|
|t:|1660579602
|switch|p1a: Tapu Lele|Tapu Lele|76/100
|-damage|p1a: Tapu Lele|63/100|[from] Stealth Rock
|-fieldstart|move: Psychic Terrain|[from] ability: Psychic Surge|[of] p1a: Tapu Lele
|move|p2a: Azumarill|Aqua Jet|p1a: Tapu Lele
|-activate|p1a: Tapu Lele|move: Psychic Terrain
|
|upkeep
|turn|40
|inactive|hypervortexreturns has 90 seconds left.
|
|t:|1660579649
|move|p1a: Tapu Lele|Moonblast|p2a: Azumarill
|-damage|p2a: Azumarill|0 fnt
|faint|p2a: Azumarill
|
|upkeep
|
|t:|1660579656
|switch|p2a: Excadrill|Excadrill, F|87/100 par
|-damage|p2a: Excadrill|84/100 par|[from] Stealth Rock
|turn|41
|inactive|LT93OQ Vegeto has 120 seconds left.
|
|t:|1660579696
|switch|p1a: Weavile|Weavile, F|12/100
|-damage|p1a: Weavile|0 fnt|[from] Stealth Rock
|faint|p1a: Weavile
|move|p2a: Excadrill|Iron Head|p1: Weavile|[notarget]
|-fail|p2a: Excadrill
|
|-heal|p2a: Excadrill|90/100 par|[from] item: Leftovers
|upkeep
|
|t:|1660579700
|switch|p1a: Garchomp|Garchomp, M|14/100
|-damage|p1a: Garchomp|8/100|[from] Stealth Rock
|turn|42
|j| 0SiegeWarfare
|
|t:|1660579722
|move|p1a: Garchomp|Scale Shot|p2a: Excadrill
|-resisted|p2a: Excadrill
|-damage|p2a: Excadrill|82/100 par
|-resisted|p2a: Excadrill
|-damage|p2a: Excadrill|72/100 par
|-resisted|p2a: Excadrill
|-damage|p2a: Excadrill|63/100 par
|-resisted|p2a: Excadrill
|-damage|p2a: Excadrill|53/100 par
|-resisted|p2a: Excadrill
|-damage|p2a: Excadrill|45/100 par
|-hitcount|p2a: Excadrill|5
|-unboost|p1a: Garchomp|def|1
|-boost|p1a: Garchomp|spe|1
|cant|p2a: Excadrill|par
|
|-heal|p1a: Garchomp|14/100|[from] item: Leftovers
|-heal|p2a: Excadrill|51/100 par|[from] item: Leftovers
|upkeep
|turn|43
|
|t:|1660579739
|move|p1a: Garchomp|Earthquake|p2a: Excadrill
|-supereffective|p2a: Excadrill
|-damage|p2a: Excadrill|0 fnt
|faint|p2a: Excadrill
|
|-heal|p1a: Garchomp|20/100|[from] item: Leftovers
|-fieldend|move: Psychic Terrain
|upkeep
|l| Wnn
|
|t:|1660579747
|switch|p2a: Hydreigon|Hydreigon, F|94/100
|-damage|p2a: Hydreigon|82/100|[from] Stealth Rock
|turn|44
|
|t:|1660579752
|move|p1a: Garchomp|Scale Shot|p2a: Hydreigon
|-supereffective|p2a: Hydreigon
|-damage|p2a: Hydreigon|54/100
|-supereffective|p2a: Hydreigon
|-damage|p2a: Hydreigon|27/100
|-hitcount|p2a: Hydreigon|2
|-unboost|p1a: Garchomp|def|1
|-boost|p1a: Garchomp|spe|1
|move|p2a: Hydreigon|Dark Pulse|p1a: Garchomp
|-damage|p1a: Garchomp|0 fnt
|faint|p1a: Garchomp
|
|-heal|p2a: Hydreigon|33/100|[from] item: Leftovers
|upkeep
|
|t:|1660579759
|switch|p1a: Clefable|Clefable, F|78/100
|turn|45
|
|t:|1660579777
|switch|p2a: Zapdos|Zapdos|40/100
|switch|p1a: Tapu Lele|Tapu Lele|63/100
|-damage|p1a: Tapu Lele|51/100|[from] Stealth Rock
|-fieldstart|move: Psychic Terrain|[from] ability: Psychic Surge|[of] p1a: Tapu Lele
|
|upkeep
|turn|46
|j| tapu moxo
|inactive|hypervortexreturns has 60 seconds left.
|
|t:|1660579810
|switch|p2a: Hydreigon|Hydreigon, F|33/100
|-damage|p2a: Hydreigon|21/100|[from] Stealth Rock
|move|p1a: Tapu Lele|Moonblast|p2a: Hydreigon
|-supereffective|p2a: Hydreigon
|-damage|p2a: Hydreigon|0 fnt
|faint|p2a: Hydreigon
|
|upkeep
|
|t:|1660579819
|switch|p2a: Zapdos|Zapdos|40/100
|turn|47
|
|t:|1660579822
|move|p2a: Zapdos|Hurricane|p1a: Tapu Lele
|-damage|p1a: Tapu Lele|5/100
|move|p1a: Tapu Lele|Moonblast|p2a: Zapdos
|-damage|p2a: Zapdos|0 fnt
|faint|p2a: Zapdos
|
|win|LT93OQ Vegeto
|raw|LT93OQ Vegeto's rating: 1856 &rarr; <strong>1881</strong><br />(+25 for winning)
|raw|hypervortexreturns's rating: 1940 &rarr; <strong>1915</strong><br />(-25 for losing)
|l| Rovecraetove
|l|☆LT93OQ Vegeto
