|j|☆Mutako Z
|j|☆your mom 84
|t:|1635538734
|gametype|singles
|player|p1|Mutako Z|28|1678
|player|p2|your mom 84|lucas|1702
|teamsize|p1|6
|teamsize|p2|6
|gen|8
|tier|[Gen 8] OU
|rated|
|rule|Sleep Clause Mod: Limit one foe put to sleep
|rule|Species Clause: Limit one of each Pokémon
|rule|OHKO Clause: OHKO moves are banned
|rule|Evasion Moves Clause: Evasion moves are banned
|rule|Endless Battle Clause: Forcing endless battles is banned
|rule|HP Percentage Mod: HP is shown in percentages
|rule|Dynamax Clause: You cannot dynamax
|clearpoke
|poke|p1|Hippowdon, F|
|poke|p1|Tyranitar, M|
|poke|p1|Excadrill, M|
|poke|p1|Dracozolt|
|poke|p1|Zapdos|
|poke|p1|Scizor, M|
|poke|p2|Ninetales-Alola, M|
|poke|p2|Latios, M|
|poke|p2|Kartana|
|poke|p2|Azumarill, F|
|poke|p2|Excadrill, M|
|poke|p2|Garchomp, F|
|teampreview
|inactive|Battle timer is ON: inactive players will automatically lose when time's up. (requested by your mom 84)
|j| 8th Hokage Killua
|j| kniojbhvyutcdr
|
|t:|1635538755
|start
|switch|p1a: Hippowdon|Hippowdon, F|100/100
|switch|p2a: Garchomp|Garchomp, F|100/100
|-weather|Sandstorm|[from] ability: Sand Stream|[of] p1a: Hippowdon
|turn|1
|
|t:|1635538763
|move|p2a: Garchomp|Stealth Rock|p1a: Hippowdon
|-sidestart|p1: Mutako Z|move: Stealth Rock
|move|p1a: Hippowdon|Stealth Rock|p2a: Garchomp
|-sidestart|p2: your mom 84|move: Stealth Rock
|
|-weather|Sandstorm|[upkeep]
|upkeep
|turn|2
|
|t:|1635538780
|move|p2a: Garchomp|Swords Dance|p2a: Garchomp
|-boost|p2a: Garchomp|atk|2
|move|p1a: Hippowdon|Yawn|p2a: Garchomp
|-start|p2a: Garchomp|move: Yawn|[of] p1a: Hippowdon
|
|-weather|Sandstorm|[upkeep]
|upkeep
|turn|3
|
|t:|1635538789
|move|p2a: Garchomp|Earthquake|p1a: Hippowdon
|-crit|p1a: Hippowdon
|-damage|p1a: Hippowdon|24/100
|move|p1a: Hippowdon|Earthquake|p2a: Garchomp
|-damage|p2a: Garchomp|65/100
|
|-weather|Sandstorm|[upkeep]
|-heal|p2a: Garchomp|71/100|[from] item: Leftovers
|-end|p2a: Garchomp|move: Yawn|[silent]
|-status|p2a: Garchomp|slp
|upkeep
|turn|4
|
|t:|1635538800
|cant|p2a: Garchomp|slp
|move|p1a: Hippowdon|Yawn||[still]
|-fail|p1a: Hippowdon
|
|-weather|Sandstorm|[upkeep]
|-heal|p2a: Garchomp|77/100 slp|[from] item: Leftovers
|upkeep
|turn|5
|
|t:|1635538805
|cant|p2a: Garchomp|slp
|move|p1a: Hippowdon|Ice Fang|p2a: Garchomp|[miss]
|-miss|p1a: Hippowdon|p2a: Garchomp
|
|-weather|Sandstorm|[upkeep]
|-heal|p2a: Garchomp|83/100 slp|[from] item: Leftovers
|upkeep
|turn|6
|
|t:|1635538812
|cant|p2a: Garchomp|slp
|move|p1a: Hippowdon|Ice Fang|p2a: Garchomp
|-supereffective|p2a: Garchomp
|-damage|p2a: Garchomp|22/100 slp
|
|-weather|Sandstorm|[upkeep]
|-heal|p2a: Garchomp|28/100 slp|[from] item: Leftovers
|upkeep
|turn|7
|
|t:|1635538820
|switch|p1a: Zapdos|Zapdos|100/100
|-curestatus|p2a: Garchomp|slp|[msg]
|move|p2a: Garchomp|Earthquake|p1a: Zapdos
|-immune|p1a: Zapdos
|
|-weather|Sandstorm|[upkeep]
|-damage|p1a: Zapdos|94/100|[from] Sandstorm
|-heal|p2a: Garchomp|34/100|[from] item: Leftovers
|upkeep
|turn|8
|
|t:|1635538829
|move|p2a: Garchomp|Stone Edge|p1a: Zapdos
|-supereffective|p1a: Zapdos
|-damage|p1a: Zapdos|0 fnt
|faint|p1a: Zapdos
|
|-weather|none
|-heal|p2a: Garchomp|40/100|[from] item: Leftovers
|upkeep
|
|t:|1635538839
|switch|p1a: Hippowdon|Hippowdon, F|24/100
|-damage|p1a: Hippowdon|18/100|[from] Stealth Rock
|-weather|Sandstorm|[from] ability: Sand Stream|[of] p1a: Hippowdon
|turn|9
|
|t:|1635538852
|move|p2a: Garchomp|Earthquake|p1a: Hippowdon
|-damage|p1a: Hippowdon|0 fnt
|faint|p1a: Hippowdon
|
|-weather|Sandstorm|[upkeep]
|-heal|p2a: Garchomp|46/100|[from] item: Leftovers
|upkeep
|
|t:|1635538859
|switch|p1a: Excadrill|Excadrill, M|100/100
|-damage|p1a: Excadrill|97/100|[from] Stealth Rock
|turn|10
|
|t:|1635538870
|move|p1a: Excadrill|Earthquake|p2a: Garchomp
|-damage|p2a: Garchomp|0 fnt
|faint|p2a: Garchomp
|-damage|p1a: Excadrill|87/100|[from] item: Life Orb
|
|-weather|Sandstorm|[upkeep]
|upkeep
|
|t:|1635538878
|switch|p2a: Ninetales|Ninetales-Alola, M|100/100
|-damage|p2a: Ninetales|76/100|[from] Stealth Rock
|-weather|Hail|[from] ability: Snow Warning|[of] p2a: Ninetales
|turn|11
|
|t:|1635538886
|switch|p2a: Kartana|Kartana|100/100
|-damage|p2a: Kartana|94/100|[from] Stealth Rock
|move|p1a: Excadrill|Iron Head|p2a: Kartana
|-resisted|p2a: Kartana
|-damage|p2a: Kartana|66/100
|-damage|p1a: Excadrill|78/100|[from] item: Life Orb
|
|-weather|Hail|[upkeep]
|-damage|p2a: Kartana|60/100|[from] Hail
|-damage|p1a: Excadrill|71/100|[from] Hail
|-heal|p2a: Kartana|66/100|[from] item: Leftovers
|upkeep
|turn|12
|
|t:|1635538901
|move|p2a: Kartana|Swords Dance|p2a: Kartana
|-boost|p2a: Kartana|atk|2
|move|p1a: Excadrill|Earthquake|p2a: Kartana
|-damage|p2a: Kartana|7/100
|-damage|p1a: Excadrill|61/100|[from] item: Life Orb
|
|-weather|Hail|[upkeep]
|-damage|p2a: Kartana|0 fnt|[from] Hail
|-damage|p1a: Excadrill|55/100|[from] Hail
|faint|p2a: Kartana
|upkeep
|
|t:|1635538908
|switch|p2a: Azumarill|Azumarill, F|100/100
|-damage|p2a: Azumarill|88/100|[from] Stealth Rock
|turn|13
|
|t:|1635538915
|switch|p1a: Scizor|Scizor, M|100/100
|-damage|p1a: Scizor|88/100|[from] Stealth Rock
|move|p2a: Azumarill|Aqua Jet|p1a: Scizor
|-damage|p1a: Scizor|70/100
|-damage|p2a: Azumarill|72/100|[from] item: Rocky Helmet|[of] p1a: Scizor
|
|-weather|Hail|[upkeep]
|-damage|p2a: Azumarill|66/100|[from] Hail
|-damage|p1a: Scizor|64/100|[from] Hail
|upkeep
|turn|14
|
|t:|1635538929
|move|p2a: Azumarill|Knock Off|p1a: Scizor
|-damage|p1a: Scizor|32/100
|-damage|p2a: Azumarill|49/100|[from] item: Rocky Helmet|[of] p1a: Scizor
|-enditem|p1a: Scizor|Rocky Helmet|[from] move: Knock Off|[of] p2a: Azumarill
|-enditem|p2a: Azumarill|Sitrus Berry|[eat]
|-heal|p2a: Azumarill|74/100|[from] item: Sitrus Berry
|move|p1a: Scizor|Roost|p1a: Scizor
|-heal|p1a: Scizor|82/100
|-singleturn|p1a: Scizor|move: Roost
|
|-weather|Hail|[upkeep]
|-damage|p2a: Azumarill|68/100|[from] Hail
|-damage|p1a: Scizor|76/100|[from] Hail
|upkeep
|turn|15
|
|t:|1635538940
|move|p2a: Azumarill|Belly Drum|p2a: Azumarill
|-damage|p2a: Azumarill|18/100
|-setboost|p2a: Azumarill|atk|6|[from] move: Belly Drum
|move|p1a: Scizor|Swords Dance|p1a: Scizor
|-boost|p1a: Scizor|atk|2
|
|-weather|none
|upkeep
|turn|16
|
|t:|1635538947
|move|p2a: Azumarill|Aqua Jet|p1a: Scizor
|-damage|p1a: Scizor|0 fnt
|faint|p1a: Scizor
|
|upkeep
|inactive|Mutako Z has 120 seconds left.
|
|t:|1635539000
|switch|p1a: Tyranitar|Tyranitar, M|100/100
|-damage|p1a: Tyranitar|88/100|[from] Stealth Rock
|-weather|Sandstorm|[from] ability: Sand Stream|[of] p1a: Tyranitar
|turn|17
|inactive|Mutako Z has 90 seconds left.
|
|t:|1635539024
|switch|p1a: Dracozolt|Dracozolt|100/100
|-damage|p1a: Dracozolt|88/100|[from] Stealth Rock
|move|p2a: Azumarill|Aqua Jet|p1a: Dracozolt
|-resisted|p1a: Dracozolt
|-damage|p1a: Dracozolt|26/100
|
|-weather|Sandstorm|[upkeep]
|-damage|p2a: Azumarill|12/100|[from] Sandstorm
|upkeep
|turn|18
|inactive|Mutako Z has 90 seconds left.
|
|t:|1635539039
|move|p2a: Azumarill|Aqua Jet|p1a: Dracozolt
|-resisted|p1a: Dracozolt
|-damage|p1a: Dracozolt|0 fnt
|faint|p1a: Dracozolt
|
|-weather|Sandstorm|[upkeep]
|-damage|p2a: Azumarill|6/100|[from] Sandstorm
|upkeep
|
|t:|1635539058
|switch|p1a: Excadrill|Excadrill, M|55/100
|-damage|p1a: Excadrill|52/100|[from] Stealth Rock
|turn|19
|
|t:|1635539061
|move|p2a: Azumarill|Aqua Jet|p1a: Excadrill
|-supereffective|p1a: Excadrill
|-damage|p1a: Excadrill|0 fnt
|faint|p1a: Excadrill
|
|-weather|Sandstorm|[upkeep]
|-damage|p2a: Azumarill|0 fnt|[from] Sandstorm
|faint|p2a: Azumarill
|upkeep
|inactive|Mutako Z has 90 seconds left.
|
|t:|1635539068
|switch|p1a: Tyranitar|Tyranitar, M|88/100
|switch|p2a: Excadrill|Excadrill, M|100/100
|-damage|p2a: Excadrill|97/100|[from] Stealth Rock
|-ability|p2a: Excadrill|Mold Breaker
|-damage|p1a: Tyranitar|76/100|[from] Stealth Rock
|turn|20
|
|t:|1635539076
|move|p2a: Excadrill|Earthquake|p1a: Tyranitar
|-supereffective|p1a: Tyranitar
|-enditem|p1a: Tyranitar|Shuca Berry|[eat]
|-enditem|p1a: Tyranitar|Shuca Berry|[weaken]
|-damage|p1a: Tyranitar|8/100
|-damage|p2a: Excadrill|87/100|[from] item: Life Orb
|move|p1a: Tyranitar|Dragon Dance|p1a: Tyranitar
|-boost|p1a: Tyranitar|atk|1
|-boost|p1a: Tyranitar|spe|1
|
|-weather|Sandstorm|[upkeep]
|upkeep
|turn|21
|
|t:|1635539086
|move|p1a: Tyranitar|Earthquake|p2a: Excadrill
|-supereffective|p2a: Excadrill
|-damage|p2a: Excadrill|0 fnt
|faint|p2a: Excadrill
|
|-weather|none
|upkeep
|
|t:|1635539090
|switch|p2a: Ninetales|Ninetales-Alola, M|76/100
|-damage|p2a: Ninetales|51/100|[from] Stealth Rock
|-weather|Hail|[from] ability: Snow Warning|[of] p2a: Ninetales
|turn|22
|
|t:|1635539100
|move|p1a: Tyranitar|Fire Punch|p2a: Ninetales
|-supereffective|p2a: Ninetales
|-damage|p2a: Ninetales|0 fnt
|faint|p2a: Ninetales
|
|-weather|Hail|[upkeep]
|-damage|p1a: Tyranitar|2/100|[from] Hail
|upkeep
|
|t:|1635539103
|switch|p2a: Latios|Latios, M|100/100
|-damage|p2a: Latios|88/100|[from] Stealth Rock
|turn|23
|inactive|Mutako Z has 120 seconds left.
|
|t:|1635539109
|move|p1a: Tyranitar|Ice Punch|p2a: Latios
|-supereffective|p2a: Latios
|-damage|p2a: Latios|0 fnt
|faint|p2a: Latios
|
|win|Mutako Z
|raw|Mutako Z's rating: 1678 &rarr; <strong>1699</strong><br />(+21 for winning)
|raw|your mom 84's rating: 1702 &rarr; <strong>1681</strong><br />(-21 for losing)
|l|☆your mom 84
|c|☆Mutako Z|gg
||Ladder isn't responding, score probably updated but might not have (Request timeout).
