|j|☆BukuBukuCha
|j|☆LolzMachine
|t:|1617379545
|gametype|singles
|player|p1|BukuBukuCha|mira|1482
|player|p2|LolzMachine|294|1531
|teamsize|p1|6
|teamsize|p2|6
|gen|8
|tier|[Gen 8] OU
|rated|
|clearpoke
|poke|p1|Shuckle, F|
|poke|p1|Bisharp, M|
|poke|p1|Regieleki|
|poke|p1|Mimikyu, F|
|poke|p1|Landorus-Therian, M|
|poke|p1|Kartana|
|poke|p2|Slowbro-Galar, F|
|poke|p2|Cloyster, F|
|poke|p2|Togekiss, F|
|poke|p2|Golurk|
|poke|p2|Sirfetch’d, F|
|poke|p2|Jirachi|
|rule|Sleep Clause Mod: Limit one foe put to sleep
|rule|Species Clause: Limit one of each Pokémon
|rule|OHKO Clause: OHKO moves are banned
|rule|Evasion Moves Clause: Evasion moves are banned
|rule|Endless Battle Clause: Forcing endless battles is banned
|rule|HP Percentage Mod: HP is shown in percentages
|rule|Dynamax Clause: You cannot dynamax
|teampreview
|inactive|Battle timer is ON: inactive players will automatically lose when time's up. (requested by BukuBukuCha)
|
|t:|1617379557
|start
|switch|p1a: BukuBukuCha|Kartana, shiny|100/100
|switch|p2a: Jirachi|Jirachi|100/100
|turn|1
|
|t:|1617379560
|move|p1a: BukuBukuCha|Knock Off|p2a: Jirachi
|-supereffective|p2a: Jirachi
|-damage|p2a: Jirachi|10/100
|-enditem|p2a: Jirachi|Bright Powder|[from] move: Knock Off|[of] p1a: BukuBukuCha
|move|p2a: Jirachi|Fire Punch|p1a: BukuBukuCha
|-supereffective|p1a: BukuBukuCha
|-damage|p1a: BukuBukuCha|16/100
|-damage|p2a: Jirachi|0 fnt|[from] item: Rocky Helmet|[of] p1a: BukuBukuCha
|faint|p2a: Jirachi
|
|upkeep
|
|t:|1617379565
|switch|p2a: Sirfetch’d|Sirfetch’d, F|100/100
|turn|2
|
|t:|1617379572
|switch|p1a: Chuck|Shuckle, F|100/100
|move|p2a: Sirfetch’d|First Impression|p1a: Chuck
|-damage|p1a: Chuck|80/100
|
|upkeep
|turn|3
|
|t:|1617379575
|move|p2a: Sirfetch’d|Close Combat|p1a: Chuck
|-damage|p1a: Chuck|41/100
|-unboost|p2a: Sirfetch’d|def|1
|-unboost|p2a: Sirfetch’d|spd|1
|move|p1a: Chuck|Sticky Web|p2a: Sirfetch’d
|-sidestart|p2: LolzMachine|move: Sticky Web
|
|upkeep
|turn|4
|
|t:|1617379579
|move|p2a: Sirfetch’d|Close Combat|p1a: Chuck
|-crit|p1a: Chuck
|-damage|p1a: Chuck|0 fnt
|-unboost|p2a: Sirfetch’d|def|1
|-unboost|p2a: Sirfetch’d|spd|1
|faint|p1a: Chuck
|
|upkeep
|
|t:|1617379581
|switch|p1a: BukuBukuCha|Kartana, shiny|16/100
|turn|5
|
|t:|1617379584
|move|p1a: BukuBukuCha|Synthesis|p1a: BukuBukuCha
|-heal|p1a: BukuBukuCha|65/100
|move|p2a: Sirfetch’d|Close Combat|p1a: BukuBukuCha
|-supereffective|p1a: BukuBukuCha
|-damage|p1a: BukuBukuCha|0 fnt
|-unboost|p2a: Sirfetch’d|def|1
|-unboost|p2a: Sirfetch’d|spd|1
|-damage|p2a: Sirfetch’d|84/100|[from] item: Rocky Helmet|[of] p1a: BukuBukuCha
|faint|p1a: BukuBukuCha
|
|upkeep
|
|t:|1617379587
|switch|p1a: Registeėl|Regieleki|100/100
|turn|6
|
|t:|1617379589
|move|p1a: Registeėl|Wild Charge|p2a: Sirfetch’d
|-damage|p2a: Sirfetch’d|0 fnt
|-damage|p1a: Registeėl|82/100|[from] Recoil
|-damage|p1a: Registeėl|72/100|[from] item: Life Orb
|faint|p2a: Sirfetch’d
|
|upkeep
|
|t:|1617379593
|switch|p2a: Golurk|Golurk|100/100
|-activate|p2a: Golurk|move: Sticky Web
|-unboost|p2a: Golurk|spe|1
|turn|7
|
|t:|1617379600
|switch|p1a: Megumin|Landorus-Therian, M|100/100
|-ability|p1a: Megumin|Intimidate|boost
|-unboost|p2a: Golurk|atk|1
|move|p2a: Golurk|Stealth Rock|p1a: Megumin
|-sidestart|p1: BukuBukuCha|move: Stealth Rock
|
|upkeep
|turn|8
|
|t:|1617379608
|switch|p2a: Togekiss|Togekiss, F|100/100
|move|p1a: Megumin|Swords Dance|p1a: Megumin
|-boost|p1a: Megumin|atk|2
|
|upkeep
|turn|9
|
|t:|1617379610
|move|p2a: Togekiss|Air Slash|p1a: Megumin
|-damage|p1a: Megumin|57/100
|move|p1a: Megumin|Fly||[still]
|-prepare|p1a: Megumin|Fly
|-enditem|p1a: Megumin|Power Herb
|-anim|p1a: Megumin|Fly|p2a: Togekiss
|-damage|p2a: Togekiss|0 fnt
|faint|p2a: Togekiss
|
|upkeep
|
|t:|1617379615
|switch|p2a: Cloyster|Cloyster, F|100/100
|-activate|p2a: Cloyster|move: Sticky Web
|-unboost|p2a: Cloyster|spe|1
|turn|10
|
|t:|1617379620
|move|p2a: Cloyster|Ice Shard|p1a: Megumin
|-supereffective|p1a: Megumin
|-damage|p1a: Megumin|0 fnt
|faint|p1a: Megumin
|
|upkeep
|
|t:|1617379623
|switch|p1a: Registeėl|Regieleki|72/100
|-damage|p1a: Registeėl|60/100|[from] Stealth Rock
|turn|11
|
|t:|1617379627
|switch|p2a: Golurk|Golurk|100/100
|-activate|p2a: Golurk|move: Sticky Web
|-unboost|p2a: Golurk|spe|1
|move|p1a: Registeėl|Wild Charge|p2a: Golurk
|-immune|p2a: Golurk
|
|upkeep
|turn|12
|
|t:|1617379631
|move|p1a: Registeėl|Assurance|p2a: Golurk
|-supereffective|p2a: Golurk
|-damage|p2a: Golurk|30/100
|-damage|p1a: Registeėl|50/100|[from] item: Life Orb
|move|p2a: Golurk|Earthquake|p1a: Registeėl
|-supereffective|p1a: Registeėl
|-damage|p1a: Registeėl|0 fnt
|faint|p1a: Registeėl
|
|upkeep
|
|t:|1617379634
|switch|p1a: Gatorade|Bisharp, M, shiny|100/100
|-damage|p1a: Gatorade|95/100|[from] Stealth Rock
|turn|13
|
|t:|1617379636
|move|p1a: Gatorade|Knock Off|p2a: Golurk
|-supereffective|p2a: Golurk
|-damage|p2a: Golurk|0 fnt
|-enditem|p2a: Golurk|Focus Sash|[from] move: Knock Off|[of] p1a: Gatorade
|faint|p2a: Golurk
|
|upkeep
|
|t:|1617379639
|switch|p2a: Slowbro|Slowbro-Galar, F|100/100
|-activate|p2a: Slowbro|move: Sticky Web
|-unboost|p2a: Slowbro|spe|1
|turn|14
|-activate|p2a: Slowbro|ability: Quick Draw
|
|t:|1617379652
|move|p2a: Slowbro|Fire Blast|p1a: Gatorade
|-supereffective|p1a: Gatorade
|-damage|p1a: Gatorade|0 fnt
|faint|p1a: Gatorade
|
|upkeep
|
|t:|1617379656
|switch|p1a: GetOutOfJailCard|Mimikyu, F|100/100
|-damage|p1a: GetOutOfJailCard|88/100|[from] Stealth Rock
|turn|15
|-activate|p2a: Slowbro|ability: Quick Draw
|
|t:|1617379659
|move|p2a: Slowbro|Shell Side Arm|p1a: GetOutOfJailCard
|-activate|p1a: GetOutOfJailCard|ability: Disguise
|-damage|p1a: GetOutOfJailCard|88/100
|-hint|Special Shell Side Arm
|-status|p1a: GetOutOfJailCard|psn
|detailschange|p1a: GetOutOfJailCard|Mimikyu-Busted, F
|-damage|p1a: GetOutOfJailCard|76/100 psn|[from] pokemon: Mimikyu-Busted
|move|p1a: GetOutOfJailCard|Swords Dance|p1a: GetOutOfJailCard
|-boost|p1a: GetOutOfJailCard|atk|2
|
|-damage|p1a: GetOutOfJailCard|63/100 psn|[from] psn
|upkeep
|turn|16
|-activate|p2a: Slowbro|ability: Quick Draw
|
|t:|1617379663
|move|p1a: GetOutOfJailCard|Shadow Sneak|p2a: Slowbro
|-supereffective|p2a: Slowbro
|-damage|p2a: Slowbro|6/100
|-damage|p1a: GetOutOfJailCard|53/100 psn|[from] item: Life Orb
|move|p2a: Slowbro|Psyshock|p1a: GetOutOfJailCard
|-damage|p1a: GetOutOfJailCard|0 fnt
|faint|p1a: GetOutOfJailCard
|
|win|LolzMachine
|raw|BukuBukuCha's rating: 1481 &rarr; <strong>1464</strong><br />(-17 for losing)
|raw|LolzMachine's rating: 1532 &rarr; <strong>1549</strong><br />(+17 for winning)
|c|☆BukuBukuCha|Bro wtf
|c|☆LolzMachine|well trained slowbro
|c|☆BukuBukuCha|3 times
|l|☆BukuBukuCha
||Ladder isn't responding, score probably updated but might not have (Request timeout).
