|raw|<div class="broadcast-blue"><strong>This battle is required to be public due to a player having a name starting with 'lt83aq'.</div>
|j|☆Orangesss
|j|☆Lt83AQ Fusien
|t:|1626455959
|gametype|singles
|player|p1|Orangesss|silver|1611
|player|p2|Lt83AQ Fusien|yellow|1664
|teamsize|p1|6
|teamsize|p2|6
|gen|8
|tier|[Gen 8] OU
|rated|
|rule|Sleep Clause Mod: Limit one foe put to sleep
|rule|Species Clause: Limit one of each Pokémon
|rule|OHKO Clause: OHKO moves are banned
|rule|Evasion Moves Clause: Evasion moves are banned
|rule|Endless Battle Clause: Forcing endless battles is banned
|rule|HP Percentage Mod: HP is shown in percentages
|rule|Dynamax Clause: You cannot dynamax
|clearpoke
|poke|p1|Pelipper, M|
|poke|p1|Barraskewda, M|
|poke|p1|Ferrothorn, M|
|poke|p1|Seismitoad, M|
|poke|p1|Tapu Koko|
|poke|p1|Tornadus-Therian, M|
|poke|p2|Dragonite, M|
|poke|p2|Rotom-Wash|
|poke|p2|Melmetal|
|poke|p2|Weavile, F|
|poke|p2|Landorus-Therian, M|
|poke|p2|Volcarona, F|
|teampreview
|inactive|Battle timer is ON: inactive players will automatically lose when time's up. (requested by Lt83AQ Fusien)
|j| LT82ZW LE FLEXMAN
|c|☆Lt83AQ Fusien|Hf
|
|t:|1626455976
|start
|switch|p1a: Big Gulp sponsor|Pelipper, M|100/100
|switch|p2a: Weavile|Weavile, F|100/100
|-ability|p2a: Weavile|Pressure
|-weather|RainDance|[from] ability: Drizzle|[of] p1a: Big Gulp sponsor
|turn|1
|j| baloor
|
|t:|1626455982
|switch|p1a: Hates rain|Ferrothorn, M|100/100
|move|p2a: Weavile|Knock Off|p1a: Hates rain
|-crit|p1a: Hates rain
|-damage|p1a: Hates rain|35/100
|-damage|p2a: Weavile|88/100|[from] ability: Iron Barbs|[of] p1a: Hates rain
|-enditem|p1a: Hates rain|Leftovers|[from] move: Knock Off|[of] p2a: Weavile
|
|-weather|RainDance|[upkeep]
|upkeep
|turn|2
|c|☆Lt83AQ Fusien|Mb
|
|t:|1626455992
|switch|p2a: Landorus|Landorus-Therian, M, shiny|100/100
|-ability|p2a: Landorus|Intimidate|boost
|-unboost|p1a: Hates rain|atk|1
|switch|p1a: Tornadus|Tornadus-Therian, M|100/100
|
|-weather|RainDance|[upkeep]
|upkeep
|turn|3
|l| baloor
|
|t:|1626455999
|switch|p2a: Rotom|Rotom-Wash|100/100
|move|p1a: Tornadus|Hurricane|p2a: Rotom
|-resisted|p2a: Rotom
|-damage|p2a: Rotom|84/100
|
|-weather|RainDance|[upkeep]
|-heal|p2a: Rotom|90/100|[from] item: Leftovers
|upkeep
|turn|4
|
|t:|1626456002
|move|p1a: Tornadus|Knock Off|p2a: Rotom
|-damage|p2a: Rotom|68/100
|-enditem|p2a: Rotom|Leftovers|[from] move: Knock Off|[of] p1a: Tornadus
|move|p2a: Rotom|Volt Switch|p1a: Tornadus
|-supereffective|p1a: Tornadus
|-damage|p1a: Tornadus|46/100
|
|t:|1626456005
|switch|p2a: Weavile|Weavile, F|88/100|[from]move: Volt Switch
|-ability|p2a: Weavile|Pressure
|
|-weather|RainDance|[upkeep]
|upkeep
|turn|5
|j| ChanseyDeBotas
|
|t:|1626456010
|move|p1a: Tornadus|U-turn|p2a: Weavile
|-supereffective|p2a: Weavile
|-damage|p2a: Weavile|38/100
|j|+AM
|
|t:|1626456016
|switch|p1a: Hates rain|Ferrothorn, M|35/100|[from]move: U-turn
|move|p2a: Weavile|Knock Off|p1a: Hates rain
|-damage|p1a: Hates rain|3/100
|-damage|p2a: Weavile|26/100|[from] ability: Iron Barbs|[of] p1a: Hates rain
|
|-weather|RainDance|[upkeep]
|upkeep
|turn|6
|j| Der Waldgang
|
|t:|1626456023
|move|p2a: Weavile|Knock Off|p1a: Hates rain
|-damage|p1a: Hates rain|0 fnt
|-damage|p2a: Weavile|13/100|[from] ability: Iron Barbs|[of] p1a: Hates rain
|faint|p1a: Hates rain
|
|-weather|RainDance|[upkeep]
|upkeep
|
|t:|1626456026
|switch|p1a: Tornadus|Tornadus-Therian, M|79/100
|turn|7
|
|t:|1626456030
|switch|p2a: Rotom|Rotom-Wash|68/100
|move|p1a: Tornadus|U-turn|p2a: Rotom
|-damage|p2a: Rotom|52/100
|l| ChanseyDeBotas
|
|t:|1626456042
|switch|p1a: One fish two fish|Barraskewda, M|100/100|[from]move: U-turn
|
|-weather|RainDance|[upkeep]
|upkeep
|turn|8
|
|t:|1626456047
|switch|p2a: Landorus|Landorus-Therian, M, shiny|100/100
|-ability|p2a: Landorus|Intimidate|boost
|-unboost|p1a: One fish two fish|atk|1
|move|p1a: One fish two fish|Liquidation|p2a: Landorus
|-supereffective|p2a: Landorus
|-damage|p2a: Landorus|0 fnt
|faint|p2a: Landorus
|
|-weather|none
|upkeep
|j| CCN n3rd
|j| LT83AQ M
|
|t:|1626456050
|switch|p2a: Rotom|Rotom-Wash|52/100
|turn|9
|l| LT83AQ M
|
|t:|1626456058
|switch|p1a: Big Gulp sponsor|Pelipper, M|100/100
|-weather|RainDance|[from] ability: Drizzle|[of] p1a: Big Gulp sponsor
|move|p2a: Rotom|Pain Split|p1a: Big Gulp sponsor
|-sethp|p1a: Big Gulp sponsor|75/100|[from] move: Pain Split|[silent]
|-sethp|p2a: Rotom|80/100|[from] move: Pain Split
|
|-weather|RainDance|[upkeep]
|upkeep
|turn|10
|
|t:|1626456063
|switch|p1a: Tornadus|Tornadus-Therian, M|100/100
|move|p2a: Rotom|Hydro Pump|p1a: Tornadus
|-damage|p1a: Tornadus|36/100
|
|-weather|RainDance|[upkeep]
|upkeep
|turn|11
|
|t:|1626456067
|move|p1a: Tornadus|Hurricane|p2a: Rotom
|-resisted|p2a: Rotom
|-damage|p2a: Rotom|65/100
|move|p2a: Rotom|Hydro Pump|p1a: Tornadus
|-damage|p1a: Tornadus|0 fnt
|faint|p1a: Tornadus
|
|-weather|RainDance|[upkeep]
|upkeep
|
|t:|1626456074
|switch|p1a: Agent ¥|Seismitoad, M|100/100
|turn|12
|
|t:|1626456077
|move|p1a: Agent ¥|Weather Ball|p2a: Rotom
|-resisted|p2a: Rotom
|-damage|p2a: Rotom|34/100
|-damage|p1a: Agent ¥|91/100|[from] item: Life Orb
|move|p2a: Rotom|Pain Split|p1a: Agent ¥
|-sethp|p1a: Agent ¥|60/100|[from] move: Pain Split|[silent]
|-sethp|p2a: Rotom|69/100|[from] move: Pain Split
|
|-weather|RainDance|[upkeep]
|upkeep
|turn|13
|j| LT83AQ Allen
|
|t:|1626456084
|move|p1a: Agent ¥|Stealth Rock|p2a: Rotom
|-sidestart|p2: Lt83AQ Fusien|move: Stealth Rock
|move|p2a: Rotom|Hydro Pump|p1a: Agent ¥
|-damage|p1a: Agent ¥|0 fnt
|faint|p1a: Agent ¥
|
|-weather|RainDance|[upkeep]
|upkeep
|
|t:|1626456087
|switch|p1a: Speed Overdose|Tapu Koko|100/100
|-fieldstart|move: Electric Terrain|[from] ability: Electric Surge|[of] p1a: Speed Overdose
|turn|14
|
|t:|1626456090
|move|p1a: Speed Overdose|Thunder|p2a: Rotom
|-damage|p2a: Rotom|0 fnt
|faint|p2a: Rotom
|
|-weather|RainDance|[upkeep]
|upkeep
|
|t:|1626456102
|switch|p2a: Melmetal|Melmetal, shiny|100/100
|-damage|p2a: Melmetal|94/100|[from] Stealth Rock
|turn|15
|
|t:|1626456105
|move|p1a: Speed Overdose|Thunder|p2a: Melmetal
|-damage|p2a: Melmetal|43/100
|move|p2a: Melmetal|Thunder Punch|p1a: Speed Overdose
|-resisted|p1a: Speed Overdose
|-damage|p1a: Speed Overdose|71/100
|
|-weather|RainDance|[upkeep]
|upkeep
|turn|16
|
|t:|1626456111
|move|p1a: Speed Overdose|Thunder|p2a: Melmetal
|-damage|p2a: Melmetal|0 fnt
|faint|p2a: Melmetal
|
|-weather|none
|upkeep
|
|t:|1626456116
|switch|p2a: Volcarona|Volcarona, F|100/100
|turn|17
|
|t:|1626456120
|switch|p1a: Big Gulp sponsor|Pelipper, M|75/100
|-weather|RainDance|[from] ability: Drizzle|[of] p1a: Big Gulp sponsor
|move|p2a: Volcarona|Quiver Dance|p2a: Volcarona
|-boost|p2a: Volcarona|spa|1
|-boost|p2a: Volcarona|spd|1
|-boost|p2a: Volcarona|spe|1
|
|-weather|RainDance|[upkeep]
|upkeep
|turn|18
|
|t:|1626456122
|move|p2a: Volcarona|Psychic|p1a: Big Gulp sponsor
|-damage|p1a: Big Gulp sponsor|22/100
|-unboost|p1a: Big Gulp sponsor|spd|1
|move|p1a: Big Gulp sponsor|U-turn|p2a: Volcarona
|-resisted|p2a: Volcarona
|-damage|p2a: Volcarona|96/100
|-status|p1a: Big Gulp sponsor|brn|[from] ability: Flame Body|[of] p2a: Volcarona
|
|t:|1626456126
|switch|p1a: One fish two fish|Barraskewda, M|100/100|[from]move: U-turn
|
|-weather|RainDance|[upkeep]
|-fieldend|move: Electric Terrain
|upkeep
|turn|19
|
|t:|1626456128
|move|p1a: One fish two fish|Flip Turn|p2a: Volcarona
|-supereffective|p2a: Volcarona
|-damage|p2a: Volcarona|0 fnt
|faint|p2a: Volcarona
|
|t:|1626456133
|switch|p1a: Speed Overdose|Tapu Koko|71/100|[from]move: Flip Turn
|-fieldstart|move: Electric Terrain|[from] ability: Electric Surge|[of] p1a: Speed Overdose
|
|-weather|RainDance|[upkeep]
|upkeep
|
|t:|1626456135
|switch|p2a: Dragonite|Dragonite, M, shiny|100/100
|turn|20
|
|t:|1626456143
|switch|p2a: Weavile|Weavile, F|13/100
|-damage|p2a: Weavile|0 fnt|[from] Stealth Rock
|faint|p2a: Weavile
|move|p1a: Speed Overdose|Volt Switch|p2: Weavile|[notarget]
|-fail|p1a: Speed Overdose
|
|-weather|RainDance|[upkeep]
|upkeep
|
|t:|1626456145
|switch|p2a: Dragonite|Dragonite, M, shiny|100/100
|turn|21
|j| Lets go fusien
|
|t:|1626456151
|move|p1a: Speed Overdose|Volt Switch|p2a: Dragonite
|-damage|p2a: Dragonite|70/100
|
|t:|1626456155
|switch|p1a: One fish two fish|Barraskewda, M|100/100|[from]move: Volt Switch
|move|p2a: Dragonite|Dragon Dance|p2a: Dragonite
|-boost|p2a: Dragonite|atk|1
|-boost|p2a: Dragonite|spe|1
|
|-weather|RainDance|[upkeep]
|upkeep
|turn|22
|
|t:|1626456158
|move|p1a: One fish two fish|Flip Turn|p2a: Dragonite
|-resisted|p2a: Dragonite
|-damage|p2a: Dragonite|29/100
|
|t:|1626456161
|switch|p1a: Big Gulp sponsor|Pelipper, M|22/100 brn|[from]move: Flip Turn
|move|p2a: Dragonite|Roost|p2a: Dragonite
|-heal|p2a: Dragonite|79/100
|-singleturn|p2a: Dragonite|move: Roost
|
|-weather|RainDance|[upkeep]
|-damage|p1a: Big Gulp sponsor|16/100 brn|[from] brn
|upkeep
|turn|23
|
|t:|1626456167
|move|p2a: Dragonite|Dragon Dance|p2a: Dragonite
|-boost|p2a: Dragonite|atk|1
|-boost|p2a: Dragonite|spe|1
|move|p1a: Big Gulp sponsor|Scald|p2a: Dragonite
|-resisted|p2a: Dragonite
|-damage|p2a: Dragonite|59/100
|
|-weather|RainDance|[upkeep]
|-damage|p1a: Big Gulp sponsor|9/100 brn|[from] brn
|-fieldend|move: Electric Terrain
|upkeep
|turn|24
|
|t:|1626456170
|move|p2a: Dragonite|Dragon Dance|p2a: Dragonite
|-boost|p2a: Dragonite|atk|1
|-boost|p2a: Dragonite|spe|1
|move|p1a: Big Gulp sponsor|Scald|p2a: Dragonite
|-resisted|p2a: Dragonite
|-damage|p2a: Dragonite|40/100
|
|-weather|none
|-damage|p1a: Big Gulp sponsor|3/100 brn|[from] brn
|upkeep
|turn|25
|
|t:|1626456177
|switch|p1a: Speed Overdose|Tapu Koko|71/100
|-fieldstart|move: Electric Terrain|[from] ability: Electric Surge|[of] p1a: Speed Overdose
|move|p2a: Dragonite|Dual Wingbeat|p1a: Speed Overdose
|-resisted|p1a: Speed Overdose
|-damage|p1a: Speed Overdose|27/100
|-resisted|p1a: Speed Overdose
|-damage|p1a: Speed Overdose|0 fnt
|faint|p1a: Speed Overdose
|-hitcount|p1: Speed Overdose|2
|
|upkeep
|
|t:|1626456180
|switch|p1a: Big Gulp sponsor|Pelipper, M|3/100 brn
|-weather|RainDance|[from] ability: Drizzle|[of] p1a: Big Gulp sponsor
|turn|26
|
|t:|1626456182
|move|p2a: Dragonite|Roost|p2a: Dragonite
|-heal|p2a: Dragonite|90/100
|-singleturn|p2a: Dragonite|move: Roost
|move|p1a: Big Gulp sponsor|Scald|p2a: Dragonite
|-resisted|p2a: Dragonite
|-damage|p2a: Dragonite|68/100
|-status|p2a: Dragonite|brn
|
|-weather|RainDance|[upkeep]
|-damage|p2a: Dragonite|62/100 brn|[from] brn
|-damage|p1a: Big Gulp sponsor|0 fnt|[from] brn
|faint|p1a: Big Gulp sponsor
|upkeep
|
|t:|1626456185
|switch|p1a: One fish two fish|Barraskewda, M|100/100
|turn|27
|
|t:|1626456187
|move|p1a: One fish two fish|Liquidation|p2a: Dragonite
|-resisted|p2a: Dragonite
|-damage|p2a: Dragonite|10/100 brn
|move|p2a: Dragonite|Dual Wingbeat|p1a: One fish two fish
|-damage|p1a: One fish two fish|47/100
|-damage|p1a: One fish two fish|0 fnt
|faint|p1a: One fish two fish
|-hitcount|p1: One fish two fish|2
|
|win|Lt83AQ Fusien
|raw|Orangesss's rating: 1611 &rarr; <strong>1594</strong><br />(-17 for losing)
|raw|Lt83AQ Fusien's rating: 1664 &rarr; <strong>1681</strong><br />(+17 for winning)
|l|☆Orangesss
|c|☆Lt83AQ Fusien|Gg
|l|+AM
|l| CCN n3rd
|l| LT83AQ Allen
|l| Lets go fusien
||Ladder isn't responding, score probably updated but might not have (Request timeout).
|n| Fusien|lt83aqfusien
|l| LT82ZW LE FLEXMAN
|l| Fusien
