|j|☆desireme
|j|☆Sww-Suwa
|inactive|Battle timer is ON: inactive players will automatically lose when time's up.
|t:|1660510013
|gametype|singles
|player|p1|desireme|sabrina|
|player|p2|Sww-Suwa|dawn-masters|
|teamsize|p1|6
|teamsize|p2|6
|gen|8
|tier|[Gen 8] OU
|rated|Tournament battle
|rule|Sleep Clause Mod: Limit one foe put to sleep
|rule|OHKO Clause: OHKO moves are banned
|rule|Evasion Items Clause: Evasion items are banned
|rule|Evasion Moves Clause: Evasion moves are banned
|rule|Endless Battle Clause: Forcing endless battles is banned
|rule|HP Percentage Mod: HP is shown in percentages
|rule|Dynamax Clause: You cannot dynamax
|clearpoke
|poke|p1|Rotom-Wash|
|poke|p1|Rotom-Heat|
|poke|p1|Rotom-Frost|
|poke|p1|Rotom-Wash|
|poke|p1|Rotom-Mow|
|poke|p1|Rotom-Heat|
|poke|p2|Rotom|
|poke|p2|Rotom-Wash|
|poke|p2|Rotom-Heat|
|poke|p2|Rotom-Heat|
|poke|p2|Rotom-Mow|
|poke|p2|Rotom|
|teampreview
|j| VaporeonUser
|j| Astro Ex
|c|☆Sww-Suwa|hf
|j| lt93oq fenomeno
|j|#ironwater
|c|☆desireme|Ill try
|j| qwasxd
|
|t:|1660510033
|start
|switch|p1a: Rotom|Rotom-Wash|100/100
|switch|p2a: Rotom Grass|Rotom-Mow, shiny|100/100
|turn|1
|c| qwasxd|india vs west indies
|
|t:|1660510050
|switch|p1a: Rotom|Rotom-Heat, shiny|100/100
|move|p2a: Rotom Grass|Trick|p1a: Rotom
|-activate|p2a: Rotom Grass|move: Trick|[of] p1a: Rotom
|-item|p1a: Rotom|Choice Scarf|[from] move: Trick
|-item|p2a: Rotom Grass|Life Orb|[from] move: Trick
|
|upkeep
|turn|2
|c| qwasxd|fine ill stop making 1983 cricket world cup refrences
|
|t:|1660510062
|switch|p2a: Rotom Water|Rotom-Wash, shiny|100/100
|move|p1a: Rotom|Overheat|p2a: Rotom Water
|-resisted|p2a: Rotom Water
|-damage|p2a: Rotom Water|83/100
|-unboost|p1a: Rotom|spa|2
|
|upkeep
|turn|3
|c|☆desireme|Give my item back
|j| cogonahorse
|c| VaporeonUser|no one asked
|
|t:|1660510070
|switch|p1a: Rotom|Rotom-Mow|100/100
|move|p2a: Rotom Water|Trick|p1a: Rotom
|-activate|p2a: Rotom Water|move: Trick|[of] p1a: Rotom
|-item|p1a: Rotom|Choice Scarf|[from] move: Trick
|-item|p2a: Rotom Water|Choice Scarf|[from] move: Trick
|
|upkeep
|turn|4
|l|#ironwater
|
|t:|1660510077
|switch|p2a: Rotom Grass|Rotom-Mow, shiny|100/100
|move|p1a: Rotom|Trick|p2a: Rotom Grass
|-activate|p1a: Rotom|move: Trick|[of] p2a: Rotom Grass
|-item|p2a: Rotom Grass|Choice Scarf|[from] move: Trick
|-item|p1a: Rotom|Life Orb|[from] move: Trick
|
|upkeep
|turn|5
|l| Astro Ex
|
|t:|1660510084
|move|p2a: Rotom Grass|Toxic|p1a: Rotom
|-status|p1a: Rotom|tox
|move|p1a: Rotom|Will-O-Wisp|p2a: Rotom Grass
|-status|p2a: Rotom Grass|brn
|
|-damage|p1a: Rotom|94/100 tox|[from] psn
|-damage|p2a: Rotom Grass|94/100 brn|[from] brn
|upkeep
|turn|6
|c| qwasxd|i knew everyone was thinking it
|
|t:|1660510091
|switch|p2a: Rotom Fire|Rotom-Heat, shiny|100/100
|move|p1a: Rotom|Thunderbolt|p2a: Rotom Fire
|-resisted|p2a: Rotom Fire
|-damage|p2a: Rotom Fire|80/100
|-damage|p1a: Rotom|84/100 tox|[from] item: Life Orb
|
|-damage|p1a: Rotom|72/100 tox|[from] psn
|upkeep
|turn|7
|
|t:|1660510098
|switch|p1a: Rotom|Rotom-Wash|100/100
|move|p2a: Rotom Fire|Trick|p1a: Rotom
|-activate|p2a: Rotom Fire|move: Trick|[of] p1a: Rotom
|-item|p1a: Rotom|Choice Scarf|[from] move: Trick
|-item|p2a: Rotom Fire|Aguav Berry|[from] move: Trick
|
|upkeep
|turn|8
|
|t:|1660510111
|switch|p2a: Rotom Grass|Rotom-Mow, shiny|94/100 brn
|move|p1a: Rotom|Hydro Pump|p2a: Rotom Grass
|-resisted|p2a: Rotom Grass
|-damage|p2a: Rotom Grass|79/100 brn
|
|-damage|p2a: Rotom Grass|73/100 brn|[from] brn
|upkeep
|turn|9
|
|t:|1660510124
|switch|p1a: Rotom|Rotom-Heat, shiny|100/100
|move|p2a: Rotom Grass|Toxic|p1a: Rotom
|-status|p1a: Rotom|tox
|
|-damage|p1a: Rotom|94/100 tox|[from] psn
|-damage|p2a: Rotom Grass|66/100 brn|[from] brn
|upkeep
|turn|10
|
|t:|1660510135
|switch|p2a: Rotom Water|Rotom-Wash, shiny|83/100
|move|p1a: Rotom|Volt Switch|p2a: Rotom Water
|-damage|p2a: Rotom Water|59/100
|
|t:|1660510141
|switch|p1a: Rotom|Rotom-Mow|72/100 tox|[from]move: Volt Switch
|
|-damage|p1a: Rotom|66/100 tox|[from] psn
|upkeep
|turn|11
|
|t:|1660510148
|switch|p2a: Rotom Fire|Rotom-Heat, shiny|80/100
|move|p1a: Rotom|Thunderbolt|p2a: Rotom Fire
|-resisted|p2a: Rotom Fire
|-damage|p2a: Rotom Fire|62/100
|-damage|p1a: Rotom|56/100 tox|[from] item: Life Orb
|
|-damage|p1a: Rotom|43/100 tox|[from] psn
|upkeep
|turn|12
|
|t:|1660510157
|switch|p1a: Rotom|Rotom-Wash|100/100
|move|p2a: Rotom Fire|Rest|p2a: Rotom Fire
|-status|p2a: Rotom Fire|slp|[from] move: Rest
|-heal|p2a: Rotom Fire|100/100 slp|[silent]
|
|upkeep
|turn|13
|
|t:|1660510164
|switch|p2a: Rotom Grass|Rotom-Mow, shiny|66/100 brn
|move|p1a: Rotom|Hydro Pump|p2a: Rotom Grass
|-resisted|p2a: Rotom Grass
|-damage|p2a: Rotom Grass|52/100 brn
|
|-damage|p2a: Rotom Grass|46/100 brn|[from] brn
|upkeep
|turn|14
|
|t:|1660510173
|switch|p1a: Rotom|Rotom-Heat, shiny|94/100 tox
|move|p2a: Rotom Grass|Rest|p2a: Rotom Grass
|-status|p2a: Rotom Grass|slp|[from] move: Rest
|-heal|p2a: Rotom Grass|100/100 slp|[silent]
|
|-heal|p1a: Rotom|100/100 tox|[from] item: Leftovers
|-damage|p1a: Rotom|94/100 tox|[from] psn
|upkeep
|turn|15
|l| lt93oq fenomeno
|
|t:|1660510183
|switch|p2a: Rotom Fire|Rotom-Heat, shiny|100/100 slp
|move|p1a: Rotom|Nasty Plot|p1a: Rotom
|-boost|p1a: Rotom|spa|2
|
|-heal|p1a: Rotom|100/100 tox|[from] item: Leftovers
|-damage|p1a: Rotom|88/100 tox|[from] psn
|upkeep
|turn|16
|j| pokechamp13
|
|t:|1660510205
|switch|p2a: Cool Rotom|Rotom-Heat, shiny|100/100
|move|p1a: Rotom|Nasty Plot|p1a: Rotom
|-boost|p1a: Rotom|spa|2
|
|-heal|p1a: Rotom|94/100 tox|[from] item: Leftovers
|-damage|p1a: Rotom|76/100 tox|[from] psn
|upkeep
|turn|17
|c|☆desireme|Ruh rih
|
|t:|1660510212
|move|p1a: Rotom|Shadow Ball|p2a: Cool Rotom
|-damage|p2a: Cool Rotom|31/100
|-unboost|p2a: Cool Rotom|spd|1
|move|p2a: Cool Rotom|Substitute|p2a: Cool Rotom
|-start|p2a: Cool Rotom|Substitute
|-damage|p2a: Cool Rotom|6/100
|
|-heal|p1a: Rotom|82/100 tox|[from] item: Leftovers
|-heal|p2a: Cool Rotom|12/100|[from] item: Leftovers
|-damage|p1a: Rotom|57/100 tox|[from] psn
|upkeep
|turn|18
|
|t:|1660510223
|move|p1a: Rotom|Shadow Ball|p2a: Cool Rotom
|-end|p2a: Cool Rotom|Substitute
|move|p2a: Cool Rotom|Overheat|p1a: Rotom
|-resisted|p1a: Rotom
|-damage|p1a: Rotom|26/100 tox
|-unboost|p2a: Cool Rotom|spa|2
|
|-heal|p1a: Rotom|32/100 tox|[from] item: Leftovers
|-heal|p2a: Cool Rotom|18/100|[from] item: Leftovers
|-damage|p1a: Rotom|1/100 tox|[from] psn
|upkeep
|turn|19
|
|t:|1660510231
|move|p2a: Cool Rotom|Thunderbolt|p1a: Rotom
|-resisted|p1a: Rotom
|-crit|p1a: Rotom
|-damage|p1a: Rotom|0 fnt
|faint|p1a: Rotom
|
|-heal|p2a: Cool Rotom|25/100|[from] item: Leftovers
|upkeep
|
|t:|1660510246
|switch|p1a: Rotom|Rotom-Wash|100/100
|turn|20
|j| randomboy1108
|
|t:|1660510253
|switch|p2a: Rotom Grass|Rotom-Mow, shiny|100/100 slp
|move|p1a: Rotom|Trick|p2a: Rotom Grass
|-activate|p1a: Rotom|move: Trick|[of] p2a: Rotom Grass
|-item|p2a: Rotom Grass|Choice Specs|[from] move: Trick
|-item|p1a: Rotom|Choice Scarf|[from] move: Trick
|
|upkeep
|turn|21
|
|t:|1660510273
|move|p1a: Rotom|Volt Switch|p2a: Rotom Grass
|-resisted|p2a: Rotom Grass
|-damage|p2a: Rotom Grass|95/100 slp
|
|t:|1660510276
|switch|p1a: Rotom|Rotom-Heat, shiny|100/100|[from]move: Volt Switch
|cant|p2a: Rotom Grass|slp
|
|upkeep
|turn|22
|
|t:|1660510283
|switch|p2a: Cool Rotom|Rotom-Heat, shiny|25/100
|move|p1a: Rotom|Light Screen|p1a: Rotom
|-sidestart|p1: desireme|move: Light Screen
|
|-heal|p2a: Cool Rotom|31/100|[from] item: Leftovers
|upkeep
|turn|23
|
|t:|1660510292
|switch|p1a: Rotom|Rotom-Wash|100/100
|move|p2a: Cool Rotom|Substitute|p2a: Cool Rotom
|-start|p2a: Cool Rotom|Substitute
|-damage|p2a: Cool Rotom|6/100
|
|-heal|p2a: Cool Rotom|12/100|[from] item: Leftovers
|upkeep
|turn|24
|
|t:|1660510300
|move|p1a: Rotom|Hydro Pump|p2a: Cool Rotom
|-supereffective|p2a: Cool Rotom
|-end|p2a: Cool Rotom|Substitute
|move|p2a: Cool Rotom|Thunderbolt|p1a: Rotom
|-damage|p1a: Rotom|88/100
|
|-heal|p2a: Cool Rotom|18/100|[from] item: Leftovers
|upkeep
|turn|25
|j| galaxyxxivory
|
|t:|1660510306
|switch|p2a: Rotom Grass|Rotom-Mow, shiny|95/100 slp
|move|p1a: Rotom|Hydro Pump|p2a: Rotom Grass
|-resisted|p2a: Rotom Grass
|-damage|p2a: Rotom Grass|80/100 slp
|
|upkeep
|turn|26
|
|t:|1660510312
|switch|p2a: Rotom Water|Rotom-Wash, shiny|59/100
|move|p1a: Rotom|Hydro Pump|p2a: Rotom Water
|-resisted|p2a: Rotom Water
|-damage|p2a: Rotom Water|44/100
|
|-sideend|p1: desireme|move: Light Screen
|upkeep
|turn|27
|
|t:|1660510322
|move|p2a: Rotom Water|Rest|p2a: Rotom Water
|-status|p2a: Rotom Water|slp|[from] move: Rest
|-heal|p2a: Rotom Water|100/100 slp|[silent]
|move|p1a: Rotom|Hydro Pump|p2a: Rotom Water
|-resisted|p2a: Rotom Water
|-damage|p2a: Rotom Water|86/100 slp
|
|upkeep
|turn|28
|
|t:|1660510332
|switch|p1a: Rotom|Rotom-Mow|43/100 tox
|cant|p2a: Rotom Water|slp
|
|-damage|p1a: Rotom|37/100 tox|[from] psn
|upkeep
|turn|29
|c|☆Sww-Suwa|damn
|c|☆Sww-Suwa|i am super lame
|
|t:|1660510341
|switch|p2a: Rotom Fire|Rotom-Heat, shiny|100/100 slp
|move|p1a: Rotom|Will-O-Wisp|p2a: Rotom Fire|[miss]
|-miss|p1a: Rotom|p2a: Rotom Fire
|
|-damage|p1a: Rotom|25/100 tox|[from] psn
|upkeep
|turn|30
|
|t:|1660510350
|move|p1a: Rotom|Trick|p2a: Rotom Fire
|-activate|p1a: Rotom|move: Trick|[of] p2a: Rotom Fire
|-item|p2a: Rotom Fire|Life Orb|[from] move: Trick
|-item|p1a: Rotom|Aguav Berry|[from] move: Trick
|-enditem|p1a: Rotom|Aguav Berry|[eat]
|-heal|p1a: Rotom|57/100 tox|[from] item: Aguav Berry
|cant|p2a: Rotom Fire|slp
|
|-damage|p1a: Rotom|39/100 tox|[from] psn
|upkeep
|turn|31
|
|t:|1660510362
|move|p1a: Rotom|Leaf Storm|p2a: Rotom Fire
|-resisted|p2a: Rotom Fire
|-damage|p2a: Rotom Fire|76/100 slp
|-unboost|p1a: Rotom|spa|2
|cant|p2a: Rotom Fire|slp
|
|-damage|p1a: Rotom|14/100 tox|[from] psn
|upkeep
|turn|32
|
|t:|1660510374
|move|p1a: Rotom|Leaf Storm|p2a: Rotom Fire
|-resisted|p2a: Rotom Fire
|-damage|p2a: Rotom Fire|65/100 slp
|-unboost|p1a: Rotom|spa|2
|-curestatus|p2a: Rotom Fire|slp|[msg]
|move|p2a: Rotom Fire|Toxic|p1a: Rotom
|-fail|p1a: Rotom|tox
|
|-damage|p1a: Rotom|0 fnt|[from] psn
|faint|p1a: Rotom
|upkeep
|l|☆desireme
|inactive|desireme disconnected and has a minute to reconnect!
|player|p1|
|j| Uglyneo
|c| Uglyneo|My wifi
|c| Uglyneo|bad rn
|inactive|desireme has 30 seconds to reconnect!
|inactive|desireme has 20 seconds to reconnect!
|inactive|desireme has 15 seconds to reconnect!
|inactive|desireme has 10 seconds to reconnect!
|inactive|desireme has 5 seconds to reconnect!
|-message|desireme lost due to inactivity.
|
|win|Sww-Suwa
|n|☆Sww-Suwa|swwsuwa
|n| VaporeonUser|vaporeonuser
|n| qwasxd|qwasxd
|n| cogonahorse|cogonahorse
|n| pokechamp13|pokechamp13
|n| randomboy1108|randomboy1108
|n| galaxyxxivory|galaxyxxivory
|n| Uglyneo|uglyneo
