|j|☆minimax_ai
|j|☆Eclipse77
|t:|1665070319
|gametype|singles
|player|p1|minimax_ai|lusamine-nihilego|1581
|player|p2|Eclipse77|kahili|1542
|teamsize|p1|6
|teamsize|p2|6
|gen|8
|tier|[Gen 8] OU
|rated|
|rule|Sleep Clause Mod: Limit one foe put to sleep
|rule|Species Clause: Limit one of each Pokémon
|rule|OHKO Clause: OHKO moves are banned
|rule|Evasion Items Clause: Evasion items are banned
|rule|Evasion Moves Clause: Evasion moves are banned
|rule|Endless Battle Clause: Forcing endless battles is banned
|rule|HP Percentage Mod: HP is shown in percentages
|rule|Dynamax Clause: You cannot dynamax
|clearpoke
|poke|p1|Rotom-Wash|
|poke|p1|Weavile, M|
|poke|p1|Landorus-Therian, M|
|poke|p1|Heatran, M|
|poke|p1|Tangrowth, F|
|poke|p1|Melmetal|
|poke|p2|Urshifu-*, F|
|poke|p2|Tyranitar, M|
|poke|p2|Excadrill, F|
|poke|p2|Zapdos|
|poke|p2|Ferrothorn, M|
|poke|p2|Tapu Lele|
|teampreview
|c|☆minimax_ai|hf
|inactive|Battle timer is ON: inactive players will automatically lose when time's up. (requested by minimax_ai)
|
|t:|1665070329
|start
|switch|p1a: landorustherian|Landorus-Therian, M|100/100
|switch|p2a: Urshifu|Urshifu-Rapid-Strike, F|100/100
|-ability|p1a: landorustherian|Intimidate|boost
|-unboost|p2a: Urshifu|atk|1
|turn|1
|
|t:|1665070345
|switch|p1a: Tangrowth|Tangrowth, F|100/100
|move|p2a: Urshifu|U-turn|p1a: Tangrowth
|-supereffective|p1a: Tangrowth
|-damage|p1a: Tangrowth|83/100
|
|t:|1665070348
|switch|p2a: Zapdos|Zapdos|100/100|[from]move: U-turn
|
|upkeep
|turn|2
|
|t:|1665070351
|switch|p1a: landorustherian|Landorus-Therian, M|100/100
|-ability|p1a: landorustherian|Intimidate|boost
|-unboost|p2a: Zapdos|atk|1
|move|p2a: Zapdos|Hurricane|p1a: landorustherian
|-damage|p1a: landorustherian|66/100
|
|-heal|p1a: landorustherian|72/100|[from] item: Leftovers
|upkeep
|turn|3
|
|t:|1665070360
|switch|p2a: Ferrothorn|Ferrothorn, M|100/100
|move|p1a: landorustherian|Toxic|p2a: Ferrothorn|[miss]
|-miss|p1a: landorustherian|p2a: Ferrothorn
|
|-heal|p1a: landorustherian|78/100|[from] item: Leftovers
|upkeep
|turn|4
|
|t:|1665070370
|move|p1a: landorustherian|Earthquake|p2a: Ferrothorn
|-damage|p2a: Ferrothorn|65/100
|move|p2a: Ferrothorn|Body Press|p1a: landorustherian
|-resisted|p1a: landorustherian
|-damage|p1a: landorustherian|66/100
|
|-heal|p1a: landorustherian|72/100|[from] item: Leftovers
|-heal|p2a: Ferrothorn|71/100|[from] item: Leftovers
|upkeep
|turn|5
|
|t:|1665070372
|move|p1a: landorustherian|U-turn|p2a: Ferrothorn
|-damage|p2a: Ferrothorn|54/100
|-damage|p1a: landorustherian|60/100|[from] ability: Iron Barbs|[of] p2a: Ferrothorn
|
|t:|1665070372
|switch|p1a: Tangrowth|Tangrowth, F|100/100|[from]move: U-turn
|move|p2a: Ferrothorn|Leech Seed|p1a: Tangrowth
|-immune|p1a: Tangrowth
|
|-heal|p2a: Ferrothorn|60/100|[from] item: Leftovers
|upkeep
|turn|6
|
|t:|1665070375
|move|p1a: Tangrowth|Focus Blast|p2a: Ferrothorn
|-supereffective|p2a: Ferrothorn
|-damage|p2a: Ferrothorn|17/100
|move|p2a: Ferrothorn|Stealth Rock|p1a: Tangrowth
|-sidestart|p1: minimax_ai|move: Stealth Rock
|
|-heal|p2a: Ferrothorn|23/100|[from] item: Leftovers
|upkeep
|turn|7
|
|t:|1665070379
|move|p1a: Tangrowth|Sleep Powder|p2a: Ferrothorn
|-immune|p2a: Ferrothorn
|move|p2a: Ferrothorn|Knock Off|p1a: Tangrowth
|-damage|p1a: Tangrowth|89/100
|-damage|p2a: Ferrothorn|6/100|[from] item: Rocky Helmet|[of] p1a: Tangrowth
|-enditem|p1a: Tangrowth|Rocky Helmet|[from] move: Knock Off|[of] p2a: Ferrothorn
|
|-heal|p2a: Ferrothorn|12/100|[from] item: Leftovers
|upkeep
|turn|8
|
|t:|1665070383
|switch|p2a: Zapdos|Zapdos|100/100
|move|p1a: Tangrowth|Giga Drain|p2a: Zapdos
|-resisted|p2a: Zapdos
|-damage|p2a: Zapdos|87/100
|-heal|p1a: Tangrowth|96/100|[from] drain|[of] p2a: Zapdos
|
|upkeep
|turn|9
|
|t:|1665070391
|switch|p1a: Melmetal|Melmetal|100/100
|-damage|p1a: Melmetal|94/100|[from] Stealth Rock
|move|p2a: Zapdos|Volt Switch|p1a: Melmetal
|-damage|p1a: Melmetal|78/100
|
|t:|1665070394
|switch|p2a: Excadrill|Excadrill, F|100/100|[from]move: Volt Switch
|
|upkeep
|turn|10
|
|t:|1665070405
|switch|p1a: Tangrowth|Tangrowth, F|100/100
|-damage|p1a: Tangrowth|88/100|[from] Stealth Rock
|move|p2a: Excadrill|Rock Slide|p1a: Tangrowth
|-crit|p1a: Tangrowth
|-damage|p1a: Tangrowth|53/100
|
|upkeep
|turn|11
|
|t:|1665070411
|switch|p2a: Ferrothorn|Ferrothorn, M|12/100
|move|p1a: Tangrowth|Focus Blast|p2a: Ferrothorn
|-supereffective|p2a: Ferrothorn
|-damage|p2a: Ferrothorn|0 fnt
|faint|p2a: Ferrothorn
|
|upkeep
|
|t:|1665070414
|switch|p2a: Zapdos|Zapdos|87/100
|turn|12
|
|t:|1665070421
|switch|p1a: landorustherian|Landorus-Therian, M|60/100
|-damage|p1a: landorustherian|48/100|[from] Stealth Rock
|-ability|p1a: landorustherian|Intimidate|boost
|-unboost|p2a: Zapdos|atk|1
|move|p2a: Zapdos|Hurricane|p1a: landorustherian
|-damage|p1a: landorustherian|14/100
|
|-heal|p1a: landorustherian|20/100|[from] item: Leftovers
|upkeep
|turn|13
|
|t:|1665070425
|move|p2a: Zapdos|Hurricane|p1a: landorustherian|[miss]
|-miss|p2a: Zapdos|p1a: landorustherian
|move|p1a: landorustherian|Defog|p2a: Zapdos
|-unboost|p2a: Zapdos|evasion|1
|-sideend|p1: minimax_ai|Stealth Rock|[from] move: Defog|[of] p1a: landorustherian
|
|-heal|p1a: landorustherian|26/100|[from] item: Leftovers
|upkeep
|turn|14
|
|t:|1665070432
|switch|p1a: rotomwash|Rotom-Wash|100/100
|move|p2a: Zapdos|Hurricane|p1a: rotomwash
|-resisted|p1a: rotomwash
|-crit|p1a: rotomwash
|-damage|p1a: rotomwash|66/100
|
|-heal|p1a: rotomwash|72/100|[from] item: Leftovers
|upkeep
|turn|15
|
|t:|1665070437
|move|p1a: rotomwash|Hydro Pump|p2a: Zapdos
|-damage|p2a: Zapdos|46/100
|move|p2a: Zapdos|Volt Switch|p1a: rotomwash
|-damage|p1a: rotomwash|43/100
|
|t:|1665070445
|switch|p2a: Tapu Lele|Tapu Lele, shiny|100/100|[from]move: Volt Switch
|-fieldstart|move: Psychic Terrain|[from] ability: Psychic Surge|[of] p2a: Tapu Lele
|
|-heal|p1a: rotomwash|50/100|[from] item: Leftovers
|upkeep
|turn|16
|
|t:|1665070450
|switch|p1a: Melmetal|Melmetal|78/100
|move|p2a: Tapu Lele|Focus Blast|p1a: Melmetal|[miss]
|-miss|p2a: Tapu Lele|p1a: Melmetal
|
|upkeep
|turn|17
|
|t:|1665070453
|move|p2a: Tapu Lele|Focus Blast|p1a: Melmetal
|-supereffective|p1a: Melmetal
|-damage|p1a: Melmetal|32/100
|move|p1a: Melmetal|Double Iron Bash|p2a: Tapu Lele
|-supereffective|p2a: Tapu Lele
|-damage|p2a: Tapu Lele|0 fnt
|faint|p2a: Tapu Lele
|-hitcount|p2: Tapu Lele|1
|
|upkeep
|
|t:|1665070458
|switch|p2a: Urshifu|Urshifu-Rapid-Strike, F|100/100
|turn|18
|
|t:|1665070469
|switch|p1a: Tangrowth|Tangrowth, F|87/100
|move|p2a: Urshifu|Close Combat|p1a: Tangrowth
|-damage|p1a: Tangrowth|52/100
|-unboost|p2a: Urshifu|def|1
|-unboost|p2a: Urshifu|spd|1
|
|upkeep
|turn|19
|
|t:|1665070472
|move|p2a: Urshifu|U-turn|p1a: Tangrowth
|-supereffective|p1a: Tangrowth
|-damage|p1a: Tangrowth|27/100
|
|t:|1665070476
|switch|p2a: Tyranitar|Tyranitar, M|100/100|[from]move: U-turn
|-weather|Sandstorm|[from] ability: Sand Stream|[of] p2a: Tyranitar
|move|p1a: Tangrowth|Sleep Powder|p2a: Tyranitar
|-status|p2a: Tyranitar|slp|[from] move: Sleep Powder
|
|-weather|Sandstorm|[upkeep]
|-damage|p1a: Tangrowth|21/100|[from] Sandstorm
|-fieldend|move: Psychic Terrain
|upkeep
|turn|20
|
|t:|1665070480
|switch|p2a: Zapdos|Zapdos|46/100
|switch|p1a: landorustherian|Landorus-Therian, M|26/100
|-ability|p1a: landorustherian|Intimidate|boost
|-unboost|p2a: Zapdos|atk|1
|
|-weather|Sandstorm|[upkeep]
|-damage|p2a: Zapdos|40/100|[from] Sandstorm
|-heal|p1a: landorustherian|33/100|[from] item: Leftovers
|upkeep
|turn|21
|
|t:|1665070485
|move|p2a: Zapdos|Hurricane|p1a: landorustherian
|-damage|p1a: landorustherian|0 fnt
|faint|p1a: landorustherian
|
|-weather|Sandstorm|[upkeep]
|-damage|p2a: Zapdos|34/100|[from] Sandstorm
|upkeep
|
|t:|1665070485
|switch|p1a: rotomwash|Rotom-Wash|50/100
|turn|22
|
|t:|1665070502
|switch|p2a: Tyranitar|Tyranitar, M|100/100 slp
|move|p1a: rotomwash|Thunderbolt|p2a: Tyranitar
|-damage|p2a: Tyranitar|75/100 slp
|
|-weather|Sandstorm|[upkeep]
|-damage|p1a: rotomwash|43/100|[from] Sandstorm
|-heal|p1a: rotomwash|50/100|[from] item: Leftovers
|upkeep
|turn|23
|
|t:|1665070508
|switch|p1a: Tangrowth|Tangrowth, F|54/100
|cant|p2a: Tyranitar|slp
|
|-weather|none
|upkeep
|turn|24
|
|t:|1665070512
|switch|p2a: Zapdos|Zapdos|34/100
|move|p1a: Tangrowth|Giga Drain|p2a: Zapdos
|-resisted|p2a: Zapdos
|-damage|p2a: Zapdos|20/100
|-heal|p1a: Tangrowth|61/100|[from] drain|[of] p2a: Zapdos
|
|upkeep
|turn|25
|
|t:|1665070515
|switch|p1a: Weavile|Weavile, M|100/100
|-ability|p1a: Weavile|Pressure
|move|p2a: Zapdos|Roost|p2a: Zapdos
|-heal|p2a: Zapdos|70/100
|-singleturn|p2a: Zapdos|move: Roost
|
|upkeep
|turn|26
|
|t:|1665070518
|switch|p2a: Urshifu|Urshifu-Rapid-Strike, F|100/100
|move|p1a: Weavile|Triple Axel|p2a: Urshifu
|-resisted|p2a: Urshifu
|-damage|p2a: Urshifu|93/100
|-resisted|p2a: Urshifu
|-damage|p2a: Urshifu|78/100
|-resisted|p2a: Urshifu
|-damage|p2a: Urshifu|54/100
|-hitcount|p2a: Urshifu|3
|
|upkeep
|turn|27
|
|t:|1665070523
|switch|p1a: Tangrowth|Tangrowth, F|94/100
|move|p2a: Urshifu|U-turn|p1a: Tangrowth
|-supereffective|p1a: Tangrowth
|-damage|p1a: Tangrowth|67/100
|
|t:|1665070526
|switch|p2a: Zapdos|Zapdos|70/100|[from]move: U-turn
|
|upkeep
|turn|28
|
|t:|1665070530
|switch|p1a: Weavile|Weavile, M|100/100
|-ability|p1a: Weavile|Pressure
|move|p2a: Zapdos|Volt Switch|p1a: Weavile
|-damage|p1a: Weavile|58/100
|
|t:|1665070532
|switch|p2a: Urshifu|Urshifu-Rapid-Strike, F|54/100|[from]move: Volt Switch
|
|upkeep
|turn|29
|
|t:|1665070534
|switch|p1a: Tangrowth|Tangrowth, F|99/100
|move|p2a: Urshifu|U-turn|p1a: Tangrowth
|-supereffective|p1a: Tangrowth
|-damage|p1a: Tangrowth|76/100
|
|t:|1665070536
|switch|p2a: Zapdos|Zapdos|70/100|[from]move: U-turn
|
|upkeep
|turn|30
|
|t:|1665070540
|switch|p1a: Melmetal|Melmetal|32/100
|move|p2a: Zapdos|Hurricane|p1a: Melmetal
|-resisted|p1a: Melmetal
|-damage|p1a: Melmetal|19/100
|
|upkeep
|turn|31
|
|t:|1665070543
|move|p2a: Zapdos|Heat Wave|p1a: Melmetal
|-supereffective|p1a: Melmetal
|-damage|p1a: Melmetal|0 fnt
|faint|p1a: Melmetal
|
|upkeep
|
|t:|1665070543
|switch|p1a: Weavile|Weavile, M|58/100
|-ability|p1a: Weavile|Pressure
|turn|32
|
|t:|1665070571
|switch|p2a: Excadrill|Excadrill, F|100/100
|move|p1a: Weavile|Triple Axel|p2a: Excadrill
|-damage|p2a: Excadrill|80/100
|-damage|p2a: Excadrill|40/100
|-damage|p2a: Excadrill|0 fnt
|faint|p2a: Excadrill
|-hitcount|p2: Excadrill|3
|
|upkeep
|
|t:|1665070574
|switch|p2a: Urshifu|Urshifu-Rapid-Strike, F|54/100
|turn|33
|
|t:|1665070579
|switch|p1a: Tangrowth|Tangrowth, F|100/100
|move|p2a: Urshifu|U-turn|p1a: Tangrowth
|-supereffective|p1a: Tangrowth
|-damage|p1a: Tangrowth|76/100
|
|t:|1665070581
|switch|p2a: Zapdos|Zapdos|70/100|[from]move: U-turn
|
|upkeep
|turn|34
|
|t:|1665070583
|switch|p1a: rotomwash|Rotom-Wash|50/100
|move|p2a: Zapdos|Volt Switch|p1a: rotomwash
|-damage|p1a: rotomwash|16/100
|
|t:|1665070587
|switch|p2a: Urshifu|Urshifu-Rapid-Strike, F|54/100|[from]move: Volt Switch
|
|-heal|p1a: rotomwash|22/100|[from] item: Leftovers
|upkeep
|turn|35
|
|t:|1665070589
|switch|p1a: Tangrowth|Tangrowth, F|100/100
|move|p2a: Urshifu|U-turn|p1a: Tangrowth
|-supereffective|p1a: Tangrowth
|-damage|p1a: Tangrowth|74/100
|
|t:|1665070591
|switch|p2a: Zapdos|Zapdos|70/100|[from]move: U-turn
|
|upkeep
|turn|36
|
|t:|1665070596
|switch|p1a: Heatran|Heatran, M|100/100
|-item|p1a: Heatran|Air Balloon
|move|p2a: Zapdos|Hurricane|p1a: Heatran
|-resisted|p1a: Heatran
|-damage|p1a: Heatran|77/100
|-enditem|p1a: Heatran|Air Balloon
|
|upkeep
|turn|37
|
|t:|1665070597
|move|p1a: Heatran|Eruption|p2a: Zapdos
|-damage|p2a: Zapdos|8/100
|move|p2a: Zapdos|Volt Switch|p1a: Heatran
|-damage|p1a: Heatran|48/100
|
|t:|1665070599
|switch|p2a: Urshifu|Urshifu-Rapid-Strike, F|54/100|[from]move: Volt Switch
|
|upkeep
|turn|38
|
|t:|1665070607
|switch|p1a: Tangrowth|Tangrowth, F|100/100
|move|p2a: Urshifu|Close Combat|p1a: Tangrowth
|-damage|p1a: Tangrowth|66/100
|-unboost|p2a: Urshifu|def|1
|-unboost|p2a: Urshifu|spd|1
|
|upkeep
|turn|39
|
|t:|1665070609
|move|p2a: Urshifu|U-turn|p1a: Tangrowth
|-supereffective|p1a: Tangrowth
|-damage|p1a: Tangrowth|40/100
|
|t:|1665070612
|switch|p2a: Tyranitar|Tyranitar, M|75/100 slp|[from]move: U-turn
|-weather|Sandstorm|[from] ability: Sand Stream|[of] p2a: Tyranitar
|move|p1a: Tangrowth|Giga Drain|p2a: Tyranitar
|-supereffective|p2a: Tyranitar
|-damage|p2a: Tyranitar|38/100 slp
|-heal|p1a: Tangrowth|55/100|[from] drain|[of] p2a: Tyranitar
|
|-weather|Sandstorm|[upkeep]
|-damage|p1a: Tangrowth|49/100|[from] Sandstorm
|upkeep
|turn|40
|
|t:|1665070618
|switch|p1a: Weavile|Weavile, M|58/100
|-ability|p1a: Weavile|Pressure
|cant|p2a: Tyranitar|slp
|
|-weather|Sandstorm|[upkeep]
|-damage|p1a: Weavile|52/100|[from] Sandstorm
|upkeep
|turn|41
|
|t:|1665070620
|move|p1a: Weavile|Low Kick|p2a: Tyranitar
|-supereffective|p2a: Tyranitar
|-damage|p2a: Tyranitar|0 fnt
|faint|p2a: Tyranitar
|
|-weather|Sandstorm|[upkeep]
|-damage|p1a: Weavile|46/100|[from] Sandstorm
|upkeep
|
|t:|1665070623
|switch|p2a: Urshifu|Urshifu-Rapid-Strike, F|54/100
|turn|42
|
|t:|1665070634
|switch|p1a: Tangrowth|Tangrowth, F|82/100
|move|p2a: Urshifu|U-turn|p1a: Tangrowth
|-supereffective|p1a: Tangrowth
|-damage|p1a: Tangrowth|57/100
|
|t:|1665070636
|switch|p2a: Zapdos|Zapdos|8/100|[from]move: U-turn
|
|-weather|Sandstorm|[upkeep]
|-damage|p2a: Zapdos|2/100|[from] Sandstorm
|-damage|p1a: Tangrowth|50/100|[from] Sandstorm
|upkeep
|turn|43
|
|t:|1665070644
|switch|p1a: Heatran|Heatran, M|48/100
|move|p2a: Zapdos|Hurricane|p1a: Heatran
|-resisted|p1a: Heatran
|-crit|p1a: Heatran
|-damage|p1a: Heatran|14/100
|
|-weather|none
|upkeep
|turn|44
|
|t:|1665070648
|switch|p2a: Urshifu|Urshifu-Rapid-Strike, F|54/100
|move|p1a: Heatran|Magma Storm|p2a: Urshifu
|-resisted|p2a: Urshifu
|-damage|p2a: Urshifu|15/100
|-activate|p2a: Urshifu|move: Magma Storm|[of] p1a: Heatran
|
|-damage|p2a: Urshifu|3/100|[from] move: Magma Storm|[partiallytrapped]
|upkeep
|turn|45
|
|t:|1665070653
|move|p2a: Urshifu|U-turn|p1a: Heatran
|-resisted|p1a: Heatran
|-damage|p1a: Heatran|8/100
|c|☆Eclipse77|gg
|-message|Eclipse77 forfeited.
|
|win|minimax_ai
|raw|minimax_ai's rating: 1581 &rarr; <strong>1599</strong><br />(+18 for winning)
|raw|Eclipse77's rating: 1542 &rarr; <strong>1524</strong><br />(-18 for losing)
|c|☆minimax_ai|gg
|l|☆Eclipse77
