|j|☆afakedugong
|j|☆legitteambuilder
|t:|1613211395
|player|p1|afakedugong|lucas|1865
|player|p2|legitteambuilder|lance|1739
|teamsize|p1|6
|teamsize|p2|6
|gametype|singles
|gen|8
|tier|[Gen 8] OU
|rated|
|clearpoke
|poke|p1|Hippowdon, M|
|poke|p1|Dracozolt|
|poke|p1|Toxapex, F|
|poke|p1|Magearna|
|poke|p1|Skarmory, F|
|poke|p1|Cinderace, M|
|poke|p2|Garchomp, M|
|poke|p2|Magearna|
|poke|p2|Cinderace, F|
|poke|p2|Landorus-Therian, M|
|poke|p2|Ferrothorn, F|
|poke|p2|Kartana|
|rule|Sleep Clause Mod: Limit one foe put to sleep
|rule|Species Clause: Limit one of each Pokémon
|rule|OHKO Clause: OHKO moves are banned
|rule|Evasion Moves Clause: Evasion moves are banned
|rule|Endless Battle Clause: Forcing endless battles is banned
|rule|HP Percentage Mod: HP is shown in percentages
|rule|Dynamax Clause: You cannot dynamax
|teampreview
|j| heymistygym
|
|t:|1613211447
|start
|switch|p1a: Skarmory|Skarmory, F|100/100
|switch|p2a: EARFQUAKE|Landorus-Therian, M, shiny|100/100
|-ability|p2a: EARFQUAKE|Intimidate|boost
|-unboost|p1a: Skarmory|atk|1
|turn|1
|j| Gomenasaiii
|
|t:|1613211459
|move|p2a: EARFQUAKE|U-turn|p1a: Skarmory
|-resisted|p1a: Skarmory
|-damage|p1a: Skarmory|95/100
|-damage|p2a: EARFQUAKE|84/100|[from] item: Rocky Helmet|[of] p1a: Skarmory
|
|t:|1613211462
|switch|p2a: Bella Thorn|Ferrothorn, F, shiny|100/100|[from]move: U-turn
|move|p1a: Skarmory|Spikes|p2a: Bella Thorn
|-sidestart|p2: legitteambuilder|Spikes
|
|upkeep
|turn|2
|j| Throwaway8362917uu
|
|t:|1613211493
|move|p1a: Skarmory|Spikes|p2a: Bella Thorn
|-sidestart|p2: legitteambuilder|Spikes
|move|p2a: Bella Thorn|Stealth Rock|p1a: Skarmory
|-sidestart|p1: afakedugong|move: Stealth Rock
|
|upkeep
|turn|3
|
|t:|1613211499
|move|p1a: Skarmory|Spikes|p2a: Bella Thorn
|-sidestart|p2: legitteambuilder|Spikes
|move|p2a: Bella Thorn|Spikes|p1a: Skarmory
|-sidestart|p1: afakedugong|Spikes
|
|upkeep
|turn|4
|
|t:|1613211503
|move|p2a: Bella Thorn|Knock Off|p1a: Skarmory
|-crit|p1a: Skarmory
|-damage|p1a: Skarmory|74/100
|-damage|p2a: Bella Thorn|84/100|[from] item: Rocky Helmet|[of] p1a: Skarmory
|-enditem|p1a: Skarmory|Rocky Helmet|[from] move: Knock Off|[of] p2a: Bella Thorn
|move|p1a: Skarmory|Whirlwind|p2a: Bella Thorn
|drag|p2a: OH U MAKE MY|Garchomp, M, shiny|100/100
|-damage|p2a: OH U MAKE MY|76/100|[from] Spikes
|
|upkeep
|turn|5
|
|t:|1613211516
|switch|p1a: Hippowdon|Hippowdon, M|100/100
|-damage|p1a: Hippowdon|88/100|[from] Spikes
|-damage|p1a: Hippowdon|82/100|[from] Stealth Rock
|-weather|Sandstorm|[from] ability: Sand Stream|[of] p1a: Hippowdon
|move|p2a: OH U MAKE MY|Stone Edge|p1a: Hippowdon
|-resisted|p1a: Hippowdon
|-damage|p1a: Hippowdon|68/100
|-damage|p2a: OH U MAKE MY|66/100|[from] item: Life Orb
|
|-weather|Sandstorm|[upkeep]
|upkeep
|turn|6
|
|t:|1613211520
|move|p2a: OH U MAKE MY|Swords Dance|p2a: OH U MAKE MY
|-boost|p2a: OH U MAKE MY|atk|2
|move|p1a: Hippowdon|Slack Off|p1a: Hippowdon
|-heal|p1a: Hippowdon|100/100
|
|-weather|Sandstorm|[upkeep]
|upkeep
|turn|7
|
|t:|1613211526
|move|p2a: OH U MAKE MY|Earthquake|p1a: Hippowdon
|-damage|p1a: Hippowdon|10/100
|-damage|p2a: OH U MAKE MY|56/100|[from] item: Life Orb
|move|p1a: Hippowdon|Earthquake|p2a: OH U MAKE MY
|-damage|p2a: OH U MAKE MY|21/100
|
|-weather|Sandstorm|[upkeep]
|upkeep
|turn|8
|c| Throwaway8362917uu|I. Just almost threw up
|
|t:|1613211547
|move|p2a: OH U MAKE MY|Scale Shot|p1a: Hippowdon
|-damage|p1a: Hippowdon|0 fnt
|-hitcount|p1a: Hippowdon|1
|-unboost|p2a: OH U MAKE MY|def|1
|-boost|p2a: OH U MAKE MY|spe|1
|-damage|p2a: OH U MAKE MY|11/100|[from] item: Life Orb
|faint|p1a: Hippowdon
|
|-weather|Sandstorm|[upkeep]
|upkeep
|
|t:|1613211551
|switch|p1a: Cinderace|Cinderace, M|100/100
|turn|9
|
|t:|1613211555
|move|p1a: Cinderace|Sucker Punch||[still]
|-fail|p1a: Cinderace
|move|p2a: OH U MAKE MY|Swords Dance|p2a: OH U MAKE MY
|-boost|p2a: OH U MAKE MY|atk|2
|
|-weather|Sandstorm|[upkeep]
|-damage|p1a: Cinderace|95/100|[from] Sandstorm
|upkeep
|turn|10
|l|☆legitteambuilder
|player|p2|
|j|☆legitteambuilder
|player|p2|legitteambuilder|lance
|
|t:|1613211586
|move|p1a: Cinderace|Sucker Punch|p2a: OH U MAKE MY
|-start|p1a: Cinderace|typechange|Dark|[from] ability: Libero
|-damage|p2a: OH U MAKE MY|0 fnt
|-damage|p1a: Cinderace|82/100|[from] ability: Rough Skin|[of] p2a: OH U MAKE MY
|faint|p2a: OH U MAKE MY
|
|-weather|Sandstorm|[upkeep]
|-damage|p1a: Cinderace|76/100|[from] Sandstorm
|upkeep
|
|t:|1613211591
|switch|p2a: EARFQUAKE|Landorus-Therian, M, shiny|84/100
|-ability|p2a: EARFQUAKE|Intimidate|boost
|-unboost|p1a: Cinderace|atk|1
|turn|11
|c|☆legitteambuilder|test
|
|t:|1613211607
|switch|p1a: Skarmory|Skarmory, F|74/100
|-damage|p1a: Skarmory|62/100|[from] Stealth Rock
|move|p2a: EARFQUAKE|U-turn|p1a: Skarmory
|-resisted|p1a: Skarmory
|-damage|p1a: Skarmory|56/100
|
|t:|1613211618
|switch|p2a: Hammond|Magearna|100/100|[from]move: U-turn
|-damage|p2a: Hammond|76/100|[from] Spikes
|
|-weather|Sandstorm|[upkeep]
|upkeep
|turn|12
|
|t:|1613211628
|switch|p1a: Dracozolt|Dracozolt|100/100
|-damage|p1a: Dracozolt|88/100|[from] Spikes
|-damage|p1a: Dracozolt|76/100|[from] Stealth Rock
|move|p2a: Hammond|Volt Switch|p1a: Dracozolt
|-resisted|p1a: Dracozolt
|-damage|p1a: Dracozolt|62/100
|
|t:|1613211650
|switch|p2a: EARFQUAKE|Landorus-Therian, M, shiny|84/100|[from]move: Volt Switch
|-ability|p2a: EARFQUAKE|Intimidate|boost
|-unboost|p1a: Dracozolt|atk|1
|
|-weather|none
|upkeep
|turn|13
|l|☆legitteambuilder
|player|p2|
|j|☆legitteambuilder
|player|p2|legitteambuilder|lance
|
|t:|1613211705
|switch|p1a: Skarmory|Skarmory, F|56/100
|-damage|p1a: Skarmory|43/100|[from] Stealth Rock
|move|p2a: EARFQUAKE|Earthquake|p1a: Skarmory
|-immune|p1a: Skarmory
|
|upkeep
|turn|14
|
|t:|1613211709
|switch|p2a: Iniesta|Cinderace, F|100/100
|move|p1a: Skarmory|Roost|p1a: Skarmory
|-heal|p1a: Skarmory|93/100
|-singleturn|p1a: Skarmory|move: Roost
|
|upkeep
|turn|15
|
|t:|1613211716
|switch|p1a: Toxapex|Toxapex, F|100/100
|-damage|p1a: Toxapex|88/100|[from] Spikes
|-damage|p1a: Toxapex|75/100|[from] Stealth Rock
|move|p2a: Iniesta|Pyro Ball|p1a: Toxapex
|-resisted|p1a: Toxapex
|-damage|p1a: Toxapex|58/100
|-enditem|p1a: Toxapex|Eject Button
|
|t:|1613211719
|switch|p1a: Cinderace|Cinderace, M|76/100
|
|upkeep
|turn|16
|
|t:|1613211739
|switch|p1a: Toxapex|Toxapex, F|91/100
|-damage|p1a: Toxapex|78/100|[from] Spikes
|-damage|p1a: Toxapex|66/100|[from] Stealth Rock
|move|p2a: Iniesta|Gunk Shot|p1a: Toxapex|[miss]
|-start|p2a: Iniesta|typechange|Poison|[from] ability: Libero
|-miss|p2a: Iniesta|p1a: Toxapex
|
|upkeep
|turn|17
|j| ISimpforNessa
|
|t:|1613211746
|move|p2a: Iniesta|U-turn|p1a: Toxapex
|-start|p2a: Iniesta|typechange|Bug|[from] ability: Libero
|-resisted|p1a: Toxapex
|-damage|p1a: Toxapex|54/100
|
|t:|1613211748
|switch|p2a: Bella Thorn|Ferrothorn, F, shiny|84/100|[from]move: U-turn
|-damage|p2a: Bella Thorn|59/100|[from] Spikes
|move|p1a: Toxapex|Knock Off|p2a: Bella Thorn
|-damage|p2a: Bella Thorn|51/100
|-damage|p1a: Toxapex|42/100|[from] ability: Iron Barbs|[of] p2a: Bella Thorn
|-damage|p1a: Toxapex|25/100|[from] item: Rocky Helmet|[of] p2a: Bella Thorn
|-enditem|p2a: Bella Thorn|Rocky Helmet|[from] move: Knock Off|[of] p1a: Toxapex
|
|upkeep
|turn|18
|
|t:|1613211752
|move|p1a: Toxapex|Recover|p1a: Toxapex
|-heal|p1a: Toxapex|75/100
|move|p2a: Bella Thorn|Spikes|p1a: Toxapex
|-sidestart|p1: afakedugong|Spikes
|
|upkeep
|turn|19
|
|t:|1613211772
|switch|p1a: Dracozolt|Dracozolt|62/100
|-damage|p1a: Dracozolt|45/100|[from] Spikes
|-damage|p1a: Dracozolt|33/100|[from] Stealth Rock
|move|p2a: Bella Thorn|Spikes|p1a: Dracozolt
|-sidestart|p1: afakedugong|Spikes
|
|upkeep
|turn|20
|
|t:|1613211778
|move|p1a: Dracozolt|Fire Blast|p2a: Bella Thorn
|-supereffective|p2a: Bella Thorn
|-damage|p2a: Bella Thorn|0 fnt
|-damage|p1a: Dracozolt|23/100|[from] item: Life Orb
|faint|p2a: Bella Thorn
|
|upkeep
|
|t:|1613211795
|switch|p2a: Iniesta|Cinderace, F|100/100
|turn|21
|
|t:|1613211829
|switch|p1a: Toxapex|Toxapex, F|100/100
|-damage|p1a: Toxapex|75/100|[from] Spikes
|-damage|p1a: Toxapex|63/100|[from] Stealth Rock
|move|p2a: Iniesta|Sucker Punch||[still]
|-fail|p2a: Iniesta
|
|upkeep
|turn|22
|
|t:|1613211835
|move|p2a: Iniesta|U-turn|p1a: Toxapex
|-start|p2a: Iniesta|typechange|Bug|[from] ability: Libero
|-resisted|p1a: Toxapex
|-damage|p1a: Toxapex|52/100
|
|t:|1613211845
|switch|p2a: it´s ova|Kartana|100/100|[from]move: U-turn
|-damage|p2a: it´s ova|76/100|[from] Spikes
|move|p1a: Toxapex|Knock Off|p2a: it´s ova
|-damage|p2a: it´s ova|62/100
|-enditem|p2a: it´s ova|Choice Scarf|[from] move: Knock Off|[of] p1a: Toxapex
|
|upkeep
|turn|23
|
|t:|1613211852
|switch|p1a: Skarmory|Skarmory, F|93/100
|-damage|p1a: Skarmory|81/100|[from] Stealth Rock
|move|p2a: it´s ova|Leaf Blade|p1a: Skarmory
|-resisted|p1a: Skarmory
|-damage|p1a: Skarmory|72/100
|
|upkeep
|turn|24
|
|t:|1613211858
|move|p2a: it´s ova|Sacred Sword|p1a: Skarmory
|-damage|p1a: Skarmory|49/100
|move|p1a: Skarmory|Body Press|p2a: it´s ova
|-supereffective|p2a: it´s ova
|-damage|p2a: it´s ova|0 fnt
|faint|p2a: it´s ova
|
|upkeep
|
|t:|1613211866
|switch|p2a: Iniesta|Cinderace, F|100/100
|turn|25
|
|t:|1613211947
|switch|p1a: Dracozolt|Dracozolt|23/100
|-damage|p1a: Dracozolt|10/100|[from] Stealth Rock
|-damage|p1a: Dracozolt|0 fnt|[from] Spikes
|faint|p1a: Dracozolt
|move|p2a: Iniesta|Pyro Ball|p1: Dracozolt|[notarget]
|-fail|p2a: Iniesta
|
|upkeep
|inactive|Battle timer is ON: inactive players will automatically lose when time's up. (requested by legitteambuilder)
|
|t:|1613211951
|switch|p1a: Toxapex|Toxapex, F|86/100
|-damage|p1a: Toxapex|73/100|[from] Stealth Rock
|-damage|p1a: Toxapex|48/100|[from] Spikes
|turn|26
|
|t:|1613211975
|move|p2a: Iniesta|U-turn|p1a: Toxapex
|-start|p2a: Iniesta|typechange|Bug|[from] ability: Libero
|-resisted|p1a: Toxapex
|-damage|p1a: Toxapex|37/100
|
|t:|1613211977
|switch|p2a: Hammond|Magearna|76/100|[from]move: U-turn
|-damage|p2a: Hammond|51/100|[from] Spikes
|move|p1a: Toxapex|Recover|p1a: Toxapex
|-heal|p1a: Toxapex|87/100
|
|upkeep
|turn|27
|
|t:|1613211984
|switch|p1a: Magearna|Magearna|100/100
|-damage|p1a: Magearna|95/100|[from] Stealth Rock
|-damage|p1a: Magearna|70/100|[from] Spikes
|move|p2a: Hammond|Volt Switch|p1a: Magearna
|-damage|p1a: Magearna|30/100
|
|t:|1613211991
|switch|p2a: Iniesta|Cinderace, F|100/100|[from]move: Volt Switch
|
|upkeep
|turn|28
|
|t:|1613212001
|switch|p1a: Toxapex|Toxapex, F|100/100
|-damage|p1a: Toxapex|88/100|[from] Stealth Rock
|-damage|p1a: Toxapex|63/100|[from] Spikes
|move|p2a: Iniesta|Pyro Ball|p1a: Toxapex
|-resisted|p1a: Toxapex
|-damage|p1a: Toxapex|44/100
|
|upkeep
|turn|29
|
|t:|1613212009
|move|p2a: Iniesta|U-turn|p1a: Toxapex
|-start|p2a: Iniesta|typechange|Bug|[from] ability: Libero
|-resisted|p1a: Toxapex
|-crit|p1a: Toxapex
|-damage|p1a: Toxapex|28/100
|
|t:|1613212013
|switch|p2a: EARFQUAKE|Landorus-Therian, M, shiny|84/100|[from]move: U-turn
|-ability|p2a: EARFQUAKE|Intimidate|boost
|-unboost|p1a: Toxapex|atk|1
|move|p1a: Toxapex|Recover|p1a: Toxapex
|-heal|p1a: Toxapex|78/100
|
|upkeep
|turn|30
|
|t:|1613212018
|switch|p1a: Skarmory|Skarmory, F|49/100
|-damage|p1a: Skarmory|37/100|[from] Stealth Rock
|move|p2a: EARFQUAKE|U-turn|p1a: Skarmory
|-resisted|p1a: Skarmory
|-damage|p1a: Skarmory|31/100
|
|t:|1613212023
|switch|p2a: Iniesta|Cinderace, F|100/100|[from]move: U-turn
|
|upkeep
|turn|31
|j| Tokantolov
|
|t:|1613212036
|switch|p1a: Magearna|Magearna|30/100
|-damage|p1a: Magearna|24/100|[from] Stealth Rock
|-damage|p1a: Magearna|0 fnt|[from] Spikes
|faint|p1a: Magearna
|move|p2a: Iniesta|Pyro Ball|p1: Magearna|[notarget]
|-fail|p2a: Iniesta
|
|upkeep
|
|t:|1613212040
|switch|p1a: Toxapex|Toxapex, F|100/100
|-damage|p1a: Toxapex|75/100|[from] Spikes
|-damage|p1a: Toxapex|63/100|[from] Stealth Rock
|turn|32
|
|t:|1613212048
|move|p2a: Iniesta|U-turn|p1a: Toxapex
|-start|p2a: Iniesta|typechange|Bug|[from] ability: Libero
|-resisted|p1a: Toxapex
|-damage|p1a: Toxapex|51/100
|
|t:|1613212050
|switch|p2a: Hammond|Magearna|51/100|[from]move: U-turn
|-damage|p2a: Hammond|26/100|[from] Spikes
|move|p1a: Toxapex|Scald|p2a: Hammond
|-damage|p2a: Hammond|13/100
|
|upkeep
|turn|33
|inactive|afakedugong has 120 seconds left.
|
|t:|1613212108
|switch|p1a: Cinderace|Cinderace, M|76/100
|move|p2a: Hammond|Volt Switch|p1a: Cinderace
|-damage|p1a: Cinderace|23/100
|j| BabyPigsAreLaughin
|
|t:|1613212121
|switch|p2a: EARFQUAKE|Landorus-Therian, M, shiny|84/100|[from]move: Volt Switch
|-ability|p2a: EARFQUAKE|Intimidate|boost
|-unboost|p1a: Cinderace|atk|1
|
|upkeep
|turn|34
|inactive|afakedugong has 90 seconds left.
|
|t:|1613212152
|move|p1a: Cinderace|U-turn|p2a: EARFQUAKE
|-start|p1a: Cinderace|typechange|Bug|[from] ability: Libero
|-resisted|p2a: EARFQUAKE
|-damage|p2a: EARFQUAKE|71/100
|
|t:|1613212154
|switch|p1a: Skarmory|Skarmory, F|31/100|[from]move: U-turn
|-damage|p1a: Skarmory|19/100|[from] Stealth Rock
|move|p2a: EARFQUAKE|U-turn|p1a: Skarmory
|-resisted|p1a: Skarmory
|-damage|p1a: Skarmory|13/100
|j| Storm Zone
|
|t:|1613212170
|switch|p2a: Iniesta|Cinderace, F|100/100|[from]move: U-turn
|
|upkeep
|turn|35
|inactive|afakedugong has 90 seconds left.
|inactive|afakedugong has 60 seconds left.
|
|t:|1613212225
|switch|p1a: Toxapex|Toxapex, F|85/100
|-damage|p1a: Toxapex|72/100|[from] Stealth Rock
|-damage|p1a: Toxapex|47/100|[from] Spikes
|move|p2a: Iniesta|Pyro Ball|p1a: Toxapex
|-resisted|p1a: Toxapex
|-damage|p1a: Toxapex|29/100
|-status|p1a: Toxapex|brn
|
|-damage|p1a: Toxapex|23/100 brn|[from] brn
|upkeep
|turn|36
|
|t:|1613212243
|move|p2a: Iniesta|U-turn|p1a: Toxapex
|-start|p2a: Iniesta|typechange|Bug|[from] ability: Libero
|-resisted|p1a: Toxapex
|-damage|p1a: Toxapex|12/100 brn
|
|t:|1613212249
|switch|p2a: EARFQUAKE|Landorus-Therian, M, shiny|71/100|[from]move: U-turn
|-ability|p2a: EARFQUAKE|Intimidate|boost
|-unboost|p1a: Toxapex|atk|1
|move|p1a: Toxapex|Recover|p1a: Toxapex
|-heal|p1a: Toxapex|62/100 brn
|
|-damage|p1a: Toxapex|56/100 brn|[from] brn
|upkeep
|turn|37
|j| Mreow
|inactive|afakedugong has 30 seconds left.
|inactive|afakedugong has 20 seconds left.
|
|t:|1613212285
|switch|p1a: Cinderace|Cinderace, M|23/100
|move|p2a: EARFQUAKE|U-turn|p1a: Cinderace
|-resisted|p1a: Cinderace
|-damage|p1a: Cinderace|0 fnt
|faint|p1a: Cinderace
|inactive|afakedugong has 25 seconds left this turn.
|
|t:|1613212294
|switch|p2a: Hammond|Magearna|13/100|[from]move: U-turn
|-damage|p2a: Hammond|0 fnt|[from] Spikes
|faint|p2a: Hammond
|
|upkeep
|l| Gomenasaiii
|inactive|afakedugong has 30 seconds left.
|j| Aiseris
|
|t:|1613212307
|switch|p1a: Toxapex|Toxapex, F|89/100 brn
|switch|p2a: Iniesta|Cinderace, F|100/100
|-damage|p1a: Toxapex|64/100 brn|[from] Spikes
|-damage|p1a: Toxapex|51/100 brn|[from] Stealth Rock
|turn|38
|inactive|afakedugong has 30 seconds left.
|
|t:|1613212322
|move|p2a: Iniesta|U-turn|p1a: Toxapex
|-start|p2a: Iniesta|typechange|Bug|[from] ability: Libero
|-resisted|p1a: Toxapex
|-damage|p1a: Toxapex|40/100 brn
|inactive|afakedugong has 30 seconds left this turn.
|
|t:|1613212323
|switch|p2a: EARFQUAKE|Landorus-Therian, M, shiny|71/100|[from]move: U-turn
|-ability|p2a: EARFQUAKE|Intimidate|boost
|-unboost|p1a: Toxapex|atk|1
|move|p1a: Toxapex|Scald|p2a: EARFQUAKE
|-supereffective|p2a: EARFQUAKE
|-damage|p2a: EARFQUAKE|31/100
|
|-damage|p1a: Toxapex|33/100 brn|[from] brn
|upkeep
|turn|39
|
|t:|1613212332
|move|p2a: EARFQUAKE|Stone Edge|p1a: Toxapex
|-damage|p1a: Toxapex|0 fnt
|faint|p1a: Toxapex
|
|upkeep
|c|☆afakedugong|gg
|c|☆legitteambuilder|gg
|
|t:|1613212338
|switch|p1a: Skarmory|Skarmory, F|13/100
|-damage|p1a: Skarmory|1/100|[from] Stealth Rock
|turn|40
|
|t:|1613212340
|move|p2a: EARFQUAKE|Stone Edge|p1a: Skarmory
|-damage|p1a: Skarmory|0 fnt
|faint|p1a: Skarmory
|
|win|legitteambuilder
|l|☆legitteambuilder
|raw|afakedugong's rating: 1865 &rarr; <strong>1838</strong><br />(-27 for losing)
|raw|legitteambuilder's rating: 1739 &rarr; <strong>1766</strong><br />(+27 for winning)
|l|☆afakedugong
|l| Tokantolov
