|j|☆BigBootyBuddha7
|j|☆x wing fighter
|inactive|Battle timer is ON: inactive players will automatically lose when time's up.
|t:|1665367073
|gametype|singles
|player|p1|BigBootyBuddha7|pokekid|
|player|p2|x wing fighter|lucas|
|teamsize|p1|6
|teamsize|p2|6
|gen|8
|tier|[Gen 8] OU
|rated|Tournament battle
|rule|Sleep Clause Mod: Limit one foe put to sleep
|rule|Species Clause: Limit one of each Pokémon
|rule|OHKO Clause: OHKO moves are banned
|rule|Evasion Items Clause: Evasion items are banned
|rule|Evasion Moves Clause: Evasion moves are banned
|rule|Endless Battle Clause: Forcing endless battles is banned
|rule|HP Percentage Mod: HP is shown in percentages
|rule|Dynamax Clause: You cannot dynamax
|clearpoke
|poke|p1|Ninetales-Alola, F|
|poke|p1|Zapdos-Galar|
|poke|p1|Tornadus-Therian, M|
|poke|p1|Garchomp, F|
|poke|p1|Heatran, M|
|poke|p1|Volcanion|
|poke|p2|Melmetal|
|poke|p2|Weavile, M|
|poke|p2|Volcanion|
|poke|p2|Zapdos|
|poke|p2|Landorus-Therian, M|
|poke|p2|Kartana|
|teampreview
|inactive|x wing fighter also wants the timer to be on.
|j| stainedMorph!
|c|☆BigBootyBuddha7|hf
|c|☆x wing fighter|u2
|
|t:|1665367092
|start
|switch|p1a: Monarch|Ninetales-Alola, F|100/100
|switch|p2a: Zapdos|Zapdos|100/100
|-weather|Hail|[from] ability: Snow Warning|[of] p1a: Monarch
|turn|1
|
|t:|1665367096
|switch|p2a: Melmetal|Melmetal|100/100
|move|p1a: Monarch|Blizzard|p2a: Melmetal
|-resisted|p2a: Melmetal
|-damage|p2a: Melmetal|63/100
|-status|p2a: Melmetal|frz
|
|-weather|Hail|[upkeep]
|-damage|p2a: Melmetal|57/100 frz|[from] Hail
|upkeep
|turn|2
|c|☆x wing fighter|bruh
|
|t:|1665367116
|switch|p1a: Vesuvius|Heatran, M|100/100
|-item|p1a: Vesuvius|Air Balloon
|switch|p2a: Volcanion|Volcanion|100/100
|
|-weather|Hail|[upkeep]
|-damage|p2a: Volcanion|95/100|[from] Hail
|-damage|p1a: Vesuvius|94/100|[from] Hail
|upkeep
|turn|3
|
|t:|1665367129
|switch|p1a: Harbinger|Tornadus-Therian, M|100/100
|move|p2a: Volcanion|Earth Power|p1a: Harbinger
|-immune|p1a: Harbinger
|
|-weather|Hail|[upkeep]
|-damage|p1a: Harbinger|94/100|[from] Hail
|-damage|p2a: Volcanion|89/100|[from] Hail
|upkeep
|turn|4
|
|t:|1665367132
|switch|p2a: Zapdos|Zapdos|100/100
|move|p1a: Harbinger|Knock Off|p2a: Zapdos
|-damage|p2a: Zapdos|75/100
|-status|p1a: Harbinger|par|[from] ability: Static|[of] p2a: Zapdos
|-enditem|p2a: Zapdos|Heavy-Duty Boots|[from] move: Knock Off|[of] p1a: Harbinger
|
|-weather|Hail|[upkeep]
|-damage|p2a: Zapdos|68/100|[from] Hail
|-damage|p1a: Harbinger|88/100 par|[from] Hail
|upkeep
|turn|5
|
|t:|1665367139
|move|p2a: Zapdos|Volt Switch|p1a: Harbinger
|-supereffective|p1a: Harbinger
|-crit|p1a: Harbinger
|-damage|p1a: Harbinger|0 fnt
|faint|p1a: Harbinger
|
|t:|1665367152
|switch|p2a: Volcanion|Volcanion|89/100|[from]move: Volt Switch
|
|-weather|none
|upkeep
|
|t:|1665367157
|switch|p1a: Nibbles|Garchomp, F|100/100
|turn|6
|
|t:|1665367162
|switch|p1a: Monarch|Ninetales-Alola, F|100/100
|-weather|Hail|[from] ability: Snow Warning|[of] p1a: Monarch
|switch|p2a: Landorus|Landorus-Therian, M|100/100
|-ability|p2a: Landorus|Intimidate|boost
|-unboost|p1a: Monarch|atk|1
|
|-weather|Hail|[upkeep]
|-damage|p2a: Landorus|94/100|[from] Hail
|-heal|p2a: Landorus|100/100|[from] item: Leftovers
|upkeep
|turn|7
|
|t:|1665367166
|switch|p2a: Melmetal|Melmetal|57/100 frz
|move|p1a: Monarch|Freeze-Dry|p2a: Melmetal
|-resisted|p2a: Melmetal
|-damage|p2a: Melmetal|34/100 frz
|
|-weather|Hail|[upkeep]
|-damage|p2a: Melmetal|28/100 frz|[from] Hail
|upkeep
|turn|8
|
|t:|1665367169
|switch|p2a: Volcanion|Volcanion|89/100
|move|p1a: Monarch|Freeze-Dry|p2a: Volcanion
|-damage|p2a: Volcanion|40/100
|
|-weather|Hail|[upkeep]
|-damage|p2a: Volcanion|34/100|[from] Hail
|upkeep
|turn|9
|
|t:|1665367172
|move|p1a: Monarch|Freeze-Dry|p2a: Volcanion
|-damage|p2a: Volcanion|0 fnt
|faint|p2a: Volcanion
|
|-weather|Hail|[upkeep]
|upkeep
|
|t:|1665367174
|switch|p2a: Weavile|Weavile, M|100/100
|-ability|p2a: Weavile|Pressure
|turn|10
|
|t:|1665367180
|switch|p1a: Rook|Zapdos-Galar|100/100
|move|p2a: Weavile|Knock Off|p1a: Rook
|-resisted|p1a: Rook
|-damage|p1a: Rook|53/100
|-enditem|p1a: Rook|Choice Band|[from] move: Knock Off|[of] p2a: Weavile
|
|-weather|none
|upkeep
|turn|11
|
|t:|1665367183
|switch|p2a: Zapdos|Zapdos|68/100
|move|p1a: Rook|U-turn|p2a: Zapdos
|-resisted|p2a: Zapdos
|-damage|p2a: Zapdos|55/100
|
|t:|1665367185
|switch|p1a: Monarch|Ninetales-Alola, F|100/100|[from]move: U-turn
|-weather|Hail|[from] ability: Snow Warning|[of] p1a: Monarch
|
|-weather|Hail|[upkeep]
|-damage|p2a: Zapdos|49/100|[from] Hail
|upkeep
|turn|12
|
|t:|1665367191
|switch|p2a: Melmetal|Melmetal|28/100 frz
|move|p1a: Monarch|Blizzard|p2a: Melmetal
|-resisted|p2a: Melmetal
|-damage|p2a: Melmetal|0 fnt
|faint|p2a: Melmetal
|
|-weather|Hail|[upkeep]
|upkeep
|
|t:|1665367194
|switch|p2a: Kartana|Kartana, shiny|100/100
|turn|13
|
|t:|1665367199
|switch|p1a: Vesuvius|Heatran, M|94/100
|-item|p1a: Vesuvius|Air Balloon
|move|p2a: Kartana|Sacred Sword|p1a: Vesuvius
|-supereffective|p1a: Vesuvius
|-damage|p1a: Vesuvius|48/100
|-enditem|p1a: Vesuvius|Air Balloon
|
|-weather|Hail|[upkeep]
|-damage|p2a: Kartana|94/100|[from] Hail
|-damage|p1a: Vesuvius|41/100|[from] Hail
|upkeep
|turn|14
|
|t:|1665367210
|switch|p1a: Nibbles|Garchomp, F|100/100
|move|p2a: Kartana|Sacred Sword|p1a: Nibbles
|-damage|p1a: Nibbles|58/100
|-damage|p2a: Kartana|82/100|[from] ability: Rough Skin|[of] p1a: Nibbles
|
|-weather|Hail|[upkeep]
|-damage|p2a: Kartana|76/100|[from] Hail
|-damage|p1a: Nibbles|52/100|[from] Hail
|-heal|p1a: Nibbles|58/100|[from] item: Leftovers
|upkeep
|turn|15
|
|t:|1665367216
|move|p2a: Kartana|Sacred Sword|p1a: Nibbles
|-crit|p1a: Nibbles
|-damage|p1a: Nibbles|0 fnt
|-damage|p2a: Kartana|63/100|[from] ability: Rough Skin|[of] p1a: Nibbles
|faint|p1a: Nibbles
|-ability|p2a: Kartana|Beast Boost|boost
|-boost|p2a: Kartana|atk|1
|
|-weather|none
|upkeep
|
|t:|1665367219
|switch|p1a: Rook|Zapdos-Galar|53/100
|turn|16
|
|t:|1665367224
|switch|p2a: Zapdos|Zapdos|49/100
|switch|p1a: Monarch|Ninetales-Alola, F|100/100
|-weather|Hail|[from] ability: Snow Warning|[of] p1a: Monarch
|
|-weather|Hail|[upkeep]
|-damage|p2a: Zapdos|43/100|[from] Hail
|upkeep
|turn|17
|
|t:|1665367233
|switch|p2a: Landorus|Landorus-Therian, M|100/100
|-ability|p2a: Landorus|Intimidate|boost
|-unboost|p1a: Monarch|atk|1
|move|p1a: Monarch|Moonblast|p2a: Landorus
|-damage|p2a: Landorus|62/100
|
|-weather|Hail|[upkeep]
|-damage|p2a: Landorus|56/100|[from] Hail
|-heal|p2a: Landorus|62/100|[from] item: Leftovers
|upkeep
|turn|18
|
|t:|1665367243
|switch|p1a: Rook|Zapdos-Galar|53/100
|move|p2a: Landorus|U-turn|p1a: Rook
|-resisted|p1a: Rook
|-damage|p1a: Rook|46/100
|
|t:|1665367247
|switch|p2a: Zapdos|Zapdos|43/100|[from]move: U-turn
|
|-weather|Hail|[upkeep]
|-damage|p1a: Rook|40/100|[from] Hail
|-damage|p2a: Zapdos|37/100|[from] Hail
|upkeep
|turn|19
|
|t:|1665367251
|move|p2a: Zapdos|Volt Switch|p1a: Rook
|-supereffective|p1a: Rook
|-damage|p1a: Rook|0 fnt
|faint|p1a: Rook
|
|t:|1665367264
|switch|p2a: Landorus|Landorus-Therian, M|62/100|[from]move: Volt Switch
|
|-weather|Hail|[upkeep]
|-damage|p2a: Landorus|56/100|[from] Hail
|-heal|p2a: Landorus|62/100|[from] item: Leftovers
|upkeep
|
|t:|1665367266
|switch|p1a: Monarch|Ninetales-Alola, F|100/100
|turn|20
|
|t:|1665367272
|move|p1a: Monarch|Blizzard|p2a: Landorus
|-supereffective|p2a: Landorus
|-damage|p2a: Landorus|0 fnt
|faint|p2a: Landorus
|
|-weather|none
|upkeep
|
|t:|1665367275
|switch|p2a: Weavile|Weavile, M|100/100
|-ability|p2a: Weavile|Pressure
|turn|21
|
|t:|1665367278
|switch|p1a: Vesuvius|Heatran, M|41/100
|move|p2a: Weavile|Knock Off|p1a: Vesuvius
|-damage|p1a: Vesuvius|6/100
|
|upkeep
|turn|22
|
|t:|1665367283
|move|p2a: Weavile|Knock Off|p1a: Vesuvius
|-damage|p1a: Vesuvius|0 fnt
|-status|p2a: Weavile|brn|[from] ability: Flame Body|[of] p1a: Vesuvius
|faint|p1a: Vesuvius
|
|-damage|p2a: Weavile|94/100 brn|[from] brn
|upkeep
|
|t:|1665367284
|switch|p1a: Monarch|Ninetales-Alola, F|100/100
|-weather|Hail|[from] ability: Snow Warning|[of] p1a: Monarch
|turn|23
|
|t:|1665367289
|move|p2a: Weavile|Knock Off|p1a: Monarch
|-resisted|p1a: Monarch
|-damage|p1a: Monarch|69/100
|-enditem|p1a: Monarch|Choice Specs|[from] move: Knock Off|[of] p2a: Weavile
|move|p1a: Monarch|Moonblast|p2a: Weavile
|-supereffective|p2a: Weavile
|-crit|p2a: Weavile
|-damage|p2a: Weavile|0 fnt
|faint|p2a: Weavile
|
|-weather|Hail|[upkeep]
|upkeep
|
|t:|1665367294
|switch|p2a: Kartana|Kartana, shiny|63/100
|turn|24
|
|t:|1665367309
|switch|p1a: Cat|Volcanion|100/100
|move|p2a: Kartana|Leaf Blade|p1a: Cat
|-crit|p1a: Cat
|-damage|p1a: Cat|9/100
|
|-weather|Hail|[upkeep]
|-damage|p2a: Kartana|57/100|[from] Hail
|-damage|p1a: Cat|3/100|[from] Hail
|upkeep
|turn|25
|
|t:|1665367319
|move|p2a: Kartana|Leaf Blade|p1a: Cat
|-damage|p1a: Cat|0 fnt
|faint|p1a: Cat
|-ability|p2a: Kartana|Beast Boost|boost
|-boost|p2a: Kartana|atk|1
|
|-weather|Hail|[upkeep]
|-damage|p2a: Kartana|51/100|[from] Hail
|upkeep
|
|t:|1665367320
|switch|p1a: Monarch|Ninetales-Alola, F|69/100
|turn|26
|
|t:|1665367322
|move|p2a: Kartana|Leaf Blade|p1a: Monarch
|-damage|p1a: Monarch|0 fnt
|faint|p1a: Monarch
|
|win|x wing fighter
|n|☆BigBootyBuddha7|bigbootybuddha7
|n|☆x wing fighter|xwingfighter
|n| stainedMorph!|stainedmorph
|c|☆x wing fighter|gg
|c|☆BigBootyBuddha7|gg
