|j|☆RCRover
|j|☆Run For Me Plz
|t:|1662446772
|gametype|singles
|player|p1|RCRover|leon-tower|1513
|player|p2|Run For Me Plz|blue-gen2|1568
|teamsize|p1|6
|teamsize|p2|6
|gen|8
|tier|[Gen 8] OU
|rated|
|rule|Sleep Clause Mod: Limit one foe put to sleep
|rule|Species Clause: Limit one of each Pokémon
|rule|OHKO Clause: OHKO moves are banned
|rule|Evasion Items Clause: Evasion items are banned
|rule|Evasion Moves Clause: Evasion moves are banned
|rule|Endless Battle Clause: Forcing endless battles is banned
|rule|HP Percentage Mod: HP is shown in percentages
|rule|Dynamax Clause: You cannot dynamax
|clearpoke
|poke|p1|Ferrothorn, M|
|poke|p1|Landorus-Therian, M|
|poke|p1|Heatran, M|
|poke|p1|Tapu Fini|
|poke|p1|Dragapult, M|
|poke|p1|Tornadus-Therian, M|
|poke|p2|Weavile, M|
|poke|p2|Slowbro, M|
|poke|p2|Aegislash, F|
|poke|p2|Slowking-Galar, M|
|poke|p2|Landorus-Therian, M|
|poke|p2|Buzzwole|
|teampreview
|inactive|Battle timer is ON: inactive players will automatically lose when time's up. (requested by Run For Me Plz)
|inactive|RCRover has 120 seconds left.
|
|t:|1662446810
|start
|switch|p1a: Landorus|Landorus-Therian, M|100/100
|switch|p2a: Weavile|Weavile, M|100/100
|-ability|p2a: Weavile|Pressure
|-ability|p1a: Landorus|Intimidate|boost
|-unboost|p2a: Weavile|atk|1
|turn|1
|
|t:|1662446835
|switch|p1a: Ferrothorn|Ferrothorn, M|100/100
|move|p2a: Weavile|Low Kick|p1a: Ferrothorn
|-supereffective|p1a: Ferrothorn
|-damage|p1a: Ferrothorn|59/100
|-damage|p2a: Weavile|88/100|[from] ability: Iron Barbs|[of] p1a: Ferrothorn
|
|-heal|p1a: Ferrothorn|65/100|[from] item: Leftovers
|upkeep
|turn|2
|
|t:|1662446844
|switch|p2a: Landorus|Landorus-Therian, M|100/100
|-ability|p2a: Landorus|Intimidate|boost
|-unboost|p1a: Ferrothorn|atk|1
|move|p1a: Ferrothorn|Leech Seed|p2a: Landorus
|-start|p2a: Landorus|move: Leech Seed
|
|-heal|p1a: Ferrothorn|72/100|[from] item: Leftovers
|-damage|p2a: Landorus|88/100|[from] Leech Seed|[of] p1a: Ferrothorn
|-heal|p1a: Ferrothorn|85/100|[silent]
|upkeep
|turn|3
|
|t:|1662446849
|switch|p2a: Slowking|Slowking-Galar, M|100/100
|move|p1a: Ferrothorn|Knock Off|p2a: Slowking
|-supereffective|p2a: Slowking
|-damage|p2a: Slowking|72/100
|-enditem|p2a: Slowking|Assault Vest|[from] move: Knock Off|[of] p1a: Ferrothorn
|
|-heal|p1a: Ferrothorn|91/100|[from] item: Leftovers
|upkeep
|turn|4
|
|t:|1662446855
|switch|p1a: Dragapult|Dragapult, M|100/100
|move|p2a: Slowking|Flamethrower|p1a: Dragapult
|-resisted|p1a: Dragapult
|-crit|p1a: Dragapult
|-damage|p1a: Dragapult|79/100
|
|upkeep
|turn|5
|
|t:|1662446863
|switch|p2a: Landorus|Landorus-Therian, M|88/100
|-ability|p2a: Landorus|Intimidate|boost
|-unboost|p1a: Dragapult|atk|1
|move|p1a: Dragapult|Shadow Ball|p2a: Landorus
|-damage|p2a: Landorus|52/100
|
|-heal|p2a: Landorus|59/100|[from] item: Leftovers
|upkeep
|turn|6
|
|t:|1662446868
|switch|p1a: Landorus|Landorus-Therian, M|100/100
|-ability|p1a: Landorus|Intimidate|boost
|-unboost|p2a: Landorus|atk|1
|move|p2a: Landorus|Stealth Rock|p1a: Landorus
|-sidestart|p1: RCRover|move: Stealth Rock
|
|-heal|p2a: Landorus|65/100|[from] item: Leftovers
|upkeep
|turn|7
|
|t:|1662446871
|move|p1a: Landorus|Stealth Rock|p2a: Landorus
|-sidestart|p2: Run For Me Plz|move: Stealth Rock
|move|p2a: Landorus|Toxic|p1a: Landorus
|-status|p1a: Landorus|tox
|
|-heal|p2a: Landorus|71/100|[from] item: Leftovers
|-damage|p1a: Landorus|94/100 tox|[from] psn
|upkeep
|turn|8
|
|t:|1662446876
|move|p1a: Landorus|Toxic|p2a: Landorus
|-status|p2a: Landorus|tox
|move|p2a: Landorus|Earthquake|p1a: Landorus
|-immune|p1a: Landorus
|
|-heal|p1a: Landorus|100/100 tox|[from] item: Leftovers
|-heal|p2a: Landorus|77/100 tox|[from] item: Leftovers
|-damage|p1a: Landorus|88/100 tox|[from] psn
|-damage|p2a: Landorus|71/100 tox|[from] psn
|upkeep
|turn|9
|
|t:|1662446880
|switch|p2a: Slowbro|Slowbro, M|100/100
|move|p1a: Landorus|U-turn|p2a: Slowbro
|-supereffective|p2a: Slowbro
|-damage|p2a: Slowbro|75/100
|
|t:|1662446886
|switch|p1a: Dragapult|Dragapult, M|79/100|[from]move: U-turn
|-damage|p1a: Dragapult|66/100|[from] Stealth Rock
|
|upkeep
|turn|10
|
|t:|1662446914
|switch|p2a: Slowking|Slowking-Galar, M|100/100
|-damage|p2a: Slowking|88/100|[from] Stealth Rock
|move|p1a: Dragapult|Shadow Ball|p2a: Slowking
|-supereffective|p2a: Slowking
|-damage|p2a: Slowking|25/100
|-unboost|p2a: Slowking|spd|1
|
|upkeep
|turn|11
|
|t:|1662446922
|switch|p2a: Landorus|Landorus-Therian, M|71/100 tox
|-damage|p2a: Landorus|58/100 tox|[from] Stealth Rock
|-ability|p2a: Landorus|Intimidate|boost
|-unboost|p1a: Dragapult|atk|1
|move|p1a: Dragapult|Shadow Ball|p2a: Landorus
|-damage|p2a: Landorus|19/100 tox
|
|-heal|p2a: Landorus|25/100 tox|[from] item: Leftovers
|-damage|p2a: Landorus|19/100 tox|[from] psn
|upkeep
|turn|12
|
|t:|1662446926
|move|p1a: Dragapult|Shadow Ball|p2a: Landorus
|-damage|p2a: Landorus|0 fnt
|faint|p2a: Landorus
|
|upkeep
|
|t:|1662446930
|switch|p2a: Weavile|Weavile, M|88/100
|-damage|p2a: Weavile|63/100|[from] Stealth Rock
|-ability|p2a: Weavile|Pressure
|turn|13
|
|t:|1662446936
|switch|p1a: Ferrothorn|Ferrothorn, M|91/100
|-damage|p1a: Ferrothorn|85/100|[from] Stealth Rock
|move|p2a: Weavile|Knock Off|p1a: Ferrothorn
|-damage|p1a: Ferrothorn|40/100
|-damage|p2a: Weavile|51/100|[from] ability: Iron Barbs|[of] p1a: Ferrothorn
|-enditem|p1a: Ferrothorn|Leftovers|[from] move: Knock Off|[of] p2a: Weavile
|
|upkeep
|turn|14
|
|t:|1662446943
|switch|p2a: Slowbro|Slowbro, M|100/100
|move|p1a: Ferrothorn|Leech Seed|p2a: Slowbro
|-start|p2a: Slowbro|move: Leech Seed
|
|-damage|p2a: Slowbro|88/100|[from] Leech Seed|[of] p1a: Ferrothorn
|-heal|p1a: Ferrothorn|54/100|[silent]
|upkeep
|turn|15
|
|t:|1662446956
|move|p1a: Ferrothorn|Spikes|p2a: Slowbro
|-sidestart|p2: Run For Me Plz|Spikes
|move|p2a: Slowbro|Teleport|p2a: Slowbro
|
|t:|1662446963
|switch|p2a: Weavile|Weavile, M|51/100|[from]move: Teleport
|-damage|p2a: Weavile|26/100|[from] Stealth Rock
|-damage|p2a: Weavile|13/100|[from] Spikes
|-ability|p2a: Weavile|Pressure
|
|upkeep
|turn|16
|
|t:|1662446970
|switch|p1a: Landorus|Landorus-Therian, M|88/100 tox
|-damage|p1a: Landorus|76/100 tox|[from] Stealth Rock
|-ability|p1a: Landorus|Intimidate|boost
|-unboost|p2a: Weavile|atk|1
|move|p2a: Weavile|Low Kick|p1a: Landorus
|-resisted|p1a: Landorus
|-damage|p1a: Landorus|66/100 tox
|
|-heal|p1a: Landorus|72/100 tox|[from] item: Leftovers
|-damage|p1a: Landorus|66/100 tox|[from] psn
|upkeep
|turn|17
|
|t:|1662446980
|move|p2a: Weavile|Low Kick|p1a: Landorus
|-resisted|p1a: Landorus
|-damage|p1a: Landorus|56/100 tox
|move|p1a: Landorus|U-turn|p2a: Weavile
|-supereffective|p2a: Weavile
|-damage|p2a: Weavile|0 fnt
|faint|p2a: Weavile
|-message|Run For Me Plz forfeited.
|
|win|RCRover
|raw|RCRover's rating: 1513 &rarr; <strong>1536</strong><br />(+23 for winning)
|raw|Run For Me Plz's rating: 1568 &rarr; <strong>1545</strong><br />(-23 for losing)
|l|☆Run For Me Plz
