|j|☆MrAcido
|j|☆cump3
|t:|1658687877
|gametype|singles
|player|p1|MrAcido|pryce|1533
|player|p2|cump3|doctor|1516
|teamsize|p1|6
|teamsize|p2|6
|gen|8
|tier|[Gen 8] OU
|rated|
|rule|Sleep Clause Mod: Limit one foe put to sleep
|rule|Species Clause: Limit one of each Pokémon
|rule|OHKO Clause: OHKO moves are banned
|rule|Evasion Moves Clause: Evasion moves are banned
|rule|Endless Battle Clause: Forcing endless battles is banned
|rule|HP Percentage Mod: HP is shown in percentages
|rule|Dynamax Clause: You cannot dynamax
|clearpoke
|poke|p1|Rotom-Wash|
|poke|p1|Weavile, F|
|poke|p1|Landorus-Therian, M|
|poke|p1|Heatran, M|
|poke|p1|Tangrowth, M|
|poke|p1|Melmetal|
|poke|p2|Ferrothorn, F|
|poke|p2|Tornadus-Therian, M|
|poke|p2|Slowking, M|
|poke|p2|Urshifu-*, F|
|poke|p2|Porygon-Z|
|poke|p2|Landorus-Therian, M|
|teampreview
|c|☆MrAcido|gl hf
|
|t:|1658687881
|start
|switch|p1a: landorustherian|Landorus-Therian, M|100/100
|switch|p2a: Landorus|Landorus-Therian, M|100/100
|-ability|p2a: Landorus|Intimidate|boost
|-unboost|p1a: landorustherian|atk|1
|-ability|p1a: landorustherian|Intimidate|boost
|-unboost|p2a: Landorus|atk|1
|turn|1
|inactive|Battle timer is ON: inactive players will automatically lose when time's up. (requested by MrAcido)
|c|☆cump3|u2
|
|t:|1658687886
|switch|p1a: Melmetal|Melmetal|100/100
|move|p2a: Landorus|U-turn|p1a: Melmetal
|-resisted|p1a: Melmetal
|-damage|p1a: Melmetal|96/100
|
|t:|1658687890
|switch|p2a: Urshifu|Urshifu-Rapid-Strike, F|100/100|[from]move: U-turn
|
|upkeep
|turn|2
|
|t:|1658687891
|switch|p1a: Tangrowth|Tangrowth, M|100/100
|move|p2a: Urshifu|U-turn|p1a: Tangrowth
|-supereffective|p1a: Tangrowth
|-damage|p1a: Tangrowth|73/100
|
|t:|1658687895
|switch|p2a: Porygon-Z|Porygon-Z, shiny|100/100|[from]move: U-turn
|-ability|p2a: Porygon-Z|Download|boost
|-boost|p2a: Porygon-Z|spa|1
|
|upkeep
|turn|3
|
|t:|1658687900
|switch|p1a: Melmetal|Melmetal|96/100
|move|p2a: Porygon-Z|Thunderbolt|p1a: Melmetal
|-damage|p1a: Melmetal|51/100
|
|upkeep
|turn|4
|
|t:|1658687903
|switch|p2a: Ferrothorn|Ferrothorn, F|100/100
|move|p1a: Melmetal|Ice Punch|p2a: Ferrothorn
|-damage|p2a: Ferrothorn|82/100
|-damage|p1a: Melmetal|39/100|[from] ability: Iron Barbs|[of] p2a: Ferrothorn
|-damage|p1a: Melmetal|22/100|[from] item: Rocky Helmet|[of] p2a: Ferrothorn
|
|upkeep
|turn|5
|
|t:|1658687909
|switch|p1a: landorustherian|Landorus-Therian, M|100/100
|-ability|p1a: landorustherian|Intimidate|boost
|-unboost|p2a: Ferrothorn|atk|1
|switch|p2a: Tornadus|Tornadus-Therian, M, shiny|100/100
|
|upkeep
|turn|6
|
|t:|1658687913
|switch|p1a: Heatran|Heatran, M|100/100
|-item|p1a: Heatran|Air Balloon
|move|p2a: Tornadus|Taunt|p1a: Heatran
|-start|p1a: Heatran|move: Taunt
|
|upkeep
|turn|7
|
|t:|1658687920
|switch|p2a: Slowking|Slowking, M, shiny|100/100
|move|p1a: Heatran|Magma Storm|p2a: Slowking
|-resisted|p2a: Slowking
|-crit|p2a: Slowking
|-damage|p2a: Slowking|76/100
|-activate|p2a: Slowking|move: Magma Storm|[of] p1a: Heatran
|
|-damage|p2a: Slowking|64/100|[from] move: Magma Storm|[partiallytrapped]
|upkeep
|turn|8
|
|t:|1658687921
|switch|p1a: rotomwash|Rotom-Wash|100/100
|move|p2a: Slowking|Scald|p1a: rotomwash
|-resisted|p1a: rotomwash
|-damage|p1a: rotomwash|86/100
|
|-heal|p1a: rotomwash|92/100|[from] item: Leftovers
|-end|p2a: Slowking|Magma Storm|[partiallytrapped]|[silent]
|upkeep
|turn|9
|
|t:|1658687924
|move|p1a: rotomwash|Nasty Plot|p1a: rotomwash
|-boost|p1a: rotomwash|spa|2
|move|p2a: Slowking|Toxic|p1a: rotomwash
|-status|p1a: rotomwash|tox
|
|-heal|p1a: rotomwash|98/100 tox|[from] item: Leftovers
|-damage|p1a: rotomwash|92/100 tox|[from] psn
|upkeep
|turn|10
|
|t:|1658687926
|switch|p2a: Landorus|Landorus-Therian, M|100/100
|-ability|p2a: Landorus|Intimidate|boost
|-unboost|p1a: rotomwash|atk|1
|move|p1a: rotomwash|Thunderbolt|p2a: Landorus
|-immune|p2a: Landorus
|
|-heal|p1a: rotomwash|98/100 tox|[from] item: Leftovers
|-damage|p1a: rotomwash|86/100 tox|[from] psn
|upkeep
|turn|11
|
|t:|1658687930
|switch|p1a: Heatran|Heatran, M|100/100
|-item|p1a: Heatran|Air Balloon
|move|p2a: Landorus|U-turn|p1a: Heatran
|-resisted|p1a: Heatran
|-damage|p1a: Heatran|95/100
|-enditem|p1a: Heatran|Air Balloon
|
|t:|1658687933
|switch|p2a: Urshifu|Urshifu-Rapid-Strike, F|100/100|[from]move: U-turn
|
|upkeep
|turn|12
|
|t:|1658687935
|switch|p1a: Tangrowth|Tangrowth, M|100/100
|move|p2a: Urshifu|Close Combat|p1a: Tangrowth
|-damage|p1a: Tangrowth|64/100
|-unboost|p2a: Urshifu|def|1
|-unboost|p2a: Urshifu|spd|1
|
|upkeep
|turn|13
|
|t:|1658687937
|move|p2a: Urshifu|U-turn|p1a: Tangrowth
|-supereffective|p1a: Tangrowth
|-damage|p1a: Tangrowth|36/100
|
|t:|1658687939
|switch|p2a: Tornadus|Tornadus-Therian, M, shiny|100/100|[from]move: U-turn
|move|p1a: Tangrowth|Giga Drain|p2a: Tornadus
|-resisted|p2a: Tornadus
|-damage|p2a: Tornadus|87/100
|-heal|p1a: Tangrowth|42/100|[from] drain|[of] p2a: Tornadus
|
|upkeep
|turn|14
|
|t:|1658687942
|switch|p1a: Heatran|Heatran, M|95/100
|move|p2a: Tornadus|Taunt|p1a: Heatran
|-start|p1a: Heatran|move: Taunt
|
|upkeep
|turn|15
|
|t:|1658687945
|switch|p2a: Slowking|Slowking, M, shiny|97/100
|move|p1a: Heatran|Magma Storm|p2a: Slowking|[miss]
|-miss|p1a: Heatran|p2a: Slowking
|
|upkeep
|turn|16
|
|t:|1658687947
|switch|p1a: Tangrowth|Tangrowth, M|75/100
|move|p2a: Slowking|Scald|p1a: Tangrowth
|-resisted|p1a: Tangrowth
|-damage|p1a: Tangrowth|55/100
|
|upkeep
|turn|17
|
|t:|1658687948
|move|p1a: Tangrowth|Giga Drain|p2a: Slowking
|-supereffective|p2a: Slowking
|-damage|p2a: Slowking|64/100
|-heal|p1a: Tangrowth|71/100|[from] drain|[of] p2a: Slowking
|move|p2a: Slowking|Toxic|p1a: Tangrowth
|-status|p1a: Tangrowth|tox
|
|-damage|p1a: Tangrowth|64/100 tox|[from] psn
|upkeep
|turn|18
|
|t:|1658687950
|switch|p1a: rotomwash|Rotom-Wash|86/100 tox
|move|p2a: Slowking|Teleport|p2a: Slowking
|
|t:|1658687953
|switch|p2a: Porygon-Z|Porygon-Z, shiny|100/100|[from]move: Teleport
|-ability|p2a: Porygon-Z|Download|boost
|-boost|p2a: Porygon-Z|spa|1
|
|-heal|p1a: rotomwash|92/100 tox|[from] item: Leftovers
|-damage|p1a: rotomwash|86/100 tox|[from] psn
|upkeep
|turn|19
|
|t:|1658687956
|switch|p1a: Melmetal|Melmetal|22/100
|move|p2a: Porygon-Z|Tri Attack|p1a: Melmetal
|-resisted|p1a: Melmetal
|-damage|p1a: Melmetal|0 fnt
|faint|p1a: Melmetal
|
|upkeep
|
|t:|1658687956
|switch|p1a: Weavile|Weavile, F|100/100
|-ability|p1a: Weavile|Pressure
|turn|20
|
|t:|1658687960
|switch|p2a: Ferrothorn|Ferrothorn, F|82/100
|move|p1a: Weavile|Knock Off|p2a: Ferrothorn
|-damage|p2a: Ferrothorn|38/100
|-damage|p1a: Weavile|88/100|[from] ability: Iron Barbs|[of] p2a: Ferrothorn
|-damage|p1a: Weavile|72/100|[from] item: Rocky Helmet|[of] p2a: Ferrothorn
|-enditem|p2a: Ferrothorn|Rocky Helmet|[from] move: Knock Off|[of] p1a: Weavile
|
|upkeep
|turn|21
|
|t:|1658687964
|switch|p1a: landorustherian|Landorus-Therian, M|100/100
|-ability|p1a: landorustherian|Intimidate|boost
|-unboost|p2a: Ferrothorn|atk|1
|move|p2a: Ferrothorn|Stealth Rock|p1a: landorustherian
|-sidestart|p1: MrAcido|move: Stealth Rock
|
|upkeep
|turn|22
|
|t:|1658687966
|move|p1a: landorustherian|Defog|p2a: Ferrothorn
|-unboost|p2a: Ferrothorn|evasion|1
|-sideend|p1: MrAcido|Stealth Rock|[from] move: Defog|[of] p1a: landorustherian
|move|p2a: Ferrothorn|Leech Seed|p1a: landorustherian
|-start|p1a: landorustherian|move: Leech Seed
|
|-damage|p1a: landorustherian|88/100|[from] Leech Seed|[of] p2a: Ferrothorn
|-heal|p2a: Ferrothorn|51/100|[silent]
|upkeep
|turn|23
|
|t:|1658687967
|move|p1a: landorustherian|U-turn|p2a: Ferrothorn
|-damage|p2a: Ferrothorn|38/100
|-damage|p1a: landorustherian|76/100|[from] ability: Iron Barbs|[of] p2a: Ferrothorn
|
|t:|1658687967
|switch|p1a: Heatran|Heatran, M|95/100|[from]move: U-turn
|move|p2a: Ferrothorn|Stealth Rock|p1a: Heatran
|-sidestart|p1: MrAcido|move: Stealth Rock
|
|upkeep
|turn|24
|
|t:|1658687970
|switch|p2a: Urshifu|Urshifu-Rapid-Strike, F|100/100
|move|p1a: Heatran|Eruption|p2a: Urshifu
|-resisted|p2a: Urshifu
|-damage|p2a: Urshifu|43/100
|
|upkeep
|turn|25
|
|t:|1658687976
|switch|p1a: Tangrowth|Tangrowth, M|98/100 tox
|-damage|p1a: Tangrowth|85/100 tox|[from] Stealth Rock
|move|p2a: Urshifu|Close Combat|p1a: Tangrowth
|-damage|p1a: Tangrowth|48/100 tox
|-unboost|p2a: Urshifu|def|1
|-unboost|p2a: Urshifu|spd|1
|
|-damage|p1a: Tangrowth|42/100 tox|[from] psn
|upkeep
|turn|26
|
|t:|1658687980
|move|p2a: Urshifu|U-turn|p1a: Tangrowth
|-supereffective|p1a: Tangrowth
|-damage|p1a: Tangrowth|11/100 tox
|
|t:|1658687982
|switch|p2a: Ferrothorn|Ferrothorn, F|38/100|[from]move: U-turn
|move|p1a: Tangrowth|Giga Drain|p2a: Ferrothorn
|-resisted|p2a: Ferrothorn
|-damage|p2a: Ferrothorn|32/100
|-heal|p1a: Tangrowth|14/100 tox|[from] drain|[of] p2a: Ferrothorn
|
|-damage|p1a: Tangrowth|1/100 tox|[from] psn
|upkeep
|turn|27
|
|t:|1658687986
|switch|p2a: Slowking|Slowking, M, shiny|98/100
|move|p1a: Tangrowth|Focus Blast|p2a: Slowking
|-resisted|p2a: Slowking
|-damage|p2a: Slowking|88/100
|
|-damage|p1a: Tangrowth|0 fnt|[from] psn
|faint|p1a: Tangrowth
|upkeep
|
|t:|1658687986
|switch|p1a: rotomwash|Rotom-Wash|86/100 tox
|-damage|p1a: rotomwash|73/100 tox|[from] Stealth Rock
|turn|28
|
|t:|1658687990
|move|p1a: rotomwash|Thunderbolt|p2a: Slowking
|-supereffective|p2a: Slowking
|-damage|p2a: Slowking|47/100
|move|p2a: Slowking|Teleport|p2a: Slowking
|
|t:|1658687993
|switch|p2a: Landorus|Landorus-Therian, M|100/100|[from]move: Teleport
|-ability|p2a: Landorus|Intimidate|boost
|-unboost|p1a: rotomwash|atk|1
|
|-heal|p1a: rotomwash|79/100 tox|[from] item: Leftovers
|-damage|p1a: rotomwash|73/100 tox|[from] psn
|upkeep
|turn|29
|
|t:|1658687996
|move|p2a: Landorus|U-turn|p1a: rotomwash
|-damage|p1a: rotomwash|44/100 tox
|
|t:|1658687998
|switch|p2a: Slowking|Slowking, M, shiny|80/100|[from]move: U-turn
|move|p1a: rotomwash|Hydro Pump|p2a: Slowking|[miss]
|-miss|p1a: rotomwash|p2a: Slowking
|
|-heal|p1a: rotomwash|50/100 tox|[from] item: Leftovers
|-damage|p1a: rotomwash|38/100 tox|[from] psn
|upkeep
|turn|30
|
|t:|1658688001
|move|p1a: rotomwash|Thunderbolt|p2a: Slowking
|-supereffective|p2a: Slowking
|-damage|p2a: Slowking|37/100
|-status|p2a: Slowking|par
|cant|p2a: Slowking|par
|
|-heal|p1a: rotomwash|44/100 tox|[from] item: Leftovers
|-damage|p1a: rotomwash|25/100 tox|[from] psn
|upkeep
|turn|31
|
|t:|1658688002
|switch|p2a: Landorus|Landorus-Therian, M|100/100
|-ability|p2a: Landorus|Intimidate|boost
|-unboost|p1a: rotomwash|atk|1
|move|p1a: rotomwash|Thunderbolt|p2a: Landorus
|-immune|p2a: Landorus
|
|-heal|p1a: rotomwash|31/100 tox|[from] item: Leftovers
|-damage|p1a: rotomwash|6/100 tox|[from] psn
|upkeep
|turn|32
|
|t:|1658688004
|move|p2a: Landorus|U-turn|p1a: rotomwash
|-damage|p1a: rotomwash|0 fnt
|faint|p1a: rotomwash
|
|t:|1658688005
|switch|p2a: Slowking|Slowking, M, shiny|70/100 par|[from]move: U-turn
|
|upkeep
|
|t:|1658688005
|switch|p1a: Heatran|Heatran, M|95/100
|-damage|p1a: Heatran|82/100|[from] Stealth Rock
|turn|33
|
|t:|1658688007
|move|p1a: Heatran|Magma Storm|p2a: Slowking
|-resisted|p2a: Slowking
|-damage|p2a: Slowking|56/100 par
|-activate|p2a: Slowking|move: Magma Storm|[of] p1a: Heatran
|move|p2a: Slowking|Scald|p1a: Heatran
|-supereffective|p1a: Heatran
|-damage|p1a: Heatran|24/100
|
|-damage|p2a: Slowking|43/100 par|[from] move: Magma Storm|[partiallytrapped]
|upkeep
|turn|34
|
|t:|1658688009
|move|p1a: Heatran|Magma Storm|p2a: Slowking
|-resisted|p2a: Slowking
|-damage|p2a: Slowking|29/100 par
|move|p2a: Slowking|Scald|p1a: Heatran
|-supereffective|p1a: Heatran
|-damage|p1a: Heatran|0 fnt
|faint|p1a: Heatran
|
|-end|p2a: Slowking|Magma Storm|[partiallytrapped]|[silent]
|upkeep
|
|t:|1658688009
|switch|p1a: Weavile|Weavile, F|72/100
|-damage|p1a: Weavile|47/100|[from] Stealth Rock
|-ability|p1a: Weavile|Pressure
|turn|35
|
|t:|1658688014
|move|p1a: Weavile|Triple Axel|p2a: Slowking
|-resisted|p2a: Slowking
|-damage|p2a: Slowking|21/100 par
|-resisted|p2a: Slowking
|-damage|p2a: Slowking|7/100 par
|-hitcount|p2a: Slowking|2
|move|p2a: Slowking|Scald|p1a: Weavile
|-damage|p1a: Weavile|9/100
|-status|p1a: Weavile|brn
|
|-damage|p1a: Weavile|3/100 brn|[from] brn
|upkeep
|turn|36
|
|t:|1658688016
|move|p1a: Weavile|Triple Axel|p2a: Slowking
|-resisted|p2a: Slowking
|-damage|p2a: Slowking|3/100 par
|-resisted|p2a: Slowking
|-damage|p2a: Slowking|0 fnt
|faint|p2a: Slowking
|-hitcount|p2: Slowking|2
|
|-damage|p1a: Weavile|0 fnt|[from] brn
|faint|p1a: Weavile
|upkeep
|
|t:|1658688019
|switch|p1a: landorustherian|Landorus-Therian, M|76/100
|switch|p2a: Urshifu|Urshifu-Rapid-Strike, F|43/100
|-damage|p1a: landorustherian|63/100|[from] Stealth Rock
|-ability|p1a: landorustherian|Intimidate|boost
|-unboost|p2a: Urshifu|atk|1
|turn|37
|
|t:|1658688021
|move|p2a: Urshifu|Surging Strikes|p1a: landorustherian
|-supereffective|p1a: landorustherian
|-crit|p1a: landorustherian
|-damage|p1a: landorustherian|19/100
|-supereffective|p1a: landorustherian
|-crit|p1a: landorustherian
|-damage|p1a: landorustherian|0 fnt
|faint|p1a: landorustherian
|-hitcount|p1: landorustherian|2
|
|win|cump3
|raw|MrAcido's rating: 1533 &rarr; <strong>1511</strong><br />(-22 for losing)
|raw|cump3's rating: 1493 &rarr; <strong>1515</strong><br />(+22 for winning)
|c|☆MrAcido|gg
