|j|☆ripreckful
|j|☆GLOCKED
|inactive|Battle timer is ON: inactive players will automatically lose when time's up.
|t:|1665122569
|gametype|singles
|player|p1|ripreckful|hilbert|
|player|p2|GLOCKED|lucy-gen3|
|teamsize|p1|6
|teamsize|p2|6
|gen|8
|tier|[Gen 8] OU
|rated|Tournament battle
|rule|Sleep Clause Mod: Limit one foe put to sleep
|rule|Species Clause: Limit one of each Pokémon
|rule|OHKO Clause: OHKO moves are banned
|rule|Evasion Items Clause: Evasion items are banned
|rule|Evasion Moves Clause: Evasion moves are banned
|rule|Endless Battle Clause: Forcing endless battles is banned
|rule|HP Percentage Mod: HP is shown in percentages
|rule|Dynamax Clause: You cannot dynamax
|clearpoke
|poke|p1|Hawlucha, F|
|poke|p1|Tapu Lele|
|poke|p1|Polteageist|
|poke|p1|Xatu, F|
|poke|p1|Blacephalon|
|poke|p1|Blaziken, F|
|poke|p2|Kartana|
|poke|p2|Rillaboom, M|
|poke|p2|Slurpuff, M|
|poke|p2|Flapple, M|
|poke|p2|Heatran, M|
|poke|p2|Landorus-Therian, M|
|teampreview
|inactive|ripreckful also wants the timer to be on.
|j|%Sww-Suwa
|c|☆ripreckful|hf
|
|t:|1665122578
|start
|switch|p1a: Tapu Lele|Tapu Lele|100/100
|switch|p2a: Rillaboom|Rillaboom, M|100/100
|-fieldstart|move: Psychic Terrain|[from] ability: Psychic Surge|[of] p1a: Tapu Lele
|-fieldstart|move: Grassy Terrain|[from] ability: Grassy Surge|[of] p2a: Rillaboom
|turn|1
|j| imcool77798
|
|t:|1665122585
|switch|p1a: Xatu|Xatu, F|100/100
|move|p2a: Rillaboom|U-turn|p1a: Xatu
|-damage|p1a: Xatu|62/100
|-enditem|p1a: Xatu|Eject Button
|
|t:|1665122588
|switch|p1a: Blaziken|Blaziken, F|100/100
|
|upkeep
|turn|2
|
|t:|1665122592
|switch|p2a: Landorus|Landorus-Therian, M|100/100
|-ability|p2a: Landorus|Intimidate|boost
|-unboost|p1a: Blaziken|atk|1
|move|p1a: Blaziken|Swords Dance|p1a: Blaziken
|-boost|p1a: Blaziken|atk|2
|
|-ability|p1a: Blaziken|Speed Boost|boost
|-boost|p1a: Blaziken|spe|1
|upkeep
|turn|3
|j| freerobuxman
|
|t:|1665122595
|move|p2a: Landorus|Earthquake|p1a: Blaziken
|-supereffective|p1a: Blaziken
|-damage|p1a: Blaziken|19/100
|move|p1a: Blaziken|Flare Blitz|p2a: Landorus
|-damage|p2a: Landorus|0 fnt
|faint|p2a: Landorus
|-damage|p1a: Blaziken|0 fnt|[from] Recoil
|faint|p1a: Blaziken
|
|upkeep
|
|t:|1665122603
|switch|p2a: Flapple|Flapple, M|100/100
|switch|p1a: Tapu Lele|Tapu Lele|100/100
|-fieldstart|move: Psychic Terrain|[from] ability: Psychic Surge|[of] p1a: Tapu Lele
|turn|4
|j| Begin Testing
|
|t:|1665122609
|switch|p2a: Heatran|Heatran, M|100/100
|move|p1a: Tapu Lele|Moonblast|p2a: Heatran
|-resisted|p2a: Heatran
|-damage|p2a: Heatran|92/100
|
|-heal|p2a: Heatran|98/100|[from] item: Leftovers
|upkeep
|turn|5
|
|t:|1665122611
|move|p1a: Tapu Lele|Focus Blast|p2a: Heatran
|-supereffective|p2a: Heatran
|-damage|p2a: Heatran|40/100
|move|p2a: Heatran|Magma Storm|p1a: Tapu Lele
|-damage|p1a: Tapu Lele|63/100
|-activate|p1a: Tapu Lele|move: Magma Storm|[of] p2a: Heatran
|
|-heal|p2a: Heatran|46/100|[from] item: Leftovers
|-damage|p1a: Tapu Lele|50/100|[from] move: Magma Storm|[partiallytrapped]
|upkeep
|turn|6
|
|t:|1665122615
|move|p2a: Heatran|Protect|p2a: Heatran
|-singleturn|p2a: Heatran|Protect
|move|p1a: Tapu Lele|Focus Blast|p2a: Heatran
|-activate|p2a: Heatran|move: Protect
|
|-heal|p2a: Heatran|53/100|[from] item: Leftovers
|-damage|p1a: Tapu Lele|38/100|[from] move: Magma Storm|[partiallytrapped]
|upkeep
|turn|7
|
|t:|1665122617
|move|p2a: Heatran|Protect||[still]
|-fail|p2a: Heatran
|move|p1a: Tapu Lele|Focus Blast|p2a: Heatran
|-supereffective|p2a: Heatran
|-damage|p2a: Heatran|0 fnt
|faint|p2a: Heatran
|
|-end|p1a: Tapu Lele|Magma Storm|[partiallytrapped]|[silent]
|upkeep
|
|t:|1665122622
|switch|p2a: Rillaboom|Rillaboom, M|100/100
|-fieldstart|move: Grassy Terrain|[from] ability: Grassy Surge|[of] p2a: Rillaboom
|turn|8
|
|t:|1665122626
|switch|p1a: Xatu|Xatu, F|62/100
|move|p2a: Rillaboom|U-turn|p1a: Xatu
|-damage|p1a: Xatu|26/100
|
|t:|1665122633
|switch|p2a: Flapple|Flapple, M|100/100|[from]move: U-turn
|
|upkeep
|turn|9
|
|t:|1665122638
|switch|p1a: Tapu Lele|Tapu Lele|38/100
|-fieldstart|move: Psychic Terrain|[from] ability: Psychic Surge|[of] p1a: Tapu Lele
|move|p2a: Flapple|U-turn|p1a: Tapu Lele
|-damage|p1a: Tapu Lele|0 fnt
|faint|p1a: Tapu Lele
|
|t:|1665122641
|switch|p2a: Rillaboom|Rillaboom, M|100/100|[from]move: U-turn
|-fieldstart|move: Grassy Terrain|[from] ability: Grassy Surge|[of] p2a: Rillaboom
|
|upkeep
|
|t:|1665122644
|switch|p1a: Hawlucha|Hawlucha, F|100/100
|turn|10
|j| gH0sT756
|
|t:|1665122651
|move|p1a: Hawlucha|Swords Dance|p1a: Hawlucha
|-boost|p1a: Hawlucha|atk|2
|move|p2a: Rillaboom|U-turn|p1a: Hawlucha
|-resisted|p1a: Hawlucha
|-damage|p1a: Hawlucha|92/100
|l| gH0sT756
|
|t:|1665122658
|switch|p2a: Slurpuff|Slurpuff, M|100/100|[from]move: U-turn
|-enditem|p2a: Slurpuff|Grassy Seed
|-boost|p2a: Slurpuff|def|1|[from] item: Grassy Seed
|
|upkeep
|turn|11
|
|t:|1665122664
|move|p2a: Slurpuff|Cotton Guard|p2a: Slurpuff
|-boost|p2a: Slurpuff|def|3
|move|p1a: Hawlucha|Acrobatics|p2a: Slurpuff
|-damage|p2a: Slurpuff|81/100
|
|-heal|p2a: Slurpuff|87/100|[from] Grassy Terrain
|upkeep
|turn|12
|
|t:|1665122669
|move|p2a: Slurpuff|Play Rough|p1a: Hawlucha
|-supereffective|p1a: Hawlucha
|-damage|p1a: Hawlucha|0 fnt
|faint|p1a: Hawlucha
|
|-heal|p2a: Slurpuff|93/100|[from] Grassy Terrain
|upkeep
|
|t:|1665122673
|switch|p1a: Polteageist|Polteageist|100/100
|turn|13
|
|t:|1665122678
|move|p2a: Slurpuff|Play Rough|p1a: Polteageist
|-damage|p1a: Polteageist|36/100
|-ability|p1a: Polteageist|Weak Armor|boost
|-unboost|p1a: Polteageist|def|1
|-boost|p1a: Polteageist|spe|2
|move|p1a: Polteageist|Shell Smash|p1a: Polteageist
|-unboost|p1a: Polteageist|def|1
|-unboost|p1a: Polteageist|spd|1
|-boost|p1a: Polteageist|atk|2
|-boost|p1a: Polteageist|spa|2
|-boost|p1a: Polteageist|spe|2
|
|-heal|p1a: Polteageist|42/100|[from] Grassy Terrain
|-heal|p2a: Slurpuff|99/100|[from] Grassy Terrain
|upkeep
|turn|14
|
|t:|1665122685
|move|p1a: Polteageist|Stored Power|p2a: Slurpuff
|-damage|p2a: Slurpuff|0 fnt
|faint|p2a: Slurpuff
|
|-heal|p1a: Polteageist|48/100|[from] Grassy Terrain
|upkeep
|
|t:|1665122690
|switch|p2a: Rillaboom|Rillaboom, M|100/100
|turn|15
|
|t:|1665122695
|switch|p1a: Xatu|Xatu, F|26/100
|move|p2a: Rillaboom|Grassy Glide|p1a: Xatu
|-resisted|p1a: Xatu
|-damage|p1a: Xatu|0 fnt
|faint|p1a: Xatu
|
|upkeep
|
|t:|1665122696
|switch|p1a: Blacephalon|Blacephalon|100/100
|turn|16
|
|t:|1665122706
|move|p1a: Blacephalon|Flame Charge|p2a: Rillaboom
|-supereffective|p2a: Rillaboom
|-damage|p2a: Rillaboom|59/100
|-boost|p1a: Blacephalon|spe|1
|move|p2a: Rillaboom|Earthquake|p1a: Blacephalon
|-supereffective|p1a: Blacephalon
|-damage|p1a: Blacephalon|21/100
|
|-heal|p1a: Blacephalon|27/100|[from] Grassy Terrain
|-heal|p2a: Rillaboom|65/100|[from] Grassy Terrain
|-fieldend|move: Grassy Terrain
|upkeep
|turn|17
|
|t:|1665122712
|switch|p2a: Flapple|Flapple, M|100/100
|move|p1a: Blacephalon|Flamethrower|p2a: Flapple
|-damage|p2a: Flapple|7/100
|-status|p2a: Flapple|brn
|
|-damage|p2a: Flapple|1/100 brn|[from] brn
|upkeep
|turn|18
|
|t:|1665122715
|move|p2a: Flapple|Sucker Punch|p1a: Blacephalon|[miss]
|-miss|p2a: Flapple|p1a: Blacephalon
|move|p1a: Blacephalon|Flamethrower|p2a: Flapple
|-damage|p2a: Flapple|0 fnt
|faint|p2a: Flapple
|-ability|p1a: Blacephalon|Beast Boost|boost
|-boost|p1a: Blacephalon|spa|1
|
|upkeep
|
|t:|1665122717
|switch|p2a: Rillaboom|Rillaboom, M|65/100
|-fieldstart|move: Grassy Terrain|[from] ability: Grassy Surge|[of] p2a: Rillaboom
|turn|19
|
|t:|1665122718
|move|p2a: Rillaboom|Grassy Glide|p1a: Blacephalon
|-resisted|p1a: Blacephalon
|-damage|p1a: Blacephalon|0 fnt
|faint|p1a: Blacephalon
|
|-heal|p2a: Rillaboom|71/100|[from] Grassy Terrain
|upkeep
|c|☆ripreckful|gg
|
|t:|1665122722
|switch|p1a: Polteageist|Polteageist|48/100
|turn|20
|c|☆GLOCKED|gg
|
|t:|1665122726
|move|p2a: Rillaboom|Grassy Glide|p1a: Polteageist
|-damage|p1a: Polteageist|0 fnt
|faint|p1a: Polteageist
|
|win|GLOCKED
|n|☆ripreckful|ripreckful
|n|☆GLOCKED|glocked
|n| Sww-Suwa|swwsuwa
|n| imcool77798|imcool77798
|n| freerobuxman|freerobuxman
|n| Begin Testing|begintesting
