|j|☆Chikami
|j|☆c u soon boi
|t:|1647130979
|gametype|singles
|player|p1|Chikami|ethan|1702
|player|p2|c u soon boi|265|1691
|teamsize|p1|6
|teamsize|p2|6
|gen|8
|tier|[Gen 8] OU
|rated|
|rule|Sleep Clause Mod: Limit one foe put to sleep
|rule|Species Clause: Limit one of each Pokémon
|rule|OHKO Clause: OHKO moves are banned
|rule|Evasion Moves Clause: Evasion moves are banned
|rule|Endless Battle Clause: Forcing endless battles is banned
|rule|HP Percentage Mod: HP is shown in percentages
|rule|Dynamax Clause: You cannot dynamax
|clearpoke
|poke|p1|Garchomp, M|
|poke|p1|Urshifu-*, F|
|poke|p1|Melmetal|
|poke|p1|Regieleki|
|poke|p1|Landorus-Therian, M|
|poke|p1|Tapu Lele|
|poke|p2|Blaziken, M|
|poke|p2|Tapu Koko|
|poke|p2|Slowbro-Galar, M|
|poke|p2|Dragapult, M|
|poke|p2|Mew|
|poke|p2|Starmie|
|teampreview
|inactive|Battle timer is ON: inactive players will automatically lose when time's up. (requested by Chikami)
|j| MiFoSoKoKo
|
|t:|1647130988
|start
|switch|p1a: Urshifu|Urshifu-Rapid-Strike, F|100/100
|switch|p2a: Mew|Mew|100/100
|turn|1
|j| BabyPigsAreLaughin
|
|t:|1647130993
|move|p1a: Urshifu|Surging Strikes|p2a: Mew
|-crit|p2a: Mew
|-damage|p2a: Mew|82/100
|-crit|p2a: Mew
|-damage|p2a: Mew|64/100
|-crit|p2a: Mew
|-damage|p2a: Mew|47/100
|-hitcount|p2a: Mew|3
|move|p2a: Mew|Stealth Rock|p1a: Urshifu
|-sidestart|p1: Chikami|move: Stealth Rock
|
|upkeep
|turn|2
|
|t:|1647131001
|move|p1a: Urshifu|Surging Strikes|p2a: Mew
|-crit|p2a: Mew
|-damage|p2a: Mew|29/100
|-crit|p2a: Mew
|-damage|p2a: Mew|12/100
|-crit|p2a: Mew
|-damage|p2a: Mew|0 fnt
|faint|p2a: Mew
|-hitcount|p2: Mew|3
|
|upkeep
|
|t:|1647131008
|switch|p2a: Starmie|Starmie|100/100
|turn|3
|j| Ctannn
|
|t:|1647131020
|switch|p1a: Melmetal|Melmetal|100/100
|-damage|p1a: Melmetal|94/100|[from] Stealth Rock
|move|p2a: Starmie|Rapid Spin|p1a: Melmetal
|-resisted|p1a: Melmetal
|-damage|p1a: Melmetal|91/100
|-boost|p2a: Starmie|spe|1
|
|upkeep
|turn|4
|j| 0WithdrawalSyndrom
|
|t:|1647131031
|move|p2a: Starmie|Hydro Pump|p1a: Melmetal
|-damage|p1a: Melmetal|47/100
|move|p1a: Melmetal|Thunder Punch|p2a: Starmie
|-supereffective|p2a: Starmie
|-damage|p2a: Starmie|0 fnt
|faint|p2a: Starmie
|
|upkeep
|
|t:|1647131039
|switch|p2a: Dragapult|Dragapult, M|100/100
|turn|5
|c| 0WithdrawalSyndrom|ggs
|
|t:|1647131043
|move|p2a: Dragapult|Dragon Dance|p2a: Dragapult
|-boost|p2a: Dragapult|atk|1
|-boost|p2a: Dragapult|spe|1
|move|p1a: Melmetal|Double Iron Bash|p2a: Dragapult
|-crit|p2a: Dragapult
|-damage|p2a: Dragapult|7/100
|-damage|p2a: Dragapult|0 fnt
|faint|p2a: Dragapult
|-hitcount|p2: Dragapult|2
|
|upkeep
|
|t:|1647131051
|switch|p2a: Tapu Koko|Tapu Koko|100/100
|-fieldstart|move: Electric Terrain|[from] ability: Electric Surge|[of] p2a: Tapu Koko
|turn|6
|c| 0WithdrawalSyndrom|not choice
|
|t:|1647131057
|switch|p1a: Landorus|Landorus-Therian, M|100/100
|-damage|p1a: Landorus|88/100|[from] Stealth Rock
|-ability|p1a: Landorus|Intimidate|boost
|-unboost|p2a: Tapu Koko|atk|1
|move|p2a: Tapu Koko|Reflect|p2a: Tapu Koko
|-sidestart|p2: c u soon boi|Reflect
|
|upkeep
|turn|7
|
|t:|1647131066
|move|p2a: Tapu Koko|Taunt|p1a: Landorus
|-start|p1a: Landorus|move: Taunt
|cant|p1a: Landorus|move: Taunt|Stealth Rock
|
|upkeep
|turn|8
|
|t:|1647131071
|move|p2a: Tapu Koko|Light Screen|p2a: Tapu Koko
|-sidestart|p2: c u soon boi|move: Light Screen
|move|p1a: Landorus|Earthquake|p2a: Tapu Koko
|-supereffective|p2a: Tapu Koko
|-damage|p2a: Tapu Koko|42/100
|
|upkeep
|turn|9
|c| BabyPigsAreLaughin|Is this about to be a 6-0?
|
|t:|1647131076
|move|p2a: Tapu Koko|Taunt||[still]
|-fail|p2a: Tapu Koko
|move|p1a: Landorus|Earthquake|p2a: Tapu Koko
|-supereffective|p2a: Tapu Koko
|-damage|p2a: Tapu Koko|0 fnt
|faint|p2a: Tapu Koko
|
|-end|p1a: Landorus|move: Taunt
|upkeep
|c| 0WithdrawalSyndrom|yeah
|
|t:|1647131099
|switch|p2a: Blaziken|Blaziken, M|100/100
|turn|10
|c| 0WithdrawalSyndrom|aqua jet removes anyways
|
|t:|1647131107
|move|p2a: Blaziken|Flare Blitz|p1a: Landorus
|-damage|p1a: Landorus|30/100
|-damage|p2a: Blaziken|84/100|[from] item: Rocky Helmet|[of] p1a: Landorus
|-damage|p2a: Blaziken|60/100|[from] Recoil
|-damage|p2a: Blaziken|50/100|[from] item: Life Orb
|move|p1a: Landorus|Earthquake|p2a: Blaziken
|-supereffective|p2a: Blaziken
|-damage|p2a: Blaziken|0 fnt
|faint|p2a: Blaziken
|
|-fieldend|move: Electric Terrain
|upkeep
|
|t:|1647131117
|switch|p2a: Slowbro|Slowbro-Galar, M|100/100
|turn|11
|
|t:|1647131131
|switch|p1a: Urshifu|Urshifu-Rapid-Strike, F|100/100
|-damage|p1a: Urshifu|94/100|[from] Stealth Rock
|move|p2a: Slowbro|Nasty Plot|p2a: Slowbro
|-boost|p2a: Slowbro|spa|2
|
|upkeep
|turn|12
|-activate|p2a: Slowbro|ability: Quick Draw
|
|t:|1647131137
|move|p2a: Slowbro|Psychic|p1a: Urshifu
|-supereffective|p1a: Urshifu
|-damage|p1a: Urshifu|0 fnt
|faint|p1a: Urshifu
|
|upkeep
|c| 0WithdrawalSyndrom|oh
|
|t:|1647131148
|switch|p1a: Regieleki|Regieleki|100/100
|-damage|p1a: Regieleki|88/100|[from] Stealth Rock
|turn|13
|c| BabyPigsAreLaughin|Damn, no 6-0.
|
|t:|1647131152
|move|p1a: Regieleki|Light Screen|p1a: Regieleki
|-sidestart|p1: Chikami|move: Light Screen
|move|p2a: Slowbro|Psychic|p1a: Regieleki
|-damage|p1a: Regieleki|7/100
|
|-sideend|p2: c u soon boi|Reflect
|upkeep
|turn|14
|
|t:|1647131158
|move|p1a: Regieleki|Explosion|p2a: Slowbro
|-damage|p2a: Slowbro|42/100
|faint|p1a: Regieleki
|move|p2a: Slowbro|Psychic|p1: Regieleki|[notarget]
|-fail|p2a: Slowbro
|
|upkeep
|c| MiFoSoKoKo|zamn
|j| Nesnot
|j| Francesco Umbridge
|
|t:|1647131172
|switch|p1a: Tapu Lele|Tapu Lele|100/100
|-damage|p1a: Tapu Lele|88/100|[from] Stealth Rock
|-fieldstart|move: Psychic Terrain|[from] ability: Psychic Surge|[of] p1a: Tapu Lele
|turn|15
|-activate|p2a: Slowbro|ability: Quick Draw
|
|t:|1647131177
|move|p2a: Slowbro|Sludge Bomb|p1a: Tapu Lele
|-supereffective|p1a: Tapu Lele
|-damage|p1a: Tapu Lele|0 fnt
|faint|p1a: Tapu Lele
|
|-sideend|p2: c u soon boi|move: Light Screen
|upkeep
|c| Nesnot|He just buffed Psychic
|
|t:|1647131188
|switch|p1a: Garchomp|Garchomp, M|100/100
|-damage|p1a: Garchomp|94/100|[from] Stealth Rock
|turn|16
|-activate|p2a: Slowbro|ability: Quick Draw
|
|t:|1647131192
|move|p2a: Slowbro|Psychic|p1a: Garchomp
|-crit|p1a: Garchomp
|-damage|p1a: Garchomp|0 fnt
|faint|p1a: Garchomp
|
|upkeep
|c| Nesnot|So now we'll see this epic comeback
|c| Nesnot|YESSS
|c| 0WithdrawalSyndrom|100% luck
|
|t:|1647131201
|switch|p1a: Landorus|Landorus-Therian, M|30/100
|-damage|p1a: Landorus|18/100|[from] Stealth Rock
|-ability|p1a: Landorus|Intimidate|boost
|-unboost|p2a: Slowbro|atk|1
|turn|17
|c| BabyPigsAreLaughin|Is this about to be an epic comeback?
|c| Nesnot|I'm so hyped
|c| 0WithdrawalSyndrom|incredidble
|
|t:|1647131206
|move|p1a: Landorus|Earthquake|p2a: Slowbro
|-supereffective|p2a: Slowbro
|-damage|p2a: Slowbro|0 fnt
|faint|p2a: Slowbro
|
|win|Chikami
|raw|Chikami's rating: 1702 &rarr; <strong>1721</strong><br />(+19 for winning)
|raw|c u soon boi's rating: 1691 &rarr; <strong>1672</strong><br />(-19 for losing)
|l|☆Chikami
|l|☆c u soon boi
|c| Nesnot|:/
|l| Nesnot
|l| Ctannn
|c| MiFoSoKoKo|sedge
|l| 0WithdrawalSyndrom
|l| Francesco Umbridge
||Ladder isn't responding, score probably updated but might not have (Request timeout).
