|html|<div class="broadcast-blue"><strong>[Gen 8] OU is currently suspecting Melmetal! For information on how to participate check out the <a href="https://www.smogon.com/forums/threads/np-ss-ou-suspect-process-round-12-monster-mash.3709234/">suspect thread</a>.</strong></div>
|j|☆Turn 2
|j|☆ty-tyui↻
|t:|1665773663
|gametype|singles
|player|p1|Turn 2|roxie|1653
|player|p2|ty-tyui↻|beauty-masters|1613
|teamsize|p1|6
|teamsize|p2|6
|gen|8
|tier|[Gen 8] OU
|rated|
|rule|Sleep Clause Mod: Limit one foe put to sleep
|rule|Species Clause: Limit one of each Pokémon
|rule|OHKO Clause: OHKO moves are banned
|rule|Evasion Items Clause: Evasion items are banned
|rule|Evasion Moves Clause: Evasion moves are banned
|rule|Endless Battle Clause: Forcing endless battles is banned
|rule|HP Percentage Mod: HP is shown in percentages
|rule|Dynamax Clause: You cannot dynamax
|clearpoke
|poke|p1|Arctozolt|
|poke|p1|Magnezone|
|poke|p1|Ninetales-Alola, F|
|poke|p1|Swampert, M|
|poke|p1|Mandibuzz, F|
|poke|p1|Dragapult, M|
|poke|p2|Mienshao, M|
|poke|p2|Ninetales-Alola, F|
|poke|p2|Blacephalon|
|poke|p2|Landorus-Therian, M|
|poke|p2|Corviknight, F|
|poke|p2|Rotom-Wash|
|teampreview
|inactive|Battle timer is ON: inactive players will automatically lose when time's up. (requested by Turn 2)
|
|t:|1665773678
|start
|switch|p1a: Dragapult|Dragapult, M|100/100
|switch|p2a: Ninetales|Ninetales-Alola, F|100/100
|-weather|Hail|[from] ability: Snow Warning|[of] p2a: Ninetales
|turn|1
|
|t:|1665773686
|switch|p2a: Rotom|Rotom-Wash|100/100
|move|p1a: Dragapult|Steel Wing|p2a: Rotom
|-resisted|p2a: Rotom
|-crit|p2a: Rotom
|-damage|p2a: Rotom|87/100
|
|-weather|Hail|[upkeep]
|-damage|p1a: Dragapult|95/100|[from] Hail
|-damage|p2a: Rotom|80/100|[from] Hail
|-heal|p2a: Rotom|87/100|[from] item: Leftovers
|upkeep
|turn|2
|
|t:|1665773697
|switch|p1a: Swampert|Swampert, M|100/100
|switch|p2a: Ninetales|Ninetales-Alola, F|100/100
|
|-weather|Hail|[upkeep]
|-damage|p1a: Swampert|94/100|[from] Hail
|-heal|p1a: Swampert|100/100|[from] item: Leftovers
|upkeep
|turn|3
|
|t:|1665773707
|move|p2a: Ninetales|Freeze-Dry|p1a: Swampert
|-supereffective|p1a: Swampert
|-damage|p1a: Swampert|2/100
|move|p1a: Swampert|Flip Turn|p2a: Ninetales
|-damage|p2a: Ninetales|65/100
|
|t:|1665773715
|switch|p1a: Arctozolt|Arctozolt|100/100|[from]move: Flip Turn
|
|-weather|Hail|[upkeep]
|upkeep
|turn|4
|
|t:|1665773722
|switch|p2a: Landorus|Landorus-Therian, M|100/100
|-ability|p2a: Landorus|Intimidate|boost
|-unboost|p1a: Arctozolt|atk|1
|move|p1a: Arctozolt|Substitute|p1a: Arctozolt
|-start|p1a: Arctozolt|Substitute
|-damage|p1a: Arctozolt|76/100
|
|-weather|Hail|[upkeep]
|-damage|p2a: Landorus|94/100|[from] Hail
|-heal|p2a: Landorus|100/100|[from] item: Leftovers
|upkeep
|turn|5
|
|t:|1665773734
|switch|p2a: Corviknight|Corviknight, F|100/100
|-ability|p2a: Corviknight|Pressure
|move|p1a: Arctozolt|Freeze-Dry|p2a: Corviknight
|-damage|p2a: Corviknight|83/100
|
|-weather|none
|upkeep
|turn|6
|
|t:|1665773744
|switch|p2a: Landorus|Landorus-Therian, M|100/100
|-ability|p2a: Landorus|Intimidate|boost
|-immune|p1a: Arctozolt
|move|p1a: Arctozolt|Bolt Beak|p2a: Landorus
|-immune|p2a: Landorus
|
|upkeep
|turn|7
|
|t:|1665773752
|switch|p2a: Rotom|Rotom-Wash|87/100
|move|p1a: Arctozolt|Freeze-Dry|p2a: Rotom
|-supereffective|p2a: Rotom
|-damage|p2a: Rotom|47/100
|
|-heal|p2a: Rotom|53/100|[from] item: Leftovers
|upkeep
|turn|8
|
|t:|1665773762
|move|p2a: Rotom|Hydro Pump|p1a: Arctozolt
|-end|p1a: Arctozolt|Substitute
|move|p1a: Arctozolt|Freeze-Dry|p2a: Rotom
|-supereffective|p2a: Rotom
|-damage|p2a: Rotom|18/100
|
|-heal|p2a: Rotom|24/100|[from] item: Leftovers
|upkeep
|turn|9
|
|t:|1665773771
|switch|p1a: Swampert|Swampert, M|2/100
|move|p2a: Rotom|Pain Split|p1a: Swampert
|-sethp|p1a: Swampert|10/100|[from] move: Pain Split|[silent]
|-sethp|p2a: Rotom|14/100|[from] move: Pain Split
|
|-heal|p2a: Rotom|20/100|[from] item: Leftovers
|-heal|p1a: Swampert|17/100|[from] item: Leftovers
|upkeep
|turn|10
|
|t:|1665773781
|move|p2a: Rotom|Hydro Pump|p1a: Swampert
|-damage|p1a: Swampert|0 fnt
|faint|p1a: Swampert
|
|-heal|p2a: Rotom|26/100|[from] item: Leftovers
|upkeep
|
|t:|1665773789
|switch|p1a: Dragapult|Dragapult, M|95/100
|turn|11
|
|t:|1665773794
|switch|p2a: Ninetales|Ninetales-Alola, F|65/100
|-weather|Hail|[from] ability: Snow Warning|[of] p2a: Ninetales
|move|p1a: Dragapult|U-turn|p2a: Ninetales
|-resisted|p2a: Ninetales
|-damage|p2a: Ninetales|34/100
|
|t:|1665773801
|switch|p1a: Arctozolt|Arctozolt|76/100|[from]move: U-turn
|
|-weather|Hail|[upkeep]
|upkeep
|turn|12
|
|t:|1665773811
|move|p1a: Arctozolt|Bolt Beak|p2a: Ninetales
|-damage|p2a: Ninetales|0 fnt
|faint|p2a: Ninetales
|
|-weather|Hail|[upkeep]
|upkeep
|
|t:|1665773813
|switch|p2a: Blacephalon|Blacephalon, shiny|100/100
|turn|13
|
|t:|1665773828
|switch|p1a: Mandibuzz|Mandibuzz, F|100/100
|move|p2a: Blacephalon|Flamethrower|p1a: Mandibuzz
|-damage|p1a: Mandibuzz|54/100
|-status|p1a: Mandibuzz|brn
|
|-weather|Hail|[upkeep]
|-damage|p2a: Blacephalon|94/100|[from] Hail
|-damage|p1a: Mandibuzz|48/100 brn|[from] brn
|upkeep
|turn|14
|inactive|ty-tyui↻ has 120 seconds left.
|
|t:|1665773859
|switch|p2a: Corviknight|Corviknight, F|83/100
|-ability|p2a: Corviknight|Pressure
|move|p1a: Mandibuzz|U-turn|p2a: Corviknight
|-resisted|p2a: Corviknight
|-damage|p2a: Corviknight|82/100
|-damage|p1a: Mandibuzz|32/100 brn|[from] item: Rocky Helmet|[of] p2a: Corviknight
|
|t:|1665773867
|switch|p1a: Magnezone|Magnezone|100/100|[from]move: U-turn
|
|-weather|Hail|[upkeep]
|-damage|p1a: Magnezone|94/100|[from] Hail
|-damage|p2a: Corviknight|76/100|[from] Hail
|-heal|p1a: Magnezone|100/100|[from] item: Leftovers
|upkeep
|turn|15
|
|t:|1665773878
|move|p1a: Magnezone|Discharge|p2a: Corviknight
|-supereffective|p2a: Corviknight
|-damage|p2a: Corviknight|21/100
|move|p2a: Corviknight|U-turn|p1a: Magnezone
|-resisted|p1a: Magnezone
|-damage|p1a: Magnezone|95/100
|
|t:|1665773883
|switch|p2a: Blacephalon|Blacephalon, shiny|94/100|[from]move: U-turn
|
|-weather|none
|-heal|p1a: Magnezone|100/100|[from] item: Leftovers
|upkeep
|turn|16
|
|t:|1665773891
|move|p2a: Blacephalon|Flamethrower|p1a: Magnezone
|-supereffective|p1a: Magnezone
|-damage|p1a: Magnezone|0 fnt
|faint|p1a: Magnezone
|-ability|p2a: Blacephalon|Beast Boost|boost
|-boost|p2a: Blacephalon|spa|1
|
|upkeep
|
|t:|1665773898
|switch|p1a: Dragapult|Dragapult, M|95/100
|turn|17
|
|t:|1665773901
|switch|p2a: Corviknight|Corviknight, F|21/100
|-ability|p2a: Corviknight|Pressure
|move|p1a: Dragapult|Dragon Darts|p2a: Corviknight
|-resisted|p2a: Corviknight
|-damage|p2a: Corviknight|8/100
|-anim|p1a: Dragapult|Dragon Darts|p2a: Corviknight
|-resisted|p2a: Corviknight
|-damage|p2a: Corviknight|0 fnt
|faint|p2a: Corviknight
|
|upkeep
|
|t:|1665773905
|switch|p2a: Blacephalon|Blacephalon, shiny|94/100
|turn|18
|
|t:|1665773915
|switch|p1a: Mandibuzz|Mandibuzz, F|32/100 brn
|move|p2a: Blacephalon|Shadow Ball|p1a: Mandibuzz
|-resisted|p1a: Mandibuzz
|-damage|p1a: Mandibuzz|12/100 brn
|
|-damage|p1a: Mandibuzz|5/100 brn|[from] brn
|upkeep
|turn|19
|
|t:|1665773924
|move|p2a: Blacephalon|Shadow Ball|p1a: Mandibuzz
|-resisted|p1a: Mandibuzz
|-damage|p1a: Mandibuzz|0 fnt
|faint|p1a: Mandibuzz
|-ability|p2a: Blacephalon|Beast Boost|boost
|-boost|p2a: Blacephalon|spa|1
|
|upkeep
|
|t:|1665773932
|switch|p1a: Dragapult|Dragapult, M|95/100
|turn|20
|
|t:|1665773935
|switch|p2a: Landorus|Landorus-Therian, M|100/100
|-ability|p2a: Landorus|Intimidate|boost
|-unboost|p1a: Dragapult|atk|1
|move|p1a: Dragapult|Sucker Punch||[still]
|-fail|p1a: Dragapult
|
|upkeep
|turn|21
|
|t:|1665773943
|switch|p1a: Ninetales|Ninetales-Alola, F|100/100
|-weather|Hail|[from] ability: Snow Warning|[of] p1a: Ninetales
|move|p2a: Landorus|Stealth Rock|p1a: Ninetales
|-sidestart|p1: Turn 2|move: Stealth Rock
|
|-weather|Hail|[upkeep]
|-damage|p2a: Landorus|94/100|[from] Hail
|-heal|p2a: Landorus|100/100|[from] item: Leftovers
|upkeep
|turn|22
|
|t:|1665773954
|switch|p2a: Rotom|Rotom-Wash|26/100
|move|p1a: Ninetales|Freeze-Dry|p2a: Rotom
|-supereffective|p2a: Rotom
|-damage|p2a: Rotom|0 fnt
|faint|p2a: Rotom
|
|-weather|Hail|[upkeep]
|upkeep
|
|t:|1665773956
|switch|p2a: Blacephalon|Blacephalon, shiny|94/100
|turn|23
|
|t:|1665773966
|move|p2a: Blacephalon|Flamethrower|p1a: Ninetales
|-supereffective|p1a: Ninetales
|-crit|p1a: Ninetales
|-damage|p1a: Ninetales|0 fnt
|faint|p1a: Ninetales
|-ability|p2a: Blacephalon|Beast Boost|boost
|-boost|p2a: Blacephalon|spa|1
|
|-weather|Hail|[upkeep]
|-damage|p2a: Blacephalon|88/100|[from] Hail
|upkeep
|
|t:|1665773975
|switch|p1a: Dragapult|Dragapult, M|95/100
|-damage|p1a: Dragapult|82/100|[from] Stealth Rock
|turn|24
|
|t:|1665773980
|switch|p2a: Landorus|Landorus-Therian, M|100/100
|-ability|p2a: Landorus|Intimidate|boost
|-unboost|p1a: Dragapult|atk|1
|move|p1a: Dragapult|Dragon Darts|p2a: Landorus
|-damage|p2a: Landorus|75/100
|-anim|p1a: Dragapult|Dragon Darts|p2a: Landorus
|-damage|p2a: Landorus|46/100
|
|-weather|Hail|[upkeep]
|-damage|p1a: Dragapult|76/100|[from] Hail
|-damage|p2a: Landorus|40/100|[from] Hail
|-heal|p2a: Landorus|46/100|[from] item: Leftovers
|upkeep
|turn|25
|
|t:|1665773993
|move|p1a: Dragapult|Dragon Darts|p2a: Landorus
|-damage|p2a: Landorus|18/100
|-anim|p1a: Dragapult|Dragon Darts|p2a: Landorus
|-damage|p2a: Landorus|0 fnt
|faint|p2a: Landorus
|
|-weather|Hail|[upkeep]
|-damage|p1a: Dragapult|70/100|[from] Hail
|upkeep
|
|t:|1665773995
|switch|p2a: Blacephalon|Blacephalon, shiny|88/100
|turn|26
|
|t:|1665774005
|switch|p1a: Arctozolt|Arctozolt|76/100
|move|p2a: Blacephalon|Shadow Ball|p1a: Arctozolt
|-damage|p1a: Arctozolt|8/100
|
|-weather|Hail|[upkeep]
|-damage|p2a: Blacephalon|82/100|[from] Hail
|upkeep
|turn|27
|
|t:|1665774013
|move|p2a: Blacephalon|Shadow Ball|p1a: Arctozolt
|-crit|p1a: Arctozolt
|-damage|p1a: Arctozolt|0 fnt
|faint|p1a: Arctozolt
|-ability|p2a: Blacephalon|Beast Boost|boost
|-boost|p2a: Blacephalon|spa|1
|
|-weather|Hail|[upkeep]
|-damage|p2a: Blacephalon|76/100|[from] Hail
|upkeep
|-message|Turn 2 forfeited.
|
|win|ty-tyui↻
|raw|Turn 2's rating: 1653 &rarr; <strong>1631</strong><br />(-22 for losing)
|raw|ty-tyui↻'s rating: 1613 &rarr; <strong>1635</strong><br />(+22 for winning)
|l|☆Turn 2
||Ladder isn't responding, score probably updated but might not have (Request timeout).
