|j|☆damorush
|j|☆freakyicon12345
|t:|1647252594
|gametype|singles
|player|p1|damorush|102|1410
|player|p2|freakyicon12345|169|1417
|teamsize|p1|6
|teamsize|p2|6
|gen|8
|tier|[Gen 8] OU
|rated|
|rule|Sleep Clause Mod: Limit one foe put to sleep
|rule|Species Clause: Limit one of each Pokémon
|rule|OHKO Clause: OHKO moves are banned
|rule|Evasion Moves Clause: Evasion moves are banned
|rule|Endless Battle Clause: Forcing endless battles is banned
|rule|HP Percentage Mod: HP is shown in percentages
|rule|Dynamax Clause: You cannot dynamax
|clearpoke
|poke|p1|Barraskewda, F|
|poke|p1|Pelipper, M|
|poke|p1|Ferrothorn, F|
|poke|p1|Zapdos|
|poke|p1|Seismitoad, F|
|poke|p1|Regieleki|
|poke|p2|Kommo-o, F|
|poke|p2|Melmetal|
|poke|p2|Nidoking, M|
|poke|p2|Hydreigon, M|
|poke|p2|Volcanion|
|poke|p2|Rillaboom, M|
|teampreview
|
|t:|1647252609
|start
|switch|p1a: Pelipper|Pelipper, M|100/100
|switch|p2a: Melmetal|Melmetal|100/100
|-weather|RainDance|[from] ability: Drizzle|[of] p1a: Pelipper
|turn|1
|
|t:|1647252619
|switch|p1a: Seismitoad|Seismitoad, F|100/100
|move|p2a: Melmetal|Thunder Punch|p1a: Seismitoad
|-immune|p1a: Seismitoad
|
|-weather|RainDance|[upkeep]
|upkeep
|turn|2
|
|t:|1647252628
|switch|p2a: Rillaboom|Rillaboom, M|100/100
|-fieldstart|move: Grassy Terrain|[from] ability: Grassy Surge|[of] p2a: Rillaboom
|move|p1a: Seismitoad|Earthquake|p2a: Rillaboom
|-resisted|p2a: Rillaboom
|-damage|p2a: Rillaboom|84/100
|-damage|p1a: Seismitoad|91/100|[from] item: Life Orb
|
|-weather|RainDance|[upkeep]
|-heal|p1a: Seismitoad|97/100|[from] Grassy Terrain
|-heal|p2a: Rillaboom|90/100|[from] Grassy Terrain
|upkeep
|turn|3
|
|t:|1647252641
|switch|p1a: Ferrothorn|Ferrothorn, F|100/100
|switch|p2a: Nidoking|Nidoking, M|100/100
|
|-weather|RainDance|[upkeep]
|upkeep
|turn|4
|
|t:|1647252654
|switch|p1a: Seismitoad|Seismitoad, F|97/100
|move|p2a: Nidoking|Earth Power|p1a: Seismitoad
|-damage|p1a: Seismitoad|30/100
|
|-weather|RainDance|[upkeep]
|-heal|p1a: Seismitoad|36/100|[from] Grassy Terrain
|upkeep
|turn|5
|
|t:|1647252664
|switch|p2a: Kommo-o|Kommo-o, F|100/100
|move|p1a: Seismitoad|Ice Punch|p2a: Kommo-o
|-supereffective|p2a: Kommo-o
|-damage|p2a: Kommo-o|42/100
|-damage|p1a: Seismitoad|26/100|[from] item: Life Orb
|
|-weather|RainDance|[upkeep]
|-heal|p1a: Seismitoad|32/100|[from] Grassy Terrain
|-heal|p2a: Kommo-o|49/100|[from] Grassy Terrain
|upkeep
|turn|6
|
|t:|1647252676
|move|p1a: Seismitoad|Ice Punch|p2a: Kommo-o
|-supereffective|p2a: Kommo-o
|-damage|p2a: Kommo-o|0 fnt
|faint|p2a: Kommo-o
|-damage|p1a: Seismitoad|22/100|[from] item: Life Orb
|
|-weather|RainDance|[upkeep]
|-heal|p1a: Seismitoad|28/100|[from] Grassy Terrain
|-fieldend|move: Grassy Terrain
|upkeep
|
|t:|1647252685
|switch|p2a: Rillaboom|Rillaboom, M|90/100
|-fieldstart|move: Grassy Terrain|[from] ability: Grassy Surge|[of] p2a: Rillaboom
|turn|7
|
|t:|1647252689
|move|p2a: Rillaboom|Grassy Glide|p1a: Seismitoad
|-supereffective|p1a: Seismitoad
|-damage|p1a: Seismitoad|0 fnt
|faint|p1a: Seismitoad
|-damage|p2a: Rillaboom|80/100|[from] item: Life Orb
|
|-weather|RainDance|[upkeep]
|-heal|p2a: Rillaboom|86/100|[from] Grassy Terrain
|upkeep
|
|t:|1647252699
|switch|p1a: Zapdos|Zapdos|100/100
|turn|8
|
|t:|1647252704
|switch|p2a: Melmetal|Melmetal|100/100
|move|p1a: Zapdos|Hurricane|p2a: Melmetal
|-resisted|p2a: Melmetal
|-damage|p2a: Melmetal|84/100
|
|-weather|none
|-heal|p2a: Melmetal|91/100|[from] Grassy Terrain
|upkeep
|turn|9
|
|t:|1647252715
|switch|p1a: Pelipper|Pelipper, M|100/100
|-weather|RainDance|[from] ability: Drizzle|[of] p1a: Pelipper
|move|p2a: Melmetal|Ice Punch|p1a: Pelipper
|-damage|p1a: Pelipper|73/100
|
|-weather|RainDance|[upkeep]
|-heal|p2a: Melmetal|97/100|[from] Grassy Terrain
|upkeep
|turn|10
|
|t:|1647252725
|move|p1a: Pelipper|U-turn|p2a: Melmetal
|-resisted|p2a: Melmetal
|-damage|p2a: Melmetal|94/100
|
|t:|1647252727
|switch|p1a: Regieleki|Regieleki|100/100|[from]move: U-turn
|move|p2a: Melmetal|Earthquake|p1a: Regieleki
|-supereffective|p1a: Regieleki
|-damage|p1a: Regieleki|28/100
|
|-weather|RainDance|[upkeep]
|-heal|p1a: Regieleki|34/100|[from] Grassy Terrain
|-heal|p2a: Melmetal|99/100|[from] Grassy Terrain
|upkeep
|turn|11
|
|t:|1647252740
|switch|p1a: Barraskewda|Barraskewda, F|100/100
|move|p2a: Melmetal|Ice Punch|p1a: Barraskewda
|-resisted|p1a: Barraskewda
|-damage|p1a: Barraskewda|62/100
|
|-weather|RainDance|[upkeep]
|-heal|p1a: Barraskewda|68/100|[from] Grassy Terrain
|-heal|p2a: Melmetal|100/100|[from] Grassy Terrain
|-fieldend|move: Grassy Terrain
|upkeep
|turn|12
|
|t:|1647252750
|move|p1a: Barraskewda|Liquidation|p2a: Melmetal
|-damage|p2a: Melmetal|33/100
|-unboost|p2a: Melmetal|def|1
|move|p2a: Melmetal|Double Iron Bash|p1a: Barraskewda
|-resisted|p1a: Barraskewda
|-damage|p1a: Barraskewda|23/100
|-resisted|p1a: Barraskewda
|-damage|p1a: Barraskewda|0 fnt
|faint|p1a: Barraskewda
|-hitcount|p1: Barraskewda|2
|
|-weather|RainDance|[upkeep]
|upkeep
|
|t:|1647252762
|switch|p1a: Zapdos|Zapdos|100/100
|turn|13
|
|t:|1647252765
|move|p1a: Zapdos|Thunder|p2a: Melmetal
|-damage|p2a: Melmetal|2/100
|-status|p2a: Melmetal|par
|move|p2a: Melmetal|Ice Punch|p1a: Zapdos
|-supereffective|p1a: Zapdos
|-damage|p1a: Zapdos|10/100
|-status|p1a: Zapdos|frz
|
|-weather|RainDance|[upkeep]
|upkeep
|turn|14
|
|t:|1647252776
|cant|p1a: Zapdos|frz
|move|p2a: Melmetal|Double Iron Bash|p1a: Zapdos
|-resisted|p1a: Zapdos
|-crit|p1a: Zapdos
|-damage|p1a: Zapdos|0 fnt
|faint|p1a: Zapdos
|-hitcount|p1: Zapdos|1
|
|-weather|RainDance|[upkeep]
|upkeep
|-message|damorush forfeited.
|
|win|freakyicon12345
|raw|damorush's rating: 1410 &rarr; <strong>1390</strong><br />(-20 for losing)
|raw|freakyicon12345's rating: 1417 &rarr; <strong>1437</strong><br />(+20 for winning)
|l|☆damorush
