|j|☆IIIodyne
|j|‽yortbruz
|t:|1664069917
|gametype|singles
|player|p1|IIIodyne|265|1724
|player|p2|yortbruz|102|1791
|teamsize|p1|6
|teamsize|p2|6
|gen|8
|tier|[Gen 8] OU
|rated|
|rule|Sleep Clause Mod: Limit one foe put to sleep
|rule|Species Clause: Limit one of each Pokémon
|rule|OHKO Clause: OHKO moves are banned
|rule|Evasion Items Clause: Evasion items are banned
|rule|Evasion Moves Clause: Evasion moves are banned
|rule|Endless Battle Clause: Forcing endless battles is banned
|rule|HP Percentage Mod: HP is shown in percentages
|rule|Dynamax Clause: You cannot dynamax
|clearpoke
|poke|p1|Snorlax, F|
|poke|p1|Suicune|
|poke|p1|Melmetal|
|poke|p1|Victini|
|poke|p1|Landorus-Therian, M|
|poke|p1|Zapdos|
|poke|p2|Tapu Lele|
|poke|p2|Tornadus-Therian, M|
|poke|p2|Hippowdon, M|
|poke|p2|Toxapex, F|
|poke|p2|Heatran, F|
|poke|p2|Buzzwole|
|teampreview
|inactive|Battle timer is ON: inactive players will automatically lose when time's up. (requested by IIIodyne)
|
|t:|1664069928
|start
|switch|p1a: Melmetal|Melmetal|100/100
|switch|p2a: Heatran|Heatran, F|100/100
|turn|1
|j| LT_Alt1
|
|t:|1664069933
|move|p2a: Heatran|Protect|p2a: Heatran
|-singleturn|p2a: Heatran|Protect
|move|p1a: Melmetal|Earthquake|p2a: Heatran
|-activate|p2a: Heatran|move: Protect
|
|upkeep
|turn|2
|j| Hiriart
|
|t:|1664069937
|switch|p2a: Hippowdon|Hippowdon, M|100/100
|-weather|Sandstorm|[from] ability: Sand Stream|[of] p2a: Hippowdon
|switch|p1a: Snorlax|Snorlax, F|100/100
|
|-weather|Sandstorm|[upkeep]
|-damage|p1a: Snorlax|94/100|[from] Sandstorm
|-heal|p1a: Snorlax|100/100|[from] item: Leftovers
|upkeep
|turn|3
|
|t:|1664069948
|switch|p1a: Suicune|Suicune|100/100
|-ability|p1a: Suicune|Pressure
|move|p2a: Hippowdon|Toxic|p1a: Suicune
|-status|p1a: Suicune|tox
|
|-weather|Sandstorm|[upkeep]
|-damage|p1a: Suicune|94/100 tox|[from] Sandstorm
|-heal|p1a: Suicune|100/100 tox|[from] item: Leftovers
|-damage|p1a: Suicune|94/100 tox|[from] psn
|upkeep
|turn|4
|j| RME
|
|t:|1664069959
|switch|p1a: Zapdos|Zapdos|100/100
|switch|p2a: Toxapex|Toxapex, F|100/100
|
|-weather|Sandstorm|[upkeep]
|-damage|p1a: Zapdos|94/100|[from] Sandstorm
|-damage|p2a: Toxapex|95/100|[from] Sandstorm
|upkeep
|turn|5
|
|t:|1664069965
|switch|p2a: Hippowdon|Hippowdon, M|100/100
|move|p1a: Zapdos|Volt Switch|p2a: Hippowdon
|-immune|p2a: Hippowdon
|
|-weather|Sandstorm|[upkeep]
|-damage|p1a: Zapdos|88/100|[from] Sandstorm
|upkeep
|turn|6
|j| Zombini62
|
|t:|1664069968
|move|p1a: Zapdos|Hurricane|p2a: Hippowdon
|-damage|p2a: Hippowdon|56/100
|move|p2a: Hippowdon|Stealth Rock|p1a: Zapdos
|-sidestart|p1: IIIodyne|move: Stealth Rock
|
|-weather|none
|-heal|p2a: Hippowdon|62/100|[from] item: Leftovers
|upkeep
|turn|7
|
|t:|1664069972
|move|p1a: Zapdos|Defog|p2a: Hippowdon
|-unboost|p2a: Hippowdon|evasion|1
|-sideend|p1: IIIodyne|Stealth Rock|[from] move: Defog|[of] p1a: Zapdos
|move|p2a: Hippowdon|Slack Off|p2a: Hippowdon
|-heal|p2a: Hippowdon|100/100
|
|upkeep
|turn|8
|
|t:|1664069975
|move|p1a: Zapdos|Hurricane|p2a: Hippowdon
|-damage|p2a: Hippowdon|58/100
|move|p2a: Hippowdon|Toxic|p1a: Zapdos
|-status|p1a: Zapdos|tox
|
|-heal|p2a: Hippowdon|64/100|[from] item: Leftovers
|-damage|p1a: Zapdos|82/100 tox|[from] psn
|upkeep
|turn|9
|
|t:|1664069979
|move|p1a: Zapdos|Hurricane|p2a: Hippowdon
|-damage|p2a: Hippowdon|21/100
|-start|p2a: Hippowdon|confusion
|-activate|p2a: Hippowdon|confusion
|-damage|p2a: Hippowdon|14/100|[from] confusion
|
|-heal|p2a: Hippowdon|20/100|[from] item: Leftovers
|-damage|p1a: Zapdos|70/100 tox|[from] psn
|upkeep
|turn|10
|
|t:|1664069985
|switch|p2a: Heatran|Heatran, F|100/100
|move|p1a: Zapdos|Heat Wave|p2a: Heatran
|-damage|p2a: Heatran|81/100
|
|-heal|p2a: Heatran|87/100|[from] item: Leftovers
|-damage|p1a: Zapdos|51/100 tox|[from] psn
|upkeep
|turn|11
|
|t:|1664069993
|switch|p2a: Hippowdon|Hippowdon, M|20/100
|-weather|Sandstorm|[from] ability: Sand Stream|[of] p2a: Hippowdon
|move|p1a: Zapdos|Volt Switch|p2a: Hippowdon
|-immune|p2a: Hippowdon
|
|-weather|Sandstorm|[upkeep]
|-damage|p1a: Zapdos|45/100 tox|[from] Sandstorm
|-heal|p2a: Hippowdon|26/100|[from] item: Leftovers
|-damage|p1a: Zapdos|20/100 tox|[from] psn
|upkeep
|turn|12
|l| Zombini62
|
|t:|1664070003
|move|p1a: Zapdos|Heat Wave|p2a: Hippowdon
|-damage|p2a: Hippowdon|0 fnt
|faint|p2a: Hippowdon
|
|-weather|Sandstorm|[upkeep]
|-damage|p1a: Zapdos|14/100 tox|[from] Sandstorm
|-damage|p1a: Zapdos|0 fnt|[from] psn
|faint|p1a: Zapdos
|upkeep
|
|t:|1664070020
|switch|p1a: Landorus|Landorus-Therian, M|100/100
|switch|p2a: Tornadus|Tornadus-Therian, M|100/100
|-ability|p1a: Landorus|Intimidate|boost
|-unboost|p2a: Tornadus|atk|1
|turn|13
|j| blackdarkness00
|
|t:|1664070026
|move|p1a: Landorus|Knock Off|p2a: Tornadus
|-damage|p2a: Tornadus|60/100
|-enditem|p2a: Tornadus|Heavy-Duty Boots|[from] move: Knock Off|[of] p1a: Landorus
|move|p2a: Tornadus|Knock Off|p1a: Landorus
|-damage|p1a: Landorus|86/100
|-enditem|p1a: Landorus|Choice Scarf|[from] move: Knock Off|[of] p2a: Tornadus
|
|-weather|Sandstorm|[upkeep]
|-damage|p2a: Tornadus|54/100|[from] Sandstorm
|upkeep
|turn|14
|l| blackdarkness00
|
|t:|1664070032
|move|p2a: Tornadus|U-turn|p1a: Landorus
|-resisted|p1a: Landorus
|-damage|p1a: Landorus|81/100
|
|t:|1664070034
|switch|p2a: Buzzwole|Buzzwole|100/100|[from]move: U-turn
|move|p1a: Landorus|Stone Edge|p2a: Buzzwole
|-damage|p2a: Buzzwole|82/100
|
|-weather|Sandstorm|[upkeep]
|-damage|p2a: Buzzwole|76/100|[from] Sandstorm
|upkeep
|turn|15
|
|t:|1664070042
|switch|p1a: Victini|Victini|100/100
|move|p2a: Buzzwole|Roost|p2a: Buzzwole
|-heal|p2a: Buzzwole|100/100
|-singleturn|p2a: Buzzwole|move: Roost
|
|-weather|none
|upkeep
|turn|16
|j| Zombini62
|
|t:|1664070057
|switch|p2a: Heatran|Heatran, F|87/100
|move|p1a: Victini|Bolt Strike|p2a: Heatran
|-damage|p2a: Heatran|38/100
|-status|p2a: Heatran|par
|
|-heal|p2a: Heatran|44/100 par|[from] item: Leftovers
|upkeep
|turn|17
|l| Zombini62
|
|t:|1664070061
|switch|p2a: Buzzwole|Buzzwole|100/100
|move|p1a: Victini|Bolt Strike|p2a: Buzzwole
|-damage|p2a: Buzzwole|72/100
|
|upkeep
|turn|18
|
|t:|1664070067
|switch|p1a: Suicune|Suicune|94/100 tox
|-ability|p1a: Suicune|Pressure
|move|p2a: Buzzwole|Ice Punch|p1a: Suicune
|-resisted|p1a: Suicune
|-damage|p1a: Suicune|88/100 tox
|
|-heal|p1a: Suicune|94/100 tox|[from] item: Leftovers
|-damage|p1a: Suicune|88/100 tox|[from] psn
|upkeep
|turn|19
|
|t:|1664070079
|switch|p2a: Toxapex|Toxapex, F|100/100
|move|p1a: Suicune|Scald|p2a: Toxapex
|-resisted|p2a: Toxapex
|-damage|p2a: Toxapex|91/100
|
|-heal|p1a: Suicune|94/100 tox|[from] item: Leftovers
|-damage|p1a: Suicune|81/100 tox|[from] psn
|upkeep
|turn|20
|
|t:|1664070085
|switch|p1a: Snorlax|Snorlax, F|100/100
|move|p2a: Toxapex|Knock Off|p1a: Snorlax
|-damage|p1a: Snorlax|86/100
|-enditem|p1a: Snorlax|Leftovers|[from] move: Knock Off|[of] p2a: Toxapex
|
|upkeep
|turn|21
|
|t:|1664070092
|move|p2a: Toxapex|Scald|p1a: Snorlax
|-damage|p1a: Snorlax|79/100
|-status|p1a: Snorlax|brn
|move|p1a: Snorlax|Body Slam|p2a: Toxapex
|-damage|p2a: Toxapex|82/100
|
|-damage|p1a: Snorlax|73/100 brn|[from] brn
|upkeep
|turn|22
|
|t:|1664070096
|switch|p2a: Heatran|Heatran, F|44/100 par
|move|p1a: Snorlax|Body Slam|p2a: Heatran
|-resisted|p2a: Heatran
|-damage|p2a: Heatran|37/100 par
|
|-heal|p2a: Heatran|44/100 par|[from] item: Leftovers
|-damage|p1a: Snorlax|67/100 brn|[from] brn
|upkeep
|turn|23
|
|t:|1664070107
|switch|p1a: Suicune|Suicune|81/100 tox
|-ability|p1a: Suicune|Pressure
|move|p2a: Heatran|Magma Storm|p1a: Suicune
|-resisted|p1a: Suicune
|-damage|p1a: Suicune|65/100 tox
|-activate|p1a: Suicune|move: Magma Storm|[of] p2a: Heatran
|
|-heal|p1a: Suicune|71/100 tox|[from] item: Leftovers
|-heal|p2a: Heatran|50/100 par|[from] item: Leftovers
|-damage|p1a: Suicune|65/100 tox|[from] psn
|-damage|p1a: Suicune|52/100 tox|[from] move: Magma Storm|[partiallytrapped]
|upkeep
|turn|24
|j| Attckurz
|
|t:|1664070115
|switch|p2a: Tapu Lele|Tapu Lele|100/100
|-fieldstart|move: Psychic Terrain|[from] ability: Psychic Surge|[of] p2a: Tapu Lele
|move|p1a: Suicune|Scald|p2a: Tapu Lele
|-damage|p2a: Tapu Lele|76/100
|
|-heal|p1a: Suicune|59/100 tox|[from] item: Leftovers
|-damage|p1a: Suicune|46/100 tox|[from] psn
|-end|p1a: Suicune|Magma Storm|[partiallytrapped]|[silent]
|upkeep
|turn|25
|
|t:|1664070120
|switch|p1a: Victini|Victini|100/100
|move|p2a: Tapu Lele|Psyshock|p1a: Victini
|-resisted|p1a: Victini
|-damage|p1a: Victini|58/100
|
|upkeep
|turn|26
|
|t:|1664070125
|switch|p2a: Heatran|Heatran, F|50/100 par
|move|p1a: Victini|V-create|p2a: Heatran
|-damage|p2a: Heatran|0 fnt
|-unboost|p1a: Victini|spe|1
|-unboost|p1a: Victini|def|1
|-unboost|p1a: Victini|spd|1
|faint|p2a: Heatran
|
|upkeep
|
|t:|1664070129
|switch|p2a: Toxapex|Toxapex, F|100/100
|turn|27
|j| ggnhax
|
|t:|1664070132
|switch|p1a: Landorus|Landorus-Therian, M|81/100
|-ability|p1a: Landorus|Intimidate|boost
|-unboost|p2a: Toxapex|atk|1
|move|p2a: Toxapex|Scald|p1a: Landorus
|-supereffective|p1a: Landorus
|-damage|p1a: Landorus|39/100
|
|upkeep
|turn|28
|
|t:|1664070138
|switch|p2a: Tornadus|Tornadus-Therian, M|87/100
|move|p1a: Landorus|Earthquake|p2a: Tornadus
|-immune|p2a: Tornadus
|
|-fieldend|move: Psychic Terrain
|upkeep
|turn|29
|
|t:|1664070142
|switch|p1a: Melmetal|Melmetal|100/100
|move|p2a: Tornadus|Hurricane|p1a: Melmetal
|-resisted|p1a: Melmetal
|-damage|p1a: Melmetal|87/100
|
|upkeep
|turn|30
|
|t:|1664070151
|move|p2a: Tornadus|U-turn|p1a: Melmetal
|-resisted|p1a: Melmetal
|-damage|p1a: Melmetal|83/100
|
|t:|1664070153
|switch|p2a: Buzzwole|Buzzwole|72/100|[from]move: U-turn
|move|p1a: Melmetal|Double Iron Bash|p2a: Buzzwole
|-damage|p2a: Buzzwole|50/100
|-damage|p2a: Buzzwole|28/100
|-hitcount|p2a: Buzzwole|2
|
|upkeep
|turn|31
|
|t:|1664070159
|switch|p1a: Victini|Victini|58/100
|move|p2a: Buzzwole|Roost|p2a: Buzzwole
|-heal|p2a: Buzzwole|78/100
|-singleturn|p2a: Buzzwole|move: Roost
|
|upkeep
|turn|32
|l| Attckurz
|
|t:|1664070163
|switch|p2a: Toxapex|Toxapex, F|100/100
|move|p1a: Victini|Bolt Strike|p2a: Toxapex
|-supereffective|p2a: Toxapex
|-damage|p2a: Toxapex|36/100
|
|upkeep
|turn|33
|
|t:|1664070171
|switch|p2a: Buzzwole|Buzzwole|78/100
|move|p1a: Victini|Bolt Strike|p2a: Buzzwole
|-damage|p2a: Buzzwole|50/100
|-status|p2a: Buzzwole|par
|
|upkeep
|turn|34
|
|t:|1664070176
|switch|p1a: Suicune|Suicune|46/100 tox
|-ability|p1a: Suicune|Pressure
|move|p2a: Buzzwole|Roost|p2a: Buzzwole
|-heal|p2a: Buzzwole|99/100 par
|-singleturn|p2a: Buzzwole|move: Roost
|
|-heal|p1a: Suicune|52/100 tox|[from] item: Leftovers
|-damage|p1a: Suicune|46/100 tox|[from] psn
|upkeep
|turn|35
|
|t:|1664070183
|switch|p2a: Tapu Lele|Tapu Lele|76/100
|-fieldstart|move: Psychic Terrain|[from] ability: Psychic Surge|[of] p2a: Tapu Lele
|move|p1a: Suicune|Calm Mind|p1a: Suicune
|-boost|p1a: Suicune|spa|1
|-boost|p1a: Suicune|spd|1
|
|-heal|p1a: Suicune|52/100 tox|[from] item: Leftovers
|-damage|p1a: Suicune|40/100 tox|[from] psn
|upkeep
|turn|36
|
|t:|1664070186
|move|p2a: Tapu Lele|Psyshock|p1a: Suicune
|-damage|p1a: Suicune|0 fnt
|faint|p1a: Suicune
|
|upkeep
|
|t:|1664070193
|switch|p1a: Melmetal|Melmetal|83/100
|turn|37
|
|t:|1664070200
|switch|p2a: Buzzwole|Buzzwole|99/100 par
|move|p1a: Melmetal|Double Iron Bash|p2a: Buzzwole
|-damage|p2a: Buzzwole|80/100 par
|-damage|p2a: Buzzwole|60/100 par
|-hitcount|p2a: Buzzwole|2
|
|upkeep
|turn|38
|
|t:|1664070202
|move|p1a: Melmetal|Double Iron Bash|p2a: Buzzwole
|-damage|p2a: Buzzwole|38/100 par
|-damage|p2a: Buzzwole|16/100 par
|-hitcount|p2a: Buzzwole|2
|cant|p2a: Buzzwole|par
|
|upkeep
|turn|39
|
|t:|1664070208
|switch|p2a: Toxapex|Toxapex, F|69/100
|move|p1a: Melmetal|Double Iron Bash|p2a: Toxapex
|-resisted|p2a: Toxapex
|-damage|p2a: Toxapex|57/100
|-resisted|p2a: Toxapex
|-damage|p2a: Toxapex|43/100
|-hitcount|p2a: Toxapex|2
|
|-fieldend|move: Psychic Terrain
|upkeep
|turn|40
|
|t:|1664070213
|move|p1a: Melmetal|Thunder Punch|p2a: Toxapex
|-supereffective|p2a: Toxapex
|-damage|p2a: Toxapex|0 fnt
|faint|p2a: Toxapex
|
|upkeep
|
|t:|1664070217
|switch|p2a: Tapu Lele|Tapu Lele|76/100
|-fieldstart|move: Psychic Terrain|[from] ability: Psychic Surge|[of] p2a: Tapu Lele
|turn|41
|
|t:|1664070219
|move|p2a: Tapu Lele|Focus Blast|p1a: Melmetal
|-supereffective|p1a: Melmetal
|-damage|p1a: Melmetal|0 fnt
|faint|p1a: Melmetal
|
|upkeep
|
|t:|1664070222
|switch|p1a: Victini|Victini|58/100
|turn|42
|
|t:|1664070224
|switch|p2a: Buzzwole|Buzzwole|16/100 par
|move|p1a: Victini|V-create|p2a: Buzzwole
|-supereffective|p2a: Buzzwole
|-damage|p2a: Buzzwole|0 fnt
|-unboost|p1a: Victini|spe|1
|-unboost|p1a: Victini|def|1
|-unboost|p1a: Victini|spd|1
|faint|p2a: Buzzwole
|
|upkeep
|
|t:|1664070226
|switch|p2a: Tornadus|Tornadus-Therian, M|100/100
|turn|43
|
|t:|1664070233
|switch|p1a: Landorus|Landorus-Therian, M|39/100
|-ability|p1a: Landorus|Intimidate|boost
|-unboost|p2a: Tornadus|atk|1
|move|p2a: Tornadus|Knock Off|p1a: Landorus
|-damage|p1a: Landorus|30/100
|
|upkeep
|turn|44
|l| ggnhax
|
|t:|1664070239
|move|p2a: Tornadus|Hurricane|p1a: Landorus|[miss]
|-miss|p2a: Tornadus|p1a: Landorus
|move|p1a: Landorus|Stone Edge|p2a: Tornadus
|-supereffective|p2a: Tornadus
|-damage|p2a: Tornadus|22/100
|
|upkeep
|turn|45
|
|t:|1664070244
|move|p2a: Tornadus|Hurricane|p1a: Landorus|[miss]
|-miss|p2a: Tornadus|p1a: Landorus
|move|p1a: Landorus|Stone Edge|p2a: Tornadus
|-supereffective|p2a: Tornadus
|-damage|p2a: Tornadus|0 fnt
|faint|p2a: Tornadus
|
|-fieldend|move: Psychic Terrain
|upkeep
|-message|yortbruz forfeited.
|
|win|IIIodyne
|raw|IIIodyne's rating: 1724 &rarr; <strong>1748</strong><br />(+24 for winning)
|raw|yortbruz's rating: 1791 &rarr; <strong>1767</strong><br />(-24 for losing)
|l|‽yortbruz
|l|☆IIIodyne
|l| Hiriart
|j|‽yortbruz
|player|p2|yortbruz|102
