|j|‽not mb
|j|☆Steez Ibanez
|t:|1620957768
|gametype|singles
|player|p1|not mb|harlequin|1729
|player|p2|Steez Ibanez|pokemonranger-gen4|1839
|teamsize|p1|6
|teamsize|p2|6
|gen|8
|tier|[Gen 8] OU
|rated|
|rule|Sleep Clause Mod: Limit one foe put to sleep
|rule|Species Clause: Limit one of each Pokémon
|rule|OHKO Clause: OHKO moves are banned
|rule|Evasion Moves Clause: Evasion moves are banned
|rule|Endless Battle Clause: Forcing endless battles is banned
|rule|HP Percentage Mod: HP is shown in percentages
|rule|Dynamax Clause: You cannot dynamax
|clearpoke
|poke|p1|Scizor, F|
|poke|p1|Gastrodon-East, F|
|poke|p1|Zapdos|
|poke|p1|Landorus-Therian, M|
|poke|p1|Dragapult, M|
|poke|p1|Tapu Lele|
|poke|p2|Blaziken, M|
|poke|p2|Tapu Fini|
|poke|p2|Ferrothorn, M|
|poke|p2|Landorus-Therian, M|
|poke|p2|Regieleki|
|poke|p2|Dragapult, M|
|teampreview
|j| imlek
|j| Mirrorak
|j| I like ghosts
|j| 0zorcNecropHADES
|inactive|Battle timer is ON: inactive players will automatically lose when time's up. (requested by Steez Ibanez)
|
|t:|1620957829
|start
|switch|p1a: Scizor|Scizor, F|100/100
|switch|p2a: Ethernet|Regieleki|100/100
|turn|1
|
|t:|1620957837
|switch|p2a: Toothless|Dragapult, M|100/100
|move|p1a: Scizor|Knock Off|p2a: Toothless
|-supereffective|p2a: Toothless
|-damage|p2a: Toothless|22/100
|-enditem|p2a: Toothless|Leftovers|[from] move: Knock Off|[of] p1a: Scizor
|
|upkeep
|turn|2
|
|t:|1620957842
|switch|p2a: Gucci|Ferrothorn, M, shiny|100/100
|move|p1a: Scizor|Knock Off|p2a: Gucci
|-damage|p2a: Gucci|85/100
|-damage|p1a: Scizor|88/100|[from] ability: Iron Barbs|[of] p2a: Gucci
|-damage|p1a: Scizor|72/100|[from] item: Rocky Helmet|[of] p2a: Gucci
|-enditem|p2a: Gucci|Rocky Helmet|[from] move: Knock Off|[of] p1a: Scizor
|
|upkeep
|turn|3
|
|t:|1620957847
|move|p1a: Scizor|U-turn|p2a: Gucci
|-damage|p2a: Gucci|69/100
|-damage|p1a: Scizor|59/100|[from] ability: Iron Barbs|[of] p2a: Gucci
|
|t:|1620957848
|switch|p1a: Zapdos|Zapdos|100/100|[from]move: U-turn
|move|p2a: Gucci|Knock Off|p1a: Zapdos
|-damage|p1a: Zapdos|86/100
|-enditem|p1a: Zapdos|Heavy-Duty Boots|[from] move: Knock Off|[of] p2a: Gucci
|
|upkeep
|turn|4
|
|t:|1620957853
|switch|p2a: Shukaku|Landorus-Therian, M|100/100
|-ability|p2a: Shukaku|Intimidate|boost
|-unboost|p1a: Zapdos|atk|1
|move|p1a: Zapdos|Heat Wave|p2a: Shukaku
|-damage|p2a: Shukaku|71/100
|
|-heal|p2a: Shukaku|77/100|[from] item: Leftovers
|upkeep
|turn|5
|
|t:|1620957859
|switch|p1a: Landorus|Landorus-Therian, M|100/100
|-ability|p1a: Landorus|Intimidate|boost
|-unboost|p2a: Shukaku|atk|1
|move|p2a: Shukaku|Toxic|p1a: Landorus|[miss]
|-miss|p2a: Shukaku|p1a: Landorus
|
|-heal|p2a: Shukaku|83/100|[from] item: Leftovers
|upkeep
|turn|6
|
|t:|1620957863
|move|p2a: Shukaku|Toxic|p1a: Landorus
|-status|p1a: Landorus|tox
|move|p1a: Landorus|Toxic|p2a: Shukaku
|-status|p2a: Shukaku|tox
|
|-heal|p2a: Shukaku|89/100 tox|[from] item: Leftovers
|-damage|p2a: Shukaku|83/100 tox|[from] psn
|-damage|p1a: Landorus|94/100 tox|[from] psn
|upkeep
|turn|7
|
|t:|1620957865
|move|p2a: Shukaku|Stealth Rock|p1a: Landorus
|-sidestart|p1: not mb|move: Stealth Rock
|move|p1a: Landorus|Stealth Rock|p2a: Shukaku
|-sidestart|p2: Steez Ibanez|move: Stealth Rock
|
|-heal|p2a: Shukaku|89/100 tox|[from] item: Leftovers
|-heal|p1a: Landorus|100/100 tox|[from] item: Leftovers
|-damage|p2a: Shukaku|77/100 tox|[from] psn
|-damage|p1a: Landorus|88/100 tox|[from] psn
|upkeep
|turn|8
|
|t:|1620957868
|move|p2a: Shukaku|Knock Off|p1a: Landorus
|-damage|p1a: Landorus|75/100 tox
|-enditem|p1a: Landorus|Leftovers|[from] move: Knock Off|[of] p2a: Shukaku
|move|p1a: Landorus|U-turn|p2a: Shukaku
|-resisted|p2a: Shukaku
|-damage|p2a: Shukaku|68/100 tox
|
|t:|1620957873
|switch|p1a: Tapu Lele|Tapu Lele|100/100|[from]move: U-turn
|-damage|p1a: Tapu Lele|88/100|[from] Stealth Rock
|-fieldstart|move: Psychic Terrain|[from] ability: Psychic Surge|[of] p1a: Tapu Lele
|
|-heal|p2a: Shukaku|74/100 tox|[from] item: Leftovers
|-damage|p2a: Shukaku|56/100 tox|[from] psn
|upkeep
|turn|9
|
|t:|1620957877
|move|p1a: Tapu Lele|Psychic|p2a: Shukaku
|-damage|p2a: Shukaku|0 fnt
|faint|p2a: Shukaku
|
|upkeep
|
|t:|1620957879
|switch|p2a: Ethernet|Regieleki|100/100
|turn|10
|
|t:|1620957883
|move|p2a: Ethernet|Thunderbolt|p1a: Tapu Lele
|-damage|p1a: Tapu Lele|21/100
|move|p1a: Tapu Lele|Psychic|p2a: Ethernet
|-damage|p2a: Ethernet|0 fnt
|faint|p2a: Ethernet
|
|upkeep
|
|t:|1620957887
|switch|p2a: Toothless|Dragapult, M|22/100
|-damage|p2a: Toothless|10/100|[from] Stealth Rock
|turn|11
|
|t:|1620957892
|switch|p1a: Gastrodon|Gastrodon-East, F|100/100
|move|p2a: Toothless|Phantom Force||[still]
|-prepare|p2a: Toothless|Phantom Force
|
|upkeep
|turn|12
|
|t:|1620957906
|move|p2a: Toothless|Phantom Force|p1a: Gastrodon|[from]lockedmove
|-damage|p1a: Gastrodon|46/100
|move|p1a: Gastrodon|Recover|p1a: Gastrodon
|-heal|p1a: Gastrodon|96/100
|
|-fieldend|move: Psychic Terrain
|upkeep
|turn|13
|
|t:|1620957911
|switch|p1a: Scizor|Scizor, F|59/100
|move|p2a: Toothless|Phantom Force||[still]
|-prepare|p2a: Toothless|Phantom Force
|
|upkeep
|turn|14
|
|t:|1620957914
|move|p2a: Toothless|Phantom Force|p1a: Scizor|[from]lockedmove
|-damage|p1a: Scizor|10/100
|move|p1a: Scizor|Roost|p1a: Scizor
|-heal|p1a: Scizor|61/100
|-singleturn|p1a: Scizor|move: Roost
|
|upkeep
|turn|15
|
|t:|1620957921
|move|p2a: Toothless|Phantom Force||[still]
|-prepare|p2a: Toothless|Phantom Force
|move|p1a: Scizor|U-turn|p2a: Toothless|[miss]
|-miss|p1a: Scizor|p2a: Toothless
|
|upkeep
|turn|16
|j| Talonshadow
|
|t:|1620957925
|move|p2a: Toothless|Phantom Force|p1a: Scizor|[from]lockedmove
|-damage|p1a: Scizor|15/100
|move|p1a: Scizor|Roost|p1a: Scizor
|-heal|p1a: Scizor|65/100
|-singleturn|p1a: Scizor|move: Roost
|
|upkeep
|turn|17
|j| Erjahus89wjndkakkw
|
|t:|1620957930
|move|p2a: Toothless|Phantom Force||[still]
|-prepare|p2a: Toothless|Phantom Force
|move|p1a: Scizor|U-turn|p2a: Toothless|[miss]
|-miss|p1a: Scizor|p2a: Toothless
|
|upkeep
|turn|18
|
|t:|1620957936
|move|p2a: Toothless|Phantom Force|p1a: Scizor|[from]lockedmove
|-damage|p1a: Scizor|19/100
|move|p1a: Scizor|Roost|p1a: Scizor
|-heal|p1a: Scizor|69/100
|-singleturn|p1a: Scizor|move: Roost
|
|upkeep
|turn|19
|
|t:|1620957940
|move|p2a: Toothless|Phantom Force||[still]
|-prepare|p2a: Toothless|Phantom Force
|move|p1a: Scizor|Roost|p1a: Scizor
|-heal|p1a: Scizor|100/100
|-singleturn|p1a: Scizor|move: Roost
|
|upkeep
|turn|20
|
|t:|1620957942
|move|p2a: Toothless|Phantom Force|p1a: Scizor|[from]lockedmove
|-damage|p1a: Scizor|54/100
|move|p1a: Scizor|U-turn|p2a: Toothless
|-resisted|p2a: Toothless
|-damage|p2a: Toothless|0 fnt
|faint|p2a: Toothless
|
|t:|1620957957
|switch|p1a: Dragapult|Dragapult, M|100/100|[from]move: U-turn
|-damage|p1a: Dragapult|88/100|[from] Stealth Rock
|
|upkeep
|
|t:|1620957959
|switch|p2a: Andramada|Tapu Fini|100/100
|-damage|p2a: Andramada|88/100|[from] Stealth Rock
|-fieldstart|move: Misty Terrain|[from] ability: Misty Surge|[of] p2a: Andramada
|turn|21
|
|t:|1620957966
|switch|p1a: Scizor|Scizor, F|54/100
|move|p2a: Andramada|Calm Mind|p2a: Andramada
|-boost|p2a: Andramada|spa|1
|-boost|p2a: Andramada|spd|1
|
|-heal|p2a: Andramada|94/100|[from] item: Leftovers
|upkeep
|turn|22
|
|t:|1620957971
|move|p2a: Andramada|Calm Mind|p2a: Andramada
|-boost|p2a: Andramada|spa|1
|-boost|p2a: Andramada|spd|1
|move|p1a: Scizor|Knock Off|p2a: Andramada
|-resisted|p2a: Andramada
|-damage|p2a: Andramada|85/100
|-enditem|p2a: Andramada|Leftovers|[from] move: Knock Off|[of] p1a: Scizor
|
|upkeep
|turn|23
|
|t:|1620957974
|switch|p1a: Gastrodon|Gastrodon-East, F|96/100
|move|p2a: Andramada|Surf|p1a: Gastrodon
|-ability|p1a: Gastrodon|Storm Drain|boost
|-boost|p1a: Gastrodon|spa|1
|
|upkeep
|turn|24
|
|t:|1620957977
|move|p2a: Andramada|Draining Kiss|p1a: Gastrodon
|-damage|p1a: Gastrodon|73/100
|-heal|p2a: Andramada|100/100|[from] drain|[of] p1a: Gastrodon
|move|p1a: Gastrodon|Clear Smog|p2a: Andramada
|-supereffective|p2a: Andramada
|-damage|p2a: Andramada|88/100
|-clearboost|p2a: Andramada
|
|upkeep
|turn|25
|
|t:|1620957982
|switch|p2a: Gucci|Ferrothorn, M, shiny|69/100
|-damage|p2a: Gucci|63/100|[from] Stealth Rock
|move|p1a: Gastrodon|Earthquake|p2a: Gucci
|-damage|p2a: Gucci|46/100
|
|-fieldend|Misty Terrain
|upkeep
|turn|26
|j| tk99999
|
|t:|1620957988
|switch|p1a: Zapdos|Zapdos|86/100
|-damage|p1a: Zapdos|61/100|[from] Stealth Rock
|move|p2a: Gucci|Leech Seed|p1a: Zapdos
|-start|p1a: Zapdos|move: Leech Seed
|
|-damage|p1a: Zapdos|49/100|[from] Leech Seed|[of] p2a: Gucci
|-heal|p2a: Gucci|59/100|[silent]
|upkeep
|turn|27
|
|t:|1620957995
|switch|p2a: Johnny Blaze|Blaziken, M|100/100
|move|p1a: Zapdos|Volt Switch|p2a: Johnny Blaze
|-damage|p2a: Johnny Blaze|54/100
|
|t:|1620957999
|switch|p1a: Dragapult|Dragapult, M|88/100|[from]move: Volt Switch
|-damage|p1a: Dragapult|76/100|[from] Stealth Rock
|
|upkeep
|turn|28
|
|t:|1620958001
|move|p1a: Dragapult|Shadow Ball|p2a: Johnny Blaze
|-damage|p2a: Johnny Blaze|0 fnt
|faint|p2a: Johnny Blaze
|
|upkeep
|-message|Steez Ibanez forfeited.
|
|win|not mb
|raw|not mb's rating: 1729 &rarr; <strong>1755</strong><br />(+26 for winning)
|raw|Steez Ibanez's rating: 1839 &rarr; <strong>1813</strong><br />(-26 for losing)
|l|☆Steez Ibanez
