|j|☆Ciro napoli
|j|☆chansey and lulu
|t:|1667490294
|gametype|singles
|player|p1|Ciro napoli|klara|1758
|player|p2|chansey and lulu|hooligans|1773
|teamsize|p1|6
|teamsize|p2|6
|gen|8
|tier|[Gen 8] OU
|rated|
|rule|Sleep Clause Mod: Limit one foe put to sleep
|rule|Species Clause: Limit one of each Pokémon
|rule|OHKO Clause: OHKO moves are banned
|rule|Evasion Items Clause: Evasion items are banned
|rule|Evasion Moves Clause: Evasion moves are banned
|rule|Endless Battle Clause: Forcing endless battles is banned
|rule|HP Percentage Mod: HP is shown in percentages
|rule|Dynamax Clause: You cannot dynamax
|clearpoke
|poke|p1|Tapu Koko|
|poke|p1|Garchomp, F|
|poke|p1|Ferrothorn, F|
|poke|p1|Slowking-Galar, F|
|poke|p1|Tornadus-Therian, M|
|poke|p1|Urshifu-*, M|
|poke|p2|Tapu Lele|
|poke|p2|Tyranitar, M|
|poke|p2|Excadrill, F|
|poke|p2|Ferrothorn, M|
|poke|p2|Zapdos|
|poke|p2|Urshifu-*, M|
|teampreview
|inactive|Battle timer is ON: inactive players will automatically lose when time's up. (requested by Ciro napoli)
|j| Bacilisco3
|j| CartelCarlo
|
|t:|1667490313
|start
|switch|p1a: Urshifu|Urshifu-Rapid-Strike, M|100/100
|switch|p2a: Zapdos|Zapdos|100/100
|turn|1
|
|t:|1667490321
|switch|p1a: Garchomp|Garchomp, F|100/100
|move|p2a: Zapdos|Hurricane|p1a: Garchomp
|-damage|p1a: Garchomp|72/100
|
|-heal|p1a: Garchomp|78/100|[from] item: Leftovers
|upkeep
|turn|2
|
|t:|1667490328
|switch|p2a: Ferrothorn|Ferrothorn, M|100/100
|move|p1a: Garchomp|Stealth Rock|p2a: Ferrothorn
|-sidestart|p2: chansey and lulu|move: Stealth Rock
|
|-heal|p1a: Garchomp|84/100|[from] item: Leftovers
|upkeep
|turn|3
|
|t:|1667490334
|switch|p1a: Slowking|Slowking-Galar, F|100/100
|move|p2a: Ferrothorn|Knock Off|p1a: Slowking
|-supereffective|p1a: Slowking
|-damage|p1a: Slowking|57/100
|-enditem|p1a: Slowking|Assault Vest|[from] move: Knock Off|[of] p2a: Ferrothorn
|
|upkeep
|turn|4
|
|t:|1667490344
|switch|p1a: Urshifu|Urshifu-Rapid-Strike, M|100/100
|switch|p2a: Tyranitar|Tyranitar, M|100/100
|-damage|p2a: Tyranitar|88/100|[from] Stealth Rock
|-weather|Sandstorm|[from] ability: Sand Stream|[of] p2a: Tyranitar
|
|-weather|Sandstorm|[upkeep]
|-damage|p1a: Urshifu|94/100|[from] Sandstorm
|upkeep
|turn|5
|
|t:|1667490354
|switch|p2a: Zapdos|Zapdos|100/100
|move|p1a: Urshifu|Surging Strikes|p2a: Zapdos
|-crit|p2a: Zapdos
|-damage|p2a: Zapdos|85/100
|-crit|p2a: Zapdos
|-damage|p2a: Zapdos|70/100
|-crit|p2a: Zapdos
|-damage|p2a: Zapdos|53/100
|-hitcount|p2a: Zapdos|3
|
|-weather|Sandstorm|[upkeep]
|-damage|p1a: Urshifu|88/100|[from] Sandstorm
|-damage|p2a: Zapdos|46/100|[from] Sandstorm
|upkeep
|turn|6
|
|t:|1667490365
|move|p1a: Urshifu|Surging Strikes|p2a: Zapdos
|-crit|p2a: Zapdos
|-damage|p2a: Zapdos|31/100
|-crit|p2a: Zapdos
|-damage|p2a: Zapdos|15/100
|-crit|p2a: Zapdos
|-damage|p2a: Zapdos|0 fnt
|faint|p2a: Zapdos
|-hitcount|p2: Zapdos|3
|
|-weather|Sandstorm|[upkeep]
|-damage|p1a: Urshifu|82/100|[from] Sandstorm
|upkeep
|
|t:|1667490378
|switch|p2a: Ferrothorn|Ferrothorn, M|100/100
|-damage|p2a: Ferrothorn|94/100|[from] Stealth Rock
|turn|7
|
|t:|1667490383
|move|p1a: Urshifu|Close Combat|p2a: Ferrothorn
|-supereffective|p2a: Ferrothorn
|-damage|p2a: Ferrothorn|2/100
|-unboost|p1a: Urshifu|def|1
|-unboost|p1a: Urshifu|spd|1
|-activate|p2a: Ferrothorn|ability: Iron Barbs
|-activate|p1a: Urshifu|item: Protective Pads
|move|p2a: Ferrothorn|Stealth Rock|p1a: Urshifu
|-sidestart|p1: Ciro napoli|move: Stealth Rock
|
|-weather|Sandstorm|[upkeep]
|-damage|p1a: Urshifu|76/100|[from] Sandstorm
|-heal|p2a: Ferrothorn|8/100|[from] item: Leftovers
|upkeep
|turn|8
|
|t:|1667490394
|move|p1a: Urshifu|U-turn|p2a: Ferrothorn
|-damage|p2a: Ferrothorn|0 fnt
|-activate|p2a: Ferrothorn|ability: Iron Barbs
|-activate|p1a: Urshifu|item: Protective Pads
|faint|p2a: Ferrothorn
|
|t:|1667490401
|switch|p1a: Garchomp|Garchomp, F|84/100|[from]move: U-turn
|-damage|p1a: Garchomp|78/100|[from] Stealth Rock
|
|-weather|none
|-heal|p1a: Garchomp|84/100|[from] item: Leftovers
|upkeep
|
|t:|1667490408
|switch|p2a: Urshifu|Urshifu-Rapid-Strike, M|100/100
|-damage|p2a: Urshifu|94/100|[from] Stealth Rock
|turn|9
|
|t:|1667490415
|switch|p1a: Slowking|Slowking-Galar, F|90/100
|-damage|p1a: Slowking|78/100|[from] Stealth Rock
|move|p2a: Urshifu|Ice Punch|p1a: Slowking
|-damage|p1a: Slowking|52/100
|
|upkeep
|turn|10
|
|t:|1667490422
|move|p2a: Urshifu|Surging Strikes|p1a: Slowking
|-crit|p1a: Slowking
|-damage|p1a: Slowking|31/100
|-crit|p1a: Slowking
|-damage|p1a: Slowking|10/100
|-crit|p1a: Slowking
|-damage|p1a: Slowking|0 fnt
|faint|p1a: Slowking
|-hitcount|p1: Slowking|3
|
|upkeep
|
|t:|1667490425
|switch|p1a: Tapu Koko|Tapu Koko|100/100
|-fieldstart|move: Electric Terrain|[from] ability: Electric Surge|[of] p1a: Tapu Koko
|turn|11
|
|t:|1667490436
|switch|p1a: Urshifu|Urshifu-Rapid-Strike, M|76/100
|-damage|p1a: Urshifu|70/100|[from] Stealth Rock
|move|p2a: Urshifu|Surging Strikes|p1a: Urshifu
|-resisted|p1a: Urshifu
|-crit|p1a: Urshifu
|-damage|p1a: Urshifu|60/100
|-resisted|p1a: Urshifu
|-crit|p1a: Urshifu
|-damage|p1a: Urshifu|50/100
|-resisted|p1a: Urshifu
|-crit|p1a: Urshifu
|-damage|p1a: Urshifu|40/100
|-hitcount|p1a: Urshifu|3
|
|upkeep
|turn|12
|
|t:|1667490449
|switch|p1a: Tapu Koko|Tapu Koko|100/100
|move|p2a: Urshifu|U-turn|p1a: Tapu Koko
|-resisted|p1a: Tapu Koko
|-damage|p1a: Tapu Koko|84/100
|
|t:|1667490455
|switch|p2a: Excadrill|Excadrill, F|100/100|[from]move: U-turn
|-damage|p2a: Excadrill|97/100|[from] Stealth Rock
|
|upkeep
|turn|13
|
|t:|1667490460
|switch|p1a: Garchomp|Garchomp, F|84/100
|-damage|p1a: Garchomp|78/100|[from] Stealth Rock
|move|p2a: Excadrill|Earthquake|p1a: Garchomp
|-damage|p1a: Garchomp|0 fnt
|faint|p1a: Garchomp
|
|upkeep
|
|t:|1667490463
|switch|p1a: Urshifu|Urshifu-Rapid-Strike, M|40/100
|-damage|p1a: Urshifu|34/100|[from] Stealth Rock
|turn|14
|
|t:|1667490472
|switch|p2a: Urshifu|Urshifu-Rapid-Strike, M|94/100
|-damage|p2a: Urshifu|88/100|[from] Stealth Rock
|move|p1a: Urshifu|Close Combat|p2a: Urshifu
|-damage|p2a: Urshifu|31/100
|-unboost|p1a: Urshifu|def|1
|-unboost|p1a: Urshifu|spd|1
|
|upkeep
|turn|15
|
|t:|1667490480
|move|p2a: Urshifu|Close Combat|p1a: Urshifu
|-crit|p1a: Urshifu
|-damage|p1a: Urshifu|0 fnt
|-unboost|p2a: Urshifu|def|1
|-unboost|p2a: Urshifu|spd|1
|faint|p1a: Urshifu
|
|-fieldend|move: Electric Terrain
|upkeep
|
|t:|1667490483
|switch|p1a: Tornadus|Tornadus-Therian, M|100/100
|turn|16
|
|t:|1667490492
|move|p1a: Tornadus|Hurricane|p2a: Urshifu
|-supereffective|p2a: Urshifu
|-damage|p2a: Urshifu|0 fnt
|faint|p2a: Urshifu
|
|upkeep
|
|t:|1667490498
|switch|p2a: Tyranitar|Tyranitar, M|88/100
|-damage|p2a: Tyranitar|76/100|[from] Stealth Rock
|-weather|Sandstorm|[from] ability: Sand Stream|[of] p2a: Tyranitar
|turn|17
|
|t:|1667490503
|move|p1a: Tornadus|U-turn|p2a: Tyranitar
|-supereffective|p2a: Tyranitar
|-damage|p2a: Tyranitar|47/100
|
|t:|1667490505
|switch|p1a: Ferrothorn|Ferrothorn, F|100/100|[from]move: U-turn
|-damage|p1a: Ferrothorn|95/100|[from] Stealth Rock
|move|p2a: Tyranitar|Fire Punch|p1a: Ferrothorn
|-supereffective|p1a: Ferrothorn
|-damage|p1a: Ferrothorn|0 fnt
|-damage|p2a: Tyranitar|35/100|[from] ability: Iron Barbs|[of] p1a: Ferrothorn
|faint|p1a: Ferrothorn
|
|-weather|Sandstorm|[upkeep]
|upkeep
|
|t:|1667490509
|switch|p1a: Tapu Koko|Tapu Koko|84/100
|-fieldstart|move: Electric Terrain|[from] ability: Electric Surge|[of] p1a: Tapu Koko
|turn|18
|
|t:|1667490518
|switch|p2a: Excadrill|Excadrill, F|97/100
|-damage|p2a: Excadrill|94/100|[from] Stealth Rock
|move|p1a: Tapu Koko|Dazzling Gleam|p2a: Excadrill
|-resisted|p2a: Excadrill
|-damage|p2a: Excadrill|72/100
|
|-weather|Sandstorm|[upkeep]
|-damage|p1a: Tapu Koko|78/100|[from] Sandstorm
|upkeep
|turn|19
|
|t:|1667490527
|move|p2a: Excadrill|Iron Head|p1a: Tapu Koko
|-damage|p1a: Tapu Koko|0 fnt
|faint|p1a: Tapu Koko
|
|-weather|Sandstorm|[upkeep]
|upkeep
|
|t:|1667490529
|switch|p1a: Tornadus|Tornadus-Therian, M|100/100
|turn|20
|
|t:|1667490534
|move|p2a: Excadrill|Iron Head|p1a: Tornadus
|-damage|p1a: Tornadus|30/100
|cant|p1a: Tornadus|flinch
|
|-weather|Sandstorm|[upkeep]
|-damage|p1a: Tornadus|24/100|[from] Sandstorm
|upkeep
|turn|21
|
|t:|1667490540
|move|p2a: Excadrill|Iron Head|p1a: Tornadus
|-damage|p1a: Tornadus|0 fnt
|faint|p1a: Tornadus
|
|win|chansey and lulu
|raw|Ciro napoli's rating: 1758 &rarr; <strong>1739</strong><br />(-19 for losing)
|raw|chansey and lulu's rating: 1773 &rarr; <strong>1792</strong><br />(+19 for winning)
|l|☆Ciro napoli
|l|☆chansey and lulu
