|j|☆maxinyuuu
|j|☆minimax_ai
|t:|1665388840
|gametype|singles
|player|p1|maxinyuuu|1|1481
|player|p2|minimax_ai|lusamine-nihilego|1542
|teamsize|p1|6
|teamsize|p2|6
|gen|8
|tier|[Gen 8] OU
|rated|
|rule|Sleep Clause Mod: Limit one foe put to sleep
|rule|Species Clause: Limit one of each Pokémon
|rule|OHKO Clause: OHKO moves are banned
|rule|Evasion Items Clause: Evasion items are banned
|rule|Evasion Moves Clause: Evasion moves are banned
|rule|Endless Battle Clause: Forcing endless battles is banned
|rule|HP Percentage Mod: HP is shown in percentages
|rule|Dynamax Clause: You cannot dynamax
|clearpoke
|poke|p1|Melmetal|
|poke|p1|Marowak-Alola, F|
|poke|p1|Crawdaunt, F|
|poke|p1|Cresselia, F|
|poke|p1|Hatterene, F|
|poke|p1|Porygon2|
|poke|p2|Rotom-Wash|
|poke|p2|Weavile, M|
|poke|p2|Landorus-Therian, M|
|poke|p2|Heatran, M|
|poke|p2|Tangrowth, F|
|poke|p2|Melmetal|
|teampreview
|c|☆minimax_ai|hf
|inactive|Battle timer is ON: inactive players will automatically lose when time's up. (requested by minimax_ai)
|c|☆maxinyuuu|u2
|inactive|maxinyuuu has 120 seconds left.
|
|t:|1665388876
|start
|switch|p1a: Hatterene|Hatterene, F|100/100
|switch|p2a: landorustherian|Landorus-Therian, M|100/100
|-ability|p2a: landorustherian|Intimidate|boost
|-unboost|p1a: Hatterene|atk|1
|turn|1
|
|t:|1665388882
|move|p2a: landorustherian|U-turn|p1a: Hatterene
|-damage|p1a: Hatterene|77/100
|
|t:|1665388882
|switch|p2a: Heatran|Heatran, M|100/100|[from]move: U-turn
|-item|p2a: Heatran|Air Balloon
|move|p1a: Hatterene|Trick Room|p1a: Hatterene
|-fieldstart|move: Trick Room|[of] p1a: Hatterene
|
|upkeep
|turn|2
|
|t:|1665388885
|move|p1a: Hatterene|Psychic|p2a: Heatran
|-resisted|p2a: Heatran
|-crit|p2a: Heatran
|-damage|p2a: Heatran|61/100
|-enditem|p2a: Heatran|Air Balloon
|move|p2a: Heatran|Eruption|p1a: Hatterene
|-damage|p1a: Hatterene|25/100
|
|upkeep
|turn|3
|
|t:|1665388899
|move|p1a: Hatterene|Healing Wish|p1a: Hatterene
|faint|p1a: Hatterene
|move|p2a: Heatran|Earth Power|p1: Hatterene|[notarget]
|-fail|p2a: Heatran
|
|upkeep
|
|t:|1665388902
|switch|p1a: Crawdaunt|Crawdaunt, F|100/100
|turn|4
|
|t:|1665388904
|switch|p2a: Tangrowth|Tangrowth, F|100/100
|move|p1a: Crawdaunt|Knock Off|p2a: Tangrowth
|-damage|p2a: Tangrowth|55/100
|-damage|p1a: Crawdaunt|84/100|[from] item: Rocky Helmet|[of] p2a: Tangrowth
|-enditem|p2a: Tangrowth|Rocky Helmet|[from] move: Knock Off|[of] p1a: Crawdaunt
|-damage|p1a: Crawdaunt|74/100|[from] item: Life Orb
|
|upkeep
|turn|5
|
|t:|1665388909
|switch|p1a: Marowak|Marowak-Alola, F|100/100
|move|p2a: Tangrowth|Sleep Powder|p1a: Marowak|[miss]
|-miss|p2a: Tangrowth|p1a: Marowak
|
|-fieldend|move: Trick Room
|upkeep
|turn|6
|
|t:|1665388918
|switch|p2a: rotomwash|Rotom-Wash|100/100
|move|p1a: Marowak|Flare Blitz|p2a: rotomwash
|-resisted|p2a: rotomwash
|-damage|p2a: rotomwash|50/100
|-damage|p1a: Marowak|85/100|[from] Recoil
|
|-heal|p2a: rotomwash|56/100|[from] item: Leftovers
|upkeep
|turn|7
|
|t:|1665388923
|switch|p1a: Cresselia|Cresselia, F|100/100
|move|p2a: rotomwash|Hydro Pump|p1a: Cresselia
|-damage|p1a: Cresselia|81/100
|
|-heal|p2a: rotomwash|63/100|[from] item: Leftovers
|upkeep
|turn|8
|
|t:|1665388925
|move|p2a: rotomwash|Pain Split|p1a: Cresselia
|-sethp|p1a: Cresselia|62/100|[from] move: Pain Split|[silent]
|-sethp|p2a: rotomwash|90/100|[from] move: Pain Split
|move|p1a: Cresselia|Trick Room|p1a: Cresselia
|-fieldstart|move: Trick Room|[of] p1a: Cresselia
|
|-heal|p2a: rotomwash|96/100|[from] item: Leftovers
|upkeep
|turn|9
|
|t:|1665388927
|move|p1a: Cresselia|Toxic|p2a: rotomwash
|-status|p2a: rotomwash|tox
|move|p2a: rotomwash|Nasty Plot|p2a: rotomwash
|-boost|p2a: rotomwash|spa|2
|
|-heal|p2a: rotomwash|100/100 tox|[from] item: Leftovers
|-damage|p2a: rotomwash|94/100 tox|[from] psn
|upkeep
|turn|10
|
|t:|1665388935
|switch|p1a: Melmetal|Melmetal|100/100
|move|p2a: rotomwash|Thunderbolt|p1a: Melmetal
|-damage|p1a: Melmetal|23/100
|
|-heal|p2a: rotomwash|100/100 tox|[from] item: Leftovers
|-damage|p2a: rotomwash|88/100 tox|[from] psn
|upkeep
|turn|11
|
|t:|1665388939
|move|p1a: Melmetal|Double Iron Bash|p2a: rotomwash
|-resisted|p2a: rotomwash
|-crit|p2a: rotomwash
|-damage|p2a: rotomwash|60/100 tox
|-resisted|p2a: rotomwash
|-damage|p2a: rotomwash|44/100 tox
|-hitcount|p2a: rotomwash|2
|cant|p2a: rotomwash|flinch
|
|-heal|p2a: rotomwash|50/100 tox|[from] item: Leftovers
|-damage|p2a: rotomwash|31/100 tox|[from] psn
|upkeep
|turn|12
|
|t:|1665388945
|switch|p2a: Tangrowth|Tangrowth, F|88/100
|move|p1a: Melmetal|Double Iron Bash|p2a: Tangrowth
|-damage|p2a: Tangrowth|54/100
|-damage|p2a: Tangrowth|16/100
|-hitcount|p2a: Tangrowth|2
|
|-fieldend|move: Trick Room
|upkeep
|turn|13
|
|t:|1665388955
|switch|p1a: Crawdaunt|Crawdaunt, F|74/100
|-heal|p1a: Crawdaunt|100/100|[from] move: Healing Wish
|move|p2a: Tangrowth|Focus Blast|p1a: Crawdaunt|[miss]
|-miss|p2a: Tangrowth|p1a: Crawdaunt
|
|upkeep
|turn|14
|
|t:|1665388958
|switch|p2a: rotomwash|Rotom-Wash|31/100 tox
|move|p1a: Crawdaunt|Aqua Jet|p2a: rotomwash
|-resisted|p2a: rotomwash
|-damage|p2a: rotomwash|12/100 tox
|-damage|p1a: Crawdaunt|90/100|[from] item: Life Orb
|
|-heal|p2a: rotomwash|18/100 tox|[from] item: Leftovers
|-damage|p2a: rotomwash|12/100 tox|[from] psn
|upkeep
|turn|15
|
|t:|1665388960
|move|p1a: Crawdaunt|Aqua Jet|p2a: rotomwash
|-resisted|p2a: rotomwash
|-damage|p2a: rotomwash|0 fnt
|faint|p2a: rotomwash
|-damage|p1a: Crawdaunt|80/100|[from] item: Life Orb
|
|upkeep
|
|t:|1665388960
|switch|p2a: Melmetal|Melmetal|100/100
|turn|16
|
|t:|1665388966
|switch|p1a: Cresselia|Cresselia, F|62/100
|move|p2a: Melmetal|Thunder Punch|p1a: Cresselia
|-damage|p1a: Cresselia|41/100
|-damage|p2a: Melmetal|84/100|[from] item: Rocky Helmet|[of] p1a: Cresselia
|
|upkeep
|turn|17
|
|t:|1665388973
|switch|p1a: Marowak|Marowak-Alola, F|85/100
|move|p2a: Melmetal|Earthquake|p1a: Marowak
|-supereffective|p1a: Marowak
|-damage|p1a: Marowak|17/100
|
|upkeep
|turn|18
|
|t:|1665388975
|switch|p2a: landorustherian|Landorus-Therian, M|100/100
|-ability|p2a: landorustherian|Intimidate|boost
|-unboost|p1a: Marowak|atk|1
|move|p1a: Marowak|Flare Blitz|p2a: landorustherian
|-damage|p2a: landorustherian|36/100
|-damage|p1a: Marowak|0 fnt|[from] Recoil
|faint|p1a: Marowak
|
|-heal|p2a: landorustherian|42/100|[from] item: Leftovers
|upkeep
|
|t:|1665388979
|switch|p1a: Crawdaunt|Crawdaunt, F|80/100
|turn|19
|
|t:|1665388980
|move|p1a: Crawdaunt|Aqua Jet|p2a: landorustherian
|-supereffective|p2a: landorustherian
|-damage|p2a: landorustherian|0 fnt
|faint|p2a: landorustherian
|-damage|p1a: Crawdaunt|70/100|[from] item: Life Orb
|
|upkeep
|
|t:|1665388980
|switch|p2a: Melmetal|Melmetal|84/100
|turn|20
|
|t:|1665388985
|move|p2a: Melmetal|Thunder Punch|p1a: Crawdaunt
|-supereffective|p1a: Crawdaunt
|-damage|p1a: Crawdaunt|0 fnt
|faint|p1a: Crawdaunt
|
|upkeep
|
|t:|1665388988
|switch|p1a: Cresselia|Cresselia, F|41/100
|turn|21
|
|t:|1665388990
|move|p2a: Melmetal|Double Iron Bash|p1a: Cresselia
|-crit|p1a: Cresselia
|-damage|p1a: Cresselia|1/100
|-damage|p2a: Melmetal|67/100|[from] item: Rocky Helmet|[of] p1a: Cresselia
|-damage|p1a: Cresselia|0 fnt
|-damage|p2a: Melmetal|51/100|[from] item: Rocky Helmet|[of] p1a: Cresselia
|faint|p1a: Cresselia
|-hitcount|p1: Cresselia|2
|
|upkeep
|
|t:|1665388993
|switch|p1a: Porygon2|Porygon2|100/100
|-ability|p1a: Porygon2|Iron Fist|[from] ability: Trace|[of] p2a: Melmetal
|turn|22
|-message|maxinyuuu forfeited.
|
|win|minimax_ai
|raw|maxinyuuu's rating: 1481 &rarr; <strong>1464</strong><br />(-17 for losing)
|raw|minimax_ai's rating: 1542 &rarr; <strong>1559</strong><br />(+17 for winning)
|c|☆minimax_ai|gg
|l|☆maxinyuuu
