|j|☆LT94JE Kingpin
|j|☆2(H2O)-Alt
|t:|1664932244
|gametype|singles
|player|p1|LT94JE Kingpin|101|1833
|player|p2|2(H2O)-Alt|chase|1750
|teamsize|p1|6
|teamsize|p2|6
|gen|8
|tier|[Gen 8] OU
|rated|
|rule|Sleep Clause Mod: Limit one foe put to sleep
|rule|Species Clause: Limit one of each Pokémon
|rule|OHKO Clause: OHKO moves are banned
|rule|Evasion Items Clause: Evasion items are banned
|rule|Evasion Moves Clause: Evasion moves are banned
|rule|Endless Battle Clause: Forcing endless battles is banned
|rule|HP Percentage Mod: HP is shown in percentages
|rule|Dynamax Clause: You cannot dynamax
|clearpoke
|poke|p1|Toxapex, M|
|poke|p1|Rotom-Wash|
|poke|p1|Clefable, M|
|poke|p1|Skarmory, M|
|poke|p1|Excadrill, F|
|poke|p1|Tyranitar, F|
|poke|p2|Weavile, M|
|poke|p2|Blaziken, M|
|poke|p2|Rillaboom, M|
|poke|p2|Nihilego|
|poke|p2|Dragapult, M|
|poke|p2|Aegislash, M|
|teampreview
|inactive|Battle timer is ON: inactive players will automatically lose when time's up. (requested by 2(H2O)-Alt)
|j| sook9
|
|t:|1664932259
|start
|switch|p1a: Tyranitar|Tyranitar, F|100/100
|switch|p2a: Nihilego|Nihilego|100/100
|-weather|Sandstorm|[from] ability: Sand Stream|[of] p1a: Tyranitar
|turn|1
|
|t:|1664932261
|move|p2a: Nihilego|Stealth Rock|p1a: Tyranitar
|-sidestart|p1: LT94JE Kingpin|move: Stealth Rock
|move|p1a: Tyranitar|Crunch|p2a: Nihilego
|-damage|p2a: Nihilego|0 fnt
|faint|p2a: Nihilego
|
|-weather|Sandstorm|[upkeep]
|upkeep
|
|t:|1664932266
|switch|p2a: Bandit|Weavile, M, shiny|100/100
|-ability|p2a: Bandit|Pressure
|turn|2
|
|t:|1664932280
|move|p2a: Bandit|Knock Off|p1a: Tyranitar
|-resisted|p1a: Tyranitar
|-damage|p1a: Tyranitar|69/100
|-enditem|p1a: Tyranitar|Choice Band|[from] move: Knock Off|[of] p2a: Bandit
|-damage|p2a: Bandit|91/100|[from] item: Life Orb
|move|p1a: Tyranitar|Crunch|p2a: Bandit
|-resisted|p2a: Bandit
|-damage|p2a: Bandit|50/100
|
|-weather|Sandstorm|[upkeep]
|-damage|p2a: Bandit|44/100|[from] Sandstorm
|upkeep
|turn|3
|j| qwertysadge
|
|t:|1664932290
|switch|p1a: Toxapex|Toxapex, M|100/100
|-damage|p1a: Toxapex|88/100|[from] Stealth Rock
|move|p2a: Bandit|Knock Off|p1a: Toxapex
|-damage|p1a: Toxapex|36/100
|-enditem|p1a: Toxapex|Shed Shell|[from] move: Knock Off|[of] p2a: Bandit
|-damage|p2a: Bandit|34/100|[from] item: Life Orb
|
|-weather|Sandstorm|[upkeep]
|-damage|p2a: Bandit|28/100|[from] Sandstorm
|-damage|p1a: Toxapex|31/100|[from] Sandstorm
|upkeep
|turn|4
|
|t:|1664932312
|switch|p1a: Rotom|Rotom-Wash|100/100
|-damage|p1a: Rotom|88/100|[from] Stealth Rock
|move|p2a: Bandit|Swords Dance|p2a: Bandit
|-boost|p2a: Bandit|atk|2
|
|-weather|Sandstorm|[upkeep]
|-damage|p2a: Bandit|22/100|[from] Sandstorm
|-damage|p1a: Rotom|82/100|[from] Sandstorm
|-heal|p1a: Rotom|88/100|[from] item: Leftovers
|upkeep
|turn|5
|
|t:|1664932327
|switch|p1a: Clefable|Clefable, M|100/100
|move|p2a: Bandit|Knock Off|p1a: Clefable
|-resisted|p1a: Clefable
|-damage|p1a: Clefable|52/100
|-enditem|p1a: Clefable|Leftovers|[from] move: Knock Off|[of] p2a: Bandit
|-damage|p2a: Bandit|12/100|[from] item: Life Orb
|
|-weather|none
|upkeep
|turn|6
|
|t:|1664932335
|switch|p1a: Tyranitar|Tyranitar, F|69/100
|-damage|p1a: Tyranitar|56/100|[from] Stealth Rock
|-weather|Sandstorm|[from] ability: Sand Stream|[of] p1a: Tyranitar
|move|p2a: Bandit|Triple Axel|p1a: Tyranitar|[miss]
|-miss|p2a: Bandit|p1a: Tyranitar
|
|-weather|Sandstorm|[upkeep]
|-damage|p2a: Bandit|6/100|[from] Sandstorm
|upkeep
|turn|7
|l| sook9
|
|t:|1664932340
|move|p2a: Bandit|Triple Axel|p1a: Tyranitar
|-damage|p1a: Tyranitar|28/100
|-damage|p1a: Tyranitar|0 fnt
|faint|p1a: Tyranitar
|-hitcount|p1: Tyranitar|2
|-damage|p2a: Bandit|0 fnt|[from] item: Life Orb
|faint|p2a: Bandit
|
|-weather|Sandstorm|[upkeep]
|upkeep
|
|t:|1664932353
|switch|p2a: Destroyer|Blaziken, M, shiny|100/100
|switch|p1a: Ezcadrill|Excadrill, F|100/100
|-damage|p1a: Ezcadrill|97/100|[from] Stealth Rock
|turn|8
|
|t:|1664932360
|switch|p2a: Kong|Rillaboom, M, shiny|100/100
|-fieldstart|move: Grassy Terrain|[from] ability: Grassy Surge|[of] p2a: Kong
|move|p1a: Ezcadrill|Rapid Spin|p2a: Kong
|-damage|p2a: Kong|79/100
|-boost|p1a: Ezcadrill|spe|1
|-sideend|p1: LT94JE Kingpin|Stealth Rock|[from] move: Rapid Spin|[of] p1a: Ezcadrill
|
|-weather|Sandstorm|[upkeep]
|-damage|p2a: Kong|73/100|[from] Sandstorm
|-heal|p1a: Ezcadrill|100/100|[from] Grassy Terrain
|-heal|p2a: Kong|79/100|[from] Grassy Terrain
|upkeep
|turn|9
|
|t:|1664932366
|switch|p2a: Destroyer|Blaziken, M, shiny|100/100
|move|p1a: Ezcadrill|Earthquake|p2a: Destroyer
|-supereffective|p2a: Destroyer
|-damage|p2a: Destroyer|21/100
|
|-weather|Sandstorm|[upkeep]
|-damage|p2a: Destroyer|15/100|[from] Sandstorm
|-heal|p2a: Destroyer|21/100|[from] Grassy Terrain
|upkeep
|turn|10
|
|t:|1664932372
|move|p2a: Destroyer|Protect|p2a: Destroyer
|-singleturn|p2a: Destroyer|Protect
|move|p1a: Ezcadrill|Iron Head|p2a: Destroyer
|-activate|p2a: Destroyer|move: Protect
|
|-weather|none
|-heal|p2a: Destroyer|27/100|[from] Grassy Terrain
|-ability|p2a: Destroyer|Speed Boost|boost
|-boost|p2a: Destroyer|spe|1
|upkeep
|turn|11
|
|t:|1664932378
|switch|p1a: Toxapex|Toxapex, M|64/100
|move|p2a: Destroyer|Protect||[still]
|-fail|p2a: Destroyer
|
|-heal|p2a: Destroyer|33/100|[from] Grassy Terrain
|-heal|p1a: Toxapex|70/100|[from] Grassy Terrain
|-ability|p2a: Destroyer|Speed Boost|boost
|-boost|p2a: Destroyer|spe|1
|upkeep
|turn|12
|
|t:|1664932381
|move|p2a: Destroyer|Swords Dance|p2a: Destroyer
|-boost|p2a: Destroyer|atk|2
|move|p1a: Toxapex|Toxic Spikes|p2a: Destroyer
|-sidestart|p2: 2(H2O)-Alt|move: Toxic Spikes
|
|-heal|p2a: Destroyer|39/100|[from] Grassy Terrain
|-heal|p1a: Toxapex|76/100|[from] Grassy Terrain
|-fieldend|move: Grassy Terrain
|-ability|p2a: Destroyer|Speed Boost|boost
|-boost|p2a: Destroyer|spe|1
|upkeep
|turn|13
|
|t:|1664932383
|move|p2a: Destroyer|Close Combat|p1a: Toxapex
|-resisted|p1a: Toxapex
|-damage|p1a: Toxapex|20/100
|-unboost|p2a: Destroyer|def|1
|-unboost|p2a: Destroyer|spd|1
|-damage|p2a: Destroyer|29/100|[from] item: Life Orb
|move|p1a: Toxapex|Recover|p1a: Toxapex
|-heal|p1a: Toxapex|70/100
|
|-ability|p2a: Destroyer|Speed Boost|boost
|-boost|p2a: Destroyer|spe|1
|upkeep
|turn|14
|j| Jongruenwald
|
|t:|1664932393
|move|p2a: Destroyer|Close Combat|p1a: Toxapex
|-resisted|p1a: Toxapex
|-damage|p1a: Toxapex|13/100
|-unboost|p2a: Destroyer|def|1
|-unboost|p2a: Destroyer|spd|1
|-damage|p2a: Destroyer|19/100|[from] item: Life Orb
|move|p1a: Toxapex|Toxic|p2a: Destroyer
|-status|p2a: Destroyer|tox
|
|-damage|p2a: Destroyer|13/100 tox|[from] psn
|-ability|p2a: Destroyer|Speed Boost|boost
|-boost|p2a: Destroyer|spe|1
|upkeep
|turn|15
|
|t:|1664932401
|move|p2a: Destroyer|Close Combat|p1a: Toxapex
|-resisted|p1a: Toxapex
|-damage|p1a: Toxapex|0 fnt
|-unboost|p2a: Destroyer|def|1
|-unboost|p2a: Destroyer|spd|1
|faint|p1a: Toxapex
|-damage|p2a: Destroyer|3/100 tox|[from] item: Life Orb
|
|-damage|p2a: Destroyer|0 fnt|[from] psn
|faint|p2a: Destroyer
|upkeep
|
|t:|1664932412
|switch|p2a: Aegislash|Aegislash, M|100/100
|switch|p1a: Rotom|Rotom-Wash|88/100
|turn|16
|
|t:|1664932416
|move|p1a: Rotom|Will-O-Wisp|p2a: Aegislash|[miss]
|-miss|p1a: Rotom|p2a: Aegislash
|move|p2a: Aegislash|Swords Dance|p2a: Aegislash
|-boost|p2a: Aegislash|atk|2
|
|-heal|p1a: Rotom|94/100|[from] item: Leftovers
|upkeep
|turn|17
|c|☆LT94JE Kingpin|ungood
|
|t:|1664932422
|switch|p2a: Leviathan|Dragapult, M, shiny|100/100
|-status|p2a: Leviathan|psn
|move|p1a: Rotom|Will-O-Wisp||[still]
|-fail|p1a: Rotom
|
|-heal|p1a: Rotom|100/100|[from] item: Leftovers
|-damage|p2a: Leviathan|88/100 psn|[from] psn
|upkeep
|turn|18
|
|t:|1664932425
|move|p2a: Leviathan|Dragon Dance|p2a: Leviathan
|-boost|p2a: Leviathan|atk|1
|-boost|p2a: Leviathan|spe|1
|move|p1a: Rotom|Pain Split|p2a: Leviathan
|-sethp|p2a: Leviathan|92/100 psn|[from] move: Pain Split|[silent]
|-sethp|p1a: Rotom|96/100|[from] move: Pain Split
|
|-heal|p1a: Rotom|100/100|[from] item: Leftovers
|-damage|p2a: Leviathan|80/100 psn|[from] psn
|upkeep
|turn|19
|
|t:|1664932429
|switch|p1a: Clefable|Clefable, M|52/100
|move|p2a: Leviathan|Phantom Force||[still]
|-prepare|p2a: Leviathan|Phantom Force
|
|-damage|p2a: Leviathan|68/100 psn|[from] psn
|upkeep
|turn|20
|inactive|LT94JE Kingpin has 120 seconds left.
|l| qwertysadge
|
|t:|1664932474
|switch|p1a: Rotom|Rotom-Wash|100/100
|move|p2a: Leviathan|Phantom Force|p1a: Rotom|[from]lockedmove
|-damage|p1a: Rotom|0 fnt
|faint|p1a: Rotom
|-damage|p2a: Leviathan|58/100 psn|[from] item: Life Orb
|
|-damage|p2a: Leviathan|46/100 psn|[from] psn
|upkeep
|
|t:|1664932485
|switch|p1a: Clefable|Clefable, M|52/100
|turn|21
|
|t:|1664932488
|move|p2a: Leviathan|Dragon Dance|p2a: Leviathan
|-boost|p2a: Leviathan|atk|1
|-boost|p2a: Leviathan|spe|1
|move|p1a: Clefable|Stealth Rock|p2a: Leviathan
|-sidestart|p2: 2(H2O)-Alt|move: Stealth Rock
|
|-damage|p2a: Leviathan|33/100 psn|[from] psn
|upkeep
|turn|22
|inactive|LT94JE Kingpin has 120 seconds left.
|
|t:|1664932501
|move|p2a: Leviathan|Dragon Dance|p2a: Leviathan
|-boost|p2a: Leviathan|atk|1
|-boost|p2a: Leviathan|spe|1
|move|p1a: Clefable|Soft-Boiled|p1a: Clefable
|-heal|p1a: Clefable|100/100
|
|-damage|p2a: Leviathan|21/100 psn|[from] psn
|upkeep
|turn|23
|
|t:|1664932506
|move|p2a: Leviathan|Phantom Force||[still]
|-prepare|p2a: Leviathan|Phantom Force
|move|p1a: Clefable|Stealth Rock||[still]
|-fail|p1a: Clefable
|
|-damage|p2a: Leviathan|9/100 psn|[from] psn
|upkeep
|turn|24
|
|t:|1664932509
|move|p2a: Leviathan|Phantom Force|p1a: Clefable|[from]lockedmove
|-damage|p1a: Clefable|0 fnt
|faint|p1a: Clefable
|-damage|p2a: Leviathan|0 fnt|[from] item: Life Orb
|faint|p2a: Leviathan
|
|upkeep
|
|t:|1664932519
|switch|p2a: Kong|Rillaboom, M, shiny|79/100
|switch|p1a: Skarmory|Skarmory, M|100/100
|-status|p2a: Kong|psn
|-damage|p2a: Kong|67/100 psn|[from] Stealth Rock
|-fieldstart|move: Grassy Terrain|[from] ability: Grassy Surge|[of] p2a: Kong
|turn|25
|
|t:|1664932526
|switch|p2a: Aegislash|Aegislash, M|100/100
|-damage|p2a: Aegislash|94/100|[from] Stealth Rock
|move|p1a: Skarmory|Iron Defense|p1a: Skarmory
|-boost|p1a: Skarmory|def|2
|
|-heal|p2a: Aegislash|100/100|[from] Grassy Terrain
|upkeep
|turn|26
|
|t:|1664932528
|move|p1a: Skarmory|Spikes|p2a: Aegislash
|-sidestart|p2: 2(H2O)-Alt|Spikes
|move|p2a: Aegislash|Swords Dance|p2a: Aegislash
|-boost|p2a: Aegislash|atk|2
|
|upkeep
|turn|27
|
|t:|1664932531
|move|p1a: Skarmory|Spikes|p2a: Aegislash
|-sidestart|p2: 2(H2O)-Alt|Spikes
|move|p2a: Aegislash|Swords Dance|p2a: Aegislash
|-boost|p2a: Aegislash|atk|2
|
|upkeep
|turn|28
|
|t:|1664932532
|move|p1a: Skarmory|Iron Defense|p1a: Skarmory
|-boost|p1a: Skarmory|def|2
|move|p2a: Aegislash|Swords Dance|p2a: Aegislash
|-boost|p2a: Aegislash|atk|2
|
|upkeep
|turn|29
|
|t:|1664932535
|move|p1a: Skarmory|Iron Defense|p1a: Skarmory
|-boost|p1a: Skarmory|def|2
|-formechange|p2a: Aegislash|Aegislash-Blade||[from] ability: Stance Change
|move|p2a: Aegislash|Close Combat|p1a: Skarmory
|-damage|p1a: Skarmory|70/100
|-unboost|p2a: Aegislash|def|1
|-unboost|p2a: Aegislash|spd|1
|-damage|p2a: Aegislash|84/100|[from] item: Rocky Helmet|[of] p1a: Skarmory
|
|-heal|p2a: Aegislash|90/100|[from] Grassy Terrain
|-fieldend|move: Grassy Terrain
|upkeep
|turn|30
|
|t:|1664932539
|move|p1a: Skarmory|Roost|p1a: Skarmory
|-heal|p1a: Skarmory|100/100
|-singleturn|p1a: Skarmory|move: Roost
|move|p2a: Aegislash|Close Combat|p1a: Skarmory
|-supereffective|p1a: Skarmory
|-damage|p1a: Skarmory|43/100
|-unboost|p2a: Aegislash|def|1
|-unboost|p2a: Aegislash|spd|1
|-damage|p2a: Aegislash|73/100|[from] item: Rocky Helmet|[of] p1a: Skarmory
|
|upkeep
|turn|31
|
|t:|1664932542
|move|p1a: Skarmory|Roost|p1a: Skarmory
|-heal|p1a: Skarmory|93/100
|-singleturn|p1a: Skarmory|move: Roost
|move|p2a: Aegislash|Close Combat|p1a: Skarmory
|-supereffective|p1a: Skarmory
|-damage|p1a: Skarmory|32/100
|-unboost|p2a: Aegislash|def|1
|-unboost|p2a: Aegislash|spd|1
|-damage|p2a: Aegislash|57/100|[from] item: Rocky Helmet|[of] p1a: Skarmory
|
|upkeep
|turn|32
|
|t:|1664932548
|move|p1a: Skarmory|Roost|p1a: Skarmory
|-heal|p1a: Skarmory|82/100
|-singleturn|p1a: Skarmory|move: Roost
|move|p2a: Aegislash|Close Combat|p1a: Skarmory
|-supereffective|p1a: Skarmory
|-damage|p1a: Skarmory|27/100
|-unboost|p2a: Aegislash|def|1
|-unboost|p2a: Aegislash|spd|1
|-damage|p2a: Aegislash|40/100|[from] item: Rocky Helmet|[of] p1a: Skarmory
|
|upkeep
|turn|33
|
|t:|1664932552
|move|p1a: Skarmory|Roost|p1a: Skarmory
|-heal|p1a: Skarmory|77/100
|-singleturn|p1a: Skarmory|move: Roost
|move|p2a: Aegislash|Close Combat|p1a: Skarmory
|-supereffective|p1a: Skarmory
|-damage|p1a: Skarmory|25/100
|-unboost|p2a: Aegislash|def|1
|-unboost|p2a: Aegislash|spd|1
|-damage|p2a: Aegislash|23/100|[from] item: Rocky Helmet|[of] p1a: Skarmory
|
|upkeep
|turn|34
|
|t:|1664932556
|move|p1a: Skarmory|Roost|p1a: Skarmory
|-heal|p1a: Skarmory|75/100
|-singleturn|p1a: Skarmory|move: Roost
|move|p2a: Aegislash|Close Combat|p1a: Skarmory
|-supereffective|p1a: Skarmory
|-damage|p1a: Skarmory|17/100
|-unboost|p2a: Aegislash|def|1
|-unboost|p2a: Aegislash|spd|1
|-damage|p2a: Aegislash|7/100|[from] item: Rocky Helmet|[of] p1a: Skarmory
|
|upkeep
|turn|35
|
|t:|1664932561
|move|p1a: Skarmory|Roost|p1a: Skarmory
|-heal|p1a: Skarmory|67/100
|-singleturn|p1a: Skarmory|move: Roost
|move|p2a: Aegislash|Close Combat|p1a: Skarmory
|-supereffective|p1a: Skarmory
|-damage|p1a: Skarmory|16/100
|-damage|p2a: Aegislash|0 fnt|[from] item: Rocky Helmet|[of] p1a: Skarmory
|faint|p2a: Aegislash
|
|upkeep
|
|t:|1664932563
|switch|p2a: Kong|Rillaboom, M, shiny|67/100 psn
|-damage|p2a: Kong|54/100 psn|[from] Stealth Rock
|-damage|p2a: Kong|38/100 psn|[from] Spikes
|-fieldstart|move: Grassy Terrain|[from] ability: Grassy Surge|[of] p2a: Kong
|turn|36
|
|t:|1664932567
|move|p2a: Kong|Superpower|p1a: Skarmory
|-damage|p1a: Skarmory|6/100
|-unboost|p2a: Kong|atk|1
|-unboost|p2a: Kong|def|1
|-damage|p2a: Kong|22/100 psn|[from] item: Rocky Helmet|[of] p1a: Skarmory
|-damage|p2a: Kong|12/100 psn|[from] item: Life Orb
|move|p1a: Skarmory|Body Press|p2a: Kong
|-damage|p2a: Kong|0 fnt
|faint|p2a: Kong
|
|win|LT94JE Kingpin
|raw|LT94JE Kingpin's rating: 1833 &rarr; <strong>1848</strong><br />(+15 for winning)
|raw|2(H2O)-Alt's rating: 1750 &rarr; <strong>1735</strong><br />(-15 for losing)
|l|☆2(H2O)-Alt
