|j|☆SuperTheoryBros
|j|☆someidiot19
|t:|1635288516
|gametype|singles
|player|p1|SuperTheoryBros|265|1736
|player|p2|someidiot19|karen-gen2|1670
|teamsize|p1|6
|teamsize|p2|6
|gen|8
|tier|[Gen 8] OU
|rated|
|rule|Sleep Clause Mod: Limit one foe put to sleep
|rule|Species Clause: Limit one of each Pokémon
|rule|OHKO Clause: OHKO moves are banned
|rule|Evasion Moves Clause: Evasion moves are banned
|rule|Endless Battle Clause: Forcing endless battles is banned
|rule|HP Percentage Mod: HP is shown in percentages
|rule|Dynamax Clause: You cannot dynamax
|clearpoke
|poke|p1|Shedinja|
|poke|p1|Avalugg, F|
|poke|p1|Landorus-Therian, M|
|poke|p1|Toxapex, M|
|poke|p1|Skarmory, F|
|poke|p1|Blissey, F|
|poke|p2|Blaziken, F|
|poke|p2|Clefable, F|
|poke|p2|Tapu Lele|
|poke|p2|Kyurem|
|poke|p2|Ferrothorn, F|
|poke|p2|Tapu Fini|
|teampreview
|inactive|Battle timer is ON: inactive players will automatically lose when time's up. (requested by someidiot19)
|inactive|SuperTheoryBros also wants the timer to be on.
|j| deju veus
|j| NotSupaTerrestrial
|
|t:|1635288550
|start
|switch|p1a: Toxapex|Toxapex, M|100/100
|switch|p2a: Tapu Lele|Tapu Lele|100/100
|-fieldstart|move: Psychic Terrain|[from] ability: Psychic Surge|[of] p2a: Tapu Lele
|turn|1
|
|t:|1635288559
|move|p2a: Tapu Lele|Future Sight|p1a: Toxapex
|-start|p2a: Tapu Lele|move: Future Sight
|move|p1a: Toxapex|Toxic Spikes|p2a: Tapu Lele
|-sidestart|p2: someidiot19|move: Toxic Spikes
|
|upkeep
|turn|2
|j| Fart Stinky
|
|t:|1635288579
|switch|p1a: Shedinja|Shedinja|100/100
|move|p2a: Tapu Lele|Shadow Ball|p1a: Shedinja
|-supereffective|p1a: Shedinja
|-damage|p1a: Shedinja|0 fnt
|faint|p1a: Shedinja
|
|upkeep
|l| deju veus
|inactive|SuperTheoryBros has 120 seconds left.
|
|t:|1635288603
|switch|p1a: Blissey|Blissey, F|100/100
|turn|3
|c| Fart Stinky|i love shedinjaaaa
|
|t:|1635288616
|move|p2a: Tapu Lele|Psyshock|p1a: Blissey
|-damage|p1a: Blissey|42/100
|move|p1a: Blissey|Toxic|p2a: Tapu Lele
|-status|p2a: Tapu Lele|tox
|
|-end|p1a: Blissey|move: Future Sight
|-damage|p1a: Blissey|12/100
|-damage|p2a: Tapu Lele|94/100 tox|[from] psn
|upkeep
|turn|4
|l| Fart Stinky
|
|t:|1635288635
|move|p2a: Tapu Lele|Moonblast|p1a: Blissey
|-damage|p1a: Blissey|0 fnt
|faint|p1a: Blissey
|
|-damage|p2a: Tapu Lele|82/100 tox|[from] psn
|upkeep
|inactive|SuperTheoryBros has 120 seconds left.
|
|t:|1635288649
|switch|p1a: Skarmory|Skarmory, F|100/100
|turn|5
|
|t:|1635288657
|switch|p2a: Tapu Fini|Tapu Fini|100/100
|-fieldstart|move: Misty Terrain|[from] ability: Misty Surge|[of] p2a: Tapu Fini
|move|p1a: Skarmory|Spikes|p2a: Tapu Fini
|-sidestart|p2: someidiot19|Spikes
|
|upkeep
|turn|6
|inactive|SuperTheoryBros has 120 seconds left.
|c|☆SuperTheoryBros|why didn't it get poisoned
|c|☆someidiot19|boots mate
|
|t:|1635288688
|switch|p1a: Landorus|Landorus-Therian, M|100/100
|-ability|p1a: Landorus|Intimidate|boost
|-unboost|p2a: Tapu Fini|atk|1
|move|p2a: Tapu Fini|Defog|p1a: Landorus
|-unboost|p1a: Landorus|evasion|1
|-sideend|p2: someidiot19|Spikes|[from] move: Defog|[of] p2a: Tapu Fini
|-sideend|p2: someidiot19|Toxic Spikes|[from] move: Defog|[of] p2a: Tapu Fini
|-fieldend|Misty Terrain
|
|upkeep
|turn|7
|
|t:|1635288703
|switch|p2a: Ferrothorn|Ferrothorn, F|100/100
|move|p1a: Landorus|Earthquake|p2a: Ferrothorn
|-damage|p2a: Ferrothorn|63/100
|
|upkeep
|turn|8
|inactive|SuperTheoryBros has 90 seconds left.
|
|t:|1635288729
|move|p1a: Landorus|Stealth Rock|p2a: Ferrothorn
|-sidestart|p2: someidiot19|move: Stealth Rock
|move|p2a: Ferrothorn|Leech Seed|p1a: Landorus
|-start|p1a: Landorus|move: Leech Seed
|
|-damage|p1a: Landorus|88/100|[from] Leech Seed|[of] p2a: Ferrothorn
|-heal|p2a: Ferrothorn|75/100|[silent]
|upkeep
|turn|9
|inactive|SuperTheoryBros has 90 seconds left.
|
|t:|1635288748
|switch|p1a: Toxapex|Toxapex, M|100/100
|move|p2a: Ferrothorn|Spikes|p1a: Toxapex
|-sidestart|p1: SuperTheoryBros|Spikes
|
|upkeep
|turn|10
|inactive|SuperTheoryBros has 90 seconds left.
|
|t:|1635288757
|move|p1a: Toxapex|Toxic Spikes|p2a: Ferrothorn
|-sidestart|p2: someidiot19|move: Toxic Spikes
|move|p2a: Ferrothorn|Leech Seed|p1a: Toxapex
|-start|p1a: Toxapex|move: Leech Seed
|
|-damage|p1a: Toxapex|88/100|[from] Leech Seed|[of] p2a: Ferrothorn
|-heal|p2a: Ferrothorn|85/100|[silent]
|upkeep
|turn|11
|inactive|SuperTheoryBros has 90 seconds left.
|
|t:|1635288781
|switch|p1a: Landorus|Landorus-Therian, M|88/100
|-ability|p1a: Landorus|Intimidate|boost
|-unboost|p2a: Ferrothorn|atk|1
|switch|p2a: Tapu Lele|Tapu Lele|82/100 tox
|-damage|p2a: Tapu Lele|70/100 tox|[from] Stealth Rock
|-fieldstart|move: Psychic Terrain|[from] ability: Psychic Surge|[of] p2a: Tapu Lele
|
|-damage|p2a: Tapu Lele|64/100 tox|[from] psn
|upkeep
|turn|12
|inactive|SuperTheoryBros has 90 seconds left.
|
|t:|1635288794
|switch|p2a: Clefable|Clefable, F|100/100
|switch|p1a: Skarmory|Skarmory, F|100/100
|
|upkeep
|turn|13
|inactive|SuperTheoryBros has 90 seconds left.
|
|t:|1635288802
|switch|p1a: Toxapex|Toxapex, M|100/100
|-damage|p1a: Toxapex|88/100|[from] Spikes
|move|p2a: Clefable|Stealth Rock|p1a: Toxapex
|-sidestart|p1: SuperTheoryBros|move: Stealth Rock
|
|upkeep
|turn|14
|inactive|SuperTheoryBros has 90 seconds left.
|
|t:|1635288817
|move|p2a: Clefable|Thunder Wave|p1a: Toxapex
|-status|p1a: Toxapex|par
|cant|p1a: Toxapex|par
|
|upkeep
|turn|15
|inactive|SuperTheoryBros has 90 seconds left.
|
|t:|1635288829
|switch|p2a: Tapu Fini|Tapu Fini|100/100
|-fieldstart|move: Misty Terrain|[from] ability: Misty Surge|[of] p2a: Tapu Fini
|move|p1a: Toxapex|Scald|p2a: Tapu Fini
|-resisted|p2a: Tapu Fini
|-damage|p2a: Tapu Fini|95/100
|
|upkeep
|turn|16
|inactive|SuperTheoryBros has 90 seconds left.
|
|t:|1635288850
|move|p2a: Tapu Fini|Moonblast|p1a: Toxapex
|-resisted|p1a: Toxapex
|-damage|p1a: Toxapex|76/100 par
|move|p1a: Toxapex|Toxic Spikes|p2a: Tapu Fini
|-sidestart|p2: someidiot19|move: Toxic Spikes
|
|upkeep
|turn|17
|inactive|SuperTheoryBros has 90 seconds left.
|
|t:|1635288862
|move|p2a: Tapu Fini|Defog|p1a: Toxapex
|-unboost|p1a: Toxapex|evasion|1
|-sideend|p1: SuperTheoryBros|Spikes|[from] move: Defog|[of] p2a: Tapu Fini
|-sideend|p1: SuperTheoryBros|Stealth Rock|[from] move: Defog|[of] p2a: Tapu Fini
|-sideend|p2: someidiot19|Toxic Spikes|[from] move: Defog|[of] p2a: Tapu Fini
|-sideend|p2: someidiot19|Stealth Rock|[from] move: Defog|[of] p2a: Tapu Fini
|-fieldend|Misty Terrain
|cant|p1a: Toxapex|par
|
|upkeep
|turn|18
|inactive|SuperTheoryBros has 90 seconds left.
|
|t:|1635288869
|switch|p2a: Tapu Lele|Tapu Lele|64/100 tox
|-fieldstart|move: Psychic Terrain|[from] ability: Psychic Surge|[of] p2a: Tapu Lele
|move|p1a: Toxapex|Toxic Spikes|p2a: Tapu Lele
|-sidestart|p2: someidiot19|move: Toxic Spikes
|
|-damage|p2a: Tapu Lele|58/100 tox|[from] psn
|upkeep
|turn|19
|inactive|SuperTheoryBros has 90 seconds left.
|
|t:|1635288885
|switch|p1a: Skarmory|Skarmory, F|100/100
|move|p2a: Tapu Lele|Future Sight|p1a: Skarmory
|-start|p2a: Tapu Lele|move: Future Sight
|
|-damage|p2a: Tapu Lele|46/100 tox|[from] psn
|upkeep
|turn|20
|inactive|SuperTheoryBros has 90 seconds left.
|
|t:|1635288895
|switch|p2a: Tapu Fini|Tapu Fini|95/100
|-fieldstart|move: Misty Terrain|[from] ability: Misty Surge|[of] p2a: Tapu Fini
|move|p1a: Skarmory|Spikes|p2a: Tapu Fini
|-sidestart|p2: someidiot19|Spikes
|
|upkeep
|turn|21
|inactive|SuperTheoryBros has 90 seconds left.
|
|t:|1635288907
|move|p2a: Tapu Fini|Scald|p1a: Skarmory
|-damage|p1a: Skarmory|63/100
|move|p1a: Skarmory|Iron Defense|p1a: Skarmory
|-boost|p1a: Skarmory|def|2
|
|-end|p1a: Skarmory|move: Future Sight
|-resisted|p1a: Skarmory
|-damage|p1a: Skarmory|15/100
|upkeep
|turn|22
|inactive|SuperTheoryBros has 90 seconds left.
|
|t:|1635288930
|switch|p1a: Toxapex|Toxapex, M|100/100 par
|move|p2a: Tapu Fini|Scald|p1a: Toxapex
|-resisted|p1a: Toxapex
|-damage|p1a: Toxapex|90/100 par
|
|upkeep
|turn|23
|
|t:|1635288935
|switch|p1a: Landorus|Landorus-Therian, M|88/100
|-ability|p1a: Landorus|Intimidate|boost
|-unboost|p2a: Tapu Fini|atk|1
|move|p2a: Tapu Fini|Defog|p1a: Landorus
|-unboost|p1a: Landorus|evasion|1
|-sideend|p2: someidiot19|Spikes|[from] move: Defog|[of] p2a: Tapu Fini
|-sideend|p2: someidiot19|Toxic Spikes|[from] move: Defog|[of] p2a: Tapu Fini
|-fieldend|Misty Terrain
|
|upkeep
|turn|24
|
|t:|1635288951
|switch|p2a: Kyurem|Kyurem|100/100
|-ability|p2a: Kyurem|Pressure
|move|p1a: Landorus|Earthquake|p2a: Kyurem
|-damage|p2a: Kyurem|37/100
|
|upkeep
|turn|25
|
|t:|1635288962
|switch|p1a: Avalugg|Avalugg, F|100/100
|move|p2a: Kyurem|Freeze-Dry|p1a: Avalugg
|-resisted|p1a: Avalugg
|-damage|p1a: Avalugg|73/100
|
|upkeep
|turn|26
|inactive|SuperTheoryBros has 90 seconds left.
|
|t:|1635288977
|switch|p2a: Tapu Fini|Tapu Fini|95/100
|-fieldstart|move: Misty Terrain|[from] ability: Misty Surge|[of] p2a: Tapu Fini
|switch|p1a: Landorus|Landorus-Therian, M|88/100
|-ability|p1a: Landorus|Intimidate|boost
|-unboost|p2a: Tapu Fini|atk|1
|
|upkeep
|turn|27
|
|t:|1635288985
|move|p1a: Landorus|Earthquake|p2a: Tapu Fini
|-damage|p2a: Tapu Fini|37/100
|move|p2a: Tapu Fini|Scald|p1a: Landorus
|-supereffective|p1a: Landorus
|-damage|p1a: Landorus|24/100
|
|upkeep
|turn|28
|
|t:|1635288997
|switch|p2a: Clefable|Clefable, F|100/100
|move|p1a: Landorus|Earthquake|p2a: Clefable
|-damage|p2a: Clefable|55/100
|
|upkeep
|turn|29
|inactive|SuperTheoryBros has 90 seconds left.
|
|t:|1635289025
|move|p1a: Landorus|Swords Dance|p1a: Landorus
|-boost|p1a: Landorus|atk|2
|move|p2a: Clefable|Stealth Rock|p1a: Landorus
|-sidestart|p1: SuperTheoryBros|move: Stealth Rock
|
|upkeep
|turn|30
|inactive|SuperTheoryBros has 90 seconds left.
|
|t:|1635289031
|move|p1a: Landorus|Earthquake|p2a: Clefable
|-damage|p2a: Clefable|9/100
|move|p2a: Clefable|Moonblast|p1a: Landorus
|-damage|p1a: Landorus|0 fnt
|faint|p1a: Landorus
|
|-fieldend|Misty Terrain
|upkeep
|inactive|SuperTheoryBros has 90 seconds left.
|-message|SuperTheoryBros forfeited.
|
|win|someidiot19
|raw|SuperTheoryBros's rating: 1736 &rarr; <strong>1712</strong><br />(-24 for losing)
|raw|someidiot19's rating: 1670 &rarr; <strong>1694</strong><br />(+24 for winning)
|l|☆SuperTheoryBros
