|html|<div class="broadcast-blue"><strong>[Gen 8] OU is currently suspecting Melmetal! For information on how to participate check out the <a href="https://www.smogon.com/forums/threads/np-ss-ou-suspect-process-round-12-monster-mash.3709234/">suspect thread</a>.</strong></div>
|j|☆HQSNonsense
|j|☆SrKalopsia
|t:|1666324185
|gametype|singles
|player|p1|HQSNonsense|veteranf|1485
|player|p2|SrKalopsia|leon-masters|1533
|teamsize|p1|6
|teamsize|p2|6
|gen|8
|tier|[Gen 8] OU
|rated|
|rule|Sleep Clause Mod: Limit one foe put to sleep
|rule|Species Clause: Limit one of each Pokémon
|rule|OHKO Clause: OHKO moves are banned
|rule|Evasion Items Clause: Evasion items are banned
|rule|Evasion Moves Clause: Evasion moves are banned
|rule|Endless Battle Clause: Forcing endless battles is banned
|rule|HP Percentage Mod: HP is shown in percentages
|rule|Dynamax Clause: You cannot dynamax
|clearpoke
|poke|p1|Scizor, F|
|poke|p1|Rillaboom, M|
|poke|p1|Landorus-Therian, M|
|poke|p1|Urshifu-*, F|
|poke|p1|Weavile, F|
|poke|p1|Dragonite, F|
|poke|p2|Pelipper, F|
|poke|p2|Seismitoad, M|
|poke|p2|Zapdos|
|poke|p2|Ferrothorn, F|
|poke|p2|Barraskewda, M|
|poke|p2|Crawdaunt, F|
|teampreview
|inactive|Battle timer is ON: inactive players will automatically lose when time's up. (requested by SrKalopsia)
|
|t:|1666324199
|start
|switch|p1a: Landorus|Landorus-Therian, M|100/100
|switch|p2a: Big Mouth|Pelipper, F, shiny|100/100
|-ability|p1a: Landorus|Intimidate|boost
|-unboost|p2a: Big Mouth|atk|1
|-weather|RainDance|[from] ability: Drizzle|[of] p2a: Big Mouth
|turn|1
|
|t:|1666324202
|move|p1a: Landorus|Stealth Rock|p2a: Big Mouth
|-sidestart|p2: SrKalopsia|move: Stealth Rock
|move|p2a: Big Mouth|U-turn|p1a: Landorus
|-resisted|p1a: Landorus
|-damage|p1a: Landorus|97/100
|
|t:|1666324209
|switch|p2a: Donatello|Seismitoad, M, shiny|100/100|[from]move: U-turn
|-damage|p2a: Donatello|95/100|[from] Stealth Rock
|
|-weather|RainDance|[upkeep]
|-heal|p1a: Landorus|100/100|[from] item: Leftovers
|upkeep
|turn|2
|
|t:|1666324221
|move|p2a: Donatello|Weather Ball|p1a: Landorus
|-supereffective|p1a: Landorus
|-damage|p1a: Landorus|0 fnt
|faint|p1a: Landorus
|-damage|p2a: Donatello|85/100|[from] item: Life Orb
|
|-weather|RainDance|[upkeep]
|upkeep
|
|t:|1666324224
|switch|p1a: Urshifu|Urshifu-Rapid-Strike, F|100/100
|turn|3
|
|t:|1666324231
|move|p2a: Donatello|Earth Power|p1a: Urshifu
|-damage|p1a: Urshifu|29/100
|-damage|p2a: Donatello|75/100|[from] item: Life Orb
|move|p1a: Urshifu|Surging Strikes|p2a: Donatello
|-crit|p2a: Donatello
|-damage|p2a: Donatello|38/100
|-crit|p2a: Donatello
|-damage|p2a: Donatello|4/100
|-crit|p2a: Donatello
|-damage|p2a: Donatello|0 fnt
|faint|p2a: Donatello
|-hitcount|p2: Donatello|3
|
|-weather|RainDance|[upkeep]
|upkeep
|
|t:|1666324234
|switch|p2a: Shinichi Kuda|Barraskewda, M, shiny|100/100
|-damage|p2a: Shinichi Kuda|88/100|[from] Stealth Rock
|turn|4
|
|t:|1666324241
|move|p2a: Shinichi Kuda|Flip Turn|p1a: Urshifu
|-resisted|p1a: Urshifu
|-damage|p1a: Urshifu|0 fnt
|faint|p1a: Urshifu
|
|t:|1666324245
|switch|p2a: Shiny Pot|Ferrothorn, F, shiny|100/100|[from]move: Flip Turn
|-damage|p2a: Shiny Pot|95/100|[from] Stealth Rock
|
|-weather|RainDance|[upkeep]
|-heal|p2a: Shiny Pot|100/100|[from] item: Leftovers
|upkeep
|
|t:|1666324258
|switch|p1a: Scizor|Scizor, F|100/100
|turn|5
|
|t:|1666324265
|move|p1a: Scizor|Swords Dance|p1a: Scizor
|-boost|p1a: Scizor|atk|2
|move|p2a: Shiny Pot|Leech Seed|p1a: Scizor
|-start|p1a: Scizor|move: Leech Seed
|
|-weather|RainDance|[upkeep]
|-damage|p1a: Scizor|88/100|[from] Leech Seed|[of] p2a: Shiny Pot
|upkeep
|turn|6
|
|t:|1666324267
|move|p1a: Scizor|Superpower|p2a: Shiny Pot
|-supereffective|p2a: Shiny Pot
|-damage|p2a: Shiny Pot|0 fnt
|-unboost|p1a: Scizor|atk|1
|-unboost|p1a: Scizor|def|1
|-damage|p1a: Scizor|76/100|[from] ability: Iron Barbs|[of] p2a: Shiny Pot
|faint|p2a: Shiny Pot
|-damage|p1a: Scizor|66/100|[from] item: Life Orb
|
|-weather|RainDance|[upkeep]
|upkeep
|
|t:|1666324283
|switch|p2a: Fried Chicken|Zapdos, shiny|100/100
|turn|7
|
|t:|1666324287
|move|p2a: Fried Chicken|Thunder|p1a: Scizor
|-damage|p1a: Scizor|0 fnt
|faint|p1a: Scizor
|
|-weather|RainDance|[upkeep]
|upkeep
|
|t:|1666324291
|switch|p1a: Weavile|Weavile, F|100/100
|turn|8
|
|t:|1666324296
|move|p1a: Weavile|Triple Axel|p2a: Fried Chicken|[miss]
|-miss|p1a: Weavile|p2a: Fried Chicken
|move|p2a: Fried Chicken|Thunder|p1a: Weavile
|-damage|p1a: Weavile|19/100
|
|-weather|none
|upkeep
|turn|9
|
|t:|1666324299
|switch|p2a: Big Mouth|Pelipper, F, shiny|100/100
|-damage|p2a: Big Mouth|76/100|[from] Stealth Rock
|-weather|RainDance|[from] ability: Drizzle|[of] p2a: Big Mouth
|move|p1a: Weavile|Triple Axel|p2a: Big Mouth
|-damage|p2a: Big Mouth|63/100
|-damage|p2a: Big Mouth|35/100
|-damage|p2a: Big Mouth|0 fnt
|faint|p2a: Big Mouth
|-hitcount|p2: Big Mouth|3
|-damage|p1a: Weavile|9/100|[from] item: Life Orb
|
|-weather|RainDance|[upkeep]
|upkeep
|
|t:|1666324301
|switch|p2a: Shinichi Kuda|Barraskewda, M, shiny|88/100
|-damage|p2a: Shinichi Kuda|76/100|[from] Stealth Rock
|turn|10
|
|t:|1666324309
|move|p1a: Weavile|Ice Shard|p2a: Shinichi Kuda
|-resisted|p2a: Shinichi Kuda
|-damage|p2a: Shinichi Kuda|53/100
|-damage|p1a: Weavile|0 fnt|[from] item: Life Orb
|faint|p1a: Weavile
|move|p2a: Shinichi Kuda|Flip Turn|p1: Weavile|[notarget]
|-fail|p2a: Shinichi Kuda
|
|-weather|RainDance|[upkeep]
|upkeep
|
|t:|1666324318
|switch|p1a: Rillaboom|Rillaboom, M|100/100
|-fieldstart|move: Grassy Terrain|[from] ability: Grassy Surge|[of] p1a: Rillaboom
|turn|11
|
|t:|1666324321
|switch|p2a: Fried Chicken|Zapdos, shiny|100/100
|move|p1a: Rillaboom|Swords Dance|p1a: Rillaboom
|-boost|p1a: Rillaboom|atk|2
|
|-weather|RainDance|[upkeep]
|upkeep
|turn|12
|
|t:|1666324326
|move|p1a: Rillaboom|Grassy Glide|p2a: Fried Chicken
|-resisted|p2a: Fried Chicken
|-damage|p2a: Fried Chicken|27/100
|-damage|p1a: Rillaboom|91/100|[from] item: Life Orb
|move|p2a: Fried Chicken|Hurricane|p1a: Rillaboom
|-supereffective|p1a: Rillaboom
|-damage|p1a: Rillaboom|0 fnt
|faint|p1a: Rillaboom
|
|-weather|RainDance|[upkeep]
|upkeep
|
|t:|1666324330
|switch|p1a: Dragonite|Dragonite, F|100/100
|turn|13
|
|t:|1666324332
|move|p2a: Fried Chicken|Thunder|p1a: Dragonite
|-damage|p1a: Dragonite|70/100
|move|p1a: Dragonite|Dragon Dance|p1a: Dragonite
|-boost|p1a: Dragonite|atk|1
|-boost|p1a: Dragonite|spe|1
|
|-weather|RainDance|[upkeep]
|upkeep
|turn|14
|
|t:|1666324341
|move|p1a: Dragonite|Ice Punch|p2a: Fried Chicken
|-supereffective|p2a: Fried Chicken
|-damage|p2a: Fried Chicken|0 fnt
|faint|p2a: Fried Chicken
|
|-weather|RainDance|[upkeep]
|upkeep
|
|t:|1666324344
|switch|p2a: Shinichi Kuda|Barraskewda, M, shiny|53/100
|-damage|p2a: Shinichi Kuda|40/100|[from] Stealth Rock
|turn|15
|
|t:|1666324356
|move|p1a: Dragonite|Extreme Speed|p2a: Shinichi Kuda
|-damage|p2a: Shinichi Kuda|0 fnt
|faint|p2a: Shinichi Kuda
|
|-weather|RainDance|[upkeep]
|-fieldend|move: Grassy Terrain
|upkeep
|
|t:|1666324359
|switch|p2a: Cangreburger|Crawdaunt, F, shiny|100/100
|-damage|p2a: Cangreburger|88/100|[from] Stealth Rock
|turn|16
|
|t:|1666324363
|move|p1a: Dragonite|Earthquake|p2a: Cangreburger
|-damage|p2a: Cangreburger|0 fnt
|faint|p2a: Cangreburger
|
|win|HQSNonsense
|raw|HQSNonsense's rating: 1485 &rarr; <strong>1508</strong><br />(+23 for winning)
|raw|SrKalopsia's rating: 1533 &rarr; <strong>1510</strong><br />(-23 for losing)
|l|☆SrKalopsia
