|j|☆InteleonStan2
|j|☆CoconutCrabs
|t:|1646786581
|gametype|singles
|player|p1|InteleonStan2|galacticgruntf|1667
|player|p2|CoconutCrabs|chuck|1635
|teamsize|p1|6
|teamsize|p2|6
|gen|8
|tier|[Gen 8] OU
|rated|
|rule|Sleep Clause Mod: Limit one foe put to sleep
|rule|Species Clause: Limit one of each Pokémon
|rule|OHKO Clause: OHKO moves are banned
|rule|Evasion Moves Clause: Evasion moves are banned
|rule|Endless Battle Clause: Forcing endless battles is banned
|rule|HP Percentage Mod: HP is shown in percentages
|rule|Dynamax Clause: You cannot dynamax
|clearpoke
|poke|p1|Garchomp, M|
|poke|p1|Landorus-Therian, M|
|poke|p1|Slowking-Galar, F|
|poke|p1|Tapu Koko|
|poke|p1|Magnezone|
|poke|p1|Mienshao, F|
|poke|p2|Tyranitar, M|
|poke|p2|Excadrill, F|
|poke|p2|Tornadus-Therian, M|
|poke|p2|Toxapex, F|
|poke|p2|Heatran, M|
|poke|p2|Tangrowth, M|
|teampreview
|j| bbsimononmyneck
|
|t:|1646786589
|start
|switch|p1a: Landorus|Landorus-Therian, M|100/100
|switch|p2a: Paloma|Tornadus-Therian, M|100/100
|-ability|p1a: Landorus|Intimidate|boost
|-unboost|p2a: Paloma|atk|1
|turn|1
|
|t:|1646786593
|move|p2a: Paloma|Icy Wind|p1a: Landorus
|-supereffective|p1a: Landorus
|-damage|p1a: Landorus|22/100
|-unboost|p1a: Landorus|spe|1
|move|p1a: Landorus|U-turn|p2a: Paloma
|-resisted|p2a: Paloma
|-damage|p2a: Paloma|86/100
|
|t:|1646786598
|switch|p1a: Tapu Koko|Tapu Koko|100/100|[from]move: U-turn
|-fieldstart|move: Electric Terrain|[from] ability: Electric Surge|[of] p1a: Tapu Koko
|
|upkeep
|turn|2
|
|t:|1646786601
|switch|p2a: Mole Man|Excadrill, F|100/100
|move|p1a: Tapu Koko|U-turn|p2a: Mole Man
|-resisted|p2a: Mole Man
|-damage|p2a: Mole Man|89/100
|
|t:|1646786604
|switch|p1a: Mienshao|Mienshao, F|100/100|[from]move: U-turn
|
|-heal|p2a: Mole Man|95/100|[from] item: Leftovers
|upkeep
|turn|3
|
|t:|1646786609
|switch|p2a: Baby|Toxapex, F|100/100
|move|p1a: Mienshao|U-turn|p2a: Baby
|-resisted|p2a: Baby
|-damage|p2a: Baby|89/100
|-damage|p1a: Mienshao|84/100|[from] item: Rocky Helmet|[of] p2a: Baby
|j| Anti-Vaxxer 2000
|
|t:|1646786629
|switch|p1a: Slowking|Slowking-Galar, F|100/100|[from]move: U-turn
|
|upkeep
|turn|4
|j| DudeManSimpLad
|
|t:|1646786631
|move|p2a: Baby|Knock Off|p1a: Slowking
|-supereffective|p1a: Slowking
|-crit|p1a: Slowking
|-damage|p1a: Slowking|62/100
|-enditem|p1a: Slowking|Assault Vest|[from] move: Knock Off|[of] p2a: Baby
|move|p1a: Slowking|Future Sight|p2a: Baby
|-start|p1a: Slowking|move: Future Sight
|
|upkeep
|turn|5
|l| DudeManSimpLad
|j| tubulartanis
|
|t:|1646786649
|switch|p2a: Paloma|Tornadus-Therian, M|100/100
|switch|p1a: Landorus|Landorus-Therian, M|22/100
|-ability|p1a: Landorus|Intimidate|boost
|-unboost|p2a: Paloma|atk|1
|
|-heal|p1a: Landorus|28/100|[from] item: Leftovers
|-fieldend|move: Electric Terrain
|upkeep
|turn|6
|
|t:|1646786656
|switch|p1a: Slowking|Slowking-Galar, F|95/100
|move|p2a: Paloma|Icy Wind|p1a: Slowking
|-damage|p1a: Slowking|75/100
|-unboost|p1a: Slowking|spe|1
|
|-end|p2a: Paloma|move: Future Sight
|-damage|p2a: Paloma|36/100
|upkeep
|turn|7
|
|t:|1646786660
|switch|p2a: Mole Man|Excadrill, F|95/100
|move|p1a: Slowking|Ice Beam|p2a: Mole Man
|-damage|p2a: Mole Man|60/100
|
|-heal|p2a: Mole Man|66/100|[from] item: Leftovers
|upkeep
|turn|8
|
|t:|1646786664
|switch|p1a: Landorus|Landorus-Therian, M|28/100
|-ability|p1a: Landorus|Intimidate|boost
|-unboost|p2a: Mole Man|atk|1
|move|p2a: Mole Man|Iron Head|p1a: Landorus
|-damage|p1a: Landorus|0 fnt
|faint|p1a: Landorus
|
|-heal|p2a: Mole Man|73/100|[from] item: Leftovers
|upkeep
|j| Zoilo_y_Aitana
|
|t:|1646786685
|switch|p1a: Mienshao|Mienshao, F|100/100
|turn|9
|
|t:|1646786689
|switch|p2a: Baby|Toxapex, F|100/100
|move|p1a: Mienshao|Close Combat|p2a: Baby
|-resisted|p2a: Baby
|-damage|p2a: Baby|71/100
|-unboost|p1a: Mienshao|def|1
|-unboost|p1a: Mienshao|spd|1
|-damage|p1a: Mienshao|84/100|[from] item: Rocky Helmet|[of] p2a: Baby
|
|upkeep
|turn|10
|j| 12wedscsa
|
|t:|1646786698
|switch|p1a: Magnezone|Magnezone|100/100
|switch|p2a: Mole Man|Excadrill, F|73/100
|
|-heal|p2a: Mole Man|79/100|[from] item: Leftovers
|upkeep
|turn|11
|
|t:|1646786703
|switch|p1a: Garchomp|Garchomp, M|100/100
|move|p2a: Mole Man|Earthquake|p1a: Garchomp
|-damage|p1a: Garchomp|45/100
|
|-heal|p1a: Garchomp|51/100|[from] item: Leftovers
|-heal|p2a: Mole Man|85/100|[from] item: Leftovers
|upkeep
|turn|12
|
|t:|1646786707
|switch|p2a: Paloma|Tornadus-Therian, M|69/100
|move|p1a: Garchomp|Swords Dance|p1a: Garchomp
|-boost|p1a: Garchomp|atk|2
|
|-heal|p1a: Garchomp|57/100|[from] item: Leftovers
|upkeep
|turn|13
|
|t:|1646786711
|switch|p1a: Magnezone|Magnezone|100/100
|move|p2a: Paloma|Hurricane|p1a: Magnezone
|-resisted|p1a: Magnezone
|-crit|p1a: Magnezone
|-damage|p1a: Magnezone|63/100
|
|upkeep
|turn|14
|
|t:|1646786715
|switch|p2a: Boogers|Tyranitar, M|100/100
|-weather|Sandstorm|[from] ability: Sand Stream|[of] p2a: Boogers
|move|p1a: Magnezone|Flash Cannon|p2a: Boogers
|-supereffective|p2a: Boogers
|-damage|p2a: Boogers|45/100
|
|-weather|Sandstorm|[upkeep]
|-heal|p2a: Boogers|51/100|[from] item: Leftovers
|upkeep
|turn|15
|
|t:|1646786728
|switch|p2a: Baby|Toxapex, F|100/100
|move|p1a: Magnezone|Flash Cannon|p2a: Baby
|-resisted|p2a: Baby
|-damage|p2a: Baby|71/100
|
|-weather|Sandstorm|[upkeep]
|-damage|p2a: Baby|66/100|[from] Sandstorm
|upkeep
|turn|16
|inactive|Battle timer is ON: inactive players will automatically lose when time's up. (requested by CoconutCrabs)
|j| A green yes
|
|t:|1646786732
|switch|p1a: Tapu Koko|Tapu Koko|100/100
|-fieldstart|move: Electric Terrain|[from] ability: Electric Surge|[of] p1a: Tapu Koko
|switch|p2a: Mole Man|Excadrill, F|85/100
|
|-weather|Sandstorm|[upkeep]
|-damage|p1a: Tapu Koko|94/100|[from] Sandstorm
|-heal|p2a: Mole Man|91/100|[from] item: Leftovers
|upkeep
|turn|17
|
|t:|1646786733
|move|p2a: Mole Man|Earthquake|p1a: Tapu Koko
|-supereffective|p1a: Tapu Koko
|-damage|p1a: Tapu Koko|0 fnt
|faint|p1a: Tapu Koko
|
|-weather|Sandstorm|[upkeep]
|-heal|p2a: Mole Man|97/100|[from] item: Leftovers
|upkeep
|-message|InteleonStan2 forfeited.
|
|win|CoconutCrabs
|raw|InteleonStan2's rating: 1667 &rarr; <strong>1645</strong><br />(-22 for losing)
|raw|CoconutCrabs's rating: 1635 &rarr; <strong>1657</strong><br />(+22 for winning)
|l|☆InteleonStan2
|l|☆CoconutCrabs
|l| Anti-Vaxxer 2000
|l| 12wedscsa
|l| tubulartanis
||Ladder isn't responding, score probably updated but might not have (Request timeout).
|j| Fusien ❀
