|html|<div class="broadcast-blue"><strong>[Gen 8] OU is currently suspecting Melmetal! For information on how to participate check out the <a href="https://www.smogon.com/forums/threads/np-ss-ou-suspect-process-round-12-monster-mash.3709234/">suspect thread</a>.</strong></div>
|j|☆d18l
|j|☆njhjj
|t:|1666058615
|gametype|singles
|player|p1|d18l|backpacker|1697
|player|p2|njhjj|169|1626
|teamsize|p1|6
|teamsize|p2|6
|gen|8
|tier|[Gen 8] OU
|rated|
|rule|Sleep Clause Mod: Limit one foe put to sleep
|rule|Species Clause: Limit one of each Pokémon
|rule|OHKO Clause: OHKO moves are banned
|rule|Evasion Items Clause: Evasion items are banned
|rule|Evasion Moves Clause: Evasion moves are banned
|rule|Endless Battle Clause: Forcing endless battles is banned
|rule|HP Percentage Mod: HP is shown in percentages
|rule|Dynamax Clause: You cannot dynamax
|clearpoke
|poke|p1|Tapu Koko|
|poke|p1|Victini|
|poke|p1|Landorus-Therian, M|
|poke|p1|Tornadus-Therian, M|
|poke|p1|Rotom-Wash|
|poke|p1|Ferrothorn, M|
|poke|p2|Dragalge, M|
|poke|p2|Gyarados, M|
|poke|p2|Excadrill, M|
|poke|p2|Volcarona, M|
|poke|p2|Ninetales-Alola, M|
|poke|p2|Kartana|
|teampreview
|c|☆njhjj|glhf
|inactive|Battle timer is ON: inactive players will automatically lose when time's up. (requested by njhjj)
|c|☆d18l|glhf
|
|t:|1666058646
|start
|switch|p1a: Victini|Victini|100/100
|switch|p2a: Ninetales|Ninetales-Alola, M|100/100
|-weather|Hail|[from] ability: Snow Warning|[of] p2a: Ninetales
|turn|1
|
|t:|1666058658
|switch|p2a: Dragalge|Dragalge, M|100/100
|move|p1a: Victini|V-create|p2a: Dragalge
|-resisted|p2a: Dragalge
|-damage|p2a: Dragalge|57/100
|-unboost|p1a: Victini|spe|1
|-unboost|p1a: Victini|def|1
|-unboost|p1a: Victini|spd|1
|
|-weather|Hail|[upkeep]
|-damage|p1a: Victini|94/100|[from] Hail
|-damage|p2a: Dragalge|51/100|[from] Hail
|upkeep
|turn|2
|inactive|njhjj has 120 seconds left.
|
|t:|1666058690
|move|p1a: Victini|U-turn|p2a: Dragalge
|-resisted|p2a: Dragalge
|-damage|p2a: Dragalge|39/100
|inactive|d18l has 120 seconds left.
|
|t:|1666058718
|switch|p1a: Tornadus|Tornadus-Therian, M|100/100|[from]move: U-turn
|move|p2a: Dragalge|Draco Meteor|p1a: Tornadus
|-damage|p1a: Tornadus|12/100
|-unboost|p2a: Dragalge|spa|2
|
|-weather|Hail|[upkeep]
|-damage|p1a: Tornadus|5/100|[from] Hail
|-damage|p2a: Dragalge|33/100|[from] Hail
|upkeep
|turn|3
|inactive|njhjj has 120 seconds left.
|
|t:|1666058744
|switch|p2a: Ninetales|Ninetales-Alola, M|100/100
|move|p1a: Tornadus|U-turn|p2a: Ninetales
|-resisted|p2a: Ninetales
|-damage|p2a: Ninetales|91/100
|inactive|d18l has 90 seconds left.
|
|t:|1666058780
|switch|p1a: Victini|Victini|94/100|[from]move: U-turn
|
|-weather|Hail|[upkeep]
|-damage|p1a: Victini|88/100|[from] Hail
|upkeep
|turn|4
|inactive|njhjj has 120 seconds left.
|
|t:|1666058795
|move|p2a: Ninetales|Aurora Veil|p2a: Ninetales
|-sidestart|p2: njhjj|move: Aurora Veil
|move|p1a: Victini|V-create|p2a: Ninetales
|-supereffective|p2a: Ninetales
|-damage|p2a: Ninetales|0 fnt
|-unboost|p1a: Victini|spe|1
|-unboost|p1a: Victini|def|1
|-unboost|p1a: Victini|spd|1
|faint|p2a: Ninetales
|
|-weather|Hail|[upkeep]
|-damage|p1a: Victini|82/100|[from] Hail
|upkeep
|
|t:|1666058814
|switch|p2a: Volcarona|Volcarona, M|100/100
|turn|5
|
|t:|1666058821
|switch|p1a: Landorus|Landorus-Therian, M|100/100
|-ability|p1a: Landorus|Intimidate|boost
|-unboost|p2a: Volcarona|atk|1
|move|p2a: Volcarona|Quiver Dance|p2a: Volcarona
|-boost|p2a: Volcarona|spa|1
|-boost|p2a: Volcarona|spd|1
|-boost|p2a: Volcarona|spe|1
|
|-weather|none
|upkeep
|turn|6
|
|t:|1666058826
|move|p2a: Volcarona|Fiery Dance|p1a: Landorus
|-damage|p1a: Landorus|44/100
|move|p1a: Landorus|Toxic|p2a: Volcarona
|-status|p2a: Volcarona|tox
|
|-heal|p1a: Landorus|50/100|[from] item: Leftovers
|-damage|p2a: Volcarona|94/100 tox|[from] psn
|upkeep
|turn|7
|inactive|d18l has 120 seconds left.
|inactive|d18l has 90 seconds left.
|
|t:|1666058864
|move|p2a: Volcarona|Fiery Dance|p1a: Landorus
|-damage|p1a: Landorus|0 fnt
|-boost|p2a: Volcarona|spa|1
|faint|p1a: Landorus
|
|-damage|p2a: Volcarona|82/100 tox|[from] psn
|upkeep
|inactive|d18l has 90 seconds left.
|
|t:|1666058873
|switch|p1a: Victini|Victini|82/100
|turn|8
|inactive|njhjj has 120 seconds left.
|
|t:|1666058893
|move|p2a: Volcarona|Fiery Dance|p1a: Victini
|-resisted|p1a: Victini
|-damage|p1a: Victini|37/100
|-boost|p2a: Volcarona|spa|1
|move|p1a: Victini|V-create|p2a: Volcarona
|-crit|p2a: Volcarona
|-damage|p2a: Volcarona|0 fnt
|-unboost|p1a: Victini|spe|1
|-unboost|p1a: Victini|def|1
|-unboost|p1a: Victini|spd|1
|faint|p2a: Volcarona
|
|upkeep
|
|t:|1666058906
|switch|p2a: Kartana|Kartana|100/100
|turn|9
|
|t:|1666058911
|switch|p1a: Ferrothorn|Ferrothorn, M|100/100
|move|p2a: Kartana|Knock Off|p1a: Ferrothorn
|-damage|p1a: Ferrothorn|81/100
|-damage|p2a: Kartana|88/100|[from] ability: Iron Barbs|[of] p1a: Ferrothorn
|-damage|p2a: Kartana|72/100|[from] item: Rocky Helmet|[of] p1a: Ferrothorn
|-enditem|p1a: Ferrothorn|Rocky Helmet|[from] move: Knock Off|[of] p2a: Kartana
|
|upkeep
|turn|10
|
|t:|1666058920
|move|p2a: Kartana|Swords Dance|p2a: Kartana
|-boost|p2a: Kartana|atk|2
|move|p1a: Ferrothorn|Leech Seed|p2a: Kartana
|-immune|p2a: Kartana
|
|upkeep
|turn|11
|inactive|njhjj has 120 seconds left.
|
|t:|1666058945
|switch|p1a: Victini|Victini|37/100
|move|p2a: Kartana|Knock Off|p1a: Victini
|-supereffective|p1a: Victini
|-crit|p1a: Victini
|-damage|p1a: Victini|0 fnt
|-enditem|p1a: Victini|Heavy-Duty Boots|[from] move: Knock Off|[of] p2a: Kartana
|faint|p1a: Victini
|-ability|p2a: Kartana|Beast Boost|boost
|-boost|p2a: Kartana|spe|1
|
|-sideend|p2: njhjj|move: Aurora Veil
|upkeep
|j| BTQX
|inactive|d18l has 90 seconds left.
|-message|d18l forfeited.
|
|win|njhjj
|raw|d18l's rating: 1697 &rarr; <strong>1672</strong><br />(-25 for losing)
|raw|njhjj's rating: 1609 &rarr; <strong>1634</strong><br />(+25 for winning)
|l|☆d18l
||Ladder isn't responding, score probably updated but might not have (Request timeout).
