|raw|<div class="broadcast-blue"><strong>This battle is required to be public due to a player having a name starting with 'btlt200'.</div>
|j|☆sufy512
|j|☆btlt200$ devin
|t:|1668020985
|gametype|singles
|player|p1|sufy512|266|1697
|player|p2|btlt200$ devin|#scl2breakers|1703
|teamsize|p1|6
|teamsize|p2|6
|gen|8
|tier|[Gen 8] OU
|rated|
|rule|Sleep Clause Mod: Limit one foe put to sleep
|rule|Species Clause: Limit one of each Pokémon
|rule|OHKO Clause: OHKO moves are banned
|rule|Evasion Items Clause: Evasion items are banned
|rule|Evasion Moves Clause: Evasion moves are banned
|rule|Endless Battle Clause: Forcing endless battles is banned
|rule|HP Percentage Mod: HP is shown in percentages
|rule|Dynamax Clause: You cannot dynamax
|clearpoke
|poke|p1|Vanilluxe, F|
|poke|p1|Landorus-Therian, M|
|poke|p1|Melmetal|
|poke|p1|Clefable, M|
|poke|p1|Tornadus-Therian, M|
|poke|p1|Toxapex, F|
|poke|p2|Dragapult, F|
|poke|p2|Urshifu-*, M|
|poke|p2|Zapdos|
|poke|p2|Melmetal|
|poke|p2|Landorus-Therian, M|
|poke|p2|Rillaboom, M|
|teampreview
|inactive|Battle timer is ON: inactive players will automatically lose when time's up. (requested by sufy512)
|j| Phxo'
|c|☆sufy512|oh waity
|c|☆sufy512|LOL
|c|☆sufy512|hey devin
|c|☆btlt200$ devin|sup
|inactive|btlt200$ devin has 120 seconds left.
|c|☆btlt200$ devin|u got ur match vs me finally
|j| Rou5yaya
|
|t:|1668021027
|start
|switch|p1a: Vanilluxe|Vanilluxe, F|100/100
|switch|p2a: Landorus|Landorus-Therian, M|100/100
|-weather|Hail|[from] ability: Snow Warning|[of] p1a: Vanilluxe
|-ability|p2a: Landorus|Intimidate|boost
|-unboost|p1a: Vanilluxe|atk|1
|turn|1
|j| hippo kek
|
|t:|1668021036
|switch|p2a: Melmetal|Melmetal|100/100
|move|p1a: Vanilluxe|Blizzard|p2a: Melmetal
|-resisted|p2a: Melmetal
|-damage|p2a: Melmetal|54/100
|
|-weather|Hail|[upkeep]
|-damage|p2a: Melmetal|47/100|[from] Hail
|upkeep
|turn|2
|
|t:|1668021044
|switch|p1a: Toxapex|Toxapex, F|100/100
|move|p2a: Melmetal|Double Iron Bash|p1a: Toxapex
|-resisted|p1a: Toxapex
|-damage|p1a: Toxapex|84/100
|-resisted|p1a: Toxapex
|-damage|p1a: Toxapex|67/100
|-hitcount|p1a: Toxapex|2
|-enditem|p1a: Toxapex|Eject Button
|c| hippo kek|Yooo big fan devy
|
|t:|1668021048
|switch|p1a: Vanilluxe|Vanilluxe, F|100/100
|
|-weather|Hail|[upkeep]
|-damage|p2a: Melmetal|41/100|[from] Hail
|upkeep
|turn|3
|
|t:|1668021052
|move|p1a: Vanilluxe|Blizzard|p2a: Melmetal
|-resisted|p2a: Melmetal
|-damage|p2a: Melmetal|0 fnt
|faint|p2a: Melmetal
|
|-weather|Hail|[upkeep]
|upkeep
|c|☆btlt200$ devin|hippo kek
|
|t:|1668021059
|switch|p2a: Urshifu|Urshifu-Rapid-Strike, M|100/100
|turn|4
|
|t:|1668021062
|switch|p1a: Toxapex|Toxapex, F|100/100
|move|p2a: Urshifu|Surging Strikes|p1a: Toxapex
|-resisted|p1a: Toxapex
|-crit|p1a: Toxapex
|-damage|p1a: Toxapex|93/100
|-resisted|p1a: Toxapex
|-crit|p1a: Toxapex
|-damage|p1a: Toxapex|86/100
|-resisted|p1a: Toxapex
|-crit|p1a: Toxapex
|-damage|p1a: Toxapex|78/100
|-hitcount|p1a: Toxapex|3
|
|-weather|Hail|[upkeep]
|-damage|p2a: Urshifu|94/100|[from] Hail
|-damage|p1a: Toxapex|72/100|[from] Hail
|upkeep
|turn|5
|
|t:|1668021067
|move|p2a: Urshifu|Taunt|p1a: Toxapex
|-start|p1a: Toxapex|move: Taunt
|cant|p1a: Toxapex|move: Taunt|Toxic
|
|-weather|none
|upkeep
|turn|6
|
|t:|1668021070
|move|p2a: Urshifu|U-turn|p1a: Toxapex
|-resisted|p1a: Toxapex
|-damage|p1a: Toxapex|63/100
|
|t:|1668021072
|switch|p2a: Landorus|Landorus-Therian, M|100/100|[from]move: U-turn
|-ability|p2a: Landorus|Intimidate|boost
|-unboost|p1a: Toxapex|atk|1
|move|p1a: Toxapex|Scald|p2a: Landorus
|-supereffective|p2a: Landorus
|-damage|p2a: Landorus|75/100
|
|-heal|p2a: Landorus|81/100|[from] item: Leftovers
|upkeep
|turn|7
|
|t:|1668021080
|switch|p1a: Vanilluxe|Vanilluxe, F|100/100
|-weather|Hail|[from] ability: Snow Warning|[of] p1a: Vanilluxe
|move|p2a: Landorus|Stealth Rock|p1a: Vanilluxe
|-sidestart|p1: sufy512|move: Stealth Rock
|
|-weather|Hail|[upkeep]
|-damage|p2a: Landorus|75/100|[from] Hail
|-heal|p2a: Landorus|81/100|[from] item: Leftovers
|upkeep
|turn|8
|
|t:|1668021088
|move|p1a: Vanilluxe|Freeze-Dry|p2a: Landorus
|-supereffective|p2a: Landorus
|-crit|p2a: Landorus
|-damage|p2a: Landorus|0 fnt
|faint|p2a: Landorus
|
|-weather|Hail|[upkeep]
|upkeep
|
|t:|1668021092
|switch|p2a: Urshifu|Urshifu-Rapid-Strike, M|94/100
|turn|9
|
|t:|1668021095
|switch|p1a: Toxapex|Toxapex, F|96/100
|-damage|p1a: Toxapex|83/100|[from] Stealth Rock
|move|p2a: Urshifu|Surging Strikes|p1a: Toxapex
|-resisted|p1a: Toxapex
|-crit|p1a: Toxapex
|-damage|p1a: Toxapex|76/100
|-resisted|p1a: Toxapex
|-crit|p1a: Toxapex
|-damage|p1a: Toxapex|68/100
|-resisted|p1a: Toxapex
|-crit|p1a: Toxapex
|-damage|p1a: Toxapex|61/100
|-hitcount|p1a: Toxapex|3
|
|-weather|Hail|[upkeep]
|-damage|p2a: Urshifu|88/100|[from] Hail
|-damage|p1a: Toxapex|54/100|[from] Hail
|upkeep
|turn|10
|
|t:|1668021099
|move|p2a: Urshifu|U-turn|p1a: Toxapex
|-resisted|p1a: Toxapex
|-damage|p1a: Toxapex|45/100
|
|t:|1668021100
|switch|p2a: Zapdos|Zapdos, shiny|100/100|[from]move: U-turn
|move|p1a: Toxapex|Scald|p2a: Zapdos
|-damage|p2a: Zapdos|85/100
|
|-weather|Hail|[upkeep]
|-damage|p2a: Zapdos|79/100|[from] Hail
|-damage|p1a: Toxapex|39/100|[from] Hail
|upkeep
|turn|11
|
|t:|1668021106
|switch|p1a: Landorus|Landorus-Therian, M|100/100
|-damage|p1a: Landorus|88/100|[from] Stealth Rock
|-ability|p1a: Landorus|Intimidate|boost
|-unboost|p2a: Zapdos|atk|1
|move|p2a: Zapdos|Hurricane|p1a: Landorus
|-damage|p1a: Landorus|44/100
|
|-weather|none
|-heal|p1a: Landorus|50/100|[from] item: Leftovers
|upkeep
|turn|12
|
|t:|1668021109
|move|p2a: Zapdos|Hurricane|p1a: Landorus
|-damage|p1a: Landorus|11/100
|-start|p1a: Landorus|confusion
|-activate|p1a: Landorus|confusion
|move|p1a: Landorus|Toxic|p2a: Zapdos
|-status|p2a: Zapdos|tox
|
|-heal|p1a: Landorus|17/100|[from] item: Leftovers
|-damage|p2a: Zapdos|73/100 tox|[from] psn
|upkeep
|turn|13
|
|t:|1668021112
|switch|p2a: Urshifu|Urshifu-Rapid-Strike, M|88/100
|-activate|p1a: Landorus|confusion
|move|p1a: Landorus|Defog|p2a: Urshifu
|-unboost|p2a: Urshifu|evasion|1
|-sideend|p1: sufy512|Stealth Rock|[from] move: Defog|[of] p1a: Landorus
|
|-heal|p1a: Landorus|23/100|[from] item: Leftovers
|upkeep
|turn|14
|
|t:|1668021115
|switch|p1a: Toxapex|Toxapex, F|72/100
|move|p2a: Urshifu|Surging Strikes|p1a: Toxapex
|-resisted|p1a: Toxapex
|-crit|p1a: Toxapex
|-damage|p1a: Toxapex|64/100
|-resisted|p1a: Toxapex
|-crit|p1a: Toxapex
|-damage|p1a: Toxapex|56/100
|-resisted|p1a: Toxapex
|-crit|p1a: Toxapex
|-damage|p1a: Toxapex|49/100
|-hitcount|p1a: Toxapex|3
|
|upkeep
|turn|15
|
|t:|1668021119
|move|p2a: Urshifu|Surging Strikes|p1a: Toxapex
|-resisted|p1a: Toxapex
|-crit|p1a: Toxapex
|-damage|p1a: Toxapex|41/100
|-resisted|p1a: Toxapex
|-crit|p1a: Toxapex
|-damage|p1a: Toxapex|34/100
|-resisted|p1a: Toxapex
|-crit|p1a: Toxapex
|-damage|p1a: Toxapex|26/100
|-hitcount|p1a: Toxapex|3
|move|p1a: Toxapex|Recover|p1a: Toxapex
|-heal|p1a: Toxapex|76/100
|
|upkeep
|turn|16
|
|t:|1668021122
|move|p2a: Urshifu|U-turn|p1a: Toxapex
|-resisted|p1a: Toxapex
|-damage|p1a: Toxapex|68/100
|
|t:|1668021123
|switch|p2a: Zapdos|Zapdos, shiny|73/100 tox|[from]move: U-turn
|move|p1a: Toxapex|Scald|p2a: Zapdos
|-damage|p2a: Zapdos|56/100 tox
|
|-damage|p2a: Zapdos|50/100 tox|[from] psn
|upkeep
|turn|17
|
|t:|1668021127
|switch|p1a: Clefable|Clefable, M|100/100
|move|p2a: Zapdos|Volt Switch|p1a: Clefable
|-damage|p1a: Clefable|71/100
|
|t:|1668021130
|switch|p2a: Rillaboom|Rillaboom, M|100/100|[from]move: Volt Switch
|-fieldstart|move: Grassy Terrain|[from] ability: Grassy Surge|[of] p2a: Rillaboom
|
|-heal|p1a: Clefable|77/100|[from] Grassy Terrain
|upkeep
|turn|18
|
|t:|1668021135
|switch|p1a: Toxapex|Toxapex, F|100/100
|move|p2a: Rillaboom|Swords Dance|p2a: Rillaboom
|-boost|p2a: Rillaboom|atk|2
|
|upkeep
|turn|19
|
|t:|1668021138
|move|p2a: Rillaboom|Grassy Glide|p1a: Toxapex
|-damage|p1a: Toxapex|15/100
|-damage|p2a: Rillaboom|91/100|[from] item: Life Orb
|move|p1a: Toxapex|Toxic|p2a: Rillaboom
|-status|p2a: Rillaboom|tox
|
|-heal|p2a: Rillaboom|97/100 tox|[from] Grassy Terrain
|-heal|p1a: Toxapex|22/100|[from] Grassy Terrain
|-damage|p2a: Rillaboom|91/100 tox|[from] psn
|upkeep
|turn|20
|
|t:|1668021142
|switch|p1a: Landorus|Landorus-Therian, M|23/100
|-ability|p1a: Landorus|Intimidate|boost
|-unboost|p2a: Rillaboom|atk|1
|move|p2a: Rillaboom|Knock Off|p1a: Landorus
|-damage|p1a: Landorus|0 fnt
|-enditem|p1a: Landorus|Leftovers|[from] move: Knock Off|[of] p2a: Rillaboom
|faint|p1a: Landorus
|-damage|p2a: Rillaboom|81/100 tox|[from] item: Life Orb
|
|-heal|p2a: Rillaboom|87/100 tox|[from] Grassy Terrain
|-damage|p2a: Rillaboom|75/100 tox|[from] psn
|upkeep
|
|t:|1668021146
|switch|p1a: Tornadus|Tornadus-Therian, M|100/100
|turn|21
|
|t:|1668021149
|move|p1a: Tornadus|Hurricane|p2a: Rillaboom
|-supereffective|p2a: Rillaboom
|-damage|p2a: Rillaboom|0 fnt
|faint|p2a: Rillaboom
|
|-fieldend|move: Grassy Terrain
|upkeep
|
|t:|1668021151
|switch|p2a: Dragapult|Dragapult, F, shiny|100/100
|turn|22
|
|t:|1668021157
|move|p2a: Dragapult|Shadow Ball|p1a: Tornadus
|-damage|p1a: Tornadus|69/100
|move|p1a: Tornadus|Knock Off|p2a: Dragapult
|-supereffective|p2a: Dragapult
|-damage|p2a: Dragapult|50/100
|-enditem|p2a: Dragapult|Choice Specs|[from] move: Knock Off|[of] p1a: Tornadus
|
|upkeep
|turn|23
|
|t:|1668021162
|move|p2a: Dragapult|Draco Meteor|p1a: Tornadus
|-crit|p1a: Tornadus
|-damage|p1a: Tornadus|19/100
|-unboost|p2a: Dragapult|spa|2
|move|p1a: Tornadus|Hurricane|p2a: Dragapult
|-damage|p2a: Dragapult|0 fnt
|faint|p2a: Dragapult
|
|upkeep
|
|t:|1668021167
|switch|p2a: Zapdos|Zapdos, shiny|50/100 tox
|turn|24
|
|t:|1668021172
|switch|p1a: Clefable|Clefable, M|77/100
|move|p2a: Zapdos|Roost|p2a: Zapdos
|-heal|p2a: Zapdos|99/100 tox
|-singleturn|p2a: Zapdos|move: Roost
|
|-damage|p2a: Zapdos|94/100 tox|[from] psn
|upkeep
|turn|25
|
|t:|1668021175
|move|p2a: Zapdos|Hurricane|p1a: Clefable
|-damage|p1a: Clefable|33/100
|move|p1a: Clefable|Stealth Rock|p2a: Zapdos
|-sidestart|p2: btlt200$ devin|move: Stealth Rock
|
|-damage|p2a: Zapdos|82/100 tox|[from] psn
|upkeep
|turn|26
|
|t:|1668021179
|move|p2a: Zapdos|Hurricane|p1a: Clefable
|-damage|p1a: Clefable|0 fnt
|faint|p1a: Clefable
|
|-damage|p2a: Zapdos|64/100 tox|[from] psn
|upkeep
|
|t:|1668021181
|switch|p1a: Vanilluxe|Vanilluxe, F|100/100
|-weather|Hail|[from] ability: Snow Warning|[of] p1a: Vanilluxe
|turn|27
|
|t:|1668021185
|move|p2a: Zapdos|Hurricane|p1a: Vanilluxe
|-damage|p1a: Vanilluxe|32/100
|move|p1a: Vanilluxe|Freeze-Dry|p2a: Zapdos
|-supereffective|p2a: Zapdos
|-damage|p2a: Zapdos|0 fnt
|faint|p2a: Zapdos
|
|-weather|Hail|[upkeep]
|upkeep
|
|t:|1668021188
|switch|p2a: Urshifu|Urshifu-Rapid-Strike, M|88/100
|-damage|p2a: Urshifu|82/100|[from] Stealth Rock
|turn|28
|
|t:|1668021197
|switch|p1a: Melmetal|Melmetal|100/100
|move|p2a: Urshifu|Surging Strikes|p1a: Melmetal
|-crit|p1a: Melmetal
|-damage|p1a: Melmetal|89/100
|-crit|p1a: Melmetal
|-damage|p1a: Melmetal|78/100
|-crit|p1a: Melmetal
|-damage|p1a: Melmetal|65/100
|-hitcount|p1a: Melmetal|3
|
|-weather|Hail|[upkeep]
|-damage|p2a: Urshifu|76/100|[from] Hail
|-damage|p1a: Melmetal|59/100|[from] Hail
|-heal|p1a: Melmetal|65/100|[from] item: Leftovers
|upkeep
|turn|29
|
|t:|1668021201
|move|p2a: Urshifu|Close Combat|p1a: Melmetal
|-supereffective|p1a: Melmetal
|-damage|p1a: Melmetal|0 fnt
|-unboost|p2a: Urshifu|def|1
|-unboost|p2a: Urshifu|spd|1
|faint|p1a: Melmetal
|
|-weather|Hail|[upkeep]
|-damage|p2a: Urshifu|70/100|[from] Hail
|upkeep
|
|t:|1668021205
|switch|p1a: Toxapex|Toxapex, F|55/100
|turn|30
|
|t:|1668021207
|move|p2a: Urshifu|Surging Strikes|p1a: Toxapex
|-resisted|p1a: Toxapex
|-crit|p1a: Toxapex
|-damage|p1a: Toxapex|48/100
|-resisted|p1a: Toxapex
|-crit|p1a: Toxapex
|-damage|p1a: Toxapex|40/100
|-resisted|p1a: Toxapex
|-crit|p1a: Toxapex
|-damage|p1a: Toxapex|32/100
|-hitcount|p1a: Toxapex|3
|move|p1a: Toxapex|Scald|p2a: Urshifu
|-resisted|p2a: Urshifu
|-damage|p2a: Urshifu|52/100
|
|-weather|Hail|[upkeep]
|-damage|p2a: Urshifu|45/100|[from] Hail
|-damage|p1a: Toxapex|26/100|[from] Hail
|upkeep
|turn|31
|
|t:|1668021214
|switch|p1a: Vanilluxe|Vanilluxe, F|32/100
|move|p2a: Urshifu|Taunt|p1a: Vanilluxe
|-start|p1a: Vanilluxe|move: Taunt
|
|-weather|none
|upkeep
|turn|32
|
|t:|1668021219
|move|p1a: Vanilluxe|Ice Shard|p2a: Urshifu
|-resisted|p2a: Urshifu
|-damage|p2a: Urshifu|37/100
|move|p2a: Urshifu|Close Combat|p1a: Vanilluxe
|-supereffective|p1a: Vanilluxe
|-damage|p1a: Vanilluxe|0 fnt
|-unboost|p2a: Urshifu|def|1
|-unboost|p2a: Urshifu|spd|1
|faint|p1a: Vanilluxe
|
|upkeep
|
|t:|1668021228
|switch|p1a: Tornadus|Tornadus-Therian, M|52/100
|turn|33
|
|t:|1668021230
|move|p1a: Tornadus|Weather Ball|p2a: Urshifu
|-damage|p2a: Urshifu|0 fnt
|faint|p2a: Urshifu
|
|win|sufy512
|raw|sufy512's rating: 1697 &rarr; <strong>1717</strong><br />(+20 for winning)
|raw|btlt200$ devin's rating: 1703 &rarr; <strong>1683</strong><br />(-20 for losing)
|c|☆sufy512|gg
|c|☆btlt200$ devin|gg
|l| hippo kek
|l|☆btlt200$ devin
||Ladder isn't responding, score probably updated but might not have (Request timeout).
|l| Rou5yaya
|l| Phxo'
