|j|☆A3720
|j|☆Draconic Echo
|t:|1652055341
|gametype|singles
|player|p1|A3720|265|1707
|player|p2|Draconic Echo|gladion|1658
|teamsize|p1|6
|teamsize|p2|6
|gen|8
|tier|[Gen 8] OU
|rated|
|rule|Sleep Clause Mod: Limit one foe put to sleep
|rule|Species Clause: Limit one of each Pokémon
|rule|OHKO Clause: OHKO moves are banned
|rule|Evasion Moves Clause: Evasion moves are banned
|rule|Endless Battle Clause: Forcing endless battles is banned
|rule|HP Percentage Mod: HP is shown in percentages
|rule|Dynamax Clause: You cannot dynamax
|clearpoke
|poke|p1|Tapu Lele|
|poke|p1|Starmie|
|poke|p1|Landorus-Therian, M|
|poke|p1|Kartana|
|poke|p1|Bewear, M|
|poke|p1|Magnezone|
|poke|p2|Keldeo-Resolute|
|poke|p2|Zygarde-10%|
|poke|p2|Silvally-*|
|poke|p2|Slowking-Galar, F|
|poke|p2|Salamence, M|
|poke|p2|Mamoswine, M|
|teampreview
|j| DA COME UP ️✰彡
|
|t:|1652055370
|start
|switch|p1a: Starmie|Starmie|100/100
|switch|p2a: Silv|Silvally|100/100
|turn|1
|
|t:|1652055378
|switch|p1a: Magnezone|Magnezone|100/100
|move|p2a: Silv|Multi-Attack|p1a: Magnezone
|-resisted|p1a: Magnezone
|-damage|p1a: Magnezone|78/100
|-damage|p2a: Silv|84/100|[from] item: Rocky Helmet|[of] p1a: Magnezone
|-damage|p2a: Silv|74/100|[from] item: Life Orb
|
|upkeep
|turn|2
|
|t:|1652055402
|move|p2a: Silv|Flamethrower|p1a: Magnezone
|-supereffective|p1a: Magnezone
|-damage|p1a: Magnezone|0 fnt
|faint|p1a: Magnezone
|-damage|p2a: Silv|64/100|[from] item: Life Orb
|
|upkeep
|l| DA COME UP ️✰彡
|
|t:|1652055452
|switch|p1a: Kartana|Kartana|100/100
|turn|3
|
|t:|1652055469
|switch|p2a: Temeraire|Salamence, M|100/100
|-ability|p2a: Temeraire|Intimidate|boost
|-unboost|p1a: Kartana|atk|1
|move|p1a: Kartana|Sacred Sword|p2a: Temeraire
|-resisted|p2a: Temeraire
|-damage|p2a: Temeraire|90/100
|
|upkeep
|turn|4
|
|t:|1652055479
|switch|p1a: Tapu Lele|Tapu Lele|100/100
|-fieldstart|move: Psychic Terrain|[from] ability: Psychic Surge|[of] p1a: Tapu Lele
|switch|p2a: Silv|Silvally|64/100
|
|upkeep
|turn|5
|
|t:|1652055501
|switch|p2a: Slowqueen|Slowking-Galar, F|100/100
|move|p1a: Tapu Lele|Psyshock|p2a: Slowqueen
|-damage|p2a: Slowqueen|50/100
|
|upkeep
|turn|6
|
|t:|1652055506
|switch|p2a: Temeraire|Salamence, M|90/100
|-ability|p2a: Temeraire|Intimidate|boost
|-unboost|p1a: Tapu Lele|atk|1
|move|p1a: Tapu Lele|Psyshock|p2a: Temeraire
|-damage|p2a: Temeraire|47/100
|
|upkeep
|turn|7
|
|t:|1652055511
|move|p1a: Tapu Lele|Moonblast|p2a: Temeraire
|-supereffective|p2a: Temeraire
|-damage|p2a: Temeraire|0 fnt
|faint|p2a: Temeraire
|
|upkeep
|
|t:|1652055520
|switch|p2a: Slowqueen|Slowking-Galar, F|83/100
|turn|8
|
|t:|1652055525
|move|p1a: Tapu Lele|Psyshock|p2a: Slowqueen
|-damage|p2a: Slowqueen|33/100
|move|p2a: Slowqueen|Sludge Bomb|p1a: Tapu Lele
|-supereffective|p1a: Tapu Lele
|-damage|p1a: Tapu Lele|52/100
|-status|p1a: Tapu Lele|psn
|
|-damage|p1a: Tapu Lele|40/100 psn|[from] psn
|-fieldend|move: Psychic Terrain
|upkeep
|turn|9
|
|t:|1652055530
|switch|p2a: Silv|Silvally|64/100
|move|p1a: Tapu Lele|Psyshock|p2a: Silv
|-damage|p2a: Silv|20/100
|
|-damage|p1a: Tapu Lele|27/100 psn|[from] psn
|upkeep
|turn|10
|
|t:|1652055543
|move|p2a: Silv|Multi-Attack|p1a: Tapu Lele
|-damage|p1a: Tapu Lele|0 fnt
|faint|p1a: Tapu Lele
|-damage|p2a: Silv|10/100|[from] item: Life Orb
|
|upkeep
|
|t:|1652055555
|switch|p1a: Kartana|Kartana|100/100
|turn|11
|
|t:|1652055563
|move|p1a: Kartana|Leaf Blade|p2a: Silv
|-damage|p2a: Silv|0 fnt
|faint|p2a: Silv
|-ability|p1a: Kartana|Beast Boost|boost
|-boost|p1a: Kartana|atk|1
|
|upkeep
|
|t:|1652055566
|switch|p2a: Slowqueen|Slowking-Galar, F|66/100
|turn|12
|
|t:|1652055587
|switch|p1a: Starmie|Starmie|100/100
|move|p2a: Slowqueen|Future Sight|p1a: Starmie
|-start|p2a: Slowqueen|move: Future Sight
|
|upkeep
|turn|13
|j| DA COME UP ️✰彡
|
|t:|1652055596
|move|p1a: Starmie|Flip Turn|p2a: Slowqueen
|-damage|p2a: Slowqueen|48/100
|-damage|p1a: Starmie|90/100|[from] item: Life Orb
|
|t:|1652055598
|switch|p1a: Landorus|Landorus-Therian, M|100/100|[from]move: Flip Turn
|-ability|p1a: Landorus|Intimidate|boost
|-unboost|p2a: Slowqueen|atk|1
|move|p2a: Slowqueen|Sludge Bomb|p1a: Landorus
|-resisted|p1a: Landorus
|-damage|p1a: Landorus|85/100
|
|-heal|p1a: Landorus|91/100|[from] item: Leftovers
|upkeep
|turn|14
|j| ppev
|
|t:|1652055612
|switch|p2a: Kels|Keldeo-Resolute|100/100
|move|p1a: Landorus|U-turn|p2a: Kels
|-resisted|p2a: Kels
|-damage|p2a: Kels|87/100
|
|t:|1652055619
|switch|p1a: Starmie|Starmie|90/100|[from]move: U-turn
|
|-end|p1a: Starmie|move: Future Sight
|-resisted|p1a: Starmie
|-damage|p1a: Starmie|54/100
|-heal|p2a: Kels|94/100|[from] item: Leftovers
|upkeep
|turn|15
|
|t:|1652055631
|switch|p2a: Zy|Zygarde-10%|100/100
|-ability|p2a: Zy|Aura Break
|move|p1a: Starmie|Flip Turn|p2a: Zy
|-damage|p2a: Zy|56/100
|-damage|p1a: Starmie|44/100|[from] item: Life Orb
|
|t:|1652055657
|switch|p1a: Kartana|Kartana|100/100|[from]move: Flip Turn
|
|upkeep
|turn|16
|
|t:|1652055663
|switch|p2a: Slowqueen|Slowking-Galar, F|81/100
|move|p1a: Kartana|Knock Off|p2a: Slowqueen
|-supereffective|p2a: Slowqueen
|-damage|p2a: Slowqueen|3/100
|-enditem|p2a: Slowqueen|Assault Vest|[from] move: Knock Off|[of] p1a: Kartana
|
|upkeep
|turn|17
|
|t:|1652055667
|switch|p2a: Kels|Keldeo-Resolute|94/100
|move|p1a: Kartana|Knock Off|p2a: Kels
|-resisted|p2a: Kels
|-damage|p2a: Kels|70/100
|-ability|p2a: Kels|Justified|boost
|-boost|p2a: Kels|atk|1
|-enditem|p2a: Kels|Leftovers|[from] move: Knock Off|[of] p1a: Kartana
|
|upkeep
|turn|18
|l| ppev
|j| 8th Hokage Killua
|
|t:|1652055675
|switch|p1a: Starmie|Starmie|44/100
|move|p2a: Kels|Surf|p1a: Starmie
|-resisted|p1a: Starmie
|-damage|p1a: Starmie|13/100
|
|upkeep
|turn|19
|
|t:|1652055687
|switch|p2a: Zy|Zygarde-10%|56/100
|-ability|p2a: Zy|Aura Break
|move|p1a: Starmie|Expanding Force|p2a: Zy
|-damage|p2a: Zy|0 fnt
|faint|p2a: Zy
|-damage|p1a: Starmie|3/100|[from] item: Life Orb
|
|upkeep
|
|t:|1652055693
|switch|p2a: Truffle|Mamoswine, M|100/100
|turn|20
|j| ppev
|
|t:|1652055715
|switch|p1a: Kartana|Kartana|100/100
|move|p2a: Truffle|Ice Shard|p1a: Kartana
|-damage|p1a: Kartana|76/100
|
|upkeep
|turn|21
|
|t:|1652055718
|move|p1a: Kartana|Leaf Blade|p2a: Truffle
|-supereffective|p2a: Truffle
|-enditem|p2a: Truffle|Focus Sash
|-damage|p2a: Truffle|1/100
|move|p2a: Truffle|Earthquake|p1a: Kartana
|-damage|p1a: Kartana|15/100
|
|upkeep
|turn|22
|j| victordoblew
|
|t:|1652055732
|switch|p1a: Starmie|Starmie|3/100
|move|p2a: Truffle|Ice Shard|p1a: Starmie
|-resisted|p1a: Starmie
|-damage|p1a: Starmie|0 fnt
|faint|p1a: Starmie
|
|upkeep
|
|t:|1652055737
|switch|p1a: Bewear|Bewear, M|100/100
|turn|23
|
|t:|1652055744
|switch|p2a: Slowqueen|Slowking-Galar, F|36/100
|move|p1a: Bewear|Double-Edge|p2a: Slowqueen
|-damage|p2a: Slowqueen|0 fnt
|faint|p2a: Slowqueen
|-damage|p1a: Bewear|89/100|[from] Recoil
|
|upkeep
|
|t:|1652055748
|switch|p2a: Kels|Keldeo-Resolute|70/100
|turn|24
|l| DA COME UP ️✰彡
|
|t:|1652055763
|switch|p1a: Landorus|Landorus-Therian, M|91/100
|-ability|p1a: Landorus|Intimidate|boost
|-unboost|p2a: Kels|atk|1
|move|p2a: Kels|Secret Sword|p1a: Landorus
|-resisted|p1a: Landorus
|-damage|p1a: Landorus|74/100
|
|-heal|p1a: Landorus|80/100|[from] item: Leftovers
|upkeep
|turn|25
|
|t:|1652055767
|move|p2a: Kels|Surf|p1a: Landorus
|-supereffective|p1a: Landorus
|-damage|p1a: Landorus|1/100
|move|p1a: Landorus|Earthquake|p2a: Kels
|-damage|p2a: Kels|17/100
|
|-heal|p1a: Landorus|7/100|[from] item: Leftovers
|upkeep
|turn|26
|
|t:|1652055777
|move|p2a: Kels|Surf|p1a: Landorus
|-supereffective|p1a: Landorus
|-damage|p1a: Landorus|0 fnt
|faint|p1a: Landorus
|
|upkeep
|j| Rojovsred
|
|t:|1652055783
|switch|p1a: Kartana|Kartana|15/100
|turn|27
|
|t:|1652055788
|move|p1a: Kartana|Leaf Blade|p2a: Kels
|-supereffective|p2a: Kels
|-damage|p2a: Kels|0 fnt
|faint|p2a: Kels
|-ability|p1a: Kartana|Beast Boost|boost
|-boost|p1a: Kartana|atk|1
|
|upkeep
|
|t:|1652055790
|switch|p2a: Truffle|Mamoswine, M|1/100
|turn|28
|
|t:|1652055792
|move|p2a: Truffle|Ice Shard|p1a: Kartana
|-damage|p1a: Kartana|0 fnt
|faint|p1a: Kartana
|
|upkeep
|
|t:|1652055794
|switch|p1a: Bewear|Bewear, M|89/100
|turn|29
|
|t:|1652055797
|move|p2a: Truffle|Earthquake|p1a: Bewear
|-crit|p1a: Bewear
|-damage|p1a: Bewear|3/100
|move|p1a: Bewear|Double-Edge|p2a: Truffle
|-damage|p2a: Truffle|0 fnt
|faint|p2a: Truffle
|-damage|p1a: Bewear|2/100|[from] Recoil
|
|win|A3720
|raw|A3720's rating: 1707 &rarr; <strong>1724</strong><br />(+17 for winning)
|raw|Draconic Echo's rating: 1658 &rarr; <strong>1641</strong><br />(-17 for losing)
|c|☆Draconic Echo|gg
|c|☆A3720|gg
|l|☆Draconic Echo
|l|☆A3720
|j| the sigma male
|l| the sigma male
||Ladder isn't responding, score probably updated but might not have (Request timeout).
|l| ppev
|l| Rojovsred
