|j|☆IM AT MY LIMIT
|j|☆OU make me yawn ¤
|t:|1617420623
|gametype|singles
|player|p1|IM AT MY LIMIT|ethan|
|player|p2|OU make me yawn ¤|hilda|
|teamsize|p1|6
|teamsize|p2|6
|gen|8
|tier|[Gen 8] OU
|clearpoke
|poke|p1|Avalugg, F|
|poke|p1|Clefable, M|
|poke|p1|Xatu, F|
|poke|p1|Hydreigon, M|
|poke|p1|Marowak-Alola, F|
|poke|p1|Toxapex, F|
|poke|p2|Regieleki|
|poke|p2|Tapu Fini|
|poke|p2|Kyurem|
|poke|p2|Landorus-Therian, M|
|poke|p2|Ferrothorn, M|
|poke|p2|Volcarona, M|
|rule|Sleep Clause Mod: Limit one foe put to sleep
|rule|Species Clause: Limit one of each Pokémon
|rule|OHKO Clause: OHKO moves are banned
|rule|Evasion Moves Clause: Evasion moves are banned
|rule|Endless Battle Clause: Forcing endless battles is banned
|rule|HP Percentage Mod: HP is shown in percentages
|rule|Dynamax Clause: You cannot dynamax
|teampreview
|inactive|Battle timer is ON: inactive players will automatically lose when time's up. (requested by OU make me yawn ¤)
|j| Ilikepinkandpurple
|c|☆IM AT MY LIMIT|WHo's that
|inactive|IM AT MY LIMIT has 270 seconds left.
|inactive|OU make me yawn ¤ has 270 seconds left.
|c|☆OU make me yawn ¤|no idea
|l| Ilikepinkandpurple
|inactive|IM AT MY LIMIT has 240 seconds left.
|
|t:|1617420704
|start
|switch|p1a: ur mom|Xatu, F|100/100
|switch|p2a: Simba|Landorus-Therian, M|100/100
|-ability|p2a: Simba|Intimidate|boost
|-unboost|p1a: ur mom|atk|1
|turn|1
|
|t:|1617420718
|move|p1a: ur mom|Night Shade|p2a: Simba
|-damage|p2a: Simba|74/100
|move|p2a: Simba|U-turn|p1a: ur mom
|-damage|p1a: ur mom|80/100
|
|t:|1617420725
|switch|p2a: Ethernet|Regieleki|100/100|[from]move: U-turn
|
|-heal|p1a: ur mom|86/100|[from] item: Leftovers
|upkeep
|turn|2
|
|t:|1617420736
|switch|p1a: Shifu gone!!!!|Toxapex, F|100/100
|move|p2a: Ethernet|Ancient Power|p1a: Shifu gone!!!!
|-damage|p1a: Shifu gone!!!!|85/100
|
|upkeep
|turn|3
|c|☆IM AT MY LIMIT|I KNEW IT
|c|☆IM AT MY LIMIT|I KNEW IT HAD SOME BULLSHIT ON THERE LOL
|
|t:|1617420757
|switch|p1a: Kyurem check?|Marowak-Alola, F|100/100
|move|p2a: Ethernet|Volt Switch|p1a: Kyurem check?
|-ability|p1a: Kyurem check?|Lightning Rod|boost
|-boost|p1a: Kyurem check?|spa|1
|
|upkeep
|turn|4
|inactive|IM AT MY LIMIT has 270 seconds left.
|inactive|OU make me yawn ¤ has 270 seconds left.
|c|☆OU make me yawn ¤|ITS A STEEZ TEAM DONT JUDGE ME
|
|t:|1617420801
|switch|p2a: Andramada|Tapu Fini|100/100
|-fieldstart|move: Misty Terrain|[from] ability: Misty Surge|[of] p2a: Andramada
|move|p1a: Kyurem check?|Stealth Rock|p2a: Andramada
|-sidestart|p2: OU make me yawn ¤|move: Stealth Rock
|
|upkeep
|turn|5
|inactive|IM AT MY LIMIT has 240 seconds left.
|
|t:|1617420822
|switch|p1a: Shifu gone!!!!|Toxapex, F|100/100
|move|p2a: Andramada|Surf|p1a: Shifu gone!!!!
|-resisted|p1a: Shifu gone!!!!
|-damage|p1a: Shifu gone!!!!|89/100
|
|upkeep
|turn|6
|inactive|IM AT MY LIMIT has 240 seconds left.
|
|t:|1617420844
|switch|p2a: Baldor|Kyurem, shiny|100/100
|-damage|p2a: Baldor|76/100|[from] Stealth Rock
|-ability|p2a: Baldor|Pressure
|switch|p1a: Kyurem check?|Marowak-Alola, F|100/100
|
|-heal|p2a: Baldor|82/100|[from] item: Leftovers
|upkeep
|turn|7
|
|t:|1617420856
|switch|p1a: Trolled|Avalugg, F|100/100
|move|p2a: Baldor|Substitute|p2a: Baldor
|-start|p2a: Baldor|Substitute
|-damage|p2a: Baldor|57/100
|
|-heal|p2a: Baldor|63/100|[from] item: Leftovers
|upkeep
|turn|8
|
|t:|1617420864
|move|p2a: Baldor|Earth Power|p1a: Trolled
|-damage|p1a: Trolled|42/100
|move|p1a: Trolled|Recover|p1a: Trolled
|-heal|p1a: Trolled|92/100
|
|-heal|p2a: Baldor|69/100|[from] item: Leftovers
|-fieldend|Misty Terrain
|upkeep
|turn|9
|inactive|IM AT MY LIMIT has 240 seconds left.
|inactive|OU make me yawn ¤ has 270 seconds left.
|
|t:|1617420877
|move|p2a: Baldor|Earth Power|p1a: Trolled
|-damage|p1a: Trolled|36/100
|move|p1a: Trolled|Recover|p1a: Trolled
|-heal|p1a: Trolled|86/100
|
|-heal|p2a: Baldor|75/100|[from] item: Leftovers
|upkeep
|turn|10
|inactive|IM AT MY LIMIT has 240 seconds left.
|inactive|OU make me yawn ¤ has 270 seconds left.
|inactive|OU make me yawn ¤ has 240 seconds left.
|
|t:|1617420914
|switch|p1a: NASTY!!!!!!!|Hydreigon, M|100/100
|move|p2a: Baldor|Earth Power|p1a: NASTY!!!!!!!
|-immune|p1a: NASTY!!!!!!!|[from] ability: Levitate
|
|-heal|p2a: Baldor|81/100|[from] item: Leftovers
|upkeep
|turn|11
|
|t:|1617420921
|switch|p1a: Shifu gone!!!!|Toxapex, F|100/100
|move|p2a: Baldor|Ice Beam|p1a: Shifu gone!!!!
|-resisted|p1a: Shifu gone!!!!
|-damage|p1a: Shifu gone!!!!|78/100
|
|-heal|p2a: Baldor|88/100|[from] item: Leftovers
|upkeep
|turn|12
|
|t:|1617420927
|switch|p1a: Kyurem check?|Marowak-Alola, F|100/100
|move|p2a: Baldor|Freeze-Dry|p1a: Kyurem check?
|-resisted|p1a: Kyurem check?
|-damage|p1a: Kyurem check?|83/100
|
|-heal|p2a: Baldor|94/100|[from] item: Leftovers
|upkeep
|turn|13
|
|t:|1617420936
|move|p2a: Baldor|Earth Power|p1a: Kyurem check?
|-supereffective|p1a: Kyurem check?
|-damage|p1a: Kyurem check?|25/100
|move|p1a: Kyurem check?|Poltergeist|p2a: Baldor
|-activate|p2a: Baldor|move: Poltergeist|Leftovers
|-end|p2a: Baldor|Substitute
|
|-heal|p2a: Baldor|99/100|[from] item: Leftovers
|upkeep
|turn|14
|inactive|IM AT MY LIMIT has 240 seconds left.
|
|t:|1617420942
|move|p2a: Baldor|Substitute|p2a: Baldor
|-start|p2a: Baldor|Substitute
|-damage|p2a: Baldor|75/100
|move|p1a: Kyurem check?|Poltergeist|p2a: Baldor
|-activate|p2a: Baldor|move: Poltergeist|Leftovers
|-end|p2a: Baldor|Substitute
|
|-heal|p2a: Baldor|81/100|[from] item: Leftovers
|upkeep
|turn|15
|
|t:|1617420947
|move|p2a: Baldor|Substitute|p2a: Baldor
|-start|p2a: Baldor|Substitute
|-damage|p2a: Baldor|56/100
|move|p1a: Kyurem check?|Poltergeist|p2a: Baldor
|-activate|p2a: Baldor|move: Poltergeist|Leftovers
|-end|p2a: Baldor|Substitute
|
|-heal|p2a: Baldor|62/100|[from] item: Leftovers
|upkeep
|turn|16
|
|t:|1617420953
|move|p2a: Baldor|Substitute|p2a: Baldor
|-start|p2a: Baldor|Substitute
|-damage|p2a: Baldor|38/100
|move|p1a: Kyurem check?|Knock Off|p2a: Baldor
|-activate|p2a: Baldor|move: Substitute|[damage]
|
|-heal|p2a: Baldor|44/100|[from] item: Leftovers
|upkeep
|turn|17
|
|t:|1617420963
|move|p2a: Baldor|Earth Power|p1a: Kyurem check?
|-supereffective|p1a: Kyurem check?
|-damage|p1a: Kyurem check?|0 fnt
|faint|p1a: Kyurem check?
|
|-heal|p2a: Baldor|50/100|[from] item: Leftovers
|upkeep
|c|☆IM AT MY LIMIT|i hate steez teams'
|c|☆IM AT MY LIMIT|lameeeeeeeeee
|inactive|IM AT MY LIMIT has 240 seconds left.
|c|☆IM AT MY LIMIT|if kyurem has earth power we are 6-0
|-message|IM AT MY LIMIT forfeited.
|
|win|OU make me yawn ¤
