|j|‽minimax_ai
|j|☆Mamaw31180
|t:|1667345509
|gametype|singles
|player|p1|minimax_ai|266|1674
|player|p2|Mamaw31180|lucas|1769
|teamsize|p1|6
|teamsize|p2|6
|gen|8
|tier|[Gen 8] OU
|rated|
|rule|Sleep Clause Mod: Limit one foe put to sleep
|rule|Species Clause: Limit one of each Pokémon
|rule|OHKO Clause: OHKO moves are banned
|rule|Evasion Items Clause: Evasion items are banned
|rule|Evasion Moves Clause: Evasion moves are banned
|rule|Endless Battle Clause: Forcing endless battles is banned
|rule|HP Percentage Mod: HP is shown in percentages
|rule|Dynamax Clause: You cannot dynamax
|clearpoke
|poke|p1|Rotom-Wash|
|poke|p1|Weavile, F|
|poke|p1|Landorus-Therian, M|
|poke|p1|Heatran, M|
|poke|p1|Tangrowth, F|
|poke|p1|Melmetal|
|poke|p2|Kartana|
|poke|p2|Blacephalon|
|poke|p2|Landorus-Therian, M|
|poke|p2|Slowbro, F|
|poke|p2|Zapdos|
|poke|p2|Tyranitar, F|
|teampreview
|inactive|Battle timer is ON: inactive players will automatically lose when time's up. (requested by minimax_ai)
|
|t:|1667345515
|start
|switch|p1a: Melmetal|Melmetal|100/100
|switch|p2a: Slowbro|Slowbro, F|100/100
|turn|1
|
|t:|1667345521
|switch|p1a: Rotom|Rotom-Wash|100/100
|move|p2a: Slowbro|Body Press|p1a: Rotom
|-damage|p1a: Rotom|74/100
|
|-heal|p1a: Rotom|80/100|[from] item: Leftovers
|upkeep
|turn|2
|
|t:|1667345523
|move|p1a: Rotom|Hydro Pump|p2a: Slowbro|[miss]
|-miss|p1a: Rotom|p2a: Slowbro
|move|p2a: Slowbro|Teleport|p2a: Slowbro
|
|t:|1667345527
|switch|p2a: Zapdos|Zapdos|100/100|[from]move: Teleport
|
|-heal|p1a: Rotom|87/100|[from] item: Leftovers
|upkeep
|turn|3
|
|t:|1667345528
|move|p1a: Rotom|Pain Split|p2a: Zapdos
|-sethp|p2a: Zapdos|85/100|[from] move: Pain Split|[silent]
|-sethp|p1a: Rotom|100/100|[from] move: Pain Split
|move|p2a: Zapdos|Volt Switch|p1a: Rotom
|-damage|p1a: Rotom|70/100
|
|t:|1667345534
|switch|p2a: Slowbro|Slowbro, F|100/100|[from]move: Volt Switch
|
|-heal|p1a: Rotom|76/100|[from] item: Leftovers
|upkeep
|turn|4
|
|t:|1667345536
|move|p1a: Rotom|Hydro Pump|p2a: Slowbro
|-resisted|p2a: Slowbro
|-damage|p2a: Slowbro|78/100
|move|p2a: Slowbro|Teleport|p2a: Slowbro
|
|t:|1667345540
|switch|p2a: Kartana|Kartana|100/100|[from]move: Teleport
|
|-heal|p1a: Rotom|82/100|[from] item: Leftovers
|upkeep
|turn|5
|
|t:|1667345544
|switch|p2a: Blacephalon|Blacephalon|100/100
|switch|p1a: Tangrowth|Tangrowth, F|100/100
|
|upkeep
|turn|6
|
|t:|1667345550
|switch|p1a: Landorus|Landorus-Therian, M|100/100
|-ability|p1a: Landorus|Intimidate|boost
|-unboost|p2a: Blacephalon|atk|1
|move|p2a: Blacephalon|Overheat|p1a: Landorus|[miss]
|-miss|p2a: Blacephalon|p1a: Landorus
|
|upkeep
|turn|7
|
|t:|1667345556
|switch|p2a: Landorus|Landorus-Therian, M|100/100
|-ability|p2a: Landorus|Intimidate|boost
|-unboost|p1a: Landorus|atk|1
|move|p1a: Landorus|Earthquake|p2a: Landorus
|-immune|p2a: Landorus
|
|upkeep
|turn|8
|
|t:|1667345559
|move|p2a: Landorus|Stealth Rock|p1a: Landorus
|-sidestart|p1: minimax_ai|move: Stealth Rock
|move|p1a: Landorus|Toxic|p2a: Landorus|[miss]
|-miss|p1a: Landorus|p2a: Landorus
|
|upkeep
|turn|9
|
|t:|1667345562
|move|p2a: Landorus|Knock Off|p1a: Landorus
|-damage|p1a: Landorus|69/100
|-enditem|p1a: Landorus|Leftovers|[from] move: Knock Off|[of] p2a: Landorus
|move|p1a: Landorus|Defog|p2a: Landorus
|-unboost|p2a: Landorus|evasion|1
|-sideend|p1: minimax_ai|Stealth Rock|[from] move: Defog|[of] p1a: Landorus
|
|upkeep
|turn|10
|
|t:|1667345565
|move|p2a: Landorus|U-turn|p1a: Landorus
|-resisted|p1a: Landorus
|-damage|p1a: Landorus|58/100
|
|t:|1667345567
|switch|p2a: Slowbro|Slowbro, F|100/100|[from]move: U-turn
|move|p1a: Landorus|Toxic|p2a: Slowbro
|-status|p2a: Slowbro|tox
|
|-damage|p2a: Slowbro|94/100 tox|[from] psn
|upkeep
|turn|11
|
|t:|1667345569
|move|p1a: Landorus|Earthquake|p2a: Slowbro
|-damage|p2a: Slowbro|77/100 tox
|move|p2a: Slowbro|Teleport|p2a: Slowbro
|
|t:|1667345578
|switch|p2a: Landorus|Landorus-Therian, M|100/100|[from]move: Teleport
|-ability|p2a: Landorus|Intimidate|boost
|-unboost|p1a: Landorus|atk|1
|
|upkeep
|turn|12
|
|t:|1667345580
|move|p2a: Landorus|U-turn|p1a: Landorus
|-resisted|p1a: Landorus
|-damage|p1a: Landorus|48/100
|
|t:|1667345582
|switch|p2a: Slowbro|Slowbro, F|100/100 tox|[from]move: U-turn
|move|p1a: Landorus|Toxic|p2a: Slowbro
|-fail|p2a: Slowbro|tox
|
|-damage|p2a: Slowbro|94/100 tox|[from] psn
|upkeep
|turn|13
|
|t:|1667345584
|move|p1a: Landorus|Toxic|p2a: Slowbro|[miss]
|-miss|p1a: Landorus|p2a: Slowbro
|move|p2a: Slowbro|Ice Beam|p1a: Landorus
|-supereffective|p1a: Landorus
|-damage|p1a: Landorus|0 fnt
|faint|p1a: Landorus
|
|-damage|p2a: Slowbro|82/100 tox|[from] psn
|upkeep
|
|t:|1667345584
|switch|p1a: Weavile|Weavile, F|100/100
|-ability|p1a: Weavile|Pressure
|turn|14
|
|t:|1667345587
|move|p1a: Weavile|Knock Off|p2a: Slowbro
|-supereffective|p2a: Slowbro
|-enditem|p2a: Slowbro|Colbur Berry|[eat]
|-enditem|p2a: Slowbro|Colbur Berry|[weaken]
|-damage|p2a: Slowbro|42/100 tox
|move|p2a: Slowbro|Body Press|p1a: Weavile
|-supereffective|p1a: Weavile
|-damage|p1a: Weavile|0 fnt
|faint|p1a: Weavile
|
|-damage|p2a: Slowbro|23/100 tox|[from] psn
|upkeep
|
|t:|1667345587
|switch|p1a: Melmetal|Melmetal|100/100
|turn|15
|
|t:|1667345592
|switch|p2a: Zapdos|Zapdos|85/100
|move|p1a: Melmetal|Double Iron Bash|p2a: Zapdos
|-resisted|p2a: Zapdos
|-damage|p2a: Zapdos|69/100
|-resisted|p2a: Zapdos
|-damage|p2a: Zapdos|53/100
|-hitcount|p2a: Zapdos|2
|
|upkeep
|turn|16
|
|t:|1667345595
|move|p2a: Zapdos|Roost|p2a: Zapdos
|-heal|p2a: Zapdos|100/100
|-singleturn|p2a: Zapdos|move: Roost
|move|p1a: Melmetal|Double Iron Bash|p2a: Zapdos
|-resisted|p2a: Zapdos
|-damage|p2a: Zapdos|84/100
|-resisted|p2a: Zapdos
|-damage|p2a: Zapdos|68/100
|-hitcount|p2a: Zapdos|2
|
|upkeep
|turn|17
|
|t:|1667345598
|move|p2a: Zapdos|Heat Wave|p1a: Melmetal
|-supereffective|p1a: Melmetal
|-damage|p1a: Melmetal|74/100
|move|p1a: Melmetal|Double Iron Bash|p2a: Zapdos
|-resisted|p2a: Zapdos
|-damage|p2a: Zapdos|51/100
|-status|p1a: Melmetal|par|[from] ability: Static|[of] p2a: Zapdos
|-resisted|p2a: Zapdos
|-damage|p2a: Zapdos|34/100
|-hitcount|p2a: Zapdos|2
|
|upkeep
|turn|18
|
|t:|1667345600
|move|p2a: Zapdos|Roost|p2a: Zapdos
|-heal|p2a: Zapdos|84/100
|-singleturn|p2a: Zapdos|move: Roost
|move|p1a: Melmetal|Double Iron Bash|p2a: Zapdos
|-resisted|p2a: Zapdos
|-damage|p2a: Zapdos|68/100
|-resisted|p2a: Zapdos
|-damage|p2a: Zapdos|52/100
|-hitcount|p2a: Zapdos|2
|
|upkeep
|turn|19
|
|t:|1667345603
|move|p2a: Zapdos|Roost|p2a: Zapdos
|-heal|p2a: Zapdos|100/100
|-singleturn|p2a: Zapdos|move: Roost
|move|p1a: Melmetal|Double Iron Bash|p2a: Zapdos
|-resisted|p2a: Zapdos
|-damage|p2a: Zapdos|84/100
|-resisted|p2a: Zapdos
|-damage|p2a: Zapdos|69/100
|-hitcount|p2a: Zapdos|2
|
|upkeep
|turn|20
|
|t:|1667345606
|move|p2a: Zapdos|Heat Wave|p1a: Melmetal
|-supereffective|p1a: Melmetal
|-damage|p1a: Melmetal|43/100 par
|move|p1a: Melmetal|Double Iron Bash|p2a: Zapdos
|-resisted|p2a: Zapdos
|-damage|p2a: Zapdos|54/100
|-resisted|p2a: Zapdos
|-damage|p2a: Zapdos|38/100
|-hitcount|p2a: Zapdos|2
|
|upkeep
|turn|21
|
|t:|1667345609
|move|p2a: Zapdos|Roost|p2a: Zapdos
|-heal|p2a: Zapdos|88/100
|-singleturn|p2a: Zapdos|move: Roost
|move|p1a: Melmetal|Ice Punch|p2a: Zapdos
|-damage|p2a: Zapdos|63/100
|
|upkeep
|turn|22
|
|t:|1667345612
|move|p2a: Zapdos|Heat Wave|p1a: Melmetal
|-supereffective|p1a: Melmetal
|-damage|p1a: Melmetal|14/100 par
|move|p1a: Melmetal|Ice Punch|p2a: Zapdos
|-supereffective|p2a: Zapdos
|-crit|p2a: Zapdos
|-damage|p2a: Zapdos|0 fnt
|faint|p2a: Zapdos
|
|upkeep
|
|t:|1667345623
|switch|p2a: Blacephalon|Blacephalon|100/100
|turn|23
|
|t:|1667345624
|move|p2a: Blacephalon|Shadow Ball|p1a: Melmetal
|-damage|p1a: Melmetal|0 fnt
|faint|p1a: Melmetal
|-ability|p2a: Blacephalon|Beast Boost|boost
|-boost|p2a: Blacephalon|spa|1
|
|upkeep
|
|t:|1667345624
|switch|p1a: Tangrowth|Tangrowth, F|100/100
|turn|24
|
|t:|1667345627
|switch|p1a: Rotom|Rotom-Wash|82/100
|move|p2a: Blacephalon|Shadow Ball|p1a: Rotom
|-damage|p1a: Rotom|0 fnt
|faint|p1a: Rotom
|-ability|p2a: Blacephalon|Beast Boost|boost
|-boost|p2a: Blacephalon|spa|1
|
|upkeep
|
|t:|1667345627
|switch|p1a: Heatran|Heatran, M|100/100
|-item|p1a: Heatran|Air Balloon
|turn|25
|
|t:|1667345630
|switch|p1a: Tangrowth|Tangrowth, F|100/100
|move|p2a: Blacephalon|Shadow Ball|p1a: Tangrowth
|-damage|p1a: Tangrowth|0 fnt
|faint|p1a: Tangrowth
|-ability|p2a: Blacephalon|Beast Boost|boost
|-boost|p2a: Blacephalon|spa|1
|
|upkeep
|
|t:|1667345630
|switch|p1a: Heatran|Heatran, M|100/100
|-item|p1a: Heatran|Air Balloon
|turn|26
|
|t:|1667345632
|move|p2a: Blacephalon|Shadow Ball|p1a: Heatran
|-damage|p1a: Heatran|0 fnt
|-enditem|p1a: Heatran|Air Balloon
|faint|p1a: Heatran
|
|win|Mamaw31180
|raw|minimax_ai's rating: 1674 &rarr; <strong>1659</strong><br />(-15 for losing)
|raw|Mamaw31180's rating: 1769 &rarr; <strong>1784</strong><br />(+15 for winning)
