|j|☆sexybucks
|j|☆yhdrslb
|player|p1|sexybucks|1|1268
|player|p2|yhdrslb|30|1187
|teamsize|p1|6
|teamsize|p2|6
|gametype|singles
|gen|8
|tier|[Gen 8] OU
|rated|
|html|<div class="broadcast-red"><strong>OU is currently suspecting Arena Trap! For information on how to participate check out the <a href="https://www.smogon.com/forums/threads/3661134/">suspect thread</a>.</strong></div>
|clearpoke
|poke|p1|Pelipper, F|
|poke|p1|Dracovish|
|poke|p1|Seismitoad, M|
|poke|p1|Ditto|
|poke|p1|Ferrothorn, M|
|poke|p1|Dragapult, F|
|poke|p2|Zeraora|
|poke|p2|Clefable, M|
|poke|p2|Seismitoad, F|
|poke|p2|Bisharp, M|
|poke|p2|Corviknight, M|
|poke|p2|Darmanitan, F|
|rule|Sleep Clause Mod: Limit one foe put to sleep
|rule|Species Clause: Limit one of each Pokémon
|rule|OHKO Clause: OHKO moves are banned
|rule|Evasion Moves Clause: Evasion moves are banned
|rule|Endless Battle Clause: Forcing endless battles is banned
|rule|HP Percentage Mod: HP is shown in percentages
|rule|Dynamax Clause: You cannot dynamax
|teampreview
|inactive|Battle timer is ON: inactive players will automatically lose when time's up. (requested by sexybucks)
|
|start
|switch|p1a: Weather Report|Pelipper, F|100/100
|switch|p2a: Darmanitan|Darmanitan, F|100/100
|-weather|RainDance|[from] ability: Drizzle|[of] p1a: Weather Report
|turn|1
|
|move|p2a: Darmanitan|U-turn|p1a: Weather Report
|-resisted|p1a: Weather Report
|-damage|p1a: Weather Report|91/100
|
|switch|p2a: Seismitoad|Seismitoad, F|100/100|[from]move: U-turn
|move|p1a: Weather Report|U-turn|p2a: Seismitoad
|-damage|p2a: Seismitoad|94/100
|
|switch|p1a: Emporio Alniño|Ferrothorn, M|100/100|[from]move: U-turn
|
|-weather|RainDance|[upkeep]
|-heal|p2a: Seismitoad|99/100|[from] item: Leftovers
|upkeep
|turn|2
|inactive|yhdrslb has 120 seconds left.
|
|switch|p2a: Corviknight|Corviknight, M|100/100
|-ability|p2a: Corviknight|Pressure
|move|p1a: Emporio Alniño|Stealth Rock|p2a: Corviknight
|-sidestart|p2: yhdrslb|move: Stealth Rock
|
|-weather|RainDance|[upkeep]
|upkeep
|turn|3
|inactive|yhdrslb has 120 seconds left.
|
|move|p2a: Corviknight|Defog|p1a: Emporio Alniño
|-unboost|p1a: Emporio Alniño|evasion|1
|-sideend|p2: yhdrslb|Stealth Rock|[from] move: Defog|[of] p2a: Corviknight
|move|p1a: Emporio Alniño|Leech Seed|p2a: Corviknight
|-start|p2a: Corviknight|move: Leech Seed
|
|-weather|RainDance|[upkeep]
|-damage|p2a: Corviknight|88/100|[from] Leech Seed|[of] p1a: Emporio Alniño
|upkeep
|turn|4
|
|switch|p2a: Darmanitan|Darmanitan, F|100/100
|move|p1a: Emporio Alniño|Stealth Rock|p2a: Darmanitan
|-sidestart|p2: yhdrslb|move: Stealth Rock
|
|-weather|RainDance|[upkeep]
|upkeep
|turn|5
|
|switch|p1a: Jolyne Cujoh|Dracovish|100/100
|move|p2a: Darmanitan|Trick|p1a: Jolyne Cujoh
|-activate|p2a: Darmanitan|move: Trick|[of] p1a: Jolyne Cujoh
|-item|p1a: Jolyne Cujoh|Choice Scarf|[from] move: Trick
|-item|p2a: Darmanitan|Choice Scarf|[from] move: Trick
|
|-weather|RainDance|[upkeep]
|upkeep
|turn|6
|
|switch|p2a: Seismitoad|Seismitoad, F|99/100
|-damage|p2a: Seismitoad|94/100|[from] Stealth Rock
|switch|p1a: F·F|Seismitoad, M|100/100
|
|-weather|RainDance|[upkeep]
|-heal|p2a: Seismitoad|99/100|[from] item: Leftovers
|upkeep
|turn|7
|
|move|p1a: F·F|Grass Knot|p2a: Seismitoad
|-supereffective|p2a: Seismitoad
|-damage|p2a: Seismitoad|0 fnt
|-damage|p1a: F·F|91/100|[from] item: Life Orb
|faint|p2a: Seismitoad
|
|-weather|RainDance|[upkeep]
|upkeep
|-message|yhdrslb forfeited.
|
|win|sexybucks
|l|☆yhdrslb
|raw|sexybucks's rating: 1268 &rarr; <strong>1287</strong><br />(+19 for winning)
|raw|yhdrslb's rating: 1187 &rarr; <strong>1168</strong><br />(-19 for losing)
