|j|☆Drag0n Dart5
|j|☆Ill Leave
|t:|1658170882
|gametype|singles
|player|p1|Drag0n Dart5|yellow|1370
|player|p2|Ill Leave|265|1418
|teamsize|p1|6
|teamsize|p2|6
|gen|8
|tier|[Gen 8] OU
|rated|
|rule|Sleep Clause Mod: Limit one foe put to sleep
|rule|Species Clause: Limit one of each Pokémon
|rule|OHKO Clause: OHKO moves are banned
|rule|Evasion Moves Clause: Evasion moves are banned
|rule|Endless Battle Clause: Forcing endless battles is banned
|rule|HP Percentage Mod: HP is shown in percentages
|rule|Dynamax Clause: You cannot dynamax
|clearpoke
|poke|p1|Tapu Koko|
|poke|p1|Urshifu-*, F|
|poke|p1|Melmetal|
|poke|p1|Heatran, M|
|poke|p1|Landorus-Therian, M|
|poke|p1|Tornadus-Therian, M|
|poke|p2|Magnezone|
|poke|p2|Tornadus-Therian, M|
|poke|p2|Landorus-Therian, M|
|poke|p2|Tapu Fini|
|poke|p2|Nihilego|
|poke|p2|Melmetal|
|teampreview
|inactive|Battle timer is ON: inactive players will automatically lose when time's up. (requested by Drag0n Dart5)
|
|t:|1658170890
|start
|switch|p1a: Melmetal|Melmetal|100/100
|switch|p2a: Landorus|Landorus-Therian, M|100/100
|-ability|p2a: Landorus|Intimidate|boost
|-unboost|p1a: Melmetal|atk|1
|turn|1
|
|t:|1658170896
|move|p2a: Landorus|U-turn|p1a: Melmetal
|-resisted|p1a: Melmetal
|-damage|p1a: Melmetal|94/100
|
|t:|1658170899
|switch|p2a: Magnezone|Magnezone|100/100|[from]move: U-turn
|move|p1a: Melmetal|Toxic|p2a: Magnezone
|-immune|p2a: Magnezone
|
|-heal|p1a: Melmetal|99/100|[from] item: Leftovers
|upkeep
|turn|2
|
|t:|1658170908
|switch|p2a: Landorus|Landorus-Therian, M|100/100
|-ability|p2a: Landorus|Intimidate|boost
|-unboost|p1a: Melmetal|atk|1
|move|p1a: Melmetal|Earthquake|p2a: Landorus
|-immune|p2a: Landorus
|
|-heal|p1a: Melmetal|100/100|[from] item: Leftovers
|upkeep
|turn|3
|
|t:|1658170916
|switch|p1a: Landorus|Landorus-Therian, M|100/100
|-ability|p1a: Landorus|Intimidate|boost
|-unboost|p2a: Landorus|atk|1
|move|p2a: Landorus|U-turn|p1a: Landorus
|-resisted|p1a: Landorus
|-damage|p1a: Landorus|93/100
|
|t:|1658170921
|switch|p2a: Tornadus|Tornadus-Therian, M|100/100|[from]move: U-turn
|
|-heal|p1a: Landorus|99/100|[from] item: Leftovers
|upkeep
|turn|4
|
|t:|1658170930
|switch|p1a: Heatran|Heatran, M|100/100
|-item|p1a: Heatran|Air Balloon
|move|p2a: Tornadus|Icy Wind|p1a: Heatran
|-resisted|p1a: Heatran
|-damage|p1a: Heatran|97/100
|-unboost|p1a: Heatran|spe|1
|-enditem|p1a: Heatran|Air Balloon
|
|upkeep
|turn|5
|
|t:|1658170931
|move|p2a: Tornadus|Knock Off|p1a: Heatran
|-damage|p1a: Heatran|82/100
|move|p1a: Heatran|Stealth Rock|p2a: Tornadus
|-sidestart|p2: Ill Leave|move: Stealth Rock
|
|upkeep
|turn|6
|
|t:|1658170943
|move|p2a: Tornadus|U-turn|p1a: Heatran
|-resisted|p1a: Heatran
|-damage|p1a: Heatran|79/100
|
|t:|1658170949
|switch|p2a: Tapu Fini|Tapu Fini|100/100|[from]move: U-turn
|-damage|p2a: Tapu Fini|88/100|[from] Stealth Rock
|-fieldstart|move: Misty Terrain|[from] ability: Misty Surge|[of] p2a: Tapu Fini
|move|p1a: Heatran|Eruption|p2a: Tapu Fini
|-resisted|p2a: Tapu Fini
|-crit|p2a: Tapu Fini
|-damage|p2a: Tapu Fini|48/100
|
|-heal|p2a: Tapu Fini|54/100|[from] item: Leftovers
|upkeep
|turn|7
|
|t:|1658170955
|switch|p1a: Tapu Koko|Tapu Koko|100/100
|-fieldstart|move: Electric Terrain|[from] ability: Electric Surge|[of] p1a: Tapu Koko
|move|p2a: Tapu Fini|Calm Mind|p2a: Tapu Fini
|-boost|p2a: Tapu Fini|spa|1
|-boost|p2a: Tapu Fini|spd|1
|
|-heal|p2a: Tapu Fini|60/100|[from] item: Leftovers
|upkeep
|turn|8
|
|t:|1658170961
|switch|p2a: Landorus|Landorus-Therian, M|100/100
|-damage|p2a: Landorus|88/100|[from] Stealth Rock
|-ability|p2a: Landorus|Intimidate|boost
|-unboost|p1a: Tapu Koko|atk|1
|move|p1a: Tapu Koko|Thunderbolt|p2a: Landorus
|-immune|p2a: Landorus
|
|-heal|p2a: Landorus|94/100|[from] item: Leftovers
|upkeep
|turn|9
|
|t:|1658170965
|move|p1a: Tapu Koko|U-turn|p2a: Landorus
|-resisted|p2a: Landorus
|-damage|p2a: Landorus|90/100
|
|t:|1658170975
|switch|p1a: Landorus|Landorus-Therian, M|99/100|[from]move: U-turn
|-ability|p1a: Landorus|Intimidate|boost
|-unboost|p2a: Landorus|atk|1
|move|p2a: Landorus|Defog|p1a: Landorus
|-unboost|p1a: Landorus|evasion|1
|-sideend|p2: Ill Leave|Stealth Rock|[from] move: Defog|[of] p2a: Landorus
|-fieldend|move: Electric Terrain
|
|-heal|p2a: Landorus|96/100|[from] item: Leftovers
|-heal|p1a: Landorus|100/100|[from] item: Leftovers
|upkeep
|turn|10
|
|t:|1658170979
|move|p2a: Landorus|Toxic|p1a: Landorus
|-status|p1a: Landorus|tox
|move|p1a: Landorus|U-turn|p2a: Landorus
|-resisted|p2a: Landorus
|-damage|p2a: Landorus|87/100
|
|t:|1658170984
|switch|p1a: Urshifu|Urshifu-Rapid-Strike, F|100/100|[from]move: U-turn
|
|-heal|p2a: Landorus|93/100|[from] item: Leftovers
|upkeep
|turn|11
|
|t:|1658170990
|switch|p2a: Magnezone|Magnezone|100/100
|move|p1a: Urshifu|Surging Strikes|p2a: Magnezone
|-crit|p2a: Magnezone
|-damage|p2a: Magnezone|85/100
|-crit|p2a: Magnezone
|-damage|p2a: Magnezone|72/100
|-crit|p2a: Magnezone
|-damage|p2a: Magnezone|58/100
|-hitcount|p2a: Magnezone|3
|
|upkeep
|turn|12
|
|t:|1658171004
|move|p1a: Urshifu|Close Combat|p2a: Magnezone
|-supereffective|p2a: Magnezone
|-damage|p2a: Magnezone|0 fnt
|-unboost|p1a: Urshifu|def|1
|-unboost|p1a: Urshifu|spd|1
|faint|p2a: Magnezone
|
|upkeep
|
|t:|1658171010
|switch|p2a: Tornadus|Tornadus-Therian, M|100/100
|turn|13
|
|t:|1658171016
|switch|p1a: Tapu Koko|Tapu Koko|100/100
|-fieldstart|move: Electric Terrain|[from] ability: Electric Surge|[of] p1a: Tapu Koko
|move|p2a: Tornadus|U-turn|p1a: Tapu Koko
|-resisted|p1a: Tapu Koko
|-damage|p1a: Tapu Koko|91/100
|
|t:|1658171020
|switch|p2a: Nihilego|Nihilego|100/100|[from]move: U-turn
|
|upkeep
|turn|14
|
|t:|1658171026
|move|p1a: Tapu Koko|U-turn|p2a: Nihilego
|-resisted|p2a: Nihilego
|-damage|p2a: Nihilego|89/100
|
|t:|1658171035
|switch|p1a: Urshifu|Urshifu-Rapid-Strike, F|100/100|[from]move: U-turn
|move|p2a: Nihilego|Stealth Rock|p1a: Urshifu
|-sidestart|p1: Drag0n Dart5|move: Stealth Rock
|
|upkeep
|turn|15
|
|t:|1658171041
|move|p2a: Nihilego|Sludge Wave|p1a: Urshifu
|-damage|p1a: Urshifu|25/100
|-status|p1a: Urshifu|psn
|move|p1a: Urshifu|U-turn|p2a: Nihilego
|-resisted|p2a: Nihilego
|-damage|p2a: Nihilego|72/100
|
|t:|1658171049
|switch|p1a: Landorus|Landorus-Therian, M|100/100 tox|[from]move: U-turn
|-damage|p1a: Landorus|88/100 tox|[from] Stealth Rock
|-ability|p1a: Landorus|Intimidate|boost
|-unboost|p2a: Nihilego|atk|1
|
|-heal|p1a: Landorus|94/100 tox|[from] item: Leftovers
|-damage|p1a: Landorus|88/100 tox|[from] psn
|upkeep
|turn|16
|
|t:|1658171054
|switch|p2a: Tornadus|Tornadus-Therian, M|100/100
|move|p1a: Landorus|Defog|p2a: Tornadus
|-unboost|p2a: Tornadus|evasion|1
|-sideend|p1: Drag0n Dart5|Stealth Rock|[from] move: Defog|[of] p1a: Landorus
|-fieldend|move: Electric Terrain
|
|-heal|p1a: Landorus|94/100 tox|[from] item: Leftovers
|-damage|p1a: Landorus|82/100 tox|[from] psn
|upkeep
|turn|17
|
|t:|1658171061
|switch|p1a: Melmetal|Melmetal|100/100
|move|p2a: Tornadus|U-turn|p1a: Melmetal
|-resisted|p1a: Melmetal
|-damage|p1a: Melmetal|96/100
|
|t:|1658171067
|switch|p2a: Landorus|Landorus-Therian, M|93/100|[from]move: U-turn
|-ability|p2a: Landorus|Intimidate|boost
|-unboost|p1a: Melmetal|atk|1
|
|-heal|p2a: Landorus|99/100|[from] item: Leftovers
|-heal|p1a: Melmetal|100/100|[from] item: Leftovers
|upkeep
|turn|18
|
|t:|1658171073
|move|p2a: Landorus|Earthquake|p1a: Melmetal
|-supereffective|p1a: Melmetal
|-damage|p1a: Melmetal|45/100
|move|p1a: Melmetal|Toxic|p2a: Landorus
|-status|p2a: Landorus|tox
|
|-heal|p2a: Landorus|100/100 tox|[from] item: Leftovers
|-heal|p1a: Melmetal|51/100|[from] item: Leftovers
|-damage|p2a: Landorus|94/100 tox|[from] psn
|upkeep
|turn|19
|
|t:|1658171080
|switch|p1a: Tornadus|Tornadus-Therian, M|100/100
|move|p2a: Landorus|Earthquake|p1a: Tornadus
|-immune|p1a: Tornadus
|
|-heal|p2a: Landorus|100/100 tox|[from] item: Leftovers
|-damage|p2a: Landorus|88/100 tox|[from] psn
|upkeep
|turn|20
|
|t:|1658171089
|move|p1a: Tornadus|Knock Off|p2a: Landorus
|-damage|p2a: Landorus|72/100 tox
|-enditem|p2a: Landorus|Leftovers|[from] move: Knock Off|[of] p1a: Tornadus
|move|p2a: Landorus|U-turn|p1a: Tornadus
|-resisted|p1a: Tornadus
|-damage|p1a: Tornadus|90/100
|
|t:|1658171094
|switch|p2a: Melmetal|Melmetal|100/100|[from]move: U-turn
|
|upkeep
|turn|21
|
|t:|1658171097
|move|p1a: Tornadus|Heat Wave|p2a: Melmetal
|-supereffective|p2a: Melmetal
|-damage|p2a: Melmetal|57/100
|move|p2a: Melmetal|Double Iron Bash|p1a: Tornadus
|-damage|p1a: Tornadus|41/100
|-damage|p1a: Tornadus|0 fnt
|faint|p1a: Tornadus
|-hitcount|p1: Tornadus|2
|
|-heal|p2a: Melmetal|63/100|[from] item: Leftovers
|upkeep
|
|t:|1658171104
|switch|p1a: Heatran|Heatran, M|79/100
|turn|22
|
|t:|1658171107
|move|p2a: Melmetal|Protect|p2a: Melmetal
|-singleturn|p2a: Melmetal|Protect
|move|p1a: Heatran|Magma Storm|p2a: Melmetal
|-activate|p2a: Melmetal|move: Protect
|
|-heal|p2a: Melmetal|69/100|[from] item: Leftovers
|upkeep
|turn|23
|
|t:|1658171110
|switch|p2a: Nihilego|Nihilego|72/100
|move|p1a: Heatran|Stealth Rock|p2a: Nihilego
|-sidestart|p2: Ill Leave|move: Stealth Rock
|
|upkeep
|turn|24
|
|t:|1658171114
|move|p2a: Nihilego|Stealth Rock|p1a: Heatran
|-sidestart|p1: Drag0n Dart5|move: Stealth Rock
|move|p1a: Heatran|Earth Power|p2a: Nihilego
|-supereffective|p2a: Nihilego
|-damage|p2a: Nihilego|0 fnt
|faint|p2a: Nihilego
|
|upkeep
|
|t:|1658171123
|switch|p2a: Tapu Fini|Tapu Fini|60/100
|-damage|p2a: Tapu Fini|48/100|[from] Stealth Rock
|-fieldstart|move: Misty Terrain|[from] ability: Misty Surge|[of] p2a: Tapu Fini
|turn|25
|
|t:|1658171131
|switch|p1a: Urshifu|Urshifu-Rapid-Strike, F|25/100 psn
|-damage|p1a: Urshifu|19/100 psn|[from] Stealth Rock
|move|p2a: Tapu Fini|Scald|p1a: Urshifu
|-resisted|p1a: Urshifu
|-damage|p1a: Urshifu|0 fnt
|faint|p1a: Urshifu
|
|-heal|p2a: Tapu Fini|54/100|[from] item: Leftovers
|upkeep
|
|t:|1658171135
|switch|p1a: Tapu Koko|Tapu Koko|91/100
|-fieldstart|move: Electric Terrain|[from] ability: Electric Surge|[of] p1a: Tapu Koko
|turn|26
|
|t:|1658171141
|move|p1a: Tapu Koko|U-turn|p2a: Tapu Fini
|-resisted|p2a: Tapu Fini
|-damage|p2a: Tapu Fini|48/100
|
|t:|1658171147
|switch|p1a: Melmetal|Melmetal|51/100|[from]move: U-turn
|-damage|p1a: Melmetal|45/100|[from] Stealth Rock
|move|p2a: Tapu Fini|Scald|p1a: Melmetal
|-damage|p1a: Melmetal|21/100
|
|-heal|p2a: Tapu Fini|54/100|[from] item: Leftovers
|-heal|p1a: Melmetal|27/100|[from] item: Leftovers
|upkeep
|turn|27
|
|t:|1658171170
|switch|p2a: Melmetal|Melmetal|69/100
|-damage|p2a: Melmetal|63/100|[from] Stealth Rock
|move|p1a: Melmetal|Double Iron Bash|p2a: Melmetal
|-resisted|p2a: Melmetal
|-damage|p2a: Melmetal|51/100
|-resisted|p2a: Melmetal
|-damage|p2a: Melmetal|38/100
|-hitcount|p2a: Melmetal|2
|
|-heal|p2a: Melmetal|44/100|[from] item: Leftovers
|-heal|p1a: Melmetal|33/100|[from] item: Leftovers
|upkeep
|turn|28
|
|t:|1658171174
|move|p2a: Melmetal|Earthquake|p1a: Melmetal
|-supereffective|p1a: Melmetal
|-damage|p1a: Melmetal|0 fnt
|faint|p1a: Melmetal
|
|-heal|p2a: Melmetal|50/100|[from] item: Leftovers
|upkeep
|
|t:|1658171182
|switch|p1a: Heatran|Heatran, M|79/100
|-damage|p1a: Heatran|66/100|[from] Stealth Rock
|turn|29
|
|t:|1658171188
|move|p2a: Melmetal|Protect|p2a: Melmetal
|-singleturn|p2a: Melmetal|Protect
|move|p1a: Heatran|Magma Storm|p2a: Melmetal
|-activate|p2a: Melmetal|move: Protect
|
|-heal|p2a: Melmetal|57/100|[from] item: Leftovers
|upkeep
|turn|30
|
|t:|1658171194
|switch|p2a: Tapu Fini|Tapu Fini|54/100
|-damage|p2a: Tapu Fini|42/100|[from] Stealth Rock
|-fieldstart|move: Misty Terrain|[from] ability: Misty Surge|[of] p2a: Tapu Fini
|move|p1a: Heatran|Magma Storm|p2a: Tapu Fini
|-resisted|p2a: Tapu Fini
|-damage|p2a: Tapu Fini|18/100
|-activate|p2a: Tapu Fini|move: Magma Storm|[of] p1a: Heatran
|
|-heal|p2a: Tapu Fini|24/100|[from] item: Leftovers
|-damage|p2a: Tapu Fini|12/100|[from] move: Magma Storm|[partiallytrapped]
|upkeep
|turn|31
|
|t:|1658171202
|switch|p1a: Tapu Koko|Tapu Koko|91/100
|-fieldstart|move: Electric Terrain|[from] ability: Electric Surge|[of] p1a: Tapu Koko
|move|p2a: Tapu Fini|Scald|p1a: Tapu Koko
|-damage|p1a: Tapu Koko|53/100
|
|-heal|p2a: Tapu Fini|18/100|[from] item: Leftovers
|-end|p2a: Tapu Fini|Magma Storm|[partiallytrapped]|[silent]
|upkeep
|turn|32
|
|t:|1658171207
|switch|p2a: Landorus|Landorus-Therian, M|72/100 tox
|-damage|p2a: Landorus|60/100 tox|[from] Stealth Rock
|-ability|p2a: Landorus|Intimidate|boost
|-unboost|p1a: Tapu Koko|atk|1
|move|p1a: Tapu Koko|U-turn|p2a: Landorus
|-resisted|p2a: Landorus
|-damage|p2a: Landorus|56/100 tox
|
|t:|1658171213
|switch|p1a: Landorus|Landorus-Therian, M|82/100 tox|[from]move: U-turn
|-damage|p1a: Landorus|70/100 tox|[from] Stealth Rock
|-ability|p1a: Landorus|Intimidate|boost
|-unboost|p2a: Landorus|atk|1
|
|-heal|p1a: Landorus|76/100 tox|[from] item: Leftovers
|-damage|p2a: Landorus|50/100 tox|[from] psn
|-damage|p1a: Landorus|70/100 tox|[from] psn
|upkeep
|turn|33
|
|t:|1658171223
|move|p2a: Landorus|U-turn|p1a: Landorus
|-resisted|p1a: Landorus
|-damage|p1a: Landorus|63/100 tox
|
|t:|1658171227
|switch|p2a: Tornadus|Tornadus-Therian, M|100/100|[from]move: U-turn
|-damage|p2a: Tornadus|76/100|[from] Stealth Rock
|move|p1a: Landorus|U-turn|p2a: Tornadus
|-resisted|p2a: Tornadus
|-damage|p2a: Tornadus|64/100
|
|t:|1658171231
|switch|p1a: Tapu Koko|Tapu Koko|53/100|[from]move: U-turn
|
|upkeep
|turn|34
|
|t:|1658171240
|move|p1a: Tapu Koko|Thunderbolt|p2a: Tornadus
|-supereffective|p2a: Tornadus
|-damage|p2a: Tornadus|0 fnt
|faint|p2a: Tornadus
|
|upkeep
|
|t:|1658171243
|switch|p2a: Melmetal|Melmetal|57/100
|-damage|p2a: Melmetal|50/100|[from] Stealth Rock
|turn|35
|
|t:|1658171249
|move|p1a: Tapu Koko|U-turn|p2a: Melmetal
|-resisted|p2a: Melmetal
|-damage|p2a: Melmetal|46/100
|
|t:|1658171251
|switch|p1a: Landorus|Landorus-Therian, M|63/100 tox|[from]move: U-turn
|-damage|p1a: Landorus|50/100 tox|[from] Stealth Rock
|-ability|p1a: Landorus|Intimidate|boost
|-unboost|p2a: Melmetal|atk|1
|move|p2a: Melmetal|Double Iron Bash|p1a: Landorus
|-damage|p1a: Landorus|24/100 tox
|-damage|p1a: Landorus|0 fnt
|faint|p1a: Landorus
|-hitcount|p1: Landorus|2
|
|-heal|p2a: Melmetal|52/100|[from] item: Leftovers
|-fieldend|move: Electric Terrain
|upkeep
|
|t:|1658171257
|switch|p1a: Heatran|Heatran, M|66/100
|-damage|p1a: Heatran|54/100|[from] Stealth Rock
|turn|36
|
|t:|1658171260
|move|p2a: Melmetal|Protect|p2a: Melmetal
|-singleturn|p2a: Melmetal|Protect
|move|p1a: Heatran|Magma Storm|p2a: Melmetal
|-activate|p2a: Melmetal|move: Protect
|
|-heal|p2a: Melmetal|58/100|[from] item: Leftovers
|upkeep
|turn|37
|
|t:|1658171262
|switch|p2a: Tapu Fini|Tapu Fini|18/100
|-damage|p2a: Tapu Fini|6/100|[from] Stealth Rock
|-fieldstart|move: Misty Terrain|[from] ability: Misty Surge|[of] p2a: Tapu Fini
|move|p1a: Heatran|Magma Storm|p2a: Tapu Fini|[miss]
|-miss|p1a: Heatran|p2a: Tapu Fini
|
|-heal|p2a: Tapu Fini|12/100|[from] item: Leftovers
|upkeep
|turn|38
|
|t:|1658171269
|switch|p1a: Tapu Koko|Tapu Koko|53/100
|-fieldstart|move: Electric Terrain|[from] ability: Electric Surge|[of] p1a: Tapu Koko
|move|p2a: Tapu Fini|Scald|p1a: Tapu Koko
|-damage|p1a: Tapu Koko|9/100
|
|-heal|p2a: Tapu Fini|18/100|[from] item: Leftovers
|upkeep
|turn|39
|
|t:|1658171281
|move|p1a: Tapu Koko|Thunderbolt|p2a: Tapu Fini
|-supereffective|p2a: Tapu Fini
|-damage|p2a: Tapu Fini|0 fnt
|faint|p2a: Tapu Fini
|
|upkeep
|
|t:|1658171285
|switch|p2a: Landorus|Landorus-Therian, M|50/100 tox
|-damage|p2a: Landorus|37/100 tox|[from] Stealth Rock
|-ability|p2a: Landorus|Intimidate|boost
|-unboost|p1a: Tapu Koko|atk|1
|turn|40
|
|t:|1658171288
|move|p1a: Tapu Koko|Dazzling Gleam|p2a: Landorus
|-damage|p2a: Landorus|4/100 tox
|move|p2a: Landorus|Earthquake|p1a: Tapu Koko
|-supereffective|p1a: Tapu Koko
|-damage|p1a: Tapu Koko|0 fnt
|faint|p1a: Tapu Koko
|
|-damage|p2a: Landorus|0 fnt|[from] psn
|faint|p2a: Landorus
|upkeep
|
|t:|1658171292
|switch|p1a: Heatran|Heatran, M|54/100
|switch|p2a: Melmetal|Melmetal|58/100
|-damage|p1a: Heatran|42/100|[from] Stealth Rock
|-damage|p2a: Melmetal|52/100|[from] Stealth Rock
|turn|41
|
|t:|1658171300
|move|p1a: Heatran|Magma Storm|p2a: Melmetal
|-supereffective|p2a: Melmetal
|-damage|p2a: Melmetal|0 fnt
|faint|p2a: Melmetal
|
|win|Drag0n Dart5
|raw|Drag0n Dart5's rating: 1370 &rarr; <strong>1393</strong><br />(+23 for winning)
|raw|Ill Leave's rating: 1418 &rarr; <strong>1395</strong><br />(-23 for losing)
|l|☆Ill Leave
||Ladder isn't responding, score probably updated but might not have (Request timeout).
