|raw|<div class="broadcast-blue"><strong>This battle is required to be public due to a player having a name starting with 'lt81yl'.</div>
|j|☆LT81YL Storm
|j|☆Plasmeek
|t:|1625297487
|gametype|singles
|player|p1|LT81YL Storm|darach|1957
|player|p2|Plasmeek|youngster-gen4dp|1876
|teamsize|p1|6
|teamsize|p2|6
|gen|8
|tier|[Gen 8] OU
|rated|
|rule|Sleep Clause Mod: Limit one foe put to sleep
|rule|Species Clause: Limit one of each Pokémon
|rule|OHKO Clause: OHKO moves are banned
|rule|Evasion Moves Clause: Evasion moves are banned
|rule|Endless Battle Clause: Forcing endless battles is banned
|rule|HP Percentage Mod: HP is shown in percentages
|rule|Dynamax Clause: You cannot dynamax
|clearpoke
|poke|p1|Landorus-Therian, M|
|poke|p1|Heatran, M|
|poke|p1|Zeraora|
|poke|p1|Tornadus-Therian, M|
|poke|p1|Mew|
|poke|p1|Tapu Fini|
|poke|p2|Bisharp, F|
|poke|p2|Slowking, M|
|poke|p2|Clefable, F|
|poke|p2|Landorus-Therian, M|
|poke|p2|Dragapult, M|
|poke|p2|Skarmory, F|
|teampreview
|j|+Lunala
|j|+phiwings99
|c|☆LT81YL Storm|hf
|j| Xellow
|j| Aka523
|j| OU make me yawn
|c|☆Plasmeek|hf
|j| LT81YL Hrishioo7
|j| LT81YL Marcotl
|j| bdog563
|l| LT81YL Hrishioo7
|j| lt81yl ez
|
|t:|1625297520
|start
|switch|p1a: Enten|Landorus-Therian, M, shiny|100/100
|switch|p2a: Clefable|Clefable, F|100/100
|-ability|p1a: Enten|Intimidate|boost
|-unboost|p2a: Clefable|atk|1
|turn|1
|j| LT81YL Hrishioo7
|l| lt81yl ez
|
|t:|1625297527
|move|p1a: Enten|Stealth Rock|p2a: Clefable
|-sidestart|p2: Plasmeek|move: Stealth Rock
|move|p2a: Clefable|Stealth Rock|p1a: Enten
|-sidestart|p1: LT81YL Storm|move: Stealth Rock
|
|upkeep
|turn|2
|j| burgerCute
|
|t:|1625297541
|move|p1a: Enten|Earthquake|p2a: Clefable
|-damage|p2a: Clefable|50/100
|move|p2a: Clefable|Moonblast|p1a: Enten
|-damage|p1a: Enten|78/100
|
|-heal|p1a: Enten|84/100|[from] item: Leftovers
|-heal|p2a: Clefable|56/100|[from] item: Leftovers
|upkeep
|turn|3
|
|t:|1625297547
|move|p1a: Enten|Earthquake|p2a: Clefable
|-damage|p2a: Clefable|2/100
|move|p2a: Clefable|Soft-Boiled|p2a: Clefable
|-heal|p2a: Clefable|52/100
|
|-heal|p1a: Enten|90/100|[from] item: Leftovers
|-heal|p2a: Clefable|58/100|[from] item: Leftovers
|upkeep
|turn|4
|
|t:|1625297555
|switch|p2a: Landorus|Landorus-Therian, M|100/100
|-damage|p2a: Landorus|88/100|[from] Stealth Rock
|-ability|p2a: Landorus|Intimidate|boost
|-unboost|p1a: Enten|atk|1
|move|p1a: Enten|Earthquake|p2a: Landorus
|-immune|p2a: Landorus
|
|-heal|p2a: Landorus|94/100|[from] item: Leftovers
|-heal|p1a: Enten|96/100|[from] item: Leftovers
|upkeep
|turn|5
|j| shinhow
|j| slainey
|
|t:|1625297562
|move|p2a: Landorus|Substitute|p2a: Landorus
|-start|p2a: Landorus|Substitute
|-damage|p2a: Landorus|69/100
|move|p1a: Enten|Toxic||[still]
|-fail|p1a: Enten
|
|-heal|p2a: Landorus|75/100|[from] item: Leftovers
|-heal|p1a: Enten|100/100|[from] item: Leftovers
|upkeep
|turn|6
|j| Erigos
|
|t:|1625297568
|move|p2a: Landorus|Swords Dance|p2a: Landorus
|-boost|p2a: Landorus|atk|2
|move|p1a: Enten|U-turn|p2a: Landorus
|-resisted|p2a: Landorus
|-activate|p2a: Landorus|move: Substitute|[damage]
|
|t:|1625297572
|switch|p1a: Zephyr|Zeraora, shiny|100/100|[from]move: U-turn
|
|-heal|p2a: Landorus|81/100|[from] item: Leftovers
|upkeep
|turn|7
|
|t:|1625297579
|move|p1a: Zephyr|Knock Off|p2a: Landorus
|-end|p2a: Landorus|Substitute
|move|p2a: Landorus|Earthquake|p1a: Zephyr
|-supereffective|p1a: Zephyr
|-crit|p1a: Zephyr
|-damage|p1a: Zephyr|0 fnt
|faint|p1a: Zephyr
|
|-heal|p2a: Landorus|87/100|[from] item: Leftovers
|upkeep
|
|t:|1625297581
|switch|p1a: Fujin|Tornadus-Therian, M, shiny|100/100
|turn|8
|
|t:|1625297586
|switch|p2a: Slowking|Slowking, M|100/100
|move|p1a: Fujin|Hurricane|p2a: Slowking
|-damage|p2a: Slowking|75/100
|
|upkeep
|turn|9
|l| Xellow
|
|t:|1625297592
|move|p1a: Fujin|Knock Off|p2a: Slowking
|-supereffective|p2a: Slowking
|-damage|p2a: Slowking|31/100
|-enditem|p2a: Slowking|Heavy-Duty Boots|[from] move: Knock Off|[of] p1a: Fujin
|move|p2a: Slowking|Future Sight|p1a: Fujin
|-start|p2a: Slowking|move: Future Sight
|
|upkeep
|turn|10
|j| salmonelephant
|
|t:|1625297599
|move|p1a: Fujin|U-turn|p2a: Slowking
|-supereffective|p2a: Slowking
|-damage|p2a: Slowking|1/100
|
|t:|1625297603
|switch|p1a: Fear|Mew, shiny|100/100|[from]move: U-turn
|-damage|p1a: Fear|88/100|[from] Stealth Rock
|move|p2a: Slowking|Slack Off|p2a: Slowking
|-heal|p2a: Slowking|51/100
|
|upkeep
|turn|11
|j| nxbkn nle
|j|%Perish Song
|
|t:|1625297616
|switch|p2a: Dragapult|Dragapult, M|100/100
|-damage|p2a: Dragapult|88/100|[from] Stealth Rock
|move|p1a: Fear|Cosmic Power|p1a: Fear
|-boost|p1a: Fear|def|1
|-boost|p1a: Fear|spd|1
|
|-end|p1a: Fear|move: Future Sight
|-resisted|p1a: Fear
|-damage|p1a: Fear|76/100
|upkeep
|turn|12
|j| oooo9o9o9o9o9
|
|t:|1625297632
|switch|p2a: Bisharp|Bisharp, F|100/100
|-damage|p2a: Bisharp|94/100|[from] Stealth Rock
|move|p1a: Fear|Stored Power|p2a: Bisharp
|-immune|p2a: Bisharp
|
|upkeep
|turn|13
|
|t:|1625297644
|switch|p1a: Chaos|Heatran, M, shiny|100/100
|-damage|p1a: Chaos|88/100|[from] Stealth Rock
|switch|p2a: Slowking|Slowking, M|85/100
|-damage|p2a: Slowking|72/100|[from] Stealth Rock
|
|upkeep
|turn|14
|j| hjtfjhtfg
|l| LT81YL Marcotl
|j| regnite ◕‿◕
|
|t:|1625297658
|move|p1a: Chaos|Magma Storm|p2a: Slowking
|-resisted|p2a: Slowking
|-damage|p2a: Slowking|60/100
|-activate|p2a: Slowking|move: Magma Storm|[of] p1a: Chaos
|move|p2a: Slowking|Scald|p1a: Chaos
|-supereffective|p1a: Chaos
|-damage|p1a: Chaos|45/100
|
|-damage|p2a: Slowking|47/100|[from] move: Magma Storm|[partiallytrapped]
|upkeep
|turn|15
|
|t:|1625297663
|move|p1a: Chaos|Iron Defense|p1a: Chaos
|-boost|p1a: Chaos|def|2
|move|p2a: Slowking|Scald|p1a: Chaos
|-supereffective|p1a: Chaos
|-damage|p1a: Chaos|0 fnt
|faint|p1a: Chaos
|
|-end|p2a: Slowking|Magma Storm|[partiallytrapped]|[silent]
|upkeep
|j| LT81YL Aqua
|
|t:|1625297665
|switch|p1a: Raven|Tapu Fini, shiny|100/100
|-damage|p1a: Raven|88/100|[from] Stealth Rock
|-fieldstart|move: Misty Terrain|[from] ability: Misty Surge|[of] p1a: Raven
|turn|16
|j| pkmn cypher 2013
|j| 64 squares
|
|t:|1625297673
|move|p1a: Raven|Calm Mind|p1a: Raven
|-boost|p1a: Raven|spa|1
|-boost|p1a: Raven|spd|1
|move|p2a: Slowking|Future Sight|p1a: Raven
|-start|p2a: Slowking|move: Future Sight
|
|-heal|p1a: Raven|94/100|[from] item: Leftovers
|upkeep
|turn|17
|l| 64 squares
|
|t:|1625297683
|switch|p2a: Bisharp|Bisharp, F|94/100
|-damage|p2a: Bisharp|88/100|[from] Stealth Rock
|move|p1a: Raven|Calm Mind|p1a: Raven
|-boost|p1a: Raven|spa|1
|-boost|p1a: Raven|spd|1
|
|-heal|p1a: Raven|100/100|[from] item: Leftovers
|upkeep
|turn|18
|j| Ch3rryCream@!
|
|t:|1625297688
|move|p2a: Bisharp|Iron Head|p1a: Raven
|-damage|p1a: Raven|55/100
|move|p1a: Raven|Draining Kiss|p2a: Bisharp
|-damage|p2a: Bisharp|33/100
|-heal|p1a: Raven|89/100|[from] drain|[of] p2a: Bisharp
|
|-end|p1a: Raven|move: Future Sight
|-crit|p1a: Raven
|-damage|p1a: Raven|43/100
|-heal|p1a: Raven|49/100|[from] item: Leftovers
|upkeep
|turn|19
|
|t:|1625297695
|move|p2a: Bisharp|Iron Head|p1a: Raven
|-damage|p1a: Raven|5/100
|move|p1a: Raven|Draining Kiss|p2a: Bisharp
|-damage|p2a: Bisharp|0 fnt
|-heal|p1a: Raven|24/100|[from] drain|[of] p2a: Bisharp
|faint|p2a: Bisharp
|
|-heal|p1a: Raven|31/100|[from] item: Leftovers
|upkeep
|j| IPF
|
|t:|1625297699
|switch|p2a: Landorus|Landorus-Therian, M|87/100
|-damage|p2a: Landorus|75/100|[from] Stealth Rock
|-ability|p2a: Landorus|Intimidate|boost
|-unboost|p1a: Raven|atk|1
|turn|20
|
|t:|1625297705
|switch|p1a: Fujin|Tornadus-Therian, M, shiny|100/100
|move|p2a: Landorus|Earthquake|p1a: Fujin
|-immune|p1a: Fujin
|
|-heal|p2a: Landorus|81/100|[from] item: Leftovers
|-fieldend|Misty Terrain
|upkeep
|turn|21
|
|t:|1625297714
|switch|p2a: Clefable|Clefable, F|58/100
|move|p1a: Fujin|Knock Off|p2a: Clefable
|-resisted|p2a: Clefable
|-damage|p2a: Clefable|48/100
|-enditem|p2a: Clefable|Leftovers|[from] move: Knock Off|[of] p1a: Fujin
|
|upkeep
|turn|22
|
|t:|1625297720
|move|p1a: Fujin|U-turn|p2a: Clefable
|-resisted|p2a: Clefable
|-damage|p2a: Clefable|40/100
|
|t:|1625297722
|switch|p1a: Raven|Tapu Fini, shiny|31/100|[from]move: U-turn
|-damage|p1a: Raven|18/100|[from] Stealth Rock
|-fieldstart|move: Misty Terrain|[from] ability: Misty Surge|[of] p1a: Raven
|move|p2a: Clefable|Soft-Boiled|p2a: Clefable
|-heal|p2a: Clefable|90/100
|
|-heal|p1a: Raven|24/100|[from] item: Leftovers
|upkeep
|turn|23
|
|t:|1625297729
|move|p1a: Raven|Calm Mind|p1a: Raven
|-boost|p1a: Raven|spa|1
|-boost|p1a: Raven|spd|1
|move|p2a: Clefable|Moonblast|p1a: Raven
|-damage|p1a: Raven|8/100
|
|-heal|p1a: Raven|14/100|[from] item: Leftovers
|upkeep
|turn|24
|j| freezing juice
|
|t:|1625297738
|switch|p2a: Landorus|Landorus-Therian, M|81/100
|-damage|p2a: Landorus|69/100|[from] Stealth Rock
|-ability|p2a: Landorus|Intimidate|boost
|-unboost|p1a: Raven|atk|1
|move|p1a: Raven|Draining Kiss|p2a: Landorus
|-damage|p2a: Landorus|37/100
|-heal|p1a: Raven|37/100|[from] drain|[of] p2a: Landorus
|
|-heal|p2a: Landorus|43/100|[from] item: Leftovers
|-heal|p1a: Raven|43/100|[from] item: Leftovers
|upkeep
|turn|25
|j| Peter97
|
|t:|1625297745
|switch|p1a: Fujin|Tornadus-Therian, M, shiny|100/100
|move|p2a: Landorus|Earthquake|p1a: Fujin
|-immune|p1a: Fujin
|
|-heal|p2a: Landorus|48/100|[from] item: Leftovers
|upkeep
|turn|26
|j| bear kigurumi
|
|t:|1625297760
|switch|p2a: Clefable|Clefable, F|90/100
|move|p1a: Fujin|Hurricane|p2a: Clefable|[miss]
|-miss|p1a: Fujin|p2a: Clefable
|
|-fieldend|Misty Terrain
|upkeep
|turn|27
|
|t:|1625297768
|move|p1a: Fujin|Hurricane|p2a: Clefable|[miss]
|-miss|p1a: Fujin|p2a: Clefable
|move|p2a: Clefable|Thunder Wave|p1a: Fujin
|-status|p1a: Fujin|par
|
|upkeep
|turn|28
|
|t:|1625297772
|cant|p1a: Fujin|par
|move|p2a: Clefable|Moonblast|p1a: Fujin
|-damage|p1a: Fujin|69/100 par
|
|upkeep
|turn|29
|
|t:|1625297777
|switch|p2a: Skarmory|Skarmory, F|100/100
|-damage|p2a: Skarmory|88/100|[from] Stealth Rock
|move|p1a: Fujin|Defog|p2a: Skarmory
|-unboost|p2a: Skarmory|evasion|1
|-sideend|p2: Plasmeek|Stealth Rock|[from] move: Defog|[of] p1a: Fujin
|-sideend|p1: LT81YL Storm|Stealth Rock|[from] move: Defog|[of] p1a: Fujin
|
|upkeep
|turn|30
|
|t:|1625297782
|switch|p1a: Raven|Tapu Fini, shiny|43/100
|-fieldstart|move: Misty Terrain|[from] ability: Misty Surge|[of] p1a: Raven
|move|p2a: Skarmory|Spikes|p1a: Raven
|-sidestart|p1: LT81YL Storm|Spikes
|
|-heal|p1a: Raven|49/100|[from] item: Leftovers
|upkeep
|turn|31
|j| KEKWbye
|
|t:|1625297788
|switch|p2a: Landorus|Landorus-Therian, M|48/100
|-ability|p2a: Landorus|Intimidate|boost
|-unboost|p1a: Raven|atk|1
|move|p1a: Raven|Surf|p2a: Landorus
|-supereffective|p2a: Landorus
|-damage|p2a: Landorus|0 fnt
|faint|p2a: Landorus
|
|-heal|p1a: Raven|55/100|[from] item: Leftovers
|upkeep
|j| PKcuckS
|
|t:|1625297800
|switch|p2a: Dragapult|Dragapult, M|88/100
|turn|32
|
|t:|1625297804
|switch|p1a: Enten|Landorus-Therian, M, shiny|100/100
|-ability|p1a: Enten|Intimidate|boost
|-unboost|p2a: Dragapult|atk|1
|move|p2a: Dragapult|Shadow Ball|p1a: Enten
|-damage|p1a: Enten|61/100
|-unboost|p1a: Enten|spd|1
|
|-heal|p1a: Enten|67/100|[from] item: Leftovers
|upkeep
|turn|33
|
|t:|1625297812
|switch|p2a: Skarmory|Skarmory, F|88/100
|move|p1a: Enten|Earthquake|p2a: Skarmory
|-immune|p2a: Skarmory
|
|-heal|p1a: Enten|73/100|[from] item: Leftovers
|upkeep
|turn|34
|
|t:|1625297818
|move|p1a: Enten|U-turn|p2a: Skarmory
|-resisted|p2a: Skarmory
|-damage|p2a: Skarmory|85/100
|-damage|p1a: Enten|56/100|[from] item: Rocky Helmet|[of] p2a: Skarmory
|
|t:|1625297821
|switch|p1a: Raven|Tapu Fini, shiny|55/100|[from]move: U-turn
|-damage|p1a: Raven|43/100|[from] Spikes
|move|p2a: Skarmory|Spikes|p1a: Raven
|-sidestart|p1: LT81YL Storm|Spikes
|
|-heal|p1a: Raven|49/100|[from] item: Leftovers
|-fieldend|Misty Terrain
|upkeep
|turn|35
|
|t:|1625297826
|move|p1a: Raven|Calm Mind|p1a: Raven
|-boost|p1a: Raven|spa|1
|-boost|p1a: Raven|spd|1
|move|p2a: Skarmory|Toxic|p1a: Raven
|-status|p1a: Raven|tox
|
|-heal|p1a: Raven|55/100 tox|[from] item: Leftovers
|-damage|p1a: Raven|49/100 tox|[from] psn
|upkeep
|turn|36
|
|t:|1625297832
|switch|p2a: Slowking|Slowking, M|80/100
|move|p1a: Raven|Taunt|p2a: Slowking
|-start|p2a: Slowking|move: Taunt
|
|-heal|p1a: Raven|55/100 tox|[from] item: Leftovers
|-damage|p1a: Raven|43/100 tox|[from] psn
|upkeep
|turn|37
|
|t:|1625297837
|switch|p1a: Fujin|Tornadus-Therian, M, shiny|100/100 par
|move|p2a: Slowking|Future Sight|p1a: Fujin
|-start|p2a: Slowking|move: Future Sight
|
|upkeep
|turn|38
|
|t:|1625297847
|move|p1a: Fujin|Defog|p2a: Slowking
|-unboost|p2a: Slowking|evasion|1
|-sideend|p1: LT81YL Storm|Spikes|[from] move: Defog|[of] p1a: Fujin
|move|p2a: Slowking|Scald|p1a: Fujin
|-damage|p1a: Fujin|70/100 par
|
|-end|p2a: Slowking|move: Taunt
|upkeep
|turn|39
|
|t:|1625297853
|move|p1a: Fujin|U-turn|p2a: Slowking
|-supereffective|p2a: Slowking
|-damage|p2a: Slowking|49/100
|j| LT81YL bfl
|
|t:|1625297855
|switch|p1a: Enten|Landorus-Therian, M, shiny|56/100|[from]move: U-turn
|-ability|p1a: Enten|Intimidate|boost
|-unboost|p2a: Slowking|atk|1
|move|p2a: Slowking|Teleport|p2a: Slowking
|
|t:|1625297864
|switch|p2a: Dragapult|Dragapult, M|88/100|[from]move: Teleport
|
|-end|p1a: Enten|move: Future Sight
|-damage|p1a: Enten|25/100
|-heal|p1a: Enten|31/100|[from] item: Leftovers
|upkeep
|turn|40
|j| tequila shots
|j|+ez
|
|t:|1625297873
|move|p2a: Dragapult|Shadow Ball|p1a: Enten
|-damage|p1a: Enten|0 fnt
|faint|p1a: Enten
|
|upkeep
|
|t:|1625297878
|switch|p1a: Fujin|Tornadus-Therian, M, shiny|100/100 par
|turn|41
|j| dice
|
|t:|1625297892
|switch|p2a: Slowking|Slowking, M|83/100
|move|p1a: Fujin|U-turn|p2a: Slowking
|-supereffective|p2a: Slowking
|-damage|p2a: Slowking|54/100
|
|t:|1625297896
|switch|p1a: Fear|Mew, shiny|76/100|[from]move: U-turn
|
|upkeep
|turn|42
|j| lt81yl gray
|l|%Perish Song
|
|t:|1625297921
|move|p1a: Fear|Cosmic Power|p1a: Fear
|-boost|p1a: Fear|def|1
|-boost|p1a: Fear|spd|1
|move|p2a: Slowking|Scald|p1a: Fear
|-damage|p1a: Fear|62/100
|
|upkeep
|turn|43
|
|t:|1625297928
|move|p1a: Fear|Cosmic Power|p1a: Fear
|-boost|p1a: Fear|def|1
|-boost|p1a: Fear|spd|1
|move|p2a: Slowking|Scald|p1a: Fear
|-damage|p1a: Fear|50/100
|
|upkeep
|turn|44
|
|t:|1625297932
|move|p1a: Fear|Roost|p1a: Fear
|-heal|p1a: Fear|99/100
|-singleturn|p1a: Fear|move: Roost
|move|p2a: Slowking|Scald|p1a: Fear
|-damage|p1a: Fear|89/100
|-status|p1a: Fear|brn
|-activate|p1a: Fear|ability: Synchronize
|-status|p2a: Slowking|brn
|
|-damage|p1a: Fear|82/100 brn|[from] brn
|-damage|p2a: Slowking|48/100 brn|[from] brn
|upkeep
|turn|45
|
|t:|1625297936
|move|p1a: Fear|Cosmic Power|p1a: Fear
|-boost|p1a: Fear|def|1
|-boost|p1a: Fear|spd|1
|move|p2a: Slowking|Teleport|p2a: Slowking
|j| LT81YL Kyoto
|
|t:|1625297940
|switch|p2a: Dragapult|Dragapult, M|88/100|[from]move: Teleport
|
|-damage|p1a: Fear|76/100 brn|[from] brn
|upkeep
|turn|46
|
|t:|1625297944
|move|p2a: Dragapult|Hex|p1a: Fear
|-supereffective|p1a: Fear
|-damage|p1a: Fear|20/100 brn
|-enditem|p1a: Fear|Weakness Policy
|-boost|p1a: Fear|atk|2|[from] item: Weakness Policy
|-boost|p1a: Fear|spa|2|[from] item: Weakness Policy
|move|p1a: Fear|Stored Power|p2a: Dragapult
|-damage|p2a: Dragapult|0 fnt
|faint|p2a: Dragapult
|
|-damage|p1a: Fear|13/100 brn|[from] brn
|upkeep
|c|☆LT81YL Storm|gg
|c|☆Plasmeek|gg
|-message|Plasmeek forfeited.
|
|win|LT81YL Storm
|raw|LT81YL Storm's rating: 1957 &rarr; <strong>1972</strong><br />(+15 for winning)
|raw|Plasmeek's rating: 1876 &rarr; <strong>1861</strong><br />(-15 for losing)
|l|☆Plasmeek
|l| LT81YL Aqua
|j| lt81ylpradhaaan
|l|☆LT81YL Storm
|l| hjtfjhtfg
|l| LT81YL Kyoto
|l| dice
|l|+ez
|l| Aka523
|l| slainey
|l| salmonelephant
|l|+Lunala
|l| Ch3rryCream
|j| outb pj
|l| LT81YL Hrishioo7
|j| Aurella
|l| outb pj
|l| tequila shots
|j| kisian
|l| kisian
|j| kisian
|l| Aurella
|l| kisian
|l| Erigos
|l| freezing juice
|l| lt81ylpradhaaan
|j| AGCL6 Swas
|l| oooo9o9o9o9o9
|j| lt81yl balo
|l| burgerCute
|n| plunder|nxbknnle
|j| dice
|l| dice
|l| AGCL6 Swas
|j|+Chaitanya
|j| reymaki
