|j|☆ThedebatableReaper
|j|☆JordanJenko
|t:|1606068735
|player|p1|ThedebatableReaper|2|1977
|player|p2|JordanJenko|hilbert-dueldisk|1843
|teamsize|p1|6
|teamsize|p2|6
|gametype|singles
|gen|8
|tier|[Gen 8] OU
|rated|
|clearpoke
|poke|p1|Latios, M|
|poke|p1|Cinderace, M|
|poke|p1|Heatran, F|
|poke|p1|Tapu Fini|
|poke|p1|Zapdos-Galar|
|poke|p1|Nidoking, M|
|poke|p2|Heatran, F|
|poke|p2|Melmetal|
|poke|p2|Buzzwole|
|poke|p2|Tapu Fini|
|poke|p2|Zapdos|
|poke|p2|Landorus-Therian, M|
|rule|Sleep Clause Mod: Limit one foe put to sleep
|rule|Species Clause: Limit one of each Pokémon
|rule|OHKO Clause: OHKO moves are banned
|rule|Evasion Moves Clause: Evasion moves are banned
|rule|Endless Battle Clause: Forcing endless battles is banned
|rule|HP Percentage Mod: HP is shown in percentages
|rule|Dynamax Clause: You cannot dynamax
|teampreview
|
|t:|1606068752
|start
|switch|p1a: Latios|Latios, M|100/100
|switch|p2a: Landorus|Landorus-Therian, M|100/100
|-ability|p2a: Landorus|Intimidate|boost
|-unboost|p1a: Latios|atk|1
|turn|1
|j| irgendwasmitmeeem
|
|t:|1606068759
|switch|p1a: Tapu Fini|Tapu Fini|100/100
|-fieldstart|move: Misty Terrain|[from] ability: Misty Surge|[of] p1a: Tapu Fini
|move|p2a: Landorus|U-turn|p1a: Tapu Fini
|-resisted|p1a: Tapu Fini
|-damage|p1a: Tapu Fini|91/100
|
|t:|1606068769
|switch|p2a: Melmetal|Melmetal|100/100|[from]move: U-turn
|
|-heal|p1a: Tapu Fini|97/100|[from] item: Leftovers
|upkeep
|turn|2
|j| Briitt
|
|t:|1606068785
|switch|p1a: Heatran|Heatran, F|100/100
|move|p2a: Melmetal|Double Iron Bash|p1a: Heatran
|-resisted|p1a: Heatran
|-damage|p1a: Heatran|86/100
|-resisted|p1a: Heatran
|-damage|p1a: Heatran|73/100
|-hitcount|p1a: Heatran|2
|
|-heal|p1a: Heatran|79/100|[from] item: Leftovers
|upkeep
|turn|3
|j| blessed days
|j| TheRealMipper
|
|t:|1606068794
|switch|p2a: Landorus|Landorus-Therian, M|100/100
|-ability|p2a: Landorus|Intimidate|boost
|-unboost|p1a: Heatran|atk|1
|move|p1a: Heatran|Magma Storm|p2a: Landorus
|-damage|p2a: Landorus|46/100
|-activate|p2a: Landorus|move: Magma Storm|[of] p1a: Heatran
|
|-heal|p1a: Heatran|85/100|[from] item: Leftovers
|-damage|p2a: Landorus|34/100|[from] move: Magma Storm|[partiallytrapped]
|upkeep
|turn|4
|
|t:|1606068806
|move|p2a: Landorus|Earthquake|p1a: Heatran
|-supereffective|p1a: Heatran
|-damage|p1a: Heatran|0 fnt
|faint|p1a: Heatran
|
|-end|p2a: Landorus|Magma Storm|[partiallytrapped]|[silent]
|upkeep
|
|t:|1606068813
|switch|p1a: Latios|Latios, M|100/100
|turn|5
|j| askalanda
|
|t:|1606068818
|switch|p2a: Heatran|Heatran, F|100/100
|move|p1a: Latios|Aura Sphere|p2a: Heatran
|-supereffective|p2a: Heatran
|-damage|p2a: Heatran|53/100
|
|-heal|p2a: Heatran|59/100|[from] item: Leftovers
|-fieldend|Misty Terrain
|upkeep
|turn|6
|
|t:|1606068827
|switch|p2a: Tapu Fini|Tapu Fini|100/100
|-fieldstart|move: Misty Terrain|[from] ability: Misty Surge|[of] p2a: Tapu Fini
|move|p1a: Latios|Aura Sphere|p2a: Tapu Fini
|-resisted|p2a: Tapu Fini
|-damage|p2a: Tapu Fini|85/100
|
|-heal|p2a: Tapu Fini|91/100|[from] item: Leftovers
|upkeep
|turn|7
|
|t:|1606068836
|switch|p1a: Cinderace|Cinderace, M|100/100
|move|p2a: Tapu Fini|Calm Mind|p2a: Tapu Fini
|-boost|p2a: Tapu Fini|spa|1
|-boost|p2a: Tapu Fini|spd|1
|
|-heal|p2a: Tapu Fini|97/100|[from] item: Leftovers
|upkeep
|turn|8
|
|t:|1606068843
|switch|p2a: Heatran|Heatran, F|59/100
|move|p1a: Cinderace|Gunk Shot|p2a: Heatran
|-start|p1a: Cinderace|typechange|Poison|[from] ability: Libero
|-immune|p2a: Heatran
|
|-heal|p2a: Heatran|65/100|[from] item: Leftovers
|upkeep
|turn|9
|
|t:|1606068851
|move|p1a: Cinderace|High Jump Kick|p2a: Heatran
|-start|p1a: Cinderace|typechange|Fighting|[from] ability: Libero
|-supereffective|p2a: Heatran
|-damage|p2a: Heatran|0 fnt
|faint|p2a: Heatran
|
|upkeep
|
|t:|1606068859
|switch|p2a: Landorus|Landorus-Therian, M|34/100
|-ability|p2a: Landorus|Intimidate|boost
|-unboost|p1a: Cinderace|atk|1
|turn|10
|j| milkteass
|
|t:|1606068870
|switch|p1a: Tapu Fini|Tapu Fini|97/100
|move|p2a: Landorus|U-turn|p1a: Tapu Fini
|-resisted|p1a: Tapu Fini
|-damage|p1a: Tapu Fini|89/100
|
|t:|1606068873
|switch|p2a: Melmetal|Melmetal|100/100|[from]move: U-turn
|
|-heal|p1a: Tapu Fini|95/100|[from] item: Leftovers
|-fieldend|Misty Terrain
|upkeep
|turn|11
|
|t:|1606068885
|move|p1a: Tapu Fini|Surf|p2a: Melmetal
|-damage|p2a: Melmetal|69/100
|move|p2a: Melmetal|Double Iron Bash|p1a: Tapu Fini
|-crit|p1a: Tapu Fini
|-damage|p1a: Tapu Fini|30/100
|-damage|p1a: Tapu Fini|0 fnt
|-hitcount|p1a: Tapu Fini|2
|faint|p1a: Tapu Fini
|
|upkeep
|
|t:|1606068895
|switch|p1a: Nidoking|Nidoking, M|100/100
|turn|12
|j| blackdarkness1
|
|t:|1606068907
|switch|p2a: Buzzwole|Buzzwole|100/100
|move|p1a: Nidoking|Earth Power|p2a: Buzzwole
|-resisted|p2a: Buzzwole
|-damage|p2a: Buzzwole|57/100
|
|upkeep
|turn|13
|
|t:|1606068917
|move|p1a: Nidoking|Sludge Wave|p2a: Buzzwole
|-damage|p2a: Buzzwole|0 fnt
|faint|p2a: Buzzwole
|
|upkeep
|
|t:|1606068920
|switch|p2a: Landorus|Landorus-Therian, M|34/100
|-ability|p2a: Landorus|Intimidate|boost
|-unboost|p1a: Nidoking|atk|1
|turn|14
|
|t:|1606068931
|switch|p1a: Zapdos|Zapdos-Galar|100/100
|move|p2a: Landorus|Earthquake|p1a: Zapdos
|-immune|p1a: Zapdos
|
|upkeep
|turn|15
|
|t:|1606068938
|switch|p1a: Nidoking|Nidoking, M|100/100
|switch|p2a: Zapdos|Zapdos|100/100
|
|upkeep
|turn|16
|
|t:|1606068944
|move|p1a: Nidoking|Substitute|p1a: Nidoking
|-start|p1a: Nidoking|Substitute
|-damage|p1a: Nidoking|76/100
|move|p2a: Zapdos|Hurricane|p1a: Nidoking|[miss]
|-miss|p2a: Zapdos|p1a: Nidoking
|
|upkeep
|turn|17
|
|t:|1606068950
|move|p1a: Nidoking|Ice Beam|p2a: Zapdos
|-supereffective|p2a: Zapdos
|-damage|p2a: Zapdos|8/100
|move|p2a: Zapdos|Hurricane|p1a: Nidoking|[miss]
|-miss|p2a: Zapdos|p1a: Nidoking
|
|upkeep
|turn|18
|
|t:|1606068957
|move|p1a: Nidoking|Ice Beam|p2a: Zapdos
|-supereffective|p2a: Zapdos
|-damage|p2a: Zapdos|0 fnt
|faint|p2a: Zapdos
|
|upkeep
|
|t:|1606068960
|switch|p2a: Landorus|Landorus-Therian, M|34/100
|-ability|p2a: Landorus|Intimidate|boost
|-immune|p1a: Nidoking
|turn|19
|
|t:|1606068965
|move|p2a: Landorus|Earthquake|p1a: Nidoking
|-supereffective|p1a: Nidoking
|-end|p1a: Nidoking|Substitute
|move|p1a: Nidoking|Ice Beam|p2a: Landorus
|-supereffective|p2a: Landorus
|-damage|p2a: Landorus|0 fnt
|faint|p2a: Landorus
|
|upkeep
|
|t:|1606068971
|switch|p2a: Tapu Fini|Tapu Fini|97/100
|-fieldstart|move: Misty Terrain|[from] ability: Misty Surge|[of] p2a: Tapu Fini
|turn|20
|
|t:|1606068975
|move|p1a: Nidoking|Sludge Wave|p2a: Tapu Fini
|-supereffective|p2a: Tapu Fini
|-damage|p2a: Tapu Fini|0 fnt
|faint|p2a: Tapu Fini
|
|upkeep
|-message|JordanJenko forfeited.
|
|win|ThedebatableReaper
|l|☆JordanJenko
|l| TheRealMipper
|l| Briitt
|l| blessed days
||Ladder (probably) updated, but score could not be retrieved (Request timeout).
|l|☆ThedebatableReaper
|l| blackdarkness1
