|j|☆HOF69
|j|☆Smash BrOUs
|t:|1651346760
|gametype|singles
|player|p1|HOF69|red|1860
|player|p2|Smash BrOUs|musician|1850
|teamsize|p1|6
|teamsize|p2|6
|gen|8
|tier|[Gen 8] OU
|rated|
|rule|Sleep Clause Mod: Limit one foe put to sleep
|rule|Species Clause: Limit one of each Pokémon
|rule|OHKO Clause: OHKO moves are banned
|rule|Evasion Moves Clause: Evasion moves are banned
|rule|Endless Battle Clause: Forcing endless battles is banned
|rule|HP Percentage Mod: HP is shown in percentages
|rule|Dynamax Clause: You cannot dynamax
|clearpoke
|poke|p1|Blacephalon|
|poke|p1|Gengar, M|
|poke|p1|Kartana|
|poke|p1|Tapu Lele|
|poke|p1|Krookodile, M|
|poke|p1|Landorus-Therian, M|
|poke|p2|Turtonator, M|
|poke|p2|Blastoise, M|
|poke|p2|Barbaracle, F|
|poke|p2|Cloyster, F|
|poke|p2|Polteageist|
|poke|p2|Carracosta, M|
|teampreview
|inactive|Battle timer is ON: inactive players will automatically lose when time's up. (requested by Smash BrOUs)
|
|t:|1651346791
|start
|switch|p1a: Krookodile|Krookodile, M|100/100
|switch|p2a: Ridley|Cloyster, F|100/100
|-ability|p1a: Krookodile|Intimidate|boost
|-unboost|p2a: Ridley|atk|1
|turn|1
|j| TyranitarTerror
|
|t:|1651346806
|switch|p2a: Bowser|Blastoise, M|100/100
|move|p1a: Krookodile|Stealth Rock|p2a: Bowser
|-sidestart|p2: Smash BrOUs|move: Stealth Rock
|
|upkeep
|turn|2
|
|t:|1651346814
|switch|p1a: Gengar|Gengar, M, shiny|100/100
|move|p2a: Bowser|Shell Smash|p2a: Bowser
|-unboost|p2a: Bowser|def|1
|-unboost|p2a: Bowser|spd|1
|-boost|p2a: Bowser|atk|2
|-boost|p2a: Bowser|spa|2
|-boost|p2a: Bowser|spe|2
|
|upkeep
|turn|3
|
|t:|1651346819
|move|p2a: Bowser|Surf|p1a: Gengar
|-enditem|p1a: Gengar|Focus Sash
|-damage|p1a: Gengar|1/100
|-start|p2a: Bowser|Disable|Surf|[from] ability: Cursed Body|[of] p1a: Gengar
|move|p1a: Gengar|Sludge Wave|p2a: Bowser
|-damage|p2a: Bowser|18/100
|
|upkeep
|turn|4
|
|t:|1651346828
|move|p2a: Bowser|Ice Beam|p1a: Gengar
|-damage|p1a: Gengar|0 fnt
|faint|p1a: Gengar
|
|upkeep
|inactive|HOF69 has 120 seconds left.
|
|t:|1651346871
|switch|p1a: Krookodile|Krookodile, M|100/100
|-ability|p1a: Krookodile|Intimidate|boost
|-unboost|p2a: Bowser|atk|1
|turn|5
|
|t:|1651346895
|move|p2a: Bowser|Rapid Spin|p1a: Krookodile
|-damage|p1a: Krookodile|83/100
|-boost|p2a: Bowser|spe|1
|-sideend|p2: Smash BrOUs|Stealth Rock|[from] move: Rapid Spin|[of] p2a: Bowser
|move|p1a: Krookodile|Knock Off|p2a: Bowser
|-damage|p2a: Bowser|0 fnt
|-enditem|p2a: Bowser|Focus Sash|[from] move: Knock Off|[of] p1a: Krookodile
|faint|p2a: Bowser
|
|upkeep
|
|t:|1651346899
|switch|p2a: Ridley|Cloyster, F|100/100
|turn|6
|
|t:|1651346902
|move|p1a: Krookodile|Taunt|p2a: Ridley
|-start|p2a: Ridley|move: Taunt
|cant|p2a: Ridley|move: Taunt|Shell Smash
|
|upkeep
|turn|7
|j| ppev
|
|t:|1651346911
|switch|p2a: Kirby|Polteageist|100/100
|move|p1a: Krookodile|Stealth Rock|p2a: Kirby
|-sidestart|p2: Smash BrOUs|move: Stealth Rock
|
|upkeep
|turn|8
|
|t:|1651346919
|move|p1a: Krookodile|Taunt|p2a: Kirby
|-start|p2a: Kirby|move: Taunt
|cant|p2a: Kirby|move: Taunt|Shell Smash
|
|upkeep
|turn|9
|
|t:|1651346932
|switch|p1a: Tapu Lele|Tapu Lele|100/100
|-fieldstart|move: Psychic Terrain|[from] ability: Psychic Surge|[of] p1a: Tapu Lele
|move|p2a: Kirby|Giga Drain|p1a: Tapu Lele
|-damage|p1a: Tapu Lele|70/100
|
|upkeep
|turn|10
|
|t:|1651346951
|move|p1a: Tapu Lele|Psyshock|p2a: Kirby
|-enditem|p2a: Kirby|Focus Sash
|-damage|p2a: Kirby|1/100
|move|p2a: Kirby|Shadow Ball|p1a: Tapu Lele
|-supereffective|p1a: Tapu Lele
|-damage|p1a: Tapu Lele|0 fnt
|faint|p1a: Tapu Lele
|
|-end|p2a: Kirby|move: Taunt
|upkeep
|
|t:|1651346965
|switch|p1a: Blacephalon|Blacephalon|100/100
|turn|11
|
|t:|1651346967
|move|p1a: Blacephalon|Shadow Ball|p2a: Kirby
|-supereffective|p2a: Kirby
|-damage|p2a: Kirby|0 fnt
|faint|p2a: Kirby
|-ability|p1a: Blacephalon|Beast Boost|boost
|-boost|p1a: Blacephalon|spa|1
|
|upkeep
|
|t:|1651346972
|switch|p2a: Little Mac|Barbaracle, F|100/100
|-damage|p2a: Little Mac|88/100|[from] Stealth Rock
|turn|12
|
|t:|1651346974
|move|p1a: Blacephalon|Shadow Ball|p2a: Little Mac
|-damage|p2a: Little Mac|0 fnt
|faint|p2a: Little Mac
|-ability|p1a: Blacephalon|Beast Boost|boost
|-boost|p1a: Blacephalon|spa|1
|
|upkeep
|c|☆HOF69|gg
|-message|Smash BrOUs forfeited.
|
|win|HOF69
|raw|HOF69's rating: 1860 &rarr; <strong>1879</strong><br />(+19 for winning)
|raw|Smash BrOUs's rating: 1850 &rarr; <strong>1831</strong><br />(-19 for losing)
|l|☆Smash BrOUs
|l| TyranitarTerror
|l| ppev
||Ladder isn't responding, score probably updated but might not have (Request timeout).
