|j|☆Serp IV
|j|☆YUNG TOASTER BREAD
|t:|1652916974
|gametype|singles
|player|p1|Serp IV|rosa|1762
|player|p2|YUNG TOASTER BREAD|bruno|1951
|teamsize|p1|6
|teamsize|p2|6
|gen|8
|tier|[Gen 8] OU
|rated|
|rule|Sleep Clause Mod: Limit one foe put to sleep
|rule|Species Clause: Limit one of each Pokémon
|rule|OHKO Clause: OHKO moves are banned
|rule|Evasion Moves Clause: Evasion moves are banned
|rule|Endless Battle Clause: Forcing endless battles is banned
|rule|HP Percentage Mod: HP is shown in percentages
|rule|Dynamax Clause: You cannot dynamax
|clearpoke
|poke|p1|Starmie|
|poke|p1|Tapu Lele|
|poke|p1|Magnezone|
|poke|p1|Gastrodon, M|
|poke|p1|Mandibuzz, F|
|poke|p1|Cinccino, F|
|poke|p2|Ninetales-Alola, F|
|poke|p2|Heatran, M|
|poke|p2|Tyranitar, F|
|poke|p2|Toxapex, F|
|poke|p2|Dragapult, M|
|poke|p2|Landorus-Therian, M|
|teampreview
|j| ppev
|
|t:|1652916987
|start
|switch|p1a: Grise|Cinccino, F|100/100
|switch|p2a: Dragapult|Dragapult, M|100/100
|turn|1
|
|t:|1652916991
|move|p1a: Grise|U-turn|p2a: Dragapult
|-resisted|p2a: Dragapult
|-damage|p2a: Dragapult|88/100
|j| Batataplays
|
|t:|1652916994
|switch|p1a: Ebony|Mandibuzz, F|100/100|[from]move: U-turn
|move|p2a: Dragapult|Dragon Darts|p1a: Ebony
|-damage|p1a: Ebony|79/100
|-anim|p2a: Dragapult|Dragon Darts|p1a: Ebony
|-damage|p1a: Ebony|56/100
|
|upkeep
|turn|2
|
|t:|1652917000
|switch|p2a: Toxapex|Toxapex, F|100/100
|move|p1a: Ebony|Roost|p1a: Ebony
|-heal|p1a: Ebony|100/100
|-singleturn|p1a: Ebony|move: Roost
|
|upkeep
|turn|3
|
|t:|1652917004
|switch|p1a: Silver|Magnezone|100/100
|move|p2a: Toxapex|Toxic Spikes|p1a: Silver
|-sidestart|p1: Serp IV|move: Toxic Spikes
|
|upkeep
|turn|4
|
|t:|1652917009
|switch|p2a: Landorus|Landorus-Therian, M|100/100
|-ability|p2a: Landorus|Intimidate|boost
|-unboost|p1a: Silver|atk|1
|move|p1a: Silver|Flash Cannon|p2a: Landorus
|-damage|p2a: Landorus|60/100
|
|-heal|p2a: Landorus|66/100|[from] item: Leftovers
|upkeep
|turn|5
|
|t:|1652917019
|switch|p1a: Ebony|Mandibuzz, F|100/100
|move|p2a: Landorus|U-turn|p1a: Ebony
|-damage|p1a: Ebony|88/100
|
|t:|1652917023
|switch|p2a: Ninetales|Ninetales-Alola, F, shiny|100/100|[from]move: U-turn
|-weather|Hail|[from] ability: Snow Warning|[of] p2a: Ninetales
|
|-weather|Hail|[upkeep]
|upkeep
|turn|6
|
|t:|1652917029
|switch|p1a: Silver|Magnezone|100/100
|move|p2a: Ninetales|Blizzard|p1a: Silver
|-resisted|p1a: Silver
|-damage|p1a: Silver|57/100
|
|-weather|Hail|[upkeep]
|-damage|p1a: Silver|51/100|[from] Hail
|-heal|p1a: Silver|57/100|[from] item: Leftovers
|upkeep
|turn|7
|
|t:|1652917035
|switch|p2a: Landorus|Landorus-Therian, M|66/100
|-ability|p2a: Landorus|Intimidate|boost
|-unboost|p1a: Silver|atk|1
|move|p1a: Silver|Flash Cannon|p2a: Landorus
|-damage|p2a: Landorus|27/100
|
|-weather|Hail|[upkeep]
|-damage|p2a: Landorus|21/100|[from] Hail
|-damage|p1a: Silver|51/100|[from] Hail
|-heal|p2a: Landorus|27/100|[from] item: Leftovers
|-heal|p1a: Silver|57/100|[from] item: Leftovers
|upkeep
|turn|8
|j| guttyexe
|
|t:|1652917040
|switch|p1a: Ebony|Mandibuzz, F|88/100
|move|p2a: Landorus|Earthquake|p1a: Ebony
|-immune|p1a: Ebony
|
|-weather|Hail|[upkeep]
|-damage|p2a: Landorus|21/100|[from] Hail
|-heal|p2a: Landorus|27/100|[from] item: Leftovers
|upkeep
|turn|9
|
|t:|1652917044
|move|p2a: Landorus|Toxic|p1a: Ebony
|-status|p1a: Ebony|tox
|move|p1a: Ebony|Defog|p2a: Landorus
|-unboost|p2a: Landorus|evasion|1
|-sideend|p1: Serp IV|Toxic Spikes|[from] move: Defog|[of] p1a: Ebony
|
|-weather|none
|-heal|p2a: Landorus|33/100|[from] item: Leftovers
|-damage|p1a: Ebony|82/100 tox|[from] psn
|upkeep
|turn|10
|
|t:|1652917048
|move|p2a: Landorus|U-turn|p1a: Ebony
|-damage|p1a: Ebony|69/100 tox
|
|t:|1652917061
|switch|p2a: Toxapex|Toxapex, F|100/100|[from]move: U-turn
|move|p1a: Ebony|U-turn|p2a: Toxapex
|-resisted|p2a: Toxapex
|-damage|p2a: Toxapex|97/100
|-damage|p1a: Ebony|53/100 tox|[from] item: Rocky Helmet|[of] p2a: Toxapex
|
|t:|1652917065
|switch|p1a: Orchid|Tapu Lele|100/100|[from]move: U-turn
|-fieldstart|move: Psychic Terrain|[from] ability: Psychic Surge|[of] p1a: Orchid
|
|upkeep
|turn|11
|
|t:|1652917078
|switch|p1a: Violet|Starmie|100/100
|switch|p2a: Landorus|Landorus-Therian, M|33/100
|-ability|p2a: Landorus|Intimidate|boost
|-unboost|p1a: Violet|atk|1
|
|-heal|p2a: Landorus|39/100|[from] item: Leftovers
|upkeep
|turn|12
|j| Nesnot
|
|t:|1652917098
|move|p1a: Violet|Expanding Force|p2a: Landorus
|-damage|p2a: Landorus|0 fnt
|faint|p2a: Landorus
|
|upkeep
|
|t:|1652917102
|switch|p2a: Dragapult|Dragapult, M|88/100
|turn|13
|
|t:|1652917105
|switch|p1a: Silver|Magnezone|57/100
|move|p2a: Dragapult|U-turn|p1a: Silver
|-resisted|p1a: Silver
|-damage|p1a: Silver|41/100
|
|t:|1652917123
|switch|p2a: Ninetales|Ninetales-Alola, F, shiny|100/100|[from]move: U-turn
|-weather|Hail|[from] ability: Snow Warning|[of] p2a: Ninetales
|
|-weather|Hail|[upkeep]
|-damage|p1a: Silver|35/100|[from] Hail
|-heal|p1a: Silver|41/100|[from] item: Leftovers
|upkeep
|turn|14
|
|t:|1652917127
|move|p2a: Ninetales|Blizzard|p1a: Silver
|-resisted|p1a: Silver
|-damage|p1a: Silver|0 fnt
|faint|p1a: Silver
|
|-weather|Hail|[upkeep]
|-fieldend|move: Psychic Terrain
|upkeep
|
|t:|1652917131
|switch|p1a: Orchid|Tapu Lele|100/100
|-fieldstart|move: Psychic Terrain|[from] ability: Psychic Surge|[of] p1a: Orchid
|turn|15
|
|t:|1652917151
|switch|p2a: Heatran|Heatran, M|100/100
|-item|p2a: Heatran|Air Balloon
|move|p1a: Orchid|Focus Blast|p2a: Heatran
|-supereffective|p2a: Heatran
|-damage|p2a: Heatran|0 fnt
|-enditem|p2a: Heatran|Air Balloon
|faint|p2a: Heatran
|
|-weather|Hail|[upkeep]
|-damage|p1a: Orchid|94/100|[from] Hail
|upkeep
|
|t:|1652917159
|switch|p2a: Dragapult|Dragapult, M|88/100
|turn|16
|
|t:|1652917170
|switch|p1a: Ebony|Mandibuzz, F|53/100 tox
|move|p2a: Dragapult|U-turn|p1a: Ebony
|-damage|p1a: Ebony|34/100 tox
|
|t:|1652917178
|switch|p2a: Ninetales|Ninetales-Alola, F, shiny|100/100|[from]move: U-turn
|
|-weather|Hail|[upkeep]
|-damage|p1a: Ebony|27/100 tox|[from] psn
|upkeep
|turn|17
|
|t:|1652917194
|move|p2a: Ninetales|Freeze-Dry|p1a: Ebony
|-supereffective|p1a: Ebony
|-damage|p1a: Ebony|0 fnt
|faint|p1a: Ebony
|
|-weather|none
|upkeep
|
|t:|1652917200
|switch|p1a: Violet|Starmie|100/100
|turn|18
|
|t:|1652917211
|switch|p2a: Tyranitar|Tyranitar, F|100/100
|-weather|Sandstorm|[from] ability: Sand Stream|[of] p2a: Tyranitar
|move|p1a: Violet|Flip Turn|p2a: Tyranitar
|-supereffective|p2a: Tyranitar
|-damage|p2a: Tyranitar|65/100
|
|t:|1652917213
|switch|p1a: Orchid|Tapu Lele|94/100|[from]move: Flip Turn
|
|-weather|Sandstorm|[upkeep]
|-damage|p1a: Orchid|88/100|[from] Sandstorm
|upkeep
|turn|19
|
|t:|1652917223
|move|p1a: Orchid|Moonblast|p2a: Tyranitar
|-supereffective|p2a: Tyranitar
|-damage|p2a: Tyranitar|0 fnt
|faint|p2a: Tyranitar
|
|-weather|Sandstorm|[upkeep]
|-damage|p1a: Orchid|82/100|[from] Sandstorm
|-fieldend|move: Psychic Terrain
|upkeep
|
|t:|1652917240
|switch|p2a: Toxapex|Toxapex, F|100/100
|turn|20
|
|t:|1652917245
|switch|p1a: Violet|Starmie|100/100
|move|p2a: Toxapex|Toxic Spikes|p1a: Violet
|-sidestart|p1: Serp IV|move: Toxic Spikes
|
|-weather|Sandstorm|[upkeep]
|-damage|p1a: Violet|94/100|[from] Sandstorm
|-damage|p2a: Toxapex|95/100|[from] Sandstorm
|upkeep
|turn|21
|
|t:|1652917258
|move|p1a: Violet|Expanding Force|p2a: Toxapex
|-supereffective|p2a: Toxapex
|-damage|p2a: Toxapex|9/100
|move|p2a: Toxapex|Knock Off|p1a: Violet
|-supereffective|p1a: Violet
|-damage|p1a: Violet|47/100
|-enditem|p1a: Violet|Choice Specs|[from] move: Knock Off|[of] p2a: Toxapex
|
|-weather|Sandstorm|[upkeep]
|-damage|p1a: Violet|41/100|[from] Sandstorm
|-damage|p2a: Toxapex|3/100|[from] Sandstorm
|upkeep
|turn|22
|
|t:|1652917269
|switch|p2a: Dragapult|Dragapult, M|88/100
|move|p1a: Violet|Expanding Force|p2a: Dragapult
|-damage|p2a: Dragapult|23/100
|
|-weather|none
|upkeep
|turn|23
|
|t:|1652917279
|switch|p1a: Coral|Gastrodon, M|100/100
|-status|p1a: Coral|psn
|move|p2a: Dragapult|U-turn|p1a: Coral
|-damage|p1a: Coral|64/100 psn
|
|t:|1652917284
|switch|p2a: Ninetales|Ninetales-Alola, F, shiny|100/100|[from]move: U-turn
|-weather|Hail|[from] ability: Snow Warning|[of] p2a: Ninetales
|
|-weather|Hail|[upkeep]
|-damage|p1a: Coral|58/100 psn|[from] Hail
|-heal|p1a: Coral|64/100 psn|[from] item: Leftovers
|-damage|p1a: Coral|51/100 psn|[from] psn
|upkeep
|turn|24
|
|t:|1652917324
|move|p2a: Ninetales|Freeze-Dry|p1a: Coral
|-supereffective|p1a: Coral
|-damage|p1a: Coral|0 fnt
|faint|p1a: Coral
|
|-weather|Hail|[upkeep]
|upkeep
|
|t:|1652917327
|switch|p1a: Orchid|Tapu Lele|82/100
|-status|p1a: Orchid|psn
|-fieldstart|move: Psychic Terrain|[from] ability: Psychic Surge|[of] p1a: Orchid
|turn|25
|
|t:|1652917332
|move|p2a: Ninetales|Freeze-Dry|p1a: Orchid
|-crit|p1a: Orchid
|-damage|p1a: Orchid|18/100 psn
|move|p1a: Orchid|Psychic|p2a: Ninetales
|-damage|p2a: Ninetales|0 fnt
|faint|p2a: Ninetales
|
|-weather|Hail|[upkeep]
|-damage|p1a: Orchid|12/100 psn|[from] Hail
|-damage|p1a: Orchid|0 fnt|[from] psn
|faint|p1a: Orchid
|upkeep
|
|t:|1652917342
|switch|p2a: Dragapult|Dragapult, M|23/100
|switch|p1a: Grise|Cinccino, F|100/100
|-status|p1a: Grise|psn
|turn|26
|
|t:|1652917364
|switch|p2a: Toxapex|Toxapex, F|36/100
|move|p1a: Grise|Rock Blast|p2a: Toxapex
|-damage|p2a: Toxapex|32/100
|-damage|p2a: Toxapex|27/100
|-damage|p2a: Toxapex|23/100
|-damage|p2a: Toxapex|18/100
|-damage|p2a: Toxapex|14/100
|-hitcount|p2a: Toxapex|5
|
|-weather|Hail|[upkeep]
|-damage|p1a: Grise|94/100 psn|[from] Hail
|-damage|p2a: Toxapex|8/100|[from] Hail
|-damage|p1a: Grise|82/100 psn|[from] psn
|upkeep
|turn|27
|
|t:|1652917388
|switch|p2a: Dragapult|Dragapult, M|23/100
|move|p1a: Grise|Rock Blast|p2a: Dragapult
|-crit|p2a: Dragapult
|-damage|p2a: Dragapult|9/100
|-crit|p2a: Dragapult
|-damage|p2a: Dragapult|0 fnt
|faint|p2a: Dragapult
|-hitcount|p2: Dragapult|2
|
|-weather|none
|-damage|p1a: Grise|70/100 psn|[from] psn
|upkeep
|
|t:|1652917390
|switch|p2a: Toxapex|Toxapex, F|41/100
|turn|28
|
|t:|1652917394
|switch|p1a: Violet|Starmie|41/100
|-status|p1a: Violet|psn
|move|p2a: Toxapex|Recover|p2a: Toxapex
|-heal|p2a: Toxapex|91/100
|
|-damage|p1a: Violet|28/100 psn|[from] psn
|upkeep
|turn|29
|
|t:|1652917398
|move|p1a: Violet|Expanding Force|p2a: Toxapex
|-supereffective|p2a: Toxapex
|-damage|p2a: Toxapex|0 fnt
|faint|p2a: Toxapex
|
|win|Serp IV
|raw|Serp IV's rating: 1762 &rarr; <strong>1792</strong><br />(+30 for winning)
|raw|YUNG TOASTER BREAD's rating: 1951 &rarr; <strong>1921</strong><br />(-30 for losing)
|l|☆YUNG TOASTER BREAD
