|j|☆Bloody Busybody
|j|☆minimax_ai
|t:|1663169090
|gametype|singles
|player|p1|Bloody Busybody|bugcatcher|1480
|player|p2|minimax_ai|lusamine-nihilego|1468
|teamsize|p1|6
|teamsize|p2|6
|gen|8
|tier|[Gen 8] OU
|rated|
|rule|Sleep Clause Mod: Limit one foe put to sleep
|rule|Species Clause: Limit one of each Pokémon
|rule|OHKO Clause: OHKO moves are banned
|rule|Evasion Items Clause: Evasion items are banned
|rule|Evasion Moves Clause: Evasion moves are banned
|rule|Endless Battle Clause: Forcing endless battles is banned
|rule|HP Percentage Mod: HP is shown in percentages
|rule|Dynamax Clause: You cannot dynamax
|clearpoke
|poke|p1|Volcanion|
|poke|p1|Corviknight, M|
|poke|p1|Mamoswine, M|
|poke|p1|Blissey, F|
|poke|p1|Rillaboom, M|
|poke|p1|Hydreigon, M|
|poke|p2|Rotom-Wash|
|poke|p2|Weavile, F|
|poke|p2|Landorus-Therian, M|
|poke|p2|Heatran, M|
|poke|p2|Tangrowth, M|
|poke|p2|Melmetal|
|teampreview
|c|☆minimax_ai|hf
|inactive|Battle timer is ON: inactive players will automatically lose when time's up. (requested by minimax_ai)
|
|t:|1663169116
|start
|switch|p1a: Volcanion|Volcanion|100/100
|switch|p2a: Melmetal|Melmetal|100/100
|turn|1
|
|t:|1663169124
|switch|p2a: rotomwash|Rotom-Wash|100/100
|move|p1a: Volcanion|Fire Blast|p2a: rotomwash
|-resisted|p2a: rotomwash
|-damage|p2a: rotomwash|51/100
|
|-heal|p2a: rotomwash|57/100|[from] item: Leftovers
|upkeep
|turn|2
|c|☆Bloody Busybody|u2
|
|t:|1663169145
|switch|p1a: Rillaboom|Rillaboom, M|100/100
|-fieldstart|move: Grassy Terrain|[from] ability: Grassy Surge|[of] p1a: Rillaboom
|move|p2a: rotomwash|Pain Split|p1a: Rillaboom
|-sethp|p1a: Rillaboom|76/100|[from] move: Pain Split|[silent]
|-sethp|p2a: rotomwash|85/100|[from] move: Pain Split
|
|-heal|p2a: rotomwash|91/100|[from] item: Leftovers
|-heal|p1a: Rillaboom|82/100|[from] Grassy Terrain
|upkeep
|turn|3
|
|t:|1663169153
|switch|p2a: Tangrowth|Tangrowth, M|100/100
|move|p1a: Rillaboom|U-turn|p2a: Tangrowth
|-supereffective|p2a: Tangrowth
|-damage|p2a: Tangrowth|60/100
|-damage|p1a: Rillaboom|66/100|[from] item: Rocky Helmet|[of] p2a: Tangrowth
|
|t:|1663169167
|switch|p1a: Volcanion|Volcanion|100/100|[from]move: U-turn
|
|-heal|p2a: Tangrowth|66/100|[from] Grassy Terrain
|upkeep
|turn|4
|
|t:|1663169178
|switch|p2a: rotomwash|Rotom-Wash|91/100
|move|p1a: Volcanion|Fire Blast|p2a: rotomwash|[miss]
|-miss|p1a: Volcanion|p2a: rotomwash
|
|-heal|p2a: rotomwash|98/100|[from] item: Leftovers
|upkeep
|turn|5
|
|t:|1663169184
|switch|p1a: Mamoswine|Mamoswine, M|100/100
|move|p2a: rotomwash|Thunderbolt|p1a: Mamoswine
|-immune|p1a: Mamoswine
|
|-heal|p2a: rotomwash|100/100|[from] item: Leftovers
|upkeep
|turn|6
|
|t:|1663169190
|switch|p1a: Blissey|Blissey, F|100/100
|move|p2a: rotomwash|Hydro Pump|p1a: Blissey
|-damage|p1a: Blissey|86/100
|
|-heal|p1a: Blissey|92/100|[from] Grassy Terrain
|-fieldend|move: Grassy Terrain
|upkeep
|turn|7
|
|t:|1663169192
|move|p2a: rotomwash|Nasty Plot|p2a: rotomwash
|-boost|p2a: rotomwash|spa|2
|move|p1a: Blissey|Teleport|p1a: Blissey
|
|t:|1663169195
|switch|p1a: Hydreigon|Hydreigon, M|100/100|[from]move: Teleport
|
|upkeep
|turn|8
|
|t:|1663169198
|switch|p1a: Blissey|Blissey, F|92/100
|switch|p2a: Melmetal|Melmetal|100/100
|
|upkeep
|turn|9
|
|t:|1663169201
|switch|p1a: Volcanion|Volcanion|100/100
|move|p2a: Melmetal|Earthquake|p1a: Volcanion
|-supereffective|p1a: Volcanion
|-damage|p1a: Volcanion|37/100
|
|upkeep
|turn|10
|
|t:|1663169205
|switch|p2a: rotomwash|Rotom-Wash|100/100
|move|p1a: Volcanion|Fire Blast|p2a: rotomwash
|-resisted|p2a: rotomwash
|-damage|p2a: rotomwash|52/100
|
|-heal|p2a: rotomwash|59/100|[from] item: Leftovers
|upkeep
|turn|11
|
|t:|1663169209
|move|p2a: rotomwash|Thunderbolt|p1a: Volcanion
|-supereffective|p1a: Volcanion
|-damage|p1a: Volcanion|0 fnt
|faint|p1a: Volcanion
|
|-heal|p2a: rotomwash|65/100|[from] item: Leftovers
|upkeep
|
|t:|1663169213
|switch|p1a: Blissey|Blissey, F|92/100
|turn|12
|
|t:|1663169214
|switch|p2a: Melmetal|Melmetal|100/100
|move|p1a: Blissey|Toxic|p2a: Melmetal
|-immune|p2a: Melmetal
|
|upkeep
|turn|13
|
|t:|1663169217
|switch|p1a: Corviknight|Corviknight, M|100/100
|-ability|p1a: Corviknight|Pressure
|move|p2a: Melmetal|Ice Punch|p1a: Corviknight
|-damage|p1a: Corviknight|81/100
|-damage|p2a: Melmetal|84/100|[from] item: Rocky Helmet|[of] p1a: Corviknight
|
|upkeep
|turn|14
|
|t:|1663169221
|move|p1a: Corviknight|Body Press|p2a: Melmetal
|-supereffective|p2a: Melmetal
|-damage|p2a: Melmetal|54/100
|move|p2a: Melmetal|Thunder Punch|p1a: Corviknight
|-supereffective|p1a: Corviknight
|-damage|p1a: Corviknight|39/100
|-damage|p2a: Melmetal|37/100|[from] item: Rocky Helmet|[of] p1a: Corviknight
|
|upkeep
|turn|15
|
|t:|1663169223
|switch|p2a: Heatran|Heatran, M|100/100
|-item|p2a: Heatran|Air Balloon
|move|p1a: Corviknight|Roost|p1a: Corviknight
|-heal|p1a: Corviknight|89/100
|-singleturn|p1a: Corviknight|move: Roost
|
|upkeep
|turn|16
|
|t:|1663169226
|switch|p1a: Hydreigon|Hydreigon, M|100/100
|move|p2a: Heatran|Eruption|p1a: Hydreigon
|-resisted|p1a: Hydreigon
|-damage|p1a: Hydreigon|54/100
|
|upkeep
|turn|17
|
|t:|1663169231
|move|p1a: Hydreigon|Roost|p1a: Hydreigon
|-heal|p1a: Hydreigon|100/100
|-singleturn|p1a: Hydreigon|move: Roost
|move|p2a: Heatran|Eruption|p1a: Hydreigon
|-resisted|p1a: Hydreigon
|-damage|p1a: Hydreigon|53/100
|
|upkeep
|turn|18
|
|t:|1663169237
|switch|p2a: Weavile|Weavile, F|100/100
|-ability|p2a: Weavile|Pressure
|move|p1a: Hydreigon|Roost|p1a: Hydreigon
|-heal|p1a: Hydreigon|100/100
|-singleturn|p1a: Hydreigon|move: Roost
|
|upkeep
|turn|19
|
|t:|1663169239
|switch|p1a: Corviknight|Corviknight, M|89/100
|-ability|p1a: Corviknight|Pressure
|move|p2a: Weavile|Triple Axel|p1a: Corviknight
|-damage|p1a: Corviknight|80/100
|-damage|p2a: Weavile|84/100|[from] item: Rocky Helmet|[of] p1a: Corviknight
|-hitcount|p1a: Corviknight|1
|
|upkeep
|turn|20
|
|t:|1663169242
|switch|p2a: Tangrowth|Tangrowth, M|99/100
|move|p1a: Corviknight|Body Press|p2a: Tangrowth
|-damage|p2a: Tangrowth|86/100
|-damage|p1a: Corviknight|63/100|[from] item: Rocky Helmet|[of] p2a: Tangrowth
|
|upkeep
|turn|21
|
|t:|1663169244
|move|p1a: Corviknight|Roost|p1a: Corviknight
|-heal|p1a: Corviknight|100/100
|-singleturn|p1a: Corviknight|move: Roost
|move|p2a: Tangrowth|Sleep Powder|p1a: Corviknight
|-status|p1a: Corviknight|slp|[from] move: Sleep Powder
|
|upkeep
|turn|22
|
|t:|1663169246
|cant|p1a: Corviknight|slp
|move|p2a: Tangrowth|Focus Blast|p1a: Corviknight
|-damage|p1a: Corviknight|73/100 slp
|
|upkeep
|turn|23
|
|t:|1663169249
|cant|p1a: Corviknight|slp
|move|p2a: Tangrowth|Focus Blast|p1a: Corviknight|[miss]
|-miss|p2a: Tangrowth|p1a: Corviknight
|
|upkeep
|turn|24
|
|t:|1663169251
|-curestatus|p1a: Corviknight|slp|[msg]
|move|p1a: Corviknight|Roost|p1a: Corviknight
|-heal|p1a: Corviknight|100/100
|-singleturn|p1a: Corviknight|move: Roost
|move|p2a: Tangrowth|Focus Blast|p1a: Corviknight
|-supereffective|p1a: Corviknight
|-damage|p1a: Corviknight|45/100
|-unboost|p1a: Corviknight|spd|1
|
|upkeep
|turn|25
|
|t:|1663169253
|switch|p2a: Heatran|Heatran, M|100/100
|-item|p2a: Heatran|Air Balloon
|move|p1a: Corviknight|Roost|p1a: Corviknight
|-heal|p1a: Corviknight|95/100
|-singleturn|p1a: Corviknight|move: Roost
|
|upkeep
|turn|26
|
|t:|1663169257
|switch|p1a: Blissey|Blissey, F|92/100
|move|p2a: Heatran|Eruption|p1a: Blissey
|-damage|p1a: Blissey|61/100
|
|upkeep
|turn|27
|
|t:|1663169259
|move|p2a: Heatran|Magma Storm|p1a: Blissey
|-damage|p1a: Blissey|43/100
|-activate|p1a: Blissey|move: Magma Storm|[of] p2a: Heatran
|move|p1a: Blissey|Seismic Toss|p2a: Heatran
|-damage|p2a: Heatran|70/100
|-enditem|p2a: Heatran|Air Balloon
|
|-damage|p1a: Blissey|31/100|[from] move: Magma Storm|[partiallytrapped]
|upkeep
|turn|28
|
|t:|1663169261
|move|p2a: Heatran|Stealth Rock|p1a: Blissey
|-sidestart|p1: Bloody Busybody|move: Stealth Rock
|move|p1a: Blissey|Soft-Boiled|p1a: Blissey
|-heal|p1a: Blissey|81/100
|
|-damage|p1a: Blissey|68/100|[from] move: Magma Storm|[partiallytrapped]
|upkeep
|turn|29
|
|t:|1663169266
|switch|p2a: Weavile|Weavile, F|84/100
|-ability|p2a: Weavile|Pressure
|move|p1a: Blissey|Seismic Toss|p2a: Weavile
|-damage|p2a: Weavile|49/100
|
|-end|p1a: Blissey|Magma Storm|[partiallytrapped]|[silent]
|upkeep
|turn|30
|
|t:|1663169268
|switch|p1a: Corviknight|Corviknight, M|95/100
|-damage|p1a: Corviknight|83/100|[from] Stealth Rock
|-ability|p1a: Corviknight|Pressure
|move|p2a: Weavile|Knock Off|p1a: Corviknight
|-damage|p1a: Corviknight|41/100
|-damage|p2a: Weavile|32/100|[from] item: Rocky Helmet|[of] p1a: Corviknight
|-enditem|p1a: Corviknight|Rocky Helmet|[from] move: Knock Off|[of] p2a: Weavile
|
|upkeep
|turn|31
|
|t:|1663169270
|switch|p2a: Heatran|Heatran, M|70/100
|move|p1a: Corviknight|Roost|p1a: Corviknight
|-heal|p1a: Corviknight|91/100
|-singleturn|p1a: Corviknight|move: Roost
|
|upkeep
|turn|32
|
|t:|1663169274
|switch|p1a: Blissey|Blissey, F|68/100
|move|p2a: Heatran|Magma Storm|p1a: Blissey
|-damage|p1a: Blissey|48/100
|-activate|p1a: Blissey|move: Magma Storm|[of] p2a: Heatran
|
|-damage|p1a: Blissey|36/100|[from] move: Magma Storm|[partiallytrapped]
|upkeep
|turn|33
|
|t:|1663169276
|switch|p2a: landorustherian|Landorus-Therian, M|100/100
|-ability|p2a: landorustherian|Intimidate|boost
|-unboost|p1a: Blissey|atk|1
|move|p1a: Blissey|Soft-Boiled|p1a: Blissey
|-heal|p1a: Blissey|86/100
|
|-end|p1a: Blissey|Magma Storm|[partiallytrapped]|[silent]
|upkeep
|turn|34
|
|t:|1663169280
|switch|p1a: Corviknight|Corviknight, M|91/100
|-damage|p1a: Corviknight|79/100|[from] Stealth Rock
|-ability|p1a: Corviknight|Pressure
|move|p2a: landorustherian|U-turn|p1a: Corviknight
|-resisted|p1a: Corviknight
|-damage|p1a: Corviknight|76/100
|
|t:|1663169280
|switch|p2a: Heatran|Heatran, M|70/100|[from]move: U-turn
|
|upkeep
|turn|35
|
|t:|1663169282
|switch|p1a: Blissey|Blissey, F|86/100
|move|p2a: Heatran|Magma Storm|p1a: Blissey
|-damage|p1a: Blissey|66/100
|-activate|p1a: Blissey|move: Magma Storm|[of] p2a: Heatran
|
|-damage|p1a: Blissey|53/100|[from] move: Magma Storm|[partiallytrapped]
|upkeep
|turn|36
|
|t:|1663169284
|move|p2a: Heatran|Magma Storm|p1a: Blissey|[miss]
|-miss|p2a: Heatran|p1a: Blissey
|move|p1a: Blissey|Soft-Boiled|p1a: Blissey
|-heal|p1a: Blissey|100/100
|
|-damage|p1a: Blissey|88/100|[from] move: Magma Storm|[partiallytrapped]
|upkeep
|turn|37
|
|t:|1663169286
|move|p2a: Heatran|Magma Storm|p1a: Blissey
|-damage|p1a: Blissey|69/100
|move|p1a: Blissey|Seismic Toss|p2a: Heatran
|-damage|p2a: Heatran|39/100
|
|-damage|p1a: Blissey|56/100|[from] move: Magma Storm|[partiallytrapped]
|upkeep
|turn|38
|
|t:|1663169288
|move|p2a: Heatran|Magma Storm|p1a: Blissey
|-damage|p1a: Blissey|35/100
|move|p1a: Blissey|Soft-Boiled|p1a: Blissey
|-heal|p1a: Blissey|85/100
|
|-damage|p1a: Blissey|73/100|[from] move: Magma Storm|[partiallytrapped]
|upkeep
|turn|39
|
|t:|1663169291
|move|p2a: Heatran|Magma Storm|p1a: Blissey|[miss]
|-miss|p2a: Heatran|p1a: Blissey
|move|p1a: Blissey|Seismic Toss|p2a: Heatran
|-damage|p2a: Heatran|8/100
|
|-end|p1a: Blissey|Magma Storm|[partiallytrapped]
|upkeep
|turn|40
|
|t:|1663169293
|switch|p2a: landorustherian|Landorus-Therian, M|100/100
|-ability|p2a: landorustherian|Intimidate|boost
|-unboost|p1a: Blissey|atk|1
|move|p1a: Blissey|Soft-Boiled|p1a: Blissey
|-heal|p1a: Blissey|100/100
|
|upkeep
|turn|41
|
|t:|1663169295
|switch|p1a: Corviknight|Corviknight, M|76/100
|-damage|p1a: Corviknight|63/100|[from] Stealth Rock
|-ability|p1a: Corviknight|Pressure
|move|p2a: landorustherian|U-turn|p1a: Corviknight
|-resisted|p1a: Corviknight
|-damage|p1a: Corviknight|60/100
|
|t:|1663169295
|switch|p2a: Heatran|Heatran, M|8/100|[from]move: U-turn
|
|upkeep
|turn|42
|
|t:|1663169298
|switch|p1a: Blissey|Blissey, F|100/100
|move|p2a: Heatran|Magma Storm|p1a: Blissey
|-damage|p1a: Blissey|80/100
|-activate|p1a: Blissey|move: Magma Storm|[of] p2a: Heatran
|
|-damage|p1a: Blissey|67/100|[from] move: Magma Storm|[partiallytrapped]
|upkeep
|turn|43
|
|t:|1663169301
|switch|p2a: landorustherian|Landorus-Therian, M|100/100
|-ability|p2a: landorustherian|Intimidate|boost
|-unboost|p1a: Blissey|atk|1
|move|p1a: Blissey|Soft-Boiled|p1a: Blissey
|-heal|p1a: Blissey|100/100
|
|-end|p1a: Blissey|Magma Storm|[partiallytrapped]|[silent]
|upkeep
|turn|44
|
|t:|1663169303
|switch|p1a: Corviknight|Corviknight, M|60/100
|-damage|p1a: Corviknight|48/100|[from] Stealth Rock
|-ability|p1a: Corviknight|Pressure
|move|p2a: landorustherian|U-turn|p1a: Corviknight
|-resisted|p1a: Corviknight
|-damage|p1a: Corviknight|45/100
|
|t:|1663169303
|switch|p2a: Heatran|Heatran, M|8/100|[from]move: U-turn
|
|upkeep
|turn|45
|
|t:|1663169309
|switch|p2a: rotomwash|Rotom-Wash|65/100
|move|p1a: Corviknight|Roost|p1a: Corviknight
|-heal|p1a: Corviknight|95/100
|-singleturn|p1a: Corviknight|move: Roost
|
|-heal|p2a: rotomwash|71/100|[from] item: Leftovers
|upkeep
|turn|46
|
|t:|1663169318
|switch|p1a: Blissey|Blissey, F|100/100
|move|p2a: rotomwash|Thunderbolt|p1a: Blissey
|-damage|p1a: Blissey|86/100
|
|-heal|p2a: rotomwash|77/100|[from] item: Leftovers
|upkeep
|turn|47
|
|t:|1663169328
|move|p2a: rotomwash|Nasty Plot|p2a: rotomwash
|-boost|p2a: rotomwash|spa|2
|move|p1a: Blissey|Teleport|p1a: Blissey
|
|t:|1663169330
|switch|p1a: Rillaboom|Rillaboom, M|66/100|[from]move: Teleport
|-damage|p1a: Rillaboom|53/100|[from] Stealth Rock
|-fieldstart|move: Grassy Terrain|[from] ability: Grassy Surge|[of] p1a: Rillaboom
|
|-heal|p2a: rotomwash|84/100|[from] item: Leftovers
|-heal|p1a: Rillaboom|59/100|[from] Grassy Terrain
|upkeep
|turn|48
|
|t:|1663169332
|switch|p2a: Tangrowth|Tangrowth, M|100/100
|move|p1a: Rillaboom|Grassy Glide|p2a: Tangrowth
|-resisted|p2a: Tangrowth
|-damage|p2a: Tangrowth|81/100
|-damage|p1a: Rillaboom|43/100|[from] item: Rocky Helmet|[of] p2a: Tangrowth
|
|-heal|p1a: Rillaboom|49/100|[from] Grassy Terrain
|-heal|p2a: Tangrowth|87/100|[from] Grassy Terrain
|upkeep
|turn|49
|
|t:|1663169335
|switch|p1a: Blissey|Blissey, F|86/100
|move|p2a: Tangrowth|Sleep Powder|p1a: Blissey
|-status|p1a: Blissey|slp|[from] move: Sleep Powder
|
|-heal|p1a: Blissey|93/100 slp|[from] Grassy Terrain
|-heal|p2a: Tangrowth|93/100|[from] Grassy Terrain
|upkeep
|turn|50
|
|t:|1663169338
|move|p2a: Tangrowth|Sleep Powder|p1a: Blissey
|-fail|p1a: Blissey|slp
|cant|p1a: Blissey|slp
|
|-heal|p1a: Blissey|99/100 slp|[from] Grassy Terrain
|-heal|p2a: Tangrowth|99/100|[from] Grassy Terrain
|upkeep
|turn|51
|
|t:|1663169340
|move|p2a: Tangrowth|Focus Blast|p1a: Blissey
|-supereffective|p1a: Blissey
|-damage|p1a: Blissey|75/100 slp
|-curestatus|p1a: Blissey|slp|[msg]
|move|p1a: Blissey|Teleport|p1a: Blissey
|
|t:|1663169348
|switch|p1a: Hydreigon|Hydreigon, M|100/100|[from]move: Teleport
|-damage|p1a: Hydreigon|88/100|[from] Stealth Rock
|
|-heal|p2a: Tangrowth|100/100|[from] Grassy Terrain
|-fieldend|move: Grassy Terrain
|upkeep
|turn|52
|
|t:|1663169350
|switch|p2a: landorustherian|Landorus-Therian, M|100/100
|-ability|p2a: landorustherian|Intimidate|boost
|-unboost|p1a: Hydreigon|atk|1
|move|p1a: Hydreigon|Draco Meteor|p2a: landorustherian
|-crit|p2a: landorustherian
|-damage|p2a: landorustherian|12/100
|-unboost|p1a: Hydreigon|spa|2
|-damage|p1a: Hydreigon|78/100|[from] item: Life Orb
|
|-heal|p2a: landorustherian|18/100|[from] item: Leftovers
|upkeep
|turn|53
|
|t:|1663169353
|move|p1a: Hydreigon|Dark Pulse|p2a: landorustherian
|-damage|p2a: landorustherian|0 fnt
|faint|p2a: landorustherian
|-damage|p1a: Hydreigon|68/100|[from] item: Life Orb
|
|upkeep
|
|t:|1663169353
|switch|p2a: Weavile|Weavile, F|32/100
|-ability|p2a: Weavile|Pressure
|turn|54
|
|t:|1663169355
|switch|p1a: Corviknight|Corviknight, M|95/100
|-damage|p1a: Corviknight|83/100|[from] Stealth Rock
|-ability|p1a: Corviknight|Pressure
|move|p2a: Weavile|Triple Axel|p1a: Corviknight
|-damage|p1a: Corviknight|74/100
|-damage|p1a: Corviknight|55/100
|-damage|p1a: Corviknight|31/100
|-hitcount|p1a: Corviknight|3
|
|upkeep
|turn|55
|
|t:|1663169368
|switch|p1a: Blissey|Blissey, F|75/100
|move|p2a: Weavile|Triple Axel|p1a: Blissey
|-damage|p1a: Blissey|62/100
|-damage|p1a: Blissey|36/100
|-hitcount|p1a: Blissey|2
|
|upkeep
|turn|56
|
|t:|1663169373
|move|p2a: Weavile|Triple Axel|p1a: Blissey
|-damage|p1a: Blissey|22/100
|-damage|p1a: Blissey|0 fnt
|faint|p1a: Blissey
|-hitcount|p1: Blissey|2
|
|upkeep
|
|t:|1663169375
|switch|p1a: Rillaboom|Rillaboom, M|49/100
|-damage|p1a: Rillaboom|37/100|[from] Stealth Rock
|-fieldstart|move: Grassy Terrain|[from] ability: Grassy Surge|[of] p1a: Rillaboom
|turn|57
|
|t:|1663169377
|switch|p2a: Tangrowth|Tangrowth, M|100/100
|move|p1a: Rillaboom|U-turn|p2a: Tangrowth
|-supereffective|p2a: Tangrowth
|-damage|p2a: Tangrowth|59/100
|-damage|p1a: Rillaboom|20/100|[from] item: Rocky Helmet|[of] p2a: Tangrowth
|
|t:|1663169379
|switch|p1a: Corviknight|Corviknight, M|31/100|[from]move: U-turn
|-damage|p1a: Corviknight|18/100|[from] Stealth Rock
|-ability|p1a: Corviknight|Pressure
|
|-heal|p2a: Tangrowth|66/100|[from] Grassy Terrain
|upkeep
|turn|58
|
|t:|1663169381
|move|p1a: Corviknight|Roost|p1a: Corviknight
|-heal|p1a: Corviknight|68/100
|-singleturn|p1a: Corviknight|move: Roost
|move|p2a: Tangrowth|Sleep Powder|p1a: Corviknight
|-status|p1a: Corviknight|slp|[from] move: Sleep Powder
|
|-heal|p1a: Corviknight|74/100 slp|[from] Grassy Terrain
|-heal|p2a: Tangrowth|72/100|[from] Grassy Terrain
|upkeep
|turn|59
|
|t:|1663169383
|cant|p1a: Corviknight|slp
|move|p2a: Tangrowth|Focus Blast|p1a: Corviknight
|-damage|p1a: Corviknight|46/100 slp
|
|-heal|p2a: Tangrowth|78/100|[from] Grassy Terrain
|upkeep
|turn|60
|
|t:|1663169385
|cant|p1a: Corviknight|slp
|move|p2a: Tangrowth|Knock Off|p1a: Corviknight
|-damage|p1a: Corviknight|37/100 slp
|
|-heal|p2a: Tangrowth|84/100|[from] Grassy Terrain
|upkeep
|turn|61
|
|t:|1663169387
|switch|p2a: Weavile|Weavile, F|32/100
|-ability|p2a: Weavile|Pressure
|-curestatus|p1a: Corviknight|slp|[msg]
|move|p1a: Corviknight|Roost|p1a: Corviknight
|-heal|p1a: Corviknight|87/100
|-singleturn|p1a: Corviknight|move: Roost
|
|-heal|p2a: Weavile|38/100|[from] Grassy Terrain
|-heal|p1a: Corviknight|93/100|[from] Grassy Terrain
|-fieldend|move: Grassy Terrain
|upkeep
|turn|62
|
|t:|1663169392
|move|p2a: Weavile|Triple Axel|p1a: Corviknight
|-damage|p1a: Corviknight|84/100
|-damage|p1a: Corviknight|65/100
|-damage|p1a: Corviknight|40/100
|-hitcount|p1a: Corviknight|3
|move|p1a: Corviknight|Body Press|p2a: Weavile
|-supereffective|p2a: Weavile
|-damage|p2a: Weavile|0 fnt
|faint|p2a: Weavile
|
|upkeep
|
|t:|1663169392
|switch|p2a: Heatran|Heatran, M|8/100
|turn|63
|
|t:|1663169394
|move|p2a: Heatran|Eruption|p1a: Corviknight
|-supereffective|p1a: Corviknight
|-damage|p1a: Corviknight|28/100
|move|p1a: Corviknight|Roost|p1a: Corviknight
|-heal|p1a: Corviknight|78/100
|-singleturn|p1a: Corviknight|move: Roost
|
|upkeep
|turn|64
|
|t:|1663169397
|move|p2a: Heatran|Eruption|p1a: Corviknight
|-supereffective|p1a: Corviknight
|-damage|p1a: Corviknight|68/100
|move|p1a: Corviknight|Defog|p2a: Heatran
|-unboost|p2a: Heatran|evasion|1
|-sideend|p1: Bloody Busybody|Stealth Rock|[from] move: Defog|[of] p1a: Corviknight
|
|upkeep
|turn|65
|
|t:|1663169399
|move|p2a: Heatran|Stealth Rock|p1a: Corviknight
|-sidestart|p1: Bloody Busybody|move: Stealth Rock
|move|p1a: Corviknight|Roost|p1a: Corviknight
|-heal|p1a: Corviknight|100/100
|-singleturn|p1a: Corviknight|move: Roost
|
|upkeep
|turn|66
|
|t:|1663169400
|move|p2a: Heatran|Eruption|p1a: Corviknight
|-supereffective|p1a: Corviknight
|-damage|p1a: Corviknight|89/100
|move|p1a: Corviknight|Defog|p2a: Heatran
|-unboost|p2a: Heatran|evasion|1
|-sideend|p1: Bloody Busybody|Stealth Rock|[from] move: Defog|[of] p1a: Corviknight
|
|upkeep
|turn|67
|
|t:|1663169403
|move|p2a: Heatran|Stealth Rock|p1a: Corviknight
|-sidestart|p1: Bloody Busybody|move: Stealth Rock
|move|p1a: Corviknight|Defog|p2a: Heatran
|-unboost|p2a: Heatran|evasion|1
|-sideend|p1: Bloody Busybody|Stealth Rock|[from] move: Defog|[of] p1a: Corviknight
|
|upkeep
|turn|68
|
|t:|1663169406
|move|p2a: Heatran|Stealth Rock|p1a: Corviknight
|-sidestart|p1: Bloody Busybody|move: Stealth Rock
|move|p1a: Corviknight|Defog|p2a: Heatran
|-unboost|p2a: Heatran|evasion|1
|-sideend|p1: Bloody Busybody|Stealth Rock|[from] move: Defog|[of] p1a: Corviknight
|
|upkeep
|turn|69
|
|t:|1663169408
|move|p2a: Heatran|Stealth Rock|p1a: Corviknight
|-sidestart|p1: Bloody Busybody|move: Stealth Rock
|move|p1a: Corviknight|Defog|p2a: Heatran
|-unboost|p2a: Heatran|evasion|1
|-sideend|p1: Bloody Busybody|Stealth Rock|[from] move: Defog|[of] p1a: Corviknight
|
|upkeep
|turn|70
|
|t:|1663169410
|move|p2a: Heatran|Stealth Rock|p1a: Corviknight
|-sidestart|p1: Bloody Busybody|move: Stealth Rock
|move|p1a: Corviknight|Defog|p2a: Heatran
|-unboost|p2a: Heatran|evasion|1
|-sideend|p1: Bloody Busybody|Stealth Rock|[from] move: Defog|[of] p1a: Corviknight
|
|upkeep
|turn|71
|
|t:|1663169413
|move|p2a: Heatran|Stealth Rock|p1a: Corviknight
|-sidestart|p1: Bloody Busybody|move: Stealth Rock
|move|p1a: Corviknight|Defog|p2a: Heatran
|-unboost|p2a: Heatran|evasion|0
|-sideend|p1: Bloody Busybody|Stealth Rock|[from] move: Defog|[of] p1a: Corviknight
|
|upkeep
|turn|72
|
|t:|1663169415
|move|p2a: Heatran|Stealth Rock|p1a: Corviknight
|-sidestart|p1: Bloody Busybody|move: Stealth Rock
|move|p1a: Corviknight|Defog|p2a: Heatran
|-unboost|p2a: Heatran|evasion|0
|-sideend|p1: Bloody Busybody|Stealth Rock|[from] move: Defog|[of] p1a: Corviknight
|
|upkeep
|turn|73
|
|t:|1663169417
|move|p2a: Heatran|Stealth Rock|p1a: Corviknight
|-sidestart|p1: Bloody Busybody|move: Stealth Rock
|move|p1a: Corviknight|Defog|p2a: Heatran
|-unboost|p2a: Heatran|evasion|0
|-sideend|p1: Bloody Busybody|Stealth Rock|[from] move: Defog|[of] p1a: Corviknight
|
|upkeep
|turn|74
|
|t:|1663169419
|move|p2a: Heatran|Stealth Rock|p1a: Corviknight
|-sidestart|p1: Bloody Busybody|move: Stealth Rock
|move|p1a: Corviknight|Defog|p2a: Heatran
|-unboost|p2a: Heatran|evasion|0
|-sideend|p1: Bloody Busybody|Stealth Rock|[from] move: Defog|[of] p1a: Corviknight
|
|upkeep
|turn|75
|
|t:|1663169421
|move|p2a: Heatran|Stealth Rock|p1a: Corviknight
|-sidestart|p1: Bloody Busybody|move: Stealth Rock
|move|p1a: Corviknight|Defog|p2a: Heatran
|-unboost|p2a: Heatran|evasion|0
|-sideend|p1: Bloody Busybody|Stealth Rock|[from] move: Defog|[of] p1a: Corviknight
|
|upkeep
|turn|76
|
|t:|1663169423
|move|p2a: Heatran|Stealth Rock|p1a: Corviknight
|-sidestart|p1: Bloody Busybody|move: Stealth Rock
|move|p1a: Corviknight|Defog|p2a: Heatran
|-unboost|p2a: Heatran|evasion|0
|-sideend|p1: Bloody Busybody|Stealth Rock|[from] move: Defog|[of] p1a: Corviknight
|
|upkeep
|turn|77
|
|t:|1663169426
|move|p2a: Heatran|Stealth Rock|p1a: Corviknight
|-sidestart|p1: Bloody Busybody|move: Stealth Rock
|move|p1a: Corviknight|Defog|p2a: Heatran
|-unboost|p2a: Heatran|evasion|0
|-sideend|p1: Bloody Busybody|Stealth Rock|[from] move: Defog|[of] p1a: Corviknight
|
|upkeep
|turn|78
|
|t:|1663169428
|move|p2a: Heatran|Stealth Rock|p1a: Corviknight
|-sidestart|p1: Bloody Busybody|move: Stealth Rock
|move|p1a: Corviknight|Defog|p2a: Heatran
|-unboost|p2a: Heatran|evasion|0
|-sideend|p1: Bloody Busybody|Stealth Rock|[from] move: Defog|[of] p1a: Corviknight
|
|upkeep
|turn|79
|
|t:|1663169430
|move|p2a: Heatran|Stealth Rock|p1a: Corviknight
|-sidestart|p1: Bloody Busybody|move: Stealth Rock
|move|p1a: Corviknight|Defog|p2a: Heatran
|-unboost|p2a: Heatran|evasion|0
|-sideend|p1: Bloody Busybody|Stealth Rock|[from] move: Defog|[of] p1a: Corviknight
|
|upkeep
|turn|80
|
|t:|1663169433
|move|p2a: Heatran|Stealth Rock|p1a: Corviknight
|-sidestart|p1: Bloody Busybody|move: Stealth Rock
|move|p1a: Corviknight|Defog|p2a: Heatran
|-unboost|p2a: Heatran|evasion|0
|-sideend|p1: Bloody Busybody|Stealth Rock|[from] move: Defog|[of] p1a: Corviknight
|
|upkeep
|turn|81
|
|t:|1663169435
|move|p2a: Heatran|Stealth Rock|p1a: Corviknight
|-sidestart|p1: Bloody Busybody|move: Stealth Rock
|move|p1a: Corviknight|Defog|p2a: Heatran
|-unboost|p2a: Heatran|evasion|0
|-sideend|p1: Bloody Busybody|Stealth Rock|[from] move: Defog|[of] p1a: Corviknight
|
|upkeep
|turn|82
|c|☆Bloody Busybody|dude...
|
|t:|1663169441
|switch|p2a: Tangrowth|Tangrowth, M|100/100
|move|p1a: Corviknight|Body Press|p2a: Tangrowth
|-damage|p2a: Tangrowth|87/100
|-damage|p1a: Corviknight|73/100|[from] item: Rocky Helmet|[of] p2a: Tangrowth
|
|upkeep
|turn|83
|
|t:|1663169446
|switch|p1a: Rillaboom|Rillaboom, M|20/100
|-fieldstart|move: Grassy Terrain|[from] ability: Grassy Surge|[of] p1a: Rillaboom
|move|p2a: Tangrowth|Knock Off|p1a: Rillaboom
|-damage|p1a: Rillaboom|0 fnt
|-enditem|p1a: Rillaboom|Choice Band|[from] move: Knock Off|[of] p2a: Tangrowth
|faint|p1a: Rillaboom
|
|-heal|p2a: Tangrowth|93/100|[from] Grassy Terrain
|upkeep
|
|t:|1663169448
|switch|p1a: Hydreigon|Hydreigon, M|68/100
|turn|84
|
|t:|1663169450
|switch|p2a: Melmetal|Melmetal|37/100
|move|p1a: Hydreigon|Draco Meteor|p2a: Melmetal
|-resisted|p2a: Melmetal
|-damage|p2a: Melmetal|15/100
|-unboost|p1a: Hydreigon|spa|2
|-damage|p1a: Hydreigon|59/100|[from] item: Life Orb
|
|-heal|p2a: Melmetal|21/100|[from] Grassy Terrain
|upkeep
|turn|85
|
|t:|1663169453
|switch|p1a: Corviknight|Corviknight, M|73/100
|-ability|p1a: Corviknight|Pressure
|switch|p2a: rotomwash|Rotom-Wash|84/100
|
|-heal|p2a: rotomwash|90/100|[from] item: Leftovers
|upkeep
|turn|86
|
|t:|1663169457
|switch|p1a: Hydreigon|Hydreigon, M|59/100
|move|p2a: rotomwash|Thunderbolt|p1a: Hydreigon
|-resisted|p1a: Hydreigon
|-damage|p1a: Hydreigon|38/100
|
|-heal|p2a: rotomwash|96/100|[from] item: Leftovers
|upkeep
|turn|87
|
|t:|1663169459
|move|p1a: Hydreigon|Roost|p1a: Hydreigon
|-heal|p1a: Hydreigon|88/100
|-singleturn|p1a: Hydreigon|move: Roost
|move|p2a: rotomwash|Thunderbolt|p1a: Hydreigon
|-resisted|p1a: Hydreigon
|-crit|p1a: Hydreigon
|-damage|p1a: Hydreigon|57/100
|
|-heal|p2a: rotomwash|100/100|[from] item: Leftovers
|-fieldend|move: Grassy Terrain
|upkeep
|turn|88
|
|t:|1663169462
|switch|p2a: Heatran|Heatran, M|8/100
|move|p1a: Hydreigon|Nasty Plot|p1a: Hydreigon
|-boost|p1a: Hydreigon|spa|2
|
|upkeep
|turn|89
|
|t:|1663169465
|move|p1a: Hydreigon|Roost|p1a: Hydreigon
|-heal|p1a: Hydreigon|100/100
|-singleturn|p1a: Hydreigon|move: Roost
|move|p2a: Heatran|Earth Power|p1a: Hydreigon
|-immune|p1a: Hydreigon|[from] ability: Levitate
|
|upkeep
|turn|90
|
|t:|1663169468
|move|p1a: Hydreigon|Dark Pulse|p2a: Heatran
|-damage|p2a: Heatran|0 fnt
|faint|p2a: Heatran
|-damage|p1a: Hydreigon|91/100|[from] item: Life Orb
|
|upkeep
|
|t:|1663169468
|switch|p2a: Melmetal|Melmetal|21/100
|turn|91
|
|t:|1663169470
|move|p1a: Hydreigon|Dark Pulse|p2a: Melmetal
|-damage|p2a: Melmetal|0 fnt
|faint|p2a: Melmetal
|-damage|p1a: Hydreigon|81/100|[from] item: Life Orb
|
|upkeep
|
|t:|1663169470
|switch|p2a: rotomwash|Rotom-Wash|100/100
|turn|92
|
|t:|1663169473
|move|p1a: Hydreigon|Dark Pulse|p2a: rotomwash
|-damage|p2a: rotomwash|0 fnt
|faint|p2a: rotomwash
|-damage|p1a: Hydreigon|71/100|[from] item: Life Orb
|
|upkeep
|
|t:|1663169473
|switch|p2a: Tangrowth|Tangrowth, M|100/100
|turn|93
|
|t:|1663169475
|move|p1a: Hydreigon|Dark Pulse|p2a: Tangrowth
|-damage|p2a: Tangrowth|0 fnt
|faint|p2a: Tangrowth
|-damage|p1a: Hydreigon|61/100|[from] item: Life Orb
|
|win|Bloody Busybody
|raw|Bloody Busybody's rating: 1480 &rarr; <strong>1499</strong><br />(+19 for winning)
|raw|minimax_ai's rating: 1468 &rarr; <strong>1449</strong><br />(-19 for losing)
|c|☆minimax_ai|gg
|l|☆minimax_ai
||Ladder isn't responding, score probably updated but might not have (Request timeout).
