|j|☆LAUNCH24
|j|☆IIIodyne
|t:|1662509480
|gametype|singles
|player|p1|LAUNCH24|170|1732
|player|p2|IIIodyne|102|1708
|teamsize|p1|6
|teamsize|p2|6
|gen|8
|tier|[Gen 8] OU
|rated|
|rule|Sleep Clause Mod: Limit one foe put to sleep
|rule|Species Clause: Limit one of each Pokémon
|rule|OHKO Clause: OHKO moves are banned
|rule|Evasion Items Clause: Evasion items are banned
|rule|Evasion Moves Clause: Evasion moves are banned
|rule|Endless Battle Clause: Forcing endless battles is banned
|rule|HP Percentage Mod: HP is shown in percentages
|rule|Dynamax Clause: You cannot dynamax
|clearpoke
|poke|p1|Seismitoad, F|
|poke|p1|Clefable, M|
|poke|p1|Tapu Lele|
|poke|p1|Ferrothorn, F|
|poke|p1|Mamoswine, F|
|poke|p1|Blaziken, M|
|poke|p2|Snorlax, M|
|poke|p2|Suicune|
|poke|p2|Melmetal|
|poke|p2|Victini|
|poke|p2|Landorus-Therian, M|
|poke|p2|Zapdos|
|teampreview
|j| xxcryptoxx
|inactive|Battle timer is ON: inactive players will automatically lose when time's up. (requested by IIIodyne)
|
|t:|1662509496
|start
|switch|p1a: Seismitoad|Seismitoad, F|100/100
|switch|p2a: Suicune|Suicune|100/100
|-ability|p2a: Suicune|Pressure
|turn|1
|
|t:|1662509501
|move|p2a: Suicune|Calm Mind|p2a: Suicune
|-boost|p2a: Suicune|spa|1
|-boost|p2a: Suicune|spd|1
|move|p1a: Seismitoad|Stealth Rock|p2a: Suicune
|-sidestart|p2: IIIodyne|move: Stealth Rock
|
|upkeep
|turn|2
|
|t:|1662509505
|move|p2a: Suicune|Ice Beam|p1a: Seismitoad
|-damage|p1a: Seismitoad|71/100
|move|p1a: Seismitoad|Knock Off|p2a: Suicune
|-damage|p2a: Suicune|89/100
|-enditem|p2a: Suicune|Leftovers|[from] move: Knock Off|[of] p1a: Seismitoad
|
|-heal|p1a: Seismitoad|77/100|[from] item: Leftovers
|upkeep
|turn|3
|
|t:|1662509509
|switch|p1a: Ferrothorn|Ferrothorn, F|100/100
|move|p2a: Suicune|Ice Beam|p1a: Ferrothorn
|-damage|p1a: Ferrothorn|81/100
|
|-heal|p1a: Ferrothorn|87/100|[from] item: Leftovers
|upkeep
|turn|4
|
|t:|1662509512
|switch|p2a: Zapdos|Zapdos|100/100
|move|p1a: Ferrothorn|Power Whip|p2a: Zapdos
|-resisted|p2a: Zapdos
|-damage|p2a: Zapdos|79/100
|
|-heal|p1a: Ferrothorn|94/100|[from] item: Leftovers
|upkeep
|turn|5
|
|t:|1662509518
|move|p2a: Zapdos|Defog|p1a: Ferrothorn
|-unboost|p1a: Ferrothorn|evasion|1
|-sideend|p2: IIIodyne|Stealth Rock|[from] move: Defog|[of] p2a: Zapdos
|move|p1a: Ferrothorn|Knock Off|p2a: Zapdos
|-damage|p2a: Zapdos|57/100
|-enditem|p2a: Zapdos|Heavy-Duty Boots|[from] move: Knock Off|[of] p1a: Ferrothorn
|
|-heal|p1a: Ferrothorn|99/100|[from] item: Leftovers
|upkeep
|turn|6
|
|t:|1662509522
|switch|p1a: Seismitoad|Seismitoad, F|77/100
|move|p2a: Zapdos|Heat Wave|p1a: Seismitoad
|-resisted|p1a: Seismitoad
|-damage|p1a: Seismitoad|59/100
|
|-heal|p1a: Seismitoad|65/100|[from] item: Leftovers
|upkeep
|turn|7
|
|t:|1662509527
|move|p2a: Zapdos|Hurricane|p1a: Seismitoad|[miss]
|-miss|p2a: Zapdos|p1a: Seismitoad
|move|p1a: Seismitoad|Scald|p2a: Zapdos
|-damage|p2a: Zapdos|35/100
|
|-heal|p1a: Seismitoad|71/100|[from] item: Leftovers
|upkeep
|turn|8
|
|t:|1662509531
|move|p2a: Zapdos|Hurricane|p1a: Seismitoad
|-damage|p1a: Seismitoad|3/100
|-start|p1a: Seismitoad|confusion
|-activate|p1a: Seismitoad|confusion
|move|p1a: Seismitoad|Stealth Rock|p2a: Zapdos
|-sidestart|p2: IIIodyne|move: Stealth Rock
|
|-heal|p1a: Seismitoad|9/100|[from] item: Leftovers
|upkeep
|turn|9
|
|t:|1662509536
|switch|p1a: Mamoswine|Mamoswine, F|100/100
|move|p2a: Zapdos|Defog|p1a: Mamoswine
|-unboost|p1a: Mamoswine|evasion|1
|-sideend|p2: IIIodyne|Stealth Rock|[from] move: Defog|[of] p2a: Zapdos
|
|upkeep
|turn|10
|
|t:|1662509540
|switch|p2a: Suicune|Suicune|89/100
|-ability|p2a: Suicune|Pressure
|move|p1a: Mamoswine|Earthquake|p2a: Suicune
|-damage|p2a: Suicune|57/100
|
|upkeep
|turn|11
|
|t:|1662509547
|switch|p1a: Seismitoad|Seismitoad, F|9/100
|move|p2a: Suicune|Scald|p1a: Seismitoad
|-heal|p1a: Seismitoad|34/100|[from] ability: Water Absorb|[of] p2a: Suicune
|
|-heal|p1a: Seismitoad|40/100|[from] item: Leftovers
|upkeep
|turn|12
|
|t:|1662509554
|move|p2a: Suicune|Ice Beam|p1a: Seismitoad
|-damage|p1a: Seismitoad|19/100
|move|p1a: Seismitoad|Stealth Rock|p2a: Suicune
|-sidestart|p2: IIIodyne|move: Stealth Rock
|
|-heal|p1a: Seismitoad|25/100|[from] item: Leftovers
|upkeep
|turn|13
|
|t:|1662509559
|switch|p1a: Mamoswine|Mamoswine, F|100/100
|move|p2a: Suicune|Ice Beam|p1a: Mamoswine
|-damage|p1a: Mamoswine|93/100
|
|upkeep
|turn|14
|j| golgo27
|
|t:|1662509563
|switch|p1a: Ferrothorn|Ferrothorn, F|99/100
|move|p2a: Suicune|Scald|p1a: Ferrothorn
|-resisted|p1a: Ferrothorn
|-damage|p1a: Ferrothorn|91/100
|-status|p1a: Ferrothorn|brn
|
|-heal|p1a: Ferrothorn|98/100 brn|[from] item: Leftovers
|-damage|p1a: Ferrothorn|91/100 brn|[from] brn
|upkeep
|turn|15
|
|t:|1662509568
|switch|p2a: Zapdos|Zapdos|35/100
|-damage|p2a: Zapdos|10/100|[from] Stealth Rock
|switch|p1a: Tapu Lele|Tapu Lele|100/100
|-fieldstart|move: Psychic Terrain|[from] ability: Psychic Surge|[of] p1a: Tapu Lele
|
|upkeep
|turn|16
|j| Adrift & Rising
|j| flopslips
|inactive|IIIodyne has 120 seconds left.
|
|t:|1662509602
|move|p1a: Tapu Lele|Psychic|p2a: Zapdos
|-damage|p2a: Zapdos|0 fnt
|faint|p2a: Zapdos
|
|upkeep
|
|t:|1662509604
|switch|p2a: Melmetal|Melmetal|100/100
|-damage|p2a: Melmetal|94/100|[from] Stealth Rock
|turn|17
|
|t:|1662509608
|switch|p1a: Ferrothorn|Ferrothorn, F|91/100 brn
|move|p2a: Melmetal|Earthquake|p1a: Ferrothorn
|-damage|p1a: Ferrothorn|61/100 brn
|
|-heal|p1a: Ferrothorn|67/100 brn|[from] item: Leftovers
|-damage|p1a: Ferrothorn|61/100 brn|[from] brn
|upkeep
|turn|18
|
|t:|1662509612
|move|p2a: Melmetal|Earthquake|p1a: Ferrothorn
|-damage|p1a: Ferrothorn|32/100 brn
|move|p1a: Ferrothorn|Knock Off|p2a: Melmetal
|-damage|p2a: Melmetal|88/100
|-enditem|p2a: Melmetal|Assault Vest|[from] move: Knock Off|[of] p1a: Ferrothorn
|
|-heal|p1a: Ferrothorn|38/100 brn|[from] item: Leftovers
|-damage|p1a: Ferrothorn|32/100 brn|[from] brn
|upkeep
|turn|19
|
|t:|1662509615
|move|p2a: Melmetal|Earthquake|p1a: Ferrothorn
|-damage|p1a: Ferrothorn|6/100 brn
|move|p1a: Ferrothorn|Leech Seed|p2a: Melmetal
|-start|p2a: Melmetal|move: Leech Seed
|
|-heal|p1a: Ferrothorn|12/100 brn|[from] item: Leftovers
|-damage|p2a: Melmetal|76/100|[from] Leech Seed|[of] p1a: Ferrothorn
|-heal|p1a: Ferrothorn|26/100 brn|[silent]
|-damage|p1a: Ferrothorn|20/100 brn|[from] brn
|-fieldend|move: Psychic Terrain
|upkeep
|turn|20
|
|t:|1662509622
|switch|p2a: Landorus|Landorus-Therian, M|100/100
|-damage|p2a: Landorus|88/100|[from] Stealth Rock
|-ability|p2a: Landorus|Intimidate|boost
|-unboost|p1a: Ferrothorn|atk|1
|move|p1a: Ferrothorn|Spikes|p2a: Landorus
|-sidestart|p2: IIIodyne|Spikes
|
|-heal|p1a: Ferrothorn|26/100 brn|[from] item: Leftovers
|-damage|p1a: Ferrothorn|20/100 brn|[from] brn
|upkeep
|turn|21
|
|t:|1662509629
|move|p2a: Landorus|Earthquake|p1a: Ferrothorn
|-damage|p1a: Ferrothorn|0 fnt
|faint|p1a: Ferrothorn
|
|upkeep
|
|t:|1662509633
|switch|p1a: Mamoswine|Mamoswine, F|93/100
|turn|22
|
|t:|1662509640
|switch|p2a: Suicune|Suicune|57/100
|-damage|p2a: Suicune|44/100|[from] Stealth Rock
|-damage|p2a: Suicune|32/100|[from] Spikes
|-ability|p2a: Suicune|Pressure
|move|p1a: Mamoswine|Icicle Crash|p2a: Suicune
|-resisted|p2a: Suicune
|-damage|p2a: Suicune|19/100
|
|upkeep
|turn|23
|
|t:|1662509650
|move|p1a: Mamoswine|Earthquake|p2a: Suicune
|-damage|p2a: Suicune|0 fnt
|faint|p2a: Suicune
|
|upkeep
|
|t:|1662509656
|switch|p2a: Victini|Victini|100/100
|-damage|p2a: Victini|76/100|[from] Stealth Rock
|-damage|p2a: Victini|63/100|[from] Spikes
|turn|24
|
|t:|1662509666
|switch|p1a: Seismitoad|Seismitoad, F|25/100
|move|p2a: Victini|V-create|p1a: Seismitoad
|-resisted|p1a: Seismitoad
|-damage|p1a: Seismitoad|0 fnt
|-unboost|p2a: Victini|spe|1
|-unboost|p2a: Victini|def|1
|-unboost|p2a: Victini|spd|1
|faint|p1a: Seismitoad
|
|upkeep
|
|t:|1662509672
|switch|p1a: Blaziken|Blaziken, M|100/100
|-item|p1a: Blaziken|Air Balloon
|turn|25
|
|t:|1662509675
|move|p1a: Blaziken|Swords Dance|p1a: Blaziken
|-boost|p1a: Blaziken|atk|2
|move|p2a: Victini|V-create|p1a: Blaziken
|-resisted|p1a: Blaziken
|-damage|p1a: Blaziken|5/100
|-unboost|p2a: Victini|spe|1
|-unboost|p2a: Victini|def|1
|-unboost|p2a: Victini|spd|1
|-enditem|p1a: Blaziken|Air Balloon
|
|-ability|p1a: Blaziken|Speed Boost|boost
|-boost|p1a: Blaziken|spe|1
|upkeep
|turn|26
|inactive|IIIodyne has 120 seconds left.
|
|t:|1662509722
|move|p1a: Blaziken|Close Combat|p2a: Victini
|-resisted|p2a: Victini
|-damage|p2a: Victini|0 fnt
|-unboost|p1a: Blaziken|def|1
|-unboost|p1a: Blaziken|spd|1
|faint|p2a: Victini
|
|-ability|p1a: Blaziken|Speed Boost|boost
|-boost|p1a: Blaziken|spe|1
|upkeep
|
|t:|1662509736
|switch|p2a: Landorus|Landorus-Therian, M|88/100
|-damage|p2a: Landorus|76/100|[from] Stealth Rock
|-ability|p2a: Landorus|Intimidate|boost
|-unboost|p1a: Blaziken|atk|1
|turn|27
|
|t:|1662509740
|move|p1a: Blaziken|Flare Blitz|p2a: Landorus
|-damage|p2a: Landorus|0 fnt
|faint|p2a: Landorus
|-damage|p1a: Blaziken|0 fnt|[from] Recoil
|faint|p1a: Blaziken
|
|upkeep
|
|t:|1662509749
|switch|p2a: Snorlax|Snorlax, M|100/100
|switch|p1a: Mamoswine|Mamoswine, F|93/100
|-damage|p2a: Snorlax|88/100|[from] Stealth Rock
|-damage|p2a: Snorlax|76/100|[from] Spikes
|turn|28
|inactive|IIIodyne has 120 seconds left.
|
|t:|1662509755
|move|p1a: Mamoswine|Earthquake|p2a: Snorlax
|-damage|p2a: Snorlax|28/100
|move|p2a: Snorlax|Curse|p2a: Snorlax
|-unboost|p2a: Snorlax|spe|1
|-boost|p2a: Snorlax|atk|1
|-boost|p2a: Snorlax|def|1
|
|-heal|p2a: Snorlax|34/100|[from] item: Leftovers
|upkeep
|turn|29
|
|t:|1662509759
|move|p1a: Mamoswine|Earthquake|p2a: Snorlax
|-damage|p2a: Snorlax|2/100
|move|p2a: Snorlax|Rest|p2a: Snorlax
|-status|p2a: Snorlax|slp|[from] move: Rest
|-heal|p2a: Snorlax|100/100 slp|[silent]
|
|upkeep
|turn|30
|
|t:|1662509769
|switch|p1a: Tapu Lele|Tapu Lele|100/100
|-fieldstart|move: Psychic Terrain|[from] ability: Psychic Surge|[of] p1a: Tapu Lele
|cant|p2a: Snorlax|slp
|
|upkeep
|turn|31
|
|t:|1662509774
|move|p1a: Tapu Lele|Psychic|p2a: Snorlax
|-damage|p2a: Snorlax|71/100 slp
|cant|p2a: Snorlax|slp
|
|-heal|p2a: Snorlax|77/100 slp|[from] item: Leftovers
|upkeep
|turn|32
|
|t:|1662509778
|move|p1a: Tapu Lele|Psychic|p2a: Snorlax
|-damage|p2a: Snorlax|50/100 slp
|-curestatus|p2a: Snorlax|slp|[msg]
|move|p2a: Snorlax|Body Slam|p1a: Tapu Lele
|-damage|p1a: Tapu Lele|29/100
|
|-heal|p2a: Snorlax|56/100|[from] item: Leftovers
|upkeep
|turn|33
|
|t:|1662509781
|move|p1a: Tapu Lele|Psychic|p2a: Snorlax
|-damage|p2a: Snorlax|26/100
|move|p2a: Snorlax|Body Slam|p1a: Tapu Lele
|-damage|p1a: Tapu Lele|0 fnt
|faint|p1a: Tapu Lele
|
|-heal|p2a: Snorlax|32/100|[from] item: Leftovers
|upkeep
|j| BabyPigsAreLaughin
|
|t:|1662509789
|switch|p1a: Mamoswine|Mamoswine, F|93/100
|turn|34
|
|t:|1662509799
|move|p1a: Mamoswine|Earthquake|p2a: Snorlax
|-damage|p2a: Snorlax|0 fnt
|faint|p2a: Snorlax
|
|-fieldend|move: Psychic Terrain
|upkeep
|
|t:|1662509801
|switch|p2a: Melmetal|Melmetal|76/100
|-damage|p2a: Melmetal|70/100|[from] Stealth Rock
|-damage|p2a: Melmetal|57/100|[from] Spikes
|turn|35
|
|t:|1662509805
|move|p1a: Mamoswine|Earthquake|p2a: Melmetal
|-supereffective|p2a: Melmetal
|-damage|p2a: Melmetal|0 fnt
|faint|p2a: Melmetal
|
|win|LAUNCH24
|raw|LAUNCH24's rating: 1732 &rarr; <strong>1751</strong><br />(+19 for winning)
|raw|IIIodyne's rating: 1708 &rarr; <strong>1689</strong><br />(-19 for losing)
|l|☆IIIodyne
|l| golgo27
|l| Adrift & Rising
|l| BabyPigsAreLaughin
||Ladder isn't responding, score probably updated but might not have (Request timeout).
