|j|☆Blair but funnier?
|j|☆xyz anxiety
|inactive|Battle timer is ON: inactive players will automatically lose when time's up.
|t:|1654515839
|gametype|singles
|player|p1|Blair but funnier?|may-contest|
|player|p2|xyz anxiety|gambler-gen1|
|teamsize|p1|6
|teamsize|p2|6
|gen|8
|tier|[Gen 8] OU
|rated|Tournament battle
|rule|Sleep Clause Mod: Limit one foe put to sleep
|rule|Species Clause: Limit one of each Pokémon
|rule|OHKO Clause: OHKO moves are banned
|rule|Evasion Moves Clause: Evasion moves are banned
|rule|Endless Battle Clause: Forcing endless battles is banned
|rule|HP Percentage Mod: HP is shown in percentages
|rule|Dynamax Clause: You cannot dynamax
|clearpoke
|poke|p1|Hawlucha, M|
|poke|p1|Weavile, M|
|poke|p1|Clefable, M|
|poke|p1|Corviknight, F|
|poke|p1|Garchomp, F|
|poke|p1|Alakazam, M|
|poke|p2|Avalugg, M|
|poke|p2|Toxapex, M|
|poke|p2|Blissey, F|
|poke|p2|Corviknight, F|
|poke|p2|Xatu, F|
|poke|p2|Shedinja|
|teampreview
|
|t:|1654515857
|start
|switch|p1a: Weavile|Weavile, M|100/100
|switch|p2a: Blissey|Blissey, F, shiny|100/100
|-ability|p1a: Weavile|Pressure
|turn|1
|
|t:|1654515867
|switch|p2a: Toxapex|Toxapex, M, shiny|100/100
|move|p1a: Weavile|Knock Off|p2a: Toxapex
|-damage|p2a: Toxapex|54/100
|-enditem|p2a: Toxapex|Shed Shell|[from] move: Knock Off|[of] p1a: Weavile
|
|upkeep
|turn|2
|
|t:|1654515872
|switch|p1a: Garchomp|Garchomp, F|100/100
|move|p2a: Toxapex|Knock Off|p1a: Garchomp
|-damage|p1a: Garchomp|84/100
|-damage|p2a: Toxapex|41/100|[from] ability: Rough Skin|[of] p1a: Garchomp
|-enditem|p1a: Garchomp|Leftovers|[from] move: Knock Off|[of] p2a: Toxapex
|
|upkeep
|turn|3
|inactive|Blair but funnier? has 120 seconds left.
|
|t:|1654515914
|switch|p2a: Corviknight|Corviknight, F, shiny|100/100
|-ability|p2a: Corviknight|Pressure
|move|p1a: Garchomp|Earthquake|p2a: Corviknight
|-immune|p2a: Corviknight
|
|upkeep
|turn|4
|
|t:|1654515918
|switch|p2a: Xatu|Xatu, F, shiny|100/100
|move|p1a: Garchomp|Swords Dance|p1a: Garchomp
|-boost|p1a: Garchomp|atk|2
|
|upkeep
|turn|5
|
|t:|1654515924
|switch|p2a: Avalugg|Avalugg, M, shiny|100/100
|move|p1a: Garchomp|Stone Edge|p2a: Avalugg|[miss]
|-miss|p1a: Garchomp|p2a: Avalugg
|
|upkeep
|turn|6
|
|t:|1654515928
|move|p1a: Garchomp|Stone Edge|p2a: Avalugg
|-supereffective|p2a: Avalugg
|-damage|p2a: Avalugg|49/100
|move|p2a: Avalugg|Icicle Spear|p1a: Garchomp
|-supereffective|p1a: Garchomp
|-damage|p1a: Garchomp|46/100
|-supereffective|p1a: Garchomp
|-damage|p1a: Garchomp|6/100
|-supereffective|p1a: Garchomp
|-damage|p1a: Garchomp|0 fnt
|faint|p1a: Garchomp
|-hitcount|p1: Garchomp|3
|
|upkeep
|
|t:|1654515933
|switch|p1a: Hawlucha|Hawlucha, M|100/100
|turn|7
|
|t:|1654515936
|move|p1a: Hawlucha|Close Combat|p2a: Avalugg
|-supereffective|p2a: Avalugg
|-damage|p2a: Avalugg|9/100
|-unboost|p1a: Hawlucha|def|1
|-unboost|p1a: Hawlucha|spd|1
|-enditem|p1a: Hawlucha|White Herb
|-clearnegativeboost|p1a: Hawlucha|[silent]
|move|p2a: Avalugg|Icicle Spear|p1a: Hawlucha
|-supereffective|p1a: Hawlucha
|-damage|p1a: Hawlucha|72/100
|-supereffective|p1a: Hawlucha
|-damage|p1a: Hawlucha|43/100
|-supereffective|p1a: Hawlucha
|-damage|p1a: Hawlucha|14/100
|-hitcount|p1a: Hawlucha|3
|
|upkeep
|turn|8
|
|t:|1654515945
|move|p1a: Hawlucha|Acrobatics|p2a: Avalugg
|-damage|p2a: Avalugg|0 fnt
|faint|p2a: Avalugg
|
|upkeep
|
|t:|1654515949
|switch|p2a: Corviknight|Corviknight, F, shiny|100/100
|-ability|p2a: Corviknight|Pressure
|turn|9
|
|t:|1654515953
|move|p1a: Hawlucha|Swords Dance|p1a: Hawlucha
|-boost|p1a: Hawlucha|atk|2
|move|p2a: Corviknight|U-turn|p1a: Hawlucha
|-resisted|p1a: Hawlucha
|-damage|p1a: Hawlucha|9/100
|
|t:|1654515954
|switch|p2a: Shedinja|Shedinja, shiny|100/100|[from]move: U-turn
|
|upkeep
|turn|10
|
|t:|1654515957
|move|p2a: Shedinja|Shadow Sneak|p1a: Hawlucha
|-damage|p1a: Hawlucha|0 fnt
|faint|p1a: Hawlucha
|
|upkeep
|
|t:|1654515961
|switch|p1a: Weavile|Weavile, M|100/100
|-ability|p1a: Weavile|Pressure
|turn|11
|
|t:|1654515963
|switch|p2a: Toxapex|Toxapex, M, shiny|75/100
|move|p1a: Weavile|Knock Off|p2a: Toxapex
|-damage|p2a: Toxapex|45/100
|
|upkeep
|turn|12
|
|t:|1654515973
|switch|p1a: Corviknight|Corviknight, F|100/100
|-ability|p1a: Corviknight|Pressure
|move|p2a: Toxapex|Recover|p2a: Toxapex
|-heal|p2a: Toxapex|95/100
|
|upkeep
|turn|13
|
|t:|1654515976
|move|p1a: Corviknight|Brave Bird|p2a: Toxapex
|-damage|p2a: Toxapex|71/100
|-damage|p1a: Corviknight|94/100|[from] Recoil
|move|p2a: Toxapex|Knock Off|p1a: Corviknight
|-damage|p1a: Corviknight|85/100
|-enditem|p1a: Corviknight|Leftovers|[from] move: Knock Off|[of] p2a: Toxapex
|
|upkeep
|turn|14
|
|t:|1654515981
|switch|p1a: Clefable|Clefable, M|100/100
|switch|p2a: Corviknight|Corviknight, F, shiny|100/100
|-ability|p2a: Corviknight|Pressure
|
|upkeep
|turn|15
|inactive|Blair but funnier? has 120 seconds left.
|
|t:|1654516016
|move|p2a: Corviknight|U-turn|p1a: Clefable
|-resisted|p1a: Clefable
|-damage|p1a: Clefable|96/100
|
|t:|1654516019
|switch|p2a: Xatu|Xatu, F, shiny|100/100|[from]move: U-turn
|move|p1a: Clefable|Calm Mind|p1a: Clefable
|-boost|p1a: Clefable|spa|1
|-boost|p1a: Clefable|spd|1
|
|-heal|p1a: Clefable|100/100|[from] item: Leftovers
|upkeep
|turn|16
|
|t:|1654516026
|move|p2a: Xatu|Haze|p2a: Xatu
|-clearallboost
|move|p1a: Clefable|Calm Mind|p1a: Clefable
|-boost|p1a: Clefable|spa|1
|-boost|p1a: Clefable|spd|1
|
|upkeep
|turn|17
|
|t:|1654516029
|switch|p2a: Toxapex|Toxapex, M, shiny|100/100
|move|p1a: Clefable|Moonblast|p2a: Toxapex
|-resisted|p2a: Toxapex
|-damage|p2a: Toxapex|81/100
|-unboost|p2a: Toxapex|spa|1
|
|upkeep
|turn|18
|
|t:|1654516034
|move|p1a: Clefable|Moonblast|p2a: Toxapex
|-resisted|p2a: Toxapex
|-damage|p2a: Toxapex|62/100
|move|p2a: Toxapex|Haze|p2a: Toxapex
|-clearallboost
|
|upkeep
|turn|19
|
|t:|1654516037
|switch|p1a: Alakazam|Alakazam, M|100/100
|move|p2a: Toxapex|Knock Off|p1a: Alakazam
|-supereffective|p1a: Alakazam
|-damage|p1a: Alakazam|25/100
|-enditem|p1a: Alakazam|Focus Sash|[from] move: Knock Off|[of] p2a: Toxapex
|
|upkeep
|turn|20
|
|t:|1654516042
|switch|p2a: Blissey|Blissey, F, shiny|100/100
|move|p1a: Alakazam|Psyshock|p2a: Blissey
|-damage|p2a: Blissey|55/100
|
|-heal|p2a: Blissey|61/100|[from] item: Leftovers
|upkeep
|turn|21
|
|t:|1654516045
|move|p1a: Alakazam|Nasty Plot|p1a: Alakazam
|-boost|p1a: Alakazam|spa|2
|move|p2a: Blissey|Seismic Toss|p1a: Alakazam
|-damage|p1a: Alakazam|0 fnt
|faint|p1a: Alakazam
|
|-heal|p2a: Blissey|67/100|[from] item: Leftovers
|upkeep
|
|t:|1654516048
|switch|p1a: Weavile|Weavile, M|100/100
|-ability|p1a: Weavile|Pressure
|turn|22
|
|t:|1654516056
|switch|p2a: Toxapex|Toxapex, M, shiny|96/100
|move|p1a: Weavile|Knock Off|p2a: Toxapex
|-damage|p2a: Toxapex|65/100
|
|upkeep
|turn|23
|
|t:|1654516062
|switch|p1a: Corviknight|Corviknight, F|85/100
|-ability|p1a: Corviknight|Pressure
|move|p2a: Toxapex|Toxic|p1a: Corviknight
|-immune|p1a: Corviknight
|
|upkeep
|turn|24
|
|t:|1654516089
|switch|p2a: Corviknight|Corviknight, F, shiny|100/100
|-ability|p2a: Corviknight|Pressure
|move|p1a: Corviknight|U-turn|p2a: Corviknight
|-resisted|p2a: Corviknight
|-damage|p2a: Corviknight|98/100
|inactive|Blair but funnier? has 120 seconds left.
|
|t:|1654516104
|switch|p1a: Weavile|Weavile, M|100/100|[from]move: U-turn
|-ability|p1a: Weavile|Pressure
|
|-heal|p2a: Corviknight|100/100|[from] item: Leftovers
|upkeep
|turn|25
|
|t:|1654516107
|move|p1a: Weavile|Triple Axel|p2a: Corviknight
|-damage|p2a: Corviknight|89/100
|-damage|p2a: Corviknight|67/100
|-hitcount|p2a: Corviknight|2
|move|p2a: Corviknight|Body Press|p1a: Weavile
|-supereffective|p1a: Weavile
|-damage|p1a: Weavile|0 fnt
|faint|p1a: Weavile
|
|-heal|p2a: Corviknight|73/100|[from] item: Leftovers
|upkeep
|inactive|Blair but funnier? has 120 seconds left.
|j| NateFangirl
|inactive|Blair but funnier? has 90 seconds left.
|
|t:|1654516174
|switch|p1a: Clefable|Clefable, M|100/100
|turn|26
|
|t:|1654516177
|move|p2a: Corviknight|U-turn|p1a: Clefable
|-resisted|p1a: Clefable
|-damage|p1a: Clefable|95/100
|
|t:|1654516179
|switch|p2a: Toxapex|Toxapex, M, shiny|98/100|[from]move: U-turn
|move|p1a: Clefable|Calm Mind|p1a: Clefable
|-boost|p1a: Clefable|spa|1
|-boost|p1a: Clefable|spd|1
|
|-heal|p1a: Clefable|100/100|[from] item: Leftovers
|upkeep
|turn|27
|c|☆Blair but funnier?|My clefable set is calm mind mooblast thunder knock off
|c|☆Blair but funnier?|gg I win
|inactive|Blair but funnier? has 60 seconds left.
|c|☆xyz anxiety|that set loses to blissey lol
|inactive|Blair but funnier? has 30 seconds left.
|inactive|Blair but funnier? has 20 seconds left.
|inactive|Blair but funnier? has 15 seconds left.
|c|☆xyz anxiety|but ik you're lying anyways
|inactive|Blair but funnier? has 10 seconds left.
|c|☆xyz anxiety|gg kid. ez win
|inactive|Blair but funnier? has 5 seconds left.
|c|☆xyz anxiety|you're ass
|-message|Blair but funnier? lost due to inactivity.
|
|win|xyz anxiety
|n|☆Blair but funnier?|blairbutfunnier
|n|☆xyz anxiety|xyzanxiety
|n| NateFangirl|natefangirl
