|raw|<div class="broadcast-blue"><strong>This battle is required to be public due to a player having a name starting with 'LT74PF'.</div>
|j|☆ezwz
|j|☆lt74pf christo
|t:|1598905871
|player|p1|ezwz|youngster-gen4|2077
|player|p2|lt74pf christo|bugcatcher|1781
|teamsize|p1|6
|teamsize|p2|6
|gametype|singles
|gen|8
|tier|[Gen 8] OU
|rated|
|clearpoke
|poke|p1|Krookodile, M|
|poke|p1|Zarude|
|poke|p1|Primarina, F|
|poke|p1|Rotom-Heat|
|poke|p1|Gengar, M|
|poke|p1|Urshifu-*, F|
|poke|p2|Ferrothorn, M|
|poke|p2|Clefable, M|
|poke|p2|Ditto|
|poke|p2|Hippowdon, F|
|poke|p2|Blissey, F|
|poke|p2|Xatu, M|
|rule|Sleep Clause Mod: Limit one foe put to sleep
|rule|Species Clause: Limit one of each Pokémon
|rule|OHKO Clause: OHKO moves are banned
|rule|Evasion Moves Clause: Evasion moves are banned
|rule|Endless Battle Clause: Forcing endless battles is banned
|rule|HP Percentage Mod: HP is shown in percentages
|rule|Dynamax Clause: You cannot dynamax
|teampreview
|j| lt74pf sac
|j| LT74PF Zen
|inactive|Battle timer is ON: inactive players will automatically lose when time's up. (requested by lt74pf christo)
|c| LT74PF Zen|woo gengar
|j| egalvanc
|inactive|ezwz has 120 seconds left.
|j| LT73IU Croo
|
|t:|1598905929
|start
|switch|p1a: Krookodile|Krookodile, M|100/100
|switch|p2a: Ferrothorn|Ferrothorn, M|100/100
|-ability|p1a: Krookodile|Intimidate|boost
|-unboost|p2a: Ferrothorn|atk|1
|turn|1
|j| LT74PF Ayk
|l| LT73IU Croo
|j| HamstermaniaCZ
|j| LT74PF din
|c| LT74PF Zen|go ezwz
|j| LT74PF Heo'
|j| darkrows
|l| LT74PF din
|j| mizuno kid
|j| Typhlosion08
|
|t:|1598905960
|move|p1a: Krookodile|Taunt|p2a: Ferrothorn
|-start|p2a: Ferrothorn|move: Taunt
|move|p2a: Ferrothorn|Body Press|p1a: Krookodile
|-supereffective|p1a: Krookodile
|-damage|p1a: Krookodile|58/100
|-damage|p2a: Ferrothorn|84/100|[from] item: Rocky Helmet|[of] p1a: Krookodile
|
|-heal|p2a: Ferrothorn|90/100|[from] item: Leftovers
|upkeep
|turn|2
|j| KillaLeston
|inactive|ezwz has 120 seconds left.
|
|t:|1598905982
|switch|p2a: Xatu|Xatu, M|100/100
|move|p1a: Krookodile|Knock Off|p2a: Xatu
|-supereffective|p2a: Xatu
|-damage|p2a: Xatu|29/100
|-damage|p1a: Krookodile|41/100|[from] item: Rocky Helmet|[of] p2a: Xatu
|-enditem|p2a: Xatu|Rocky Helmet|[from] move: Knock Off|[of] p1a: Krookodile
|
|upkeep
|turn|3
|j| Motherly Mito
|inactive|ezwz has 120 seconds left.
|
|t:|1598905994
|switch|p2a: Hippowdon|Hippowdon, F|100/100
|-weather|Sandstorm|[from] ability: Sand Stream|[of] p2a: Hippowdon
|switch|p1a: Gengar|Gengar, M|100/100
|
|-weather|Sandstorm|[upkeep]
|-damage|p1a: Gengar|94/100|[from] Sandstorm
|upkeep
|turn|4
|inactive|ezwz has 120 seconds left.
|
|t:|1598906002
|switch|p1a: Krookodile|Krookodile, M|41/100
|-ability|p1a: Krookodile|Intimidate|boost
|-unboost|p2a: Hippowdon|atk|1
|move|p2a: Hippowdon|Earthquake|p1a: Krookodile
|-damage|p1a: Krookodile|24/100
|
|-weather|Sandstorm|[upkeep]
|upkeep
|turn|5
|
|t:|1598906010
|move|p1a: Krookodile|Knock Off|p2a: Hippowdon
|-damage|p2a: Hippowdon|81/100
|-damage|p1a: Krookodile|7/100|[from] item: Rocky Helmet|[of] p2a: Hippowdon
|-enditem|p2a: Hippowdon|Rocky Helmet|[from] move: Knock Off|[of] p1a: Krookodile
|move|p2a: Hippowdon|Earthquake|p1a: Krookodile
|-damage|p1a: Krookodile|0 fnt
|faint|p1a: Krookodile
|
|-weather|Sandstorm|[upkeep]
|upkeep
|inactive|ezwz has 120 seconds left.
|
|t:|1598906028
|switch|p1a: Zarude|Zarude|100/100
|turn|6
|
|t:|1598906036
|move|p1a: Zarude|Bulk Up|p1a: Zarude
|-boost|p1a: Zarude|atk|1
|-boost|p1a: Zarude|def|1
|move|p2a: Hippowdon|Toxic|p1a: Zarude
|-status|p1a: Zarude|tox
|
|-weather|Sandstorm|[upkeep]
|-damage|p1a: Zarude|94/100 tox|[from] Sandstorm
|-heal|p1a: Zarude|100/100 tox|[from] item: Leftovers
|-damage|p1a: Zarude|94/100 tox|[from] psn
|upkeep
|turn|7
|j| cb baselord
|
|t:|1598906043
|move|p1a: Zarude|Jungle Healing|p1a: Zarude
|-heal|p1a: Zarude|100/100 tox
|-curestatus|p1a: Zarude|tox|[msg]
|move|p2a: Hippowdon|Stealth Rock|p1a: Zarude
|-sidestart|p1: ezwz|move: Stealth Rock
|
|-weather|none
|upkeep
|turn|8
|
|t:|1598906049
|switch|p2a: Clefable|Clefable, M|100/100
|move|p1a: Zarude|Bulk Up|p1a: Zarude
|-boost|p1a: Zarude|atk|1
|-boost|p1a: Zarude|def|1
|
|upkeep
|turn|9
|j| lt74pf cuzzie
|
|t:|1598906051
|move|p1a: Zarude|Power Whip|p2a: Clefable|[miss]
|-miss|p1a: Zarude|p2a: Clefable
|move|p2a: Clefable|Moonblast|p1a: Zarude
|-supereffective|p1a: Zarude
|-crit|p1a: Zarude
|-damage|p1a: Zarude|14/100
|
|-heal|p1a: Zarude|20/100|[from] item: Leftovers
|upkeep
|turn|10
|j| Venom94
|c|☆ezwz|lol
|j| LT74PF Algero
|j| faunazon
|c|☆lt74pf christo|im unaware
|c|☆ezwz|cool
|
|t:|1598906070
|switch|p1a: Gengar|Gengar, M|94/100
|-damage|p1a: Gengar|82/100|[from] Stealth Rock
|move|p2a: Clefable|Moonblast|p1a: Gengar
|-resisted|p1a: Gengar
|-damage|p1a: Gengar|58/100
|-unboost|p1a: Gengar|spa|1
|
|upkeep
|turn|11
|
|t:|1598906077
|switch|p2a: Ferrothorn|Ferrothorn, M|90/100
|move|p1a: Gengar|Sludge Wave|p2a: Ferrothorn
|-immune|p2a: Ferrothorn
|
|-heal|p2a: Ferrothorn|97/100|[from] item: Leftovers
|upkeep
|turn|12
|j| LT74PF ES
|j| LT74PF Ent
|j| lt74pf dank
|j| Mello
|inactive|ezwz has 120 seconds left.
|
|t:|1598906113
|switch|p1a: Zarude|Zarude|20/100
|-damage|p1a: Zarude|7/100|[from] Stealth Rock
|move|p2a: Ferrothorn|Knock Off|p1a: Zarude
|-resisted|p1a: Zarude
|-damage|p1a: Zarude|0 fnt
|-enditem|p1a: Zarude|Leftovers|[from] move: Knock Off|[of] p2a: Ferrothorn
|faint|p1a: Zarude
|
|-heal|p2a: Ferrothorn|100/100|[from] item: Leftovers
|upkeep
|
|t:|1598906118
|switch|p1a: Rotom|Rotom-Heat|100/100
|turn|13
|
|t:|1598906123
|switch|p2a: Hippowdon|Hippowdon, F|81/100
|-weather|Sandstorm|[from] ability: Sand Stream|[of] p2a: Hippowdon
|move|p1a: Rotom|Nasty Plot|p1a: Rotom
|-boost|p1a: Rotom|spa|2
|
|-weather|Sandstorm|[upkeep]
|-damage|p1a: Rotom|95/100|[from] Sandstorm
|upkeep
|turn|14
|
|t:|1598906134
|switch|p2a: Blissey|Blissey, F|100/100
|move|p1a: Rotom|Overheat|p2a: Blissey
|-damage|p2a: Blissey|63/100
|-unboost|p1a: Rotom|spa|2
|
|-weather|Sandstorm|[upkeep]
|-damage|p1a: Rotom|89/100|[from] Sandstorm
|-damage|p2a: Blissey|57/100|[from] Sandstorm
|upkeep
|turn|15
|
|t:|1598906144
|switch|p1a: Gengar|Gengar, M|58/100
|-damage|p1a: Gengar|46/100|[from] Stealth Rock
|move|p2a: Blissey|Soft-Boiled|p2a: Blissey
|-heal|p2a: Blissey|100/100
|
|-weather|Sandstorm|[upkeep]
|-damage|p1a: Gengar|40/100|[from] Sandstorm
|-damage|p2a: Blissey|94/100|[from] Sandstorm
|upkeep
|turn|16
|
|t:|1598906154
|move|p1a: Gengar|Focus Blast|p2a: Blissey|[miss]
|-miss|p1a: Gengar|p2a: Blissey
|move|p2a: Blissey|Thunder Wave|p1a: Gengar
|-status|p1a: Gengar|par
|
|-weather|Sandstorm|[upkeep]
|-damage|p1a: Gengar|33/100 par|[from] Sandstorm
|-damage|p2a: Blissey|88/100|[from] Sandstorm
|upkeep
|turn|17
|
|t:|1598906162
|cant|p1a: Gengar|par
|move|p2a: Blissey|Soft-Boiled|p2a: Blissey
|-heal|p2a: Blissey|100/100
|
|-weather|none
|upkeep
|turn|18
|j| randombatssuckss
|
|t:|1598906168
|switch|p2a: Xatu|Xatu, M|29/100
|move|p1a: Gengar|Focus Blast|p2a: Xatu
|-resisted|p2a: Xatu
|-damage|p2a: Xatu|9/100
|-damage|p1a: Gengar|23/100 par|[from] item: Life Orb
|
|upkeep
|turn|19
|j| Arkalash
|j| Wally trump
|
|t:|1598906191
|move|p2a: Xatu|Night Shade|p1a: Gengar
|-damage|p1a: Gengar|0 fnt
|-start|p2a: Xatu|Disable|Night Shade|[from] ability: Cursed Body|[of] p1a: Gengar
|faint|p1a: Gengar
|
|upkeep
|
|t:|1598906198
|switch|p1a: Urshifu|Urshifu, F|100/100
|-damage|p1a: Urshifu|94/100|[from] Stealth Rock
|turn|20
|l| mizuno kid
|
|t:|1598906207
|move|p1a: Urshifu|Bulk Up|p1a: Urshifu
|-boost|p1a: Urshifu|atk|1
|-boost|p1a: Urshifu|def|1
|move|p2a: Xatu|Toxic|p1a: Urshifu
|-status|p1a: Urshifu|tox
|
|-damage|p1a: Urshifu|88/100 tox|[from] psn
|upkeep
|turn|21
|c| Wally trump|this is painful to watch
|
|t:|1598906214
|move|p1a: Urshifu|Wicked Blow|p2a: Xatu
|-supereffective|p2a: Xatu
|-crit|p2a: Xatu
|-damage|p2a: Xatu|0 fnt
|-damage|p1a: Urshifu|78/100 tox|[from] item: Life Orb
|faint|p2a: Xatu
|
|-damage|p1a: Urshifu|66/100 tox|[from] psn
|upkeep
|
|t:|1598906218
|switch|p2a: Ditto|Ditto|100/100
|-transform|p2a: Ditto|p1a: Urshifu|[from] ability: Imposter
|turn|22
|
|t:|1598906225
|move|p2a: Ditto|Poison Jab|p1a: Urshifu
|-damage|p1a: Urshifu|35/100 tox
|move|p1a: Urshifu|Poison Jab|p2a: Ditto
|-damage|p2a: Ditto|52/100
|-status|p2a: Ditto|psn
|-damage|p1a: Urshifu|25/100 tox|[from] item: Life Orb
|
|-damage|p2a: Ditto|40/100 psn|[from] psn
|-damage|p1a: Urshifu|6/100 tox|[from] psn
|upkeep
|turn|23
|
|t:|1598906230
|move|p1a: Urshifu|Sucker Punch|p2a: Ditto
|-resisted|p2a: Ditto
|-damage|p2a: Ditto|26/100 psn
|-damage|p1a: Urshifu|0 fnt|[from] item: Life Orb
|faint|p1a: Urshifu
|move|p2a: Ditto|Poison Jab|p1: Urshifu|[notarget]
|-fail|p2a: Ditto
|
|-damage|p2a: Ditto|13/100 psn|[from] psn
|upkeep
|
|t:|1598906242
|switch|p1a: Rotom|Rotom-Heat|89/100
|turn|24
|
|t:|1598906279
|move|p2a: Ditto|Poison Jab|p1a: Rotom
|-damage|p1a: Rotom|40/100
|move|p1a: Rotom|Discharge|p2a: Ditto
|-crit|p2a: Ditto
|-damage|p2a: Ditto|0 fnt
|faint|p2a: Ditto
|
|upkeep
|
|t:|1598906281
|switch|p2a: Hippowdon|Hippowdon, F|81/100
|-weather|Sandstorm|[from] ability: Sand Stream|[of] p2a: Hippowdon
|turn|25
|j| Cookieco
|
|t:|1598906287
|move|p1a: Rotom|Nasty Plot|p1a: Rotom
|-boost|p1a: Rotom|spa|2
|move|p2a: Hippowdon|Toxic|p1a: Rotom
|-status|p1a: Rotom|tox
|
|-weather|Sandstorm|[upkeep]
|-damage|p1a: Rotom|34/100 tox|[from] Sandstorm
|-damage|p1a: Rotom|28/100 tox|[from] psn
|upkeep
|turn|26
|
|t:|1598906301
|move|p1a: Rotom|Pain Split|p2a: Hippowdon
|-sethp|p2a: Hippowdon|51/100|[from] move: Pain Split|[silent]
|-sethp|p1a: Rotom|70/100 tox|[from] move: Pain Split
|move|p2a: Hippowdon|Slack Off|p2a: Hippowdon
|-heal|p2a: Hippowdon|100/100
|
|-weather|Sandstorm|[upkeep]
|-damage|p1a: Rotom|64/100 tox|[from] Sandstorm
|-damage|p1a: Rotom|52/100 tox|[from] psn
|upkeep
|turn|27
|
|t:|1598906305
|move|p1a: Rotom|Pain Split|p2a: Hippowdon
|-sethp|p2a: Hippowdon|69/100|[from] move: Pain Split|[silent]
|-sethp|p1a: Rotom|96/100 tox|[from] move: Pain Split
|move|p2a: Hippowdon|Earthquake|p1a: Rotom
|-immune|p1a: Rotom|[from] ability: Levitate
|
|-weather|Sandstorm|[upkeep]
|-damage|p1a: Rotom|90/100 tox|[from] Sandstorm
|-damage|p1a: Rotom|72/100 tox|[from] psn
|upkeep
|turn|28
|
|t:|1598906310
|switch|p2a: Blissey|Blissey, F|100/100
|move|p1a: Rotom|Overheat|p2a: Blissey
|-damage|p2a: Blissey|60/100
|-unboost|p1a: Rotom|spa|2
|
|-weather|Sandstorm|[upkeep]
|-damage|p1a: Rotom|66/100 tox|[from] Sandstorm
|-damage|p2a: Blissey|54/100|[from] Sandstorm
|-damage|p1a: Rotom|42/100 tox|[from] psn
|upkeep
|turn|29
|
|t:|1598906320
|switch|p1a: Primarina|Primarina, F|100/100
|-damage|p1a: Primarina|88/100|[from] Stealth Rock
|move|p2a: Blissey|Soft-Boiled|p2a: Blissey
|-heal|p2a: Blissey|100/100
|
|-weather|none
|-heal|p1a: Primarina|94/100|[from] item: Leftovers
|upkeep
|turn|30
|
|t:|1598906324
|move|p1a: Primarina|Calm Mind|p1a: Primarina
|-boost|p1a: Primarina|spa|1
|-boost|p1a: Primarina|spd|1
|move|p2a: Blissey|Seismic Toss|p1a: Primarina
|-damage|p1a: Primarina|67/100
|
|-heal|p1a: Primarina|73/100|[from] item: Leftovers
|upkeep
|turn|31
|
|t:|1598906327
|move|p1a: Primarina|Calm Mind|p1a: Primarina
|-boost|p1a: Primarina|spa|1
|-boost|p1a: Primarina|spd|1
|move|p2a: Blissey|Seismic Toss|p1a: Primarina
|-damage|p1a: Primarina|45/100
|
|-heal|p1a: Primarina|51/100|[from] item: Leftovers
|upkeep
|turn|32
|
|t:|1598906330
|move|p1a: Primarina|Draining Kiss|p2a: Blissey
|-damage|p2a: Blissey|84/100
|-heal|p1a: Primarina|76/100|[from] drain|[of] p2a: Blissey
|move|p2a: Blissey|Thunder Wave|p1a: Primarina
|-status|p1a: Primarina|par
|
|-heal|p1a: Primarina|82/100 par|[from] item: Leftovers
|upkeep
|turn|33
|
|t:|1598906333
|move|p2a: Blissey|Seismic Toss|p1a: Primarina
|-damage|p1a: Primarina|55/100 par
|move|p1a: Primarina|Calm Mind|p1a: Primarina
|-boost|p1a: Primarina|spa|1
|-boost|p1a: Primarina|spd|1
|
|-heal|p1a: Primarina|61/100 par|[from] item: Leftovers
|upkeep
|turn|34
|
|t:|1598906339
|move|p2a: Blissey|Seismic Toss|p1a: Primarina
|-damage|p1a: Primarina|33/100 par
|cant|p1a: Primarina|par
|
|-heal|p1a: Primarina|39/100 par|[from] item: Leftovers
|upkeep
|turn|35
|
|t:|1598906342
|move|p2a: Blissey|Seismic Toss|p1a: Primarina
|-damage|p1a: Primarina|12/100 par
|move|p1a: Primarina|Draining Kiss|p2a: Blissey
|-damage|p2a: Blissey|63/100
|-heal|p1a: Primarina|42/100 par|[from] drain|[of] p2a: Blissey
|
|-heal|p1a: Primarina|48/100 par|[from] item: Leftovers
|upkeep
|turn|36
|
|t:|1598906345
|move|p2a: Blissey|Seismic Toss|p1a: Primarina
|-damage|p1a: Primarina|21/100 par
|move|p1a: Primarina|Draining Kiss|p2a: Blissey
|-damage|p2a: Blissey|43/100
|-heal|p1a: Primarina|50/100 par|[from] drain|[of] p2a: Blissey
|
|-heal|p1a: Primarina|56/100 par|[from] item: Leftovers
|upkeep
|turn|37
|
|t:|1598906348
|move|p2a: Blissey|Seismic Toss|p1a: Primarina
|-damage|p1a: Primarina|29/100 par
|cant|p1a: Primarina|par
|
|-heal|p1a: Primarina|35/100 par|[from] item: Leftovers
|upkeep
|turn|38
|
|t:|1598906355
|move|p2a: Blissey|Seismic Toss|p1a: Primarina
|-damage|p1a: Primarina|7/100 par
|move|p1a: Primarina|Draining Kiss|p2a: Blissey
|-damage|p2a: Blissey|22/100
|-heal|p1a: Primarina|39/100 par|[from] drain|[of] p2a: Blissey
|
|-heal|p1a: Primarina|45/100 par|[from] item: Leftovers
|upkeep
|turn|39
|l| Arkalash
|
|t:|1598906357
|move|p2a: Blissey|Seismic Toss|p1a: Primarina
|-damage|p1a: Primarina|18/100 par
|move|p1a: Primarina|Draining Kiss|p2a: Blissey
|-damage|p2a: Blissey|1/100
|-heal|p1a: Primarina|48/100 par|[from] drain|[of] p2a: Blissey
|
|-heal|p1a: Primarina|54/100 par|[from] item: Leftovers
|upkeep
|turn|40
|
|t:|1598906365
|move|p2a: Blissey|Seismic Toss|p1a: Primarina
|-damage|p1a: Primarina|26/100 par
|move|p1a: Primarina|Draining Kiss|p2a: Blissey
|-damage|p2a: Blissey|0 fnt
|-heal|p1a: Primarina|27/100 par|[from] drain|[of] p2a: Blissey
|faint|p2a: Blissey
|
|-heal|p1a: Primarina|33/100 par|[from] item: Leftovers
|upkeep
|
|t:|1598906370
|switch|p2a: Clefable|Clefable, M|100/100
|turn|41
|
|t:|1598906375
|move|p2a: Clefable|Calm Mind|p2a: Clefable
|-boost|p2a: Clefable|spa|1
|-boost|p2a: Clefable|spd|1
|move|p1a: Primarina|Scald|p2a: Clefable
|-damage|p2a: Clefable|66/100
|
|-heal|p2a: Clefable|72/100|[from] item: Leftovers
|-heal|p1a: Primarina|40/100 par|[from] item: Leftovers
|upkeep
|turn|42
|l| Cookieco
|
|t:|1598906385
|move|p2a: Clefable|Calm Mind|p2a: Clefable
|-boost|p2a: Clefable|spa|1
|-boost|p2a: Clefable|spd|1
|move|p1a: Primarina|Scald|p2a: Clefable
|-damage|p2a: Clefable|56/100
|
|-heal|p2a: Clefable|62/100|[from] item: Leftovers
|-heal|p1a: Primarina|46/100 par|[from] item: Leftovers
|upkeep
|turn|43
|
|t:|1598906388
|move|p2a: Clefable|Moonblast|p1a: Primarina
|-damage|p1a: Primarina|0 fnt
|faint|p1a: Primarina
|
|-heal|p2a: Clefable|68/100|[from] item: Leftovers
|upkeep
|
|t:|1598906390
|switch|p1a: Rotom|Rotom-Heat|42/100 tox
|turn|44
|
|t:|1598906393
|move|p1a: Rotom|Discharge|p2a: Clefable
|-damage|p2a: Clefable|53/100
|move|p2a: Clefable|Moonblast|p1a: Rotom
|-resisted|p1a: Rotom
|-damage|p1a: Rotom|10/100 tox
|
|-heal|p2a: Clefable|59/100|[from] item: Leftovers
|-damage|p1a: Rotom|4/100 tox|[from] psn
|upkeep
|turn|45
|c|☆ezwz|g g
|n| LT74PF Mello|mello
|-message|ezwz forfeited.
|
|win|lt74pf christo
|l|☆ezwz
|l| LT74PF Mello
|j| LT74PF dTM
|l| Wally trump
|l| LT74PF dTM
|l| LT74PF Algero
||Ladder (probably) updated, but score could not be retrieved (Request timeout).
|l| darkrows
|c|☆lt74pf christo|gg
|l| faunazon
|l| LT74PF ES
|l|☆lt74pf christo
|l| lt74pf dank
|l| Venom94
|l| Motherly Mito
|l| Typhlosion08
|l| LT74PF Zen
|l| randombatssuckss
|j| LT73IU LE FLEXMAN
|l| LT73IU LE FLEXMAN
|j| LT74PF ES
|l| LT74PF Ent
|l| LT74PF Ayk
|l| lt74pf sac
|l| lt74pf cuzzie
|l| egalvanc
|j| lt74pf leo
|l| lt74pf leo
|j| Corazan
|l| cb baselord
|l| Corazan
|j| Tschabongbong
|j| LT74PF Raptor
|j| up n coming
|j| LowGxeDoritos
