|j|☆juicepar
|j|☆LECH24
|t:|1657693971
|gametype|singles
|player|p1|juicepar|crushgirl-gen3|1686
|player|p2|LECH24|266|1657
|teamsize|p1|6
|teamsize|p2|6
|gen|8
|tier|[Gen 8] OU
|rated|
|rule|Sleep Clause Mod: Limit one foe put to sleep
|rule|Species Clause: Limit one of each Pokémon
|rule|OHKO Clause: OHKO moves are banned
|rule|Evasion Moves Clause: Evasion moves are banned
|rule|Endless Battle Clause: Forcing endless battles is banned
|rule|HP Percentage Mod: HP is shown in percentages
|rule|Dynamax Clause: You cannot dynamax
|clearpoke
|poke|p1|Arctovish|
|poke|p1|Arctozolt|
|poke|p1|Ninetales-Alola, F|
|poke|p1|Tornadus-Therian, M|
|poke|p1|Gastrodon-East, M|
|poke|p1|Zapdos|
|poke|p2|Alakazam, M|
|poke|p2|Tapu Lele|
|poke|p2|Seismitoad, F|
|poke|p2|Blaziken, F|
|poke|p2|Melmetal|
|poke|p2|Landorus-Therian, M|
|teampreview
|j| 50 at max
|j| last labyrinth
|j| ggcvbj
|l| last labyrinth
|
|t:|1657694005
|start
|switch|p1a: Ninetales|Ninetales-Alola, F|100/100
|switch|p2a: Landorus|Landorus-Therian, M|100/100
|-weather|Hail|[from] ability: Snow Warning|[of] p1a: Ninetales
|-ability|p2a: Landorus|Intimidate|boost
|-unboost|p1a: Ninetales|atk|1
|turn|1
|
|t:|1657694008
|switch|p1a: Zapdos|Zapdos|100/100
|move|p2a: Landorus|Stealth Rock|p1a: Zapdos
|-sidestart|p1: juicepar|move: Stealth Rock
|
|-weather|Hail|[upkeep]
|-damage|p1a: Zapdos|94/100|[from] Hail
|-damage|p2a: Landorus|94/100|[from] Hail
|-heal|p2a: Landorus|100/100|[from] item: Leftovers
|upkeep
|turn|2
|
|t:|1657694012
|switch|p2a: Melmetal|Melmetal|100/100
|move|p1a: Zapdos|Defog|p2a: Melmetal
|-unboost|p2a: Melmetal|evasion|1
|-sideend|p1: juicepar|Stealth Rock|[from] move: Defog|[of] p1a: Zapdos
|
|-weather|Hail|[upkeep]
|-damage|p1a: Zapdos|88/100|[from] Hail
|-damage|p2a: Melmetal|94/100|[from] Hail
|-heal|p2a: Melmetal|100/100|[from] item: Leftovers
|upkeep
|turn|3
|
|t:|1657694019
|move|p1a: Zapdos|U-turn|p2a: Melmetal
|-resisted|p2a: Melmetal
|-damage|p2a: Melmetal|97/100
|
|t:|1657694021
|switch|p1a: Gastrodon|Gastrodon-East, M|100/100|[from]move: U-turn
|move|p2a: Melmetal|Toxic|p1a: Gastrodon
|-status|p1a: Gastrodon|tox
|
|-weather|Hail|[upkeep]
|-damage|p1a: Gastrodon|94/100 tox|[from] Hail
|-damage|p2a: Melmetal|91/100|[from] Hail
|-heal|p2a: Melmetal|97/100|[from] item: Leftovers
|-damage|p1a: Gastrodon|88/100 tox|[from] psn
|upkeep
|turn|4
|
|t:|1657694028
|switch|p2a: Landorus|Landorus-Therian, M|100/100
|-ability|p2a: Landorus|Intimidate|boost
|-unboost|p1a: Gastrodon|atk|1
|move|p1a: Gastrodon|Toxic|p2a: Landorus
|-status|p2a: Landorus|tox
|
|-weather|Hail|[upkeep]
|-damage|p2a: Landorus|94/100 tox|[from] Hail
|-damage|p1a: Gastrodon|82/100 tox|[from] Hail
|-heal|p2a: Landorus|100/100 tox|[from] item: Leftovers
|-damage|p2a: Landorus|94/100 tox|[from] psn
|-damage|p1a: Gastrodon|70/100 tox|[from] psn
|upkeep
|turn|5
|
|t:|1657694033
|switch|p1a: JESUS TIME|Arctovish, shiny|100/100
|move|p2a: Landorus|Stealth Rock|p1a: JESUS TIME
|-sidestart|p1: juicepar|move: Stealth Rock
|
|-weather|Hail|[upkeep]
|-damage|p2a: Landorus|88/100 tox|[from] Hail
|-heal|p2a: Landorus|94/100 tox|[from] item: Leftovers
|-damage|p2a: Landorus|82/100 tox|[from] psn
|upkeep
|turn|6
|
|t:|1657694038
|switch|p2a: Melmetal|Melmetal|97/100
|move|p1a: JESUS TIME|Fishious Rend|p2a: Melmetal
|-damage|p2a: Melmetal|38/100
|
|-weather|Hail|[upkeep]
|-damage|p2a: Melmetal|32/100|[from] Hail
|-heal|p2a: Melmetal|38/100|[from] item: Leftovers
|upkeep
|turn|7
|
|t:|1657694040
|move|p2a: Melmetal|Protect|p2a: Melmetal
|-singleturn|p2a: Melmetal|Protect
|move|p1a: JESUS TIME|Fishious Rend|p2a: Melmetal
|-activate|p2a: Melmetal|move: Protect
|
|-weather|Hail|[upkeep]
|-damage|p2a: Melmetal|32/100|[from] Hail
|-heal|p2a: Melmetal|38/100|[from] item: Leftovers
|upkeep
|turn|8
|
|t:|1657694042
|switch|p2a: Seismitoad|Seismitoad, F|100/100
|move|p1a: JESUS TIME|Fishious Rend|p2a: Seismitoad
|-immune|p2a: Seismitoad|[from] ability: Water Absorb
|
|-weather|none
|upkeep
|turn|9
|
|t:|1657694048
|switch|p1a: Zapdos|Zapdos|88/100
|move|p2a: Seismitoad|Knock Off|p1a: Zapdos
|-damage|p1a: Zapdos|72/100
|-enditem|p1a: Zapdos|Heavy-Duty Boots|[from] move: Knock Off|[of] p2a: Seismitoad
|
|upkeep
|turn|10
|
|t:|1657694050
|move|p1a: Zapdos|Defog|p2a: Seismitoad
|-unboost|p2a: Seismitoad|evasion|1
|-sideend|p1: juicepar|Stealth Rock|[from] move: Defog|[of] p1a: Zapdos
|move|p2a: Seismitoad|Toxic|p1a: Zapdos
|-status|p1a: Zapdos|tox
|
|-damage|p1a: Zapdos|65/100 tox|[from] psn
|upkeep
|turn|11
|
|t:|1657694059
|move|p1a: Zapdos|Roost|p1a: Zapdos
|-heal|p1a: Zapdos|100/100 tox
|-singleturn|p1a: Zapdos|move: Roost
|move|p2a: Seismitoad|Earthquake|p1a: Zapdos
|-supereffective|p1a: Zapdos
|-damage|p1a: Zapdos|57/100 tox
|
|-damage|p1a: Zapdos|44/100 tox|[from] psn
|upkeep
|turn|12
|
|t:|1657694069
|switch|p1a: Ninetales|Ninetales-Alola, F|100/100
|-weather|Hail|[from] ability: Snow Warning|[of] p1a: Ninetales
|move|p2a: Seismitoad|Knock Off|p1a: Ninetales
|-resisted|p1a: Ninetales
|-damage|p1a: Ninetales|88/100
|-enditem|p1a: Ninetales|Icy Rock|[from] move: Knock Off|[of] p2a: Seismitoad
|
|-weather|Hail|[upkeep]
|-damage|p2a: Seismitoad|94/100|[from] Hail
|-heal|p2a: Seismitoad|100/100|[from] item: Leftovers
|upkeep
|turn|13
|
|t:|1657694076
|switch|p2a: Melmetal|Melmetal|38/100
|move|p1a: Ninetales|Heal Bell|p1a: Ninetales
|-activate|p1a: Ninetales|move: Heal Bell
|-curestatus|p1: Gastrodon|tox|[msg]
|-curestatus|p1: Zapdos|tox|[msg]
|
|-weather|Hail|[upkeep]
|-damage|p2a: Melmetal|32/100|[from] Hail
|-heal|p2a: Melmetal|38/100|[from] item: Leftovers
|upkeep
|turn|14
|
|t:|1657694083
|switch|p1a: Gastrodon|Gastrodon-East, M|70/100
|move|p2a: Melmetal|Double Iron Bash|p1a: Gastrodon
|-resisted|p1a: Gastrodon
|-damage|p1a: Gastrodon|56/100
|-resisted|p1a: Gastrodon
|-damage|p1a: Gastrodon|42/100
|-hitcount|p1a: Gastrodon|2
|
|-weather|Hail|[upkeep]
|-damage|p1a: Gastrodon|36/100|[from] Hail
|-damage|p2a: Melmetal|32/100|[from] Hail
|-heal|p2a: Melmetal|38/100|[from] item: Leftovers
|upkeep
|turn|15
|inactive|Battle timer is ON: inactive players will automatically lose when time's up. (requested by juicepar)
|
|t:|1657694093
|switch|p2a: Landorus|Landorus-Therian, M|82/100 tox
|-ability|p2a: Landorus|Intimidate|boost
|-unboost|p1a: Gastrodon|atk|1
|move|p1a: Gastrodon|Recover|p1a: Gastrodon
|-heal|p1a: Gastrodon|86/100
|
|-weather|Hail|[upkeep]
|-damage|p2a: Landorus|76/100 tox|[from] Hail
|-damage|p1a: Gastrodon|80/100|[from] Hail
|-heal|p2a: Landorus|82/100 tox|[from] item: Leftovers
|-damage|p2a: Landorus|76/100 tox|[from] psn
|upkeep
|turn|16
|
|t:|1657694104
|switch|p1a: TIMED JESUS|Arctozolt, shiny|100/100
|move|p2a: Landorus|U-turn|p1a: TIMED JESUS
|-damage|p1a: TIMED JESUS|73/100
|
|t:|1657694110
|switch|p2a: Tapu Lele|Tapu Lele|100/100|[from]move: U-turn
|-fieldstart|move: Psychic Terrain|[from] ability: Psychic Surge|[of] p2a: Tapu Lele
|
|-weather|Hail|[upkeep]
|-damage|p2a: Tapu Lele|94/100|[from] Hail
|-heal|p1a: TIMED JESUS|79/100|[from] item: Leftovers
|upkeep
|turn|17
|l| ggcvbj
|j| UnBeatableTR
|
|t:|1657694126
|move|p2a: Tapu Lele|Psychic|p1a: TIMED JESUS
|-damage|p1a: TIMED JESUS|0 fnt
|faint|p1a: TIMED JESUS
|
|-weather|Hail|[upkeep]
|-damage|p2a: Tapu Lele|88/100|[from] Hail
|upkeep
|
|t:|1657694132
|switch|p1a: Hornadus-Therian|Tornadus-Therian, M|100/100
|turn|18
|
|t:|1657694140
|switch|p2a: Seismitoad|Seismitoad, F|100/100
|move|p1a: Hornadus-Therian|U-turn|p2a: Seismitoad
|-damage|p2a: Seismitoad|90/100
|
|t:|1657694142
|switch|p1a: JESUS TIME|Arctovish, shiny|100/100|[from]move: U-turn
|
|-weather|Hail|[upkeep]
|-damage|p2a: Seismitoad|84/100|[from] Hail
|-heal|p2a: Seismitoad|90/100|[from] item: Leftovers
|upkeep
|turn|19
|
|t:|1657694145
|switch|p2a: Melmetal|Melmetal|38/100
|move|p1a: JESUS TIME|Fishious Rend|p2a: Melmetal
|-damage|p2a: Melmetal|0 fnt
|faint|p2a: Melmetal
|
|-weather|none
|upkeep
|
|t:|1657694149
|switch|p2a: Alakazam|Alakazam, M|100/100
|turn|20
|
|t:|1657694151
|switch|p1a: Hornadus-Therian|Tornadus-Therian, M|100/100
|move|p2a: Alakazam|Expanding Force|p1a: Hornadus-Therian
|-damage|p1a: Hornadus-Therian|49/100
|
|-fieldend|move: Psychic Terrain
|upkeep
|turn|21
|
|t:|1657694156
|switch|p2a: Blaziken|Blaziken, F|100/100
|move|p1a: Hornadus-Therian|U-turn|p2a: Blaziken
|-resisted|p2a: Blaziken
|-damage|p2a: Blaziken|95/100
|j| ctlh
|
|t:|1657694161
|switch|p1a: Gastrodon|Gastrodon-East, M|80/100|[from]move: U-turn
|
|upkeep
|turn|22
|
|t:|1657694165
|move|p2a: Blaziken|Close Combat|p1a: Gastrodon
|-damage|p1a: Gastrodon|20/100
|-unboost|p2a: Blaziken|def|1
|-unboost|p2a: Blaziken|spd|1
|move|p1a: Gastrodon|Earthquake|p2a: Blaziken
|-supereffective|p2a: Blaziken
|-damage|p2a: Blaziken|0 fnt
|faint|p2a: Blaziken
|
|upkeep
|l| 50 at max
|
|t:|1657694171
|switch|p2a: Tapu Lele|Tapu Lele|88/100
|-fieldstart|move: Psychic Terrain|[from] ability: Psychic Surge|[of] p2a: Tapu Lele
|turn|23
|j| FUCK SEAWORLD
|
|t:|1657694179
|move|p2a: Tapu Lele|Psyshock|p1a: Gastrodon
|-damage|p1a: Gastrodon|0 fnt
|faint|p1a: Gastrodon
|
|upkeep
|
|t:|1657694194
|switch|p1a: Hornadus-Therian|Tornadus-Therian, M|82/100
|turn|24
|
|t:|1657694197
|move|p2a: Tapu Lele|Psyshock|p1a: Hornadus-Therian
|-damage|p1a: Hornadus-Therian|19/100
|move|p1a: Hornadus-Therian|Knock Off|p2a: Tapu Lele
|-damage|p2a: Tapu Lele|54/100
|-enditem|p2a: Tapu Lele|Choice Scarf|[from] move: Knock Off|[of] p1a: Hornadus-Therian
|
|upkeep
|turn|25
|j| Go b4 it gets dark
|
|t:|1657694203
|switch|p1a: Ninetales|Ninetales-Alola, F|88/100
|-weather|Hail|[from] ability: Snow Warning|[of] p1a: Ninetales
|move|p2a: Tapu Lele|Psychic|p1a: Ninetales
|-damage|p1a: Ninetales|19/100
|
|-weather|Hail|[upkeep]
|-damage|p2a: Tapu Lele|48/100|[from] Hail
|upkeep
|turn|26
|
|t:|1657694206
|move|p1a: Ninetales|Moonblast|p2a: Tapu Lele
|-damage|p2a: Tapu Lele|19/100
|-unboost|p2a: Tapu Lele|spa|1
|move|p2a: Tapu Lele|Psychic|p1a: Ninetales
|-damage|p1a: Ninetales|0 fnt
|faint|p1a: Ninetales
|
|-weather|Hail|[upkeep]
|-damage|p2a: Tapu Lele|13/100|[from] Hail
|upkeep
|
|t:|1657694209
|switch|p1a: JESUS TIME|Arctovish, shiny|100/100
|turn|27
|j| Gengar mask
|
|t:|1657694216
|move|p1a: JESUS TIME|Icicle Spear|p2a: Tapu Lele
|-damage|p2a: Tapu Lele|0 fnt
|faint|p2a: Tapu Lele
|-hitcount|p2: Tapu Lele|1
|
|-weather|Hail|[upkeep]
|-fieldend|move: Psychic Terrain
|upkeep
|
|t:|1657694228
|switch|p2a: Landorus|Landorus-Therian, M|76/100 tox
|-ability|p2a: Landorus|Intimidate|boost
|-unboost|p1a: JESUS TIME|atk|1
|turn|28
|
|t:|1657694230
|switch|p2a: Seismitoad|Seismitoad, F|90/100
|move|p1a: JESUS TIME|Icicle Spear|p2a: Seismitoad
|-damage|p2a: Seismitoad|82/100
|-damage|p2a: Seismitoad|74/100
|-hitcount|p2a: Seismitoad|2
|
|-weather|Hail|[upkeep]
|-damage|p2a: Seismitoad|68/100|[from] Hail
|-heal|p2a: Seismitoad|74/100|[from] item: Leftovers
|upkeep
|turn|29
|
|t:|1657694236
|switch|p1a: Hornadus-Therian|Tornadus-Therian, M|52/100
|move|p2a: Seismitoad|Toxic|p1a: Hornadus-Therian
|-status|p1a: Hornadus-Therian|tox
|
|-weather|none
|-heal|p2a: Seismitoad|80/100|[from] item: Leftovers
|-damage|p1a: Hornadus-Therian|46/100 tox|[from] psn
|upkeep
|turn|30
|
|t:|1657694245
|move|p1a: Hornadus-Therian|Knock Off|p2a: Seismitoad
|-damage|p2a: Seismitoad|65/100
|-enditem|p2a: Seismitoad|Leftovers|[from] move: Knock Off|[of] p1a: Hornadus-Therian
|move|p2a: Seismitoad|Knock Off|p1a: Hornadus-Therian
|-damage|p1a: Hornadus-Therian|24/100 tox
|-enditem|p1a: Hornadus-Therian|Assault Vest|[from] move: Knock Off|[of] p2a: Seismitoad
|
|-damage|p1a: Hornadus-Therian|11/100 tox|[from] psn
|upkeep
|turn|31
|
|t:|1657694251
|move|p1a: Hornadus-Therian|U-turn|p2a: Seismitoad
|-damage|p2a: Seismitoad|53/100
|
|t:|1657694252
|switch|p1a: Zapdos|Zapdos|44/100|[from]move: U-turn
|move|p2a: Seismitoad|Toxic|p1a: Zapdos
|-status|p1a: Zapdos|tox
|
|-damage|p1a: Zapdos|38/100 tox|[from] psn
|upkeep
|turn|32
|
|t:|1657694257
|move|p1a: Zapdos|Roost|p1a: Zapdos
|-heal|p1a: Zapdos|88/100 tox
|-singleturn|p1a: Zapdos|move: Roost
|move|p2a: Seismitoad|Scald|p1a: Zapdos
|-damage|p1a: Zapdos|67/100 tox
|
|-damage|p1a: Zapdos|54/100 tox|[from] psn
|upkeep
|turn|33
|
|t:|1657694261
|move|p1a: Zapdos|U-turn|p2a: Seismitoad
|-damage|p2a: Seismitoad|43/100
|
|t:|1657694262
|switch|p1a: Hornadus-Therian|Tornadus-Therian, M|45/100 tox|[from]move: U-turn
|move|p2a: Seismitoad|Earthquake|p1a: Hornadus-Therian
|-immune|p1a: Hornadus-Therian
|
|-damage|p1a: Hornadus-Therian|39/100 tox|[from] psn
|upkeep
|turn|34
|
|t:|1657694270
|move|p1a: Hornadus-Therian|U-turn|p2a: Seismitoad
|-damage|p2a: Seismitoad|32/100
|
|t:|1657694271
|switch|p1a: Zapdos|Zapdos|54/100 tox|[from]move: U-turn
|move|p2a: Seismitoad|Scald|p1a: Zapdos
|-damage|p1a: Zapdos|30/100 tox
|
|-damage|p1a: Zapdos|23/100 tox|[from] psn
|upkeep
|turn|35
|
|t:|1657694274
|switch|p2a: Landorus|Landorus-Therian, M|76/100 tox
|-ability|p2a: Landorus|Intimidate|boost
|-unboost|p1a: Zapdos|atk|1
|move|p1a: Zapdos|U-turn|p2a: Landorus
|-resisted|p2a: Landorus
|-damage|p2a: Landorus|72/100 tox
|j| fkiifit
|
|t:|1657694277
|switch|p1a: JESUS TIME|Arctovish, shiny|100/100|[from]move: U-turn
|
|-heal|p2a: Landorus|78/100 tox|[from] item: Leftovers
|-damage|p2a: Landorus|72/100 tox|[from] psn
|upkeep
|turn|36
|
|t:|1657694279
|move|p2a: Landorus|Stealth Rock|p1a: JESUS TIME
|-sidestart|p1: juicepar|move: Stealth Rock
|move|p1a: JESUS TIME|Fishious Rend|p2a: Landorus
|-supereffective|p2a: Landorus
|-damage|p2a: Landorus|0 fnt
|faint|p2a: Landorus
|
|upkeep
|
|t:|1657694286
|switch|p2a: Seismitoad|Seismitoad, F|32/100
|turn|37
|
|t:|1657694293
|switch|p1a: Zapdos|Zapdos|23/100 tox
|-damage|p1a: Zapdos|0 fnt|[from] Stealth Rock
|faint|p1a: Zapdos
|move|p2a: Seismitoad|Scald|p1: Zapdos|[notarget]
|-fail|p2a: Seismitoad
|
|upkeep
|
|t:|1657694297
|switch|p1a: JESUS TIME|Arctovish, shiny|100/100
|-damage|p1a: JESUS TIME|76/100|[from] Stealth Rock
|turn|38
|
|t:|1657694301
|move|p1a: JESUS TIME|Icicle Spear|p2a: Seismitoad
|-damage|p2a: Seismitoad|20/100
|-damage|p2a: Seismitoad|9/100
|-hitcount|p2a: Seismitoad|2
|move|p2a: Seismitoad|Earthquake|p1a: JESUS TIME
|-damage|p1a: JESUS TIME|42/100
|
|upkeep
|turn|39
|
|t:|1657694306
|move|p1a: JESUS TIME|Icicle Spear|p2a: Seismitoad
|-damage|p2a: Seismitoad|0 fnt
|faint|p2a: Seismitoad
|-hitcount|p2: Seismitoad|1
|
|upkeep
|
|t:|1657694308
|switch|p2a: Alakazam|Alakazam, M|100/100
|turn|40
|c|☆juicepar|god damn it jesus
|
|t:|1657694312
|move|p2a: Alakazam|Expanding Force|p1a: JESUS TIME
|-damage|p1a: JESUS TIME|0 fnt
|faint|p1a: JESUS TIME
|
|upkeep
|
|t:|1657694314
|switch|p1a: Hornadus-Therian|Tornadus-Therian, M|72/100 tox
|-damage|p1a: Hornadus-Therian|47/100 tox|[from] Stealth Rock
|turn|41
|
|t:|1657694317
|move|p2a: Alakazam|Expanding Force|p1a: Hornadus-Therian
|-damage|p1a: Hornadus-Therian|4/100 tox
|move|p1a: Hornadus-Therian|Knock Off|p2a: Alakazam
|-supereffective|p2a: Alakazam
|-damage|p2a: Alakazam|0 fnt
|-enditem|p2a: Alakazam|Life Orb|[from] move: Knock Off|[of] p1a: Hornadus-Therian
|faint|p2a: Alakazam
|
|win|juicepar
|raw|juicepar's rating: 1686 &rarr; <strong>1704</strong><br />(+18 for winning)
|raw|LECH24's rating: 1657 &rarr; <strong>1639</strong><br />(-18 for losing)
|c|☆juicepar|gg
