|j|☆juifjacob
|j|☆El Stefano
|t:|1662274326
|gametype|singles
|player|p1|juifjacob|266|1590
|player|p2|El Stefano|102|1742
|teamsize|p1|6
|teamsize|p2|6
|gen|8
|tier|[Gen 8] OU
|rated|
|rule|Sleep Clause Mod: Limit one foe put to sleep
|rule|Species Clause: Limit one of each Pokémon
|rule|OHKO Clause: OHKO moves are banned
|rule|Evasion Items Clause: Evasion items are banned
|rule|Evasion Moves Clause: Evasion moves are banned
|rule|Endless Battle Clause: Forcing endless battles is banned
|rule|HP Percentage Mod: HP is shown in percentages
|rule|Dynamax Clause: You cannot dynamax
|clearpoke
|poke|p1|Pelipper, F|
|poke|p1|Ferrothorn, M|
|poke|p1|Zapdos|
|poke|p1|Barraskewda, F|
|poke|p1|Crawdaunt, F|
|poke|p1|Seismitoad, M|
|poke|p2|Zeraora|
|poke|p2|Toxapex, M|
|poke|p2|Terrakion|
|poke|p2|Garchomp, F|
|poke|p2|Corviknight, M|
|poke|p2|Dragapult, F|
|teampreview
|
|t:|1662274347
|start
|switch|p1a: Ferrothorn|Ferrothorn, M|100/100
|switch|p2a: Garchomp|Garchomp, F|100/100
|turn|1
|
|t:|1662274355
|move|p2a: Garchomp|Stealth Rock|p1a: Ferrothorn
|-sidestart|p1: juifjacob|move: Stealth Rock
|move|p1a: Ferrothorn|Leech Seed|p2a: Garchomp
|-start|p2a: Garchomp|move: Leech Seed
|
|-damage|p2a: Garchomp|88/100|[from] Leech Seed|[of] p1a: Ferrothorn
|upkeep
|turn|2
|
|t:|1662274364
|move|p2a: Garchomp|Swords Dance|p2a: Garchomp
|-boost|p2a: Garchomp|atk|2
|move|p1a: Ferrothorn|Stealth Rock|p2a: Garchomp
|-sidestart|p2: El Stefano|move: Stealth Rock
|
|-damage|p2a: Garchomp|76/100|[from] Leech Seed|[of] p1a: Ferrothorn
|upkeep
|turn|3
|
|t:|1662274370
|move|p2a: Garchomp|Earthquake|p1a: Ferrothorn
|-damage|p1a: Ferrothorn|28/100
|-damage|p2a: Garchomp|66/100|[from] item: Life Orb
|move|p1a: Ferrothorn|Knock Off|p2a: Garchomp
|-damage|p2a: Garchomp|43/100
|-damage|p1a: Ferrothorn|16/100|[from] ability: Rough Skin|[of] p2a: Garchomp
|-enditem|p2a: Garchomp|Life Orb|[from] move: Knock Off|[of] p1a: Ferrothorn
|
|-damage|p2a: Garchomp|30/100|[from] Leech Seed|[of] p1a: Ferrothorn
|-heal|p1a: Ferrothorn|28/100|[silent]
|upkeep
|turn|4
|
|t:|1662274391
|move|p2a: Garchomp|Scale Shot|p1a: Ferrothorn|[miss]
|-miss|p2a: Garchomp|p1a: Ferrothorn
|move|p1a: Ferrothorn|Gyro Ball|p2a: Garchomp
|-damage|p2a: Garchomp|0 fnt
|-damage|p1a: Ferrothorn|16/100|[from] ability: Rough Skin|[of] p2a: Garchomp
|faint|p2a: Garchomp
|
|upkeep
|
|t:|1662274418
|switch|p2a: Terrakion|Terrakion|100/100
|-damage|p2a: Terrakion|94/100|[from] Stealth Rock
|turn|5
|
|t:|1662274423
|move|p2a: Terrakion|Close Combat|p1a: Ferrothorn
|-supereffective|p1a: Ferrothorn
|-damage|p1a: Ferrothorn|0 fnt
|-unboost|p2a: Terrakion|def|1
|-unboost|p2a: Terrakion|spd|1
|-damage|p2a: Terrakion|82/100|[from] ability: Iron Barbs|[of] p1a: Ferrothorn
|-damage|p2a: Terrakion|66/100|[from] item: Rocky Helmet|[of] p1a: Ferrothorn
|faint|p1a: Ferrothorn
|-damage|p2a: Terrakion|56/100|[from] item: Life Orb
|
|upkeep
|
|t:|1662274443
|switch|p1a: Pelipper|Pelipper, F|100/100
|-damage|p1a: Pelipper|76/100|[from] Stealth Rock
|-weather|RainDance|[from] ability: Drizzle|[of] p1a: Pelipper
|turn|6
|
|t:|1662274468
|switch|p1a: Seismitoad|Seismitoad, M|100/100
|-damage|p1a: Seismitoad|95/100|[from] Stealth Rock
|move|p2a: Terrakion|Close Combat|p1a: Seismitoad
|-damage|p1a: Seismitoad|0 fnt
|-unboost|p2a: Terrakion|def|1
|-unboost|p2a: Terrakion|spd|1
|faint|p1a: Seismitoad
|-damage|p2a: Terrakion|46/100|[from] item: Life Orb
|
|-weather|RainDance|[upkeep]
|upkeep
|
|t:|1662274480
|switch|p1a: Barraskewda|Barraskewda, F|100/100
|-damage|p1a: Barraskewda|88/100|[from] Stealth Rock
|turn|7
|
|t:|1662274486
|switch|p2a: Toxapex|Toxapex, M|100/100
|-damage|p2a: Toxapex|88/100|[from] Stealth Rock
|move|p1a: Barraskewda|Flip Turn|p2a: Toxapex
|-resisted|p2a: Toxapex
|-damage|p2a: Toxapex|65/100
|-damage|p1a: Barraskewda|72/100|[from] item: Rocky Helmet|[of] p2a: Toxapex
|
|t:|1662274494
|switch|p1a: Crawdaunt|Crawdaunt, F|100/100|[from]move: Flip Turn
|-damage|p1a: Crawdaunt|88/100|[from] Stealth Rock
|
|-weather|RainDance|[upkeep]
|upkeep
|turn|8
|
|t:|1662274512
|switch|p2a: Corviknight|Corviknight, M|100/100
|-damage|p2a: Corviknight|88/100|[from] Stealth Rock
|-ability|p2a: Corviknight|Pressure
|move|p1a: Crawdaunt|Swords Dance|p1a: Crawdaunt
|-boost|p1a: Crawdaunt|atk|2
|
|-weather|RainDance|[upkeep]
|-heal|p2a: Corviknight|94/100|[from] item: Leftovers
|upkeep
|turn|9
|
|t:|1662274523
|move|p1a: Crawdaunt|Crabhammer|p2a: Corviknight
|-damage|p2a: Corviknight|0 fnt
|faint|p2a: Corviknight
|-damage|p1a: Crawdaunt|78/100|[from] item: Life Orb
|
|-weather|RainDance|[upkeep]
|upkeep
|
|t:|1662274531
|switch|p2a: Dragapult|Dragapult, F|100/100
|-damage|p2a: Dragapult|88/100|[from] Stealth Rock
|turn|10
|
|t:|1662274542
|move|p1a: Crawdaunt|Aqua Jet|p2a: Dragapult
|-resisted|p2a: Dragapult
|-damage|p2a: Dragapult|7/100
|-damage|p1a: Crawdaunt|69/100|[from] item: Life Orb
|move|p2a: Dragapult|Dragon Darts|p1a: Crawdaunt
|-damage|p1a: Crawdaunt|29/100
|-anim|p2a: Dragapult|Dragon Darts|p1a: Crawdaunt
|-damage|p1a: Crawdaunt|0 fnt
|faint|p1a: Crawdaunt
|
|-weather|RainDance|[upkeep]
|upkeep
|
|t:|1662274552
|switch|p1a: Barraskewda|Barraskewda, F|72/100
|-damage|p1a: Barraskewda|60/100|[from] Stealth Rock
|turn|11
|
|t:|1662274563
|move|p2a: Dragapult|Sucker Punch|p1a: Barraskewda
|-damage|p1a: Barraskewda|13/100
|move|p1a: Barraskewda|Flip Turn|p2a: Dragapult
|-resisted|p2a: Dragapult
|-damage|p2a: Dragapult|0 fnt
|faint|p2a: Dragapult
|j| Irene Belserion
|
|t:|1662274575
|switch|p1a: Zapdos|Zapdos|100/100|[from]move: Flip Turn
|
|-weather|RainDance|[upkeep]
|upkeep
|
|t:|1662274594
|switch|p2a: Terrakion|Terrakion|46/100
|-damage|p2a: Terrakion|40/100|[from] Stealth Rock
|turn|12
|
|t:|1662274599
|move|p1a: Zapdos|Weather Ball|p2a: Terrakion
|-supereffective|p2a: Terrakion
|-damage|p2a: Terrakion|0 fnt
|faint|p2a: Terrakion
|
|-weather|RainDance|[upkeep]
|upkeep
|
|t:|1662274607
|switch|p2a: Zeraora|Zeraora|100/100
|-damage|p2a: Zeraora|88/100|[from] Stealth Rock
|turn|13
|
|t:|1662274615
|switch|p2a: Toxapex|Toxapex, M|98/100
|-damage|p2a: Toxapex|86/100|[from] Stealth Rock
|move|p1a: Zapdos|Weather Ball|p2a: Toxapex
|-resisted|p2a: Toxapex
|-damage|p2a: Toxapex|65/100
|
|-weather|none
|upkeep
|turn|14
|
|t:|1662274628
|switch|p1a: Pelipper|Pelipper, F|76/100
|-damage|p1a: Pelipper|51/100|[from] Stealth Rock
|-weather|RainDance|[from] ability: Drizzle|[of] p1a: Pelipper
|switch|p2a: Zeraora|Zeraora|88/100
|-damage|p2a: Zeraora|76/100|[from] Stealth Rock
|
|-weather|RainDance|[upkeep]
|-heal|p2a: Zeraora|82/100|[from] item: Leftovers
|upkeep
|turn|15
|
|t:|1662274663
|move|p2a: Zeraora|Plasma Fists|p1a: Pelipper
|-supereffective|p1a: Pelipper
|-damage|p1a: Pelipper|0 fnt
|-fieldactivate|move: Ion Deluge
|-hint|Normal-type moves become Electric-type after using Plasma Fists.
|faint|p1a: Pelipper
|
|-weather|RainDance|[upkeep]
|-heal|p2a: Zeraora|88/100|[from] item: Leftovers
|upkeep
|
|t:|1662274672
|switch|p1a: Zapdos|Zapdos|100/100
|turn|16
|
|t:|1662274677
|move|p2a: Zeraora|Plasma Fists|p1a: Zapdos
|-damage|p1a: Zapdos|44/100
|-fieldactivate|move: Ion Deluge
|-hint|Normal-type moves become Electric-type after using Plasma Fists.
|move|p1a: Zapdos|Weather Ball|p2a: Zeraora
|-damage|p2a: Zeraora|21/100
|
|-weather|RainDance|[upkeep]
|-heal|p2a: Zeraora|27/100|[from] item: Leftovers
|upkeep
|turn|17
|
|t:|1662274698
|move|p2a: Zeraora|Plasma Fists|p1a: Zapdos
|-damage|p1a: Zapdos|0 fnt
|-fieldactivate|move: Ion Deluge
|-hint|Normal-type moves become Electric-type after using Plasma Fists.
|faint|p1a: Zapdos
|
|-weather|RainDance|[upkeep]
|-heal|p2a: Zeraora|33/100|[from] item: Leftovers
|upkeep
|
|t:|1662274705
|switch|p1a: Barraskewda|Barraskewda, F|13/100
|-damage|p1a: Barraskewda|0 fnt|[from] Stealth Rock
|faint|p1a: Barraskewda
|
|win|El Stefano
|raw|juifjacob's rating: 1590 &rarr; <strong>1578</strong><br />(-12 for losing)
|raw|El Stefano's rating: 1742 &rarr; <strong>1754</strong><br />(+12 for winning)
|l|☆juifjacob
