|html|<div class="broadcast-blue"><strong>[Gen 8] OU is currently suspecting Melmetal! For information on how to participate check out the <a href="https://www.smogon.com/forums/threads/np-ss-ou-suspect-process-round-12-monster-mash.3709234/">suspect thread</a>.</strong></div>
|j|☆Highv0ltag3
|j|☆why addicted
|t:|1666116678
|gametype|singles
|player|p1|Highv0ltag3|volo|1859
|player|p2|why addicted|101|1977
|teamsize|p1|6
|teamsize|p2|6
|gen|8
|tier|[Gen 8] OU
|rated|
|rule|Sleep Clause Mod: Limit one foe put to sleep
|rule|Species Clause: Limit one of each Pokémon
|rule|OHKO Clause: OHKO moves are banned
|rule|Evasion Items Clause: Evasion items are banned
|rule|Evasion Moves Clause: Evasion moves are banned
|rule|Endless Battle Clause: Forcing endless battles is banned
|rule|HP Percentage Mod: HP is shown in percentages
|rule|Dynamax Clause: You cannot dynamax
|clearpoke
|poke|p1|Xatu, F|
|poke|p1|Corviknight, F|
|poke|p1|Toxapex, M|
|poke|p1|Chansey, F|
|poke|p1|Hippowdon, M|
|poke|p1|Clefable, F|
|poke|p2|Landorus-Therian, M|
|poke|p2|Heatran, M|
|poke|p2|Ferrothorn, F|
|poke|p2|Dragapult, F|
|poke|p2|Tapu Lele|
|poke|p2|Urshifu-*, F|
|teampreview
|j| qwertysadge
|j| Jongruenwald
|c|☆why addicted|Show me xatu ho
|c|☆Highv0ltag3|A
|c|☆Highv0ltag3|cosmic power does stuff on ho
|j| Spyer2k
|c|☆Highv0ltag3|its better than mew immune to toxic no cap
|c|☆why addicted|Fair
|c| Spyer2k|stall VOMIT
|c|☆Highv0ltag3|gl
|
|t:|1666116756
|start
|switch|p1a: Toxapex|Toxapex, M|100/100
|switch|p2a: Landorus|Landorus-Therian, M|100/100
|-ability|p2a: Landorus|Intimidate|boost
|-unboost|p1a: Toxapex|atk|1
|turn|1
|c| Spyer2k|KICK HIS ASS ADDICTED SHOW HIM YOUR POWEERRRR
|
|t:|1666116763
|move|p2a: Landorus|U-turn|p1a: Toxapex
|-resisted|p1a: Toxapex
|-damage|p1a: Toxapex|94/100
|
|t:|1666116766
|switch|p2a: Ferrothorn|Ferrothorn, F|100/100|[from]move: U-turn
|move|p1a: Toxapex|Toxic|p2a: Ferrothorn
|-immune|p2a: Ferrothorn
|
|-heal|p1a: Toxapex|99/100|[from] item: Black Sludge
|upkeep
|turn|2
|c|☆why addicted|Rock
|
|t:|1666116780
|move|p1a: Toxapex|Knock Off|p2a: Ferrothorn
|-damage|p2a: Ferrothorn|95/100
|-damage|p1a: Toxapex|87/100|[from] ability: Iron Barbs|[of] p2a: Ferrothorn
|-damage|p1a: Toxapex|71/100|[from] item: Rocky Helmet|[of] p2a: Ferrothorn
|-enditem|p2a: Ferrothorn|Rocky Helmet|[from] move: Knock Off|[of] p1a: Toxapex
|move|p2a: Ferrothorn|Stealth Rock|p1a: Toxapex
|-sidestart|p1: Highv0ltag3|move: Stealth Rock
|
|-heal|p1a: Toxapex|77/100|[from] item: Black Sludge
|upkeep
|turn|3
|c|☆why addicted|Knock
|c|☆Highv0ltag3|that was a big balls play
|j| tsundere babe
|
|t:|1666116792
|switch|p1a: Corviknight|Corviknight, F|100/100
|-damage|p1a: Corviknight|88/100|[from] Stealth Rock
|-ability|p1a: Corviknight|Pressure
|move|p2a: Ferrothorn|Knock Off|p1a: Corviknight
|-damage|p1a: Corviknight|75/100
|-enditem|p1a: Corviknight|Shed Shell|[from] move: Knock Off|[of] p2a: Ferrothorn
|
|upkeep
|turn|4
|c|☆Highv0ltag3|fog
|c|☆why addicted|Leech
|
|t:|1666116802
|move|p1a: Corviknight|Defog|p2a: Ferrothorn
|-unboost|p2a: Ferrothorn|evasion|1
|-sideend|p1: Highv0ltag3|Stealth Rock|[from] move: Defog|[of] p1a: Corviknight
|move|p2a: Ferrothorn|Leech Seed|p1a: Corviknight
|-start|p1a: Corviknight|move: Leech Seed
|
|-damage|p1a: Corviknight|63/100|[from] Leech Seed|[of] p2a: Ferrothorn
|-heal|p2a: Ferrothorn|100/100|[silent]
|upkeep
|turn|5
|c|☆Highv0ltag3|xatu
|c|☆why addicted|Rock
|
|t:|1666116813
|switch|p1a: Xatu|Xatu, F|100/100
|move|p2a: Ferrothorn|Knock Off|p1a: Xatu
|-supereffective|p1a: Xatu
|-damage|p1a: Xatu|39/100
|-enditem|p1a: Xatu|Leftovers|[from] move: Knock Off|[of] p2a: Ferrothorn
|
|upkeep
|turn|6
|c|☆Highv0ltag3|bruh
|c|☆why addicted|Missclick
|c|☆why addicted|sorry
|c|☆Highv0ltag3|xd
|c| Spyer2k|turn 5 and lying
|c|☆Highv0ltag3|roost
|c|☆why addicted|Rock
|
|t:|1666116828
|move|p1a: Xatu|Roost|p1a: Xatu
|-heal|p1a: Xatu|89/100
|-singleturn|p1a: Xatu|move: Roost
|move|p2a: Ferrothorn|Stealth Rock|p1a: Xatu
|move|p1a: Xatu|Stealth Rock|p2a: Ferrothorn|[from]ability: Magic Bounce
|-sidestart|p2: why addicted|move: Stealth Rock
|
|upkeep
|turn|7
|c| tsundere babe|dishonorabru
|c| qwertysadge|lol
|c|☆Highv0ltag3|Lol
|c|☆why addicted|No lie
|c| Spyer2k|??????
|c|☆Highv0ltag3|t wave
|c|☆why addicted|TrN
|
|t:|1666116846
|switch|p2a: Heatran|Heatran, M|100/100
|-damage|p2a: Heatran|88/100|[from] Stealth Rock
|move|p1a: Xatu|Toxic|p2a: Heatran
|-immune|p2a: Heatran
|
|-heal|p2a: Heatran|94/100|[from] item: Leftovers
|upkeep
|turn|8
|c|☆Highv0ltag3|sorry
|c|☆why addicted|Miss build
|c|☆why addicted|i understand
|c|☆why addicted|Storm
|c| tsundere babe|miss carriage
|
|t:|1666116874
|move|p1a: Xatu|Thunder Wave|p2a: Heatran
|-status|p2a: Heatran|par
|move|p2a: Heatran|Toxic|p1a: Xatu
|move|p1a: Xatu|Toxic||[from]ability: Magic Bounce|[still]
|-fail|p1a: Xatu
|
|-heal|p2a: Heatran|100/100 par|[from] item: Leftovers
|upkeep
|turn|9
|c|☆why addicted|Zone
|c|☆Highv0ltag3|ahahahahah
|c|☆Highv0ltag3|night shade
|
|t:|1666116890
|move|p1a: Xatu|Night Shade|p2a: Heatran
|-damage|p2a: Heatran|75/100 par
|move|p2a: Heatran|Toxic|p1a: Xatu
|move|p1a: Xatu|Toxic||[from]ability: Magic Bounce|[still]
|-fail|p1a: Xatu
|
|-heal|p2a: Heatran|81/100 par|[from] item: Leftovers
|upkeep
|turn|10
|c|☆Highv0ltag3|night shade
|
|t:|1666116896
|move|p1a: Xatu|Night Shade|p2a: Heatran
|-damage|p2a: Heatran|55/100 par
|move|p2a: Heatran|Magma Storm|p1a: Xatu
|-damage|p1a: Xatu|43/100
|-activate|p1a: Xatu|move: Magma Storm|[of] p2a: Heatran
|
|-heal|p2a: Heatran|61/100 par|[from] item: Leftovers
|-damage|p1a: Xatu|30/100|[from] move: Magma Storm|[partiallytrapped]
|upkeep
|turn|11
|c|☆Highv0ltag3|roost
|c|☆why addicted|Storm
|c|☆why addicted|ep
|
|t:|1666116908
|move|p1a: Xatu|Roost|p1a: Xatu
|-heal|p1a: Xatu|80/100
|-singleturn|p1a: Xatu|move: Roost
|move|p2a: Heatran|Heavy Slam|p1a: Xatu
|-damage|p1a: Xatu|24/100
|
|-heal|p2a: Heatran|67/100 par|[from] item: Leftovers
|-damage|p1a: Xatu|11/100|[from] move: Magma Storm|[partiallytrapped]
|upkeep
|turn|12
|c|☆Highv0ltag3|uh
|c|☆why addicted|Kek
|c|☆why addicted|missbuild
|c|☆Highv0ltag3|rip
|c|☆why addicted|Fat slam one
|c|☆why addicted|more
|c|☆Highv0ltag3|night shade
|
|t:|1666116940
|move|p1a: Xatu|Night Shade|p2a: Heatran
|-damage|p2a: Heatran|41/100 par
|cant|p2a: Heatran|par
|
|-heal|p2a: Heatran|48/100 par|[from] item: Leftovers
|-damage|p1a: Xatu|0 fnt|[from] move: Magma Storm|[partiallytrapped]
|faint|p1a: Xatu
|upkeep
|c|☆why addicted|Kek
|c|☆Highv0ltag3|damn should have roosted
|c|☆why addicted|gg
|
|t:|1666116954
|switch|p1a: Hippowdon|Hippowdon, M|100/100
|turn|13
|c|☆why addicted|Ferri
|c|☆why addicted|o
|
|t:|1666116978
|switch|p1a: Clefable|Clefable, F|100/100
|switch|p2a: Landorus|Landorus-Therian, M|100/100
|-damage|p2a: Landorus|88/100|[from] Stealth Rock
|-ability|p2a: Landorus|Intimidate|boost
|-unboost|p1a: Clefable|atk|1
|
|-heal|p2a: Landorus|94/100|[from] item: Leftovers
|upkeep
|turn|14
|c|☆why addicted|Ferrondorus
|l| tsundere babe
|c|☆Highv0ltag3|uturnus?
|
|t:|1666117003
|move|p2a: Landorus|Knock Off|p1a: Clefable
|-resisted|p1a: Clefable
|-damage|p1a: Clefable|88/100
|-enditem|p1a: Clefable|Leftovers|[from] move: Knock Off|[of] p2a: Landorus
|move|p1a: Clefable|Moonblast|p2a: Landorus
|-damage|p2a: Landorus|69/100
|-unboost|p2a: Landorus|spa|1
|
|-heal|p2a: Landorus|75/100|[from] item: Leftovers
|upkeep
|turn|15
|c|☆why addicted|Kncokdorus
|c|☆Highv0ltag3|kek
|c|☆why addicted|Fog
|
|t:|1666117020
|move|p2a: Landorus|Defog|p1a: Clefable
|-unboost|p1a: Clefable|evasion|1
|-sideend|p2: why addicted|Stealth Rock|[from] move: Defog|[of] p2a: Landorus
|move|p1a: Clefable|Moonblast|p2a: Landorus
|-damage|p2a: Landorus|50/100
|
|-heal|p2a: Landorus|57/100|[from] item: Leftovers
|upkeep
|turn|16
|c|☆why addicted|Gimme gen9
|c|☆Highv0ltag3|tru
|c|☆why addicted|gen 8 is trasj
|c|☆why addicted|h
|c| qwertysadge|stall op in gen 8
|c|☆why addicted|Eh
|c|☆why addicted|not too much
|c|☆Highv0ltag3|try not to uturn challenge impossible
|c|☆why addicted|anyway sball has 20% spdef low
|c| Spyer2k|in gen 9 they are nerfing regenerator by half and cutting the PP in healing moves in half and some like soft boiled into a quarter
|c|☆why addicted|which is pretty healthy for meta
|
|t:|1666117112
|switch|p1a: Hippowdon|Hippowdon, M|100/100
|move|p2a: Landorus|Earthquake|p1a: Hippowdon
|-damage|p1a: Hippowdon|67/100
|
|-heal|p2a: Landorus|63/100|[from] item: Leftovers
|-heal|p1a: Hippowdon|73/100|[from] item: Leftovers
|upkeep
|turn|17
|c|☆why addicted|Knock
|c|☆Highv0ltag3|toxic
|
|t:|1666117122
|move|p2a: Landorus|Knock Off|p1a: Hippowdon
|-damage|p1a: Hippowdon|51/100
|-enditem|p1a: Hippowdon|Leftovers|[from] move: Knock Off|[of] p2a: Landorus
|move|p1a: Hippowdon|Toxic|p2a: Landorus
|-status|p2a: Landorus|tox
|
|-heal|p2a: Landorus|69/100 tox|[from] item: Leftovers
|-damage|p2a: Landorus|63/100 tox|[from] psn
|upkeep
|turn|18
|c|☆why addicted|Turn
|c|☆Highv0ltag3|hippo mode
|
|t:|1666117134
|move|p2a: Landorus|U-turn|p1a: Hippowdon
|-damage|p1a: Hippowdon|36/100
|c|☆why addicted|Shifu
|
|t:|1666117140
|switch|p2a: Urshifu|Urshifu-Rapid-Strike, F|100/100|[from]move: U-turn
|move|p1a: Hippowdon|Slack Off|p1a: Hippowdon
|-heal|p1a: Hippowdon|86/100
|
|upkeep
|turn|19
|c|☆why addicted|Surg
|c|☆Highv0ltag3|staying in preciting uturn
|
|t:|1666117153
|switch|p1a: Toxapex|Toxapex, M|100/100
|move|p2a: Urshifu|Surging Strikes|p1a: Toxapex
|-resisted|p1a: Toxapex
|-crit|p1a: Toxapex
|-damage|p1a: Toxapex|95/100
|-resisted|p1a: Toxapex
|-crit|p1a: Toxapex
|-damage|p1a: Toxapex|88/100
|-resisted|p1a: Toxapex
|-crit|p1a: Toxapex
|-damage|p1a: Toxapex|82/100
|-hitcount|p1a: Toxapex|3
|
|-heal|p1a: Toxapex|88/100|[from] item: Black Sludge
|upkeep
|turn|20
|c|☆why addicted|Kek
|c|☆why addicted|Missclick
|c|☆Highv0ltag3|same
|c|☆why addicted|Now turn
|c|☆Highv0ltag3|knock
|c|☆why addicted|To predicting knock
|
|t:|1666117180
|move|p2a: Urshifu|U-turn|p1a: Toxapex
|-resisted|p1a: Toxapex
|-damage|p1a: Toxapex|81/100
|
|t:|1666117183
|switch|p2a: Heatran|Heatran, M|48/100 par|[from]move: U-turn
|move|p1a: Toxapex|Knock Off|p2a: Heatran
|-crit|p2a: Heatran
|-damage|p2a: Heatran|31/100 par
|-enditem|p2a: Heatran|Leftovers|[from] move: Knock Off|[of] p1a: Toxapex
|
|-heal|p1a: Toxapex|87/100|[from] item: Black Sludge
|upkeep
|turn|21
|c|☆why addicted|F
|c|☆Highv0ltag3|pink blob
|
|t:|1666117197
|switch|p1a: Chansey|Chansey, F|100/100
|switch|p2a: Tapu Lele|Tapu Lele|100/100
|-fieldstart|move: Psychic Terrain|[from] ability: Psychic Surge|[of] p2a: Tapu Lele
|
|upkeep
|turn|22
|c|☆why addicted|Lele
|c|☆why addicted|Shock
|c|☆why addicted|modest specs
|c|☆Highv0ltag3|cap u clicking fs
|c|☆Highv0ltag3|t waving
|
|t:|1666117226
|move|p2a: Tapu Lele|Future Sight|p1a: Chansey
|-start|p2a: Tapu Lele|move: Future Sight
|move|p1a: Chansey|Thunder Wave|p2a: Tapu Lele
|-status|p2a: Tapu Lele|par
|
|upkeep
|turn|23
|c|☆why addicted|Future shock
|c| qwertysadge|pretty Sure Lele scarf
|c|☆why addicted|Shifu
|c|☆Highv0ltag3|corv
|
|t:|1666117237
|switch|p2a: Urshifu|Urshifu-Rapid-Strike, F|100/100
|switch|p1a: Corviknight|Corviknight, F|63/100
|-ability|p1a: Corviknight|Pressure
|
|upkeep
|turn|24
|c|☆why addicted|Aqua jet
|
|t:|1666117250
|move|p2a: Urshifu|Taunt|p1a: Corviknight
|-start|p1a: Corviknight|move: Taunt
|cant|p1a: Corviknight|move: Taunt|Roost
|
|-end|p1a: Corviknight|move: Future Sight
|-resisted|p1a: Corviknight
|-damage|p1a: Corviknight|24/100
|upkeep
|turn|25
|c|☆Highv0ltag3|roost
|c|☆Highv0ltag3|BRUUUUH
|c|☆why addicted|Turn
|
|t:|1666117262
|switch|p1a: Toxapex|Toxapex, M|100/100
|move|p2a: Urshifu|U-turn|p1a: Toxapex
|-resisted|p1a: Toxapex
|-damage|p1a: Toxapex|94/100
|
|t:|1666117265
|switch|p2a: Tapu Lele|Tapu Lele|100/100 par|[from]move: U-turn
|
|-heal|p1a: Toxapex|99/100|[from] item: Black Sludge
|-fieldend|move: Psychic Terrain
|upkeep
|turn|26
|
|t:|1666117274
|switch|p1a: Corviknight|Corviknight, F|24/100
|-ability|p1a: Corviknight|Pressure
|cant|p2a: Tapu Lele|par
|
|upkeep
|turn|27
|c|☆why addicted|Tbolt
|c|☆why addicted|Psyshock
|
|t:|1666117289
|switch|p1a: Hippowdon|Hippowdon, M|86/100
|move|p2a: Tapu Lele|Thunderbolt|p1a: Hippowdon
|-immune|p1a: Hippowdon
|
|upkeep
|turn|28
|c|☆why addicted|One more
|
|t:|1666117297
|switch|p2a: Ferrothorn|Ferrothorn, F|100/100
|switch|p1a: Corviknight|Corviknight, F|24/100
|-ability|p1a: Corviknight|Pressure
|
|upkeep
|turn|29
|c| qwertysadge|do choice items lock you if u get para?
|c|☆Highv0ltag3|yes
|c|☆why addicted|Missclick
|c|☆Highv0ltag3|unless
|
|t:|1666117311
|move|p1a: Corviknight|Roost|p1a: Corviknight
|-heal|p1a: Corviknight|74/100
|-singleturn|p1a: Corviknight|move: Roost
|move|p2a: Ferrothorn|Body Press|p1a: Corviknight
|-supereffective|p1a: Corviknight
|-damage|p1a: Corviknight|32/100
|
|upkeep
|turn|30
|c|☆Highv0ltag3|u get parad
|
|t:|1666117317
|move|p1a: Corviknight|Roost|p1a: Corviknight
|-heal|p1a: Corviknight|82/100
|-singleturn|p1a: Corviknight|move: Roost
|move|p2a: Ferrothorn|Stealth Rock|p1a: Corviknight
|-sidestart|p1: Highv0ltag3|move: Stealth Rock
|
|upkeep
|turn|31
|j| tghhggcg
|
|t:|1666117321
|move|p1a: Corviknight|Defog|p2a: Ferrothorn
|-unboost|p2a: Ferrothorn|evasion|1
|-sideend|p1: Highv0ltag3|Stealth Rock|[from] move: Defog|[of] p1a: Corviknight
|move|p2a: Ferrothorn|Leech Seed|p1a: Corviknight
|-start|p1a: Corviknight|move: Leech Seed
|
|-damage|p1a: Corviknight|70/100|[from] Leech Seed|[of] p2a: Ferrothorn
|upkeep
|turn|32
|
|t:|1666117326
|switch|p1a: Hippowdon|Hippowdon, M|86/100
|move|p2a: Ferrothorn|Stealth Rock|p1a: Hippowdon
|-sidestart|p1: Highv0ltag3|move: Stealth Rock
|
|upkeep
|turn|33
|c|☆Highv0ltag3|rocks
|
|t:|1666117335
|switch|p2a: Heatran|Heatran, M|31/100 par
|move|p1a: Hippowdon|Stealth Rock|p2a: Heatran
|-sidestart|p2: why addicted|move: Stealth Rock
|
|upkeep
|turn|34
|c|☆Highv0ltag3|I dont have to tell u what I click here right
|c|☆why addicted|Tran for leftover
|
|t:|1666117358
|switch|p2a: Ferrothorn|Ferrothorn, F|100/100
|-damage|p2a: Ferrothorn|94/100|[from] Stealth Rock
|move|p1a: Hippowdon|Earthquake|p2a: Ferrothorn
|-damage|p2a: Ferrothorn|74/100
|
|upkeep
|turn|35
|c|☆why addicted|but failed
|
|t:|1666117363
|switch|p1a: Toxapex|Toxapex, M|100/100
|-damage|p1a: Toxapex|88/100|[from] Stealth Rock
|move|p2a: Ferrothorn|Leech Seed|p1a: Toxapex
|-start|p1a: Toxapex|move: Leech Seed
|
|-heal|p1a: Toxapex|94/100|[from] item: Black Sludge
|-damage|p1a: Toxapex|82/100|[from] Leech Seed|[of] p2a: Ferrothorn
|-heal|p2a: Ferrothorn|84/100|[silent]
|upkeep
|turn|36
|
|t:|1666117369
|switch|p1a: Hippowdon|Hippowdon, M|86/100
|-damage|p1a: Hippowdon|80/100|[from] Stealth Rock
|move|p2a: Ferrothorn|Knock Off|p1a: Hippowdon
|-damage|p1a: Hippowdon|70/100
|
|upkeep
|turn|37
|
|t:|1666117372
|move|p1a: Hippowdon|Slack Off|p1a: Hippowdon
|-heal|p1a: Hippowdon|100/100
|move|p2a: Ferrothorn|Knock Off|p1a: Hippowdon
|-damage|p1a: Hippowdon|90/100
|
|upkeep
|turn|38
|
|t:|1666117375
|move|p1a: Hippowdon|Earthquake|p2a: Ferrothorn
|-damage|p2a: Ferrothorn|63/100
|move|p2a: Ferrothorn|Knock Off|p1a: Hippowdon
|-damage|p1a: Hippowdon|81/100
|
|upkeep
|turn|39
|l| tghhggcg
|
|t:|1666117377
|move|p1a: Hippowdon|Earthquake|p2a: Ferrothorn
|-damage|p2a: Ferrothorn|44/100
|move|p2a: Ferrothorn|Leech Seed|p1a: Hippowdon
|-start|p1a: Hippowdon|move: Leech Seed
|
|-damage|p1a: Hippowdon|69/100|[from] Leech Seed|[of] p2a: Ferrothorn
|-heal|p2a: Ferrothorn|59/100|[silent]
|upkeep
|turn|40
|
|t:|1666117379
|switch|p1a: Toxapex|Toxapex, M|100/100
|-damage|p1a: Toxapex|88/100|[from] Stealth Rock
|move|p2a: Ferrothorn|Knock Off|p1a: Toxapex
|-damage|p1a: Toxapex|75/100
|-enditem|p1a: Toxapex|Black Sludge|[from] move: Knock Off|[of] p2a: Ferrothorn
|
|upkeep
|turn|41
|
|t:|1666117382
|move|p1a: Toxapex|Knock Off|p2a: Ferrothorn
|-damage|p2a: Ferrothorn|53/100
|-damage|p1a: Toxapex|62/100|[from] ability: Iron Barbs|[of] p2a: Ferrothorn
|move|p2a: Ferrothorn|Leech Seed|p1a: Toxapex
|-start|p1a: Toxapex|move: Leech Seed
|
|-damage|p1a: Toxapex|50/100|[from] Leech Seed|[of] p2a: Ferrothorn
|-heal|p2a: Ferrothorn|64/100|[silent]
|upkeep
|turn|42
|
|t:|1666117389
|switch|p2a: Dragapult|Dragapult, F|100/100
|-damage|p2a: Dragapult|88/100|[from] Stealth Rock
|move|p1a: Toxapex|Knock Off|p2a: Dragapult
|-supereffective|p2a: Dragapult
|-damage|p2a: Dragapult|52/100
|-enditem|p2a: Dragapult|Choice Specs|[from] move: Knock Off|[of] p1a: Toxapex
|
|-damage|p1a: Toxapex|37/100|[from] Leech Seed|[of] p2a: Dragapult
|-heal|p2a: Dragapult|64/100|[silent]
|upkeep
|turn|43
|
|t:|1666117395
|switch|p1a: Chansey|Chansey, F|100/100
|-damage|p1a: Chansey|88/100|[from] Stealth Rock
|move|p2a: Dragapult|Draco Meteor|p1a: Chansey
|-damage|p1a: Chansey|70/100
|-unboost|p2a: Dragapult|spa|2
|
|upkeep
|turn|44
|
|t:|1666117400
|move|p2a: Dragapult|U-turn|p1a: Chansey
|-damage|p1a: Chansey|59/100
|
|t:|1666117403
|switch|p2a: Urshifu|Urshifu-Rapid-Strike, F|100/100|[from]move: U-turn
|-damage|p2a: Urshifu|94/100|[from] Stealth Rock
|move|p1a: Chansey|Soft-Boiled|p1a: Chansey
|-heal|p1a: Chansey|100/100
|
|upkeep
|turn|45
|
|t:|1666117406
|switch|p1a: Toxapex|Toxapex, M|71/100
|-damage|p1a: Toxapex|58/100|[from] Stealth Rock
|move|p2a: Urshifu|U-turn|p1a: Toxapex
|-resisted|p1a: Toxapex
|-damage|p1a: Toxapex|50/100
|
|t:|1666117409
|switch|p2a: Tapu Lele|Tapu Lele|100/100 par|[from]move: U-turn
|-damage|p2a: Tapu Lele|88/100 par|[from] Stealth Rock
|-fieldstart|move: Psychic Terrain|[from] ability: Psychic Surge|[of] p2a: Tapu Lele
|
|upkeep
|turn|46
|
|t:|1666117414
|switch|p1a: Chansey|Chansey, F|100/100
|-damage|p1a: Chansey|88/100|[from] Stealth Rock
|cant|p2a: Tapu Lele|par
|
|upkeep
|turn|47
|
|t:|1666117420
|move|p2a: Tapu Lele|Future Sight|p1a: Chansey
|-start|p2a: Tapu Lele|move: Future Sight
|move|p1a: Chansey|Seismic Toss|p2a: Tapu Lele
|-damage|p2a: Tapu Lele|52/100 par
|
|upkeep
|turn|48
|
|t:|1666117426
|switch|p2a: Ferrothorn|Ferrothorn, F|64/100
|-damage|p2a: Ferrothorn|58/100|[from] Stealth Rock
|switch|p1a: Corviknight|Corviknight, F|70/100
|-damage|p1a: Corviknight|58/100|[from] Stealth Rock
|-ability|p1a: Corviknight|Pressure
|
|upkeep
|turn|49
|
|t:|1666117433
|move|p1a: Corviknight|Roost|p1a: Corviknight
|-heal|p1a: Corviknight|100/100
|-singleturn|p1a: Corviknight|move: Roost
|move|p2a: Ferrothorn|Body Press|p1a: Corviknight
|-supereffective|p1a: Corviknight
|-crit|p1a: Corviknight
|-damage|p1a: Corviknight|39/100
|
|-end|p1a: Corviknight|move: Future Sight
|-resisted|p1a: Corviknight
|-damage|p1a: Corviknight|0 fnt
|faint|p1a: Corviknight
|-fieldend|move: Psychic Terrain
|upkeep
|
|t:|1666117438
|switch|p1a: Clefable|Clefable, F|88/100
|-damage|p1a: Clefable|76/100|[from] Stealth Rock
|turn|50
|c|☆why addicted|Lucky and bad
|
|t:|1666117444
|move|p1a: Clefable|Flamethrower|p2a: Ferrothorn
|-supereffective|p2a: Ferrothorn
|-damage|p2a: Ferrothorn|0 fnt
|faint|p2a: Ferrothorn
|
|upkeep
|c|☆Highv0ltag3|xd
|
|t:|1666117448
|switch|p2a: Heatran|Heatran, M|31/100 par
|-damage|p2a: Heatran|19/100 par|[from] Stealth Rock
|turn|51
|
|t:|1666117452
|switch|p1a: Chansey|Chansey, F|88/100
|-damage|p1a: Chansey|75/100|[from] Stealth Rock
|move|p2a: Heatran|Magma Storm|p1a: Chansey|[miss]
|-miss|p2a: Heatran|p1a: Chansey
|
|upkeep
|turn|52
|
|t:|1666117458
|move|p1a: Chansey|Seismic Toss|p2a: Heatran
|-damage|p2a: Heatran|0 fnt
|faint|p2a: Heatran
|
|upkeep
|
|t:|1666117461
|switch|p2a: Urshifu|Urshifu-Rapid-Strike, F|94/100
|-damage|p2a: Urshifu|88/100|[from] Stealth Rock
|turn|53
|
|t:|1666117464
|switch|p1a: Toxapex|Toxapex, M|84/100
|-damage|p1a: Toxapex|71/100|[from] Stealth Rock
|move|p2a: Urshifu|U-turn|p1a: Toxapex
|-resisted|p1a: Toxapex
|-damage|p1a: Toxapex|64/100
|
|t:|1666117466
|switch|p2a: Tapu Lele|Tapu Lele|52/100 par|[from]move: U-turn
|-damage|p2a: Tapu Lele|40/100 par|[from] Stealth Rock
|-fieldstart|move: Psychic Terrain|[from] ability: Psychic Surge|[of] p2a: Tapu Lele
|
|upkeep
|turn|54
|j| kdjdjsjsjsj
|c| Spyer2k|future sight lele scary
|
|t:|1666117479
|switch|p1a: Hippowdon|Hippowdon, M|69/100
|-damage|p1a: Hippowdon|62/100|[from] Stealth Rock
|cant|p2a: Tapu Lele|par
|
|upkeep
|turn|55
|c|☆why addicted|Kek
|c|☆why addicted|classic gen 8
|c|☆Highv0ltag3|eq
|c| Spyer2k|in gen 9 every single pokemon gets a u-turn esque move
|j| Cachou10
|c|☆why addicted|I excuse my alcohol and paras
|c|☆Highv0ltag3|in gen 9 uturn isnt in game
|c|☆why addicted|gg
|c|☆Highv0ltag3|paradise
|j| OWlDoing
|c|☆why addicted|Really??
|c|☆Highv0ltag3|I excuse my cringe
|c|☆why addicted|I didnt tryhard at all!
|c|☆why addicted|2022, whayd
|c|☆why addicted|forfeit
|
|t:|1666117556
|switch|p2a: Landorus|Landorus-Therian, M|63/100 tox
|-damage|p2a: Landorus|50/100 tox|[from] Stealth Rock
|-ability|p2a: Landorus|Intimidate|boost
|-unboost|p1a: Hippowdon|atk|1
|move|p1a: Hippowdon|Earthquake|p2a: Landorus
|-immune|p2a: Landorus
|
|-heal|p2a: Landorus|56/100 tox|[from] item: Leftovers
|-damage|p2a: Landorus|50/100 tox|[from] psn
|upkeep
|turn|56
|
|t:|1666117564
|move|p2a: Landorus|U-turn|p1a: Hippowdon
|-damage|p1a: Hippowdon|47/100
|
|t:|1666117570
|switch|p2a: Urshifu|Urshifu-Rapid-Strike, F|88/100|[from]move: U-turn
|-damage|p2a: Urshifu|82/100|[from] Stealth Rock
|move|p1a: Hippowdon|Toxic|p2a: Urshifu
|-status|p2a: Urshifu|tox
|
|-damage|p2a: Urshifu|76/100 tox|[from] psn
|upkeep
|turn|57
|c|☆Highv0ltag3|I tryharded this turn
|c|☆Highv0ltag3|mb
|
|t:|1666117579
|switch|p1a: Toxapex|Toxapex, M|98/100
|-damage|p1a: Toxapex|85/100|[from] Stealth Rock
|move|p2a: Urshifu|Surging Strikes|p1a: Toxapex
|-resisted|p1a: Toxapex
|-crit|p1a: Toxapex
|-damage|p1a: Toxapex|79/100
|-resisted|p1a: Toxapex
|-crit|p1a: Toxapex
|-damage|p1a: Toxapex|73/100
|-resisted|p1a: Toxapex
|-crit|p1a: Toxapex
|-damage|p1a: Toxapex|67/100
|-hitcount|p1a: Toxapex|3
|
|-damage|p2a: Urshifu|64/100 tox|[from] psn
|-fieldend|move: Psychic Terrain
|upkeep
|turn|58
|c|☆why addicted|Surging for choke
|c|☆Highv0ltag3|light screen
|c|☆why addicted|Taunt
|c|☆why addicted|tpunch
|
|t:|1666117604
|move|p2a: Urshifu|U-turn|p1a: Toxapex
|-resisted|p1a: Toxapex
|-damage|p1a: Toxapex|60/100
|
|t:|1666117609
|switch|p2a: Tapu Lele|Tapu Lele|40/100 par|[from]move: U-turn
|-damage|p2a: Tapu Lele|28/100 par|[from] Stealth Rock
|-fieldstart|move: Psychic Terrain|[from] ability: Psychic Surge|[of] p2a: Tapu Lele
|move|p1a: Toxapex|Light Screen|p1a: Toxapex
|-sidestart|p1: Highv0ltag3|move: Light Screen
|
|upkeep
|turn|59
|
|t:|1666117612
|switch|p1a: Chansey|Chansey, F|75/100
|-damage|p1a: Chansey|63/100|[from] Stealth Rock
|move|p2a: Tapu Lele|Future Sight|p1a: Chansey
|-start|p2a: Tapu Lele|move: Future Sight
|
|upkeep
|turn|60
|c|☆Highv0ltag3|stoss
|
|t:|1666117621
|switch|p2a: Urshifu|Urshifu-Rapid-Strike, F|64/100 tox
|-damage|p2a: Urshifu|57/100 tox|[from] Stealth Rock
|move|p1a: Chansey|Seismic Toss|p2a: Urshifu
|-damage|p2a: Urshifu|28/100 tox
|
|-damage|p2a: Urshifu|22/100 tox|[from] psn
|upkeep
|turn|61
|c|☆why addicted|Only fun on gen 8 is
|c|☆why addicted|tbh
|j| Terry B bestdlc
|c|☆why addicted|Future sight trap lele
|c|☆why addicted|Imo
|
|t:|1666117642
|switch|p1a: Hippowdon|Hippowdon, M|47/100
|-damage|p1a: Hippowdon|41/100|[from] Stealth Rock
|move|p2a: Urshifu|Close Combat|p1a: Hippowdon
|-crit|p1a: Hippowdon
|-damage|p1a: Hippowdon|0 fnt
|-unboost|p2a: Urshifu|def|1
|-unboost|p2a: Urshifu|spd|1
|faint|p1a: Hippowdon
|
|-hint|Future Sight did not hit because the target is fainted.
|-damage|p2a: Urshifu|10/100 tox|[from] psn
|upkeep
|
|t:|1666117645
|switch|p1a: Toxapex|Toxapex, M|94/100
|-damage|p1a: Toxapex|81/100|[from] Stealth Rock
|turn|62
|
|t:|1666117651
|move|p2a: Urshifu|U-turn|p1a: Toxapex
|-resisted|p1a: Toxapex
|-damage|p1a: Toxapex|75/100
|
|t:|1666117653
|switch|p2a: Tapu Lele|Tapu Lele|28/100 par|[from]move: U-turn
|-damage|p2a: Tapu Lele|15/100 par|[from] Stealth Rock
|move|p1a: Toxapex|Knock Off|p2a: Tapu Lele
|-damage|p2a: Tapu Lele|0 fnt
|-enditem|p2a: Tapu Lele|Choice Scarf|[from] move: Knock Off|[of] p1a: Toxapex
|faint|p2a: Tapu Lele
|
|-sideend|p1: Highv0ltag3|move: Light Screen
|-fieldend|move: Psychic Terrain
|upkeep
|
|t:|1666117656
|switch|p2a: Landorus|Landorus-Therian, M|50/100 tox
|-damage|p2a: Landorus|38/100 tox|[from] Stealth Rock
|-ability|p2a: Landorus|Intimidate|boost
|-unboost|p1a: Toxapex|atk|1
|turn|63
|c|☆Highv0ltag3|recover
|
|t:|1666117672
|move|p2a: Landorus|Defog|p1a: Toxapex
|-unboost|p1a: Toxapex|evasion|1
|-sideend|p1: Highv0ltag3|Stealth Rock|[from] move: Defog|[of] p2a: Landorus
|-sideend|p2: why addicted|Stealth Rock|[from] move: Defog|[of] p2a: Landorus
|move|p1a: Toxapex|Recover|p1a: Toxapex
|-heal|p1a: Toxapex|100/100
|
|-heal|p2a: Landorus|44/100 tox|[from] item: Leftovers
|-damage|p2a: Landorus|38/100 tox|[from] psn
|upkeep
|turn|64
|c| Spyer2k|seems like stall wins once again
|l| kdjdjsjsjsj
|c| Spyer2k|😔
|c|☆Highv0ltag3|recover
|c|☆why addicted|I’ll bring lele shifu
|c|☆why addicted|tbh
|c|☆why addicted|if I played seriously
|c|☆why addicted|it was my mu
|c|☆Highv0ltag3|tru
|c|☆why addicted|but im drunk for exucse
|c|☆why addicted|so gg
|-message|why addicted forfeited.
|
|win|Highv0ltag3
|raw|Highv0ltag3's rating: 1859 &rarr; <strong>1886</strong><br />(+27 for winning)
|raw|why addicted's rating: 1977 &rarr; <strong>1950</strong><br />(-27 for losing)
|c|☆Highv0ltag3|I need that slowking shit to wall lele shifu
|l| Spyer2k
|l| Terry B bestdlc
|c|☆Highv0ltag3|anti-fs action
|c|☆why addicted|Yo even lele shifu
|c|☆Highv0ltag3|sub magic coat slack of foul play
|c|☆Highv0ltag3|fs denier
|c|☆why addicted|Kek
|c|☆why addicted|See you in gen 9
||Ladder isn't responding, score probably updated but might not have (Request timeout).
