|raw|<div class="broadcast-blue"><strong>This battle is required to be public due to a player having a name starting with 'lt92pf'.</div>
|j|☆LT92PF Raizen
|j|☆Sp0oNl0rD
|t:|1659801869
|gametype|singles
|player|p1|LT92PF Raizen|170|1664
|player|p2|Sp0oNl0rD|teamrocket|1680
|teamsize|p1|6
|teamsize|p2|6
|gen|8
|tier|[Gen 8] OU
|rated|
|rule|Sleep Clause Mod: Limit one foe put to sleep
|rule|Species Clause: Limit one of each Pokémon
|rule|OHKO Clause: OHKO moves are banned
|rule|Evasion Items Clause: Evasion items are banned
|rule|Evasion Moves Clause: Evasion moves are banned
|rule|Endless Battle Clause: Forcing endless battles is banned
|rule|HP Percentage Mod: HP is shown in percentages
|rule|Dynamax Clause: You cannot dynamax
|clearpoke
|poke|p1|Tapu Koko|
|poke|p1|Tornadus-Therian, M|
|poke|p1|Garchomp, F|
|poke|p1|Urshifu-*, F|
|poke|p1|Slowking-Galar, M|
|poke|p1|Ferrothorn, M|
|poke|p2|Landorus-Therian, M|
|poke|p2|Heatran, F|
|poke|p2|Kartana|
|poke|p2|Weavile, F|
|poke|p2|Zapdos|
|poke|p2|Tapu Fini|
|teampreview
|inactive|Battle timer is ON: inactive players will automatically lose when time's up. (requested by Sp0oNl0rD)
|j| yop on the flux
|
|t:|1659801887
|start
|switch|p1a: Tornadus|Tornadus-Therian, M, shiny|100/100
|switch|p2a: Heatran|Heatran, F|100/100
|-item|p2a: Heatran|Air Balloon
|turn|1
|
|t:|1659801893
|move|p1a: Tornadus|Knock Off|p2a: Heatran
|-damage|p2a: Heatran|87/100
|-enditem|p2a: Heatran|Air Balloon
|move|p2a: Heatran|Magma Storm|p1a: Tornadus
|-damage|p1a: Tornadus|56/100
|-activate|p1a: Tornadus|move: Magma Storm|[of] p2a: Heatran
|
|-damage|p1a: Tornadus|43/100|[from] move: Magma Storm|[partiallytrapped]
|upkeep
|turn|2
|
|t:|1659801896
|move|p1a: Tornadus|U-turn|p2a: Heatran
|-resisted|p2a: Heatran
|-damage|p2a: Heatran|85/100
|
|t:|1659801898
|switch|p1a: Garchomp|Garchomp, F, shiny|100/100|[from]move: U-turn
|move|p2a: Heatran|Stealth Rock|p1a: Garchomp
|-sidestart|p1: LT92PF Raizen|move: Stealth Rock
|
|upkeep
|turn|3
|
|t:|1659801903
|switch|p2a: Landorus|Landorus-Therian, M|100/100
|-ability|p2a: Landorus|Intimidate|boost
|-unboost|p1a: Garchomp|atk|1
|move|p1a: Garchomp|Stealth Rock|p2a: Landorus
|-sidestart|p2: Sp0oNl0rD|move: Stealth Rock
|
|upkeep
|turn|4
|
|t:|1659801906
|move|p1a: Garchomp|Toxic|p2a: Landorus
|-status|p2a: Landorus|tox
|move|p2a: Landorus|Toxic|p1a: Garchomp
|-status|p1a: Garchomp|tox
|
|-damage|p1a: Garchomp|94/100 tox|[from] psn
|-damage|p2a: Landorus|94/100 tox|[from] psn
|upkeep
|turn|5
|
|t:|1659801909
|switch|p1a: Tornadus|Tornadus-Therian, M, shiny|76/100
|move|p2a: Landorus|Defog|p1a: Tornadus
|-unboost|p1a: Tornadus|evasion|1
|-sideend|p1: LT92PF Raizen|Stealth Rock|[from] move: Defog|[of] p2a: Landorus
|-sideend|p2: Sp0oNl0rD|Stealth Rock|[from] move: Defog|[of] p2a: Landorus
|
|-heal|p2a: Landorus|100/100 tox|[from] item: Leftovers
|-damage|p2a: Landorus|88/100 tox|[from] psn
|upkeep
|turn|6
|
|t:|1659801912
|move|p1a: Tornadus|Knock Off|p2a: Landorus
|-damage|p2a: Landorus|70/100 tox
|-enditem|p2a: Landorus|Leftovers|[from] move: Knock Off|[of] p1a: Tornadus
|move|p2a: Landorus|U-turn|p1a: Tornadus
|-resisted|p1a: Tornadus
|-damage|p1a: Tornadus|65/100
|
|t:|1659801913
|switch|p2a: Zapdos|Zapdos|100/100|[from]move: U-turn
|
|upkeep
|turn|7
|j| playingaround987
|
|t:|1659801917
|switch|p1a: Slowking|Slowking-Galar, M, shiny|100/100
|move|p2a: Zapdos|Hurricane|p1a: Slowking
|-damage|p1a: Slowking|57/100
|-start|p1a: Slowking|confusion
|
|upkeep
|turn|8
|
|t:|1659801920
|move|p2a: Zapdos|Hurricane|p1a: Slowking
|-damage|p1a: Slowking|15/100
|-activate|p1a: Slowking|confusion
|move|p1a: Slowking|Sludge Bomb|p2a: Zapdos
|-damage|p2a: Zapdos|53/100
|-status|p2a: Zapdos|psn
|
|-damage|p2a: Zapdos|40/100 psn|[from] psn
|upkeep
|turn|9
|
|t:|1659801925
|switch|p2a: Landorus|Landorus-Therian, M|70/100 tox
|-ability|p2a: Landorus|Intimidate|boost
|-unboost|p1a: Slowking|atk|1
|switch|p1a: Tornadus|Tornadus-Therian, M, shiny|99/100
|
|-damage|p2a: Landorus|63/100 tox|[from] psn
|upkeep
|turn|10
|
|t:|1659801929
|move|p1a: Tornadus|Hurricane|p2a: Landorus
|-damage|p2a: Landorus|35/100 tox
|move|p2a: Landorus|U-turn|p1a: Tornadus
|-resisted|p1a: Tornadus
|-damage|p1a: Tornadus|87/100
|
|t:|1659801931
|switch|p2a: Zapdos|Zapdos|40/100 psn|[from]move: U-turn
|
|-damage|p2a: Zapdos|28/100 psn|[from] psn
|upkeep
|turn|11
|
|t:|1659801937
|switch|p1a: Tapu Koko|Tapu Koko, shiny|100/100
|-fieldstart|move: Electric Terrain|[from] ability: Electric Surge|[of] p1a: Tapu Koko
|move|p2a: Zapdos|Volt Switch|p1a: Tapu Koko
|-resisted|p1a: Tapu Koko
|-damage|p1a: Tapu Koko|58/100
|
|t:|1659801941
|switch|p2a: Kartana|Kartana|100/100|[from]move: Volt Switch
|
|upkeep
|turn|12
|j| LT92PF rej
|
|t:|1659801946
|switch|p2a: Weavile|Weavile, F|100/100
|-ability|p2a: Weavile|Pressure
|switch|p1a: Ferrothorn|Ferrothorn, M, shiny|100/100
|
|upkeep
|turn|13
|
|t:|1659801949
|switch|p2a: Heatran|Heatran, F|85/100
|move|p1a: Ferrothorn|Spikes|p2a: Heatran
|-sidestart|p2: Sp0oNl0rD|Spikes
|
|upkeep
|turn|14
|
|t:|1659801952
|switch|p1a: Garchomp|Garchomp, F, shiny|94/100 tox
|move|p2a: Heatran|Stealth Rock|p1a: Garchomp
|-sidestart|p1: LT92PF Raizen|move: Stealth Rock
|
|-heal|p1a: Garchomp|100/100 tox|[from] item: Leftovers
|-damage|p1a: Garchomp|94/100 tox|[from] psn
|upkeep
|turn|15
|
|t:|1659801958
|switch|p2a: Landorus|Landorus-Therian, M|35/100 tox
|-ability|p2a: Landorus|Intimidate|boost
|-unboost|p1a: Garchomp|atk|1
|move|p1a: Garchomp|Stealth Rock|p2a: Landorus
|-sidestart|p2: Sp0oNl0rD|move: Stealth Rock
|
|-heal|p1a: Garchomp|100/100 tox|[from] item: Leftovers
|-damage|p1a: Garchomp|88/100 tox|[from] psn
|-damage|p2a: Landorus|29/100 tox|[from] psn
|-fieldend|move: Electric Terrain
|upkeep
|turn|16
|
|t:|1659801962
|switch|p1a: Tornadus|Tornadus-Therian, M, shiny|100/100
|move|p2a: Landorus|Defog|p1a: Tornadus
|-unboost|p1a: Tornadus|evasion|1
|-sideend|p1: LT92PF Raizen|Stealth Rock|[from] move: Defog|[of] p2a: Landorus
|-sideend|p2: Sp0oNl0rD|Spikes|[from] move: Defog|[of] p2a: Landorus
|-sideend|p2: Sp0oNl0rD|Stealth Rock|[from] move: Defog|[of] p2a: Landorus
|
|-damage|p2a: Landorus|17/100 tox|[from] psn
|upkeep
|turn|17
|
|t:|1659801965
|move|p1a: Tornadus|Hurricane|p2a: Landorus
|-damage|p2a: Landorus|0 fnt
|faint|p2a: Landorus
|
|upkeep
|
|t:|1659801967
|switch|p2a: Weavile|Weavile, F|100/100
|-ability|p2a: Weavile|Pressure
|turn|18
|
|t:|1659801970
|switch|p1a: Ferrothorn|Ferrothorn, M, shiny|100/100
|move|p2a: Weavile|Icicle Crash|p1a: Ferrothorn|[miss]
|-miss|p2a: Weavile|p1a: Ferrothorn
|
|upkeep
|turn|19
|
|t:|1659801974
|switch|p2a: Heatran|Heatran, F|85/100
|move|p1a: Ferrothorn|Leech Seed|p2a: Heatran
|-start|p2a: Heatran|move: Leech Seed
|
|-damage|p2a: Heatran|72/100|[from] Leech Seed|[of] p1a: Ferrothorn
|upkeep
|turn|20
|
|t:|1659801979
|switch|p2a: Weavile|Weavile, F|100/100
|-ability|p2a: Weavile|Pressure
|switch|p1a: Tornadus|Tornadus-Therian, M, shiny|100/100
|
|upkeep
|turn|21
|
|t:|1659801981
|switch|p1a: Ferrothorn|Ferrothorn, M, shiny|100/100
|move|p2a: Weavile|Icicle Crash|p1a: Ferrothorn|[miss]
|-miss|p2a: Weavile|p1a: Ferrothorn
|
|upkeep
|turn|22
|c|☆Sp0oNl0rD|I give up weav isn't cooperating
|-message|Sp0oNl0rD forfeited.
|
|win|LT92PF Raizen
|raw|LT92PF Raizen's rating: 1664 &rarr; <strong>1685</strong><br />(+21 for winning)
|raw|Sp0oNl0rD's rating: 1680 &rarr; <strong>1659</strong><br />(-21 for losing)
|l|☆Sp0oNl0rD
|l|☆LT92PF Raizen
|l| LT92PF rej
||Ladder isn't responding, score probably updated but might not have (Request timeout).
