|j|☆Hurriom
|j|☆SetsuStsna
|t:|1648415367
|gametype|singles
|player|p1|Hurriom|iris-gen5bw2|1619
|player|p2|SetsuStsna|dawn-gen4pt|1656
|teamsize|p1|6
|teamsize|p2|6
|gen|8
|tier|[Gen 8] OU
|rated|
|rule|Sleep Clause Mod: Limit one foe put to sleep
|rule|Species Clause: Limit one of each Pokémon
|rule|OHKO Clause: OHKO moves are banned
|rule|Evasion Moves Clause: Evasion moves are banned
|rule|Endless Battle Clause: Forcing endless battles is banned
|rule|HP Percentage Mod: HP is shown in percentages
|rule|Dynamax Clause: You cannot dynamax
|clearpoke
|poke|p1|Barraskewda, M|
|poke|p1|Urshifu-*, M|
|poke|p1|Zapdos|
|poke|p1|Thundurus-Therian, M|
|poke|p1|Pelipper, F|
|poke|p1|Melmetal|
|poke|p2|Kartana|
|poke|p2|Dragapult, M|
|poke|p2|Slowbro-Galar, M|
|poke|p2|Zapdos-Galar|
|poke|p2|Zoroark, F|
|poke|p2|Garchomp, M|
|teampreview
|inactive|Battle timer is ON: inactive players will automatically lose when time's up. (requested by Hurriom)
|c|☆SetsuStsna|hf
|c|☆Hurriom|U too
|
|t:|1648415391
|start
|switch|p1a: Devi|Pelipper, F|100/100
|switch|p2a: Dragapult|Dragapult, M, shiny|100/100
|-weather|RainDance|[from] ability: Drizzle|[of] p1a: Devi
|turn|1
|
|t:|1648415398
|switch|p1a: Golgothal|Melmetal|100/100
|move|p2a: Dragapult|Reflect|p2a: Dragapult
|-sidestart|p2: SetsuStsna|Reflect
|
|-weather|RainDance|[upkeep]
|upkeep
|turn|2
|
|t:|1648415402
|move|p2a: Dragapult|Thunder Wave|p1a: Golgothal
|-status|p1a: Golgothal|par
|move|p1a: Golgothal|Superpower|p2a: Dragapult
|-immune|p2a: Dragapult
|
|-weather|RainDance|[upkeep]
|upkeep
|turn|3
|
|t:|1648415420
|move|p2a: Dragapult|Light Screen|p2a: Dragapult
|-sidestart|p2: SetsuStsna|move: Light Screen
|move|p1a: Golgothal|Ice Punch|p2a: Dragapult
|-supereffective|p2a: Dragapult
|-damage|p2a: Dragapult|57/100
|-status|p2a: Dragapult|frz
|
|-weather|RainDance|[upkeep]
|upkeep
|turn|4
|
|t:|1648415423
|cant|p2a: Dragapult|frz
|move|p1a: Golgothal|Double Iron Bash|p2a: Dragapult
|-damage|p2a: Dragapult|33/100 frz
|-damage|p2a: Dragapult|7/100 frz
|-hitcount|p2a: Dragapult|2
|
|-weather|RainDance|[upkeep]
|upkeep
|turn|5
|c|☆Hurriom|I didn’t even know that dragapult had screens
|
|t:|1648415451
|cant|p2a: Dragapult|frz
|move|p1a: Golgothal|Double Iron Bash|p2a: Dragapult
|-damage|p2a: Dragapult|0 fnt
|-start|p1a: Golgothal|Disable|Double Iron Bash|[from] ability: Cursed Body|[of] p2a: Dragapult
|faint|p2a: Dragapult
|-hitcount|p2: Dragapult|1
|
|-weather|RainDance|[upkeep]
|upkeep
|
|t:|1648415459
|switch|p2a: Zapdos|Zapdos-Galar|100/100
|turn|6
|
|t:|1648415472
|switch|p1a: Hurriom|Zapdos|100/100
|move|p2a: Zapdos|Agility|p2a: Zapdos
|-boost|p2a: Zapdos|spe|2
|
|-weather|RainDance|[upkeep]
|upkeep
|turn|7
|
|t:|1648415476
|move|p2a: Zapdos|Thunderous Kick|p1a: Hurriom
|-resisted|p1a: Hurriom
|-damage|p1a: Hurriom|70/100
|-unboost|p1a: Hurriom|def|1
|move|p1a: Hurriom|Volt Switch|p2a: Zapdos
|-supereffective|p2a: Zapdos
|-damage|p2a: Zapdos|39/100
|
|t:|1648415481
|switch|p1a: Yu-Raktian|Barraskewda, M, shiny|100/100|[from]move: Volt Switch
|
|-weather|RainDance|[upkeep]
|-heal|p2a: Zapdos|45/100|[from] item: Leftovers
|upkeep
|turn|8
|
|t:|1648415486
|move|p1a: Yu-Raktian|Liquidation|p2a: Zapdos
|-damage|p2a: Zapdos|8/100
|move|p2a: Zapdos|Thunderous Kick|p1a: Yu-Raktian
|-damage|p1a: Yu-Raktian|4/100
|-unboost|p1a: Yu-Raktian|def|1
|
|-weather|none
|-heal|p2a: Zapdos|14/100|[from] item: Leftovers
|-sideend|p2: SetsuStsna|Reflect
|upkeep
|turn|9
|
|t:|1648415491
|switch|p1a: Devi|Pelipper, F|100/100
|-weather|RainDance|[from] ability: Drizzle|[of] p1a: Devi
|move|p2a: Zapdos|Bulk Up|p2a: Zapdos
|-boost|p2a: Zapdos|atk|1
|-boost|p2a: Zapdos|def|1
|
|-weather|RainDance|[upkeep]
|-heal|p2a: Zapdos|20/100|[from] item: Leftovers
|upkeep
|turn|10
|
|t:|1648415497
|move|p2a: Zapdos|Drill Peck|p1a: Devi
|-damage|p1a: Devi|48/100
|move|p1a: Devi|U-turn|p2a: Zapdos
|-resisted|p2a: Zapdos
|-damage|p2a: Zapdos|18/100
|
|t:|1648415500
|switch|p1a: Yu-Raktian|Barraskewda, M, shiny|4/100|[from]move: U-turn
|
|-weather|RainDance|[upkeep]
|-heal|p2a: Zapdos|24/100|[from] item: Leftovers
|-sideend|p2: SetsuStsna|move: Light Screen
|upkeep
|turn|11
|
|t:|1648415510
|move|p1a: Yu-Raktian|Liquidation|p2a: Zapdos
|-damage|p2a: Zapdos|0 fnt
|faint|p2a: Zapdos
|
|-weather|RainDance|[upkeep]
|upkeep
|
|t:|1648415513
|switch|p2a: C.C.|Kartana, shiny|100/100
|turn|12
|
|t:|1648415524
|move|p1a: Yu-Raktian|Flip Turn|p2a: C.C.
|-resisted|p2a: C.C.
|-damage|p2a: C.C.|75/100
|
|t:|1648415526
|switch|p1a: Hurriom|Zapdos|70/100|[from]move: Flip Turn
|move|p2a: C.C.|Swords Dance|p2a: C.C.
|-boost|p2a: C.C.|atk|2
|
|-weather|RainDance|[upkeep]
|upkeep
|turn|13
|
|t:|1648415530
|move|p2a: C.C.|Knock Off|p1a: Hurriom
|-damage|p1a: Hurriom|0 fnt
|-enditem|p1a: Hurriom|Choice Specs|[from] move: Knock Off|[of] p2a: C.C.
|faint|p1a: Hurriom
|-ability|p2a: C.C.|Beast Boost|boost
|-boost|p2a: C.C.|spe|1
|-damage|p2a: C.C.|65/100|[from] item: Life Orb
|
|-weather|RainDance|[upkeep]
|upkeep
|
|t:|1648415534
|switch|p1a: Yu-Raktian|Barraskewda, M, shiny|4/100
|turn|14
|
|t:|1648415537
|switch|p2a: Kallen|Garchomp, M|100/100
|move|p1a: Yu-Raktian|Close Combat|p2a: Kallen
|-damage|p2a: Kallen|54/100
|-unboost|p1a: Yu-Raktian|def|1
|-unboost|p1a: Yu-Raktian|spd|1
|-damage|p1a: Yu-Raktian|0 fnt|[from] ability: Rough Skin|[of] p2a: Kallen
|faint|p1a: Yu-Raktian
|
|-weather|RainDance|[upkeep]
|upkeep
|
|t:|1648415544
|switch|p1a: Jinwho|Urshifu-Rapid-Strike, M|100/100
|turn|15
|
|t:|1648415548
|move|p1a: Jinwho|Close Combat|p2a: Kallen
|-damage|p2a: Kallen|0 fnt
|-unboost|p1a: Jinwho|def|1
|-unboost|p1a: Jinwho|spd|1
|-damage|p1a: Jinwho|88/100|[from] ability: Rough Skin|[of] p2a: Kallen
|faint|p2a: Kallen
|
|-weather|RainDance|[upkeep]
|upkeep
|
|t:|1648415552
|switch|p2a: Slowbro|Slowbro-Galar, M|100/100
|turn|16
|
|t:|1648415555
|switch|p1a: Golgothal|Melmetal|100/100 par
|move|p2a: Slowbro|Belly Drum|p2a: Slowbro
|-damage|p2a: Slowbro|51/100
|-setboost|p2a: Slowbro|atk|6|[from] move: Belly Drum
|
|-weather|none
|upkeep
|turn|17
|-activate|p2a: Slowbro|ability: Quick Draw
|
|t:|1648415559
|switch|p1a: Devi|Pelipper, F|48/100
|-weather|RainDance|[from] ability: Drizzle|[of] p1a: Devi
|move|p2a: Slowbro|Drain Punch|p1a: Devi
|-resisted|p1a: Devi
|-damage|p1a: Devi|13/100
|-heal|p2a: Slowbro|66/100|[from] drain|[of] p1a: Devi
|
|-weather|RainDance|[upkeep]
|upkeep
|turn|18
|
|t:|1648415567
|move|p1a: Devi|Knock Off|p2a: Slowbro
|-supereffective|p2a: Slowbro
|-damage|p2a: Slowbro|41/100
|-enditem|p2a: Slowbro|Quick Claw|[from] move: Knock Off|[of] p1a: Devi
|move|p2a: Slowbro|Drain Punch|p1a: Devi
|-resisted|p1a: Devi
|-damage|p1a: Devi|0 fnt
|-heal|p2a: Slowbro|47/100|[from] drain|[of] p1a: Devi
|faint|p1a: Devi
|
|-weather|RainDance|[upkeep]
|upkeep
|
|t:|1648415573
|switch|p1a: Vlamdorgoï|Thundurus-Therian, M, shiny|100/100
|turn|19
|-activate|p2a: Slowbro|ability: Quick Draw
|
|t:|1648415575
|move|p2a: Slowbro|Shell Side Arm|p1a: Vlamdorgoï|[anim] Shell Side Arm Physical
|-damage|p1a: Vlamdorgoï|0 fnt
|-hint|Physical Shell Side Arm
|faint|p1a: Vlamdorgoï
|
|-weather|RainDance|[upkeep]
|upkeep
|j| jaymz2006
|
|t:|1648415577
|switch|p1a: Jinwho|Urshifu-Rapid-Strike, M|88/100
|turn|20
|-activate|p2a: Slowbro|ability: Quick Draw
|
|t:|1648415582
|move|p2a: Slowbro|Zen Headbutt|p1a: Jinwho
|-supereffective|p1a: Jinwho
|-damage|p1a: Jinwho|0 fnt
|faint|p1a: Jinwho
|
|-weather|RainDance|[upkeep]
|upkeep
|c|☆Hurriom|Lucky on quick draw
|
|t:|1648415598
|switch|p1a: Golgothal|Melmetal|100/100 par
|turn|21
|j| odjagonas
|
|t:|1648415610
|move|p2a: Slowbro|Drain Punch|p1a: Golgothal
|-supereffective|p1a: Golgothal
|-damage|p1a: Golgothal|5/100 par
|-heal|p2a: Slowbro|100/100|[from] drain|[of] p1a: Golgothal
|move|p1a: Golgothal|Double Iron Bash|p2a: Slowbro
|-damage|p2a: Slowbro|57/100
|-damage|p2a: Slowbro|17/100
|-hitcount|p2a: Slowbro|2
|
|-weather|RainDance|[upkeep]
|upkeep
|turn|22
|j| deesnut
|j| ian_yo
|-activate|p2a: Slowbro|ability: Quick Draw
|
|t:|1648415613
|move|p2a: Slowbro|Drain Punch|p1a: Golgothal
|-supereffective|p1a: Golgothal
|-damage|p1a: Golgothal|0 fnt
|-heal|p2a: Slowbro|20/100|[from] drain|[of] p1a: Golgothal
|faint|p1a: Golgothal
|
|win|SetsuStsna
|raw|Hurriom's rating: 1619 &rarr; <strong>1601</strong><br />(-18 for losing)
|raw|SetsuStsna's rating: 1656 &rarr; <strong>1674</strong><br />(+18 for winning)
|c|☆SetsuStsna|gg
|l| jaymz2006
|l| deesnut
|l| odjagonas
|j| vkhss
||Ladder isn't responding, score probably updated but might not have (Request timeout).
