|html|<div class="broadcast-blue"><strong>[Gen 8] OU is currently suspecting Melmetal! For information on how to participate check out the <a href="https://www.smogon.com/forums/threads/np-ss-ou-suspect-process-round-12-monster-mash.3709234/">suspect thread</a>.</strong></div>
|j|☆ultimategoogolplex
|j|☆samohi0
|t:|1665953802
|gametype|singles
|player|p1|ultimategoogolplex|2|1553
|player|p2|samohi0|101|1586
|teamsize|p1|6
|teamsize|p2|6
|gen|8
|tier|[Gen 8] OU
|rated|
|rule|Sleep Clause Mod: Limit one foe put to sleep
|rule|Species Clause: Limit one of each Pokémon
|rule|OHKO Clause: OHKO moves are banned
|rule|Evasion Items Clause: Evasion items are banned
|rule|Evasion Moves Clause: Evasion moves are banned
|rule|Endless Battle Clause: Forcing endless battles is banned
|rule|HP Percentage Mod: HP is shown in percentages
|rule|Dynamax Clause: You cannot dynamax
|clearpoke
|poke|p1|Tapu Bulu|
|poke|p1|Dragonite, F|
|poke|p1|Melmetal|
|poke|p1|Swampert, F|
|poke|p1|Zeraora|
|poke|p1|Zapdos-Galar|
|poke|p2|Slowking-Galar, F|
|poke|p2|Keldeo-Resolute|
|poke|p2|Corviknight, F|
|poke|p2|Garchomp, F|
|poke|p2|Clefable, M|
|poke|p2|Volcarona, M|
|teampreview
|inactive|Battle timer is ON: inactive players will automatically lose when time's up. (requested by ultimategoogolplex)
|
|t:|1665953821
|start
|switch|p1a: Tapu Bulu|Tapu Bulu|100/100
|switch|p2a: Keldeo|Keldeo-Resolute|100/100
|-fieldstart|move: Grassy Terrain|[from] ability: Grassy Surge|[of] p1a: Tapu Bulu
|turn|1
|
|t:|1665953828
|switch|p2a: Corviknight|Corviknight, F|100/100
|-ability|p2a: Corviknight|Pressure
|move|p1a: Tapu Bulu|Rock Slide|p2a: Corviknight
|-damage|p2a: Corviknight|79/100
|-damage|p1a: Tapu Bulu|91/100|[from] item: Life Orb
|
|-heal|p1a: Tapu Bulu|97/100|[from] Grassy Terrain
|-heal|p2a: Corviknight|85/100|[from] item: Leftovers
|upkeep
|turn|2
|
|t:|1665953847
|switch|p1a: Swampert|Swampert, F|100/100
|move|p2a: Corviknight|U-turn|p1a: Swampert
|-crit|p1a: Swampert
|-damage|p1a: Swampert|86/100
|
|t:|1665953852
|switch|p2a: Keldeo|Keldeo-Resolute|100/100|[from]move: U-turn
|
|-heal|p1a: Swampert|93/100|[from] Grassy Terrain
|-heal|p1a: Swampert|99/100|[from] item: Leftovers
|upkeep
|turn|3
|
|t:|1665953861
|switch|p1a: Tapu Bulu|Tapu Bulu|97/100
|move|p2a: Keldeo|Substitute|p2a: Keldeo
|-start|p2a: Keldeo|Substitute
|-damage|p2a: Keldeo|76/100
|
|-heal|p2a: Keldeo|82/100|[from] Grassy Terrain
|-heal|p2a: Keldeo|88/100|[from] item: Leftovers
|-heal|p1a: Tapu Bulu|100/100|[from] Grassy Terrain
|upkeep
|turn|4
|
|t:|1665953871
|move|p2a: Keldeo|Scald|p1a: Tapu Bulu
|-resisted|p1a: Tapu Bulu
|-damage|p1a: Tapu Bulu|75/100
|move|p1a: Tapu Bulu|Horn Leech|p2a: Keldeo
|-supereffective|p2a: Keldeo
|-end|p2a: Keldeo|Substitute
|-heal|p1a: Tapu Bulu|89/100|[from] drain|[of] p2a: Keldeo
|-damage|p1a: Tapu Bulu|80/100|[from] item: Life Orb
|
|-heal|p2a: Keldeo|94/100|[from] Grassy Terrain
|-heal|p2a: Keldeo|100/100|[from] item: Leftovers
|-heal|p1a: Tapu Bulu|86/100|[from] Grassy Terrain
|upkeep
|turn|5
|
|t:|1665953884
|switch|p2a: Volcarona|Volcarona, M|100/100
|switch|p1a: Zapdos|Zapdos-Galar|100/100
|
|-fieldend|move: Grassy Terrain
|upkeep
|turn|6
|
|t:|1665953900
|switch|p2a: Corviknight|Corviknight, F|85/100
|-ability|p2a: Corviknight|Pressure
|move|p1a: Zapdos|Close Combat|p2a: Corviknight
|-damage|p2a: Corviknight|28/100
|-unboost|p1a: Zapdos|def|1
|-unboost|p1a: Zapdos|spd|1
|
|-heal|p2a: Corviknight|34/100|[from] item: Leftovers
|upkeep
|turn|7
|
|t:|1665953915
|switch|p1a: Melmetal|Melmetal|100/100
|switch|p2a: Volcarona|Volcarona, M|100/100
|
|upkeep
|turn|8
|
|t:|1665953921
|move|p2a: Volcarona|Fiery Dance|p1a: Melmetal
|-supereffective|p1a: Melmetal
|-damage|p1a: Melmetal|68/100
|-boost|p2a: Volcarona|spa|1
|move|p1a: Melmetal|Rock Slide|p2a: Volcarona
|-supereffective|p2a: Volcarona
|-damage|p2a: Volcarona|0 fnt
|faint|p2a: Volcarona
|
|upkeep
|
|t:|1665953934
|switch|p2a: Keldeo|Keldeo-Resolute|100/100
|turn|9
|
|t:|1665953957
|switch|p1a: Tapu Bulu|Tapu Bulu|86/100
|-fieldstart|move: Grassy Terrain|[from] ability: Grassy Surge|[of] p1a: Tapu Bulu
|move|p2a: Keldeo|Scald|p1a: Tapu Bulu
|-resisted|p1a: Tapu Bulu
|-damage|p1a: Tapu Bulu|61/100
|-status|p1a: Tapu Bulu|brn
|
|-heal|p1a: Tapu Bulu|67/100 brn|[from] Grassy Terrain
|-damage|p1a: Tapu Bulu|61/100 brn|[from] brn
|upkeep
|turn|10
|
|t:|1665953969
|switch|p2a: Corviknight|Corviknight, F|34/100
|-ability|p2a: Corviknight|Pressure
|switch|p1a: Dragonite|Dragonite, F|100/100
|
|-heal|p2a: Corviknight|41/100|[from] item: Leftovers
|upkeep
|turn|11
|
|t:|1665953982
|move|p1a: Dragonite|Heal Bell|p1a: Dragonite
|-activate|p1a: Dragonite|move: Heal Bell
|-curestatus|p1: Tapu Bulu|brn|[msg]
|move|p2a: Corviknight|U-turn|p1a: Dragonite
|-resisted|p1a: Dragonite
|-damage|p1a: Dragonite|98/100
|
|t:|1665953988
|switch|p2a: Clefable|Clefable, M|100/100|[from]move: U-turn
|
|upkeep
|turn|12
|
|t:|1665953994
|switch|p1a: Melmetal|Melmetal|68/100
|move|p2a: Clefable|Knock Off|p1a: Melmetal
|-damage|p1a: Melmetal|59/100
|-enditem|p1a: Melmetal|Assault Vest|[from] move: Knock Off|[of] p2a: Clefable
|
|-heal|p1a: Melmetal|66/100|[from] Grassy Terrain
|upkeep
|turn|13
|
|t:|1665954009
|switch|p2a: Garchomp|Garchomp, F|100/100
|switch|p1a: Zeraora|Zeraora|100/100
|
|-fieldend|move: Grassy Terrain
|upkeep
|turn|14
|
|t:|1665954015
|switch|p1a: Tapu Bulu|Tapu Bulu|61/100
|-fieldstart|move: Grassy Terrain|[from] ability: Grassy Surge|[of] p1a: Tapu Bulu
|move|p2a: Garchomp|Earthquake|p1a: Tapu Bulu
|-resisted|p1a: Tapu Bulu
|-damage|p1a: Tapu Bulu|46/100
|
|-heal|p1a: Tapu Bulu|52/100|[from] Grassy Terrain
|upkeep
|turn|15
|
|t:|1665954025
|switch|p2a: Corviknight|Corviknight, F|41/100
|-ability|p2a: Corviknight|Pressure
|move|p1a: Tapu Bulu|Swords Dance|p1a: Tapu Bulu
|-boost|p1a: Tapu Bulu|atk|2
|
|-heal|p1a: Tapu Bulu|58/100|[from] Grassy Terrain
|-heal|p2a: Corviknight|47/100|[from] item: Leftovers
|upkeep
|turn|16
|
|t:|1665954043
|move|p1a: Tapu Bulu|Close Combat|p2a: Corviknight
|-damage|p2a: Corviknight|0 fnt
|-unboost|p1a: Tapu Bulu|def|1
|-unboost|p1a: Tapu Bulu|spd|1
|faint|p2a: Corviknight
|-damage|p1a: Tapu Bulu|48/100|[from] item: Life Orb
|
|-heal|p1a: Tapu Bulu|54/100|[from] Grassy Terrain
|upkeep
|
|t:|1665954048
|switch|p2a: Slowking|Slowking-Galar, F|100/100
|turn|17
|
|t:|1665954053
|switch|p1a: Swampert|Swampert, F|99/100
|move|p2a: Slowking|Future Sight|p1a: Swampert
|-start|p2a: Slowking|move: Future Sight
|
|-heal|p1a: Swampert|100/100|[from] Grassy Terrain
|upkeep
|turn|18
|
|t:|1665954060
|switch|p2a: Keldeo|Keldeo-Resolute|100/100
|move|p1a: Swampert|Stealth Rock|p2a: Keldeo
|-sidestart|p2: samohi0|move: Stealth Rock
|
|-fieldend|move: Grassy Terrain
|upkeep
|turn|19
|
|t:|1665954070
|move|p2a: Keldeo|Substitute|p2a: Keldeo
|-start|p2a: Keldeo|Substitute
|-damage|p2a: Keldeo|76/100
|move|p1a: Swampert|High Horsepower|p2a: Keldeo
|-end|p2a: Keldeo|Substitute
|
|-end|p1a: Swampert|move: Future Sight
|-damage|p1a: Swampert|56/100
|-heal|p2a: Keldeo|82/100|[from] item: Leftovers
|-heal|p1a: Swampert|62/100|[from] item: Leftovers
|upkeep
|turn|20
|
|t:|1665954081
|move|p2a: Keldeo|Secret Sword|p1a: Swampert
|-damage|p1a: Swampert|34/100
|move|p1a: Swampert|Flip Turn|p2a: Keldeo
|-resisted|p2a: Keldeo
|-damage|p2a: Keldeo|69/100
|
|t:|1665954087
|switch|p1a: Tapu Bulu|Tapu Bulu|54/100|[from]move: Flip Turn
|-fieldstart|move: Grassy Terrain|[from] ability: Grassy Surge|[of] p1a: Tapu Bulu
|
|-heal|p2a: Keldeo|75/100|[from] Grassy Terrain
|-heal|p2a: Keldeo|82/100|[from] item: Leftovers
|-heal|p1a: Tapu Bulu|60/100|[from] Grassy Terrain
|upkeep
|turn|21
|
|t:|1665954105
|switch|p2a: Slowking|Slowking-Galar, F|100/100
|-damage|p2a: Slowking|88/100|[from] Stealth Rock
|move|p1a: Tapu Bulu|Horn Leech|p2a: Slowking
|-resisted|p2a: Slowking
|-damage|p2a: Slowking|55/100
|-heal|p1a: Tapu Bulu|83/100|[from] drain|[of] p2a: Slowking
|-damage|p1a: Tapu Bulu|73/100|[from] item: Life Orb
|
|-heal|p1a: Tapu Bulu|80/100|[from] Grassy Terrain
|-heal|p2a: Slowking|61/100|[from] Grassy Terrain
|upkeep
|turn|22
|
|t:|1665954117
|switch|p1a: Swampert|Swampert, F|34/100
|move|p2a: Slowking|Future Sight|p1a: Swampert
|-start|p2a: Slowking|move: Future Sight
|
|-heal|p1a: Swampert|41/100|[from] Grassy Terrain
|-heal|p1a: Swampert|47/100|[from] item: Leftovers
|-heal|p2a: Slowking|68/100|[from] Grassy Terrain
|upkeep
|turn|23
|
|t:|1665954125
|switch|p2a: Keldeo|Keldeo-Resolute|82/100
|-damage|p2a: Keldeo|75/100|[from] Stealth Rock
|move|p1a: Swampert|Ice Beam|p2a: Keldeo
|-resisted|p2a: Keldeo
|-damage|p2a: Keldeo|66/100
|
|-heal|p2a: Keldeo|72/100|[from] Grassy Terrain
|-heal|p2a: Keldeo|78/100|[from] item: Leftovers
|-heal|p1a: Swampert|53/100|[from] Grassy Terrain
|-heal|p1a: Swampert|59/100|[from] item: Leftovers
|upkeep
|turn|24
|
|t:|1665954138
|move|p2a: Keldeo|Secret Sword|p1a: Swampert
|-damage|p1a: Swampert|31/100
|move|p1a: Swampert|High Horsepower|p2a: Keldeo|[miss]
|-miss|p1a: Swampert|p2a: Keldeo
|
|-end|p1a: Swampert|move: Future Sight
|-damage|p1a: Swampert|0 fnt
|faint|p1a: Swampert
|-heal|p2a: Keldeo|84/100|[from] Grassy Terrain
|-heal|p2a: Keldeo|91/100|[from] item: Leftovers
|-fieldend|move: Grassy Terrain
|upkeep
|
|t:|1665954150
|switch|p1a: Zapdos|Zapdos-Galar|100/100
|turn|25
|
|t:|1665954161
|switch|p2a: Garchomp|Garchomp, F|100/100
|-damage|p2a: Garchomp|94/100|[from] Stealth Rock
|move|p1a: Zapdos|Brave Bird|p2a: Garchomp
|-damage|p2a: Garchomp|0 fnt
|-damage|p1a: Zapdos|88/100|[from] ability: Rough Skin|[of] p2a: Garchomp
|faint|p2a: Garchomp
|-damage|p1a: Zapdos|53/100|[from] Recoil
|
|upkeep
|
|t:|1665954163
|switch|p2a: Slowking|Slowking-Galar, F|100/100
|-damage|p2a: Slowking|88/100|[from] Stealth Rock
|turn|26
|
|t:|1665954173
|move|p1a: Zapdos|Brave Bird|p2a: Slowking
|-damage|p2a: Slowking|2/100
|-damage|p1a: Zapdos|19/100|[from] Recoil
|move|p2a: Slowking|Sludge Bomb|p1a: Zapdos
|-damage|p1a: Zapdos|0 fnt
|faint|p1a: Zapdos
|
|upkeep
|
|t:|1665954184
|switch|p1a: Tapu Bulu|Tapu Bulu|80/100
|-fieldstart|move: Grassy Terrain|[from] ability: Grassy Surge|[of] p1a: Tapu Bulu
|turn|27
|
|t:|1665954188
|move|p1a: Tapu Bulu|Horn Leech|p2a: Slowking
|-resisted|p2a: Slowking
|-damage|p2a: Slowking|0 fnt
|-heal|p1a: Tapu Bulu|81/100|[from] drain|[of] p2a: Slowking
|faint|p2a: Slowking
|-damage|p1a: Tapu Bulu|71/100|[from] item: Life Orb
|
|-heal|p1a: Tapu Bulu|77/100|[from] Grassy Terrain
|upkeep
|
|t:|1665954190
|switch|p2a: Clefable|Clefable, M|100/100
|turn|28
|
|t:|1665954198
|move|p1a: Tapu Bulu|Swords Dance|p1a: Tapu Bulu
|-boost|p1a: Tapu Bulu|atk|2
|move|p2a: Clefable|Moonblast|p1a: Tapu Bulu
|-damage|p1a: Tapu Bulu|39/100
|
|-heal|p1a: Tapu Bulu|45/100|[from] Grassy Terrain
|upkeep
|turn|29
|
|t:|1665954210
|move|p1a: Tapu Bulu|Horn Leech|p2a: Clefable
|-damage|p2a: Clefable|0 fnt
|-heal|p1a: Tapu Bulu|100/100|[from] drain|[of] p2a: Clefable
|faint|p2a: Clefable
|-damage|p1a: Tapu Bulu|91/100|[from] item: Life Orb
|
|-heal|p1a: Tapu Bulu|97/100|[from] Grassy Terrain
|upkeep
|-message|samohi0 forfeited.
|
|win|ultimategoogolplex
|raw|ultimategoogolplex's rating: 1553 &rarr; <strong>1575</strong><br />(+22 for winning)
|raw|samohi0's rating: 1586 &rarr; <strong>1564</strong><br />(-22 for losing)
|l|☆samohi0
