|j|☆seventhfeather
|j|☆Colonel Rivai
|t:|1647962042
|gametype|singles
|player|p1|seventhfeather|lady-gen4|1625
|player|p2|Colonel Rivai|265|1621
|teamsize|p1|6
|teamsize|p2|6
|gen|8
|tier|[Gen 8] OU
|rated|
|rule|Sleep Clause Mod: Limit one foe put to sleep
|rule|Species Clause: Limit one of each Pokémon
|rule|OHKO Clause: OHKO moves are banned
|rule|Evasion Moves Clause: Evasion moves are banned
|rule|Endless Battle Clause: Forcing endless battles is banned
|rule|HP Percentage Mod: HP is shown in percentages
|rule|Dynamax Clause: You cannot dynamax
|clearpoke
|poke|p1|Tapu Koko|
|poke|p1|Tapu Bulu|
|poke|p1|Tapu Fini|
|poke|p1|Latias, F|
|poke|p1|Garchomp, F|
|poke|p1|Zapdos-Galar|
|poke|p2|Hydreigon, M|
|poke|p2|Kartana|
|poke|p2|Blacephalon|
|poke|p2|Landorus-Therian, M|
|poke|p2|Melmetal|
|poke|p2|Toxapex, F|
|teampreview
|
|t:|1647962051
|start
|switch|p1a: Garchomp|Garchomp, F|100/100
|switch|p2a: Hydreigon|Hydreigon, M|100/100
|turn|1
|inactive|Battle timer is ON: inactive players will automatically lose when time's up. (requested by Colonel Rivai)
|inactive|seventhfeather also wants the timer to be on.
|
|t:|1647962057
|move|p1a: Garchomp|Stealth Rock|p2a: Hydreigon
|-sidestart|p2: Colonel Rivai|move: Stealth Rock
|move|p2a: Hydreigon|Beat Up|p1a: Garchomp
|-damage|p1a: Garchomp|89/100
|-damage|p1a: Garchomp|71/100
|-damage|p1a: Garchomp|58/100
|-damage|p1a: Garchomp|43/100
|-damage|p1a: Garchomp|29/100
|-damage|p1a: Garchomp|21/100
|-hitcount|p1a: Garchomp|6
|
|upkeep
|turn|2
|
|t:|1647962061
|switch|p2a: Landorus|Landorus-Therian, M|100/100
|-damage|p2a: Landorus|88/100|[from] Stealth Rock
|-ability|p2a: Landorus|Intimidate|boost
|-unboost|p1a: Garchomp|atk|1
|move|p1a: Garchomp|Outrage|p2a: Landorus
|-damage|p2a: Landorus|50/100
|
|-heal|p2a: Landorus|56/100|[from] item: Leftovers
|upkeep
|turn|3
|
|t:|1647962067
|move|p1a: Garchomp|Outrage|p2a: Landorus|[from]lockedmove
|-damage|p2a: Landorus|12/100
|move|p2a: Landorus|Defog|p1a: Garchomp
|-unboost|p1a: Garchomp|evasion|1
|-sideend|p2: Colonel Rivai|Stealth Rock|[from] move: Defog|[of] p2a: Landorus
|
|-heal|p2a: Landorus|18/100|[from] item: Leftovers
|upkeep
|turn|4
|
|t:|1647962072
|switch|p2a: Toxapex|Toxapex, F|100/100
|move|p1a: Garchomp|Outrage|p2a: Toxapex|[from]lockedmove
|-damage|p2a: Toxapex|76/100
|-damage|p1a: Garchomp|4/100|[from] item: Rocky Helmet|[of] p2a: Toxapex
|-start|p1a: Garchomp|confusion|[fatigue]
|
|upkeep
|turn|5
|
|t:|1647962075
|switch|p2a: Landorus|Landorus-Therian, M|18/100
|-ability|p2a: Landorus|Intimidate|boost
|-unboost|p1a: Garchomp|atk|1
|-activate|p1a: Garchomp|confusion
|move|p1a: Garchomp|Stealth Rock|p2a: Landorus
|-sidestart|p2: Colonel Rivai|move: Stealth Rock
|
|-heal|p2a: Landorus|24/100|[from] item: Leftovers
|upkeep
|turn|6
|
|t:|1647962079
|-activate|p1a: Garchomp|confusion
|-damage|p1a: Garchomp|0 fnt|[from] confusion
|faint|p1a: Garchomp
|move|p2a: Landorus|Defog|p1: Garchomp|[notarget]
|-fail|p2a: Landorus
|
|-heal|p2a: Landorus|30/100|[from] item: Leftovers
|upkeep
|
|t:|1647962083
|switch|p1a: Zapdos|Zapdos-Galar|100/100
|turn|7
|inactive|Colonel Rivai has 120 seconds left.
|
|t:|1647962116
|switch|p2a: Toxapex|Toxapex, F|100/100
|-damage|p2a: Toxapex|88/100|[from] Stealth Rock
|move|p1a: Zapdos|Brave Bird|p2a: Toxapex
|-damage|p2a: Toxapex|51/100
|-damage|p1a: Zapdos|84/100|[from] item: Rocky Helmet|[of] p2a: Toxapex
|-damage|p1a: Zapdos|72/100|[from] Recoil
|
|-heal|p1a: Zapdos|78/100|[from] item: Leftovers
|upkeep
|turn|8
|
|t:|1647962125
|move|p1a: Zapdos|Substitute|p1a: Zapdos
|-start|p1a: Zapdos|Substitute
|-damage|p1a: Zapdos|53/100
|move|p2a: Toxapex|Recover|p2a: Toxapex
|-heal|p2a: Toxapex|100/100
|
|-heal|p1a: Zapdos|60/100|[from] item: Leftovers
|upkeep
|turn|9
|j| Electronno
|
|t:|1647962129
|move|p1a: Zapdos|Bulk Up|p1a: Zapdos
|-boost|p1a: Zapdos|atk|1
|-boost|p1a: Zapdos|def|1
|move|p2a: Toxapex|Haze|p2a: Toxapex
|-clearallboost
|
|-heal|p1a: Zapdos|66/100|[from] item: Leftovers
|upkeep
|turn|10
|j| jeanmilapipe
|
|t:|1647962134
|move|p1a: Zapdos|Bulk Up|p1a: Zapdos
|-boost|p1a: Zapdos|atk|1
|-boost|p1a: Zapdos|def|1
|move|p2a: Toxapex|Knock Off|p1a: Zapdos
|-resisted|p1a: Zapdos
|-activate|p1a: Zapdos|move: Substitute|[damage]
|
|-heal|p1a: Zapdos|72/100|[from] item: Leftovers
|upkeep
|turn|11
|
|t:|1647962138
|move|p1a: Zapdos|Brave Bird|p2a: Toxapex
|-damage|p2a: Toxapex|45/100
|-damage|p1a: Zapdos|56/100|[from] item: Rocky Helmet|[of] p2a: Toxapex
|-damage|p1a: Zapdos|38/100|[from] Recoil
|move|p2a: Toxapex|Haze|p2a: Toxapex
|-clearallboost
|
|-heal|p1a: Zapdos|44/100|[from] item: Leftovers
|upkeep
|turn|12
|
|t:|1647962144
|move|p1a: Zapdos|Bulk Up|p1a: Zapdos
|-boost|p1a: Zapdos|atk|1
|-boost|p1a: Zapdos|def|1
|move|p2a: Toxapex|Recover|p2a: Toxapex
|-heal|p2a: Toxapex|95/100
|
|-heal|p1a: Zapdos|51/100|[from] item: Leftovers
|upkeep
|turn|13
|
|t:|1647962147
|move|p1a: Zapdos|Bulk Up|p1a: Zapdos
|-boost|p1a: Zapdos|atk|1
|-boost|p1a: Zapdos|def|1
|move|p2a: Toxapex|Haze|p2a: Toxapex
|-clearallboost
|
|-heal|p1a: Zapdos|57/100|[from] item: Leftovers
|upkeep
|turn|14
|
|t:|1647962153
|move|p1a: Zapdos|Bulk Up|p1a: Zapdos
|-boost|p1a: Zapdos|atk|1
|-boost|p1a: Zapdos|def|1
|move|p2a: Toxapex|Knock Off|p1a: Zapdos
|-resisted|p1a: Zapdos
|-activate|p1a: Zapdos|move: Substitute|[damage]
|
|-heal|p1a: Zapdos|63/100|[from] item: Leftovers
|upkeep
|turn|15
|
|t:|1647962155
|move|p1a: Zapdos|Bulk Up|p1a: Zapdos
|-boost|p1a: Zapdos|atk|1
|-boost|p1a: Zapdos|def|1
|move|p2a: Toxapex|Haze|p2a: Toxapex
|-clearallboost
|
|-heal|p1a: Zapdos|69/100|[from] item: Leftovers
|upkeep
|turn|16
|
|t:|1647962157
|move|p1a: Zapdos|Bulk Up|p1a: Zapdos
|-boost|p1a: Zapdos|atk|1
|-boost|p1a: Zapdos|def|1
|move|p2a: Toxapex|Knock Off|p1a: Zapdos
|-resisted|p1a: Zapdos
|-activate|p1a: Zapdos|move: Substitute|[damage]
|
|-heal|p1a: Zapdos|76/100|[from] item: Leftovers
|upkeep
|turn|17
|
|t:|1647962160
|move|p1a: Zapdos|Bulk Up|p1a: Zapdos
|-boost|p1a: Zapdos|atk|1
|-boost|p1a: Zapdos|def|1
|move|p2a: Toxapex|Haze|p2a: Toxapex
|-clearallboost
|
|-heal|p1a: Zapdos|82/100|[from] item: Leftovers
|upkeep
|turn|18
|
|t:|1647962162
|move|p1a: Zapdos|Bulk Up|p1a: Zapdos
|-boost|p1a: Zapdos|atk|1
|-boost|p1a: Zapdos|def|1
|move|p2a: Toxapex|Knock Off|p1a: Zapdos
|-resisted|p1a: Zapdos
|-activate|p1a: Zapdos|move: Substitute|[damage]
|
|-heal|p1a: Zapdos|88/100|[from] item: Leftovers
|upkeep
|turn|19
|
|t:|1647962164
|move|p1a: Zapdos|Bulk Up|p1a: Zapdos
|-boost|p1a: Zapdos|atk|1
|-boost|p1a: Zapdos|def|1
|move|p2a: Toxapex|Haze|p2a: Toxapex
|-clearallboost
|
|-heal|p1a: Zapdos|94/100|[from] item: Leftovers
|upkeep
|turn|20
|
|t:|1647962166
|move|p1a: Zapdos|Bulk Up|p1a: Zapdos
|-boost|p1a: Zapdos|atk|1
|-boost|p1a: Zapdos|def|1
|move|p2a: Toxapex|Knock Off|p1a: Zapdos
|-resisted|p1a: Zapdos
|-end|p1a: Zapdos|Substitute
|
|-heal|p1a: Zapdos|100/100|[from] item: Leftovers
|upkeep
|turn|21
|
|t:|1647962169
|move|p1a: Zapdos|Substitute|p1a: Zapdos
|-start|p1a: Zapdos|Substitute
|-damage|p1a: Zapdos|76/100
|move|p2a: Toxapex|Haze|p2a: Toxapex
|-clearallboost
|
|-heal|p1a: Zapdos|82/100|[from] item: Leftovers
|upkeep
|turn|22
|
|t:|1647962171
|switch|p2a: Melmetal|Melmetal|100/100
|-damage|p2a: Melmetal|94/100|[from] Stealth Rock
|move|p1a: Zapdos|Bulk Up|p1a: Zapdos
|-boost|p1a: Zapdos|atk|1
|-boost|p1a: Zapdos|def|1
|
|-heal|p1a: Zapdos|88/100|[from] item: Leftovers
|upkeep
|turn|23
|
|t:|1647962175
|move|p1a: Zapdos|Brave Bird|p2a: Melmetal
|-resisted|p2a: Melmetal
|-damage|p2a: Melmetal|67/100
|-damage|p1a: Zapdos|77/100|[from] Recoil
|move|p2a: Melmetal|Double Iron Bash|p1a: Zapdos
|-end|p1a: Zapdos|Substitute
|-damage|p1a: Zapdos|40/100
|-hitcount|p1a: Zapdos|2
|
|-heal|p1a: Zapdos|46/100|[from] item: Leftovers
|upkeep
|turn|24
|
|t:|1647962180
|switch|p2a: Toxapex|Toxapex, F|100/100
|-damage|p2a: Toxapex|88/100|[from] Stealth Rock
|move|p1a: Zapdos|Close Combat|p2a: Toxapex
|-resisted|p2a: Toxapex
|-damage|p2a: Toxapex|60/100
|-unboost|p1a: Zapdos|def|1
|-unboost|p1a: Zapdos|spd|1
|-damage|p1a: Zapdos|30/100|[from] item: Rocky Helmet|[of] p2a: Toxapex
|
|-heal|p1a: Zapdos|36/100|[from] item: Leftovers
|upkeep
|turn|25
|
|t:|1647962186
|switch|p2a: Blacephalon|Blacephalon|100/100
|-damage|p2a: Blacephalon|76/100|[from] Stealth Rock
|move|p1a: Zapdos|Brave Bird|p2a: Blacephalon
|-damage|p2a: Blacephalon|0 fnt
|faint|p2a: Blacephalon
|-damage|p1a: Zapdos|17/100|[from] Recoil
|
|-heal|p1a: Zapdos|23/100|[from] item: Leftovers
|upkeep
|
|t:|1647962189
|switch|p2a: Kartana|Kartana|100/100
|-damage|p2a: Kartana|94/100|[from] Stealth Rock
|turn|26
|
|t:|1647962192
|switch|p1a: Tapu Bulu|Tapu Bulu|100/100
|-fieldstart|move: Grassy Terrain|[from] ability: Grassy Surge|[of] p1a: Tapu Bulu
|move|p2a: Kartana|Leaf Blade|p1a: Tapu Bulu
|-resisted|p1a: Tapu Bulu
|-damage|p1a: Tapu Bulu|53/100
|
|-heal|p2a: Kartana|100/100|[from] Grassy Terrain
|-heal|p1a: Tapu Bulu|59/100|[from] Grassy Terrain
|-heal|p1a: Tapu Bulu|65/100|[from] item: Leftovers
|upkeep
|turn|27
|
|t:|1647962199
|switch|p2a: Toxapex|Toxapex, F|93/100
|-damage|p2a: Toxapex|81/100|[from] Stealth Rock
|move|p1a: Tapu Bulu|Close Combat|p2a: Toxapex
|-resisted|p2a: Toxapex
|-damage|p2a: Toxapex|68/100
|-unboost|p1a: Tapu Bulu|def|1
|-unboost|p1a: Tapu Bulu|spd|1
|-damage|p1a: Tapu Bulu|48/100|[from] item: Rocky Helmet|[of] p2a: Toxapex
|
|-heal|p1a: Tapu Bulu|54/100|[from] Grassy Terrain
|-heal|p1a: Tapu Bulu|60/100|[from] item: Leftovers
|-heal|p2a: Toxapex|74/100|[from] Grassy Terrain
|upkeep
|turn|28
|
|t:|1647962205
|switch|p1a: Zapdos|Zapdos-Galar|23/100
|switch|p2a: Hydreigon|Hydreigon, M|100/100
|-damage|p2a: Hydreigon|88/100|[from] Stealth Rock
|
|-heal|p1a: Zapdos|29/100|[from] item: Leftovers
|upkeep
|turn|29
|
|t:|1647962211
|move|p1a: Zapdos|Brave Bird|p2a: Hydreigon
|-damage|p2a: Hydreigon|17/100
|-damage|p1a: Zapdos|6/100|[from] Recoil
|move|p2a: Hydreigon|Beat Up|p1a: Zapdos
|-resisted|p1a: Zapdos
|-damage|p1a: Zapdos|0 fnt
|faint|p1a: Zapdos
|-hitcount|p1: Zapdos|1
|
|upkeep
|
|t:|1647962216
|switch|p1a: Tapu Koko|Tapu Koko|100/100
|-fieldstart|move: Electric Terrain|[from] ability: Electric Surge|[of] p1a: Tapu Koko
|turn|30
|
|t:|1647962221
|switch|p2a: Landorus|Landorus-Therian, M|30/100
|-damage|p2a: Landorus|17/100|[from] Stealth Rock
|-ability|p2a: Landorus|Intimidate|boost
|-unboost|p1a: Tapu Koko|atk|1
|move|p1a: Tapu Koko|Reflect|p1a: Tapu Koko
|-sidestart|p1: seventhfeather|Reflect
|
|-heal|p2a: Landorus|23/100|[from] item: Leftovers
|upkeep
|turn|31
|
|t:|1647962225
|move|p1a: Tapu Koko|Taunt|p2a: Landorus
|-start|p2a: Landorus|move: Taunt
|cant|p2a: Landorus|move: Taunt|Defog
|
|-heal|p2a: Landorus|29/100|[from] item: Leftovers
|upkeep
|turn|32
|
|t:|1647962227
|move|p1a: Tapu Koko|Light Screen|p1a: Tapu Koko
|-sidestart|p1: seventhfeather|move: Light Screen
|move|p2a: Landorus|Earthquake|p1a: Tapu Koko
|-supereffective|p1a: Tapu Koko
|-crit|p1a: Tapu Koko
|-damage|p1a: Tapu Koko|0 fnt
|faint|p1a: Tapu Koko
|
|-heal|p2a: Landorus|35/100|[from] item: Leftovers
|upkeep
|
|t:|1647962231
|switch|p1a: Latias|Latias, F|100/100
|turn|33
|
|t:|1647962236
|switch|p2a: Melmetal|Melmetal|67/100
|-damage|p2a: Melmetal|61/100|[from] Stealth Rock
|move|p1a: Latias|Agility|p1a: Latias
|-boost|p1a: Latias|spe|2
|
|upkeep
|turn|34
|
|t:|1647962240
|move|p1a: Latias|Calm Mind|p1a: Latias
|-boost|p1a: Latias|spa|1
|-boost|p1a: Latias|spd|1
|move|p2a: Melmetal|Double Iron Bash|p1a: Latias
|-damage|p1a: Latias|84/100
|-damage|p1a: Latias|69/100
|-hitcount|p1a: Latias|2
|
|-fieldend|move: Electric Terrain
|upkeep
|turn|35
|
|t:|1647962246
|move|p1a: Latias|Calm Mind|p1a: Latias
|-boost|p1a: Latias|spa|1
|-boost|p1a: Latias|spd|1
|move|p2a: Melmetal|Double Iron Bash|p1a: Latias
|-damage|p1a: Latias|54/100
|-damage|p1a: Latias|38/100
|-hitcount|p1a: Latias|2
|
|upkeep
|turn|36
|
|t:|1647962252
|move|p1a: Latias|Mystical Fire|p2a: Melmetal
|-supereffective|p2a: Melmetal
|-damage|p2a: Melmetal|21/100
|-unboost|p2a: Melmetal|spa|1
|move|p2a: Melmetal|Double Iron Bash|p1a: Latias
|-damage|p1a: Latias|22/100
|-damage|p1a: Latias|7/100
|-hitcount|p1a: Latias|2
|
|upkeep
|turn|37
|
|t:|1647962256
|move|p1a: Latias|Mystical Fire|p2a: Melmetal
|-supereffective|p2a: Melmetal
|-damage|p2a: Melmetal|0 fnt
|faint|p2a: Melmetal
|
|-sideend|p1: seventhfeather|Reflect
|upkeep
|
|t:|1647962261
|switch|p2a: Kartana|Kartana|100/100
|-damage|p2a: Kartana|94/100|[from] Stealth Rock
|turn|38
|
|t:|1647962263
|move|p1a: Latias|Mystical Fire|p2a: Kartana
|-supereffective|p2a: Kartana
|-damage|p2a: Kartana|0 fnt
|faint|p2a: Kartana
|
|upkeep
|l|☆Colonel Rivai
|inactive|Colonel Rivai disconnected and has a minute to reconnect!
|player|p2|
|l| Electronno
|inactive|Colonel Rivai has 30 seconds to reconnect!
|inactive|Colonel Rivai has 20 seconds to reconnect!
|inactive|Colonel Rivai has 15 seconds to reconnect!
|inactive|Colonel Rivai has 10 seconds to reconnect!
|inactive|Colonel Rivai has 5 seconds to reconnect!
|-message|Colonel Rivai lost due to inactivity.
|
|win|seventhfeather
|raw|seventhfeather's rating: 1642 &rarr; <strong>1661</strong><br />(+19 for winning)
|raw|Colonel Rivai's rating: 1621 &rarr; <strong>1602</strong><br />(-19 for losing)
||Ladder isn't responding, score probably updated but might not have (Request timeout).
