|j|☆lurecuiner
|j|☆GGeorgie
|t:|1668035356
|gametype|singles
|player|p1|lurecuiner|grimsley|1503
|player|p2|GGeorgie|hiker-gen2|1496
|teamsize|p1|6
|teamsize|p2|6
|gen|8
|tier|[Gen 8] OU
|rated|
|rule|Sleep Clause Mod: Limit one foe put to sleep
|rule|Species Clause: Limit one of each Pokémon
|rule|OHKO Clause: OHKO moves are banned
|rule|Evasion Items Clause: Evasion items are banned
|rule|Evasion Moves Clause: Evasion moves are banned
|rule|Endless Battle Clause: Forcing endless battles is banned
|rule|HP Percentage Mod: HP is shown in percentages
|rule|Dynamax Clause: You cannot dynamax
|clearpoke
|poke|p1|Torkoal, M|
|poke|p1|Venusaur, F|
|poke|p1|Regieleki|
|poke|p1|Weavile, M|
|poke|p1|Heatran, M|
|poke|p1|Landorus-Therian, M|
|poke|p2|Zapdos|
|poke|p2|Tyranitar, M|
|poke|p2|Landorus-Therian, M|
|poke|p2|Excadrill, M|
|poke|p2|Clefable, M|
|poke|p2|Ferrothorn, M|
|teampreview
|inactive|Battle timer is ON: inactive players will automatically lose when time's up. (requested by GGeorgie)
|inactive|lurecuiner has 120 seconds left.
|
|t:|1668035400
|start
|switch|p1a: Torkoal|Torkoal, M|100/100
|switch|p2a: Landorus|Landorus-Therian, M|100/100
|-ability|p2a: Landorus|Intimidate|boost
|-unboost|p1a: Torkoal|atk|1
|-weather|SunnyDay|[from] ability: Drought|[of] p1a: Torkoal
|turn|1
|
|t:|1668035410
|move|p2a: Landorus|U-turn|p1a: Torkoal
|-resisted|p1a: Torkoal
|-damage|p1a: Torkoal|93/100
|
|t:|1668035412
|switch|p2a: Clefable|Clefable, M|100/100|[from]move: U-turn
|move|p1a: Torkoal|Stealth Rock|p2a: Clefable
|-sidestart|p2: GGeorgie|move: Stealth Rock
|
|-weather|SunnyDay|[upkeep]
|upkeep
|turn|2
|inactive|lurecuiner has 120 seconds left.
|
|t:|1668035448
|switch|p2a: Tyranitar|Tyranitar, M, shiny|100/100
|-damage|p2a: Tyranitar|88/100|[from] Stealth Rock
|-weather|Sandstorm|[from] ability: Sand Stream|[of] p2a: Tyranitar
|switch|p1a: Venusaur|Venusaur, F|100/100
|
|-weather|Sandstorm|[upkeep]
|-damage|p1a: Venusaur|95/100|[from] Sandstorm
|upkeep
|turn|3
|inactive|lurecuiner has 120 seconds left.
|
|t:|1668035466
|switch|p2a: Ferrothorn|Ferrothorn, M, shiny|100/100
|-damage|p2a: Ferrothorn|94/100|[from] Stealth Rock
|move|p1a: Venusaur|Giga Drain|p2a: Ferrothorn
|-resisted|p2a: Ferrothorn
|-damage|p2a: Ferrothorn|85/100
|-heal|p1a: Venusaur|99/100|[from] drain|[of] p2a: Ferrothorn
|-damage|p1a: Venusaur|90/100|[from] item: Life Orb
|
|-weather|Sandstorm|[upkeep]
|-damage|p1a: Venusaur|84/100|[from] Sandstorm
|upkeep
|turn|4
|
|t:|1668035476
|switch|p1a: Torkoal|Torkoal, M|93/100
|-weather|SunnyDay|[from] ability: Drought|[of] p1a: Torkoal
|move|p2a: Ferrothorn|Knock Off|p1a: Torkoal
|-damage|p1a: Torkoal|80/100
|-enditem|p1a: Torkoal|Heat Rock|[from] move: Knock Off|[of] p2a: Ferrothorn
|
|-weather|SunnyDay|[upkeep]
|upkeep
|turn|5
|inactive|lurecuiner has 120 seconds left.
|
|t:|1668035486
|switch|p2a: Clefable|Clefable, M|100/100
|move|p1a: Torkoal|Body Press|p2a: Clefable
|-resisted|p2a: Clefable
|-damage|p2a: Clefable|89/100
|
|-weather|SunnyDay|[upkeep]
|upkeep
|turn|6
|inactive|lurecuiner has 120 seconds left.
|
|t:|1668035497
|move|p2a: Clefable|Moonblast|p1a: Torkoal
|-resisted|p1a: Torkoal
|-damage|p1a: Torkoal|52/100
|-unboost|p1a: Torkoal|spa|1
|move|p1a: Torkoal|Body Press|p2a: Clefable
|-resisted|p2a: Clefable
|-damage|p2a: Clefable|75/100
|
|-weather|SunnyDay|[upkeep]
|upkeep
|turn|7
|inactive|lurecuiner has 120 seconds left.
|
|t:|1668035513
|switch|p2a: Landorus|Landorus-Therian, M|100/100
|-damage|p2a: Landorus|88/100|[from] Stealth Rock
|-ability|p2a: Landorus|Intimidate|boost
|-unboost|p1a: Torkoal|atk|1
|switch|p1a: Venusaur|Venusaur, F|84/100
|
|-weather|SunnyDay|[upkeep]
|upkeep
|turn|8
|
|t:|1668035527
|move|p1a: Venusaur|Growth|p1a: Venusaur
|-boost|p1a: Venusaur|atk|2
|-boost|p1a: Venusaur|spa|2
|move|p2a: Landorus|Earthquake|p1a: Venusaur
|-damage|p1a: Venusaur|13/100
|
|-weather|SunnyDay|[upkeep]
|upkeep
|turn|9
|
|t:|1668035532
|switch|p2a: Ferrothorn|Ferrothorn, M, shiny|85/100
|-damage|p2a: Ferrothorn|79/100|[from] Stealth Rock
|move|p1a: Venusaur|Giga Drain|p2a: Ferrothorn
|-resisted|p2a: Ferrothorn
|-damage|p2a: Ferrothorn|61/100
|-heal|p1a: Venusaur|23/100|[from] drain|[of] p2a: Ferrothorn
|-damage|p1a: Venusaur|13/100|[from] item: Life Orb
|
|-weather|SunnyDay|[upkeep]
|upkeep
|turn|10
|
|t:|1668035537
|switch|p2a: Tyranitar|Tyranitar, M, shiny|88/100
|-damage|p2a: Tyranitar|76/100|[from] Stealth Rock
|-weather|Sandstorm|[from] ability: Sand Stream|[of] p2a: Tyranitar
|move|p1a: Venusaur|Weather Ball|p2a: Tyranitar
|-damage|p2a: Tyranitar|23/100
|-damage|p1a: Venusaur|3/100|[from] item: Life Orb
|
|-weather|Sandstorm|[upkeep]
|-damage|p1a: Venusaur|0 fnt|[from] Sandstorm
|faint|p1a: Venusaur
|upkeep
|inactive|lurecuiner has 120 seconds left.
|
|t:|1668035572
|switch|p1a: Weavile|Weavile, M|100/100
|turn|11
|
|t:|1668035591
|move|p1a: Weavile|Knock Off|p2a: Tyranitar
|-resisted|p2a: Tyranitar
|-damage|p2a: Tyranitar|0 fnt
|-enditem|p2a: Tyranitar|Hard Stone|[from] move: Knock Off|[of] p1a: Weavile
|faint|p2a: Tyranitar
|
|-weather|Sandstorm|[upkeep]
|-damage|p1a: Weavile|94/100|[from] Sandstorm
|upkeep
|
|t:|1668035593
|switch|p2a: Excadrill|Excadrill, M|100/100
|-damage|p2a: Excadrill|97/100|[from] Stealth Rock
|turn|12
|
|t:|1668035598
|switch|p1a: Torkoal|Torkoal, M|52/100
|-weather|SunnyDay|[from] ability: Drought|[of] p1a: Torkoal
|move|p2a: Excadrill|Rapid Spin|p1a: Torkoal
|-damage|p1a: Torkoal|40/100
|-boost|p2a: Excadrill|spe|1
|-sideend|p2: GGeorgie|Stealth Rock|[from] move: Rapid Spin|[of] p2a: Excadrill
|
|-weather|SunnyDay|[upkeep]
|-heal|p2a: Excadrill|100/100|[from] item: Leftovers
|upkeep
|turn|13
|inactive|lurecuiner has 120 seconds left.
|
|t:|1668035616
|switch|p1a: Landorus|Landorus-Therian, M|100/100
|-ability|p1a: Landorus|Intimidate|boost
|-unboost|p2a: Excadrill|atk|1
|move|p2a: Excadrill|Iron Head|p1a: Landorus
|-damage|p1a: Landorus|71/100
|
|-weather|SunnyDay|[upkeep]
|-heal|p1a: Landorus|77/100|[from] item: Leftovers
|upkeep
|turn|14
|
|t:|1668035627
|move|p2a: Excadrill|Iron Head|p1a: Landorus
|-damage|p1a: Landorus|48/100
|move|p1a: Landorus|U-turn|p2a: Excadrill
|-resisted|p2a: Excadrill
|-damage|p2a: Excadrill|84/100
|
|t:|1668035640
|switch|p1a: Heatran|Heatran, M|100/100|[from]move: U-turn
|-item|p1a: Heatran|Air Balloon
|
|-weather|SunnyDay|[upkeep]
|-heal|p2a: Excadrill|90/100|[from] item: Leftovers
|upkeep
|turn|15
|
|t:|1668035649
|move|p2a: Excadrill|Iron Head|p1a: Heatran
|-resisted|p1a: Heatran
|-damage|p1a: Heatran|93/100
|-enditem|p1a: Heatran|Air Balloon
|cant|p1a: Heatran|flinch
|
|-weather|SunnyDay|[upkeep]
|-heal|p2a: Excadrill|96/100|[from] item: Leftovers
|upkeep
|turn|16
|
|t:|1668035661
|switch|p1a: Landorus|Landorus-Therian, M|48/100
|-ability|p1a: Landorus|Intimidate|boost
|-unboost|p2a: Excadrill|atk|1
|move|p2a: Excadrill|Swords Dance|p2a: Excadrill
|-boost|p2a: Excadrill|atk|2
|
|-weather|none
|-heal|p2a: Excadrill|100/100|[from] item: Leftovers
|-heal|p1a: Landorus|54/100|[from] item: Leftovers
|upkeep
|turn|17
|
|t:|1668035670
|move|p2a: Excadrill|Iron Head|p1a: Landorus
|-damage|p1a: Landorus|6/100
|cant|p1a: Landorus|flinch
|
|-heal|p1a: Landorus|12/100|[from] item: Leftovers
|upkeep
|turn|18
|inactive|lurecuiner has 120 seconds left.
|
|t:|1668035677
|move|p2a: Excadrill|Rapid Spin|p1a: Landorus
|-damage|p1a: Landorus|0 fnt
|-boost|p2a: Excadrill|spe|1
|faint|p1a: Landorus
|
|upkeep
|inactive|lurecuiner has 120 seconds left.
|c|☆lurecuiner|XD!
|
|t:|1668035700
|switch|p1a: Weavile|Weavile, M|94/100
|turn|19
|c|☆lurecuiner|gg
|
|t:|1668035706
|move|p1a: Weavile|Ice Shard|p2a: Excadrill
|-damage|p2a: Excadrill|73/100
|move|p2a: Excadrill|Iron Head|p1a: Weavile
|-supereffective|p1a: Weavile
|-crit|p1a: Weavile
|-damage|p1a: Weavile|0 fnt
|faint|p1a: Weavile
|
|-heal|p2a: Excadrill|79/100|[from] item: Leftovers
|upkeep
|
|t:|1668035709
|switch|p1a: Regieleki|Regieleki|100/100
|turn|20
|
|t:|1668035732
|move|p2a: Excadrill|Earthquake|p1a: Regieleki
|-supereffective|p1a: Regieleki
|-damage|p1a: Regieleki|0 fnt
|faint|p1a: Regieleki
|
|-heal|p2a: Excadrill|85/100|[from] item: Leftovers
|upkeep
|
|t:|1668035734
|switch|p1a: Torkoal|Torkoal, M|40/100
|-weather|SunnyDay|[from] ability: Drought|[of] p1a: Torkoal
|turn|21
|
|t:|1668035739
|move|p2a: Excadrill|Earthquake|p1a: Torkoal
|-supereffective|p1a: Torkoal
|-damage|p1a: Torkoal|0 fnt
|faint|p1a: Torkoal
|
|-weather|SunnyDay|[upkeep]
|-heal|p2a: Excadrill|91/100|[from] item: Leftovers
|upkeep
|
|t:|1668035741
|switch|p1a: Heatran|Heatran, M|93/100
|turn|22
|
|t:|1668035756
|move|p2a: Excadrill|Earthquake|p1a: Heatran
|-supereffective|p1a: Heatran
|-damage|p1a: Heatran|0 fnt
|faint|p1a: Heatran
|
|win|GGeorgie
|raw|lurecuiner's rating: 1503 &rarr; <strong>1481</strong><br />(-22 for losing)
|raw|GGeorgie's rating: 1474 &rarr; <strong>1496</strong><br />(+22 for winning)
