|j|☆minimax_ai
|j|☆Steez Ibanez
|t:|1667974692
|gametype|singles
|player|p1|minimax_ai|169|1744
|player|p2|Steez Ibanez|acetrainer-gen7|1787
|teamsize|p1|6
|teamsize|p2|6
|gen|8
|tier|[Gen 8] OU
|rated|
|rule|Sleep Clause Mod: Limit one foe put to sleep
|rule|Species Clause: Limit one of each Pokémon
|rule|OHKO Clause: OHKO moves are banned
|rule|Evasion Items Clause: Evasion items are banned
|rule|Evasion Moves Clause: Evasion moves are banned
|rule|Endless Battle Clause: Forcing endless battles is banned
|rule|HP Percentage Mod: HP is shown in percentages
|rule|Dynamax Clause: You cannot dynamax
|clearpoke
|poke|p1|Rotom-Wash|
|poke|p1|Weavile, F|
|poke|p1|Landorus-Therian, M|
|poke|p1|Heatran, M|
|poke|p1|Tangrowth, F|
|poke|p1|Melmetal|
|poke|p2|Slowking-Galar, M|
|poke|p2|Zapdos|
|poke|p2|Garchomp, M|
|poke|p2|Urshifu-*, M|
|poke|p2|Ferrothorn, M|
|poke|p2|Hydreigon, M|
|teampreview
|inactive|Battle timer is ON: inactive players will automatically lose when time's up. (requested by Steez Ibanez)
|c|☆minimax_ai|hf
|inactive|minimax_ai also wants the timer to be on.
|
|t:|1667974698
|start
|switch|p1a: landorustherian|Landorus-Therian, M|100/100
|switch|p2a: Tanjiro Kun|Urshifu-Rapid-Strike, M|100/100
|-ability|p1a: landorustherian|Intimidate|boost
|-unboost|p2a: Tanjiro Kun|atk|1
|turn|1
|
|t:|1667974701
|switch|p1a: Tangrowth|Tangrowth, F|100/100
|move|p2a: Tanjiro Kun|U-turn|p1a: Tangrowth
|-supereffective|p1a: Tangrowth
|-damage|p1a: Tangrowth|83/100
|
|t:|1667974703
|switch|p2a: Hades|Hydreigon, M|100/100|[from]move: U-turn
|
|upkeep
|turn|2
|
|t:|1667974714
|switch|p1a: Melmetal|Melmetal|100/100
|move|p2a: Hades|Substitute|p2a: Hades
|-start|p2a: Hades|Substitute
|-damage|p2a: Hades|76/100
|
|-heal|p2a: Hades|82/100|[from] item: Leftovers
|upkeep
|turn|3
|
|t:|1667974718
|switch|p2a: Abomination|Ferrothorn, M|100/100
|move|p1a: Melmetal|Ice Punch|p2a: Abomination
|-damage|p2a: Abomination|82/100
|-damage|p1a: Melmetal|88/100|[from] ability: Iron Barbs|[of] p2a: Abomination
|-damage|p1a: Melmetal|71/100|[from] item: Rocky Helmet|[of] p2a: Abomination
|
|upkeep
|turn|4
|
|t:|1667974722
|switch|p1a: landorustherian|Landorus-Therian, M|100/100
|-ability|p1a: landorustherian|Intimidate|boost
|-unboost|p2a: Abomination|atk|1
|move|p2a: Abomination|Spikes|p1a: landorustherian
|-sidestart|p1: minimax_ai|Spikes
|
|upkeep
|turn|5
|
|t:|1667974724
|move|p1a: landorustherian|Defog|p2a: Abomination
|-unboost|p2a: Abomination|evasion|1
|-sideend|p1: minimax_ai|Spikes|[from] move: Defog|[of] p1a: landorustherian
|move|p2a: Abomination|Knock Off|p1a: landorustherian
|-damage|p1a: landorustherian|87/100
|-enditem|p1a: landorustherian|Leftovers|[from] move: Knock Off|[of] p2a: Abomination
|
|upkeep
|turn|6
|
|t:|1667974728
|move|p1a: landorustherian|U-turn|p2a: Abomination
|-damage|p2a: Abomination|68/100
|-damage|p1a: landorustherian|74/100|[from] ability: Iron Barbs|[of] p2a: Abomination
|-damage|p1a: landorustherian|58/100|[from] item: Rocky Helmet|[of] p2a: Abomination
|
|t:|1667974728
|switch|p1a: Tangrowth|Tangrowth, F|100/100|[from]move: U-turn
|move|p2a: Abomination|Leech Seed|p1a: Tangrowth
|-immune|p1a: Tangrowth
|
|upkeep
|turn|7
|
|t:|1667974730
|switch|p2a: Bolt|Zapdos|100/100
|move|p1a: Tangrowth|Focus Blast|p2a: Bolt
|-resisted|p2a: Bolt
|-damage|p2a: Bolt|86/100
|
|upkeep
|turn|8
|
|t:|1667974734
|switch|p1a: Melmetal|Melmetal|71/100
|move|p2a: Bolt|Volt Switch|p1a: Melmetal
|-damage|p1a: Melmetal|55/100
|
|t:|1667974736
|switch|p2a: Hades|Hydreigon, M|82/100|[from]move: Volt Switch
|
|-heal|p2a: Hades|88/100|[from] item: Leftovers
|upkeep
|turn|9
|
|t:|1667974737
|switch|p2a: Abomination|Ferrothorn, M|68/100
|move|p1a: Melmetal|Double Iron Bash|p2a: Abomination
|-resisted|p2a: Abomination
|-damage|p2a: Abomination|56/100
|-damage|p1a: Melmetal|43/100|[from] ability: Iron Barbs|[of] p2a: Abomination
|-damage|p1a: Melmetal|26/100|[from] item: Rocky Helmet|[of] p2a: Abomination
|-resisted|p2a: Abomination
|-damage|p2a: Abomination|44/100
|-damage|p1a: Melmetal|14/100|[from] ability: Iron Barbs|[of] p2a: Abomination
|-damage|p1a: Melmetal|0 fnt|[from] item: Rocky Helmet|[of] p2a: Abomination
|faint|p1a: Melmetal
|-hitcount|p2a: Abomination|2
|
|upkeep
|
|t:|1667974737
|switch|p1a: Heatran|Heatran, M|100/100
|-item|p1a: Heatran|Air Balloon
|turn|10
|
|t:|1667974740
|switch|p2a: Tanjiro Kun|Urshifu-Rapid-Strike, M|100/100
|move|p1a: Heatran|Eruption|p2a: Tanjiro Kun
|-resisted|p2a: Tanjiro Kun
|-damage|p2a: Tanjiro Kun|37/100
|
|upkeep
|turn|11
|
|t:|1667974744
|switch|p1a: Tangrowth|Tangrowth, F|100/100
|move|p2a: Tanjiro Kun|U-turn|p1a: Tangrowth
|-supereffective|p1a: Tangrowth
|-damage|p1a: Tangrowth|74/100
|
|t:|1667974747
|switch|p2a: Hades|Hydreigon, M|88/100|[from]move: U-turn
|
|-heal|p2a: Hades|94/100|[from] item: Leftovers
|upkeep
|turn|12
|
|t:|1667974750
|switch|p1a: rotomwash|Rotom-Wash|100/100
|move|p2a: Hades|Dark Pulse|p1a: rotomwash
|-damage|p1a: rotomwash|56/100
|
|-heal|p2a: Hades|99/100|[from] item: Leftovers
|-heal|p1a: rotomwash|62/100|[from] item: Leftovers
|upkeep
|turn|13
|
|t:|1667974752
|move|p2a: Hades|Substitute|p2a: Hades
|-start|p2a: Hades|Substitute
|-damage|p2a: Hades|75/100
|move|p1a: rotomwash|Pain Split||[still]
|-fail|p1a: rotomwash
|
|-heal|p2a: Hades|81/100|[from] item: Leftovers
|-heal|p1a: rotomwash|68/100|[from] item: Leftovers
|upkeep
|turn|14
|
|t:|1667974755
|switch|p1a: Heatran|Heatran, M|100/100
|-item|p1a: Heatran|Air Balloon
|move|p2a: Hades|Dark Pulse|p1a: Heatran
|-damage|p1a: Heatran|61/100
|-enditem|p1a: Heatran|Air Balloon
|
|-heal|p2a: Hades|88/100|[from] item: Leftovers
|upkeep
|turn|15
|
|t:|1667974757
|move|p2a: Hades|Dark Pulse|p1a: Heatran
|-damage|p1a: Heatran|20/100
|move|p1a: Heatran|Stealth Rock|p2a: Hades
|-sidestart|p2: Steez Ibanez|move: Stealth Rock
|
|-heal|p2a: Hades|94/100|[from] item: Leftovers
|upkeep
|turn|16
|j| LT_Alt1
|
|t:|1667974760
|move|p2a: Hades|Dark Pulse|p1a: Heatran
|-damage|p1a: Heatran|0 fnt
|faint|p1a: Heatran
|
|-heal|p2a: Hades|99/100|[from] item: Leftovers
|upkeep
|
|t:|1667974760
|switch|p1a: landorustherian|Landorus-Therian, M|58/100
|-ability|p1a: landorustherian|Intimidate|boost
|-immune|p2a: Hades
|turn|17
|
|t:|1667974762
|move|p2a: Hades|Dark Pulse|p1a: landorustherian
|-damage|p1a: landorustherian|27/100
|move|p1a: landorustherian|U-turn|p2a: Hades
|-supereffective|p2a: Hades
|-end|p2a: Hades|Substitute
|
|t:|1667974762
|switch|p1a: Weavile|Weavile, F|100/100|[from]move: U-turn
|-ability|p1a: Weavile|Pressure
|
|-heal|p2a: Hades|100/100|[from] item: Leftovers
|upkeep
|turn|18
|
|t:|1667974766
|switch|p2a: Abomination|Ferrothorn, M|44/100
|-damage|p2a: Abomination|38/100|[from] Stealth Rock
|move|p1a: Weavile|Triple Axel|p2a: Abomination
|-damage|p2a: Abomination|28/100
|-damage|p1a: Weavile|88/100|[from] ability: Iron Barbs|[of] p2a: Abomination
|-damage|p1a: Weavile|72/100|[from] item: Rocky Helmet|[of] p2a: Abomination
|-damage|p2a: Abomination|10/100
|-damage|p1a: Weavile|59/100|[from] ability: Iron Barbs|[of] p2a: Abomination
|-damage|p1a: Weavile|43/100|[from] item: Rocky Helmet|[of] p2a: Abomination
|-damage|p2a: Abomination|0 fnt
|-damage|p1a: Weavile|30/100|[from] ability: Iron Barbs|[of] p2a: Abomination
|-damage|p1a: Weavile|14/100|[from] item: Rocky Helmet|[of] p2a: Abomination
|faint|p2a: Abomination
|-hitcount|p2: Abomination|3
|
|upkeep
|
|t:|1667974771
|switch|p2a: Samehada|Garchomp, M|100/100
|-damage|p2a: Samehada|94/100|[from] Stealth Rock
|turn|19
|
|t:|1667974772
|move|p1a: Weavile|Triple Axel|p2a: Samehada
|-supereffective|p2a: Samehada
|-damage|p2a: Samehada|50/100
|-damage|p1a: Weavile|2/100|[from] ability: Rough Skin|[of] p2a: Samehada
|-supereffective|p2a: Samehada
|-damage|p2a: Samehada|0 fnt
|-damage|p1a: Weavile|0 fnt|[from] ability: Rough Skin|[of] p2a: Samehada
|faint|p2a: Samehada
|faint|p1a: Weavile
|-hitcount|p2: Samehada|2
|
|upkeep
|
|t:|1667974778
|switch|p1a: rotomwash|Rotom-Wash|68/100
|switch|p2a: Tanjiro Kun|Urshifu-Rapid-Strike, M|37/100
|-damage|p2a: Tanjiro Kun|31/100|[from] Stealth Rock
|turn|20
|
|t:|1667974780
|move|p2a: Tanjiro Kun|Close Combat|p1a: rotomwash
|-damage|p1a: rotomwash|0 fnt
|-unboost|p2a: Tanjiro Kun|def|1
|-unboost|p2a: Tanjiro Kun|spd|1
|faint|p1a: rotomwash
|
|upkeep
|
|t:|1667974780
|switch|p1a: Tangrowth|Tangrowth, F|100/100
|turn|21
|
|t:|1667974783
|move|p2a: Tanjiro Kun|U-turn|p1a: Tangrowth
|-supereffective|p1a: Tangrowth
|-damage|p1a: Tangrowth|75/100
|
|t:|1667974785
|switch|p2a: Bolt|Zapdos|86/100|[from]move: U-turn
|move|p1a: Tangrowth|Sleep Powder|p2a: Bolt
|-status|p2a: Bolt|slp|[from] move: Sleep Powder
|
|upkeep
|turn|22
|
|t:|1667974788
|cant|p2a: Bolt|slp
|move|p1a: Tangrowth|Focus Blast|p2a: Bolt|[miss]
|-miss|p1a: Tangrowth|p2a: Bolt
|
|upkeep
|turn|23
|
|t:|1667974789
|cant|p2a: Bolt|slp
|move|p1a: Tangrowth|Focus Blast|p2a: Bolt
|-resisted|p2a: Bolt
|-damage|p2a: Bolt|71/100 slp
|
|upkeep
|turn|24
|
|t:|1667974791
|-curestatus|p2a: Bolt|slp|[msg]
|move|p2a: Bolt|Heat Wave|p1a: Tangrowth
|-supereffective|p1a: Tangrowth
|-damage|p1a: Tangrowth|0 fnt
|faint|p1a: Tangrowth
|
|upkeep
|
|t:|1667974791
|switch|p1a: landorustherian|Landorus-Therian, M|27/100
|-ability|p1a: landorustherian|Intimidate|boost
|-unboost|p2a: Bolt|atk|1
|turn|25
|
|t:|1667974793
|move|p2a: Bolt|Heat Wave|p1a: landorustherian|[miss]
|-miss|p2a: Bolt|p1a: landorustherian
|move|p1a: landorustherian|Toxic|p2a: Bolt
|-status|p2a: Bolt|tox
|
|-damage|p2a: Bolt|65/100 tox|[from] psn
|upkeep
|turn|26
|
|t:|1667974794
|move|p2a: Bolt|Toxic|p1a: landorustherian
|-status|p1a: landorustherian|tox
|move|p1a: landorustherian|Toxic|p2a: Bolt
|-fail|p2a: Bolt|tox
|
|-damage|p2a: Bolt|53/100 tox|[from] psn
|-damage|p1a: landorustherian|21/100 tox|[from] psn
|upkeep
|turn|27
|
|t:|1667974797
|move|p2a: Bolt|Heat Wave|p1a: landorustherian
|-damage|p1a: landorustherian|0 fnt
|faint|p1a: landorustherian
|
|win|Steez Ibanez
|raw|minimax_ai's rating: 1744 &rarr; <strong>1726</strong><br />(-18 for losing)
|raw|Steez Ibanez's rating: 1787 &rarr; <strong>1805</strong><br />(+18 for winning)
|c|☆minimax_ai|gg
