|j|☆early_human
|j|☆Snivyite
|t:|1635102956
|gametype|singles
|player|p1|early_human|dancer|1862
|player|p2|Snivyite|lucas-gen4pt|1839
|teamsize|p1|6
|teamsize|p2|6
|gen|8
|tier|[Gen 8] OU
|rated|
|rule|Sleep Clause Mod: Limit one foe put to sleep
|rule|Species Clause: Limit one of each Pokémon
|rule|OHKO Clause: OHKO moves are banned
|rule|Evasion Moves Clause: Evasion moves are banned
|rule|Endless Battle Clause: Forcing endless battles is banned
|rule|HP Percentage Mod: HP is shown in percentages
|rule|Dynamax Clause: You cannot dynamax
|clearpoke
|poke|p1|Moltres-Galar|
|poke|p1|Aegislash, M|
|poke|p1|Buzzwole|
|poke|p1|Latios, M|
|poke|p1|Landorus-Therian, M|
|poke|p1|Bisharp, M|
|poke|p2|Heatran, M|
|poke|p2|Tapu Lele|
|poke|p2|Corviknight, M|
|poke|p2|Garchomp, F|
|poke|p2|Tapu Fini|
|poke|p2|Dragapult, F|
|teampreview
|j| learning boi
|j| squishyskewda
|inactive|Battle timer is ON: inactive players will automatically lose when time's up. (requested by early_human)
|
|t:|1635102986
|start
|switch|p1a: Bisharp|Bisharp, M|100/100
|switch|p2a: Dragapult|Dragapult, F|100/100
|turn|1
|
|t:|1635102999
|switch|p2a: Tapu Fini|Tapu Fini|100/100
|-fieldstart|move: Misty Terrain|[from] ability: Misty Surge|[of] p2a: Tapu Fini
|move|p1a: Bisharp|Knock Off|p2a: Tapu Fini
|-resisted|p2a: Tapu Fini
|-crit|p2a: Tapu Fini
|-damage|p2a: Tapu Fini|73/100
|-enditem|p2a: Tapu Fini|Leftovers|[from] move: Knock Off|[of] p1a: Bisharp
|
|upkeep
|turn|2
|
|t:|1635103006
|move|p2a: Tapu Fini|Nature's Madness|p1a: Bisharp
|-damage|p1a: Bisharp|51/100
|move|p1a: Bisharp|Iron Head|p2a: Tapu Fini
|-crit|p2a: Tapu Fini
|-damage|p2a: Tapu Fini|26/100
|
|upkeep
|turn|3
|
|t:|1635103012
|move|p2a: Tapu Fini|Moonblast|p1a: Bisharp
|-damage|p1a: Bisharp|20/100
|move|p1a: Bisharp|Knock Off|p2a: Tapu Fini
|-resisted|p2a: Tapu Fini
|-damage|p2a: Tapu Fini|14/100
|
|upkeep
|turn|4
|
|t:|1635103017
|move|p2a: Tapu Fini|Moonblast|p1a: Bisharp
|-damage|p1a: Bisharp|0 fnt
|faint|p1a: Bisharp
|
|upkeep
|
|t:|1635103020
|switch|p1a: Landorus|Landorus-Therian, M|100/100
|-ability|p1a: Landorus|Intimidate|boost
|-unboost|p2a: Tapu Fini|atk|1
|turn|5
|
|t:|1635103025
|switch|p2a: Corviknight|Corviknight, M|100/100
|-ability|p2a: Corviknight|Pressure
|move|p1a: Landorus|Earthquake|p2a: Corviknight
|-immune|p2a: Corviknight
|
|-fieldend|Misty Terrain
|upkeep
|turn|6
|
|t:|1635103029
|move|p1a: Landorus|Stealth Rock|p2a: Corviknight
|-sidestart|p2: Snivyite|move: Stealth Rock
|move|p2a: Corviknight|Brave Bird|p1a: Landorus
|-damage|p1a: Landorus|56/100
|-damage|p2a: Corviknight|89/100|[from] Recoil
|
|-heal|p2a: Corviknight|95/100|[from] item: Leftovers
|upkeep
|turn|7
|
|t:|1635103037
|switch|p1a: Aegislash|Aegislash, M|100/100
|move|p2a: Corviknight|Defog|p1a: Aegislash
|-unboost|p1a: Aegislash|evasion|1
|-sideend|p2: Snivyite|Stealth Rock|[from] move: Defog|[of] p2a: Corviknight
|
|-heal|p2a: Corviknight|100/100|[from] item: Leftovers
|upkeep
|turn|8
|
|t:|1635103041
|move|p2a: Corviknight|U-turn|p1a: Aegislash
|-resisted|p1a: Aegislash
|-damage|p1a: Aegislash|98/100
|
|t:|1635103044
|switch|p2a: Tapu Fini|Tapu Fini|14/100|[from]move: U-turn
|-fieldstart|move: Misty Terrain|[from] ability: Misty Surge|[of] p2a: Tapu Fini
|-formechange|p1a: Aegislash|Aegislash-Blade||[from] ability: Stance Change
|move|p1a: Aegislash|Shadow Ball|p2a: Tapu Fini
|-damage|p2a: Tapu Fini|0 fnt
|faint|p2a: Tapu Fini
|
|upkeep
|
|t:|1635103069
|switch|p2a: Dragapult|Dragapult, F|100/100
|turn|9
|
|t:|1635103083
|-formechange|p1a: Aegislash|Aegislash||[from] ability: Stance Change
|move|p1a: Aegislash|King's Shield|p1a: Aegislash
|-singleturn|p1a: Aegislash|Protect
|move|p2a: Dragapult|Shadow Ball|p1a: Aegislash
|-activate|p1a: Aegislash|move: Protect
|
|upkeep
|turn|10
|
|t:|1635103090
|switch|p2a: Heatran|Heatran, M|100/100
|switch|p1a: Moltres|Moltres-Galar|100/100
|
|upkeep
|turn|11
|
|t:|1635103096
|move|p1a: Moltres|Nasty Plot|p1a: Moltres
|-boost|p1a: Moltres|spa|2
|move|p2a: Heatran|Stealth Rock|p1a: Moltres
|-sidestart|p1: early_human|move: Stealth Rock
|
|upkeep
|turn|12
|
|t:|1635103101
|move|p1a: Moltres|Agility|p1a: Moltres
|-boost|p1a: Moltres|spe|2
|move|p2a: Heatran|Toxic|p1a: Moltres
|-status|p1a: Moltres|tox
|
|-damage|p1a: Moltres|94/100 tox|[from] psn
|-fieldend|Misty Terrain
|upkeep
|turn|13
|
|t:|1635103109
|move|p1a: Moltres|Fiery Wrath|p2a: Heatran
|-damage|p2a: Heatran|51/100
|move|p2a: Heatran|Magma Storm|p1a: Moltres
|-damage|p1a: Moltres|58/100 tox
|-activate|p1a: Moltres|move: Magma Storm|[of] p2a: Heatran
|
|-heal|p2a: Heatran|57/100|[from] item: Leftovers
|-damage|p1a: Moltres|46/100 tox|[from] psn
|-damage|p1a: Moltres|34/100 tox|[from] move: Magma Storm|[partiallytrapped]
|upkeep
|turn|14
|
|t:|1635103115
|move|p1a: Moltres|Nasty Plot|p1a: Moltres
|-boost|p1a: Moltres|spa|2
|move|p2a: Heatran|Earth Power|p1a: Moltres
|-immune|p1a: Moltres
|
|-heal|p2a: Heatran|64/100|[from] item: Leftovers
|-damage|p1a: Moltres|16/100 tox|[from] psn
|-damage|p1a: Moltres|4/100 tox|[from] move: Magma Storm|[partiallytrapped]
|upkeep
|turn|15
|
|t:|1635103117
|move|p1a: Moltres|Fiery Wrath|p2a: Heatran
|-damage|p2a: Heatran|0 fnt
|faint|p2a: Heatran
|
|-damage|p1a: Moltres|0 fnt|[from] psn
|faint|p1a: Moltres
|upkeep
|j| dtygjfyuil
|j| Nesnot
|
|t:|1635103131
|switch|p1a: Aegislash|Aegislash, M|98/100
|switch|p2a: Corviknight|Corviknight, M|100/100
|-ability|p2a: Corviknight|Pressure
|-damage|p1a: Aegislash|92/100|[from] Stealth Rock
|turn|16
|j| Nidokyurem
|
|t:|1635103136
|move|p2a: Corviknight|Roost||[still]
|-fail|p2a: Corviknight|heal
|-formechange|p1a: Aegislash|Aegislash-Blade||[from] ability: Stance Change
|move|p1a: Aegislash|Shadow Ball|p2a: Corviknight
|-damage|p2a: Corviknight|66/100
|
|-heal|p2a: Corviknight|72/100|[from] item: Leftovers
|upkeep
|turn|17
|
|t:|1635103142
|move|p2a: Corviknight|Roost|p2a: Corviknight
|-heal|p2a: Corviknight|100/100
|-singleturn|p2a: Corviknight|move: Roost
|move|p1a: Aegislash|Shadow Ball|p2a: Corviknight
|-damage|p2a: Corviknight|61/100
|-unboost|p2a: Corviknight|spd|1
|
|-heal|p2a: Corviknight|67/100|[from] item: Leftovers
|upkeep
|turn|18
|
|t:|1635103156
|move|p2a: Corviknight|Brave Bird|p1a: Aegislash
|-resisted|p1a: Aegislash
|-damage|p1a: Aegislash|58/100
|-damage|p2a: Corviknight|58/100|[from] Recoil
|move|p1a: Aegislash|Shadow Ball|p2a: Corviknight
|-damage|p2a: Corviknight|6/100
|
|-heal|p2a: Corviknight|12/100|[from] item: Leftovers
|upkeep
|turn|19
|
|t:|1635103164
|move|p2a: Corviknight|Brave Bird|p1a: Aegislash
|-resisted|p1a: Aegislash
|-damage|p1a: Aegislash|22/100
|-damage|p2a: Corviknight|3/100|[from] Recoil
|move|p1a: Aegislash|Shadow Ball|p2a: Corviknight
|-damage|p2a: Corviknight|0 fnt
|faint|p2a: Corviknight
|
|upkeep
|
|t:|1635103168
|switch|p2a: Dragapult|Dragapult, F|100/100
|turn|20
|
|t:|1635103175
|-formechange|p1a: Aegislash|Aegislash||[from] ability: Stance Change
|move|p1a: Aegislash|King's Shield|p1a: Aegislash
|-singleturn|p1a: Aegislash|Protect
|move|p2a: Dragapult|Shadow Ball|p1a: Aegislash
|-activate|p1a: Aegislash|move: Protect
|
|upkeep
|turn|21
|
|t:|1635103182
|-formechange|p1a: Aegislash|Aegislash-Blade||[from] ability: Stance Change
|move|p1a: Aegislash|Shadow Sneak|p2a: Dragapult
|-supereffective|p2a: Dragapult
|-damage|p2a: Dragapult|51/100
|move|p2a: Dragapult|Shadow Ball|p1a: Aegislash
|-supereffective|p1a: Aegislash
|-damage|p1a: Aegislash|0 fnt
|faint|p1a: Aegislash
|
|upkeep
|
|t:|1635103186
|switch|p1a: Buzzwole|Buzzwole|100/100
|-damage|p1a: Buzzwole|88/100|[from] Stealth Rock
|turn|22
|
|t:|1635103196
|move|p2a: Dragapult|Shadow Ball|p1a: Buzzwole
|-damage|p1a: Buzzwole|1/100
|move|p1a: Buzzwole|Ice Punch|p2a: Dragapult
|-supereffective|p2a: Dragapult
|-damage|p2a: Dragapult|0 fnt
|faint|p2a: Dragapult
|-ability|p1a: Buzzwole|Beast Boost|boost
|-boost|p1a: Buzzwole|atk|1
|
|upkeep
|
|t:|1635103205
|switch|p2a: Tapu Lele|Tapu Lele|100/100
|-fieldstart|move: Psychic Terrain|[from] ability: Psychic Surge|[of] p2a: Tapu Lele
|turn|23
|
|t:|1635103207
|move|p2a: Tapu Lele|Moonblast|p1a: Buzzwole
|-supereffective|p1a: Buzzwole
|-damage|p1a: Buzzwole|0 fnt
|faint|p1a: Buzzwole
|
|upkeep
|
|t:|1635103213
|switch|p1a: Latios|Latios, M|100/100
|-damage|p1a: Latios|88/100|[from] Stealth Rock
|turn|24
|
|t:|1635103215
|move|p1a: Latios|Mystical Fire|p2a: Tapu Lele
|-damage|p2a: Tapu Lele|70/100
|-unboost|p2a: Tapu Lele|spa|1
|move|p2a: Tapu Lele|Moonblast|p1a: Latios
|-supereffective|p1a: Latios
|-damage|p1a: Latios|0 fnt
|faint|p1a: Latios
|
|upkeep
|
|t:|1635103219
|switch|p1a: Landorus|Landorus-Therian, M|56/100
|-damage|p1a: Landorus|44/100|[from] Stealth Rock
|-ability|p1a: Landorus|Intimidate|boost
|-unboost|p2a: Tapu Lele|atk|1
|turn|25
|
|t:|1635103221
|move|p1a: Landorus|Earthquake|p2a: Tapu Lele
|-damage|p2a: Tapu Lele|0 fnt
|faint|p2a: Tapu Lele
|
|upkeep
|j| SupaTerrestrial
|
|t:|1635103223
|switch|p2a: Garchomp|Garchomp, F|100/100
|turn|26
|
|t:|1635103235
|move|p2a: Garchomp|Scale Shot|p1a: Landorus
|-damage|p1a: Landorus|29/100
|-crit|p1a: Landorus
|-damage|p1a: Landorus|6/100
|-hitcount|p1a: Landorus|2
|-unboost|p2a: Garchomp|def|1
|-boost|p2a: Garchomp|spe|1
|move|p1a: Landorus|Rock Tomb|p2a: Garchomp
|-resisted|p2a: Garchomp
|-damage|p2a: Garchomp|85/100
|-unboost|p2a: Garchomp|spe|1
|
|-heal|p2a: Garchomp|92/100|[from] item: Leftovers
|upkeep
|turn|27
|-message|early_human forfeited.
|
|win|Snivyite
|raw|early_human's rating: 1862 &rarr; <strong>1841</strong><br />(-21 for losing)
|raw|Snivyite's rating: 1839 &rarr; <strong>1860</strong><br />(+21 for winning)
|l|☆early_human
