|j|☆Fastpitchkiller
|j|☆Gieros
|t:|1648856740
|gametype|singles
|player|p1|Fastpitchkiller|169|1759
|player|p2|Gieros|pokemonrangerf|1678
|teamsize|p1|6
|teamsize|p2|6
|gen|8
|tier|[Gen 8] OU
|rated|
|rule|Sleep Clause Mod: Limit one foe put to sleep
|rule|Species Clause: Limit one of each Pokémon
|rule|OHKO Clause: OHKO moves are banned
|rule|Evasion Moves Clause: Evasion moves are banned
|rule|Endless Battle Clause: Forcing endless battles is banned
|rule|HP Percentage Mod: HP is shown in percentages
|rule|Dynamax Clause: You cannot dynamax
|clearpoke
|poke|p1|Blaziken, M|
|poke|p1|Slowbro, F|
|poke|p1|Tyranitar, M|
|poke|p1|Corviknight, M|
|poke|p1|Landorus-Therian, M|
|poke|p1|Tapu Koko|
|poke|p2|Dragapult, F|
|poke|p2|Bisharp, F|
|poke|p2|Keldeo-Resolute|
|poke|p2|Landorus-Therian, M|
|poke|p2|Corviknight, M|
|poke|p2|Slowking, M|
|teampreview
|
|t:|1648856756
|start
|switch|p1a: Enamorousito|Landorus-Therian, M|100/100
|switch|p2a: Keldeo|Keldeo-Resolute|100/100
|-ability|p1a: Enamorousito|Intimidate|boost
|-unboost|p2a: Keldeo|atk|1
|turn|1
|
|t:|1648856764
|switch|p2a: Bisharp|Bisharp, F|100/100
|move|p1a: Enamorousito|Earthquake|p2a: Bisharp
|-supereffective|p2a: Bisharp
|-damage|p2a: Bisharp|0 fnt
|faint|p2a: Bisharp
|
|upkeep
|
|t:|1648856766
|switch|p2a: Keldeo|Keldeo-Resolute|100/100
|turn|2
|
|t:|1648856777
|switch|p1a: Precoz|Tapu Koko|100/100
|-fieldstart|move: Electric Terrain|[from] ability: Electric Surge|[of] p1a: Precoz
|move|p2a: Keldeo|Hydro Pump|p1a: Precoz
|-damage|p1a: Precoz|0 fnt
|faint|p1a: Precoz
|
|upkeep
|
|t:|1648856786
|switch|p1a: Slowgatell|Slowbro, F|100/100
|turn|3
|
|t:|1648856799
|switch|p2a: Slowking|Slowking, M|100/100
|move|p1a: Slowgatell|Future Sight|p2a: Slowking
|-start|p1a: Slowgatell|move: Future Sight
|
|upkeep
|turn|4
|
|t:|1648856804
|move|p2a: Slowking|Future Sight|p1a: Slowgatell
|-start|p2a: Slowking|move: Future Sight
|move|p1a: Slowgatell|Toxic|p2a: Slowking
|-status|p2a: Slowking|tox
|
|-damage|p2a: Slowking|94/100 tox|[from] psn
|upkeep
|turn|5
|
|t:|1648856816
|move|p2a: Slowking|Scald|p1a: Slowgatell
|-resisted|p1a: Slowgatell
|-damage|p1a: Slowgatell|88/100
|move|p1a: Slowgatell|Teleport|p1a: Slowgatell
|
|t:|1648856824
|switch|p1a: GODzilla|Tyranitar, M|100/100|[from]move: Teleport
|-weather|Sandstorm|[from] ability: Sand Stream|[of] p1a: GODzilla
|
|-weather|Sandstorm|[upkeep]
|-damage|p2a: Slowking|88/100 tox|[from] Sandstorm
|-end|p2a: Slowking|move: Future Sight
|-resisted|p2a: Slowking
|-damage|p2a: Slowking|76/100 tox
|-damage|p2a: Slowking|63/100 tox|[from] psn
|upkeep
|turn|6
|j| TheLindomar
|l| TheLindomar
|
|t:|1648856840
|switch|p2a: Keldeo|Keldeo-Resolute|100/100
|move|p1a: GODzilla|Stealth Rock|p2a: Keldeo
|-sidestart|p2: Gieros|move: Stealth Rock
|
|-weather|Sandstorm|[upkeep]
|-damage|p2a: Keldeo|94/100|[from] Sandstorm
|-end|p1a: GODzilla|move: Future Sight
|-immune|p1a: GODzilla
|-fieldend|move: Electric Terrain
|upkeep
|turn|7
|
|t:|1648856852
|switch|p2a: Dragapult|Dragapult, F|100/100
|-damage|p2a: Dragapult|88/100|[from] Stealth Rock
|switch|p1a: Slowgatell|Slowbro, F|100/100
|
|-weather|Sandstorm|[upkeep]
|-damage|p2a: Dragapult|82/100|[from] Sandstorm
|-damage|p1a: Slowgatell|94/100|[from] Sandstorm
|upkeep
|turn|8
|
|t:|1648856862
|switch|p1a: GODzilla|Tyranitar, M|100/100
|move|p2a: Dragapult|U-turn|p1a: GODzilla
|-supereffective|p1a: GODzilla
|-damage|p1a: GODzilla|76/100
|
|t:|1648856865
|switch|p2a: Landorus|Landorus-Therian, M|100/100|[from]move: U-turn
|-damage|p2a: Landorus|88/100|[from] Stealth Rock
|-ability|p2a: Landorus|Intimidate|boost
|-unboost|p1a: GODzilla|atk|1
|
|-weather|Sandstorm|[upkeep]
|-heal|p1a: GODzilla|82/100|[from] item: Leftovers
|upkeep
|turn|9
|
|t:|1648856875
|switch|p1a: Corvikstall|Corviknight, M|100/100
|-ability|p1a: Corvikstall|Pressure
|move|p2a: Landorus|Stealth Rock|p1a: Corvikstall
|-sidestart|p1: Fastpitchkiller|move: Stealth Rock
|
|-weather|none
|upkeep
|turn|10
|
|t:|1648856890
|move|p2a: Landorus|Knock Off|p1a: Corvikstall
|-damage|p1a: Corvikstall|82/100
|-damage|p2a: Landorus|72/100|[from] item: Rocky Helmet|[of] p1a: Corvikstall
|-enditem|p1a: Corvikstall|Rocky Helmet|[from] move: Knock Off|[of] p2a: Landorus
|move|p1a: Corvikstall|U-turn|p2a: Landorus
|-resisted|p2a: Landorus
|-damage|p2a: Landorus|66/100
|-damage|p1a: Corvikstall|66/100|[from] item: Rocky Helmet|[of] p2a: Landorus
|
|t:|1648856899
|switch|p1a: Enamorousito|Landorus-Therian, M|100/100|[from]move: U-turn
|-damage|p1a: Enamorousito|88/100|[from] Stealth Rock
|-ability|p1a: Enamorousito|Intimidate|boost
|-unboost|p2a: Landorus|atk|1
|
|-heal|p1a: Enamorousito|94/100|[from] item: Leftovers
|upkeep
|turn|11
|
|t:|1648856908
|switch|p2a: Corviknight|Corviknight, M|100/100
|-damage|p2a: Corviknight|88/100|[from] Stealth Rock
|-ability|p2a: Corviknight|Pressure
|move|p1a: Enamorousito|Substitute|p1a: Enamorousito
|-start|p1a: Enamorousito|Substitute
|-damage|p1a: Enamorousito|69/100
|
|-heal|p1a: Enamorousito|75/100|[from] item: Leftovers
|-heal|p2a: Corviknight|94/100|[from] item: Leftovers
|upkeep
|turn|12
|
|t:|1648856919
|move|p1a: Enamorousito|Smack Down|p2a: Corviknight
|-damage|p2a: Corviknight|82/100
|-start|p2a: Corviknight|Smack Down
|move|p2a: Corviknight|U-turn|p1a: Enamorousito
|-resisted|p1a: Enamorousito
|-activate|p1a: Enamorousito|move: Substitute|[damage]
|
|t:|1648856922
|switch|p2a: Dragapult|Dragapult, F|82/100|[from]move: U-turn
|-damage|p2a: Dragapult|70/100|[from] Stealth Rock
|
|-heal|p1a: Enamorousito|81/100|[from] item: Leftovers
|upkeep
|turn|13
|
|t:|1648856933
|switch|p1a: GODzilla|Tyranitar, M|82/100
|-damage|p1a: GODzilla|70/100|[from] Stealth Rock
|-weather|Sandstorm|[from] ability: Sand Stream|[of] p1a: GODzilla
|move|p2a: Dragapult|Draco Meteor|p1a: GODzilla
|-damage|p1a: GODzilla|32/100
|-unboost|p2a: Dragapult|spa|2
|
|-weather|Sandstorm|[upkeep]
|-damage|p2a: Dragapult|64/100|[from] Sandstorm
|-heal|p1a: GODzilla|38/100|[from] item: Leftovers
|upkeep
|turn|14
|
|t:|1648856946
|switch|p2a: Keldeo|Keldeo-Resolute|94/100
|-damage|p2a: Keldeo|88/100|[from] Stealth Rock
|switch|p1a: Claudio|Blaziken, M|100/100
|-damage|p1a: Claudio|88/100|[from] Stealth Rock
|
|-weather|Sandstorm|[upkeep]
|-damage|p2a: Keldeo|82/100|[from] Sandstorm
|-damage|p1a: Claudio|82/100|[from] Sandstorm
|upkeep
|turn|15
|
|t:|1648856958
|switch|p1a: Slowgatell|Slowbro, F|100/100
|-damage|p1a: Slowgatell|88/100|[from] Stealth Rock
|move|p2a: Keldeo|Scald|p1a: Slowgatell
|-resisted|p1a: Slowgatell
|-damage|p1a: Slowgatell|57/100
|
|-weather|Sandstorm|[upkeep]
|-damage|p2a: Keldeo|76/100|[from] Sandstorm
|-damage|p1a: Slowgatell|51/100|[from] Sandstorm
|upkeep
|turn|16
|
|t:|1648856968
|switch|p2a: Dragapult|Dragapult, F|64/100
|-damage|p2a: Dragapult|52/100|[from] Stealth Rock
|move|p1a: Slowgatell|Teleport|p1a: Slowgatell
|
|t:|1648856982
|switch|p1a: Corvikstall|Corviknight, M|66/100|[from]move: Teleport
|-damage|p1a: Corvikstall|53/100|[from] Stealth Rock
|-ability|p1a: Corvikstall|Pressure
|
|-weather|Sandstorm|[upkeep]
|-damage|p2a: Dragapult|46/100|[from] Sandstorm
|upkeep
|turn|17
|
|t:|1648856995
|switch|p1a: Slowgatell|Slowbro, F|85/100
|-damage|p1a: Slowgatell|72/100|[from] Stealth Rock
|move|p2a: Dragapult|Shadow Ball|p1a: Slowgatell
|-supereffective|p1a: Slowgatell
|-damage|p1a: Slowgatell|0 fnt
|faint|p1a: Slowgatell
|
|-weather|none
|upkeep
|
|t:|1648857005
|switch|p1a: GODzilla|Tyranitar, M|38/100
|-damage|p1a: GODzilla|26/100|[from] Stealth Rock
|-weather|Sandstorm|[from] ability: Sand Stream|[of] p1a: GODzilla
|turn|18
|
|t:|1648857011
|switch|p2a: Landorus|Landorus-Therian, M|66/100
|-damage|p2a: Landorus|54/100|[from] Stealth Rock
|-ability|p2a: Landorus|Intimidate|boost
|-unboost|p1a: GODzilla|atk|1
|move|p1a: GODzilla|Rock Blast|p2a: Landorus
|-damage|p2a: Landorus|47/100
|-damage|p2a: Landorus|42/100
|-damage|p2a: Landorus|35/100
|-hitcount|p2a: Landorus|3
|
|-weather|Sandstorm|[upkeep]
|-heal|p1a: GODzilla|32/100|[from] item: Leftovers
|upkeep
|turn|19
|
|t:|1648857025
|switch|p1a: Corvikstall|Corviknight, M|53/100
|-damage|p1a: Corvikstall|41/100|[from] Stealth Rock
|-ability|p1a: Corvikstall|Pressure
|move|p2a: Landorus|U-turn|p1a: Corvikstall
|-resisted|p1a: Corvikstall
|-damage|p1a: Corvikstall|37/100
|
|t:|1648857030
|switch|p2a: Keldeo|Keldeo-Resolute|76/100|[from]move: U-turn
|-damage|p2a: Keldeo|70/100|[from] Stealth Rock
|
|-weather|Sandstorm|[upkeep]
|-damage|p2a: Keldeo|63/100|[from] Sandstorm
|upkeep
|turn|20
|
|t:|1648857041
|move|p2a: Keldeo|Scald|p1a: Corvikstall
|-damage|p1a: Corvikstall|0 fnt
|faint|p1a: Corvikstall
|
|-weather|Sandstorm|[upkeep]
|-damage|p2a: Keldeo|57/100|[from] Sandstorm
|upkeep
|-message|Fastpitchkiller forfeited.
|
|win|Gieros
|raw|Fastpitchkiller's rating: 1759 &rarr; <strong>1734</strong><br />(-25 for losing)
|raw|Gieros's rating: 1678 &rarr; <strong>1703</strong><br />(+25 for winning)
|l|☆Fastpitchkiller
||Ladder isn't responding, score probably updated but might not have (Request timeout).
