|html|<div class="broadcast-blue"><strong>[Gen 8] OU is currently suspecting Melmetal! For information on how to participate check out the <a href="https://www.smogon.com/forums/threads/np-ss-ou-suspect-process-round-12-monster-mash.3709234/">suspect thread</a>.</strong></div>
|j|☆BugCatcherWeevil
|j|☆Highv0ltag3
|t:|1666189423
|gametype|singles
|player|p1|BugCatcherWeevil|1|1821
|player|p2|Highv0ltag3|volo|1886
|teamsize|p1|6
|teamsize|p2|6
|gen|8
|tier|[Gen 8] OU
|rated|
|rule|Sleep Clause Mod: Limit one foe put to sleep
|rule|Species Clause: Limit one of each Pokémon
|rule|OHKO Clause: OHKO moves are banned
|rule|Evasion Items Clause: Evasion items are banned
|rule|Evasion Moves Clause: Evasion moves are banned
|rule|Endless Battle Clause: Forcing endless battles is banned
|rule|HP Percentage Mod: HP is shown in percentages
|rule|Dynamax Clause: You cannot dynamax
|clearpoke
|poke|p1|Arctozolt|
|poke|p1|Tornadus-Therian, M|
|poke|p1|Heatran, M|
|poke|p1|Landorus-Therian, M|
|poke|p1|Hatterene, F|
|poke|p1|Vanilluxe, F|
|poke|p2|Xatu, F|
|poke|p2|Corviknight, F|
|poke|p2|Toxapex, M|
|poke|p2|Chansey, F|
|poke|p2|Hippowdon, F|
|poke|p2|Clefable, F|
|teampreview
|j| Sorcier Anguilion
|j| TES.Jackylove
|inactive|Battle timer is ON: inactive players will automatically lose when time's up. (requested by BugCatcherWeevil)
|
|t:|1666189445
|start
|switch|p1a: Tornadus|Tornadus-Therian, M|100/100
|switch|p2a: Joe Mama|Chansey, F|100/100
|turn|1
|
|t:|1666189448
|switch|p2a: Glue|Toxapex, M|100/100
|move|p1a: Tornadus|Knock Off|p2a: Glue
|-damage|p2a: Glue|89/100
|-enditem|p2a: Glue|Black Sludge|[from] move: Knock Off|[of] p1a: Tornadus
|
|upkeep
|turn|2
|
|t:|1666189451
|move|p1a: Tornadus|U-turn|p2a: Glue
|-resisted|p2a: Glue
|-crit|p2a: Glue
|-damage|p2a: Glue|82/100
|
|t:|1666189455
|switch|p1a: Heatran|Heatran, M|100/100|[from]move: U-turn
|move|p2a: Glue|Knock Off|p1a: Heatran
|-damage|p1a: Heatran|90/100
|-enditem|p1a: Heatran|Leftovers|[from] move: Knock Off|[of] p2a: Glue
|
|upkeep
|turn|3
|j| Serek94
|
|t:|1666189457
|switch|p2a: Dare to Taunt?|Xatu, F|100/100
|move|p1a: Heatran|Stealth Rock|p2a: Dare to Taunt?
|move|p2a: Dare to Taunt?|Stealth Rock|p1a: Heatran|[from]ability: Magic Bounce
|-sidestart|p1: BugCatcherWeevil|move: Stealth Rock
|
|upkeep
|turn|4
|
|t:|1666189460
|move|p2a: Dare to Taunt?|Toxic|p1a: Heatran
|-immune|p1a: Heatran
|move|p1a: Heatran|Lava Plume|p2a: Dare to Taunt?
|-damage|p2a: Dare to Taunt?|67/100
|-status|p2a: Dare to Taunt?|brn
|
|-heal|p2a: Dare to Taunt?|74/100 brn|[from] item: Leftovers
|-damage|p2a: Dare to Taunt?|67/100 brn|[from] brn
|upkeep
|turn|5
|
|t:|1666189466
|move|p2a: Dare to Taunt?|Toxic|p1a: Heatran|[miss]
|-miss|p2a: Dare to Taunt?|p1a: Heatran
|move|p1a: Heatran|Heavy Slam|p2a: Dare to Taunt?
|-damage|p2a: Dare to Taunt?|18/100 brn
|
|-heal|p2a: Dare to Taunt?|24/100 brn|[from] item: Leftovers
|-damage|p2a: Dare to Taunt?|18/100 brn|[from] brn
|upkeep
|turn|6
|
|t:|1666189473
|move|p2a: Dare to Taunt?|Roost|p2a: Dare to Taunt?
|-heal|p2a: Dare to Taunt?|68/100 brn
|-singleturn|p2a: Dare to Taunt?|move: Roost
|move|p1a: Heatran|Heavy Slam|p2a: Dare to Taunt?
|-damage|p2a: Dare to Taunt?|24/100 brn
|
|-heal|p2a: Dare to Taunt?|30/100 brn|[from] item: Leftovers
|-damage|p2a: Dare to Taunt?|24/100 brn|[from] brn
|upkeep
|turn|7
|
|t:|1666189478
|move|p2a: Dare to Taunt?|Roost|p2a: Dare to Taunt?
|-heal|p2a: Dare to Taunt?|74/100 brn
|-singleturn|p2a: Dare to Taunt?|move: Roost
|move|p1a: Heatran|Heavy Slam|p2a: Dare to Taunt?
|-damage|p2a: Dare to Taunt?|27/100 brn
|
|-heal|p2a: Dare to Taunt?|33/100 brn|[from] item: Leftovers
|-damage|p2a: Dare to Taunt?|27/100 brn|[from] brn
|upkeep
|turn|8
|
|t:|1666189481
|move|p2a: Dare to Taunt?|Roost|p2a: Dare to Taunt?
|-heal|p2a: Dare to Taunt?|77/100 brn
|-singleturn|p2a: Dare to Taunt?|move: Roost
|move|p1a: Heatran|Heavy Slam|p2a: Dare to Taunt?
|-damage|p2a: Dare to Taunt?|34/100 brn
|
|-heal|p2a: Dare to Taunt?|40/100 brn|[from] item: Leftovers
|-damage|p2a: Dare to Taunt?|34/100 brn|[from] brn
|upkeep
|turn|9
|
|t:|1666189485
|move|p2a: Dare to Taunt?|Roost|p2a: Dare to Taunt?
|-heal|p2a: Dare to Taunt?|84/100 brn
|-singleturn|p2a: Dare to Taunt?|move: Roost
|move|p1a: Heatran|Heavy Slam|p2a: Dare to Taunt?
|-damage|p2a: Dare to Taunt?|35/100 brn
|
|-heal|p2a: Dare to Taunt?|41/100 brn|[from] item: Leftovers
|-damage|p2a: Dare to Taunt?|35/100 brn|[from] brn
|upkeep
|turn|10
|
|t:|1666189490
|move|p2a: Dare to Taunt?|Roost|p2a: Dare to Taunt?
|-heal|p2a: Dare to Taunt?|85/100 brn
|-singleturn|p2a: Dare to Taunt?|move: Roost
|move|p1a: Heatran|Lava Plume|p2a: Dare to Taunt?
|-damage|p2a: Dare to Taunt?|50/100 brn
|
|-heal|p2a: Dare to Taunt?|56/100 brn|[from] item: Leftovers
|-damage|p2a: Dare to Taunt?|50/100 brn|[from] brn
|upkeep
|turn|11
|
|t:|1666189495
|move|p2a: Dare to Taunt?|Thunder Wave|p1a: Heatran
|-status|p1a: Heatran|par
|move|p1a: Heatran|Lava Plume|p2a: Dare to Taunt?
|-damage|p2a: Dare to Taunt?|13/100 brn
|
|-heal|p2a: Dare to Taunt?|19/100 brn|[from] item: Leftovers
|-damage|p2a: Dare to Taunt?|13/100 brn|[from] brn
|upkeep
|turn|12
|
|t:|1666189507
|switch|p1a: Landorus|Landorus-Therian, M|100/100
|-damage|p1a: Landorus|88/100|[from] Stealth Rock
|-ability|p1a: Landorus|Intimidate|boost
|-unboost|p2a: Dare to Taunt?|atk|1
|move|p2a: Dare to Taunt?|Roost|p2a: Dare to Taunt?
|-heal|p2a: Dare to Taunt?|63/100 brn
|-singleturn|p2a: Dare to Taunt?|move: Roost
|
|-heal|p2a: Dare to Taunt?|69/100 brn|[from] item: Leftovers
|-heal|p1a: Landorus|94/100|[from] item: Leftovers
|-damage|p2a: Dare to Taunt?|63/100 brn|[from] brn
|upkeep
|turn|13
|
|t:|1666189512
|move|p2a: Dare to Taunt?|Toxic|p1a: Landorus
|-status|p1a: Landorus|tox
|move|p1a: Landorus|Defog|p2a: Dare to Taunt?
|move|p2a: Dare to Taunt?|Defog|p1a: Landorus|[from]ability: Magic Bounce
|-unboost|p1a: Landorus|evasion|1
|-sideend|p1: BugCatcherWeevil|Stealth Rock|[from] move: Defog|[of] p2a: Dare to Taunt?
|
|-heal|p2a: Dare to Taunt?|69/100 brn|[from] item: Leftovers
|-heal|p1a: Landorus|99/100 tox|[from] item: Leftovers
|-damage|p1a: Landorus|94/100 tox|[from] psn
|-damage|p2a: Dare to Taunt?|63/100 brn|[from] brn
|upkeep
|turn|14
|
|t:|1666189517
|switch|p2a: Glue|Toxapex, M|100/100
|move|p1a: Landorus|U-turn|p2a: Glue
|-resisted|p2a: Glue
|-damage|p2a: Glue|93/100
|
|t:|1666189522
|switch|p1a: Vanilluxe|Vanilluxe, F|100/100|[from]move: U-turn
|-weather|Hail|[from] ability: Snow Warning|[of] p1a: Vanilluxe
|
|-weather|Hail|[upkeep]
|-damage|p2a: Glue|87/100|[from] Hail
|upkeep
|turn|15
|
|t:|1666189527
|switch|p1a: Heatran|Heatran, M|90/100 par
|switch|p2a: Joe Mama|Chansey, F|100/100
|
|-weather|Hail|[upkeep]
|-damage|p2a: Joe Mama|94/100|[from] Hail
|-damage|p1a: Heatran|84/100 par|[from] Hail
|upkeep
|turn|16
|
|t:|1666189533
|switch|p1a: Tornadus|Tornadus-Therian, M|100/100
|move|p2a: Joe Mama|Seismic Toss|p1a: Tornadus
|-damage|p1a: Tornadus|73/100
|
|-weather|Hail|[upkeep]
|-damage|p1a: Tornadus|67/100|[from] Hail
|-damage|p2a: Joe Mama|88/100|[from] Hail
|upkeep
|turn|17
|
|t:|1666189537
|switch|p2a: Glue|Toxapex, M|100/100
|move|p1a: Tornadus|U-turn|p2a: Glue
|-resisted|p2a: Glue
|-damage|p2a: Glue|97/100
|
|t:|1666189540
|switch|p1a: Arctozolt|Arctozolt|100/100|[from]move: U-turn
|
|-weather|Hail|[upkeep]
|-damage|p2a: Glue|90/100|[from] Hail
|upkeep
|turn|18
|
|t:|1666189548
|move|p1a: Arctozolt|Freeze-Dry|p2a: Glue
|-supereffective|p2a: Glue
|-damage|p2a: Glue|50/100
|-status|p2a: Glue|frz
|cant|p2a: Glue|frz
|
|-weather|none
|upkeep
|turn|19
|c|☆Highv0ltag3|ofc
|
|t:|1666189557
|switch|p2a: Endangered Species|Hippowdon, F|100/100
|move|p1a: Arctozolt|Freeze-Dry|p2a: Endangered Species
|-supereffective|p2a: Endangered Species
|-damage|p2a: Endangered Species|64/100
|
|-heal|p2a: Endangered Species|70/100|[from] item: Leftovers
|upkeep
|turn|20
|
|t:|1666189561
|switch|p1a: Landorus|Landorus-Therian, M|94/100 tox
|-ability|p1a: Landorus|Intimidate|boost
|-unboost|p2a: Endangered Species|atk|1
|move|p2a: Endangered Species|Slack Off|p2a: Endangered Species
|-heal|p2a: Endangered Species|100/100
|
|-heal|p1a: Landorus|99/100 tox|[from] item: Leftovers
|-damage|p1a: Landorus|94/100 tox|[from] psn
|upkeep
|turn|21
|
|t:|1666189565
|move|p1a: Landorus|U-turn|p2a: Endangered Species
|-damage|p2a: Endangered Species|86/100
|
|t:|1666189568
|switch|p1a: Hatterene|Hatterene, F|100/100|[from]move: U-turn
|move|p2a: Endangered Species|Stealth Rock|p1a: Hatterene
|move|p1a: Hatterene|Stealth Rock|p2a: Endangered Species|[from]ability: Magic Bounce
|-sidestart|p2: Highv0ltag3|move: Stealth Rock
|
|-heal|p2a: Endangered Species|92/100|[from] item: Leftovers
|upkeep
|turn|22
|
|t:|1666189573
|move|p2a: Endangered Species|Stealth Rock|p1a: Hatterene
|move|p1a: Hatterene|Stealth Rock||[from]ability: Magic Bounce|[still]
|-fail|p1a: Hatterene
|move|p1a: Hatterene|Calm Mind|p1a: Hatterene
|-boost|p1a: Hatterene|spa|1
|-boost|p1a: Hatterene|spd|1
|
|-heal|p2a: Endangered Species|98/100|[from] item: Leftovers
|upkeep
|turn|23
|
|t:|1666189579
|switch|p2a: Magic Guard no cap|Clefable, F|100/100
|-damage|p2a: Magic Guard no cap|88/100|[from] Stealth Rock
|move|p1a: Hatterene|Calm Mind|p1a: Hatterene
|-boost|p1a: Hatterene|spa|1
|-boost|p1a: Hatterene|spd|1
|
|-heal|p2a: Magic Guard no cap|94/100|[from] item: Leftovers
|upkeep
|turn|24
|
|t:|1666189583
|move|p2a: Magic Guard no cap|Calm Mind|p2a: Magic Guard no cap
|-boost|p2a: Magic Guard no cap|spa|1
|-boost|p2a: Magic Guard no cap|spd|1
|move|p1a: Hatterene|Future Sight|p2a: Magic Guard no cap
|-start|p1a: Hatterene|move: Future Sight
|
|-heal|p2a: Magic Guard no cap|99/100|[from] item: Leftovers
|upkeep
|turn|25
|
|t:|1666189593
|switch|p2a: Joe Mama|Chansey, F|88/100
|-damage|p2a: Joe Mama|75/100|[from] Stealth Rock
|move|p1a: Hatterene|Mystical Fire|p2a: Joe Mama
|-damage|p2a: Joe Mama|62/100
|-unboost|p2a: Joe Mama|spa|1
|
|upkeep
|turn|26
|
|t:|1666189598
|move|p2a: Joe Mama|Soft-Boiled|p2a: Joe Mama
|-heal|p2a: Joe Mama|100/100
|move|p1a: Hatterene|Calm Mind|p1a: Hatterene
|-boost|p1a: Hatterene|spa|1
|-boost|p1a: Hatterene|spd|1
|
|-end|p2a: Joe Mama|move: Future Sight
|-damage|p2a: Joe Mama|62/100
|upkeep
|turn|27
|
|t:|1666189600
|move|p2a: Joe Mama|Seismic Toss|p1a: Hatterene
|-damage|p1a: Hatterene|69/100
|move|p1a: Hatterene|Future Sight|p2a: Joe Mama
|-start|p1a: Hatterene|move: Future Sight
|
|-heal|p1a: Hatterene|75/100|[from] item: Leftovers
|upkeep
|turn|28
|
|t:|1666189604
|move|p2a: Joe Mama|Seismic Toss|p1a: Hatterene
|-damage|p1a: Hatterene|44/100
|move|p1a: Hatterene|Draining Kiss|p2a: Joe Mama
|-damage|p2a: Joe Mama|43/100
|-heal|p1a: Hatterene|75/100|[from] drain|[of] p2a: Joe Mama
|
|-heal|p1a: Hatterene|81/100|[from] item: Leftovers
|upkeep
|turn|29
|
|t:|1666189614
|move|p2a: Joe Mama|Soft-Boiled|p2a: Joe Mama
|-heal|p2a: Joe Mama|93/100
|move|p1a: Hatterene|Draining Kiss|p2a: Joe Mama
|-damage|p2a: Joe Mama|75/100
|-heal|p1a: Hatterene|100/100|[from] drain|[of] p2a: Joe Mama
|
|-end|p2a: Joe Mama|move: Future Sight
|-damage|p2a: Joe Mama|32/100
|upkeep
|turn|30
|
|t:|1666189617
|move|p2a: Joe Mama|Soft-Boiled|p2a: Joe Mama
|-heal|p2a: Joe Mama|82/100
|move|p1a: Hatterene|Calm Mind|p1a: Hatterene
|-boost|p1a: Hatterene|spa|1
|-boost|p1a: Hatterene|spd|1
|
|upkeep
|turn|31
|
|t:|1666189620
|switch|p2a: Magic Guard no cap|Clefable, F|99/100
|-damage|p2a: Magic Guard no cap|88/100|[from] Stealth Rock
|move|p1a: Hatterene|Future Sight|p2a: Magic Guard no cap
|-start|p1a: Hatterene|move: Future Sight
|
|-heal|p2a: Magic Guard no cap|94/100|[from] item: Leftovers
|upkeep
|turn|32
|
|t:|1666189625
|move|p2a: Magic Guard no cap|Calm Mind|p2a: Magic Guard no cap
|-boost|p2a: Magic Guard no cap|spa|1
|-boost|p2a: Magic Guard no cap|spd|1
|move|p1a: Hatterene|Mystical Fire|p2a: Magic Guard no cap
|-damage|p2a: Magic Guard no cap|80/100
|-unboost|p2a: Magic Guard no cap|spa|1
|
|-heal|p2a: Magic Guard no cap|87/100|[from] item: Leftovers
|upkeep
|turn|33
|
|t:|1666189634
|switch|p1a: Heatran|Heatran, M|84/100 par
|move|p2a: Magic Guard no cap|Calm Mind|p2a: Magic Guard no cap
|-boost|p2a: Magic Guard no cap|spa|1
|-boost|p2a: Magic Guard no cap|spd|1
|
|-end|p2a: Magic Guard no cap|move: Future Sight
|-damage|p2a: Magic Guard no cap|62/100
|-heal|p2a: Magic Guard no cap|68/100|[from] item: Leftovers
|upkeep
|turn|34
|
|t:|1666189643
|switch|p2a: Joe Mama|Chansey, F|82/100
|-damage|p2a: Joe Mama|70/100|[from] Stealth Rock
|move|p1a: Heatran|Heavy Slam|p2a: Joe Mama
|-damage|p2a: Joe Mama|46/100
|
|upkeep
|turn|35
|
|t:|1666189650
|switch|p1a: Tornadus|Tornadus-Therian, M|99/100
|move|p2a: Joe Mama|Soft-Boiled|p2a: Joe Mama
|-heal|p2a: Joe Mama|96/100
|
|upkeep
|turn|36
|
|t:|1666189655
|switch|p2a: Windshield|Corviknight, F|100/100
|-damage|p2a: Windshield|88/100|[from] Stealth Rock
|-ability|p2a: Windshield|Pressure
|move|p1a: Tornadus|U-turn|p2a: Windshield
|-resisted|p2a: Windshield
|-damage|p2a: Windshield|86/100
|
|t:|1666189659
|switch|p1a: Arctozolt|Arctozolt|100/100|[from]move: U-turn
|
|upkeep
|turn|37
|
|t:|1666189662
|switch|p2a: Endangered Species|Hippowdon, F|98/100
|-damage|p2a: Endangered Species|92/100|[from] Stealth Rock
|move|p1a: Arctozolt|Freeze-Dry|p2a: Endangered Species
|-supereffective|p2a: Endangered Species
|-damage|p2a: Endangered Species|56/100
|
|-heal|p2a: Endangered Species|62/100|[from] item: Leftovers
|upkeep
|turn|38
|
|t:|1666189668
|switch|p1a: Vanilluxe|Vanilluxe, F|100/100
|-weather|Hail|[from] ability: Snow Warning|[of] p1a: Vanilluxe
|move|p2a: Endangered Species|Slack Off|p2a: Endangered Species
|-heal|p2a: Endangered Species|100/100
|
|-weather|Hail|[upkeep]
|-damage|p2a: Endangered Species|94/100|[from] Hail
|-heal|p2a: Endangered Species|100/100|[from] item: Leftovers
|upkeep
|turn|39
|
|t:|1666189673
|switch|p2a: Joe Mama|Chansey, F|96/100
|-damage|p2a: Joe Mama|84/100|[from] Stealth Rock
|move|p1a: Vanilluxe|Blizzard|p2a: Joe Mama
|-damage|p2a: Joe Mama|62/100
|
|-weather|Hail|[upkeep]
|-damage|p2a: Joe Mama|56/100|[from] Hail
|upkeep
|turn|40
|
|t:|1666189681
|move|p1a: Vanilluxe|Taunt|p2a: Joe Mama
|-start|p2a: Joe Mama|move: Taunt
|cant|p2a: Joe Mama|move: Taunt|Soft-Boiled
|
|-weather|Hail|[upkeep]
|-damage|p2a: Joe Mama|50/100|[from] Hail
|upkeep
|turn|41
|
|t:|1666189689
|switch|p1a: Tornadus|Tornadus-Therian, M|100/100
|switch|p2a: Glue|Toxapex, M|83/100 frz
|-damage|p2a: Glue|71/100 frz|[from] Stealth Rock
|
|-weather|Hail|[upkeep]
|-damage|p1a: Tornadus|94/100|[from] Hail
|-damage|p2a: Glue|65/100 frz|[from] Hail
|upkeep
|turn|42
|
|t:|1666189694
|move|p1a: Tornadus|U-turn|p2a: Glue
|-resisted|p2a: Glue
|-damage|p2a: Glue|60/100 frz
|
|t:|1666189697
|switch|p1a: Arctozolt|Arctozolt|100/100|[from]move: U-turn
|cant|p2a: Glue|frz
|
|-weather|none
|upkeep
|turn|43
|
|t:|1666189700
|switch|p2a: Endangered Species|Hippowdon, F|100/100
|-damage|p2a: Endangered Species|94/100|[from] Stealth Rock
|move|p1a: Arctozolt|Freeze-Dry|p2a: Endangered Species
|-supereffective|p2a: Endangered Species
|-damage|p2a: Endangered Species|59/100
|
|-heal|p2a: Endangered Species|65/100|[from] item: Leftovers
|upkeep
|turn|44
|
|t:|1666189708
|switch|p1a: Vanilluxe|Vanilluxe, F|100/100
|-weather|Hail|[from] ability: Snow Warning|[of] p1a: Vanilluxe
|move|p2a: Endangered Species|Stealth Rock|p1a: Vanilluxe
|-sidestart|p1: BugCatcherWeevil|move: Stealth Rock
|
|-weather|Hail|[upkeep]
|-damage|p2a: Endangered Species|59/100|[from] Hail
|-heal|p2a: Endangered Species|65/100|[from] item: Leftovers
|upkeep
|turn|45
|
|t:|1666189714
|switch|p2a: Glue|Toxapex, M|94/100 frz
|-damage|p2a: Glue|81/100 frz|[from] Stealth Rock
|move|p1a: Vanilluxe|Blizzard|p2a: Glue
|-resisted|p2a: Glue
|-damage|p2a: Glue|55/100 frz
|
|-weather|Hail|[upkeep]
|-damage|p2a: Glue|49/100 frz|[from] Hail
|upkeep
|turn|46
|
|t:|1666189718
|move|p1a: Vanilluxe|Freeze-Dry|p2a: Glue
|-supereffective|p2a: Glue
|-damage|p2a: Glue|0 fnt
|faint|p2a: Glue
|
|-weather|Hail|[upkeep]
|upkeep
|
|t:|1666189721
|switch|p2a: Windshield|Corviknight, F|86/100
|-damage|p2a: Windshield|74/100|[from] Stealth Rock
|-ability|p2a: Windshield|Pressure
|turn|47
|
|t:|1666189728
|switch|p1a: Landorus|Landorus-Therian, M|94/100 tox
|-damage|p1a: Landorus|82/100 tox|[from] Stealth Rock
|-ability|p1a: Landorus|Intimidate|boost
|-unboost|p2a: Windshield|atk|1
|move|p2a: Windshield|Body Press|p1a: Landorus
|-resisted|p1a: Landorus
|-damage|p1a: Landorus|70/100 tox
|
|-weather|Hail|[upkeep]
|-damage|p1a: Landorus|63/100 tox|[from] Hail
|-damage|p2a: Windshield|68/100|[from] Hail
|-heal|p1a: Landorus|70/100 tox|[from] item: Leftovers
|-damage|p1a: Landorus|63/100 tox|[from] psn
|upkeep
|turn|48
|
|t:|1666189731
|move|p1a: Landorus|Defog|p2a: Windshield
|-unboost|p2a: Windshield|evasion|1
|-sideend|p2: Highv0ltag3|Stealth Rock|[from] move: Defog|[of] p1a: Landorus
|-sideend|p1: BugCatcherWeevil|Stealth Rock|[from] move: Defog|[of] p1a: Landorus
|move|p2a: Windshield|Roost|p2a: Windshield
|-heal|p2a: Windshield|100/100
|-singleturn|p2a: Windshield|move: Roost
|
|-weather|none
|-heal|p1a: Landorus|70/100 tox|[from] item: Leftovers
|-damage|p1a: Landorus|57/100 tox|[from] psn
|upkeep
|turn|49
|
|t:|1666189736
|move|p1a: Landorus|U-turn|p2a: Windshield
|-resisted|p2a: Windshield
|-damage|p2a: Windshield|97/100
|
|t:|1666189739
|switch|p1a: Tornadus|Tornadus-Therian, M|100/100|[from]move: U-turn
|move|p2a: Windshield|Body Press|p1a: Tornadus
|-resisted|p1a: Tornadus
|-damage|p1a: Tornadus|88/100
|
|upkeep
|turn|50
|
|t:|1666189746
|move|p1a: Tornadus|Knock Off|p2a: Windshield
|-damage|p2a: Windshield|83/100
|-enditem|p2a: Windshield|Shed Shell|[from] move: Knock Off|[of] p1a: Tornadus
|move|p2a: Windshield|Body Press|p1a: Tornadus
|-resisted|p1a: Tornadus
|-damage|p1a: Tornadus|76/100
|
|upkeep
|turn|51
|
|t:|1666189751
|move|p1a: Tornadus|Heat Wave|p2a: Windshield
|-supereffective|p2a: Windshield
|-damage|p2a: Windshield|38/100
|move|p2a: Windshield|Roost|p2a: Windshield
|-heal|p2a: Windshield|88/100
|-singleturn|p2a: Windshield|move: Roost
|
|upkeep
|turn|52
|
|t:|1666189756
|move|p1a: Tornadus|U-turn|p2a: Windshield
|-resisted|p2a: Windshield
|-damage|p2a: Windshield|85/100
|
|t:|1666189759
|switch|p1a: Heatran|Heatran, M|84/100 par|[from]move: U-turn
|move|p2a: Windshield|Body Press|p1a: Heatran
|-supereffective|p1a: Heatran
|-damage|p1a: Heatran|49/100 par
|
|upkeep
|turn|53
|j| Swag like Ohio
|
|t:|1666189765
|switch|p2a: Joe Mama|Chansey, F|50/100
|switch|p1a: Tornadus|Tornadus-Therian, M|100/100
|
|upkeep
|turn|54
|l| TES.Jackylove
|
|t:|1666189772
|switch|p2a: Windshield|Corviknight, F|85/100
|-ability|p2a: Windshield|Pressure
|move|p1a: Tornadus|Knock Off|p2a: Windshield
|-damage|p2a: Windshield|77/100
|
|upkeep
|turn|55
|
|t:|1666189775
|move|p1a: Tornadus|Heat Wave|p2a: Windshield
|-supereffective|p2a: Windshield
|-damage|p2a: Windshield|31/100
|move|p2a: Windshield|Roost|p2a: Windshield
|-heal|p2a: Windshield|81/100
|-singleturn|p2a: Windshield|move: Roost
|
|upkeep
|turn|56
|
|t:|1666189779
|move|p1a: Tornadus|Heat Wave|p2a: Windshield|[miss]
|-miss|p1a: Tornadus|p2a: Windshield
|move|p2a: Windshield|Roost|p2a: Windshield
|-heal|p2a: Windshield|100/100
|-singleturn|p2a: Windshield|move: Roost
|
|upkeep
|turn|57
|
|t:|1666189781
|move|p1a: Tornadus|Heat Wave|p2a: Windshield
|-supereffective|p2a: Windshield
|-crit|p2a: Windshield
|-damage|p2a: Windshield|38/100
|move|p2a: Windshield|Body Press|p1a: Tornadus
|-resisted|p1a: Tornadus
|-damage|p1a: Tornadus|87/100
|
|upkeep
|turn|58
|
|t:|1666189788
|switch|p2a: Endangered Species|Hippowdon, F|65/100
|move|p1a: Tornadus|Knock Off|p2a: Endangered Species
|-damage|p2a: Endangered Species|52/100
|-enditem|p2a: Endangered Species|Leftovers|[from] move: Knock Off|[of] p1a: Tornadus
|
|upkeep
|turn|59
|
|t:|1666189791
|move|p1a: Tornadus|U-turn|p2a: Endangered Species
|-damage|p2a: Endangered Species|42/100
|
|t:|1666189794
|switch|p1a: Vanilluxe|Vanilluxe, F|100/100|[from]move: U-turn
|-weather|Hail|[from] ability: Snow Warning|[of] p1a: Vanilluxe
|move|p2a: Endangered Species|Earthquake|p1a: Vanilluxe
|-damage|p1a: Vanilluxe|56/100
|
|-weather|Hail|[upkeep]
|-damage|p2a: Endangered Species|35/100|[from] Hail
|upkeep
|turn|60
|
|t:|1666189801
|switch|p2a: Dare to Taunt?|Xatu, F|63/100 brn
|move|p1a: Vanilluxe|Blizzard|p2a: Dare to Taunt?
|-supereffective|p2a: Dare to Taunt?
|-damage|p2a: Dare to Taunt?|0 fnt
|faint|p2a: Dare to Taunt?
|
|-weather|Hail|[upkeep]
|upkeep
|
|t:|1666189802
|switch|p2a: Joe Mama|Chansey, F|50/100
|turn|61
|
|t:|1666189808
|switch|p2a: Endangered Species|Hippowdon, F|35/100
|move|p1a: Vanilluxe|Taunt|p2a: Endangered Species
|-start|p2a: Endangered Species|move: Taunt
|
|-weather|Hail|[upkeep]
|-damage|p2a: Endangered Species|29/100|[from] Hail
|upkeep
|turn|62
|
|t:|1666189813
|move|p1a: Vanilluxe|Freeze-Dry|p2a: Endangered Species
|-supereffective|p2a: Endangered Species
|-damage|p2a: Endangered Species|0 fnt
|faint|p2a: Endangered Species
|
|-weather|Hail|[upkeep]
|upkeep
|-message|Highv0ltag3 forfeited.
|
|win|BugCatcherWeevil
|raw|BugCatcherWeevil's rating: 1821 &rarr; <strong>1845</strong><br />(+24 for winning)
|raw|Highv0ltag3's rating: 1886 &rarr; <strong>1862</strong><br />(-24 for losing)
|l|☆Highv0ltag3
|l| Sorcier Anguilion
|l|☆BugCatcherWeevil
||Ladder isn't responding, score probably updated but might not have (Request timeout).
|l| Serek94
