|html|<div class="broadcast-blue"><strong>[Gen 8] OU is currently suspecting Melmetal! For information on how to participate check out the <a href="https://www.smogon.com/forums/threads/np-ss-ou-suspect-process-round-12-monster-mash.3709234/">suspect thread</a>.</strong></div>
|j|☆Down$pook
|j|☆flowre
|t:|1666872950
|gametype|singles
|player|p1|Down$pook|teamrocket|1774
|player|p2|flowre|waitress-gen4|1742
|teamsize|p1|6
|teamsize|p2|6
|gen|8
|tier|[Gen 8] OU
|rated|
|rule|Sleep Clause Mod: Limit one foe put to sleep
|rule|Species Clause: Limit one of each Pokémon
|rule|OHKO Clause: OHKO moves are banned
|rule|Evasion Items Clause: Evasion items are banned
|rule|Evasion Moves Clause: Evasion moves are banned
|rule|Endless Battle Clause: Forcing endless battles is banned
|rule|HP Percentage Mod: HP is shown in percentages
|rule|Dynamax Clause: You cannot dynamax
|clearpoke
|poke|p1|Shedinja|
|poke|p1|Blissey, F|
|poke|p1|Toxapex, F|
|poke|p1|Corviknight, M|
|poke|p1|Clefable, M|
|poke|p1|Ditto|
|poke|p2|Togekiss, F|
|poke|p2|Ribombee, F|
|poke|p2|Urshifu-*, F|
|poke|p2|Blacephalon|
|poke|p2|Victini|
|poke|p2|Necrozma|
|teampreview
|c|☆Down$pook|Hf
|c|☆flowre|bro you're using stall
|inactive|Battle timer is ON: inactive players will automatically lose when time's up. (requested by flowre)
|
|t:|1666872978
|start
|switch|p1a: Shedinja|Shedinja|100/100
|switch|p2a: Victini|Victini|100/100
|turn|1
|
|t:|1666872987
|switch|p1a: Toxapex|Toxapex, F|100/100
|move|p2a: Victini|Trick|p1a: Toxapex
|-activate|p2a: Victini|move: Trick|[of] p1a: Toxapex
|-item|p1a: Toxapex|Choice Scarf|[from] move: Trick
|-item|p2a: Victini|Choice Band|[from] move: Trick
|
|upkeep
|turn|2
|
|t:|1666872997
|move|p2a: Victini|Final Gambit|p1a: Toxapex
|-damage|p1a: Toxapex|0 fnt
|faint|p2a: Victini
|faint|p1a: Toxapex
|
|upkeep
|
|t:|1666873007
|switch|p2a: Blacephalon|Blacephalon, shiny|100/100
|switch|p1a: Ditto|Ditto, shiny|100/100
|-transform|p1a: Ditto|p2a: Blacephalon|[from] ability: Imposter
|-item|p1a: Ditto|Air Balloon
|turn|3
|
|t:|1666873012
|switch|p1a: Blissey|Blissey, F|100/100
|move|p2a: Blacephalon|Shadow Ball|p1a: Blissey
|-immune|p1a: Blissey
|
|upkeep
|turn|4
|
|t:|1666873017
|switch|p2a: Ribombee|Ribombee, F, shiny|100/100
|move|p1a: Blissey|Thunder|p2a: Ribombee
|-damage|p2a: Ribombee|61/100
|
|upkeep
|turn|5
|
|t:|1666873027
|move|p2a: Ribombee|Sticky Web|p1a: Blissey
|-sidestart|p1: Down$pook|move: Sticky Web
|move|p1a: Blissey|Calm Mind|p1a: Blissey
|-boost|p1a: Blissey|spa|1
|-boost|p1a: Blissey|spd|1
|
|upkeep
|turn|6
|
|t:|1666873033
|move|p2a: Ribombee|Stun Spore|p1a: Blissey
|-status|p1a: Blissey|par
|move|p1a: Blissey|Thunder|p2a: Ribombee
|-damage|p2a: Ribombee|0 fnt
|faint|p2a: Ribombee
|
|upkeep
|
|t:|1666873041
|switch|p2a: Urshifu|Urshifu-Rapid-Strike, F|100/100
|turn|7
|
|t:|1666873054
|switch|p1a: Shedinja|Shedinja|100/100
|move|p2a: Urshifu|Close Combat|p1a: Shedinja
|-immune|p1a: Shedinja|[from] ability: Wonder Guard
|
|upkeep
|turn|8
|
|t:|1666873061
|switch|p2a: Togekiss|Togekiss, F, shiny|100/100
|move|p1a: Shedinja|Poltergeist|p2a: Togekiss
|-activate|p2a: Togekiss|move: Poltergeist|Leftovers
|-damage|p2a: Togekiss|52/100
|
|-heal|p2a: Togekiss|59/100|[from] item: Leftovers
|upkeep
|turn|9
|
|t:|1666873071
|switch|p1a: Blissey|Blissey, F|100/100 par
|-activate|p1a: Blissey|move: Sticky Web
|-unboost|p1a: Blissey|spe|1
|move|p2a: Togekiss|Nasty Plot|p2a: Togekiss
|-boost|p2a: Togekiss|spa|2
|
|-heal|p2a: Togekiss|65/100|[from] item: Leftovers
|upkeep
|turn|10
|
|t:|1666873074
|move|p2a: Togekiss|Air Slash|p1a: Blissey
|-damage|p1a: Blissey|78/100 par
|move|p1a: Blissey|Thunder|p2a: Togekiss
|-supereffective|p2a: Togekiss
|-damage|p2a: Togekiss|30/100
|-status|p2a: Togekiss|par
|
|-heal|p2a: Togekiss|37/100 par|[from] item: Leftovers
|-heal|p1a: Blissey|85/100 par|[from] item: Leftovers
|upkeep
|turn|11
|
|t:|1666873089
|switch|p1a: Ditto|Ditto, shiny|100/100
|-transform|p1a: Ditto|p2a: Togekiss|[from] ability: Imposter
|-item|p1a: Ditto|Air Balloon
|cant|p2a: Togekiss|par
|
|-heal|p2a: Togekiss|43/100 par|[from] item: Leftovers
|upkeep
|turn|12
|j| 0SiegeWarfare
|
|t:|1666873102
|switch|p2a: Blacephalon|Blacephalon, shiny|100/100
|move|p1a: Ditto|Air Slash|p2a: Blacephalon
|-damage|p2a: Blacephalon|0 fnt
|faint|p2a: Blacephalon
|
|upkeep
|c| 0SiegeWarfare|ggs ditto
|
|t:|1666873108
|switch|p2a: Urshifu|Urshifu-Rapid-Strike, F|100/100
|turn|13
|
|t:|1666873111
|switch|p1a: Shedinja|Shedinja|100/100
|move|p2a: Urshifu|Surging Strikes|p1a: Shedinja
|-immune|p1a: Shedinja|[from] ability: Wonder Guard
|
|upkeep
|turn|14
|
|t:|1666873117
|move|p2a: Urshifu|Surging Strikes|p1a: Shedinja
|-immune|p1a: Shedinja|[from] ability: Wonder Guard
|move|p1a: Shedinja|Swords Dance|p1a: Shedinja
|-boost|p1a: Shedinja|atk|2
|
|upkeep
|turn|15
|-message|flowre forfeited.
|
|win|Down$pook
|raw|Down$pook's rating: 1774 &rarr; <strong>1792</strong><br />(+18 for winning)
|raw|flowre's rating: 1742 &rarr; <strong>1724</strong><br />(-18 for losing)
|l|☆flowre
|l|☆Down$pook
