|html|<div class="broadcast-blue"><strong>[Gen 8] OU is currently suspecting Melmetal! For information on how to participate check out the <a href="https://www.smogon.com/forums/threads/np-ss-ou-suspect-process-round-12-monster-mash.3709234/">suspect thread</a>.</strong></div>
|j|☆MM AZALEA
|j|☆Mamaw31180
|t:|1666742288
|gametype|singles
|player|p1|MM AZALEA|ethan-masters|1686
|player|p2|Mamaw31180|lucas|1819
|teamsize|p1|6
|teamsize|p2|6
|gen|8
|tier|[Gen 8] OU
|rated|
|rule|Sleep Clause Mod: Limit one foe put to sleep
|rule|Species Clause: Limit one of each Pokémon
|rule|OHKO Clause: OHKO moves are banned
|rule|Evasion Items Clause: Evasion items are banned
|rule|Evasion Moves Clause: Evasion moves are banned
|rule|Endless Battle Clause: Forcing endless battles is banned
|rule|HP Percentage Mod: HP is shown in percentages
|rule|Dynamax Clause: You cannot dynamax
|clearpoke
|poke|p1|Rillaboom, F|
|poke|p1|Tornadus-Therian, M|
|poke|p1|Blaziken, F|
|poke|p1|Melmetal|
|poke|p1|Garchomp, M|
|poke|p1|Slowbro, F|
|poke|p2|Kartana|
|poke|p2|Blacephalon|
|poke|p2|Landorus-Therian, M|
|poke|p2|Slowbro, M|
|poke|p2|Zapdos|
|poke|p2|Tyranitar, F|
|teampreview
|inactive|Battle timer is ON: inactive players will automatically lose when time's up. (requested by MM AZALEA)
|
|t:|1666742305
|start
|switch|p1a: Garchomp|Garchomp, M|100/100
|switch|p2a: Slowbro|Slowbro, M|100/100
|turn|1
|
|t:|1666742311
|move|p1a: Garchomp|Toxic|p2a: Slowbro
|-status|p2a: Slowbro|tox
|move|p2a: Slowbro|Ice Beam|p1a: Garchomp
|-supereffective|p1a: Garchomp
|-damage|p1a: Garchomp|50/100
|
|-heal|p1a: Garchomp|56/100|[from] item: Leftovers
|-damage|p2a: Slowbro|94/100 tox|[from] psn
|upkeep
|turn|2
|
|t:|1666742324
|switch|p1a: Slowbro|Slowbro, F|100/100
|move|p2a: Slowbro|Ice Beam|p1a: Slowbro
|-resisted|p1a: Slowbro
|-damage|p1a: Slowbro|90/100
|
|-damage|p2a: Slowbro|82/100 tox|[from] psn
|upkeep
|turn|3
|
|t:|1666742329
|move|p1a: Slowbro|Teleport|p1a: Slowbro
|
|t:|1666742331
|switch|p1a: Tornadus|Tornadus-Therian, M|100/100|[from]move: Teleport
|move|p2a: Slowbro|Teleport|p2a: Slowbro
|
|t:|1666742335
|switch|p2a: Tyranitar|Tyranitar, F|100/100|[from]move: Teleport
|-weather|Sandstorm|[from] ability: Sand Stream|[of] p2a: Tyranitar
|
|-weather|Sandstorm|[upkeep]
|-damage|p1a: Tornadus|94/100|[from] Sandstorm
|upkeep
|turn|4
|
|t:|1666742344
|move|p1a: Tornadus|U-turn|p2a: Tyranitar
|-supereffective|p2a: Tyranitar
|-damage|p2a: Tyranitar|75/100
|
|t:|1666742346
|switch|p1a: Melmetal|Melmetal|100/100|[from]move: U-turn
|move|p2a: Tyranitar|Crunch|p1a: Melmetal
|-damage|p1a: Melmetal|60/100
|
|-weather|Sandstorm|[upkeep]
|-heal|p1a: Melmetal|66/100|[from] item: Leftovers
|upkeep
|turn|5
|
|t:|1666742356
|switch|p2a: Slowbro|Slowbro, M|100/100 tox
|switch|p1a: Tornadus|Tornadus-Therian, M|100/100
|
|-weather|Sandstorm|[upkeep]
|-damage|p1a: Tornadus|94/100|[from] Sandstorm
|-damage|p2a: Slowbro|94/100 tox|[from] Sandstorm
|-damage|p2a: Slowbro|88/100 tox|[from] psn
|upkeep
|turn|6
|j| ThisIsntHilarious
|
|t:|1666742366
|move|p1a: Tornadus|U-turn|p2a: Slowbro
|-supereffective|p2a: Slowbro
|-damage|p2a: Slowbro|73/100 tox
|
|t:|1666742377
|switch|p1a: Garchomp|Garchomp, M|56/100|[from]move: U-turn
|move|p2a: Slowbro|Teleport|p2a: Slowbro
|
|t:|1666742381
|switch|p2a: Landorus|Landorus-Therian, M|100/100|[from]move: Teleport
|-ability|p2a: Landorus|Intimidate|boost
|-unboost|p1a: Garchomp|atk|1
|
|-weather|Sandstorm|[upkeep]
|-heal|p1a: Garchomp|62/100|[from] item: Leftovers
|upkeep
|turn|7
|
|t:|1666742389
|switch|p1a: Tornadus|Tornadus-Therian, M|100/100
|move|p2a: Landorus|Toxic|p1a: Tornadus
|-status|p1a: Tornadus|tox
|
|-weather|none
|-damage|p1a: Tornadus|94/100 tox|[from] psn
|upkeep
|turn|8
|
|t:|1666742397
|switch|p2a: Slowbro|Slowbro, M|100/100 tox
|move|p1a: Tornadus|Knock Off|p2a: Slowbro
|-supereffective|p2a: Slowbro
|-enditem|p2a: Slowbro|Colbur Berry|[eat]
|-enditem|p2a: Slowbro|Colbur Berry|[weaken]
|-damage|p2a: Slowbro|89/100 tox
|
|-damage|p1a: Tornadus|82/100 tox|[from] psn
|-damage|p2a: Slowbro|83/100 tox|[from] psn
|upkeep
|turn|9
|
|t:|1666742401
|move|p1a: Tornadus|U-turn|p2a: Slowbro
|-supereffective|p2a: Slowbro
|-damage|p2a: Slowbro|64/100 tox
|
|t:|1666742406
|switch|p1a: Melmetal|Melmetal|66/100|[from]move: U-turn
|move|p2a: Slowbro|Teleport|p2a: Slowbro
|
|t:|1666742409
|switch|p2a: Blacephalon|Blacephalon|100/100|[from]move: Teleport
|
|-heal|p1a: Melmetal|73/100|[from] item: Leftovers
|upkeep
|turn|10
|
|t:|1666742412
|move|p1a: Melmetal|Protect|p1a: Melmetal
|-singleturn|p1a: Melmetal|Protect
|move|p2a: Blacephalon|Flamethrower|p1a: Melmetal
|-activate|p1a: Melmetal|move: Protect
|
|-heal|p1a: Melmetal|79/100|[from] item: Leftovers
|upkeep
|turn|11
|
|t:|1666742418
|switch|p1a: Slowbro|Slowbro, F|100/100
|move|p2a: Blacephalon|Flamethrower|p1a: Slowbro
|-resisted|p1a: Slowbro
|-damage|p1a: Slowbro|57/100
|
|upkeep
|turn|12
|
|t:|1666742423
|switch|p2a: Slowbro|Slowbro, M|98/100 tox
|move|p1a: Slowbro|Teleport|p1a: Slowbro
|
|t:|1666742430
|switch|p1a: Melmetal|Melmetal|79/100|[from]move: Teleport
|
|-heal|p1a: Melmetal|85/100|[from] item: Leftovers
|-damage|p2a: Slowbro|92/100 tox|[from] psn
|upkeep
|turn|13
|
|t:|1666742433
|move|p1a: Melmetal|Thunder Punch|p2a: Slowbro
|-supereffective|p2a: Slowbro
|-damage|p2a: Slowbro|46/100 tox
|move|p2a: Slowbro|Teleport|p2a: Slowbro
|
|t:|1666742436
|switch|p2a: Blacephalon|Blacephalon|100/100|[from]move: Teleport
|
|-heal|p1a: Melmetal|91/100|[from] item: Leftovers
|upkeep
|turn|14
|
|t:|1666742438
|move|p1a: Melmetal|Protect|p1a: Melmetal
|-singleturn|p1a: Melmetal|Protect
|move|p2a: Blacephalon|Flamethrower|p1a: Melmetal
|-activate|p1a: Melmetal|move: Protect
|
|-heal|p1a: Melmetal|98/100|[from] item: Leftovers
|upkeep
|turn|15
|
|t:|1666742441
|switch|p1a: Garchomp|Garchomp, M|62/100
|move|p2a: Blacephalon|Flamethrower|p1a: Garchomp
|-resisted|p1a: Garchomp
|-damage|p1a: Garchomp|34/100
|
|-heal|p1a: Garchomp|40/100|[from] item: Leftovers
|upkeep
|turn|16
|
|t:|1666742448
|switch|p2a: Slowbro|Slowbro, M|80/100 tox
|move|p1a: Garchomp|Stealth Rock|p2a: Slowbro
|-sidestart|p2: Mamaw31180|move: Stealth Rock
|
|-heal|p1a: Garchomp|47/100|[from] item: Leftovers
|-damage|p2a: Slowbro|74/100 tox|[from] psn
|upkeep
|turn|17
|
|t:|1666742459
|move|p1a: Garchomp|Protect|p1a: Garchomp
|-singleturn|p1a: Garchomp|Protect
|move|p2a: Slowbro|Ice Beam|p1a: Garchomp
|-activate|p1a: Garchomp|move: Protect
|
|-heal|p1a: Garchomp|53/100|[from] item: Leftovers
|-damage|p2a: Slowbro|61/100 tox|[from] psn
|upkeep
|turn|18
|
|t:|1666742465
|switch|p1a: Melmetal|Melmetal|98/100
|move|p2a: Slowbro|Teleport|p2a: Slowbro
|
|t:|1666742469
|switch|p2a: Blacephalon|Blacephalon|100/100|[from]move: Teleport
|-damage|p2a: Blacephalon|76/100|[from] Stealth Rock
|
|-heal|p1a: Melmetal|100/100|[from] item: Leftovers
|upkeep
|turn|19
|
|t:|1666742475
|move|p1a: Melmetal|Protect|p1a: Melmetal
|-singleturn|p1a: Melmetal|Protect
|move|p2a: Blacephalon|Flamethrower|p1a: Melmetal
|-activate|p1a: Melmetal|move: Protect
|
|upkeep
|turn|20
|
|t:|1666742494
|switch|p1a: Garchomp|Garchomp, M|53/100
|move|p2a: Blacephalon|Flamethrower|p1a: Garchomp
|-resisted|p1a: Garchomp
|-damage|p1a: Garchomp|28/100
|
|-heal|p1a: Garchomp|34/100|[from] item: Leftovers
|upkeep
|turn|21
|
|t:|1666742505
|switch|p2a: Slowbro|Slowbro, M|95/100 tox
|-damage|p2a: Slowbro|82/100 tox|[from] Stealth Rock
|move|p1a: Garchomp|Earthquake|p2a: Slowbro
|-damage|p2a: Slowbro|57/100 tox
|
|-heal|p1a: Garchomp|41/100|[from] item: Leftovers
|-damage|p2a: Slowbro|51/100 tox|[from] psn
|upkeep
|turn|22
|
|t:|1666742509
|move|p1a: Garchomp|Protect|p1a: Garchomp
|-singleturn|p1a: Garchomp|Protect
|move|p2a: Slowbro|Ice Beam|p1a: Garchomp
|-activate|p1a: Garchomp|move: Protect
|
|-heal|p1a: Garchomp|47/100|[from] item: Leftovers
|-damage|p2a: Slowbro|38/100 tox|[from] psn
|upkeep
|turn|23
|
|t:|1666742525
|switch|p1a: Tornadus|Tornadus-Therian, M|100/100 tox
|move|p2a: Slowbro|Teleport|p2a: Slowbro
|
|t:|1666742528
|switch|p2a: Tyranitar|Tyranitar, F|75/100|[from]move: Teleport
|-damage|p2a: Tyranitar|62/100|[from] Stealth Rock
|-weather|Sandstorm|[from] ability: Sand Stream|[of] p2a: Tyranitar
|
|-weather|Sandstorm|[upkeep]
|-damage|p1a: Tornadus|94/100 tox|[from] Sandstorm
|-damage|p1a: Tornadus|88/100 tox|[from] psn
|upkeep
|turn|24
|
|t:|1666742532
|move|p1a: Tornadus|U-turn|p2a: Tyranitar
|-supereffective|p2a: Tyranitar
|-damage|p2a: Tyranitar|33/100
|
|t:|1666742534
|switch|p1a: Melmetal|Melmetal|100/100|[from]move: U-turn
|move|p2a: Tyranitar|Fire Punch|p1a: Melmetal
|-supereffective|p1a: Melmetal
|-damage|p1a: Melmetal|48/100
|
|-weather|Sandstorm|[upkeep]
|-heal|p1a: Melmetal|54/100|[from] item: Leftovers
|upkeep
|turn|25
|
|t:|1666742545
|switch|p1a: Slowbro|Slowbro, F|90/100
|move|p2a: Tyranitar|Fire Punch|p1a: Slowbro
|-resisted|p1a: Slowbro
|-damage|p1a: Slowbro|79/100
|-damage|p2a: Tyranitar|17/100|[from] item: Rocky Helmet|[of] p1a: Slowbro
|
|-weather|Sandstorm|[upkeep]
|-damage|p1a: Slowbro|73/100|[from] Sandstorm
|upkeep
|turn|26
|
|t:|1666742549
|switch|p2a: Slowbro|Slowbro, M|72/100 tox
|-damage|p2a: Slowbro|59/100 tox|[from] Stealth Rock
|move|p1a: Slowbro|Teleport|p1a: Slowbro
|
|t:|1666742577
|switch|p1a: Melmetal|Melmetal|54/100|[from]move: Teleport
|
|-weather|Sandstorm|[upkeep]
|-damage|p2a: Slowbro|53/100 tox|[from] Sandstorm
|-heal|p1a: Melmetal|60/100|[from] item: Leftovers
|-damage|p2a: Slowbro|47/100 tox|[from] psn
|upkeep
|turn|27
|
|t:|1666742581
|switch|p2a: Landorus|Landorus-Therian, M|100/100
|-damage|p2a: Landorus|88/100|[from] Stealth Rock
|-ability|p2a: Landorus|Intimidate|boost
|-unboost|p1a: Melmetal|atk|1
|move|p1a: Melmetal|Thunder Punch|p2a: Landorus
|-immune|p2a: Landorus
|
|-weather|none
|-heal|p2a: Landorus|94/100|[from] item: Leftovers
|-heal|p1a: Melmetal|66/100|[from] item: Leftovers
|upkeep
|turn|28
|
|t:|1666742589
|move|p2a: Landorus|Stealth Rock|p1a: Melmetal
|-sidestart|p1: MM AZALEA|move: Stealth Rock
|move|p1a: Melmetal|Double Iron Bash|p2a: Landorus
|-damage|p2a: Landorus|66/100
|-damage|p2a: Landorus|39/100
|-hitcount|p2a: Landorus|2
|
|-heal|p2a: Landorus|45/100|[from] item: Leftovers
|-heal|p1a: Melmetal|73/100|[from] item: Leftovers
|upkeep
|turn|29
|
|t:|1666742594
|switch|p1a: Tornadus|Tornadus-Therian, M|100/100 tox
|move|p2a: Landorus|Earthquake|p1a: Tornadus
|-immune|p1a: Tornadus
|
|-heal|p2a: Landorus|51/100|[from] item: Leftovers
|-damage|p1a: Tornadus|94/100 tox|[from] psn
|upkeep
|turn|30
|
|t:|1666742602
|switch|p2a: Slowbro|Slowbro, M|80/100 tox
|-damage|p2a: Slowbro|68/100 tox|[from] Stealth Rock
|move|p1a: Tornadus|Knock Off|p2a: Slowbro
|-supereffective|p2a: Slowbro
|-damage|p2a: Slowbro|53/100 tox
|
|-damage|p1a: Tornadus|82/100 tox|[from] psn
|-damage|p2a: Slowbro|47/100 tox|[from] psn
|upkeep
|turn|31
|
|t:|1666742607
|move|p1a: Tornadus|U-turn|p2a: Slowbro
|-supereffective|p2a: Slowbro
|-damage|p2a: Slowbro|31/100 tox
|
|t:|1666742610
|switch|p1a: Melmetal|Melmetal|73/100|[from]move: U-turn
|-damage|p1a: Melmetal|66/100|[from] Stealth Rock
|move|p2a: Slowbro|Teleport|p2a: Slowbro
|
|t:|1666742614
|switch|p2a: Landorus|Landorus-Therian, M|51/100|[from]move: Teleport
|-damage|p2a: Landorus|38/100|[from] Stealth Rock
|-ability|p2a: Landorus|Intimidate|boost
|-unboost|p1a: Melmetal|atk|1
|
|-heal|p2a: Landorus|44/100|[from] item: Leftovers
|-heal|p1a: Melmetal|73/100|[from] item: Leftovers
|upkeep
|turn|32
|
|t:|1666742618
|switch|p1a: Tornadus|Tornadus-Therian, M|100/100 tox
|move|p2a: Landorus|Earthquake|p1a: Tornadus
|-immune|p1a: Tornadus
|
|-heal|p2a: Landorus|50/100|[from] item: Leftovers
|-damage|p1a: Tornadus|94/100 tox|[from] psn
|upkeep
|turn|33
|
|t:|1666742626
|move|p1a: Tornadus|Knock Off|p2a: Landorus
|-damage|p2a: Landorus|31/100
|-enditem|p2a: Landorus|Leftovers|[from] move: Knock Off|[of] p1a: Tornadus
|move|p2a: Landorus|U-turn|p1a: Tornadus
|-resisted|p1a: Tornadus
|-damage|p1a: Tornadus|84/100 tox
|
|t:|1666742630
|switch|p2a: Zapdos|Zapdos|100/100|[from]move: U-turn
|
|-damage|p1a: Tornadus|71/100 tox|[from] psn
|upkeep
|turn|34
|
|t:|1666742644
|move|p1a: Tornadus|Knock Off|p2a: Zapdos
|-crit|p2a: Zapdos
|-damage|p2a: Zapdos|74/100
|-enditem|p2a: Zapdos|Heavy-Duty Boots|[from] move: Knock Off|[of] p1a: Tornadus
|move|p2a: Zapdos|Heat Wave|p1a: Tornadus
|-damage|p1a: Tornadus|45/100 tox
|
|-damage|p1a: Tornadus|27/100 tox|[from] psn
|upkeep
|turn|35
|
|t:|1666742658
|switch|p2a: Landorus|Landorus-Therian, M|31/100
|-damage|p2a: Landorus|19/100|[from] Stealth Rock
|-ability|p2a: Landorus|Intimidate|boost
|-unboost|p1a: Tornadus|atk|1
|move|p1a: Tornadus|U-turn|p2a: Landorus
|-resisted|p2a: Landorus
|-damage|p2a: Landorus|14/100
|
|t:|1666742682
|switch|p1a: Rillaboom|Rillaboom, F|100/100|[from]move: U-turn
|-damage|p1a: Rillaboom|88/100|[from] Stealth Rock
|-fieldstart|move: Grassy Terrain|[from] ability: Grassy Surge|[of] p1a: Rillaboom
|
|-heal|p1a: Rillaboom|94/100|[from] Grassy Terrain
|-heal|p1a: Rillaboom|100/100|[from] item: Leftovers
|upkeep
|turn|36
|
|t:|1666742691
|switch|p2a: Zapdos|Zapdos|74/100
|-damage|p2a: Zapdos|49/100|[from] Stealth Rock
|move|p1a: Rillaboom|Grassy Glide|p2a: Zapdos
|-resisted|p2a: Zapdos
|-damage|p2a: Zapdos|30/100
|
|upkeep
|turn|37
|
|t:|1666742695
|switch|p1a: Garchomp|Garchomp, M|47/100
|-damage|p1a: Garchomp|41/100|[from] Stealth Rock
|move|p2a: Zapdos|Roost|p2a: Zapdos
|-heal|p2a: Zapdos|80/100
|-singleturn|p2a: Zapdos|move: Roost
|
|-heal|p2a: Zapdos|86/100|[from] Grassy Terrain
|-heal|p1a: Garchomp|47/100|[from] Grassy Terrain
|-heal|p1a: Garchomp|53/100|[from] item: Leftovers
|upkeep
|turn|38
|
|t:|1666742703
|move|p2a: Zapdos|Heat Wave|p1a: Garchomp
|-resisted|p1a: Garchomp
|-damage|p1a: Garchomp|45/100
|move|p1a: Garchomp|Toxic|p2a: Zapdos
|-status|p2a: Zapdos|tox
|
|-heal|p1a: Garchomp|51/100|[from] Grassy Terrain
|-heal|p1a: Garchomp|57/100|[from] item: Leftovers
|-damage|p2a: Zapdos|80/100 tox|[from] psn
|upkeep
|turn|39
|
|t:|1666742711
|switch|p2a: Kartana|Kartana|100/100
|-damage|p2a: Kartana|94/100|[from] Stealth Rock
|move|p1a: Garchomp|Protect||[still]
|-fail|p1a: Garchomp
|
|-heal|p2a: Kartana|100/100|[from] Grassy Terrain
|-heal|p1a: Garchomp|64/100|[from] Grassy Terrain
|-heal|p1a: Garchomp|70/100|[from] item: Leftovers
|-fieldend|move: Grassy Terrain
|upkeep
|turn|40
|j| lalelosido
|
|t:|1666742726
|switch|p1a: Melmetal|Melmetal|73/100
|-damage|p1a: Melmetal|66/100|[from] Stealth Rock
|move|p2a: Kartana|Knock Off|p1a: Melmetal
|-damage|p1a: Melmetal|39/100
|-enditem|p1a: Melmetal|Leftovers|[from] move: Knock Off|[of] p2a: Kartana
|
|upkeep
|turn|41
|
|t:|1666742741
|switch|p2a: Slowbro|Slowbro, M|64/100 tox
|-damage|p2a: Slowbro|52/100 tox|[from] Stealth Rock
|move|p1a: Melmetal|Thunder Punch|p2a: Slowbro
|-supereffective|p2a: Slowbro
|-damage|p2a: Slowbro|11/100 tox
|
|-damage|p2a: Slowbro|5/100 tox|[from] psn
|upkeep
|turn|42
|
|t:|1666742747
|switch|p2a: Tyranitar|Tyranitar, F|17/100
|-damage|p2a: Tyranitar|4/100|[from] Stealth Rock
|-weather|Sandstorm|[from] ability: Sand Stream|[of] p2a: Tyranitar
|move|p1a: Melmetal|Double Iron Bash|p2a: Tyranitar
|-supereffective|p2a: Tyranitar
|-damage|p2a: Tyranitar|0 fnt
|faint|p2a: Tyranitar
|-hitcount|p2: Tyranitar|1
|
|-weather|Sandstorm|[upkeep]
|upkeep
|
|t:|1666742749
|switch|p2a: Blacephalon|Blacephalon|76/100
|-damage|p2a: Blacephalon|51/100|[from] Stealth Rock
|turn|43
|
|t:|1666742752
|move|p1a: Melmetal|Protect|p1a: Melmetal
|-singleturn|p1a: Melmetal|Protect
|move|p2a: Blacephalon|Shadow Ball|p1a: Melmetal
|-activate|p1a: Melmetal|move: Protect
|
|-weather|Sandstorm|[upkeep]
|-damage|p2a: Blacephalon|45/100|[from] Sandstorm
|upkeep
|turn|44
|inactive|MM AZALEA has 120 seconds left.
|
|t:|1666742788
|switch|p1a: Rillaboom|Rillaboom, F|100/100
|-damage|p1a: Rillaboom|88/100|[from] Stealth Rock
|-fieldstart|move: Grassy Terrain|[from] ability: Grassy Surge|[of] p1a: Rillaboom
|move|p2a: Blacephalon|Shadow Ball|p1a: Rillaboom
|-damage|p1a: Rillaboom|4/100
|
|-weather|Sandstorm|[upkeep]
|-damage|p2a: Blacephalon|39/100|[from] Sandstorm
|-damage|p1a: Rillaboom|0 fnt|[from] Sandstorm
|faint|p1a: Rillaboom
|-heal|p2a: Blacephalon|45/100|[from] Grassy Terrain
|upkeep
|
|t:|1666742797
|switch|p1a: Tornadus|Tornadus-Therian, M|60/100 tox
|turn|45
|
|t:|1666742802
|switch|p2a: Landorus|Landorus-Therian, M|14/100
|-damage|p2a: Landorus|2/100|[from] Stealth Rock
|-ability|p2a: Landorus|Intimidate|boost
|-unboost|p1a: Tornadus|atk|1
|move|p1a: Tornadus|Knock Off|p2a: Landorus
|-damage|p2a: Landorus|0 fnt
|faint|p2a: Landorus
|
|-weather|Sandstorm|[upkeep]
|-damage|p1a: Tornadus|54/100 tox|[from] Sandstorm
|-damage|p1a: Tornadus|48/100 tox|[from] psn
|upkeep
|
|t:|1666742810
|switch|p2a: Kartana|Kartana|100/100
|-damage|p2a: Kartana|94/100|[from] Stealth Rock
|turn|46
|
|t:|1666742815
|switch|p1a: Slowbro|Slowbro, F|100/100
|-damage|p1a: Slowbro|88/100|[from] Stealth Rock
|move|p2a: Kartana|Smart Strike|p1a: Slowbro
|-resisted|p1a: Slowbro
|-damage|p1a: Slowbro|74/100
|-damage|p2a: Kartana|78/100|[from] item: Rocky Helmet|[of] p1a: Slowbro
|
|-weather|none
|-heal|p2a: Kartana|84/100|[from] Grassy Terrain
|-heal|p1a: Slowbro|80/100|[from] Grassy Terrain
|upkeep
|turn|47
|
|t:|1666742823
|switch|p2a: Slowbro|Slowbro, M|39/100 tox
|-damage|p2a: Slowbro|26/100 tox|[from] Stealth Rock
|move|p1a: Slowbro|Future Sight|p2a: Slowbro
|-start|p1a: Slowbro|move: Future Sight
|
|-heal|p2a: Slowbro|32/100 tox|[from] Grassy Terrain
|-heal|p1a: Slowbro|86/100|[from] Grassy Terrain
|-damage|p2a: Slowbro|26/100 tox|[from] psn
|upkeep
|turn|48
|
|t:|1666742826
|move|p1a: Slowbro|Teleport|p1a: Slowbro
|
|t:|1666742833
|switch|p1a: Blaziken|Blaziken, F|100/100|[from]move: Teleport
|-damage|p1a: Blaziken|88/100|[from] Stealth Rock
|move|p2a: Slowbro|Teleport|p2a: Slowbro
|
|t:|1666742840
|switch|p2a: Blacephalon|Blacephalon|45/100|[from]move: Teleport
|-damage|p2a: Blacephalon|20/100|[from] Stealth Rock
|
|-heal|p2a: Blacephalon|26/100|[from] Grassy Terrain
|-heal|p1a: Blaziken|94/100|[from] Grassy Terrain
|-heal|p1a: Blaziken|100/100|[from] item: Leftovers
|-fieldend|move: Grassy Terrain
|upkeep
|turn|49
|
|t:|1666742843
|move|p1a: Blaziken|Protect|p1a: Blaziken
|-singleturn|p1a: Blaziken|Protect
|move|p2a: Blacephalon|Shadow Ball|p1a: Blaziken
|-activate|p1a: Blaziken|move: Protect
|
|-end|p2a: Blacephalon|move: Future Sight
|-damage|p2a: Blacephalon|0 fnt
|faint|p2a: Blacephalon
|-ability|p1a: Blaziken|Speed Boost|boost
|-boost|p1a: Blaziken|spe|1
|upkeep
|-message|Mamaw31180 forfeited.
|
|win|MM AZALEA
|raw|MM AZALEA's rating: 1686 &rarr; <strong>1713</strong><br />(+27 for winning)
|raw|Mamaw31180's rating: 1819 &rarr; <strong>1792</strong><br />(-27 for losing)
|l|☆Mamaw31180
