|j|☆baigu
|j|☆Ferrothornail草钢甲
|t:|1663065378
|gametype|singles
|player|p1|baigu|102|1636
|player|p2|Ferrothornail草钢甲|lillie|1803
|teamsize|p1|6
|teamsize|p2|6
|gen|8
|tier|[Gen 8] OU
|rated|
|rule|Sleep Clause Mod: Limit one foe put to sleep
|rule|Species Clause: Limit one of each Pokémon
|rule|OHKO Clause: OHKO moves are banned
|rule|Evasion Items Clause: Evasion items are banned
|rule|Evasion Moves Clause: Evasion moves are banned
|rule|Endless Battle Clause: Forcing endless battles is banned
|rule|HP Percentage Mod: HP is shown in percentages
|rule|Dynamax Clause: You cannot dynamax
|clearpoke
|poke|p1|Clefable, F|
|poke|p1|Tornadus-Therian, M|
|poke|p1|Nidoking, M|
|poke|p1|Slowking, M|
|poke|p1|Urshifu-*, M|
|poke|p1|Ferrothorn, F|
|poke|p2|Hatterene, F|
|poke|p2|Porygon2|
|poke|p2|Cresselia, F|
|poke|p2|Marowak-Alola, M|
|poke|p2|Crawdaunt, M|
|poke|p2|Melmetal|
|teampreview
|inactive|Battle timer is ON: inactive players will automatically lose when time's up. (requested by baigu)
|
|t:|1663065405
|start
|switch|p1a: Nidoking|Nidoking, M|100/100
|switch|p2a: Hatterene|Hatterene, F|100/100
|turn|1
|
|t:|1663065413
|move|p1a: Nidoking|Sludge Wave|p2a: Hatterene
|-supereffective|p2a: Hatterene
|-enditem|p2a: Hatterene|Focus Sash
|-damage|p2a: Hatterene|1/100
|move|p2a: Hatterene|Psychic|p1a: Nidoking
|-supereffective|p1a: Nidoking
|-damage|p1a: Nidoking|0 fnt
|faint|p1a: Nidoking
|
|upkeep
|
|t:|1663065438
|switch|p1a: Urshifu|Urshifu-Rapid-Strike, M|100/100
|turn|2
|
|t:|1663065453
|move|p1a: Urshifu|U-turn|p2a: Hatterene
|-damage|p2a: Hatterene|0 fnt
|faint|p2a: Hatterene
|
|t:|1663065461
|switch|p1a: Clefable|Clefable, F|100/100|[from]move: U-turn
|
|upkeep
|
|t:|1663065465
|switch|p2a: Porygon2|Porygon2|100/100
|-ability|p2a: Porygon2|Download|boost
|-boost|p2a: Porygon2|atk|1
|turn|3
|
|t:|1663065469
|move|p1a: Clefable|Stealth Rock|p2a: Porygon2
|-sidestart|p2: Ferrothornail草钢甲|move: Stealth Rock
|move|p2a: Porygon2|Trick Room|p2a: Porygon2
|-fieldstart|move: Trick Room|[of] p2a: Porygon2
|
|upkeep
|turn|4
|
|t:|1663065476
|move|p1a: Clefable|Thunder Wave|p2a: Porygon2
|-status|p2a: Porygon2|par
|cant|p2a: Porygon2|par
|
|upkeep
|turn|5
|j| OneTreeWaiting
|
|t:|1663065485
|switch|p1a: Slowking|Slowking, M|100/100
|cant|p2a: Porygon2|par
|
|upkeep
|turn|6
|
|t:|1663065491
|move|p1a: Slowking|Scald|p2a: Porygon2
|-damage|p2a: Porygon2|87/100 par
|move|p2a: Porygon2|Teleport|p2a: Porygon2
|
|t:|1663065495
|switch|p2a: Marowak|Marowak-Alola, M|100/100|[from]move: Teleport
|-damage|p2a: Marowak|76/100|[from] Stealth Rock
|
|upkeep
|turn|7
|
|t:|1663065507
|switch|p1a: Urshifu|Urshifu-Rapid-Strike, M|100/100
|move|p2a: Marowak|Poltergeist|p1a: Urshifu
|-activate|p1a: Urshifu|move: Poltergeist|Choice Scarf
|-damage|p1a: Urshifu|14/100
|
|-fieldend|move: Trick Room
|upkeep
|turn|8
|
|t:|1663065516
|move|p1a: Urshifu|Surging Strikes|p2a: Marowak
|-supereffective|p2a: Marowak
|-crit|p2a: Marowak
|-damage|p2a: Marowak|37/100
|-supereffective|p2a: Marowak
|-crit|p2a: Marowak
|-damage|p2a: Marowak|0 fnt
|faint|p2a: Marowak
|-hitcount|p2: Marowak|2
|
|upkeep
|
|t:|1663065523
|switch|p2a: Porygon2|Porygon2|87/100 par
|-damage|p2a: Porygon2|75/100 par|[from] Stealth Rock
|-ability|p2a: Porygon2|Download|boost
|-boost|p2a: Porygon2|spa|1
|turn|9
|
|t:|1663065531
|move|p1a: Urshifu|Surging Strikes|p2a: Porygon2
|-crit|p2a: Porygon2
|-damage|p2a: Porygon2|60/100 par
|-crit|p2a: Porygon2
|-damage|p2a: Porygon2|46/100 par
|-crit|p2a: Porygon2
|-damage|p2a: Porygon2|31/100 par
|-hitcount|p2a: Porygon2|3
|cant|p2a: Porygon2|par
|
|upkeep
|turn|10
|
|t:|1663065539
|switch|p2a: Cresselia|Cresselia, F|100/100
|-damage|p2a: Cresselia|88/100|[from] Stealth Rock
|move|p1a: Urshifu|Surging Strikes|p2a: Cresselia
|-crit|p2a: Cresselia
|-damage|p2a: Cresselia|78/100
|-crit|p2a: Cresselia
|-damage|p2a: Cresselia|68/100
|-crit|p2a: Cresselia
|-damage|p2a: Cresselia|58/100
|-hitcount|p2a: Cresselia|3
|
|upkeep
|turn|11
|j| sb2b250
|
|t:|1663065550
|switch|p1a: Ferrothorn|Ferrothorn, F|100/100
|move|p2a: Cresselia|Trick Room|p2a: Cresselia
|-fieldstart|move: Trick Room|[of] p2a: Cresselia
|
|upkeep
|turn|12
|
|t:|1663065556
|switch|p2a: Melmetal|Melmetal|100/100
|-damage|p2a: Melmetal|94/100|[from] Stealth Rock
|move|p1a: Ferrothorn|Spikes|p2a: Melmetal
|-sidestart|p2: Ferrothornail草钢甲|Spikes
|
|upkeep
|turn|13
|
|t:|1663065564
|switch|p1a: Slowking|Slowking, M|100/100
|move|p2a: Melmetal|Thunder Punch|p1a: Slowking
|-supereffective|p1a: Slowking
|-damage|p1a: Slowking|0 fnt
|faint|p1a: Slowking
|
|upkeep
|
|t:|1663065571
|switch|p1a: Ferrothorn|Ferrothorn, F|100/100
|turn|14
|
|t:|1663065580
|switch|p2a: Crawdaunt|Crawdaunt, M|100/100
|-damage|p2a: Crawdaunt|88/100|[from] Stealth Rock
|-damage|p2a: Crawdaunt|76/100|[from] Spikes
|move|p1a: Ferrothorn|Leech Seed|p2a: Crawdaunt
|-start|p2a: Crawdaunt|move: Leech Seed
|
|-damage|p2a: Crawdaunt|63/100|[from] Leech Seed|[of] p1a: Ferrothorn
|upkeep
|turn|15
|
|t:|1663065591
|switch|p1a: Clefable|Clefable, F|100/100
|move|p2a: Crawdaunt|Swords Dance|p2a: Crawdaunt
|-boost|p2a: Crawdaunt|atk|2
|
|-damage|p2a: Crawdaunt|51/100|[from] Leech Seed|[of] p1a: Clefable
|-fieldend|move: Trick Room
|upkeep
|turn|16
|
|t:|1663065601
|switch|p2a: Cresselia|Cresselia, F|58/100
|-damage|p2a: Cresselia|46/100|[from] Stealth Rock
|move|p1a: Clefable|Moonblast|p2a: Cresselia
|-damage|p2a: Cresselia|28/100
|
|upkeep
|turn|17
|
|t:|1663065610
|switch|p1a: Ferrothorn|Ferrothorn, F|100/100
|move|p2a: Cresselia|Moonlight|p2a: Cresselia
|-heal|p2a: Cresselia|78/100
|
|upkeep
|turn|18
|j| yung beefhead
|
|t:|1663065619
|switch|p2a: Crawdaunt|Crawdaunt, M|51/100
|-damage|p2a: Crawdaunt|38/100|[from] Stealth Rock
|-damage|p2a: Crawdaunt|26/100|[from] Spikes
|move|p1a: Ferrothorn|Spikes|p2a: Crawdaunt
|-sidestart|p2: Ferrothornail草钢甲|Spikes
|
|upkeep
|turn|19
|
|t:|1663065641
|move|p2a: Crawdaunt|Crabhammer|p1a: Ferrothorn
|-resisted|p1a: Ferrothorn
|-damage|p1a: Ferrothorn|75/100
|-damage|p2a: Crawdaunt|14/100|[from] ability: Iron Barbs|[of] p1a: Ferrothorn
|-damage|p2a: Crawdaunt|0 fnt|[from] item: Rocky Helmet|[of] p1a: Ferrothorn
|faint|p2a: Crawdaunt
|move|p1a: Ferrothorn|Gyro Ball|p2: Crawdaunt|[notarget]
|-fail|p1a: Ferrothorn
|
|upkeep
|l| OneTreeWaiting
|j| OneTreeWaiting
|
|t:|1663065650
|switch|p2a: Melmetal|Melmetal|94/100
|-damage|p2a: Melmetal|88/100|[from] Stealth Rock
|-damage|p2a: Melmetal|72/100|[from] Spikes
|turn|20
|l| sb2b250
|
|t:|1663065669
|switch|p1a: Clefable|Clefable, F|100/100
|move|p2a: Melmetal|Superpower|p1a: Clefable
|-resisted|p1a: Clefable
|-damage|p1a: Clefable|68/100
|-unboost|p2a: Melmetal|atk|1
|-unboost|p2a: Melmetal|def|1
|
|-heal|p1a: Clefable|74/100|[from] item: Leftovers
|upkeep
|turn|21
|
|t:|1663065675
|switch|p2a: Cresselia|Cresselia, F|78/100
|-damage|p2a: Cresselia|65/100|[from] Stealth Rock
|move|p1a: Clefable|Moonblast|p2a: Cresselia
|-damage|p2a: Cresselia|46/100
|
|-heal|p1a: Clefable|80/100|[from] item: Leftovers
|upkeep
|turn|22
|
|t:|1663065682
|switch|p1a: Ferrothorn|Ferrothorn, F|75/100
|move|p2a: Cresselia|Trick Room|p2a: Cresselia
|-fieldstart|move: Trick Room|[of] p2a: Cresselia
|
|upkeep
|turn|23
|
|t:|1663065688
|move|p1a: Ferrothorn|Leech Seed|p2a: Cresselia
|-start|p2a: Cresselia|move: Leech Seed
|move|p2a: Cresselia|Moonlight|p2a: Cresselia
|-heal|p2a: Cresselia|96/100
|
|-damage|p2a: Cresselia|84/100|[from] Leech Seed|[of] p1a: Ferrothorn
|-heal|p1a: Ferrothorn|91/100|[silent]
|upkeep
|turn|24
|
|t:|1663065692
|switch|p2a: Melmetal|Melmetal|72/100
|-damage|p2a: Melmetal|65/100|[from] Stealth Rock
|-damage|p2a: Melmetal|49/100|[from] Spikes
|move|p1a: Ferrothorn|Spikes|p2a: Melmetal
|-sidestart|p2: Ferrothornail草钢甲|Spikes
|
|upkeep
|turn|25
|j| Noob 0_o
|
|t:|1663065714
|switch|p1a: Clefable|Clefable, F|80/100
|move|p2a: Melmetal|Superpower|p1a: Clefable
|-resisted|p1a: Clefable
|-damage|p1a: Clefable|46/100
|-unboost|p2a: Melmetal|atk|1
|-unboost|p2a: Melmetal|def|1
|
|-heal|p1a: Clefable|52/100|[from] item: Leftovers
|upkeep
|turn|26
|-message|Ferrothornail草钢甲 forfeited.
|
|win|baigu
|raw|baigu's rating: 1636 &rarr; <strong>1665</strong><br />(+29 for winning)
|raw|Ferrothornail草钢甲's rating: 1803 &rarr; <strong>1774</strong><br />(-29 for losing)
|l|☆Ferrothornail草钢甲
