|j|☆Shardul888
|j|☆NotPaffu
|t:|1665102796
|gametype|singles
|player|p1|Shardul888|palmer|1336
|player|p2|NotPaffu|mai|1402
|teamsize|p1|6
|teamsize|p2|6
|gen|8
|tier|[Gen 8] OU
|rated|
|rule|Sleep Clause Mod: Limit one foe put to sleep
|rule|Species Clause: Limit one of each Pokémon
|rule|OHKO Clause: OHKO moves are banned
|rule|Evasion Items Clause: Evasion items are banned
|rule|Evasion Moves Clause: Evasion moves are banned
|rule|Endless Battle Clause: Forcing endless battles is banned
|rule|HP Percentage Mod: HP is shown in percentages
|rule|Dynamax Clause: You cannot dynamax
|clearpoke
|poke|p1|Toxapex, F|
|poke|p1|Slowking-Galar, M|
|poke|p1|Blaziken, M|
|poke|p1|Porygon2|
|poke|p1|Mandibuzz, F|
|poke|p1|Dragonite, F|
|poke|p2|Lycanroc-Dusk, F|
|poke|p2|Skarmory, M|
|poke|p2|Slowking-Galar, M|
|poke|p2|Blacephalon|
|poke|p2|Mandibuzz, F|
|poke|p2|Dragapult, F|
|teampreview
|inactive|Battle timer is ON: inactive players will automatically lose when time's up. (requested by NotPaffu)
|
|t:|1665102818
|start
|switch|p1a: BLACK6|Toxapex, F, shiny|100/100
|switch|p2a: Skarmory|Skarmory, M|100/100
|turn|1
|
|t:|1665102824
|move|p2a: Skarmory|Spikes|p1a: BLACK6
|-sidestart|p1: Shardul888|Spikes
|move|p1a: BLACK6|Scald|p2a: Skarmory
|-damage|p2a: Skarmory|77/100
|
|upkeep
|turn|2
|
|t:|1665102831
|move|p2a: Skarmory|Spikes|p1a: BLACK6
|-sidestart|p1: Shardul888|Spikes
|move|p1a: BLACK6|Scald|p2a: Skarmory
|-damage|p2a: Skarmory|55/100
|
|upkeep
|turn|3
|
|t:|1665102837
|move|p2a: Skarmory|Roost|p2a: Skarmory
|-heal|p2a: Skarmory|100/100
|-singleturn|p2a: Skarmory|move: Roost
|move|p1a: BLACK6|Scald|p2a: Skarmory
|-crit|p2a: Skarmory
|-damage|p2a: Skarmory|63/100
|-status|p2a: Skarmory|brn
|
|-damage|p2a: Skarmory|57/100 brn|[from] brn
|upkeep
|turn|4
|
|t:|1665102848
|switch|p1a: PINK5|Mandibuzz, F|100/100
|move|p2a: Skarmory|Roost|p2a: Skarmory
|-heal|p2a: Skarmory|100/100 brn
|-singleturn|p2a: Skarmory|move: Roost
|
|-damage|p2a: Skarmory|95/100 brn|[from] brn
|upkeep
|turn|5
|
|t:|1665102858
|switch|p2a: Lycanroc|Lycanroc-Dusk, F|100/100
|move|p1a: PINK5|Defog|p2a: Lycanroc
|-unboost|p2a: Lycanroc|evasion|1
|-sideend|p1: Shardul888|Spikes|[from] move: Defog|[of] p1a: PINK5
|
|upkeep
|turn|6
|
|t:|1665102871
|switch|p1a: BLACK6|Toxapex, F, shiny|100/100
|move|p2a: Lycanroc|Accelerock|p1a: BLACK6
|-damage|p1a: BLACK6|85/100
|
|-heal|p1a: BLACK6|91/100|[from] item: Black Sludge
|upkeep
|turn|7
|
|t:|1665102878
|move|p2a: Lycanroc|Swords Dance|p2a: Lycanroc
|-boost|p2a: Lycanroc|atk|2
|move|p1a: BLACK6|Toxic|p2a: Lycanroc
|-status|p2a: Lycanroc|tox
|
|-heal|p1a: BLACK6|97/100|[from] item: Black Sludge
|-damage|p2a: Lycanroc|94/100 tox|[from] psn
|upkeep
|turn|8
|
|t:|1665102888
|move|p2a: Lycanroc|Psychic Fangs|p1a: BLACK6
|-supereffective|p1a: BLACK6
|-damage|p1a: BLACK6|11/100
|move|p1a: BLACK6|Haze|p1a: BLACK6
|-clearallboost
|
|-heal|p1a: BLACK6|17/100|[from] item: Black Sludge
|-damage|p2a: Lycanroc|82/100 tox|[from] psn
|upkeep
|turn|9
|
|t:|1665102909
|switch|p1a: WHITE3|Porygon2, shiny|100/100
|move|p2a: Lycanroc|Swords Dance|p2a: Lycanroc
|-boost|p2a: Lycanroc|atk|2
|
|-damage|p2a: Lycanroc|63/100 tox|[from] psn
|upkeep
|turn|10
|
|t:|1665102917
|move|p2a: Lycanroc|Close Combat|p1a: WHITE3
|-supereffective|p1a: WHITE3
|-damage|p1a: WHITE3|0 fnt
|-unboost|p2a: Lycanroc|def|1
|-unboost|p2a: Lycanroc|spd|1
|faint|p1a: WHITE3
|
|-damage|p2a: Lycanroc|39/100 tox|[from] psn
|upkeep
|
|t:|1665102931
|switch|p1a: BLUE7|Blaziken, M, shiny|100/100
|turn|11
|
|t:|1665102936
|move|p1a: BLUE7|Protect|p1a: BLUE7
|-singleturn|p1a: BLUE7|Protect
|move|p2a: Lycanroc|Swords Dance|p2a: Lycanroc
|-boost|p2a: Lycanroc|atk|2
|
|-damage|p2a: Lycanroc|8/100 tox|[from] psn
|-ability|p1a: BLUE7|Speed Boost|boost
|-boost|p1a: BLUE7|spe|1
|upkeep
|turn|12
|
|t:|1665102951
|move|p1a: BLUE7|Protect||[still]
|-fail|p1a: BLUE7
|move|p2a: Lycanroc|Accelerock|p1a: BLUE7
|-damage|p1a: BLUE7|0 fnt
|faint|p1a: BLUE7
|
|-damage|p2a: Lycanroc|0 fnt|[from] psn
|faint|p2a: Lycanroc
|upkeep
|
|t:|1665102966
|switch|p2a: Blacephalon|Blacephalon|100/100
|switch|p1a: PINK5|Mandibuzz, F|100/100
|turn|13
|
|t:|1665102972
|move|p2a: Blacephalon|Trick|p1a: PINK5
|-activate|p2a: Blacephalon|move: Trick|[of] p1a: PINK5
|-item|p1a: PINK5|Choice Scarf|[from] move: Trick
|-item|p2a: Blacephalon|Heavy-Duty Boots|[from] move: Trick
|move|p1a: PINK5|Foul Play|p2a: Blacephalon
|-supereffective|p2a: Blacephalon
|-damage|p2a: Blacephalon|0 fnt
|faint|p2a: Blacephalon
|
|upkeep
|
|t:|1665102981
|switch|p2a: Mandibuzz|Mandibuzz, F|100/100
|turn|14
|
|t:|1665102984
|switch|p1a: BLACK6|Toxapex, F, shiny|50/100
|move|p2a: Mandibuzz|U-turn|p1a: BLACK6
|-resisted|p1a: BLACK6
|-damage|p1a: BLACK6|47/100
|
|t:|1665102988
|switch|p2a: Dragapult|Dragapult, F|100/100|[from]move: U-turn
|
|-heal|p1a: BLACK6|53/100|[from] item: Black Sludge
|upkeep
|turn|15
|
|t:|1665102995
|switch|p1a: PINK5|Mandibuzz, F|100/100
|move|p2a: Dragapult|Substitute|p2a: Dragapult
|-start|p2a: Dragapult|Substitute
|-damage|p2a: Dragapult|76/100
|
|upkeep
|turn|16
|
|t:|1665103002
|move|p2a: Dragapult|Dragon Darts|p1a: PINK5
|-damage|p1a: PINK5|82/100
|-anim|p2a: Dragapult|Dragon Darts|p1a: PINK5
|-crit|p1a: PINK5
|-damage|p1a: PINK5|53/100
|move|p1a: PINK5|Foul Play|p2a: Dragapult
|-supereffective|p2a: Dragapult
|-end|p2a: Dragapult|Substitute
|
|upkeep
|turn|17
|
|t:|1665103011
|switch|p2a: Skarmory|Skarmory, M|95/100 brn
|move|p1a: PINK5|Foul Play|p2a: Skarmory
|-damage|p2a: Skarmory|77/100 brn
|-damage|p1a: PINK5|36/100|[from] item: Rocky Helmet|[of] p2a: Skarmory
|
|-damage|p2a: Skarmory|71/100 brn|[from] brn
|upkeep
|turn|18
|
|t:|1665103022
|switch|p1a: GREEN4|Slowking-Galar, M, shiny|100/100
|switch|p2a: Dragapult|Dragapult, F|76/100
|
|upkeep
|turn|19
|
|t:|1665103035
|move|p2a: Dragapult|Dragon Dance|p2a: Dragapult
|-boost|p2a: Dragapult|atk|1
|-boost|p2a: Dragapult|spe|1
|move|p1a: GREEN4|Sludge Bomb|p2a: Dragapult
|-resisted|p2a: Dragapult
|-damage|p2a: Dragapult|42/100
|
|upkeep
|turn|20
|
|t:|1665103043
|move|p2a: Dragapult|Dragon Darts|p1a: GREEN4
|-damage|p1a: GREEN4|51/100
|-anim|p2a: Dragapult|Dragon Darts|p1a: GREEN4
|-damage|p1a: GREEN4|0 fnt
|faint|p1a: GREEN4
|
|upkeep
|
|t:|1665103051
|switch|p1a: RED8|Dragonite, F|100/100
|turn|21
|
|t:|1665103055
|move|p2a: Dragapult|Dragon Darts|p1a: RED8
|-supereffective|p1a: RED8
|-crit|p1a: RED8
|-damage|p1a: RED8|34/100
|-enditem|p1a: RED8|Weakness Policy
|-boost|p1a: RED8|atk|2|[from] item: Weakness Policy
|-boost|p1a: RED8|spa|2|[from] item: Weakness Policy
|-anim|p2a: Dragapult|Dragon Darts|p1a: RED8
|-supereffective|p1a: RED8
|-damage|p1a: RED8|0 fnt
|faint|p1a: RED8
|
|upkeep
|-message|Shardul888 forfeited.
|
|win|NotPaffu
|raw|Shardul888's rating: 1336 &rarr; <strong>1320</strong><br />(-16 for losing)
|raw|NotPaffu's rating: 1402 &rarr; <strong>1418</strong><br />(+16 for winning)
|l|☆Shardul888
||Ladder isn't responding, score probably updated but might not have (Request timeout).
