|j|☆grasssoul
|j|☆DiameterXtreme
|t:|1668134713
|gametype|singles
|player|p1|grasssoul|102|1702
|player|p2|DiameterXtreme|jasmine-gen2|1665
|teamsize|p1|6
|teamsize|p2|6
|gen|8
|tier|[Gen 8] OU
|rated|
|rule|Sleep Clause Mod: Limit one foe put to sleep
|rule|Species Clause: Limit one of each Pokémon
|rule|OHKO Clause: OHKO moves are banned
|rule|Evasion Items Clause: Evasion items are banned
|rule|Evasion Moves Clause: Evasion moves are banned
|rule|Endless Battle Clause: Forcing endless battles is banned
|rule|HP Percentage Mod: HP is shown in percentages
|rule|Dynamax Clause: You cannot dynamax
|clearpoke
|poke|p1|Heatran, F|
|poke|p1|Slowking-Galar, M|
|poke|p1|Tapu Lele|
|poke|p1|Landorus-Therian, M|
|poke|p1|Dragapult, M|
|poke|p1|Zapdos|
|poke|p2|Zapdos|
|poke|p2|Sandaconda, M|
|poke|p2|Buzzwole|
|poke|p2|Dragapult, F|
|poke|p2|Melmetal|
|poke|p2|Blissey, F|
|teampreview
|inactive|Battle timer is ON: inactive players will automatically lose when time's up. (requested by DiameterXtreme)
|
|t:|1668134726
|start
|switch|p1a: Dragapult|Dragapult, M|100/100
|switch|p2a: Melmetal|Melmetal|100/100
|turn|1
|
|t:|1668134731
|move|p1a: Dragapult|U-turn|p2a: Melmetal
|-resisted|p2a: Melmetal
|-damage|p2a: Melmetal|90/100
|
|t:|1668134734
|switch|p1a: Zapdos|Zapdos|100/100|[from]move: U-turn
|move|p2a: Melmetal|Toxic|p1a: Zapdos
|-status|p1a: Zapdos|tox
|
|-damage|p1a: Zapdos|94/100 tox|[from] psn
|upkeep
|turn|2
|j| LT_Alt1
|
|t:|1668134749
|switch|p2a: Sandaconda|Sandaconda, M, shiny|100/100
|move|p1a: Zapdos|Volt Switch|p2a: Sandaconda
|-immune|p2a: Sandaconda
|
|-damage|p1a: Zapdos|82/100 tox|[from] psn
|upkeep
|turn|3
|j| MidKnight222
|
|t:|1668134754
|switch|p1a: Landorus|Landorus-Therian, M|100/100
|-ability|p1a: Landorus|Intimidate|boost
|-unboost|p2a: Sandaconda|atk|1
|switch|p2a: Blissey|Blissey, F|100/100
|
|upkeep
|turn|4
|
|t:|1668134762
|move|p1a: Landorus|Knock Off|p2a: Blissey
|-damage|p2a: Blissey|70/100
|-enditem|p2a: Blissey|Heavy-Duty Boots|[from] move: Knock Off|[of] p1a: Landorus
|move|p2a: Blissey|Toxic|p1a: Landorus
|-status|p1a: Landorus|tox
|
|-damage|p1a: Landorus|94/100 tox|[from] psn
|upkeep
|turn|5
|
|t:|1668134767
|move|p1a: Landorus|Stealth Rock|p2a: Blissey
|-sidestart|p2: DiameterXtreme|move: Stealth Rock
|move|p2a: Blissey|Soft-Boiled|p2a: Blissey
|-heal|p2a: Blissey|100/100
|
|-heal|p1a: Landorus|100/100 tox|[from] item: Leftovers
|-damage|p1a: Landorus|88/100 tox|[from] psn
|upkeep
|turn|6
|
|t:|1668134771
|move|p1a: Landorus|U-turn|p2a: Blissey
|-damage|p2a: Blissey|78/100
|
|t:|1668134773
|switch|p1a: Heatran|Heatran, F|100/100|[from]move: U-turn
|move|p2a: Blissey|Teleport|p2a: Blissey
|
|t:|1668134776
|switch|p2a: Sandaconda|Sandaconda, M, shiny|100/100|[from]move: Teleport
|-damage|p2a: Sandaconda|94/100|[from] Stealth Rock
|
|-heal|p2a: Sandaconda|100/100|[from] item: Leftovers
|upkeep
|turn|7
|
|t:|1668134784
|switch|p1a: Zapdos|Zapdos|82/100 tox
|move|p2a: Sandaconda|Stealth Rock|p1a: Zapdos
|-sidestart|p1: grasssoul|move: Stealth Rock
|
|-damage|p1a: Zapdos|76/100 tox|[from] psn
|upkeep
|turn|8
|
|t:|1668134795
|switch|p1a: Slowking|Slowking-Galar, M|100/100
|-damage|p1a: Slowking|88/100|[from] Stealth Rock
|switch|p2a: Blissey|Blissey, F|78/100
|-damage|p2a: Blissey|65/100|[from] Stealth Rock
|
|upkeep
|turn|9
|
|t:|1668134799
|move|p1a: Slowking|Future Sight|p2a: Blissey
|-start|p1a: Slowking|move: Future Sight
|move|p2a: Blissey|Teleport|p2a: Blissey
|
|t:|1668134804
|switch|p2a: Melmetal|Melmetal|90/100|[from]move: Teleport
|-damage|p2a: Melmetal|84/100|[from] Stealth Rock
|
|upkeep
|turn|10
|
|t:|1668134808
|move|p2a: Melmetal|Double Iron Bash|p1a: Slowking
|-damage|p1a: Slowking|24/100
|-damage|p1a: Slowking|0 fnt
|faint|p1a: Slowking
|-hitcount|p1: Slowking|2
|
|upkeep
|
|t:|1668134815
|switch|p1a: Heatran|Heatran, F|100/100
|-damage|p1a: Heatran|88/100|[from] Stealth Rock
|turn|11
|
|t:|1668134833
|switch|p2a: Blissey|Blissey, F|65/100
|-damage|p2a: Blissey|53/100|[from] Stealth Rock
|move|p1a: Heatran|Magma Storm|p2a: Blissey|[miss]
|-miss|p1a: Heatran|p2a: Blissey
|
|-end|p2a: Blissey|move: Future Sight
|-damage|p2a: Blissey|37/100
|-heal|p1a: Heatran|94/100|[from] item: Leftovers
|upkeep
|turn|12
|
|t:|1668134846
|switch|p1a: Dragapult|Dragapult, M|100/100
|-damage|p1a: Dragapult|88/100|[from] Stealth Rock
|switch|p2a: Sandaconda|Sandaconda, M, shiny|100/100
|-damage|p2a: Sandaconda|94/100|[from] Stealth Rock
|
|-heal|p2a: Sandaconda|100/100|[from] item: Leftovers
|upkeep
|turn|13
|
|t:|1668134849
|move|p1a: Dragapult|Dragon Darts|p2a: Sandaconda
|-damage|p2a: Sandaconda|71/100
|-anim|p1a: Dragapult|Dragon Darts|p2a: Sandaconda
|-crit|p2a: Sandaconda
|-damage|p2a: Sandaconda|27/100
|move|p2a: Sandaconda|Glare|p1a: Dragapult
|-status|p1a: Dragapult|par
|
|-heal|p2a: Sandaconda|33/100|[from] item: Leftovers
|upkeep
|turn|14
|
|t:|1668134854
|cant|p1a: Dragapult|par
|move|p2a: Sandaconda|Rest|p2a: Sandaconda
|-status|p2a: Sandaconda|slp|[from] move: Rest
|-heal|p2a: Sandaconda|100/100 slp|[silent]
|
|-activate|p2a: Sandaconda|ability: Shed Skin
|-curestatus|p2a: Sandaconda|slp|[msg]
|upkeep
|turn|15
|
|t:|1668134858
|cant|p1a: Dragapult|par
|move|p2a: Sandaconda|Earthquake|p1a: Dragapult
|-damage|p1a: Dragapult|43/100 par
|
|upkeep
|turn|16
|
|t:|1668134860
|move|p1a: Dragapult|Dragon Darts|p2a: Sandaconda
|-damage|p2a: Sandaconda|72/100
|-anim|p1a: Dragapult|Dragon Darts|p2a: Sandaconda
|-damage|p2a: Sandaconda|43/100
|move|p2a: Sandaconda|Earthquake|p1a: Dragapult
|-damage|p1a: Dragapult|0 fnt
|faint|p1a: Dragapult
|
|-heal|p2a: Sandaconda|49/100|[from] item: Leftovers
|upkeep
|c|☆DiameterXtreme|mb
|
|t:|1668134867
|switch|p1a: Tapu Lele|Tapu Lele|100/100
|-damage|p1a: Tapu Lele|88/100|[from] Stealth Rock
|-fieldstart|move: Psychic Terrain|[from] ability: Psychic Surge|[of] p1a: Tapu Lele
|turn|17
|
|t:|1668134875
|switch|p2a: Blissey|Blissey, F|37/100
|-damage|p2a: Blissey|24/100|[from] Stealth Rock
|move|p1a: Tapu Lele|Psyshock|p2a: Blissey
|-damage|p2a: Blissey|0 fnt
|faint|p2a: Blissey
|
|upkeep
|
|t:|1668134877
|switch|p2a: Melmetal|Melmetal|84/100
|-damage|p2a: Melmetal|78/100|[from] Stealth Rock
|turn|18
|
|t:|1668134881
|switch|p1a: Zapdos|Zapdos|76/100 tox
|move|p2a: Melmetal|Double Iron Bash|p1a: Zapdos
|-resisted|p1a: Zapdos
|-damage|p1a: Zapdos|51/100 tox
|-resisted|p1a: Zapdos
|-crit|p1a: Zapdos
|-damage|p1a: Zapdos|18/100 tox
|-hitcount|p1a: Zapdos|2
|
|-damage|p1a: Zapdos|12/100 tox|[from] psn
|upkeep
|turn|19
|
|t:|1668134887
|move|p1a: Zapdos|Roost|p1a: Zapdos
|-heal|p1a: Zapdos|62/100 tox
|-singleturn|p1a: Zapdos|move: Roost
|move|p2a: Melmetal|Double Iron Bash|p1a: Zapdos
|-resisted|p1a: Zapdos
|-damage|p1a: Zapdos|37/100 tox
|-resisted|p1a: Zapdos
|-damage|p1a: Zapdos|15/100 tox
|-status|p2a: Melmetal|par|[from] ability: Static|[of] p1a: Zapdos
|-hitcount|p1a: Zapdos|2
|
|-damage|p1a: Zapdos|3/100 tox|[from] psn
|upkeep
|turn|20
|
|t:|1668134897
|move|p1a: Zapdos|Volt Switch|p2a: Melmetal
|-damage|p2a: Melmetal|41/100 par
|
|t:|1668134900
|switch|p1a: Heatran|Heatran, F|94/100|[from]move: Volt Switch
|-damage|p1a: Heatran|82/100|[from] Stealth Rock
|cant|p2a: Melmetal|par
|
|-heal|p1a: Heatran|88/100|[from] item: Leftovers
|upkeep
|turn|21
|
|t:|1668134902
|move|p1a: Heatran|Magma Storm|p2a: Melmetal
|-supereffective|p2a: Melmetal
|-damage|p2a: Melmetal|0 fnt
|faint|p2a: Melmetal
|
|-heal|p1a: Heatran|94/100|[from] item: Leftovers
|-fieldend|move: Psychic Terrain
|upkeep
|
|t:|1668134905
|switch|p2a: Sandaconda|Sandaconda, M, shiny|49/100
|-damage|p2a: Sandaconda|43/100|[from] Stealth Rock
|turn|22
|
|t:|1668134918
|switch|p1a: Landorus|Landorus-Therian, M|88/100 tox
|-damage|p1a: Landorus|76/100 tox|[from] Stealth Rock
|-ability|p1a: Landorus|Intimidate|boost
|-unboost|p2a: Sandaconda|atk|1
|move|p2a: Sandaconda|Earthquake|p1a: Landorus
|-immune|p1a: Landorus
|
|-heal|p1a: Landorus|82/100 tox|[from] item: Leftovers
|-heal|p2a: Sandaconda|49/100|[from] item: Leftovers
|-damage|p1a: Landorus|76/100 tox|[from] psn
|upkeep
|turn|23
|
|t:|1668134928
|move|p1a: Landorus|Knock Off|p2a: Sandaconda
|-damage|p2a: Sandaconda|23/100
|-enditem|p2a: Sandaconda|Leftovers|[from] move: Knock Off|[of] p1a: Landorus
|move|p2a: Sandaconda|Rest|p2a: Sandaconda
|-status|p2a: Sandaconda|slp|[from] move: Rest
|-heal|p2a: Sandaconda|100/100 slp|[silent]
|
|-heal|p1a: Landorus|82/100 tox|[from] item: Leftovers
|-damage|p1a: Landorus|70/100 tox|[from] psn
|upkeep
|turn|24
|
|t:|1668134937
|switch|p1a: Tapu Lele|Tapu Lele|88/100
|-damage|p1a: Tapu Lele|76/100|[from] Stealth Rock
|-fieldstart|move: Psychic Terrain|[from] ability: Psychic Surge|[of] p1a: Tapu Lele
|switch|p2a: Buzzwole|Buzzwole|100/100
|-damage|p2a: Buzzwole|88/100|[from] Stealth Rock
|
|upkeep
|turn|25
|
|t:|1668134948
|move|p1a: Tapu Lele|Psychic|p2a: Buzzwole
|-supereffective|p2a: Buzzwole
|-damage|p2a: Buzzwole|0 fnt
|faint|p2a: Buzzwole
|
|upkeep
|
|t:|1668134949
|switch|p2a: Dragapult|Dragapult, F|100/100
|-damage|p2a: Dragapult|88/100|[from] Stealth Rock
|turn|26
|
|t:|1668134958
|switch|p1a: Heatran|Heatran, F|94/100
|-damage|p1a: Heatran|82/100|[from] Stealth Rock
|move|p2a: Dragapult|Shadow Ball|p1a: Heatran
|-damage|p1a: Heatran|45/100
|
|-heal|p1a: Heatran|51/100|[from] item: Leftovers
|upkeep
|turn|27
|
|t:|1668134971
|move|p1a: Heatran|Protect|p1a: Heatran
|-singleturn|p1a: Heatran|Protect
|move|p2a: Dragapult|Shadow Ball|p1a: Heatran
|-activate|p1a: Heatran|move: Protect
|
|-heal|p1a: Heatran|57/100|[from] item: Leftovers
|upkeep
|turn|28
|
|t:|1668134980
|switch|p1a: Zapdos|Zapdos|3/100 tox
|move|p2a: Dragapult|Shadow Ball|p1a: Zapdos
|-damage|p1a: Zapdos|0 fnt
|faint|p1a: Zapdos
|
|-fieldend|move: Psychic Terrain
|upkeep
|
|t:|1668134981
|switch|p1a: Tapu Lele|Tapu Lele|76/100
|-damage|p1a: Tapu Lele|63/100|[from] Stealth Rock
|-fieldstart|move: Psychic Terrain|[from] ability: Psychic Surge|[of] p1a: Tapu Lele
|turn|29
|
|t:|1668134987
|move|p1a: Tapu Lele|Moonblast|p2a: Dragapult
|-supereffective|p2a: Dragapult
|-damage|p2a: Dragapult|0 fnt
|faint|p2a: Dragapult
|
|upkeep
|
|t:|1668134989
|switch|p2a: Zapdos|Zapdos|100/100
|turn|30
|
|t:|1668134993
|switch|p1a: Landorus|Landorus-Therian, M|70/100 tox
|-damage|p1a: Landorus|58/100 tox|[from] Stealth Rock
|-ability|p1a: Landorus|Intimidate|boost
|-unboost|p2a: Zapdos|atk|1
|move|p2a: Zapdos|Heat Wave|p1a: Landorus
|-crit|p1a: Landorus
|-damage|p1a: Landorus|15/100 tox
|
|-heal|p1a: Landorus|21/100 tox|[from] item: Leftovers
|-damage|p1a: Landorus|15/100 tox|[from] psn
|upkeep
|turn|31
|
|t:|1668135001
|move|p2a: Zapdos|Roost||[still]
|-fail|p2a: Zapdos|heal
|move|p1a: Landorus|Knock Off|p2a: Zapdos
|-damage|p2a: Zapdos|74/100
|-enditem|p2a: Zapdos|Heavy-Duty Boots|[from] move: Knock Off|[of] p1a: Landorus
|
|-heal|p1a: Landorus|21/100 tox|[from] item: Leftovers
|-damage|p1a: Landorus|9/100 tox|[from] psn
|upkeep
|turn|32
|
|t:|1668135016
|move|p2a: Zapdos|Roost|p2a: Zapdos
|-heal|p2a: Zapdos|100/100
|-singleturn|p2a: Zapdos|move: Roost
|move|p1a: Landorus|Earthquake|p2a: Zapdos
|-supereffective|p2a: Zapdos
|-damage|p2a: Zapdos|17/100
|
|-heal|p1a: Landorus|15/100 tox|[from] item: Leftovers
|-damage|p1a: Landorus|0 fnt|[from] psn
|faint|p1a: Landorus
|upkeep
|
|t:|1668135019
|switch|p1a: Tapu Lele|Tapu Lele|63/100
|-damage|p1a: Tapu Lele|51/100|[from] Stealth Rock
|turn|33
|
|t:|1668135021
|move|p1a: Tapu Lele|Psychic|p2a: Zapdos
|-damage|p2a: Zapdos|0 fnt
|faint|p2a: Zapdos
|
|-fieldend|move: Psychic Terrain
|upkeep
|
|t:|1668135022
|switch|p2a: Sandaconda|Sandaconda, M, shiny|100/100 slp
|-damage|p2a: Sandaconda|94/100 slp|[from] Stealth Rock
|turn|34
|
|t:|1668135028
|switch|p1a: Heatran|Heatran, F|57/100
|-damage|p1a: Heatran|45/100|[from] Stealth Rock
|cant|p2a: Sandaconda|slp
|
|-heal|p1a: Heatran|51/100|[from] item: Leftovers
|-activate|p2a: Sandaconda|ability: Shed Skin
|-curestatus|p2a: Sandaconda|slp|[msg]
|upkeep
|turn|35
|
|t:|1668135036
|move|p1a: Heatran|Magma Storm|p2a: Sandaconda|[miss]
|-miss|p1a: Heatran|p2a: Sandaconda
|move|p2a: Sandaconda|Glare|p1a: Heatran
|-status|p1a: Heatran|par
|
|-heal|p1a: Heatran|57/100 par|[from] item: Leftovers
|upkeep
|turn|36
|
|t:|1668135038
|move|p2a: Sandaconda|Earthquake|p1a: Heatran
|-supereffective|p1a: Heatran
|-damage|p1a: Heatran|0 fnt
|faint|p1a: Heatran
|
|upkeep
|
|t:|1668135040
|switch|p1a: Tapu Lele|Tapu Lele|51/100
|-damage|p1a: Tapu Lele|38/100|[from] Stealth Rock
|-fieldstart|move: Psychic Terrain|[from] ability: Psychic Surge|[of] p1a: Tapu Lele
|turn|37
|c|☆DiameterXtreme|gg
|
|t:|1668135044
|move|p1a: Tapu Lele|Psychic|p2a: Sandaconda
|-damage|p2a: Sandaconda|43/100
|move|p2a: Sandaconda|Earthquake|p1a: Tapu Lele
|-damage|p1a: Tapu Lele|0 fnt
|faint|p1a: Tapu Lele
|
|win|DiameterXtreme
|raw|grasssoul's rating: 1702 &rarr; <strong>1680</strong><br />(-22 for losing)
|raw|DiameterXtreme's rating: 1665 &rarr; <strong>1687</strong><br />(+22 for winning)
|l|☆DiameterXtreme
