|html|<div class="broadcast-blue"><strong>[Gen 8] OU is currently suspecting Melmetal! For information on how to participate check out the <a href="https://www.smogon.com/forums/threads/np-ss-ou-suspect-process-round-12-monster-mash.3709234/">suspect thread</a>.</strong></div>
|j|☆playeraccount
|j|☆FreeOuch
|t:|1666696778
|gametype|singles
|player|p1|playeraccount|2|1593
|player|p2|FreeOuch|clair-gen2|1552
|teamsize|p1|6
|teamsize|p2|6
|gen|8
|tier|[Gen 8] OU
|rated|
|rule|Sleep Clause Mod: Limit one foe put to sleep
|rule|Species Clause: Limit one of each Pokémon
|rule|OHKO Clause: OHKO moves are banned
|rule|Evasion Items Clause: Evasion items are banned
|rule|Evasion Moves Clause: Evasion moves are banned
|rule|Endless Battle Clause: Forcing endless battles is banned
|rule|HP Percentage Mod: HP is shown in percentages
|rule|Dynamax Clause: You cannot dynamax
|clearpoke
|poke|p1|Diancie|
|poke|p1|Slowbro, M|
|poke|p1|Zapdos|
|poke|p1|Kartana|
|poke|p1|Nidoqueen, F|
|poke|p1|Tapu Fini|
|poke|p2|Skarmory, M|
|poke|p2|Hippowdon, M|
|poke|p2|Keldeo-Resolute|
|poke|p2|Zapdos-Galar|
|poke|p2|Bisharp, F|
|poke|p2|Slowking-Galar, F|
|teampreview
|inactive|Battle timer is ON: inactive players will automatically lose when time's up. (requested by playeraccount)
|
|t:|1666696788
|start
|switch|p1a: Kartana|Kartana, shiny|100/100
|switch|p2a: Hippowdon|Hippowdon, M|100/100
|-weather|Sandstorm|[from] ability: Sand Stream|[of] p2a: Hippowdon
|turn|1
|j| De5tr0yr
|
|t:|1666696794
|switch|p2a: Skarmory|Skarmory, M|100/100
|move|p1a: Kartana|Knock Off|p2a: Skarmory
|-damage|p2a: Skarmory|62/100
|-damage|p1a: Kartana|84/100|[from] item: Rocky Helmet|[of] p2a: Skarmory
|-enditem|p2a: Skarmory|Rocky Helmet|[from] move: Knock Off|[of] p1a: Kartana
|
|-weather|Sandstorm|[upkeep]
|upkeep
|turn|2
|
|t:|1666696801
|switch|p1a: Diancie|Diancie, shiny|100/100
|move|p2a: Skarmory|Roost|p2a: Skarmory
|-heal|p2a: Skarmory|100/100
|-singleturn|p2a: Skarmory|move: Roost
|
|-weather|Sandstorm|[upkeep]
|upkeep
|turn|3
|
|t:|1666696807
|move|p2a: Skarmory|Body Press|p1a: Diancie
|-damage|p1a: Diancie|73/100
|move|p1a: Diancie|Stealth Rock|p2a: Skarmory
|-sidestart|p2: FreeOuch|move: Stealth Rock
|
|-weather|Sandstorm|[upkeep]
|-heal|p1a: Diancie|79/100|[from] item: Leftovers
|upkeep
|turn|4
|j| Ran Kob
|
|t:|1666696826
|switch|p2a: Hippowdon|Hippowdon, M|100/100
|-damage|p2a: Hippowdon|94/100|[from] Stealth Rock
|move|p1a: Diancie|Diamond Storm|p2a: Hippowdon
|-resisted|p2a: Hippowdon
|-damage|p2a: Hippowdon|83/100
|
|-weather|Sandstorm|[upkeep]
|-heal|p1a: Diancie|86/100|[from] item: Leftovers
|upkeep
|turn|5
|
|t:|1666696833
|switch|p1a: Slowbro|Slowbro, M, shiny|100/100
|move|p2a: Hippowdon|Stealth Rock|p1a: Slowbro
|-sidestart|p1: playeraccount|move: Stealth Rock
|
|-weather|none
|upkeep
|turn|6
|
|t:|1666696835
|move|p2a: Hippowdon|Toxic|p1a: Slowbro
|-status|p1a: Slowbro|tox
|move|p1a: Slowbro|Future Sight|p2a: Hippowdon
|-start|p1a: Slowbro|move: Future Sight
|
|-damage|p1a: Slowbro|94/100 tox|[from] psn
|upkeep
|turn|7
|
|t:|1666696844
|move|p2a: Hippowdon|Earthquake|p1a: Slowbro
|-damage|p1a: Slowbro|71/100 tox
|move|p1a: Slowbro|Teleport|p1a: Slowbro
|
|t:|1666696852
|switch|p1a: Kartana|Kartana, shiny|84/100|[from]move: Teleport
|-damage|p1a: Kartana|78/100|[from] Stealth Rock
|
|upkeep
|turn|8
|
|t:|1666696861
|switch|p1a: Nidoqueen|Nidoqueen, F, shiny|100/100
|-damage|p1a: Nidoqueen|94/100|[from] Stealth Rock
|switch|p2a: Skarmory|Skarmory, M|100/100
|-damage|p2a: Skarmory|88/100|[from] Stealth Rock
|
|-end|p2a: Skarmory|move: Future Sight
|-resisted|p2a: Skarmory
|-damage|p2a: Skarmory|58/100
|upkeep
|turn|9
|
|t:|1666696868
|switch|p2a: Keldeo|Keldeo-Resolute|100/100
|-damage|p2a: Keldeo|94/100|[from] Stealth Rock
|move|p1a: Nidoqueen|Flamethrower|p2a: Keldeo
|-resisted|p2a: Keldeo
|-damage|p2a: Keldeo|77/100
|
|-heal|p2a: Keldeo|84/100|[from] item: Leftovers
|upkeep
|turn|10
|
|t:|1666696875
|switch|p1a: Slowbro|Slowbro, M, shiny|100/100 tox
|-damage|p1a: Slowbro|88/100 tox|[from] Stealth Rock
|move|p2a: Keldeo|Scald|p1a: Slowbro
|-resisted|p1a: Slowbro
|-damage|p1a: Slowbro|66/100 tox
|
|-heal|p2a: Keldeo|90/100|[from] item: Leftovers
|-damage|p1a: Slowbro|60/100 tox|[from] psn
|upkeep
|turn|11
|
|t:|1666696883
|move|p2a: Keldeo|Substitute|p2a: Keldeo
|-start|p2a: Keldeo|Substitute
|-damage|p2a: Keldeo|65/100
|move|p1a: Slowbro|Teleport|p1a: Slowbro
|
|t:|1666696887
|switch|p1a: Zapdos|Zapdos, shiny|100/100|[from]move: Teleport
|
|-heal|p2a: Keldeo|71/100|[from] item: Leftovers
|upkeep
|turn|12
|
|t:|1666696892
|move|p2a: Keldeo|Scald|p1a: Zapdos
|-damage|p1a: Zapdos|60/100
|move|p1a: Zapdos|Volt Switch|p2a: Keldeo
|-supereffective|p2a: Keldeo
|-end|p2a: Keldeo|Substitute
|
|t:|1666696899
|switch|p1a: Kartana|Kartana, shiny|78/100|[from]move: Volt Switch
|-damage|p1a: Kartana|72/100|[from] Stealth Rock
|
|-heal|p2a: Keldeo|77/100|[from] item: Leftovers
|upkeep
|turn|13
|
|t:|1666696904
|switch|p2a: Skarmory|Skarmory, M|58/100
|-damage|p2a: Skarmory|46/100|[from] Stealth Rock
|move|p1a: Kartana|Leaf Blade|p2a: Skarmory
|-resisted|p2a: Skarmory
|-damage|p2a: Skarmory|33/100
|
|upkeep
|turn|14
|
|t:|1666696912
|switch|p1a: Nidoqueen|Nidoqueen, F, shiny|94/100
|-damage|p1a: Nidoqueen|88/100|[from] Stealth Rock
|move|p2a: Skarmory|Roost|p2a: Skarmory
|-heal|p2a: Skarmory|83/100
|-singleturn|p2a: Skarmory|move: Roost
|
|upkeep
|turn|15
|
|t:|1666696928
|switch|p2a: Slowking|Slowking-Galar, F|100/100
|-damage|p2a: Slowking|88/100|[from] Stealth Rock
|move|p1a: Nidoqueen|Sludge Wave|p2a: Slowking
|-resisted|p2a: Slowking
|-damage|p2a: Slowking|73/100
|
|upkeep
|turn|16
|l| De5tr0yr
|
|t:|1666696933
|move|p1a: Nidoqueen|Earth Power|p2a: Slowking
|-supereffective|p2a: Slowking
|-damage|p2a: Slowking|16/100
|move|p2a: Slowking|Future Sight|p1a: Nidoqueen
|-start|p2a: Slowking|move: Future Sight
|
|upkeep
|turn|17
|
|t:|1666696941
|switch|p2a: Zapdos|Zapdos-Galar|100/100
|-damage|p2a: Zapdos|88/100|[from] Stealth Rock
|move|p1a: Nidoqueen|Ice Beam|p2a: Zapdos
|-supereffective|p2a: Zapdos
|-damage|p2a: Zapdos|5/100
|
|upkeep
|turn|18
|
|t:|1666696954
|switch|p1a: Diancie|Diancie, shiny|86/100
|-damage|p1a: Diancie|73/100|[from] Stealth Rock
|move|p2a: Zapdos|Thunderous Kick|p1a: Diancie
|-crit|p1a: Diancie
|-damage|p1a: Diancie|22/100
|
|-end|p1a: Diancie|move: Future Sight
|-damage|p1a: Diancie|0 fnt
|faint|p1a: Diancie
|upkeep
|
|t:|1666696969
|switch|p1a: Kartana|Kartana, shiny|72/100
|-damage|p1a: Kartana|65/100|[from] Stealth Rock
|turn|19
|l| Ran Kob
|j| Spade K
|
|t:|1666696989
|switch|p2a: Skarmory|Skarmory, M|83/100
|-damage|p2a: Skarmory|71/100|[from] Stealth Rock
|switch|p1a: Nidoqueen|Nidoqueen, F, shiny|88/100
|-damage|p1a: Nidoqueen|82/100|[from] Stealth Rock
|
|upkeep
|turn|20
|j| carllen
|
|t:|1666697000
|switch|p2a: Zapdos|Zapdos-Galar|5/100
|-damage|p2a: Zapdos|0 fnt|[from] Stealth Rock
|faint|p2a: Zapdos
|move|p1a: Nidoqueen|Flamethrower|p2: Zapdos|[notarget]
|-fail|p1a: Nidoqueen
|
|upkeep
|
|t:|1666697009
|switch|p2a: Hippowdon|Hippowdon, M|83/100
|-damage|p2a: Hippowdon|76/100|[from] Stealth Rock
|-weather|Sandstorm|[from] ability: Sand Stream|[of] p2a: Hippowdon
|turn|21
|
|t:|1666697015
|switch|p1a: Slowbro|Slowbro, M, shiny|93/100 tox
|-damage|p1a: Slowbro|80/100 tox|[from] Stealth Rock
|move|p2a: Hippowdon|Earthquake|p1a: Slowbro
|-damage|p1a: Slowbro|57/100 tox
|
|-weather|Sandstorm|[upkeep]
|-damage|p1a: Slowbro|50/100 tox|[from] Sandstorm
|-damage|p1a: Slowbro|44/100 tox|[from] psn
|upkeep
|turn|22
|
|t:|1666697021
|move|p2a: Hippowdon|Earthquake|p1a: Slowbro
|-damage|p1a: Slowbro|23/100 tox
|move|p1a: Slowbro|Teleport|p1a: Slowbro
|
|t:|1666697025
|switch|p1a: Kartana|Kartana, shiny|65/100|[from]move: Teleport
|-damage|p1a: Kartana|59/100|[from] Stealth Rock
|
|-weather|Sandstorm|[upkeep]
|upkeep
|turn|23
|
|t:|1666697037
|switch|p2a: Skarmory|Skarmory, M|71/100
|-damage|p2a: Skarmory|58/100|[from] Stealth Rock
|move|p1a: Kartana|Leaf Blade|p2a: Skarmory
|-resisted|p2a: Skarmory
|-damage|p2a: Skarmory|45/100
|
|-weather|Sandstorm|[upkeep]
|upkeep
|turn|24
|
|t:|1666697049
|switch|p1a: Zapdos|Zapdos, shiny|60/100
|move|p2a: Skarmory|Spikes|p1a: Zapdos
|-sidestart|p1: playeraccount|Spikes
|
|-weather|Sandstorm|[upkeep]
|-damage|p1a: Zapdos|54/100|[from] Sandstorm
|upkeep
|turn|25
|
|t:|1666697055
|switch|p2a: Hippowdon|Hippowdon, M|76/100
|-damage|p2a: Hippowdon|70/100|[from] Stealth Rock
|move|p1a: Zapdos|Roost|p1a: Zapdos
|-heal|p1a: Zapdos|100/100
|-singleturn|p1a: Zapdos|move: Roost
|
|-weather|none
|upkeep
|turn|26
|
|t:|1666697061
|move|p1a: Zapdos|Defog|p2a: Hippowdon
|-unboost|p2a: Hippowdon|evasion|1
|-sideend|p2: FreeOuch|Stealth Rock|[from] move: Defog|[of] p1a: Zapdos
|-sideend|p1: playeraccount|Spikes|[from] move: Defog|[of] p1a: Zapdos
|-sideend|p1: playeraccount|Stealth Rock|[from] move: Defog|[of] p1a: Zapdos
|move|p2a: Hippowdon|Toxic|p1a: Zapdos|[miss]
|-miss|p2a: Hippowdon|p1a: Zapdos
|
|upkeep
|turn|27
|
|t:|1666697065
|switch|p1a: Slowbro|Slowbro, M, shiny|56/100 tox
|move|p2a: Hippowdon|Stealth Rock|p1a: Slowbro
|-sidestart|p1: playeraccount|move: Stealth Rock
|
|-damage|p1a: Slowbro|50/100 tox|[from] psn
|upkeep
|turn|28
|
|t:|1666697069
|switch|p2a: Slowking|Slowking-Galar, F|50/100
|move|p1a: Slowbro|Teleport|p1a: Slowbro
|
|t:|1666697073
|switch|p1a: Kartana|Kartana, shiny|59/100|[from]move: Teleport
|-damage|p1a: Kartana|53/100|[from] Stealth Rock
|
|upkeep
|turn|29
|
|t:|1666697078
|switch|p2a: Skarmory|Skarmory, M|45/100
|move|p1a: Kartana|Knock Off|p2a: Skarmory
|-crit|p2a: Skarmory
|-damage|p2a: Skarmory|4/100
|
|upkeep
|turn|30
|l| Spade K
|
|t:|1666697089
|switch|p2a: Keldeo|Keldeo-Resolute|77/100
|move|p1a: Kartana|Knock Off|p2a: Keldeo
|-resisted|p2a: Keldeo
|-damage|p2a: Keldeo|49/100
|-ability|p2a: Keldeo|Justified|boost
|-boost|p2a: Keldeo|atk|1
|-enditem|p2a: Keldeo|Leftovers|[from] move: Knock Off|[of] p1a: Kartana
|
|upkeep
|turn|31
|
|t:|1666697095
|switch|p1a: Slowbro|Slowbro, M, shiny|83/100 tox
|-damage|p1a: Slowbro|71/100 tox|[from] Stealth Rock
|move|p2a: Keldeo|Substitute|p2a: Keldeo
|-start|p2a: Keldeo|Substitute
|-damage|p2a: Keldeo|24/100
|
|-damage|p1a: Slowbro|65/100 tox|[from] psn
|upkeep
|turn|32
|
|t:|1666697098
|move|p2a: Keldeo|Calm Mind|p2a: Keldeo
|-boost|p2a: Keldeo|spa|1
|-boost|p2a: Keldeo|spd|1
|move|p1a: Slowbro|Teleport|p1a: Slowbro
|
|t:|1666697101
|switch|p1a: Zapdos|Zapdos, shiny|100/100|[from]move: Teleport
|
|upkeep
|turn|33
|
|t:|1666697105
|move|p2a: Keldeo|Scald|p1a: Zapdos
|-crit|p1a: Zapdos
|-damage|p1a: Zapdos|20/100
|move|p1a: Zapdos|Volt Switch|p2a: Keldeo
|-supereffective|p2a: Keldeo
|-end|p2a: Keldeo|Substitute
|
|t:|1666697114
|switch|p1a: Kartana|Kartana, shiny|53/100|[from]move: Volt Switch
|-damage|p1a: Kartana|47/100|[from] Stealth Rock
|
|upkeep
|turn|34
|
|t:|1666697120
|switch|p2a: Bisharp|Bisharp, F|100/100
|move|p1a: Kartana|Leaf Blade|p2a: Bisharp
|-resisted|p2a: Bisharp
|-damage|p2a: Bisharp|45/100
|
|upkeep
|turn|35
|
|t:|1666697132
|move|p2a: Bisharp|Sucker Punch|p1a: Kartana
|-damage|p1a: Kartana|0 fnt
|faint|p1a: Kartana
|
|upkeep
|
|t:|1666697136
|switch|p1a: Tapu Fini|Tapu Fini, shiny|100/100
|-damage|p1a: Tapu Fini|88/100|[from] Stealth Rock
|-fieldstart|move: Misty Terrain|[from] ability: Misty Surge|[of] p1a: Tapu Fini
|turn|36
|
|t:|1666697141
|switch|p2a: Slowking|Slowking-Galar, F|83/100
|move|p1a: Tapu Fini|Surf|p2a: Slowking
|-damage|p2a: Slowking|61/100
|
|upkeep
|turn|37
|
|t:|1666697145
|switch|p1a: Slowbro|Slowbro, M, shiny|98/100 tox
|-damage|p1a: Slowbro|86/100 tox|[from] Stealth Rock
|move|p2a: Slowking|Future Sight|p1a: Slowbro
|-start|p2a: Slowking|move: Future Sight
|
|-damage|p1a: Slowbro|80/100 tox|[from] psn
|upkeep
|turn|38
|
|t:|1666697149
|move|p2a: Slowking|Sludge Bomb|p1a: Slowbro
|-damage|p1a: Slowbro|31/100 tox
|move|p1a: Slowbro|Future Sight|p2a: Slowking
|-start|p1a: Slowbro|move: Future Sight
|
|-damage|p1a: Slowbro|19/100 tox|[from] psn
|upkeep
|turn|39
|
|t:|1666697155
|move|p2a: Slowking|Psyshock|p1a: Slowbro
|-resisted|p1a: Slowbro
|-damage|p1a: Slowbro|8/100 tox
|move|p1a: Slowbro|Teleport|p1a: Slowbro
|
|t:|1666697160
|switch|p1a: Nidoqueen|Nidoqueen, F, shiny|82/100|[from]move: Teleport
|-damage|p1a: Nidoqueen|76/100|[from] Stealth Rock
|
|-end|p1a: Nidoqueen|move: Future Sight
|-supereffective|p1a: Nidoqueen
|-damage|p1a: Nidoqueen|0 fnt
|faint|p1a: Nidoqueen
|upkeep
|
|t:|1666697164
|switch|p1a: Tapu Fini|Tapu Fini, shiny|88/100
|-damage|p1a: Tapu Fini|76/100|[from] Stealth Rock
|turn|40
|c|☆FreeOuch|100 iq play
|c|☆playeraccount|gg
|-message|playeraccount forfeited.
|
|win|FreeOuch
|raw|playeraccount's rating: 1593 &rarr; <strong>1571</strong><br />(-22 for losing)
|raw|FreeOuch's rating: 1552 &rarr; <strong>1574</strong><br />(+22 for winning)
|l|☆playeraccount
