|j|☆samohi0
|j|☆machugen
|t:|1662342573
|gametype|singles
|player|p1|samohi0|102|1503
|player|p2|machugen|hiker-gen4|1495
|teamsize|p1|6
|teamsize|p2|6
|gen|8
|tier|[Gen 8] OU
|rated|
|rule|Sleep Clause Mod: Limit one foe put to sleep
|rule|Species Clause: Limit one of each Pokémon
|rule|OHKO Clause: OHKO moves are banned
|rule|Evasion Items Clause: Evasion items are banned
|rule|Evasion Moves Clause: Evasion moves are banned
|rule|Endless Battle Clause: Forcing endless battles is banned
|rule|HP Percentage Mod: HP is shown in percentages
|rule|Dynamax Clause: You cannot dynamax
|clearpoke
|poke|p1|Primarina, F|
|poke|p1|Tangrowth, F|
|poke|p1|Excadrill, M|
|poke|p1|Aegislash, M|
|poke|p1|Rotom-Wash|
|poke|p1|Mandibuzz, F|
|poke|p2|Urshifu-*, F|
|poke|p2|Dragapult, M|
|poke|p2|Heatran, M|
|poke|p2|Zapdos|
|poke|p2|Slowking, M|
|poke|p2|Landorus-Therian, M|
|teampreview
|
|t:|1662342593
|start
|switch|p1a: J-Aegis|Aegislash, M|100/100
|switch|p2a: Dragapult|Dragapult, M|100/100
|turn|1
|
|t:|1662342600
|switch|p2a: Landorus|Landorus-Therian, M|100/100
|-ability|p2a: Landorus|Intimidate|boost
|-unboost|p1a: J-Aegis|atk|1
|move|p1a: J-Aegis|King's Shield||[still]
|-fail|p1a: J-Aegis
|
|upkeep
|turn|2
|
|t:|1662342604
|switch|p1a: Rotom|Rotom-Wash|100/100
|move|p2a: Landorus|Earthquake|p1a: Rotom
|-immune|p1a: Rotom|[from] ability: Levitate
|
|upkeep
|turn|3
|
|t:|1662342610
|switch|p2a: Slowking|Slowking, M|100/100
|move|p1a: Rotom|Hydro Pump|p2a: Slowking
|-resisted|p2a: Slowking
|-damage|p2a: Slowking|88/100
|-enditem|p2a: Slowking|Eject Button
|
|t:|1662342614
|switch|p2a: Dragapult|Dragapult, M|100/100
|
|upkeep
|turn|4
|
|t:|1662342622
|move|p2a: Dragapult|Draco Meteor|p1a: Rotom|[miss]
|-miss|p2a: Dragapult|p1a: Rotom
|move|p1a: Rotom|Pain Split|p2a: Dragapult
|-sethp|p2a: Dragapult|98/100|[from] move: Pain Split|[silent]
|-sethp|p1a: Rotom|100/100|[from] move: Pain Split
|
|upkeep
|turn|5
|
|t:|1662342628
|switch|p1a: Princina|Primarina, F|100/100
|move|p2a: Dragapult|Draco Meteor|p1a: Princina
|-immune|p1a: Princina
|
|upkeep
|turn|6
|
|t:|1662342631
|switch|p2a: Slowking|Slowking, M|100/100
|move|p1a: Princina|Moonblast|p2a: Slowking
|-damage|p2a: Slowking|64/100
|
|upkeep
|turn|7
|
|t:|1662342635
|move|p1a: Princina|Moonblast|p2a: Slowking
|-damage|p2a: Slowking|22/100
|move|p2a: Slowking|Teleport|p2a: Slowking
|
|t:|1662342639
|switch|p2a: Zapdos|Zapdos|100/100|[from]move: Teleport
|
|upkeep
|turn|8
|
|t:|1662342642
|switch|p1a: J-Aegis|Aegislash, M|100/100
|move|p2a: Zapdos|Volt Switch|p1a: J-Aegis
|-damage|p1a: J-Aegis|79/100
|
|t:|1662342645
|switch|p2a: Landorus|Landorus-Therian, M|100/100|[from]move: Volt Switch
|-ability|p2a: Landorus|Intimidate|boost
|-unboost|p1a: J-Aegis|atk|1
|
|-heal|p1a: J-Aegis|85/100|[from] item: Leftovers
|upkeep
|turn|9
|
|t:|1662342647
|switch|p1a: Rotom|Rotom-Wash|100/100
|move|p2a: Landorus|Earthquake|p1a: Rotom
|-immune|p1a: Rotom|[from] ability: Levitate
|
|upkeep
|turn|10
|
|t:|1662342651
|switch|p2a: Slowking|Slowking, M|55/100
|move|p1a: Rotom|Hydro Pump|p2a: Slowking
|-resisted|p2a: Slowking
|-damage|p2a: Slowking|41/100
|
|upkeep
|turn|11
|
|t:|1662342657
|move|p1a: Rotom|Volt Switch|p2a: Slowking
|-supereffective|p2a: Slowking
|-damage|p2a: Slowking|5/100
|
|t:|1662342658
|switch|p1a: Tangel|Tangrowth, F|100/100|[from]move: Volt Switch
|move|p2a: Slowking|Slack Off|p2a: Slowking
|-heal|p2a: Slowking|55/100
|
|upkeep
|turn|12
|
|t:|1662342662
|switch|p2a: Zapdos|Zapdos|100/100
|move|p1a: Tangel|Knock Off|p2a: Zapdos
|-damage|p2a: Zapdos|85/100
|-status|p1a: Tangel|par|[from] ability: Static|[of] p2a: Zapdos
|-enditem|p2a: Zapdos|Heavy-Duty Boots|[from] move: Knock Off|[of] p1a: Tangel
|
|upkeep
|turn|13
|
|t:|1662342667
|switch|p1a: J-Aegis|Aegislash, M|85/100
|move|p2a: Zapdos|Volt Switch|p1a: J-Aegis
|-damage|p1a: J-Aegis|62/100
|
|t:|1662342672
|switch|p2a: Dragapult|Dragapult, M|98/100|[from]move: Volt Switch
|
|-heal|p1a: J-Aegis|68/100|[from] item: Leftovers
|upkeep
|turn|14
|
|t:|1662342674
|move|p1a: J-Aegis|King's Shield|p1a: J-Aegis
|-singleturn|p1a: J-Aegis|Protect
|move|p2a: Dragapult|Shadow Ball|p1a: J-Aegis
|-activate|p1a: J-Aegis|move: Protect
|
|-heal|p1a: J-Aegis|74/100|[from] item: Leftovers
|upkeep
|turn|15
|
|t:|1662342700
|switch|p2a: Heatran|Heatran, M|100/100
|switch|p1a: Mandi|Mandibuzz, F|100/100
|
|upkeep
|turn|16
|
|t:|1662342702
|move|p1a: Mandi|U-turn|p2a: Heatran
|-resisted|p2a: Heatran
|-damage|p2a: Heatran|99/100
|
|t:|1662342706
|switch|p1a: Rotom|Rotom-Wash|100/100|[from]move: U-turn
|move|p2a: Heatran|Stealth Rock|p1a: Rotom
|-sidestart|p1: samohi0|move: Stealth Rock
|
|-heal|p2a: Heatran|100/100|[from] item: Leftovers
|upkeep
|turn|17
|
|t:|1662342710
|switch|p2a: Dragapult|Dragapult, M|98/100
|move|p1a: Rotom|Volt Switch|p2a: Dragapult
|-resisted|p2a: Dragapult
|-damage|p2a: Dragapult|81/100
|
|t:|1662342715
|switch|p1a: Mandi|Mandibuzz, F|100/100|[from]move: Volt Switch
|
|upkeep
|turn|18
|
|t:|1662342720
|switch|p2a: Heatran|Heatran, M|100/100
|move|p1a: Mandi|U-turn|p2a: Heatran
|-resisted|p2a: Heatran
|-damage|p2a: Heatran|99/100
|
|t:|1662342722
|switch|p1a: Princina|Primarina, F|100/100|[from]move: U-turn
|-damage|p1a: Princina|88/100|[from] Stealth Rock
|
|-heal|p2a: Heatran|100/100|[from] item: Leftovers
|upkeep
|turn|19
|
|t:|1662342724
|switch|p2a: Slowking|Slowking, M|89/100
|move|p1a: Princina|Substitute|p1a: Princina
|-start|p1a: Princina|Substitute
|-damage|p1a: Princina|63/100
|
|upkeep
|turn|20
|
|t:|1662342728
|move|p1a: Princina|Moonblast|p2a: Slowking
|-damage|p2a: Slowking|50/100
|move|p2a: Slowking|Future Sight|p1a: Princina
|-start|p2a: Slowking|move: Future Sight
|
|upkeep
|turn|21
|
|t:|1662342755
|move|p1a: Princina|Moonblast|p2a: Slowking
|-damage|p2a: Slowking|9/100
|move|p2a: Slowking|Teleport|p2a: Slowking
|
|t:|1662342764
|switch|p2a: Zapdos|Zapdos|85/100|[from]move: Teleport
|
|upkeep
|turn|22
|
|t:|1662342769
|move|p2a: Zapdos|Volt Switch|p1a: Princina
|-supereffective|p1a: Princina
|-end|p1a: Princina|Substitute
|
|t:|1662342773
|switch|p2a: Landorus|Landorus-Therian, M|100/100|[from]move: Volt Switch
|-ability|p2a: Landorus|Intimidate|boost
|-unboost|p1a: Princina|atk|1
|move|p1a: Princina|Moonblast|p2a: Landorus
|-damage|p2a: Landorus|47/100
|
|-end|p1a: Princina|move: Future Sight
|-damage|p1a: Princina|23/100
|-heal|p2a: Landorus|53/100|[from] item: Leftovers
|upkeep
|turn|23
|
|t:|1662342791
|move|p2a: Landorus|Knock Off|p1a: Princina
|-resisted|p1a: Princina
|-damage|p1a: Princina|2/100
|-enditem|p1a: Princina|Metronome|[from] move: Knock Off|[of] p2a: Landorus
|move|p1a: Princina|Scald|p2a: Landorus
|-supereffective|p2a: Landorus
|-damage|p2a: Landorus|0 fnt
|faint|p2a: Landorus
|
|upkeep
|
|t:|1662342802
|switch|p2a: Urshifu|Urshifu-Rapid-Strike, F|100/100
|turn|24
|
|t:|1662342811
|move|p2a: Urshifu|U-turn|p1a: Princina
|-resisted|p1a: Princina
|-damage|p1a: Princina|0 fnt
|faint|p1a: Princina
|
|t:|1662342816
|switch|p2a: Dragapult|Dragapult, M|81/100|[from]move: U-turn
|
|upkeep
|
|t:|1662342821
|switch|p1a: Mandi|Mandibuzz, F|100/100
|turn|25
|
|t:|1662342824
|move|p2a: Dragapult|U-turn|p1a: Mandi
|-damage|p1a: Mandi|91/100
|
|t:|1662342825
|switch|p2a: Heatran|Heatran, M|100/100|[from]move: U-turn
|move|p1a: Mandi|U-turn|p2a: Heatran
|-resisted|p2a: Heatran
|-damage|p2a: Heatran|99/100
|-status|p1a: Mandi|brn|[from] ability: Flame Body|[of] p2a: Heatran
|
|t:|1662342831
|switch|p1a: Rotom|Rotom-Wash|100/100|[from]move: U-turn
|-damage|p1a: Rotom|88/100|[from] Stealth Rock
|
|-heal|p1a: Rotom|94/100|[from] item: Leftovers
|-heal|p2a: Heatran|100/100|[from] item: Leftovers
|upkeep
|turn|26
|
|t:|1662342835
|move|p1a: Rotom|Volt Switch|p2a: Heatran
|-damage|p2a: Heatran|78/100
|
|t:|1662342837
|switch|p1a: Mandi|Mandibuzz, F|91/100 brn|[from]move: Volt Switch
|move|p2a: Heatran|Will-O-Wisp|p1a: Mandi
|-fail|p1a: Mandi|brn
|
|-heal|p2a: Heatran|85/100|[from] item: Leftovers
|-damage|p1a: Mandi|85/100 brn|[from] brn
|upkeep
|turn|27
|
|t:|1662342841
|move|p1a: Mandi|U-turn|p2a: Heatran
|-resisted|p2a: Heatran
|-damage|p2a: Heatran|84/100
|
|t:|1662342843
|switch|p1a: Rotom|Rotom-Wash|94/100|[from]move: U-turn
|-damage|p1a: Rotom|82/100|[from] Stealth Rock
|move|p2a: Heatran|Magma Storm|p1a: Rotom
|-resisted|p1a: Rotom
|-damage|p1a: Rotom|66/100
|-activate|p1a: Rotom|move: Magma Storm|[of] p2a: Heatran
|
|-heal|p1a: Rotom|72/100|[from] item: Leftovers
|-heal|p2a: Heatran|90/100|[from] item: Leftovers
|-damage|p1a: Rotom|60/100|[from] move: Magma Storm|[partiallytrapped]
|upkeep
|turn|28
|
|t:|1662342848
|switch|p2a: Dragapult|Dragapult, M|81/100
|move|p1a: Rotom|Hydro Pump|p2a: Dragapult
|-resisted|p2a: Dragapult
|-damage|p2a: Dragapult|53/100
|
|-heal|p1a: Rotom|66/100|[from] item: Leftovers
|-end|p1a: Rotom|Magma Storm|[partiallytrapped]|[silent]
|upkeep
|turn|29
|
|t:|1662342853
|switch|p1a: Mandi|Mandibuzz, F|85/100 brn
|move|p2a: Dragapult|Draco Meteor|p1a: Mandi
|-damage|p1a: Mandi|18/100 brn
|-unboost|p2a: Dragapult|spa|2
|
|-damage|p1a: Mandi|12/100 brn|[from] brn
|upkeep
|turn|30
|
|t:|1662342856
|switch|p1a: J-Aegis|Aegislash, M|74/100
|-damage|p1a: J-Aegis|68/100|[from] Stealth Rock
|move|p2a: Dragapult|Draco Meteor|p1a: J-Aegis
|-resisted|p1a: J-Aegis
|-damage|p1a: J-Aegis|52/100
|-unboost|p2a: Dragapult|spa|2
|
|-heal|p1a: J-Aegis|58/100|[from] item: Leftovers
|upkeep
|turn|31
|
|t:|1662342873
|switch|p2a: Heatran|Heatran, M|90/100
|-formechange|p1a: J-Aegis|Aegislash-Blade||[from] ability: Stance Change
|move|p1a: J-Aegis|Shadow Ball|p2a: Heatran
|-damage|p2a: Heatran|51/100
|
|-heal|p2a: Heatran|57/100|[from] item: Leftovers
|-heal|p1a: J-Aegis|64/100|[from] item: Leftovers
|upkeep
|turn|32
|
|t:|1662342880
|switch|p1a: Mandi|Mandibuzz, F|12/100 brn
|move|p2a: Heatran|Magma Storm|p1a: Mandi
|-damage|p1a: Mandi|0 fnt
|faint|p1a: Mandi
|
|-heal|p2a: Heatran|64/100|[from] item: Leftovers
|upkeep
|
|t:|1662342882
|switch|p1a: Rotom|Rotom-Wash|66/100
|-damage|p1a: Rotom|54/100|[from] Stealth Rock
|turn|33
|
|t:|1662342894
|move|p1a: Rotom|Hydro Pump|p2a: Heatran
|-supereffective|p2a: Heatran
|-damage|p2a: Heatran|1/100
|move|p2a: Heatran|Will-O-Wisp|p1a: Rotom
|-status|p1a: Rotom|brn
|
|-heal|p1a: Rotom|60/100 brn|[from] item: Leftovers
|-heal|p2a: Heatran|7/100|[from] item: Leftovers
|-damage|p1a: Rotom|54/100 brn|[from] brn
|upkeep
|turn|34
|
|t:|1662342906
|move|p1a: Rotom|Volt Switch|p2a: Heatran
|-damage|p2a: Heatran|0 fnt
|faint|p2a: Heatran
|
|t:|1662342909
|switch|p1a: Excadrill|Excadrill, M|100/100|[from]move: Volt Switch
|-damage|p1a: Excadrill|98/100|[from] Stealth Rock
|-ability|p1a: Excadrill|Mold Breaker
|
|-heal|p1a: Excadrill|100/100|[from] item: Leftovers
|upkeep
|
|t:|1662342912
|switch|p2a: Urshifu|Urshifu-Rapid-Strike, F|100/100
|turn|35
|
|t:|1662342918
|switch|p1a: Tangel|Tangrowth, F|100/100 par
|-damage|p1a: Tangel|88/100 par|[from] Stealth Rock
|move|p2a: Urshifu|Close Combat|p1a: Tangel
|-damage|p1a: Tangel|55/100 par
|-unboost|p2a: Urshifu|def|1
|-unboost|p2a: Urshifu|spd|1
|
|upkeep
|turn|36
|
|t:|1662342924
|move|p2a: Urshifu|U-turn|p1a: Tangel
|-supereffective|p1a: Tangel
|-damage|p1a: Tangel|31/100 par
|
|t:|1662342926
|switch|p2a: Zapdos|Zapdos|85/100|[from]move: U-turn
|move|p1a: Tangel|Giga Drain|p2a: Zapdos
|-resisted|p2a: Zapdos
|-damage|p2a: Zapdos|72/100
|-heal|p1a: Tangel|37/100 par|[from] drain|[of] p2a: Zapdos
|
|upkeep
|turn|37
|
|t:|1662342929
|move|p2a: Zapdos|Volt Switch|p1a: Tangel
|-resisted|p1a: Tangel
|-damage|p1a: Tangel|15/100 par
|
|t:|1662342931
|switch|p2a: Slowking|Slowking, M|42/100|[from]move: Volt Switch
|move|p1a: Tangel|Leech Seed|p2a: Slowking
|-start|p2a: Slowking|move: Leech Seed
|
|-damage|p2a: Slowking|30/100|[from] Leech Seed|[of] p1a: Tangel
|-heal|p1a: Tangel|28/100 par|[silent]
|upkeep
|turn|38
|
|t:|1662342935
|switch|p2a: Zapdos|Zapdos|72/100
|move|p1a: Tangel|Knock Off|p2a: Zapdos
|-damage|p2a: Zapdos|62/100
|
|upkeep
|turn|39
|
|t:|1662342942
|move|p2a: Zapdos|Hurricane|p1a: Tangel
|-supereffective|p1a: Tangel
|-damage|p1a: Tangel|0 fnt
|faint|p1a: Tangel
|
|upkeep
|inactive|Battle timer is ON: inactive players will automatically lose when time's up. (requested by machugen)
|
|t:|1662342976
|switch|p1a: J-Aegis|Aegislash, M|64/100
|-damage|p1a: J-Aegis|58/100|[from] Stealth Rock
|turn|40
|
|t:|1662342980
|move|p2a: Zapdos|Volt Switch|p1a: J-Aegis
|-damage|p1a: J-Aegis|34/100
|
|t:|1662342982
|switch|p2a: Slowking|Slowking, M|63/100|[from]move: Volt Switch
|-formechange|p1a: J-Aegis|Aegislash-Blade||[from] ability: Stance Change
|move|p1a: J-Aegis|Shadow Ball|p2a: Slowking
|-supereffective|p2a: Slowking
|-damage|p2a: Slowking|2/100
|
|-heal|p1a: J-Aegis|40/100|[from] item: Leftovers
|upkeep
|turn|41
|
|t:|1662342986
|move|p1a: J-Aegis|Shadow Ball|p2a: Slowking
|-supereffective|p2a: Slowking
|-damage|p2a: Slowking|0 fnt
|faint|p2a: Slowking
|
|-heal|p1a: J-Aegis|46/100|[from] item: Leftovers
|upkeep
|
|t:|1662342988
|switch|p2a: Dragapult|Dragapult, M|53/100
|turn|42
|
|t:|1662342998
|-formechange|p1a: J-Aegis|Aegislash||[from] ability: Stance Change
|move|p1a: J-Aegis|King's Shield|p1a: J-Aegis
|-singleturn|p1a: J-Aegis|Protect
|move|p2a: Dragapult|Shadow Ball|p1a: J-Aegis
|-activate|p1a: J-Aegis|move: Protect
|
|-heal|p1a: J-Aegis|52/100|[from] item: Leftovers
|upkeep
|turn|43
|
|t:|1662343000
|switch|p1a: Rotom|Rotom-Wash|54/100 brn
|-damage|p1a: Rotom|41/100 brn|[from] Stealth Rock
|move|p2a: Dragapult|Shadow Ball|p1a: Rotom
|-damage|p1a: Rotom|0 fnt
|faint|p1a: Rotom
|
|upkeep
|
|t:|1662343003
|switch|p1a: Excadrill|Excadrill, M|100/100
|-damage|p1a: Excadrill|98/100|[from] Stealth Rock
|-ability|p1a: Excadrill|Mold Breaker
|turn|44
|
|t:|1662343006
|switch|p1a: J-Aegis|Aegislash, M|52/100
|-damage|p1a: J-Aegis|46/100|[from] Stealth Rock
|move|p2a: Dragapult|Shadow Ball|p1a: J-Aegis
|-supereffective|p1a: J-Aegis
|-damage|p1a: J-Aegis|0 fnt
|faint|p1a: J-Aegis
|
|upkeep
|-message|samohi0 forfeited.
|
|win|machugen
|raw|samohi0's rating: 1519 &rarr; <strong>1498</strong><br />(-21 for losing)
|raw|machugen's rating: 1495 &rarr; <strong>1516</strong><br />(+21 for winning)
|l|☆samohi0
||Ladder isn't responding, score probably updated but might not have (Request timeout).
