|j|☆Vice Esports
|j|☆Sombra Diurna
|t:|1655160584
|gametype|singles
|player|p1|Vice Esports|doctor|1663
|player|p2|Sombra Diurna|blue|1797
|teamsize|p1|6
|teamsize|p2|6
|gen|8
|tier|[Gen 8] OU
|rated|
|rule|Sleep Clause Mod: Limit one foe put to sleep
|rule|Species Clause: Limit one of each Pokémon
|rule|OHKO Clause: OHKO moves are banned
|rule|Evasion Moves Clause: Evasion moves are banned
|rule|Endless Battle Clause: Forcing endless battles is banned
|rule|HP Percentage Mod: HP is shown in percentages
|rule|Dynamax Clause: You cannot dynamax
|clearpoke
|poke|p1|Reuniclus, F|
|poke|p1|Volcarona, F|
|poke|p1|Garchomp, F|
|poke|p1|Skarmory, M|
|poke|p1|Blissey, F|
|poke|p1|Clefable, M|
|poke|p2|Slowbro, F|
|poke|p2|Hatterene, F|
|poke|p2|Marowak-Alola, M|
|poke|p2|Ferrothorn, F|
|poke|p2|Garchomp, M|
|poke|p2|Drampa, M|
|teampreview
|
|t:|1655160627
|start
|switch|p1a: Reuniclus|Reuniclus, F|100/100
|switch|p2a: Sharpo|Garchomp, M|100/100
|turn|1
|
|t:|1655160636
|move|p2a: Sharpo|Swords Dance|p2a: Sharpo
|-boost|p2a: Sharpo|atk|2
|move|p1a: Reuniclus|Iron Defense|p1a: Reuniclus
|-boost|p1a: Reuniclus|def|2
|
|upkeep
|turn|2
|
|t:|1655160646
|move|p2a: Sharpo|Earthquake|p1a: Reuniclus
|-damage|p1a: Reuniclus|60/100
|move|p1a: Reuniclus|Iron Defense|p1a: Reuniclus
|-boost|p1a: Reuniclus|def|2
|
|upkeep
|turn|3
|j| CB Bhris Breezy
|
|t:|1655160653
|switch|p2a: Hatterene|Hatterene, F|100/100
|move|p1a: Reuniclus|Recover|p1a: Reuniclus
|-heal|p1a: Reuniclus|100/100
|
|upkeep
|turn|4
|
|t:|1655160660
|move|p1a: Reuniclus|Calm Mind|p1a: Reuniclus
|-boost|p1a: Reuniclus|spa|1
|-boost|p1a: Reuniclus|spd|1
|move|p2a: Hatterene|Mystical Fire|p1a: Reuniclus
|-damage|p1a: Reuniclus|87/100
|-unboost|p1a: Reuniclus|spa|1
|
|upkeep
|turn|5
|
|t:|1655160670
|move|p1a: Reuniclus|Calm Mind|p1a: Reuniclus
|-boost|p1a: Reuniclus|spa|1
|-boost|p1a: Reuniclus|spd|1
|move|p2a: Hatterene|Trick Room|p2a: Hatterene
|-fieldstart|move: Trick Room|[of] p2a: Hatterene
|
|upkeep
|turn|6
|
|t:|1655160676
|switch|p2a: Billy B.|Marowak-Alola, M|100/100
|move|p1a: Reuniclus|Calm Mind|p1a: Reuniclus
|-boost|p1a: Reuniclus|spa|1
|-boost|p1a: Reuniclus|spd|1
|
|upkeep
|turn|7
|
|t:|1655160683
|move|p2a: Billy B.|Poltergeist|p1a: Reuniclus
|-activate|p1a: Reuniclus|move: Poltergeist|Rocky Helmet
|-supereffective|p1a: Reuniclus
|-damage|p1a: Reuniclus|45/100
|move|p1a: Reuniclus|Stored Power|p2a: Billy B.
|-damage|p2a: Billy B.|0 fnt
|faint|p2a: Billy B.
|
|upkeep
|-message|Sombra Diurna forfeited.
|
|win|Vice Esports
|raw|Vice Esports's rating: 1663 &rarr; <strong>1690</strong><br />(+27 for winning)
|raw|Sombra Diurna's rating: 1797 &rarr; <strong>1770</strong><br />(-27 for losing)
|l|☆Sombra Diurna
|l| CB Bhris Breezy
||Ladder isn't responding, score probably updated but might not have (Request timeout).
