|j|☆Run For Me Plz
|j|☆blah11111wow
|t:|1645033740
|gametype|singles
|player|p1|Run For Me Plz|grimsley-gen7|1650
|player|p2|blah11111wow|pokemaniac|1644
|teamsize|p1|6
|teamsize|p2|6
|gen|8
|tier|[Gen 8] OU
|rated|
|rule|Sleep Clause Mod: Limit one foe put to sleep
|rule|Species Clause: Limit one of each Pokémon
|rule|OHKO Clause: OHKO moves are banned
|rule|Evasion Moves Clause: Evasion moves are banned
|rule|Endless Battle Clause: Forcing endless battles is banned
|rule|HP Percentage Mod: HP is shown in percentages
|rule|Dynamax Clause: You cannot dynamax
|clearpoke
|poke|p1|Clefable, F|
|poke|p1|Corviknight, F|
|poke|p1|Garchomp, F|
|poke|p1|Toxapex, F|
|poke|p1|Slowking, M|
|poke|p1|Buzzwole|
|poke|p2|Tyranitar, F|
|poke|p2|Amoonguss, F|
|poke|p2|Volcarona, M|
|poke|p2|Corviknight, M|
|poke|p2|Dragapult, M|
|poke|p2|Azumarill, F|
|teampreview
|inactive|Battle timer is ON: inactive players will automatically lose when time's up. (requested by Run For Me Plz)
|j| HelpImreallybad
|j| ahsdfgahsdgfgh
|j| Multiface God
|j| Mountain Climb
|inactive|blah11111wow has 120 seconds left.
|l| Mountain Climb
|
|t:|1645033787
|start
|switch|p1a: Lucky One|Garchomp, F, shiny|100/100
|switch|p2a: melee cannon|Dragapult, M|100/100
|turn|1
|c|☆blah11111wow|https://www.youtube.com/watch?v=JSMdRllKJos
|
|t:|1645033798
|switch|p1a: 22|Toxapex, F, shiny|100/100
|move|p2a: melee cannon|Draco Meteor|p1a: 22|[miss]
|-miss|p2a: melee cannon|p1a: 22
|
|upkeep
|turn|2
|
|t:|1645033804
|switch|p2a: the thing i hate|Volcarona, M|100/100
|move|p1a: 22|Knock Off|p2a: the thing i hate
|-damage|p2a: the thing i hate|75/100
|-enditem|p2a: the thing i hate|Heavy-Duty Boots|[from] move: Knock Off|[of] p1a: 22
|
|upkeep
|turn|3
|
|t:|1645033806
|move|p2a: the thing i hate|Quiver Dance|p2a: the thing i hate
|-boost|p2a: the thing i hate|spa|1
|-boost|p2a: the thing i hate|spd|1
|-boost|p2a: the thing i hate|spe|1
|move|p1a: 22|Scald|p2a: the thing i hate
|-supereffective|p2a: the thing i hate
|-damage|p2a: the thing i hate|54/100
|
|upkeep
|turn|4
|
|t:|1645033809
|move|p2a: the thing i hate|Psychic|p1a: 22
|-supereffective|p1a: 22
|-damage|p1a: 22|37/100
|move|p1a: 22|Haze|p1a: 22
|-clearallboost
|
|upkeep
|turn|5
|
|t:|1645033811
|switch|p1a: Lucky One|Garchomp, F, shiny|100/100
|move|p2a: the thing i hate|Flamethrower|p1a: Lucky One
|-resisted|p1a: Lucky One
|-damage|p1a: Lucky One|84/100
|
|-heal|p1a: Lucky One|90/100|[from] item: Leftovers
|upkeep
|turn|6
|
|t:|1645033814
|move|p2a: the thing i hate|Bug Buzz|p1a: Lucky One
|-damage|p1a: Lucky One|60/100
|move|p1a: Lucky One|Stealth Rock|p2a: the thing i hate
|-sidestart|p2: blah11111wow|move: Stealth Rock
|
|-heal|p1a: Lucky One|67/100|[from] item: Leftovers
|upkeep
|turn|7
|j| simp4 evan❤︎
|
|t:|1645033820
|switch|p1a: Pamplemousse|Slowking, M, shiny|100/100
|move|p2a: the thing i hate|Bug Buzz|p1a: Pamplemousse
|-supereffective|p1a: Pamplemousse
|-damage|p1a: Pamplemousse|63/100
|
|upkeep
|turn|8
|c|☆blah11111wow|that is one bulky boi
|
|t:|1645033826
|move|p2a: the thing i hate|Bug Buzz|p1a: Pamplemousse
|-supereffective|p1a: Pamplemousse
|-damage|p1a: Pamplemousse|23/100
|move|p1a: Pamplemousse|Scald|p2a: the thing i hate
|-supereffective|p2a: the thing i hate
|-damage|p2a: the thing i hate|0 fnt
|faint|p2a: the thing i hate
|
|upkeep
|
|t:|1645033834
|switch|p2a: melee cannon|Dragapult, M|100/100
|-damage|p2a: melee cannon|88/100|[from] Stealth Rock
|turn|9
|
|t:|1645033844
|switch|p1a: All to Well|Corviknight, F, shiny|100/100
|-ability|p1a: All to Well|Pressure
|move|p2a: melee cannon|Shadow Ball|p1a: All to Well
|-damage|p1a: All to Well|61/100
|
|-heal|p1a: All to Well|67/100|[from] item: Leftovers
|upkeep
|turn|10
|
|t:|1645033846
|move|p2a: melee cannon|Shadow Ball|p1a: All to Well
|-damage|p1a: All to Well|26/100
|move|p1a: All to Well|Roost|p1a: All to Well
|-heal|p1a: All to Well|76/100
|-singleturn|p1a: All to Well|move: Roost
|
|-heal|p1a: All to Well|82/100|[from] item: Leftovers
|upkeep
|turn|11
|
|t:|1645033849
|move|p2a: melee cannon|Shadow Ball|p1a: All to Well
|-damage|p1a: All to Well|45/100
|move|p1a: All to Well|Roost|p1a: All to Well
|-heal|p1a: All to Well|95/100
|-singleturn|p1a: All to Well|move: Roost
|
|-heal|p1a: All to Well|100/100|[from] item: Leftovers
|upkeep
|turn|12
|
|t:|1645033854
|switch|p2a: metal birb|Corviknight, M|100/100
|-damage|p2a: metal birb|88/100|[from] Stealth Rock
|-ability|p2a: metal birb|Pressure
|move|p1a: All to Well|Roost||[still]
|-fail|p1a: All to Well|heal
|
|upkeep
|turn|13
|
|t:|1645033858
|move|p2a: metal birb|Defog|p1a: All to Well
|-unboost|p1a: All to Well|evasion|1
|-sideend|p2: blah11111wow|Stealth Rock|[from] move: Defog|[of] p2a: metal birb
|move|p1a: All to Well|Bulk Up|p1a: All to Well
|-boost|p1a: All to Well|atk|1
|-boost|p1a: All to Well|def|1
|
|upkeep
|turn|14
|j| 0SiegeWarfare
|l| simp4 evan❤︎
|
|t:|1645033864
|switch|p2a: melee cannon|Dragapult, M|88/100
|move|p1a: All to Well|Bulk Up|p1a: All to Well
|-boost|p1a: All to Well|atk|1
|-boost|p1a: All to Well|def|1
|
|upkeep
|turn|15
|
|t:|1645033866
|move|p2a: melee cannon|Thunderbolt|p1a: All to Well
|-supereffective|p1a: All to Well
|-damage|p1a: All to Well|40/100
|move|p1a: All to Well|Roost|p1a: All to Well
|-heal|p1a: All to Well|90/100
|-singleturn|p1a: All to Well|move: Roost
|
|-heal|p1a: All to Well|97/100|[from] item: Leftovers
|upkeep
|turn|16
|
|t:|1645033871
|move|p2a: melee cannon|Thunderbolt|p1a: All to Well
|-supereffective|p1a: All to Well
|-damage|p1a: All to Well|42/100
|move|p1a: All to Well|Roost|p1a: All to Well
|-heal|p1a: All to Well|92/100
|-singleturn|p1a: All to Well|move: Roost
|
|-heal|p1a: All to Well|98/100|[from] item: Leftovers
|upkeep
|turn|17
|
|t:|1645033874
|switch|p1a: Lucky One|Garchomp, F, shiny|67/100
|move|p2a: melee cannon|Thunderbolt|p1a: Lucky One
|-immune|p1a: Lucky One
|
|-heal|p1a: Lucky One|73/100|[from] item: Leftovers
|upkeep
|turn|18
|
|t:|1645033878
|switch|p2a: buddy rich|Azumarill, F|100/100
|switch|p1a: Pamplemousse|Slowking, M, shiny|57/100
|
|upkeep
|turn|19
|
|t:|1645033881
|move|p2a: buddy rich|Belly Drum|p2a: buddy rich
|-damage|p2a: buddy rich|50/100
|-setboost|p2a: buddy rich|atk|6|[from] move: Belly Drum
|-enditem|p2a: buddy rich|Sitrus Berry|[eat]
|-heal|p2a: buddy rich|75/100|[from] item: Sitrus Berry
|move|p1a: Pamplemousse|Future Sight|p2a: buddy rich
|-start|p1a: Pamplemousse|move: Future Sight
|
|upkeep
|turn|20
|
|t:|1645033887
|switch|p1a: State of Grace|Clefable, F, shiny|100/100
|move|p2a: buddy rich|Knock Off|p1a: State of Grace
|-resisted|p1a: State of Grace
|-damage|p1a: State of Grace|85/100
|-enditem|p1a: State of Grace|Heavy-Duty Boots|[from] move: Knock Off|[of] p2a: buddy rich
|
|upkeep
|turn|21
|
|t:|1645033890
|move|p2a: buddy rich|Play Rough|p1a: State of Grace
|-damage|p1a: State of Grace|42/100
|move|p1a: State of Grace|Moonblast|p2a: buddy rich
|-damage|p2a: buddy rich|36/100
|
|-end|p2a: buddy rich|move: Future Sight
|-damage|p2a: buddy rich|0 fnt
|faint|p2a: buddy rich
|upkeep
|
|t:|1645033893
|switch|p2a: melee cannon|Dragapult, M|88/100
|turn|22
|
|t:|1645033897
|move|p2a: melee cannon|Shadow Ball|p1a: State of Grace
|-damage|p1a: State of Grace|0 fnt
|faint|p1a: State of Grace
|
|upkeep
|
|t:|1645033900
|switch|p1a: 22|Toxapex, F, shiny|70/100
|turn|23
|
|t:|1645033903
|switch|p2a: no spore|Amoonguss, F|100/100
|move|p1a: 22|Knock Off|p2a: no spore
|-damage|p2a: no spore|88/100
|-damage|p1a: 22|54/100|[from] item: Rocky Helmet|[of] p2a: no spore
|-enditem|p2a: no spore|Rocky Helmet|[from] move: Knock Off|[of] p1a: 22
|
|upkeep
|turn|24
|
|t:|1645033906
|move|p1a: 22|Recover|p1a: 22
|-heal|p1a: 22|100/100
|move|p2a: no spore|Spore|p1a: 22
|-status|p1a: 22|slp|[from] move: Spore
|
|upkeep
|turn|25
|
|t:|1645033910
|switch|p2a: melee cannon|Dragapult, M|88/100
|cant|p1a: 22|slp
|
|upkeep
|turn|26
|
|t:|1645033914
|move|p2a: melee cannon|Shadow Ball|p1a: 22
|-damage|p1a: 22|65/100 slp
|cant|p1a: 22|slp
|
|upkeep
|turn|27
|
|t:|1645033917
|move|p2a: melee cannon|Shadow Ball|p1a: 22
|-damage|p1a: 22|31/100 slp
|-unboost|p1a: 22|spd|1
|-curestatus|p1a: 22|slp|[msg]
|move|p1a: 22|Knock Off|p2a: melee cannon
|-supereffective|p2a: melee cannon
|-damage|p2a: melee cannon|45/100
|-enditem|p2a: melee cannon|Choice Specs|[from] move: Knock Off|[of] p1a: 22
|
|upkeep
|turn|28
|
|t:|1645033921
|switch|p1a: Lucky One|Garchomp, F, shiny|73/100
|move|p2a: melee cannon|Shadow Ball|p1a: Lucky One
|-damage|p1a: Lucky One|49/100
|
|-heal|p1a: Lucky One|55/100|[from] item: Leftovers
|upkeep
|turn|29
|
|t:|1645033925
|switch|p1a: 22|Toxapex, F, shiny|64/100
|move|p2a: melee cannon|Draco Meteor|p1a: 22
|-damage|p1a: 22|21/100
|-unboost|p2a: melee cannon|spa|2
|
|upkeep
|turn|30
|
|t:|1645033928
|switch|p1a: Pamplemousse|Slowking, M, shiny|90/100
|move|p2a: melee cannon|U-turn|p1a: Pamplemousse
|-supereffective|p1a: Pamplemousse
|-damage|p1a: Pamplemousse|58/100
|
|t:|1645033931
|switch|p2a: no spore|Amoonguss, F|100/100|[from]move: U-turn
|
|upkeep
|turn|31
|
|t:|1645033934
|switch|p1a: 22|Toxapex, F, shiny|55/100
|move|p2a: no spore|Toxic|p1a: 22
|-immune|p1a: 22
|
|upkeep
|turn|32
|
|t:|1645033937
|move|p1a: 22|Scald|p2a: no spore
|-resisted|p2a: no spore
|-damage|p2a: no spore|94/100
|move|p2a: no spore|Spore|p1a: 22
|-status|p1a: 22|slp|[from] move: Spore
|
|upkeep
|turn|33
|
|t:|1645033939
|switch|p2a: tim the tyranitar|Tyranitar, F|100/100
|-weather|Sandstorm|[from] ability: Sand Stream|[of] p2a: tim the tyranitar
|cant|p1a: 22|slp
|
|-weather|Sandstorm|[upkeep]
|-damage|p1a: 22|49/100 slp|[from] Sandstorm
|upkeep
|turn|34
|
|t:|1645033942
|switch|p1a: All to Well|Corviknight, F, shiny|98/100
|-ability|p1a: All to Well|Pressure
|move|p2a: tim the tyranitar|Stealth Rock|p1a: All to Well
|-sidestart|p1: Run For Me Plz|move: Stealth Rock
|
|-weather|Sandstorm|[upkeep]
|-heal|p1a: All to Well|100/100|[from] item: Leftovers
|upkeep
|turn|35
|
|t:|1645033944
|move|p1a: All to Well|Defog|p2a: tim the tyranitar
|-unboost|p2a: tim the tyranitar|evasion|1
|-sideend|p1: Run For Me Plz|Stealth Rock|[from] move: Defog|[of] p1a: All to Well
|move|p2a: tim the tyranitar|Thunder Wave|p1a: All to Well
|-status|p1a: All to Well|par
|
|-weather|Sandstorm|[upkeep]
|upkeep
|turn|36
|
|t:|1645033947
|move|p2a: tim the tyranitar|Stealth Rock|p1a: All to Well
|-sidestart|p1: Run For Me Plz|move: Stealth Rock
|move|p1a: All to Well|Bulk Up|p1a: All to Well
|-boost|p1a: All to Well|atk|1
|-boost|p1a: All to Well|def|1
|
|-weather|Sandstorm|[upkeep]
|upkeep
|turn|37
|
|t:|1645033949
|switch|p2a: melee cannon|Dragapult, M|45/100
|cant|p1a: All to Well|par
|
|-weather|none
|upkeep
|turn|38
|
|t:|1645033953
|move|p2a: melee cannon|Thunderbolt|p1a: All to Well
|-supereffective|p1a: All to Well
|-damage|p1a: All to Well|62/100 par
|cant|p1a: All to Well|par
|
|-heal|p1a: All to Well|69/100 par|[from] item: Leftovers
|upkeep
|turn|39
|
|t:|1645033958
|move|p2a: melee cannon|Shadow Ball|p1a: All to Well
|-crit|p1a: All to Well
|-damage|p1a: All to Well|31/100 par
|move|p1a: All to Well|Brave Bird|p2a: melee cannon
|-damage|p2a: melee cannon|0 fnt
|faint|p2a: melee cannon
|-damage|p1a: All to Well|19/100 par|[from] Recoil
|
|-heal|p1a: All to Well|25/100 par|[from] item: Leftovers
|upkeep
|
|t:|1645033963
|switch|p2a: tim the tyranitar|Tyranitar, F|100/100
|-weather|Sandstorm|[from] ability: Sand Stream|[of] p2a: tim the tyranitar
|turn|40
|
|t:|1645033965
|move|p2a: tim the tyranitar|Rock Blast|p1a: All to Well
|-damage|p1a: All to Well|19/100 par
|-damage|p1a: All to Well|13/100 par
|-damage|p1a: All to Well|7/100 par
|-damage|p1a: All to Well|0 fnt
|faint|p1a: All to Well
|-hitcount|p1: All to Well|4
|
|-weather|Sandstorm|[upkeep]
|upkeep
|
|t:|1645033971
|switch|p1a: Red|Buzzwole|100/100
|turn|41
|
|t:|1645033975
|switch|p2a: no spore|Amoonguss, F|100/100
|move|p1a: Red|Drain Punch|p2a: no spore
|-resisted|p2a: no spore
|-damage|p2a: no spore|88/100
|
|-weather|Sandstorm|[upkeep]
|-damage|p1a: Red|94/100|[from] Sandstorm
|-damage|p2a: no spore|82/100|[from] Sandstorm
|upkeep
|turn|42
|l| Multiface God
|
|t:|1645033980
|switch|p1a: Pamplemousse|Slowking, M, shiny|91/100
|-damage|p1a: Pamplemousse|79/100|[from] Stealth Rock
|move|p2a: no spore|Toxic|p1a: Pamplemousse
|-status|p1a: Pamplemousse|tox
|
|-weather|Sandstorm|[upkeep]
|-damage|p2a: no spore|76/100|[from] Sandstorm
|-damage|p1a: Pamplemousse|73/100 tox|[from] Sandstorm
|-damage|p1a: Pamplemousse|66/100 tox|[from] psn
|upkeep
|turn|43
|
|t:|1645033982
|move|p2a: no spore|Giga Drain|p1a: Pamplemousse
|-supereffective|p1a: Pamplemousse
|-damage|p1a: Pamplemousse|48/100 tox
|-heal|p2a: no spore|84/100|[from] drain|[of] p1a: Pamplemousse
|move|p1a: Pamplemousse|Future Sight|p2a: no spore
|-start|p1a: Pamplemousse|move: Future Sight
|
|-weather|Sandstorm|[upkeep]
|-damage|p1a: Pamplemousse|42/100 tox|[from] Sandstorm
|-damage|p2a: no spore|78/100|[from] Sandstorm
|-damage|p1a: Pamplemousse|29/100 tox|[from] psn
|upkeep
|turn|44
|j| dutudyrdur
|
|t:|1645033985
|move|p2a: no spore|Giga Drain|p1a: Pamplemousse
|-supereffective|p1a: Pamplemousse
|-damage|p1a: Pamplemousse|10/100 tox
|-heal|p2a: no spore|88/100|[from] drain|[of] p1a: Pamplemousse
|move|p1a: Pamplemousse|Dragon Tail|p2a: no spore
|-damage|p2a: no spore|79/100
|drag|p2a: tim the tyranitar|Tyranitar, F|100/100
|
|-weather|none
|-damage|p1a: Pamplemousse|0 fnt|[from] psn
|faint|p1a: Pamplemousse
|upkeep
|
|t:|1645033988
|switch|p1a: Red|Buzzwole|94/100
|turn|45
|
|t:|1645033991
|switch|p2a: metal birb|Corviknight, M|88/100
|-ability|p2a: metal birb|Pressure
|move|p1a: Red|Drain Punch|p2a: metal birb
|-damage|p2a: metal birb|66/100
|-heal|p1a: Red|100/100|[from] drain|[of] p2a: metal birb
|-damage|p1a: Red|84/100|[from] item: Rocky Helmet|[of] p2a: metal birb
|
|-end|p2a: metal birb|move: Future Sight
|-resisted|p2a: metal birb
|-damage|p2a: metal birb|45/100
|upkeep
|turn|46
|
|t:|1645033993
|move|p1a: Red|Thunder Punch|p2a: metal birb
|-supereffective|p2a: metal birb
|-damage|p2a: metal birb|14/100
|-damage|p1a: Red|67/100|[from] item: Rocky Helmet|[of] p2a: metal birb
|move|p2a: metal birb|Roost|p2a: metal birb
|-heal|p2a: metal birb|64/100
|-singleturn|p2a: metal birb|move: Roost
|
|upkeep
|turn|47
|
|t:|1645033996
|move|p1a: Red|Thunder Punch|p2a: metal birb
|-supereffective|p2a: metal birb
|-damage|p2a: metal birb|33/100
|-damage|p1a: Red|51/100|[from] item: Rocky Helmet|[of] p2a: metal birb
|move|p2a: metal birb|Roost|p2a: metal birb
|-heal|p2a: metal birb|83/100
|-singleturn|p2a: metal birb|move: Roost
|
|upkeep
|turn|48
|
|t:|1645034000
|move|p1a: Red|Roost|p1a: Red
|-heal|p1a: Red|100/100
|-singleturn|p1a: Red|move: Roost
|move|p2a: metal birb|Roost|p2a: metal birb
|-heal|p2a: metal birb|100/100
|-singleturn|p2a: metal birb|move: Roost
|
|upkeep
|turn|49
|
|t:|1645034003
|move|p1a: Red|Thunder Punch|p2a: metal birb
|-supereffective|p2a: metal birb
|-damage|p2a: metal birb|69/100
|-damage|p1a: Red|84/100|[from] item: Rocky Helmet|[of] p2a: metal birb
|move|p2a: metal birb|Iron Head|p1a: Red
|-damage|p1a: Red|69/100
|
|upkeep
|turn|50
|
|t:|1645034006
|move|p1a: Red|Roost|p1a: Red
|-heal|p1a: Red|100/100
|-singleturn|p1a: Red|move: Roost
|move|p2a: metal birb|Roost|p2a: metal birb
|-heal|p2a: metal birb|100/100
|-singleturn|p2a: metal birb|move: Roost
|
|upkeep
|turn|51
|
|t:|1645034010
|move|p1a: Red|Ice Punch|p2a: metal birb
|-damage|p2a: metal birb|83/100
|-damage|p1a: Red|84/100|[from] item: Rocky Helmet|[of] p2a: metal birb
|move|p2a: metal birb|Iron Head|p1a: Red
|-damage|p1a: Red|70/100
|
|upkeep
|turn|52
|c|☆blah11111wow|i can do it too lol
|
|t:|1645034022
|move|p1a: Red|Roost|p1a: Red
|-heal|p1a: Red|100/100
|-singleturn|p1a: Red|move: Roost
|move|p2a: metal birb|Iron Head|p1a: Red
|-damage|p1a: Red|87/100
|
|upkeep
|turn|53
|
|t:|1645034026
|switch|p1a: Lucky One|Garchomp, F, shiny|55/100
|-damage|p1a: Lucky One|49/100|[from] Stealth Rock
|move|p2a: metal birb|Iron Head|p1a: Lucky One
|-damage|p1a: Lucky One|25/100
|-damage|p2a: metal birb|71/100|[from] ability: Rough Skin|[of] p1a: Lucky One
|
|-heal|p1a: Lucky One|31/100|[from] item: Leftovers
|upkeep
|turn|54
|
|t:|1645034031
|move|p1a: Lucky One|Stealth Rock|p2a: metal birb
|-sidestart|p2: blah11111wow|move: Stealth Rock
|move|p2a: metal birb|Iron Head|p1a: Lucky One
|-damage|p1a: Lucky One|7/100
|-damage|p2a: metal birb|59/100|[from] ability: Rough Skin|[of] p1a: Lucky One
|
|-heal|p1a: Lucky One|14/100|[from] item: Leftovers
|upkeep
|turn|55
|
|t:|1645034033
|move|p1a: Lucky One|Rest|p1a: Lucky One
|-status|p1a: Lucky One|slp|[from] move: Rest
|-heal|p1a: Lucky One|100/100 slp|[silent]
|move|p2a: metal birb|Iron Head|p1a: Lucky One
|-damage|p1a: Lucky One|75/100 slp
|-damage|p2a: metal birb|47/100|[from] ability: Rough Skin|[of] p1a: Lucky One
|
|-heal|p1a: Lucky One|81/100 slp|[from] item: Leftovers
|upkeep
|turn|56
|
|t:|1645034036
|cant|p1a: Lucky One|slp
|move|p2a: metal birb|Roost|p2a: metal birb
|-heal|p2a: metal birb|97/100
|-singleturn|p2a: metal birb|move: Roost
|
|-heal|p1a: Lucky One|88/100 slp|[from] item: Leftovers
|upkeep
|turn|57
|
|t:|1645034039
|cant|p1a: Lucky One|slp
|move|p2a: metal birb|Defog|p1a: Lucky One
|-unboost|p1a: Lucky One|evasion|1
|-sideend|p1: Run For Me Plz|Stealth Rock|[from] move: Defog|[of] p2a: metal birb
|-sideend|p2: blah11111wow|Stealth Rock|[from] move: Defog|[of] p2a: metal birb
|
|-heal|p1a: Lucky One|94/100 slp|[from] item: Leftovers
|upkeep
|turn|58
|
|t:|1645034042
|switch|p2a: no spore|Amoonguss, F|100/100
|-curestatus|p1a: Lucky One|slp|[msg]
|move|p1a: Lucky One|Stealth Rock|p2a: no spore
|-sidestart|p2: blah11111wow|move: Stealth Rock
|
|-heal|p1a: Lucky One|99/100|[from] item: Leftovers
|upkeep
|turn|59
|
|t:|1645034046
|switch|p1a: 22|Toxapex, F, shiny|82/100 slp
|move|p2a: no spore|Toxic||[still]
|-fail|p2a: no spore
|
|upkeep
|turn|60
|
|t:|1645034051
|switch|p2a: metal birb|Corviknight, M|97/100
|-damage|p2a: metal birb|84/100|[from] Stealth Rock
|-ability|p2a: metal birb|Pressure
|cant|p1a: 22|slp
|
|upkeep
|turn|61
|
|t:|1645034053
|move|p2a: metal birb|Defog|p1a: 22
|-unboost|p1a: 22|evasion|1
|-sideend|p2: blah11111wow|Stealth Rock|[from] move: Defog|[of] p2a: metal birb
|cant|p1a: 22|slp
|
|upkeep
|turn|62
|
|t:|1645034063
|switch|p2a: tim the tyranitar|Tyranitar, F|100/100
|-weather|Sandstorm|[from] ability: Sand Stream|[of] p2a: tim the tyranitar
|-curestatus|p1a: 22|slp|[msg]
|move|p1a: 22|Scald|p2a: tim the tyranitar
|-supereffective|p2a: tim the tyranitar
|-damage|p2a: tim the tyranitar|88/100
|-status|p2a: tim the tyranitar|brn
|
|-weather|Sandstorm|[upkeep]
|-damage|p1a: 22|76/100|[from] Sandstorm
|-heal|p2a: tim the tyranitar|94/100 brn|[from] item: Leftovers
|-damage|p2a: tim the tyranitar|88/100 brn|[from] brn
|upkeep
|turn|63
|
|t:|1645034065
|move|p2a: tim the tyranitar|Thunder Wave|p1a: 22
|-status|p1a: 22|par
|move|p1a: 22|Knock Off|p2a: tim the tyranitar
|-resisted|p2a: tim the tyranitar
|-damage|p2a: tim the tyranitar|82/100 brn
|-enditem|p2a: tim the tyranitar|Leftovers|[from] move: Knock Off|[of] p1a: 22
|
|-weather|Sandstorm|[upkeep]
|-damage|p1a: 22|70/100 par|[from] Sandstorm
|-damage|p2a: tim the tyranitar|76/100 brn|[from] brn
|upkeep
|turn|64
|
|t:|1645034070
|switch|p1a: Lucky One|Garchomp, F, shiny|99/100
|move|p2a: tim the tyranitar|Stealth Rock|p1a: Lucky One
|-sidestart|p1: Run For Me Plz|move: Stealth Rock
|
|-weather|Sandstorm|[upkeep]
|-heal|p1a: Lucky One|100/100|[from] item: Leftovers
|-damage|p2a: tim the tyranitar|70/100 brn|[from] brn
|upkeep
|turn|65
|
|t:|1645034072
|switch|p2a: no spore|Amoonguss, F|100/100
|move|p1a: Lucky One|Stealth Rock|p2a: no spore
|-sidestart|p2: blah11111wow|move: Stealth Rock
|
|-weather|Sandstorm|[upkeep]
|-damage|p2a: no spore|94/100|[from] Sandstorm
|upkeep
|turn|66
|
|t:|1645034075
|switch|p1a: 22|Toxapex, F, shiny|100/100 par
|-damage|p1a: 22|88/100 par|[from] Stealth Rock
|move|p2a: no spore|Toxic||[still]
|-fail|p2a: no spore
|
|-weather|none
|upkeep
|turn|67
|j| Fitzcarraldo
|
|t:|1645034092
|switch|p2a: metal birb|Corviknight, M|84/100
|-damage|p2a: metal birb|72/100|[from] Stealth Rock
|-ability|p2a: metal birb|Pressure
|move|p1a: 22|Scald|p2a: metal birb
|-damage|p2a: metal birb|56/100
|-status|p2a: metal birb|brn
|
|-damage|p2a: metal birb|50/100 brn|[from] brn
|upkeep
|turn|68
|
|t:|1645034094
|move|p2a: metal birb|Defog|p1a: 22
|-unboost|p1a: 22|evasion|1
|-sideend|p1: Run For Me Plz|Stealth Rock|[from] move: Defog|[of] p2a: metal birb
|-sideend|p2: blah11111wow|Stealth Rock|[from] move: Defog|[of] p2a: metal birb
|move|p1a: 22|Knock Off|p2a: metal birb
|-damage|p2a: metal birb|39/100 brn
|-damage|p1a: 22|72/100 par|[from] item: Rocky Helmet|[of] p2a: metal birb
|-enditem|p2a: metal birb|Rocky Helmet|[from] move: Knock Off|[of] p1a: 22
|
|-damage|p2a: metal birb|33/100 brn|[from] brn
|upkeep
|turn|69
|c|☆blah11111wow|wow the double
|c|☆blah11111wow|https://www.youtube.com/watch?v=JSMdRllKJos
|-message|blah11111wow forfeited.
|
|win|Run For Me Plz
|raw|Run For Me Plz's rating: 1650 &rarr; <strong>1670</strong><br />(+20 for winning)
|raw|blah11111wow's rating: 1644 &rarr; <strong>1624</strong><br />(-20 for losing)
|l|☆blah11111wow
|l|☆Run For Me Plz
||Ladder isn't responding, score probably updated but might not have (Request timeout).
|l| HelpImreallybad
|l| dutudyrdur
|l| ahsdfgahsdgfgh
