|j|☆Tirkys
|j|☆Gs Sippin Bumbu
|t:|1609004913
|player|p1|Tirkys|hilda-dueldisk|1219
|player|p2|Gs Sippin Bumbu|266|1242
|teamsize|p1|6
|teamsize|p2|6
|gametype|singles
|gen|8
|tier|[Gen 8] OU
|rated|
|clearpoke
|poke|p1|Volcarona, F|
|poke|p1|Quagsire, M|
|poke|p1|Xatu, F|
|poke|p1|Cradily, F|
|poke|p1|Bronzong|
|poke|p1|Ninetales-Alola, M|
|poke|p2|Magearna-Original|
|poke|p2|Ninetales-Alola, M|
|poke|p2|Garchomp, F|
|poke|p2|Heatran, F|
|poke|p2|Tapu Fini|
|poke|p2|Hippowdon, F|
|rule|Sleep Clause Mod: Limit one foe put to sleep
|rule|Species Clause: Limit one of each Pokémon
|rule|OHKO Clause: OHKO moves are banned
|rule|Evasion Moves Clause: Evasion moves are banned
|rule|Endless Battle Clause: Forcing endless battles is banned
|rule|HP Percentage Mod: HP is shown in percentages
|rule|Dynamax Clause: You cannot dynamax
|teampreview
|
|t:|1609004922
|start
|switch|p1a: Metallica|Bronzong|100/100
|switch|p2a: Oof|Ninetales-Alola, M|100/100
|-weather|Hail|[from] ability: Snow Warning|[of] p2a: Oof
|turn|1
|
|t:|1609004929
|move|p2a: Oof|Aurora Veil|p2a: Oof
|-sidestart|p2: Gs Sippin Bumbu|move: Aurora Veil
|move|p1a: Metallica|Trick|p2a: Oof
|-activate|p1a: Metallica|move: Trick|[of] p2a: Oof
|-item|p2a: Oof|Toxic Orb|[from] move: Trick
|-item|p1a: Metallica|Light Clay|[from] move: Trick
|
|-weather|Hail|[upkeep]
|-damage|p1a: Metallica|94/100|[from] Hail
|-status|p2a: Oof|tox|[from] item: Toxic Orb
|upkeep
|turn|2
|
|t:|1609004936
|switch|p2a: Hippowdon|Hippowdon, F|100/100
|-weather|Sandstorm|[from] ability: Sand Stream|[of] p2a: Hippowdon
|move|p1a: Metallica|Stealth Rock|p2a: Hippowdon
|-sidestart|p2: Gs Sippin Bumbu|move: Stealth Rock
|
|-weather|Sandstorm|[upkeep]
|upkeep
|turn|3
|
|t:|1609004939
|switch|p1a: ManInTheMirror|Xatu, F|100/100
|move|p2a: Hippowdon|Stealth Rock|p1a: ManInTheMirror
|move|p1a: ManInTheMirror|Stealth Rock||[from]ability: Magic Bounce|[still]
|-fail|p1a: ManInTheMirror
|
|-weather|Sandstorm|[upkeep]
|-damage|p1a: ManInTheMirror|95/100|[from] Sandstorm
|upkeep
|turn|4
|
|t:|1609004943
|switch|p2a: Scarfed|Garchomp, F|100/100
|-damage|p2a: Scarfed|94/100|[from] Stealth Rock
|move|p1a: ManInTheMirror|Cosmic Power|p1a: ManInTheMirror
|-boost|p1a: ManInTheMirror|def|1
|-boost|p1a: ManInTheMirror|spd|1
|
|-weather|Sandstorm|[upkeep]
|-damage|p1a: ManInTheMirror|89/100|[from] Sandstorm
|-heal|p2a: Scarfed|100/100|[from] item: Leftovers
|upkeep
|turn|5
|
|t:|1609004946
|switch|p1a: WhiteAlbum|Ninetales-Alola, M|100/100
|-weather|Hail|[from] ability: Snow Warning|[of] p1a: WhiteAlbum
|move|p2a: Scarfed|Swords Dance|p2a: Scarfed
|-boost|p2a: Scarfed|atk|2
|
|-weather|Hail|[upkeep]
|-damage|p2a: Scarfed|94/100|[from] Hail
|-heal|p2a: Scarfed|100/100|[from] item: Leftovers
|upkeep
|turn|6
|
|t:|1609004953
|move|p1a: WhiteAlbum|Blizzard|p2a: Scarfed
|-supereffective|p2a: Scarfed
|-damage|p2a: Scarfed|15/100
|move|p2a: Scarfed|Stone Edge|p1a: WhiteAlbum
|-supereffective|p1a: WhiteAlbum
|-damage|p1a: WhiteAlbum|0 fnt
|faint|p1a: WhiteAlbum
|
|-weather|Hail|[upkeep]
|-damage|p2a: Scarfed|9/100|[from] Hail
|-heal|p2a: Scarfed|15/100|[from] item: Leftovers
|upkeep
|
|t:|1609004961
|switch|p1a: StarPlatinum|Quagsire, M, shiny|100/100
|turn|7
|
|t:|1609004968
|move|p2a: Scarfed|Scale Shot|p1a: StarPlatinum
|-damage|p1a: StarPlatinum|91/100
|-damage|p1a: StarPlatinum|81/100
|-damage|p1a: StarPlatinum|71/100
|-hitcount|p1a: StarPlatinum|3
|-unboost|p2a: Scarfed|def|1
|-boost|p2a: Scarfed|spe|1
|move|p1a: StarPlatinum|Scald|p2a: Scarfed
|-damage|p2a: Scarfed|4/100
|
|-weather|Hail|[upkeep]
|-damage|p2a: Scarfed|0 fnt|[from] Hail
|-damage|p1a: StarPlatinum|65/100|[from] Hail
|faint|p2a: Scarfed
|-heal|p1a: StarPlatinum|71/100|[from] item: Leftovers
|upkeep
|
|t:|1609004973
|switch|p2a: Oof|Ninetales-Alola, M|100/100 tox
|-damage|p2a: Oof|76/100 tox|[from] Stealth Rock
|turn|8
|
|t:|1609004978
|switch|p2a: Heatran|Heatran, F|100/100
|-damage|p2a: Heatran|88/100|[from] Stealth Rock
|-item|p2a: Heatran|Air Balloon
|switch|p1a: Metallica|Bronzong|94/100
|
|-weather|Hail|[upkeep]
|-damage|p2a: Heatran|82/100|[from] Hail
|-damage|p1a: Metallica|88/100|[from] Hail
|-sideend|p2: Gs Sippin Bumbu|move: Aurora Veil
|upkeep
|turn|9
|
|t:|1609004982
|switch|p1a: ManInTheMirror|Xatu, F|89/100
|move|p2a: Heatran|Magma Storm|p1a: ManInTheMirror|[miss]
|-miss|p2a: Heatran|p1a: ManInTheMirror
|
|-weather|none
|upkeep
|turn|10
|
|t:|1609004985
|move|p1a: ManInTheMirror|Cosmic Power|p1a: ManInTheMirror
|-boost|p1a: ManInTheMirror|def|1
|-boost|p1a: ManInTheMirror|spd|1
|move|p2a: Heatran|Magma Storm|p1a: ManInTheMirror
|-damage|p1a: ManInTheMirror|62/100
|-activate|p1a: ManInTheMirror|move: Magma Storm|[of] p2a: Heatran
|
|-damage|p1a: ManInTheMirror|50/100|[from] move: Magma Storm|[partiallytrapped]
|upkeep
|turn|11
|
|t:|1609004988
|move|p1a: ManInTheMirror|Roost|p1a: ManInTheMirror
|-heal|p1a: ManInTheMirror|99/100
|-singleturn|p1a: ManInTheMirror|move: Roost
|move|p2a: Heatran|Magma Storm|p1a: ManInTheMirror
|-damage|p1a: ManInTheMirror|71/100
|
|-damage|p1a: ManInTheMirror|59/100|[from] move: Magma Storm|[partiallytrapped]
|upkeep
|turn|12
|
|t:|1609004995
|switch|p2a: Drops Mic 🎤|Magearna-Original|100/100
|-damage|p2a: Drops Mic 🎤|94/100|[from] Stealth Rock
|move|p1a: ManInTheMirror|Cosmic Power|p1a: ManInTheMirror
|-boost|p1a: ManInTheMirror|def|1
|-boost|p1a: ManInTheMirror|spd|1
|
|-end|p1a: ManInTheMirror|Magma Storm|[partiallytrapped]|[silent]
|upkeep
|turn|13
|
|t:|1609004998
|move|p1a: ManInTheMirror|Roost|p1a: ManInTheMirror
|-heal|p1a: ManInTheMirror|100/100
|-singleturn|p1a: ManInTheMirror|move: Roost
|move|p2a: Drops Mic 🎤|Shift Gear|p2a: Drops Mic 🎤
|-boost|p2a: Drops Mic 🎤|spe|2
|-boost|p2a: Drops Mic 🎤|atk|1
|
|upkeep
|turn|14
|
|t:|1609005001
|move|p2a: Drops Mic 🎤|Shift Gear|p2a: Drops Mic 🎤
|-boost|p2a: Drops Mic 🎤|spe|2
|-boost|p2a: Drops Mic 🎤|atk|1
|move|p1a: ManInTheMirror|Heat Wave|p2a: Drops Mic 🎤
|-supereffective|p2a: Drops Mic 🎤
|-damage|p2a: Drops Mic 🎤|49/100
|-enditem|p2a: Drops Mic 🎤|Weakness Policy
|-boost|p2a: Drops Mic 🎤|atk|2|[from] item: Weakness Policy
|-boost|p2a: Drops Mic 🎤|spa|2|[from] item: Weakness Policy
|
|upkeep
|turn|15
|
|t:|1609005007
|move|p2a: Drops Mic 🎤|Iron Head|p1a: ManInTheMirror
|-damage|p1a: ManInTheMirror|52/100
|-damage|p2a: Drops Mic 🎤|33/100|[from] item: Rocky Helmet|[of] p1a: ManInTheMirror
|cant|p1a: ManInTheMirror|flinch
|
|upkeep
|turn|16
|
|t:|1609005010
|move|p2a: Drops Mic 🎤|Stored Power|p1a: ManInTheMirror
|-resisted|p1a: ManInTheMirror
|-damage|p1a: ManInTheMirror|19/100
|move|p1a: ManInTheMirror|Roost|p1a: ManInTheMirror
|-heal|p1a: ManInTheMirror|69/100
|-singleturn|p1a: ManInTheMirror|move: Roost
|
|upkeep
|turn|17
|
|t:|1609005013
|move|p2a: Drops Mic 🎤|Iron Head|p1a: ManInTheMirror
|-damage|p1a: ManInTheMirror|15/100
|-damage|p2a: Drops Mic 🎤|16/100|[from] item: Rocky Helmet|[of] p1a: ManInTheMirror
|move|p1a: ManInTheMirror|Roost|p1a: ManInTheMirror
|-heal|p1a: ManInTheMirror|65/100
|-singleturn|p1a: ManInTheMirror|move: Roost
|
|upkeep
|turn|18
|
|t:|1609005016
|move|p2a: Drops Mic 🎤|Iron Head|p1a: ManInTheMirror
|-damage|p1a: ManInTheMirror|15/100
|-damage|p2a: Drops Mic 🎤|0 fnt|[from] item: Rocky Helmet|[of] p1a: ManInTheMirror
|faint|p2a: Drops Mic 🎤
|cant|p1a: ManInTheMirror|flinch
|
|upkeep
|
|t:|1609005020
|switch|p2a: Tapu Fini|Tapu Fini|100/100
|-damage|p2a: Tapu Fini|88/100|[from] Stealth Rock
|-fieldstart|move: Misty Terrain|[from] ability: Misty Surge|[of] p2a: Tapu Fini
|turn|19
|
|t:|1609005022
|move|p2a: Tapu Fini|Moonblast|p1a: ManInTheMirror
|-damage|p1a: ManInTheMirror|0 fnt
|faint|p1a: ManInTheMirror
|
|-heal|p2a: Tapu Fini|94/100|[from] item: Leftovers
|upkeep
|
|t:|1609005026
|switch|p1a: Cradily|Cradily, F|100/100
|turn|20
|
|t:|1609005029
|move|p2a: Tapu Fini|Calm Mind|p2a: Tapu Fini
|-boost|p2a: Tapu Fini|spa|1
|-boost|p2a: Tapu Fini|spd|1
|move|p1a: Cradily|Leech Seed|p2a: Tapu Fini
|-start|p2a: Tapu Fini|move: Leech Seed
|
|-heal|p2a: Tapu Fini|99/100|[from] item: Leftovers
|-damage|p2a: Tapu Fini|88/100|[from] Leech Seed|[of] p1a: Cradily
|upkeep
|turn|21
|
|t:|1609005032
|move|p2a: Tapu Fini|Calm Mind|p2a: Tapu Fini
|-boost|p2a: Tapu Fini|spa|1
|-boost|p2a: Tapu Fini|spd|1
|move|p1a: Cradily|Swords Dance|p1a: Cradily
|-boost|p1a: Cradily|atk|2
|
|-heal|p2a: Tapu Fini|94/100|[from] item: Leftovers
|-damage|p2a: Tapu Fini|81/100|[from] Leech Seed|[of] p1a: Cradily
|upkeep
|turn|22
|
|t:|1609005033
|move|p2a: Tapu Fini|Moonblast|p1a: Cradily
|-damage|p1a: Cradily|29/100
|-enditem|p1a: Cradily|Sitrus Berry|[eat]
|-heal|p1a: Cradily|54/100|[from] item: Sitrus Berry
|move|p1a: Cradily|Swords Dance|p1a: Cradily
|-boost|p1a: Cradily|atk|2
|
|-heal|p2a: Tapu Fini|87/100|[from] item: Leftovers
|-damage|p2a: Tapu Fini|75/100|[from] Leech Seed|[of] p1a: Cradily
|-heal|p1a: Cradily|63/100|[silent]
|upkeep
|turn|23
|
|t:|1609005036
|move|p2a: Tapu Fini|Moonblast|p1a: Cradily
|-damage|p1a: Cradily|0 fnt
|faint|p1a: Cradily
|
|-heal|p2a: Tapu Fini|81/100|[from] item: Leftovers
|-fieldend|Misty Terrain
|upkeep
|
|t:|1609005039
|switch|p1a: Magician'sRed|Volcarona, F|100/100
|turn|24
|
|t:|1609005041
|move|p2a: Tapu Fini|Surf|p1a: Magician'sRed
|-supereffective|p1a: Magician'sRed
|-damage|p1a: Magician'sRed|0 fnt
|faint|p1a: Magician'sRed
|
|-heal|p2a: Tapu Fini|87/100|[from] item: Leftovers
|upkeep
|
|t:|1609005044
|switch|p1a: StarPlatinum|Quagsire, M, shiny|71/100
|turn|25
|
|t:|1609005046
|move|p2a: Tapu Fini|Moonblast|p1a: StarPlatinum
|-damage|p1a: StarPlatinum|25/100
|move|p1a: StarPlatinum|Stockpile|p1a: StarPlatinum
|-start|p1a: StarPlatinum|stockpile1
|-boost|p1a: StarPlatinum|def|1
|-boost|p1a: StarPlatinum|spd|1
|
|-heal|p2a: Tapu Fini|93/100|[from] item: Leftovers
|-heal|p1a: StarPlatinum|31/100|[from] item: Leftovers
|-damage|p2a: Tapu Fini|81/100|[from] Leech Seed|[of] p1a: StarPlatinum
|-heal|p1a: StarPlatinum|40/100|[silent]
|upkeep
|turn|26
|
|t:|1609005049
|move|p2a: Tapu Fini|Moonblast|p1a: StarPlatinum
|-damage|p1a: StarPlatinum|7/100
|move|p1a: StarPlatinum|Recover|p1a: StarPlatinum
|-heal|p1a: StarPlatinum|57/100
|
|-heal|p2a: Tapu Fini|87/100|[from] item: Leftovers
|-heal|p1a: StarPlatinum|63/100|[from] item: Leftovers
|-damage|p2a: Tapu Fini|74/100|[from] Leech Seed|[of] p1a: StarPlatinum
|-heal|p1a: StarPlatinum|72/100|[silent]
|upkeep
|turn|27
|
|t:|1609005053
|switch|p2a: Heatran|Heatran, F|82/100
|-damage|p2a: Heatran|69/100|[from] Stealth Rock
|-item|p2a: Heatran|Air Balloon
|move|p1a: StarPlatinum|Stockpile|p1a: StarPlatinum
|-start|p1a: StarPlatinum|stockpile2
|-boost|p1a: StarPlatinum|def|1
|-boost|p1a: StarPlatinum|spd|1
|
|-heal|p1a: StarPlatinum|78/100|[from] item: Leftovers
|upkeep
|turn|28
|
|t:|1609005055
|move|p2a: Heatran|Toxic|p1a: StarPlatinum|[miss]
|-miss|p2a: Heatran|p1a: StarPlatinum
|move|p1a: StarPlatinum|Scald|p2a: Heatran
|-supereffective|p2a: Heatran
|-damage|p2a: Heatran|47/100
|-enditem|p2a: Heatran|Air Balloon
|
|-heal|p1a: StarPlatinum|84/100|[from] item: Leftovers
|upkeep
|turn|29
|
|t:|1609005059
|move|p2a: Heatran|Toxic|p1a: StarPlatinum
|-status|p1a: StarPlatinum|tox
|move|p1a: StarPlatinum|Stockpile|p1a: StarPlatinum
|-start|p1a: StarPlatinum|stockpile3
|-boost|p1a: StarPlatinum|def|1
|-boost|p1a: StarPlatinum|spd|1
|
|-heal|p1a: StarPlatinum|90/100 tox|[from] item: Leftovers
|-damage|p1a: StarPlatinum|84/100 tox|[from] psn
|upkeep
|turn|30
|
|t:|1609005061
|move|p2a: Heatran|Magma Storm|p1a: StarPlatinum
|-resisted|p1a: StarPlatinum
|-damage|p1a: StarPlatinum|74/100 tox
|-activate|p1a: StarPlatinum|move: Magma Storm|[of] p2a: Heatran
|move|p1a: StarPlatinum|Scald|p2a: Heatran
|-supereffective|p2a: Heatran
|-damage|p2a: Heatran|24/100
|
|-heal|p1a: StarPlatinum|80/100 tox|[from] item: Leftovers
|-damage|p1a: StarPlatinum|68/100 tox|[from] psn
|-damage|p1a: StarPlatinum|55/100 tox|[from] move: Magma Storm|[partiallytrapped]
|upkeep
|turn|31
|
|t:|1609005063
|move|p2a: Heatran|Taunt|p1a: StarPlatinum
|-start|p1a: StarPlatinum|move: Taunt
|cant|p1a: StarPlatinum|move: Taunt|Rest
|
|-heal|p1a: StarPlatinum|61/100 tox|[from] item: Leftovers
|-damage|p1a: StarPlatinum|43/100 tox|[from] psn
|-damage|p1a: StarPlatinum|30/100 tox|[from] move: Magma Storm|[partiallytrapped]
|upkeep
|turn|32
|
|t:|1609005066
|move|p2a: Heatran|Magma Storm|p1a: StarPlatinum
|-resisted|p1a: StarPlatinum
|-damage|p1a: StarPlatinum|20/100 tox
|move|p1a: StarPlatinum|Scald|p2a: Heatran
|-supereffective|p2a: Heatran
|-damage|p2a: Heatran|0 fnt
|faint|p2a: Heatran
|
|-heal|p1a: StarPlatinum|26/100 tox|[from] item: Leftovers
|-damage|p1a: StarPlatinum|2/100 tox|[from] psn
|-end|p1a: StarPlatinum|Magma Storm|[partiallytrapped]|[silent]
|upkeep
|
|t:|1609005069
|switch|p2a: Oof|Ninetales-Alola, M|76/100 tox
|-damage|p2a: Oof|51/100 tox|[from] Stealth Rock
|-weather|Hail|[from] ability: Snow Warning|[of] p2a: Oof
|turn|33
|inactive|Battle timer is ON: inactive players will automatically lose when time's up. (requested by Tirkys)
|
|t:|1609005073
|move|p2a: Oof|Freeze-Dry|p1a: StarPlatinum
|-supereffective|p1a: StarPlatinum
|-damage|p1a: StarPlatinum|0 fnt
|faint|p1a: StarPlatinum
|
|-weather|Hail|[upkeep]
|-damage|p2a: Oof|45/100 tox|[from] psn
|upkeep
|
|t:|1609005074
|switch|p1a: Metallica|Bronzong|88/100
|turn|34
|
|t:|1609005077
|move|p2a: Oof|Aurora Veil|p2a: Oof
|-sidestart|p2: Gs Sippin Bumbu|move: Aurora Veil
|move|p1a: Metallica|Trick|p2a: Oof
|-activate|p1a: Metallica|move: Trick|[of] p2a: Oof
|-item|p2a: Oof|Light Clay|[from] move: Trick
|-item|p1a: Metallica|Toxic Orb|[from] move: Trick
|
|-weather|Hail|[upkeep]
|-damage|p1a: Metallica|82/100|[from] Hail
|-damage|p2a: Oof|33/100 tox|[from] psn
|upkeep
|turn|35
|
|t:|1609005081
|switch|p2a: Hippowdon|Hippowdon, F|100/100
|-damage|p2a: Hippowdon|94/100|[from] Stealth Rock
|-weather|Sandstorm|[from] ability: Sand Stream|[of] p2a: Hippowdon
|move|p1a: Metallica|Light Screen|p1a: Metallica
|-sidestart|p1: Tirkys|move: Light Screen
|
|-weather|Sandstorm|[upkeep]
|upkeep
|turn|36
|
|t:|1609005083
|switch|p2a: Tapu Fini|Tapu Fini|74/100
|-damage|p2a: Tapu Fini|62/100|[from] Stealth Rock
|-fieldstart|move: Misty Terrain|[from] ability: Misty Surge|[of] p2a: Tapu Fini
|move|p1a: Metallica|Trick|p2a: Tapu Fini
|-activate|p1a: Metallica|move: Trick|[of] p2a: Tapu Fini
|-item|p2a: Tapu Fini|Toxic Orb|[from] move: Trick
|-item|p1a: Metallica|Leftovers|[from] move: Trick
|
|-weather|Sandstorm|[upkeep]
|-damage|p2a: Tapu Fini|56/100|[from] Sandstorm
|-heal|p1a: Metallica|88/100|[from] item: Leftovers
|upkeep
|turn|37
|
|t:|1609005088
|move|p2a: Tapu Fini|Calm Mind|p2a: Tapu Fini
|-boost|p2a: Tapu Fini|spa|1
|-boost|p2a: Tapu Fini|spd|1
|move|p1a: Metallica|Rest||[still]
|-fail|p1a: Metallica
|
|-weather|Sandstorm|[upkeep]
|-damage|p2a: Tapu Fini|50/100|[from] Sandstorm
|-heal|p1a: Metallica|94/100|[from] item: Leftovers
|upkeep
|turn|38
|
|t:|1609005093
|move|p2a: Tapu Fini|Defog|p1a: Metallica
|-unboost|p1a: Metallica|evasion|1
|-sideend|p1: Tirkys|move: Light Screen
|-sideend|p2: Gs Sippin Bumbu|Stealth Rock|[from] move: Defog|[of] p2a: Tapu Fini
|-fieldend|Misty Terrain
|move|p1a: Metallica|Stealth Rock|p2a: Tapu Fini
|-sidestart|p2: Gs Sippin Bumbu|move: Stealth Rock
|
|-weather|Sandstorm|[upkeep]
|-damage|p2a: Tapu Fini|44/100|[from] Sandstorm
|-heal|p1a: Metallica|100/100|[from] item: Leftovers
|-sideend|p2: Gs Sippin Bumbu|move: Aurora Veil
|-status|p2a: Tapu Fini|tox|[from] item: Toxic Orb
|upkeep
|turn|39
|
|t:|1609005096
|move|p2a: Tapu Fini|Calm Mind|p2a: Tapu Fini
|-boost|p2a: Tapu Fini|spa|1
|-boost|p2a: Tapu Fini|spd|1
|move|p1a: Metallica|Light Screen|p1a: Metallica
|-sidestart|p1: Tirkys|move: Light Screen
|
|-weather|Sandstorm|[upkeep]
|-damage|p2a: Tapu Fini|38/100 tox|[from] Sandstorm
|-damage|p2a: Tapu Fini|31/100 tox|[from] psn
|upkeep
|turn|40
|
|t:|1609005098
|move|p2a: Tapu Fini|Surf|p1a: Metallica
|-damage|p1a: Metallica|75/100
|move|p1a: Metallica|Light Screen||[still]
|-fail|p1a: Metallica
|
|-weather|Sandstorm|[upkeep]
|-damage|p2a: Tapu Fini|25/100 tox|[from] Sandstorm
|-heal|p1a: Metallica|81/100|[from] item: Leftovers
|-damage|p2a: Tapu Fini|13/100 tox|[from] psn
|upkeep
|turn|41
|
|t:|1609005100
|move|p2a: Tapu Fini|Surf|p1a: Metallica
|-damage|p1a: Metallica|56/100
|move|p1a: Metallica|Rest|p1a: Metallica
|-status|p1a: Metallica|slp|[from] move: Rest
|-heal|p1a: Metallica|100/100 slp|[silent]
|
|-weather|Sandstorm|[upkeep]
|-damage|p2a: Tapu Fini|7/100 tox|[from] Sandstorm
|-damage|p2a: Tapu Fini|0 fnt|[from] psn
|faint|p2a: Tapu Fini
|upkeep
|
|t:|1609005103
|switch|p2a: Hippowdon|Hippowdon, F|94/100
|-damage|p2a: Hippowdon|88/100|[from] Stealth Rock
|turn|42
|
|t:|1609005106
|move|p2a: Hippowdon|Earthquake|p1a: Metallica
|-supereffective|p1a: Metallica
|-damage|p1a: Metallica|28/100 slp
|cant|p1a: Metallica|slp
|
|-weather|none
|-heal|p1a: Metallica|34/100 slp|[from] item: Leftovers
|upkeep
|turn|43
|
|t:|1609005111
|move|p2a: Hippowdon|Earthquake|p1a: Metallica
|-supereffective|p1a: Metallica
|-damage|p1a: Metallica|0 fnt
|faint|p1a: Metallica
|
|win|Gs Sippin Bumbu
|l|☆Tirkys
|raw|Tirkys's rating: 1194 &rarr; <strong>1174</strong><br />(-20 for losing)
|raw|Gs Sippin Bumbu's rating: 1268 &rarr; <strong>1288</strong><br />(+20 for winning)
