|j|☆Raelonus
|j|☆Gurtrant
|t:|1629419591
|gametype|singles
|player|p1|Raelonus|cynthia|1687
|player|p2|Gurtrant|238|1721
|teamsize|p1|6
|teamsize|p2|6
|gen|8
|tier|[Gen 8] OU
|rated|
|rule|Sleep Clause Mod: Limit one foe put to sleep
|rule|Species Clause: Limit one of each Pokémon
|rule|OHKO Clause: OHKO moves are banned
|rule|Evasion Moves Clause: Evasion moves are banned
|rule|Endless Battle Clause: Forcing endless battles is banned
|rule|HP Percentage Mod: HP is shown in percentages
|rule|Dynamax Clause: You cannot dynamax
|clearpoke
|poke|p1|Dragapult, M|
|poke|p1|Landorus-Therian, M|
|poke|p1|Ferrothorn, M|
|poke|p1|Urshifu-*, M|
|poke|p1|Melmetal|
|poke|p1|Heatran, M|
|poke|p2|Pelipper, F|
|poke|p2|Heliolisk, F|
|poke|p2|Seismitoad, F|
|poke|p2|Barraskewda, M|
|poke|p2|Ferrothorn, M|
|poke|p2|Zapdos|
|teampreview
|inactive|Battle timer is ON: inactive players will automatically lose when time's up. (requested by Gurtrant)
|j| RWaver
|
|t:|1629419605
|start
|switch|p1a: Ferrothorn|Ferrothorn, M|100/100
|switch|p2a: Pelipper|Pelipper, F|100/100
|-weather|RainDance|[from] ability: Drizzle|[of] p2a: Pelipper
|turn|1
|
|t:|1629419610
|switch|p2a: Ferrothorn|Ferrothorn, M|100/100
|move|p1a: Ferrothorn|Knock Off|p2a: Ferrothorn
|-damage|p2a: Ferrothorn|85/100
|-damage|p1a: Ferrothorn|88/100|[from] ability: Iron Barbs|[of] p2a: Ferrothorn
|-enditem|p2a: Ferrothorn|Leftovers|[from] move: Knock Off|[of] p1a: Ferrothorn
|
|-weather|RainDance|[upkeep]
|-heal|p1a: Ferrothorn|94/100|[from] item: Leftovers
|upkeep
|turn|2
|j| Disliked
|
|t:|1629419615
|switch|p1a: Landorus|Landorus-Therian, M|100/100
|-ability|p1a: Landorus|Intimidate|boost
|-unboost|p2a: Ferrothorn|atk|1
|move|p2a: Ferrothorn|Knock Off|p1a: Landorus
|-damage|p1a: Landorus|91/100
|-enditem|p1a: Landorus|Leftovers|[from] move: Knock Off|[of] p2a: Ferrothorn
|
|-weather|RainDance|[upkeep]
|upkeep
|turn|3
|
|t:|1629419628
|move|p1a: Landorus|Stealth Rock|p2a: Ferrothorn
|-sidestart|p2: Gurtrant|move: Stealth Rock
|move|p2a: Ferrothorn|Spikes|p1a: Landorus
|-sidestart|p1: Raelonus|Spikes
|
|-weather|RainDance|[upkeep]
|upkeep
|turn|4
|c|☆Gurtrant|anyone else keep getting a "replay not saved" notification out of no where?
|
|t:|1629419647
|move|p1a: Landorus|Earthquake|p2a: Ferrothorn
|-damage|p2a: Ferrothorn|50/100
|move|p2a: Ferrothorn|Leech Seed|p1a: Landorus|[miss]
|-miss|p2a: Ferrothorn|p1a: Landorus
|
|-weather|RainDance|[upkeep]
|upkeep
|turn|5
|c|☆Raelonus|yea
|
|t:|1629419652
|move|p1a: Landorus|Earthquake|p2a: Ferrothorn
|-damage|p2a: Ferrothorn|13/100
|move|p2a: Ferrothorn|Leech Seed|p1a: Landorus
|-start|p1a: Landorus|move: Leech Seed
|
|-weather|RainDance|[upkeep]
|-damage|p1a: Landorus|78/100|[from] Leech Seed|[of] p2a: Ferrothorn
|-heal|p2a: Ferrothorn|27/100|[silent]
|upkeep
|turn|6
|
|t:|1629419656
|switch|p2a: Zapdos|Zapdos|100/100
|move|p1a: Landorus|U-turn|p2a: Zapdos
|-resisted|p2a: Zapdos
|-damage|p2a: Zapdos|93/100
|
|t:|1629419662
|switch|p1a: Dragapult|Dragapult, M|100/100|[from]move: U-turn
|-damage|p1a: Dragapult|88/100|[from] Spikes
|
|-weather|RainDance|[upkeep]
|upkeep
|turn|7
|
|t:|1629419667
|switch|p2a: Ferrothorn|Ferrothorn, M|27/100
|-damage|p2a: Ferrothorn|20/100|[from] Stealth Rock
|move|p1a: Dragapult|Draco Meteor|p2a: Ferrothorn|[miss]
|-miss|p1a: Dragapult|p2a: Ferrothorn
|
|-weather|RainDance|[upkeep]
|upkeep
|turn|8
|
|t:|1629419671
|move|p1a: Dragapult|Draco Meteor|p2a: Ferrothorn
|-resisted|p2a: Ferrothorn
|-damage|p2a: Ferrothorn|0 fnt
|-unboost|p1a: Dragapult|spa|2
|faint|p2a: Ferrothorn
|
|-weather|none
|upkeep
|
|t:|1629419680
|switch|p2a: Pelipper|Pelipper, F|100/100
|-damage|p2a: Pelipper|75/100|[from] Stealth Rock
|-weather|RainDance|[from] ability: Drizzle|[of] p2a: Pelipper
|turn|9
|
|t:|1629419683
|switch|p1a: Ferrothorn|Ferrothorn, M|94/100
|-damage|p1a: Ferrothorn|82/100|[from] Spikes
|move|p2a: Pelipper|U-turn|p1a: Ferrothorn
|-damage|p1a: Ferrothorn|75/100
|-damage|p2a: Pelipper|63/100|[from] ability: Iron Barbs|[of] p1a: Ferrothorn
|
|t:|1629419685
|switch|p2a: Heliolisk|Heliolisk, F, shiny|100/100|[from]move: U-turn
|-damage|p2a: Heliolisk|88/100|[from] Stealth Rock
|
|-weather|RainDance|[upkeep]
|-heal|p2a: Heliolisk|100/100|[from] ability: Dry Skin
|-heal|p1a: Ferrothorn|82/100|[from] item: Leftovers
|upkeep
|turn|10
|l| Disliked
|
|t:|1629419693
|move|p2a: Heliolisk|Focus Blast|p1a: Ferrothorn
|-supereffective|p1a: Ferrothorn
|-crit|p1a: Ferrothorn
|-damage|p1a: Ferrothorn|0 fnt
|faint|p1a: Ferrothorn
|-damage|p2a: Heliolisk|91/100|[from] item: Life Orb
|
|-weather|RainDance|[upkeep]
|-heal|p2a: Heliolisk|100/100|[from] ability: Dry Skin
|upkeep
|
|t:|1629419695
|switch|p1a: Dragapult|Dragapult, M|88/100
|-damage|p1a: Dragapult|76/100|[from] Spikes
|turn|11
|
|t:|1629419710
|switch|p2a: Seismitoad|Seismitoad, F|100/100
|-damage|p2a: Seismitoad|94/100|[from] Stealth Rock
|move|p1a: Dragapult|Shadow Ball|p2a: Seismitoad
|-damage|p2a: Seismitoad|34/100
|-unboost|p2a: Seismitoad|spd|1
|
|-weather|RainDance|[upkeep]
|upkeep
|turn|12
|
|t:|1629419718
|move|p2a: Seismitoad|Weather Ball|p1a: Dragapult
|-resisted|p1a: Dragapult
|-damage|p1a: Dragapult|21/100
|-damage|p2a: Seismitoad|24/100|[from] item: Life Orb
|move|p1a: Dragapult|Shadow Ball|p2a: Seismitoad
|-damage|p2a: Seismitoad|0 fnt
|faint|p2a: Seismitoad
|
|-weather|RainDance|[upkeep]
|upkeep
|
|t:|1629419723
|switch|p2a: Heliolisk|Heliolisk, F, shiny|100/100
|-damage|p2a: Heliolisk|88/100|[from] Stealth Rock
|turn|13
|
|t:|1629419733
|switch|p1a: Landorus|Landorus-Therian, M|78/100
|-ability|p1a: Landorus|Intimidate|boost
|-unboost|p2a: Heliolisk|atk|1
|move|p2a: Heliolisk|Surf|p1a: Landorus
|-supereffective|p1a: Landorus
|-damage|p1a: Landorus|0 fnt
|faint|p1a: Landorus
|-damage|p2a: Heliolisk|78/100|[from] item: Life Orb
|
|-weather|RainDance|[upkeep]
|-heal|p2a: Heliolisk|91/100|[from] ability: Dry Skin
|upkeep
|
|t:|1629419737
|switch|p1a: Dragapult|Dragapult, M|21/100
|-damage|p1a: Dragapult|9/100|[from] Spikes
|turn|14
|
|t:|1629419744
|switch|p2a: Zapdos|Zapdos|93/100
|move|p1a: Dragapult|Draco Meteor|p2a: Zapdos
|-damage|p2a: Zapdos|15/100
|-unboost|p1a: Dragapult|spa|2
|
|-weather|RainDance|[upkeep]
|upkeep
|turn|15
|
|t:|1629419749
|move|p1a: Dragapult|Draco Meteor|p2a: Zapdos
|-damage|p2a: Zapdos|0 fnt
|-unboost|p1a: Dragapult|spa|2
|faint|p2a: Zapdos
|
|-weather|RainDance|[upkeep]
|upkeep
|
|t:|1629419753
|switch|p2a: Barraskewda|Barraskewda, M|100/100
|-damage|p2a: Barraskewda|88/100|[from] Stealth Rock
|turn|16
|
|t:|1629419757
|move|p2a: Barraskewda|Liquidation|p1a: Dragapult
|-resisted|p1a: Dragapult
|-damage|p1a: Dragapult|0 fnt
|faint|p1a: Dragapult
|
|-weather|none
|upkeep
|
|t:|1629419765
|switch|p1a: Urshifu|Urshifu-Rapid-Strike, M|100/100
|-damage|p1a: Urshifu|88/100|[from] Spikes
|turn|17
|
|t:|1629419771
|switch|p2a: Pelipper|Pelipper, F|63/100
|-damage|p2a: Pelipper|38/100|[from] Stealth Rock
|-weather|RainDance|[from] ability: Drizzle|[of] p2a: Pelipper
|move|p1a: Urshifu|Close Combat|p2a: Pelipper
|-resisted|p2a: Pelipper
|-damage|p2a: Pelipper|5/100
|-unboost|p1a: Urshifu|def|1
|-unboost|p1a: Urshifu|spd|1
|
|-weather|RainDance|[upkeep]
|upkeep
|turn|18
|
|t:|1629419779
|move|p1a: Urshifu|Close Combat|p2a: Pelipper
|-resisted|p2a: Pelipper
|-damage|p2a: Pelipper|0 fnt
|-unboost|p1a: Urshifu|def|1
|-unboost|p1a: Urshifu|spd|1
|faint|p2a: Pelipper
|
|-weather|RainDance|[upkeep]
|upkeep
|
|t:|1629419781
|switch|p2a: Heliolisk|Heliolisk, F, shiny|91/100
|-damage|p2a: Heliolisk|78/100|[from] Stealth Rock
|turn|19
|
|t:|1629419785
|move|p2a: Heliolisk|Thunder|p1a: Urshifu
|-supereffective|p1a: Urshifu
|-damage|p1a: Urshifu|0 fnt
|faint|p1a: Urshifu
|-damage|p2a: Heliolisk|68/100|[from] item: Life Orb
|
|-weather|RainDance|[upkeep]
|-heal|p2a: Heliolisk|81/100|[from] ability: Dry Skin
|upkeep
|
|t:|1629419791
|switch|p1a: Heatran|Heatran, M|100/100
|-damage|p1a: Heatran|88/100|[from] Spikes
|turn|20
|
|t:|1629419795
|move|p2a: Heliolisk|Surf|p1a: Heatran
|-supereffective|p1a: Heatran
|-damage|p1a: Heatran|6/100
|-damage|p2a: Heliolisk|71/100|[from] item: Life Orb
|move|p1a: Heatran|Earth Power|p2a: Heliolisk
|-supereffective|p2a: Heliolisk
|-damage|p2a: Heliolisk|0 fnt
|faint|p2a: Heliolisk
|
|-weather|RainDance|[upkeep]
|-heal|p1a: Heatran|12/100|[from] item: Leftovers
|upkeep
|
|t:|1629419799
|switch|p2a: Barraskewda|Barraskewda, M|88/100
|-damage|p2a: Barraskewda|76/100|[from] Stealth Rock
|turn|21
|inactive|Gurtrant has 120 seconds left.
|
|t:|1629419830
|move|p2a: Barraskewda|Close Combat|p1a: Heatran
|-supereffective|p1a: Heatran
|-damage|p1a: Heatran|0 fnt
|-unboost|p2a: Barraskewda|def|1
|-unboost|p2a: Barraskewda|spd|1
|faint|p1a: Heatran
|
|-weather|RainDance|[upkeep]
|upkeep
|
|t:|1629419835
|switch|p1a: Melmetal|Melmetal|100/100
|-damage|p1a: Melmetal|88/100|[from] Spikes
|turn|22
|
|t:|1629419843
|move|p2a: Barraskewda|Close Combat|p1a: Melmetal
|-supereffective|p1a: Melmetal
|-damage|p1a: Melmetal|9/100
|-unboost|p2a: Barraskewda|def|1
|-unboost|p2a: Barraskewda|spd|1
|move|p1a: Melmetal|Thunder Punch|p2a: Barraskewda
|-supereffective|p2a: Barraskewda
|-damage|p2a: Barraskewda|0 fnt
|faint|p2a: Barraskewda
|
|win|Raelonus
|raw|Raelonus's rating: 1687 &rarr; <strong>1709</strong><br />(+22 for winning)
|raw|Gurtrant's rating: 1721 &rarr; <strong>1699</strong><br />(-22 for losing)
|c|☆Gurtrant|gg
|l|☆Raelonus
|l|☆Gurtrant
