|j|☆gaenisalbino
|j|☆F0rdPrefect
|t:|1636639442
|gametype|singles
|player|p1|gaenisalbino|266|1832
|player|p2|F0rdPrefect|wallace-gen6|1749
|teamsize|p1|6
|teamsize|p2|6
|gen|8
|tier|[Gen 8] OU
|rated|
|rule|Sleep Clause Mod: Limit one foe put to sleep
|rule|Species Clause: Limit one of each Pokémon
|rule|OHKO Clause: OHKO moves are banned
|rule|Evasion Moves Clause: Evasion moves are banned
|rule|Endless Battle Clause: Forcing endless battles is banned
|rule|HP Percentage Mod: HP is shown in percentages
|rule|Dynamax Clause: You cannot dynamax
|clearpoke
|poke|p1|Urshifu-*, M|
|poke|p1|Kyurem|
|poke|p1|Landorus-Therian, M|
|poke|p1|Ferrothorn, F|
|poke|p1|Tyranitar, F|
|poke|p1|Slowbro, F|
|poke|p2|Hatterene, F|
|poke|p2|Melmetal|
|poke|p2|Marowak-Alola, F|
|poke|p2|Crawdaunt, M|
|poke|p2|Porygon2|
|poke|p2|Cresselia, F|
|teampreview
|inactive|Battle timer is ON: inactive players will automatically lose when time's up. (requested by F0rdPrefect)
|j| dghkjdf
|j| 0zorcNecropHADES
|inactive|gaenisalbino has 120 seconds left.
|
|t:|1636639489
|start
|switch|p1a: abhi noob|Landorus-Therian, M|100/100
|switch|p2a: Hatterene|Hatterene, F|100/100
|-ability|p1a: abhi noob|Intimidate|boost
|-unboost|p2a: Hatterene|atk|1
|turn|1
|
|t:|1636639494
|move|p1a: abhi noob|Earthquake|p2a: Hatterene
|-damage|p2a: Hatterene|47/100
|move|p2a: Hatterene|Trick Room|p2a: Hatterene
|-fieldstart|move: Trick Room|[of] p2a: Hatterene
|
|upkeep
|turn|2
|
|t:|1636639500
|move|p2a: Hatterene|Healing Wish|p2a: Hatterene
|faint|p2a: Hatterene
|move|p1a: abhi noob|Earthquake|p2: Hatterene|[notarget]
|-fail|p1a: abhi noob
|
|upkeep
|
|t:|1636639506
|switch|p2a: Crawdaunt|Crawdaunt, M|100/100
|turn|3
|
|t:|1636639521
|switch|p1a: Sidd|Urshifu-Rapid-Strike, M|100/100
|move|p2a: Crawdaunt|Swords Dance|p2a: Crawdaunt
|-boost|p2a: Crawdaunt|atk|2
|
|upkeep
|turn|4
|inactive|gaenisalbino has 120 seconds left.
|inactive|F0rdPrefect has 120 seconds left.
|inactive|gaenisalbino has 90 seconds left.
|inactive|F0rdPrefect has 90 seconds left.
|j| Kyliananas
|j| PepinilloCrazy
|
|t:|1636639615
|move|p2a: Crawdaunt|Crabhammer|p1a: Sidd
|-resisted|p1a: Sidd
|-damage|p1a: Sidd|5/100
|-damage|p2a: Crawdaunt|91/100|[from] item: Life Orb
|move|p1a: Sidd|Close Combat|p2a: Crawdaunt
|-supereffective|p2a: Crawdaunt
|-damage|p2a: Crawdaunt|0 fnt
|-unboost|p1a: Sidd|def|1
|-unboost|p1a: Sidd|spd|1
|faint|p2a: Crawdaunt
|
|upkeep
|c| 0zorcNecropHADES|5%
|
|t:|1636639622
|switch|p2a: Porygon2|Porygon2|100/100
|-ability|p2a: Porygon2|Unseen Fist|[from] ability: Trace|[of] p1a: Sidd
|turn|5
|c|☆gaenisalbino|yeah
|c|☆gaenisalbino|it never killed
|inactive|gaenisalbino has 60 seconds left.
|c|☆gaenisalbino|2 252+ Atk Life Orb Adaptability Crawdaunt Crabhammer vs. 0 HP / 4 Def Urshifu-Rapid-Strike: 292-344 (85.6 - 100.8%) -- 12.5% chance to OHKO
|c|☆gaenisalbino|12.5 perc chance
|c|☆gaenisalbino|check the facts before getting salty
|
|t:|1636639661
|move|p2a: Porygon2|Ice Beam|p1a: Sidd
|-resisted|p1a: Sidd
|-damage|p1a: Sidd|0 fnt
|faint|p1a: Sidd
|
|-fieldend|move: Trick Room
|upkeep
|c|☆F0rdPrefect|calm down
|j| yiyue
|c| 0zorcNecropHADES|i'm not
|c| 0zorcNecropHADES|kid
|c|☆F0rdPrefect|he is not the one battling you
|c|☆gaenisalbino|oh
|c|☆gaenisalbino|my bad
|c|☆gaenisalbino|oof
|inactive|gaenisalbino has 30 seconds left.
|c|☆F0rdPrefect|haha np
|c|☆F0rdPrefect|i did the calc too
|c|☆gaenisalbino|sorry bro
|inactive|gaenisalbino has 20 seconds left.
|
|t:|1636639695
|switch|p1a: SaeraT|Ferrothorn, F|100/100
|turn|6
|inactive|gaenisalbino has 30 seconds left this turn.
|
|t:|1636639705
|move|p1a: SaeraT|Body Press|p2a: Porygon2
|-supereffective|p2a: Porygon2
|-damage|p2a: Porygon2|65/100
|move|p2a: Porygon2|Trick Room|p2a: Porygon2
|-fieldstart|move: Trick Room|[of] p2a: Porygon2
|
|upkeep
|turn|7
|inactive|gaenisalbino has 30 seconds left.
|
|t:|1636639710
|switch|p1a: abhi noob|Landorus-Therian, M|100/100
|-ability|p1a: abhi noob|Intimidate|boost
|-unboost|p2a: Porygon2|atk|1
|move|p2a: Porygon2|Teleport|p2a: Porygon2
|j| superb fit
|
|t:|1636639715
|switch|p2a: Melmetal|Melmetal|100/100|[from]move: Teleport
|
|upkeep
|turn|8
|
|t:|1636639720
|switch|p1a: Keys|Slowbro, F|100/100
|move|p2a: Melmetal|Double Iron Bash|p1a: Keys
|-resisted|p1a: Keys
|-damage|p1a: Keys|81/100
|-resisted|p1a: Keys
|-damage|p1a: Keys|61/100
|-hitcount|p1a: Keys|2
|
|upkeep
|turn|9
|inactive|F0rdPrefect has 120 seconds left.
|
|t:|1636639728
|move|p2a: Melmetal|Double Iron Bash|p1a: Keys
|-resisted|p1a: Keys
|-damage|p1a: Keys|40/100
|-resisted|p1a: Keys
|-damage|p1a: Keys|19/100
|-hitcount|p1a: Keys|2
|cant|p1a: Keys|flinch
|
|upkeep
|turn|10
|
|t:|1636639735
|switch|p1a: SaeraT|Ferrothorn, F|100/100
|move|p2a: Melmetal|Double Iron Bash|p1a: SaeraT
|-resisted|p1a: SaeraT
|-damage|p1a: SaeraT|80/100
|-damage|p2a: Melmetal|88/100|[from] ability: Iron Barbs|[of] p1a: SaeraT
|-resisted|p1a: SaeraT
|-damage|p1a: SaeraT|62/100
|-damage|p2a: Melmetal|76/100|[from] ability: Iron Barbs|[of] p1a: SaeraT
|-hitcount|p1a: SaeraT|2
|
|-heal|p1a: SaeraT|68/100|[from] item: Leftovers
|-fieldend|move: Trick Room
|upkeep
|turn|11
|inactive|gaenisalbino has 60 seconds left.
|j| Nautious1
|inactive|F0rdPrefect has 120 seconds left.
|c|☆F0rdPrefect|and people shouldnt spectate my games as im rly bad and just lucky
|
|t:|1636639771
|switch|p2a: Porygon2|Porygon2|65/100
|-heal|p2a: Porygon2|100/100|[from] move: Healing Wish
|-ability|p2a: Porygon2|Iron Barbs|[from] ability: Trace|[of] p1a: SaeraT
|move|p1a: SaeraT|Leech Seed|p2a: Porygon2
|-start|p2a: Porygon2|move: Leech Seed
|
|-heal|p1a: SaeraT|75/100|[from] item: Leftovers
|-damage|p2a: Porygon2|88/100|[from] Leech Seed|[of] p1a: SaeraT
|-heal|p1a: SaeraT|88/100|[silent]
|upkeep
|turn|12
|inactive|gaenisalbino has 60 seconds left.
|l| yiyue
|c|☆gaenisalbino|you can just turn the no spectators option on lol
|c|☆gaenisalbino|holy shit
|c|☆gaenisalbino|7 specs
|
|t:|1636639808
|move|p1a: SaeraT|Body Press|p2a: Porygon2
|-supereffective|p2a: Porygon2
|-damage|p2a: Porygon2|54/100
|-damage|p1a: SaeraT|75/100|[from] ability: Iron Barbs|[of] p2a: Porygon2
|move|p2a: Porygon2|Trick Room|p2a: Porygon2
|-fieldstart|move: Trick Room|[of] p2a: Porygon2
|
|-heal|p1a: SaeraT|81/100|[from] item: Leftovers
|-damage|p2a: Porygon2|42/100|[from] Leech Seed|[of] p1a: SaeraT
|-heal|p1a: SaeraT|95/100|[silent]
|upkeep
|turn|13
|
|t:|1636639817
|switch|p1a: Anvil|Tyranitar, F|100/100
|-weather|Sandstorm|[from] ability: Sand Stream|[of] p1a: Anvil
|switch|p2a: Marowak|Marowak-Alola, F|100/100
|
|-weather|Sandstorm|[upkeep]
|-damage|p2a: Marowak|94/100|[from] Sandstorm
|upkeep
|turn|14
|
|t:|1636639829
|switch|p2a: Porygon2|Porygon2|42/100
|-ability|p2a: Porygon2|Sand Stream|[from] ability: Trace|[of] p1a: Anvil
|move|p1a: Anvil|Crunch|p2a: Porygon2
|-damage|p2a: Porygon2|22/100
|
|-weather|Sandstorm|[upkeep]
|-damage|p2a: Porygon2|16/100|[from] Sandstorm
|upkeep
|turn|15
|
|t:|1636639834
|move|p2a: Porygon2|Recover|p2a: Porygon2
|-heal|p2a: Porygon2|66/100
|move|p1a: Anvil|Stone Edge|p2a: Porygon2
|-damage|p2a: Porygon2|42/100
|
|-weather|Sandstorm|[upkeep]
|-damage|p2a: Porygon2|36/100|[from] Sandstorm
|upkeep
|turn|16
|
|t:|1636639839
|move|p2a: Porygon2|Recover|p2a: Porygon2
|-heal|p2a: Porygon2|86/100
|move|p1a: Anvil|Stealth Rock|p2a: Porygon2
|-sidestart|p2: F0rdPrefect|move: Stealth Rock
|
|-weather|Sandstorm|[upkeep]
|-damage|p2a: Porygon2|80/100|[from] Sandstorm
|-fieldend|move: Trick Room
|upkeep
|turn|17
|
|t:|1636639843
|move|p1a: Anvil|Stone Edge|p2a: Porygon2|[miss]
|-miss|p1a: Anvil|p2a: Porygon2
|move|p2a: Porygon2|Trick Room|p2a: Porygon2
|-fieldstart|move: Trick Room|[of] p2a: Porygon2
|
|-weather|none
|upkeep
|turn|18
|j| Kevinuss
|
|t:|1636639849
|switch|p1a: Keys|Slowbro, F|52/100
|move|p2a: Porygon2|Teleport|p2a: Porygon2
|
|t:|1636639854
|switch|p2a: Marowak|Marowak-Alola, F|94/100|[from]move: Teleport
|-damage|p2a: Marowak|70/100|[from] Stealth Rock
|
|upkeep
|turn|19
|
|t:|1636639863
|switch|p1a: Anvil|Tyranitar, F|100/100
|-weather|Sandstorm|[from] ability: Sand Stream|[of] p1a: Anvil
|move|p2a: Marowak|Swords Dance|p2a: Marowak
|-boost|p2a: Marowak|atk|2
|
|-weather|Sandstorm|[upkeep]
|-damage|p2a: Marowak|63/100|[from] Sandstorm
|upkeep
|turn|20
|
|t:|1636639866
|switch|p1a: abhi noob|Landorus-Therian, M|100/100
|-ability|p1a: abhi noob|Intimidate|boost
|-unboost|p2a: Marowak|atk|1
|move|p2a: Marowak|Earthquake|p1a: abhi noob
|-immune|p1a: abhi noob
|
|-weather|Sandstorm|[upkeep]
|-damage|p2a: Marowak|57/100|[from] Sandstorm
|upkeep
|turn|21
|j| NPC666
|inactive|gaenisalbino has 90 seconds left.
|
|t:|1636639891
|switch|p1a: Anvil|Tyranitar, F|100/100
|move|p2a: Marowak|Flare Blitz|p1a: Anvil
|-resisted|p1a: Anvil
|-damage|p1a: Anvil|42/100
|
|-weather|Sandstorm|[upkeep]
|-damage|p2a: Marowak|51/100|[from] Sandstorm
|-heal|p1a: Anvil|48/100|[from] item: Leftovers
|-fieldend|move: Trick Room
|upkeep
|turn|22
|
|t:|1636639901
|switch|p2a: Porygon2|Porygon2|80/100
|-damage|p2a: Porygon2|68/100|[from] Stealth Rock
|-ability|p2a: Porygon2|Sand Stream|[from] ability: Trace|[of] p1a: Anvil
|move|p1a: Anvil|Crunch|p2a: Porygon2
|-damage|p2a: Porygon2|48/100
|
|-weather|Sandstorm|[upkeep]
|-damage|p2a: Porygon2|42/100|[from] Sandstorm
|-heal|p1a: Anvil|54/100|[from] item: Leftovers
|upkeep
|turn|23
|
|t:|1636639906
|move|p1a: Anvil|Stone Edge|p2a: Porygon2
|-crit|p2a: Porygon2
|-damage|p2a: Porygon2|3/100
|move|p2a: Porygon2|Recover|p2a: Porygon2
|-heal|p2a: Porygon2|53/100
|
|-weather|none
|-heal|p1a: Anvil|61/100|[from] item: Leftovers
|upkeep
|turn|24
|j| PhoHoa
|
|t:|1636639915
|switch|p1a: Keys|Slowbro, F|86/100
|move|p2a: Porygon2|Trick Room|p2a: Porygon2
|-fieldstart|move: Trick Room|[of] p2a: Porygon2
|
|upkeep
|turn|25
|
|t:|1636639922
|move|p2a: Porygon2|Recover|p2a: Porygon2
|-heal|p2a: Porygon2|100/100
|move|p1a: Keys|Teleport|p1a: Keys
|j| Meanie Poo
|l| Kyliananas
|
|t:|1636639934
|switch|p1a: Anvil|Tyranitar, F|61/100|[from]move: Teleport
|-weather|Sandstorm|[from] ability: Sand Stream|[of] p1a: Anvil
|
|-weather|Sandstorm|[upkeep]
|-damage|p2a: Porygon2|94/100|[from] Sandstorm
|-heal|p1a: Anvil|67/100|[from] item: Leftovers
|upkeep
|turn|26
|
|t:|1636639942
|move|p1a: Anvil|Stone Edge|p2a: Porygon2
|-damage|p2a: Porygon2|72/100
|move|p2a: Porygon2|Teleport|p2a: Porygon2
|
|t:|1636639944
|switch|p2a: Melmetal|Melmetal|76/100|[from]move: Teleport
|-damage|p2a: Melmetal|69/100|[from] Stealth Rock
|
|-weather|Sandstorm|[upkeep]
|-heal|p1a: Anvil|73/100|[from] item: Leftovers
|upkeep
|turn|27
|inactive|gaenisalbino has 120 seconds left.
|
|t:|1636639953
|switch|p1a: Keys|Slowbro, F|100/100
|move|p2a: Melmetal|Thunder Punch|p1a: Keys
|-supereffective|p1a: Keys
|-damage|p1a: Keys|38/100
|
|-weather|Sandstorm|[upkeep]
|-damage|p1a: Keys|31/100|[from] Sandstorm
|upkeep
|turn|28
|inactive|gaenisalbino has 120 seconds left.
|
|t:|1636639966
|switch|p2a: Porygon2|Porygon2|72/100
|-damage|p2a: Porygon2|60/100|[from] Stealth Rock
|-ability|p2a: Porygon2|Regenerator|[from] ability: Trace|[of] p1a: Keys
|switch|p1a: Amir|Kyurem|100/100
|-ability|p1a: Amir|Pressure
|
|-weather|Sandstorm|[upkeep]
|-damage|p2a: Porygon2|53/100|[from] Sandstorm
|-damage|p1a: Amir|94/100|[from] Sandstorm
|-fieldend|move: Trick Room
|upkeep
|turn|29
|
|t:|1636639975
|move|p1a: Amir|Focus Blast|p2a: Porygon2
|-supereffective|p2a: Porygon2
|-damage|p2a: Porygon2|4/100
|move|p2a: Porygon2|Trick Room|p2a: Porygon2
|-fieldstart|move: Trick Room|[of] p2a: Porygon2
|
|-weather|none
|upkeep
|turn|30
|inactive|gaenisalbino has 120 seconds left.
|
|t:|1636640002
|move|p2a: Porygon2|Recover|p2a: Porygon2
|-heal|p2a: Porygon2|54/100
|move|p1a: Amir|Focus Blast|p2a: Porygon2
|-supereffective|p2a: Porygon2
|-damage|p2a: Porygon2|1/100
|
|upkeep
|turn|31
|
|t:|1636640007
|switch|p2a: Marowak|Marowak-Alola, F|51/100
|-damage|p2a: Marowak|26/100|[from] Stealth Rock
|move|p1a: Amir|Focus Blast|p2a: Marowak
|-immune|p2a: Marowak
|
|upkeep
|turn|32
|inactive|gaenisalbino has 120 seconds left.
|l| Meanie Poo
|
|t:|1636640045
|move|p2a: Marowak|Poltergeist|p1a: Amir
|-activate|p1a: Amir|move: Poltergeist|Never-Melt Ice
|-damage|p1a: Amir|7/100
|move|p1a: Amir|Earth Power|p2a: Marowak
|-supereffective|p2a: Marowak
|-damage|p2a: Marowak|0 fnt
|faint|p2a: Marowak
|
|upkeep
|
|t:|1636640056
|switch|p2a: Porygon2|Porygon2|34/100
|-damage|p2a: Porygon2|22/100|[from] Stealth Rock
|-ability|p2a: Porygon2|Pressure|[from] ability: Trace|[of] p1a: Amir
|-ability|p2a: Porygon2|Pressure
|turn|33
|
|t:|1636640063
|switch|p1a: Anvil|Tyranitar, F|73/100
|-weather|Sandstorm|[from] ability: Sand Stream|[of] p1a: Anvil
|move|p2a: Porygon2|Ice Beam|p1a: Anvil
|-damage|p1a: Anvil|64/100
|
|-weather|Sandstorm|[upkeep]
|-damage|p2a: Porygon2|16/100|[from] Sandstorm
|-heal|p1a: Anvil|70/100|[from] item: Leftovers
|-fieldend|move: Trick Room
|upkeep
|turn|34
|
|t:|1636640070
|move|p1a: Anvil|Crunch|p2a: Porygon2
|-damage|p2a: Porygon2|0 fnt
|faint|p2a: Porygon2
|
|-weather|Sandstorm|[upkeep]
|-heal|p1a: Anvil|76/100|[from] item: Leftovers
|upkeep
|
|t:|1636640072
|switch|p2a: Melmetal|Melmetal|69/100
|-damage|p2a: Melmetal|63/100|[from] Stealth Rock
|turn|35
|inactive|gaenisalbino has 120 seconds left.
|
|t:|1636640092
|switch|p1a: SaeraT|Ferrothorn, F|95/100
|move|p2a: Melmetal|Superpower|p1a: SaeraT
|-supereffective|p1a: SaeraT
|-damage|p1a: SaeraT|12/100
|-unboost|p2a: Melmetal|atk|1
|-unboost|p2a: Melmetal|def|1
|-damage|p2a: Melmetal|51/100|[from] ability: Iron Barbs|[of] p1a: SaeraT
|
|-weather|Sandstorm|[upkeep]
|-heal|p1a: SaeraT|18/100|[from] item: Leftovers
|upkeep
|turn|36
|
|t:|1636640098
|move|p1a: SaeraT|Leech Seed|p2a: Melmetal
|-start|p2a: Melmetal|move: Leech Seed
|move|p2a: Melmetal|Superpower|p1a: SaeraT
|-supereffective|p1a: SaeraT
|-damage|p1a: SaeraT|0 fnt
|-unboost|p2a: Melmetal|atk|1
|-unboost|p2a: Melmetal|def|1
|-damage|p2a: Melmetal|38/100|[from] ability: Iron Barbs|[of] p1a: SaeraT
|faint|p1a: SaeraT
|
|-weather|Sandstorm|[upkeep]
|upkeep
|
|t:|1636640101
|switch|p1a: abhi noob|Landorus-Therian, M|100/100
|-ability|p1a: abhi noob|Intimidate|boost
|-unboost|p2a: Melmetal|atk|1
|turn|37
|c|☆gaenisalbino|gg
|
|t:|1636640105
|switch|p2a: Cresselia|Cresselia, F|100/100
|-damage|p2a: Cresselia|88/100|[from] Stealth Rock
|move|p1a: abhi noob|Earthquake|p2a: Cresselia
|-immune|p2a: Cresselia|[from] ability: Levitate
|
|-weather|none
|upkeep
|turn|38
|c|☆F0rdPrefect|gg
|
|t:|1636640111
|move|p1a: abhi noob|Toxic|p2a: Cresselia
|-status|p2a: Cresselia|tox
|move|p2a: Cresselia|Trick Room|p2a: Cresselia
|-fieldstart|move: Trick Room|[of] p2a: Cresselia
|
|-damage|p2a: Cresselia|82/100 tox|[from] psn
|upkeep
|turn|39
|j| bear kigurumi
|inactive|gaenisalbino has 120 seconds left.
|c|☆gaenisalbino|i could lose LOLLL
|
|t:|1636640148
|switch|p1a: Keys|Slowbro, F|65/100
|move|p2a: Cresselia|Ice Beam|p1a: Keys
|-resisted|p1a: Keys
|-damage|p1a: Keys|56/100
|
|-damage|p2a: Cresselia|70/100 tox|[from] psn
|upkeep
|turn|40
|
|t:|1636640152
|switch|p2a: Melmetal|Melmetal|38/100
|-damage|p2a: Melmetal|32/100|[from] Stealth Rock
|move|p1a: Keys|Teleport|p1a: Keys
|
|t:|1636640157
|switch|p1a: abhi noob|Landorus-Therian, M|100/100|[from]move: Teleport
|-ability|p1a: abhi noob|Intimidate|boost
|-unboost|p2a: Melmetal|atk|1
|
|upkeep
|turn|41
|inactive|gaenisalbino has 120 seconds left.
|l| 0zorcNecropHADES
|inactive|gaenisalbino has 90 seconds left.
|
|t:|1636640208
|switch|p1a: Keys|Slowbro, F|90/100
|move|p2a: Melmetal|Double Iron Bash|p1a: Keys
|-resisted|p1a: Keys
|-damage|p1a: Keys|77/100
|-resisted|p1a: Keys
|-damage|p1a: Keys|64/100
|-hitcount|p1a: Keys|2
|
|upkeep
|turn|42
|inactive|gaenisalbino has 90 seconds left.
|
|t:|1636640217
|switch|p2a: Cresselia|Cresselia, F|70/100 tox
|-damage|p2a: Cresselia|57/100 tox|[from] Stealth Rock
|move|p1a: Keys|Teleport|p1a: Keys
|inactive|gaenisalbino has 90 seconds left.
|
|t:|1636640224
|switch|p1a: Anvil|Tyranitar, F|76/100|[from]move: Teleport
|-weather|Sandstorm|[from] ability: Sand Stream|[of] p1a: Anvil
|
|-weather|Sandstorm|[upkeep]
|-damage|p2a: Cresselia|51/100 tox|[from] Sandstorm
|-heal|p1a: Anvil|82/100|[from] item: Leftovers
|-damage|p2a: Cresselia|45/100 tox|[from] psn
|-fieldend|move: Trick Room
|upkeep
|turn|43
|
|t:|1636640228
|move|p1a: Anvil|Crunch|p2a: Cresselia
|-supereffective|p2a: Cresselia
|-damage|p2a: Cresselia|11/100 tox
|-unboost|p2a: Cresselia|def|1
|move|p2a: Cresselia|Trick Room|p2a: Cresselia
|-fieldstart|move: Trick Room|[of] p2a: Cresselia
|
|-weather|Sandstorm|[upkeep]
|-damage|p2a: Cresselia|5/100 tox|[from] Sandstorm
|-heal|p1a: Anvil|89/100|[from] item: Leftovers
|-damage|p2a: Cresselia|0 fnt|[from] psn
|faint|p2a: Cresselia
|upkeep
|
|t:|1636640230
|switch|p2a: Melmetal|Melmetal|32/100
|-damage|p2a: Melmetal|26/100|[from] Stealth Rock
|turn|44
|j| MLZG
|
|t:|1636640242
|switch|p1a: Keys|Slowbro, F|97/100
|move|p2a: Melmetal|Double Iron Bash|p1a: Keys
|-resisted|p1a: Keys
|-damage|p1a: Keys|77/100
|-resisted|p1a: Keys
|-damage|p1a: Keys|58/100
|-hitcount|p1a: Keys|2
|
|-weather|Sandstorm|[upkeep]
|-damage|p1a: Keys|52/100|[from] Sandstorm
|upkeep
|turn|45
|
|t:|1636640246
|move|p2a: Melmetal|Double Iron Bash|p1a: Keys
|-resisted|p1a: Keys
|-damage|p1a: Keys|31/100
|-resisted|p1a: Keys
|-crit|p1a: Keys
|-damage|p1a: Keys|1/100
|-hitcount|p1a: Keys|2
|cant|p1a: Keys|flinch
|
|-weather|Sandstorm|[upkeep]
|-damage|p1a: Keys|0 fnt|[from] Sandstorm
|faint|p1a: Keys
|upkeep
|inactive|gaenisalbino has 120 seconds left.
|
|t:|1636640256
|switch|p1a: Anvil|Tyranitar, F|89/100
|turn|46
|
|t:|1636640260
|move|p2a: Melmetal|Double Iron Bash|p1a: Anvil
|-supereffective|p1a: Anvil
|-damage|p1a: Anvil|0 fnt
|faint|p1a: Anvil
|-hitcount|p1: Anvil|1
|
|-weather|none
|upkeep
|
|t:|1636640264
|switch|p1a: abhi noob|Landorus-Therian, M|100/100
|-ability|p1a: abhi noob|Intimidate|boost
|-unboost|p2a: Melmetal|atk|1
|turn|47
|
|t:|1636640267
|move|p2a: Melmetal|Double Iron Bash|p1a: abhi noob
|-damage|p1a: abhi noob|57/100
|-damage|p1a: abhi noob|14/100
|-hitcount|p1a: abhi noob|2
|cant|p1a: abhi noob|flinch
|
|-heal|p1a: abhi noob|20/100|[from] item: Leftovers
|-fieldend|move: Trick Room
|upkeep
|turn|48
|
|t:|1636640270
|move|p1a: abhi noob|Earthquake|p2a: Melmetal
|-supereffective|p2a: Melmetal
|-damage|p2a: Melmetal|0 fnt
|faint|p2a: Melmetal
|
|win|gaenisalbino
|raw|gaenisalbino's rating: 1832 &rarr; <strong>1847</strong><br />(+15 for winning)
|raw|F0rdPrefect's rating: 1749 &rarr; <strong>1734</strong><br />(-15 for losing)
|c|☆F0rdPrefect|gg
|c|☆gaenisalbino|gg
|c|☆gaenisalbino|wp
|c|☆gaenisalbino|close game
