|html|<div class="broadcast-blue"><strong>[Gen 8] OU is currently suspecting Melmetal! For information on how to participate check out the <a href="https://www.smogon.com/forums/threads/np-ss-ou-suspect-process-round-12-monster-mash.3709234/">suspect thread</a>.</strong></div>
|j|☆Knrstu
|j|☆Mamaw31180
|t:|1666741439
|gametype|singles
|player|p1|Knrstu|266|1667
|player|p2|Mamaw31180|lucas|1807
|teamsize|p1|6
|teamsize|p2|6
|gen|8
|tier|[Gen 8] OU
|rated|
|rule|Sleep Clause Mod: Limit one foe put to sleep
|rule|Species Clause: Limit one of each Pokémon
|rule|OHKO Clause: OHKO moves are banned
|rule|Evasion Items Clause: Evasion items are banned
|rule|Evasion Moves Clause: Evasion moves are banned
|rule|Endless Battle Clause: Forcing endless battles is banned
|rule|HP Percentage Mod: HP is shown in percentages
|rule|Dynamax Clause: You cannot dynamax
|clearpoke
|poke|p1|Tapu Bulu|
|poke|p1|Zapdos-Galar|
|poke|p1|Blissey, F|
|poke|p1|Garchomp, F|
|poke|p1|Heatran, M|
|poke|p1|Tornadus-Therian, M|
|poke|p2|Kartana|
|poke|p2|Blacephalon|
|poke|p2|Landorus-Therian, M|
|poke|p2|Slowbro, F|
|poke|p2|Zapdos|
|poke|p2|Tyranitar, F|
|teampreview
|inactive|Battle timer is ON: inactive players will automatically lose when time's up. (requested by Mamaw31180)
|
|t:|1666741449
|start
|switch|p1a: Garchomp|Garchomp, F|100/100
|switch|p2a: Slowbro|Slowbro, F|100/100
|turn|1
|
|t:|1666741454
|switch|p1a: Blissey|Blissey, F|100/100
|move|p2a: Slowbro|Ice Beam|p1a: Blissey
|-damage|p1a: Blissey|93/100
|
|upkeep
|turn|2
|
|t:|1666741459
|move|p1a: Blissey|Toxic|p2a: Slowbro
|-status|p2a: Slowbro|tox
|move|p2a: Slowbro|Body Press|p1a: Blissey
|-supereffective|p1a: Blissey
|-damage|p1a: Blissey|44/100
|
|-damage|p2a: Slowbro|94/100 tox|[from] psn
|upkeep
|turn|3
|
|t:|1666741464
|move|p1a: Blissey|Soft-Boiled|p1a: Blissey
|-heal|p1a: Blissey|94/100
|move|p2a: Slowbro|Teleport|p2a: Slowbro
|
|t:|1666741468
|switch|p2a: Tyranitar|Tyranitar, F|100/100|[from]move: Teleport
|-weather|Sandstorm|[from] ability: Sand Stream|[of] p2a: Tyranitar
|
|-weather|Sandstorm|[upkeep]
|-damage|p1a: Blissey|88/100|[from] Sandstorm
|upkeep
|turn|4
|
|t:|1666741473
|switch|p1a: Garchomp|Garchomp, F|100/100
|move|p2a: Tyranitar|Crunch|p1a: Garchomp
|-damage|p1a: Garchomp|54/100
|-damage|p2a: Tyranitar|88/100|[from] ability: Rough Skin|[of] p1a: Garchomp
|-damage|p2a: Tyranitar|72/100|[from] item: Rocky Helmet|[of] p1a: Garchomp
|
|-weather|Sandstorm|[upkeep]
|upkeep
|turn|5
|
|t:|1666741481
|switch|p2a: Slowbro|Slowbro, F|100/100 tox
|move|p1a: Garchomp|Stealth Rock|p2a: Slowbro
|-sidestart|p2: Mamaw31180|move: Stealth Rock
|
|-weather|Sandstorm|[upkeep]
|-damage|p2a: Slowbro|94/100 tox|[from] Sandstorm
|-damage|p2a: Slowbro|88/100 tox|[from] psn
|upkeep
|turn|6
|
|t:|1666741490
|switch|p1a: Heatran|Heatran, M|100/100
|move|p2a: Slowbro|Teleport|p2a: Slowbro
|
|t:|1666741493
|switch|p2a: Landorus|Landorus-Therian, M|100/100|[from]move: Teleport
|-damage|p2a: Landorus|88/100|[from] Stealth Rock
|-ability|p2a: Landorus|Intimidate|boost
|-unboost|p1a: Heatran|atk|1
|
|-weather|Sandstorm|[upkeep]
|-heal|p2a: Landorus|94/100|[from] item: Leftovers
|upkeep
|turn|7
|
|t:|1666741501
|move|p1a: Heatran|Toxic|p2a: Landorus
|-status|p2a: Landorus|tox
|move|p2a: Landorus|Earthquake|p1a: Heatran
|-supereffective|p1a: Heatran
|-damage|p1a: Heatran|0 fnt
|faint|p1a: Heatran
|
|-weather|none
|-heal|p2a: Landorus|99/100 tox|[from] item: Leftovers
|-damage|p2a: Landorus|94/100 tox|[from] psn
|upkeep
|
|t:|1666741512
|switch|p1a: Zapdos|Zapdos-Galar|100/100
|turn|8
|
|t:|1666741516
|switch|p2a: Zapdos|Zapdos|100/100
|move|p1a: Zapdos|Brave Bird|p2a: Zapdos
|-resisted|p2a: Zapdos
|-damage|p2a: Zapdos|64/100
|-damage|p1a: Zapdos|86/100|[from] Recoil
|
|upkeep
|turn|9
|
|t:|1666741524
|switch|p1a: Blissey|Blissey, F|88/100
|move|p2a: Zapdos|Roost|p2a: Zapdos
|-heal|p2a: Zapdos|100/100
|-singleturn|p2a: Zapdos|move: Roost
|
|upkeep
|turn|10
|
|t:|1666741532
|move|p2a: Zapdos|Volt Switch|p1a: Blissey
|-damage|p1a: Blissey|76/100
|
|t:|1666741535
|switch|p2a: Slowbro|Slowbro, F|100/100 tox|[from]move: Volt Switch
|-damage|p2a: Slowbro|88/100 tox|[from] Stealth Rock
|move|p1a: Blissey|Teleport|p1a: Blissey
|
|t:|1666741540
|switch|p1a: Tapu Bulu|Tapu Bulu|100/100|[from]move: Teleport
|-fieldstart|move: Grassy Terrain|[from] ability: Grassy Surge|[of] p1a: Tapu Bulu
|
|-heal|p2a: Slowbro|94/100 tox|[from] Grassy Terrain
|-damage|p2a: Slowbro|88/100 tox|[from] psn
|upkeep
|turn|11
|
|t:|1666741547
|switch|p2a: Zapdos|Zapdos|100/100
|move|p1a: Tapu Bulu|Swords Dance|p1a: Tapu Bulu
|-boost|p1a: Tapu Bulu|atk|2
|
|upkeep
|turn|12
|
|t:|1666741554
|switch|p2a: Landorus|Landorus-Therian, M|94/100 tox
|-damage|p2a: Landorus|82/100 tox|[from] Stealth Rock
|-ability|p2a: Landorus|Intimidate|boost
|-unboost|p1a: Tapu Bulu|atk|1
|move|p1a: Tapu Bulu|Stone Edge|p2a: Landorus
|-damage|p2a: Landorus|29/100 tox
|
|-heal|p2a: Landorus|35/100 tox|[from] item: Leftovers
|-damage|p2a: Landorus|29/100 tox|[from] psn
|upkeep
|turn|13
|
|t:|1666741563
|move|p1a: Tapu Bulu|Horn Leech|p2a: Landorus
|-damage|p2a: Landorus|0 fnt
|faint|p2a: Landorus
|
|upkeep
|inactive|Mamaw31180 has 120 seconds left.
|
|t:|1666741599
|switch|p2a: Blacephalon|Blacephalon|100/100
|-damage|p2a: Blacephalon|76/100|[from] Stealth Rock
|turn|14
|
|t:|1666741608
|switch|p1a: Blissey|Blissey, F|76/100
|move|p2a: Blacephalon|Overheat|p1a: Blissey
|-damage|p1a: Blissey|37/100
|-unboost|p2a: Blacephalon|spa|2
|
|-heal|p2a: Blacephalon|82/100|[from] Grassy Terrain
|-heal|p1a: Blissey|43/100|[from] Grassy Terrain
|-fieldend|move: Grassy Terrain
|upkeep
|turn|15
|
|t:|1666741616
|switch|p2a: Tyranitar|Tyranitar, F|72/100
|-damage|p2a: Tyranitar|59/100|[from] Stealth Rock
|-weather|Sandstorm|[from] ability: Sand Stream|[of] p2a: Tyranitar
|move|p1a: Blissey|Soft-Boiled|p1a: Blissey
|-heal|p1a: Blissey|93/100
|
|-weather|Sandstorm|[upkeep]
|-damage|p1a: Blissey|87/100|[from] Sandstorm
|upkeep
|turn|16
|
|t:|1666741630
|switch|p1a: Garchomp|Garchomp, F|54/100
|move|p2a: Tyranitar|Stone Edge|p1a: Garchomp|[miss]
|-miss|p2a: Tyranitar|p1a: Garchomp
|
|-weather|Sandstorm|[upkeep]
|upkeep
|turn|17
|
|t:|1666741638
|switch|p2a: Slowbro|Slowbro, F|100/100 tox
|-damage|p2a: Slowbro|88/100 tox|[from] Stealth Rock
|move|p1a: Garchomp|Earthquake|p2a: Slowbro
|-crit|p2a: Slowbro
|-damage|p2a: Slowbro|47/100 tox
|
|-weather|Sandstorm|[upkeep]
|-damage|p2a: Slowbro|40/100 tox|[from] Sandstorm
|-damage|p2a: Slowbro|34/100 tox|[from] psn
|upkeep
|turn|18
|
|t:|1666741650
|switch|p1a: Blissey|Blissey, F|87/100
|move|p2a: Slowbro|Teleport|p2a: Slowbro
|
|t:|1666741653
|switch|p2a: Tyranitar|Tyranitar, F|59/100|[from]move: Teleport
|-damage|p2a: Tyranitar|47/100|[from] Stealth Rock
|
|-weather|Sandstorm|[upkeep]
|-damage|p1a: Blissey|81/100|[from] Sandstorm
|upkeep
|turn|19
|
|t:|1666741660
|switch|p1a: Garchomp|Garchomp, F|54/100
|move|p2a: Tyranitar|Crunch|p1a: Garchomp
|-damage|p1a: Garchomp|13/100
|-damage|p2a: Tyranitar|35/100|[from] ability: Rough Skin|[of] p1a: Garchomp
|-damage|p2a: Tyranitar|18/100|[from] item: Rocky Helmet|[of] p1a: Garchomp
|
|-weather|none
|upkeep
|turn|20
|
|t:|1666741668
|switch|p2a: Slowbro|Slowbro, F|68/100 tox
|-damage|p2a: Slowbro|55/100 tox|[from] Stealth Rock
|move|p1a: Garchomp|Earthquake|p2a: Slowbro
|-damage|p2a: Slowbro|31/100 tox
|
|-damage|p2a: Slowbro|25/100 tox|[from] psn
|upkeep
|turn|21
|
|t:|1666741677
|switch|p1a: Blissey|Blissey, F|81/100
|move|p2a: Slowbro|Teleport|p2a: Slowbro
|
|t:|1666741684
|switch|p2a: Kartana|Kartana|100/100|[from]move: Teleport
|-damage|p2a: Kartana|94/100|[from] Stealth Rock
|
|upkeep
|turn|22
|
|t:|1666741689
|switch|p1a: Tornadus|Tornadus-Therian, M|100/100
|move|p2a: Kartana|Smart Strike|p1a: Tornadus
|-damage|p1a: Tornadus|45/100
|
|upkeep
|turn|23
|
|t:|1666741714
|move|p2a: Kartana|Smart Strike|p1a: Tornadus
|-damage|p1a: Tornadus|0 fnt
|faint|p1a: Tornadus
|-ability|p2a: Kartana|Beast Boost|boost
|-boost|p2a: Kartana|atk|1
|
|upkeep
|
|t:|1666741721
|switch|p1a: Zapdos|Zapdos-Galar|86/100
|turn|24
|
|t:|1666741744
|switch|p2a: Zapdos|Zapdos|100/100
|move|p1a: Zapdos|Close Combat|p2a: Zapdos
|-resisted|p2a: Zapdos
|-damage|p2a: Zapdos|61/100
|-unboost|p1a: Zapdos|def|1
|-unboost|p1a: Zapdos|spd|1
|
|upkeep
|turn|25
|
|t:|1666741754
|switch|p1a: Blissey|Blissey, F|81/100
|move|p2a: Zapdos|Volt Switch|p1a: Blissey
|-damage|p1a: Blissey|70/100
|
|t:|1666741763
|switch|p2a: Tyranitar|Tyranitar, F|18/100|[from]move: Volt Switch
|-damage|p2a: Tyranitar|6/100|[from] Stealth Rock
|-weather|Sandstorm|[from] ability: Sand Stream|[of] p2a: Tyranitar
|
|-weather|Sandstorm|[upkeep]
|-damage|p1a: Blissey|64/100|[from] Sandstorm
|upkeep
|turn|26
|
|t:|1666741770
|switch|p1a: Garchomp|Garchomp, F|13/100
|move|p2a: Tyranitar|Stone Edge|p1a: Garchomp|[miss]
|-miss|p2a: Tyranitar|p1a: Garchomp
|
|-weather|Sandstorm|[upkeep]
|upkeep
|turn|27
|
|t:|1666741785
|move|p1a: Garchomp|Earthquake|p2a: Tyranitar
|-supereffective|p2a: Tyranitar
|-damage|p2a: Tyranitar|0 fnt
|faint|p2a: Tyranitar
|
|-weather|Sandstorm|[upkeep]
|upkeep
|
|t:|1666741793
|switch|p2a: Kartana|Kartana|94/100
|-damage|p2a: Kartana|88/100|[from] Stealth Rock
|turn|28
|
|t:|1666741804
|move|p2a: Kartana|Smart Strike|p1a: Garchomp
|-damage|p1a: Garchomp|0 fnt
|-damage|p2a: Kartana|76/100|[from] ability: Rough Skin|[of] p1a: Garchomp
|-damage|p2a: Kartana|59/100|[from] item: Rocky Helmet|[of] p1a: Garchomp
|faint|p1a: Garchomp
|-ability|p2a: Kartana|Beast Boost|boost
|-boost|p2a: Kartana|atk|1
|
|-weather|Sandstorm|[upkeep]
|upkeep
|
|t:|1666741815
|switch|p1a: Zapdos|Zapdos-Galar|86/100
|turn|29
|
|t:|1666741819
|switch|p2a: Slowbro|Slowbro, F|59/100 tox
|-damage|p2a: Slowbro|46/100 tox|[from] Stealth Rock
|move|p1a: Zapdos|Close Combat|p2a: Slowbro
|-resisted|p2a: Slowbro
|-damage|p2a: Slowbro|17/100 tox
|-unboost|p1a: Zapdos|def|1
|-unboost|p1a: Zapdos|spd|1
|
|-weather|none
|-damage|p2a: Slowbro|11/100 tox|[from] psn
|upkeep
|turn|30
|
|t:|1666741834
|switch|p1a: Blissey|Blissey, F|64/100
|move|p2a: Slowbro|Teleport|p2a: Slowbro
|
|t:|1666741839
|switch|p2a: Kartana|Kartana|59/100|[from]move: Teleport
|-damage|p2a: Kartana|53/100|[from] Stealth Rock
|
|upkeep
|turn|31
|
|t:|1666741847
|switch|p1a: Tapu Bulu|Tapu Bulu|100/100
|-fieldstart|move: Grassy Terrain|[from] ability: Grassy Surge|[of] p1a: Tapu Bulu
|move|p2a: Kartana|Sacred Sword|p1a: Tapu Bulu
|-resisted|p1a: Tapu Bulu
|-damage|p1a: Tapu Bulu|77/100
|
|-heal|p2a: Kartana|59/100|[from] Grassy Terrain
|-heal|p1a: Tapu Bulu|83/100|[from] Grassy Terrain
|upkeep
|turn|32
|
|t:|1666741859
|switch|p2a: Slowbro|Slowbro, F|44/100 tox
|-damage|p2a: Slowbro|32/100 tox|[from] Stealth Rock
|move|p1a: Tapu Bulu|Stone Edge|p2a: Slowbro
|-damage|p2a: Slowbro|9/100 tox
|
|-heal|p1a: Tapu Bulu|90/100|[from] Grassy Terrain
|-heal|p2a: Slowbro|16/100 tox|[from] Grassy Terrain
|-damage|p2a: Slowbro|9/100 tox|[from] psn
|upkeep
|turn|33
|
|t:|1666741879
|move|p1a: Tapu Bulu|Horn Leech|p2a: Slowbro
|-supereffective|p2a: Slowbro
|-damage|p2a: Slowbro|0 fnt
|-heal|p1a: Tapu Bulu|96/100|[from] drain|[of] p2a: Slowbro
|faint|p2a: Slowbro
|
|-heal|p1a: Tapu Bulu|100/100|[from] Grassy Terrain
|upkeep
|inactive|Mamaw31180 has 120 seconds left.
|
|t:|1666741928
|switch|p2a: Zapdos|Zapdos|61/100
|turn|34
|
|t:|1666741944
|move|p2a: Zapdos|Heat Wave|p1a: Tapu Bulu
|-supereffective|p1a: Tapu Bulu
|-damage|p1a: Tapu Bulu|38/100
|move|p1a: Tapu Bulu|Stone Edge|p2a: Zapdos
|-supereffective|p2a: Zapdos
|-damage|p2a: Zapdos|4/100
|
|-heal|p1a: Tapu Bulu|44/100|[from] Grassy Terrain
|upkeep
|turn|35
|
|t:|1666741957
|switch|p1a: Blissey|Blissey, F|64/100
|move|p2a: Zapdos|Volt Switch|p1a: Blissey
|-damage|p1a: Blissey|54/100
|
|t:|1666741961
|switch|p2a: Kartana|Kartana|59/100|[from]move: Volt Switch
|-damage|p2a: Kartana|53/100|[from] Stealth Rock
|
|-heal|p2a: Kartana|59/100|[from] Grassy Terrain
|-heal|p1a: Blissey|60/100|[from] Grassy Terrain
|-fieldend|move: Grassy Terrain
|upkeep
|turn|36
|
|t:|1666741969
|move|p2a: Kartana|Smart Strike|p1a: Blissey
|-crit|p1a: Blissey
|-damage|p1a: Blissey|0 fnt
|faint|p1a: Blissey
|-ability|p2a: Kartana|Beast Boost|boost
|-boost|p2a: Kartana|atk|1
|
|upkeep
|
|t:|1666741976
|switch|p1a: Zapdos|Zapdos-Galar|86/100
|turn|37
|
|t:|1666741982
|switch|p2a: Zapdos|Zapdos|4/100
|move|p1a: Zapdos|Close Combat|p2a: Zapdos
|-resisted|p2a: Zapdos
|-damage|p2a: Zapdos|0 fnt
|-unboost|p1a: Zapdos|def|1
|-unboost|p1a: Zapdos|spd|1
|faint|p2a: Zapdos
|
|upkeep
|
|t:|1666741984
|switch|p2a: Blacephalon|Blacephalon|82/100
|-damage|p2a: Blacephalon|57/100|[from] Stealth Rock
|turn|38
|
|t:|1666741986
|switch|p1a: Tapu Bulu|Tapu Bulu|44/100
|-fieldstart|move: Grassy Terrain|[from] ability: Grassy Surge|[of] p1a: Tapu Bulu
|move|p2a: Blacephalon|Flamethrower|p1a: Tapu Bulu
|-supereffective|p1a: Tapu Bulu
|-damage|p1a: Tapu Bulu|0 fnt
|faint|p1a: Tapu Bulu
|-ability|p2a: Blacephalon|Beast Boost|boost
|-boost|p2a: Blacephalon|spa|1
|
|-heal|p2a: Blacephalon|63/100|[from] Grassy Terrain
|upkeep
|
|t:|1666741990
|switch|p1a: Zapdos|Zapdos-Galar|86/100
|turn|39
|
|t:|1666741993
|move|p2a: Blacephalon|Flamethrower|p1a: Zapdos
|-damage|p1a: Zapdos|0 fnt
|faint|p1a: Zapdos
|
|win|Mamaw31180
|raw|Knrstu's rating: 1667 &rarr; <strong>1655</strong><br />(-12 for losing)
|raw|Mamaw31180's rating: 1807 &rarr; <strong>1819</strong><br />(+12 for winning)
|l|☆Knrstu
||Ladder isn't responding, score probably updated but might not have (Request timeout).
