|j|☆Gllt Pow!
|j|☆LolzMachine
|t:|1610637942
|player|p1|Gllt Pow!|boarder|1714
|player|p2|LolzMachine|294|1790
|teamsize|p1|6
|teamsize|p2|6
|gametype|singles
|gen|8
|tier|[Gen 8] OU
|rated|
|clearpoke
|poke|p1|Aegislash, F|
|poke|p1|Latios, M|
|poke|p1|Garchomp, M|
|poke|p1|Ferrothorn, M|
|poke|p1|Landorus-Therian, M|
|poke|p1|Zapdos-Galar|
|poke|p2|Aggron, M|
|poke|p2|Araquanid, F|
|poke|p2|Garchomp, M|
|poke|p2|Zapdos-Galar|
|poke|p2|Obstagoon, F|
|poke|p2|Regieleki|
|rule|Sleep Clause Mod: Limit one foe put to sleep
|rule|Species Clause: Limit one of each Pokémon
|rule|OHKO Clause: OHKO moves are banned
|rule|Evasion Moves Clause: Evasion moves are banned
|rule|Endless Battle Clause: Forcing endless battles is banned
|rule|HP Percentage Mod: HP is shown in percentages
|rule|Dynamax Clause: You cannot dynamax
|teampreview
|j| Durang0
|inactive|Battle timer is ON: inactive players will automatically lose when time's up. (requested by Gllt Pow!)
|j| El Impe
|inactive|Gllt Pow! has 120 seconds left.
|
|t:|1610637988
|start
|switch|p1a: Ferrothorn|Ferrothorn, M|100/100
|switch|p2a: Araquanid|Araquanid, F|100/100
|turn|1
|
|t:|1610637993
|move|p2a: Araquanid|Magic Coat|p2a: Araquanid
|-singleturn|p2a: Araquanid|move: Magic Coat
|move|p1a: Ferrothorn|Spikes|p2a: Araquanid
|move|p2a: Araquanid|Spikes|p1a: Ferrothorn|[from]Magic Coat
|-sidestart|p1: Gllt Pow!|Spikes
|
|upkeep
|turn|2
|
|t:|1610637996
|move|p2a: Araquanid|Sticky Web|p1a: Ferrothorn
|-sidestart|p1: Gllt Pow!|move: Sticky Web
|move|p1a: Ferrothorn|Knock Off|p2a: Araquanid
|-damage|p2a: Araquanid|72/100
|-enditem|p2a: Araquanid|Focus Sash|[from] move: Knock Off|[of] p1a: Ferrothorn
|
|upkeep
|turn|3
|j| slobadd
|
|t:|1610638007
|switch|p2a: Aggron|Aggron, M|100/100
|move|p1a: Ferrothorn|Power Whip|p2a: Aggron
|-damage|p2a: Aggron|72/100
|
|upkeep
|turn|4
|
|t:|1610638012
|switch|p1a: Landorus|Landorus-Therian, M|100/100
|-ability|p1a: Landorus|Intimidate|boost
|-unboost|p2a: Aggron|atk|1
|move|p2a: Aggron|Fire Punch|p1a: Landorus
|-damage|p1a: Landorus|82/100
|
|-heal|p1a: Landorus|88/100|[from] item: Leftovers
|upkeep
|turn|5
|
|t:|1610638019
|switch|p2a: Zapdos|Zapdos-Galar|100/100
|move|p1a: Landorus|U-turn|p2a: Zapdos
|-resisted|p2a: Zapdos
|-damage|p2a: Zapdos|94/100
|
|t:|1610638022
|switch|p1a: Latios|Latios, M|100/100|[from]move: U-turn
|
|-heal|p2a: Zapdos|99/100|[from] item: Leftovers
|upkeep
|turn|6
|
|t:|1610638029
|switch|p2a: Aggron|Aggron, M|72/100
|move|p1a: Latios|Draco Meteor|p2a: Aggron|[miss]
|-miss|p1a: Latios|p2a: Aggron
|
|upkeep
|turn|7
|
|t:|1610638034
|switch|p1a: Landorus|Landorus-Therian, M|88/100
|-ability|p1a: Landorus|Intimidate|boost
|-unboost|p2a: Aggron|atk|1
|move|p2a: Aggron|Head Smash|p1a: Landorus
|-damage|p1a: Landorus|37/100
|
|-heal|p1a: Landorus|43/100|[from] item: Leftovers
|upkeep
|turn|8
|
|t:|1610638040
|switch|p2a: Garchomp|Garchomp, M|100/100
|move|p1a: Landorus|U-turn|p2a: Garchomp
|-damage|p2a: Garchomp|81/100
|-damage|p1a: Landorus|31/100|[from] ability: Rough Skin|[of] p2a: Garchomp
|-damage|p1a: Landorus|14/100|[from] item: Rocky Helmet|[of] p2a: Garchomp
|j| Pikalol25
|
|t:|1610638047
|switch|p1a: Latios|Latios, M|100/100|[from]move: U-turn
|
|upkeep
|turn|9
|j| Crushing_Blows
|
|t:|1610638050
|switch|p1a: Zapdos|Zapdos-Galar|100/100
|switch|p2a: Aggron|Aggron, M|72/100
|
|upkeep
|turn|10
|
|t:|1610638054
|switch|p2a: Garchomp|Garchomp, M|81/100
|move|p1a: Zapdos|Substitute|p1a: Zapdos
|-start|p1a: Zapdos|Substitute
|-damage|p1a: Zapdos|76/100
|
|-heal|p1a: Zapdos|82/100|[from] item: Leftovers
|upkeep
|turn|11
|
|t:|1610638060
|move|p1a: Zapdos|Bulk Up|p1a: Zapdos
|-boost|p1a: Zapdos|atk|1
|-boost|p1a: Zapdos|def|1
|move|p2a: Garchomp|Dragon Tail|p1a: Zapdos
|-activate|p1a: Zapdos|move: Substitute|[damage]
|
|-heal|p1a: Zapdos|88/100|[from] item: Leftovers
|upkeep
|turn|12
|
|t:|1610638067
|move|p1a: Zapdos|Bulk Up|p1a: Zapdos
|-boost|p1a: Zapdos|atk|1
|-boost|p1a: Zapdos|def|1
|move|p2a: Garchomp|Dragon Tail|p1a: Zapdos
|-end|p1a: Zapdos|Substitute
|
|-heal|p1a: Zapdos|94/100|[from] item: Leftovers
|upkeep
|turn|13
|
|t:|1610638073
|move|p1a: Zapdos|Substitute|p1a: Zapdos
|-start|p1a: Zapdos|Substitute
|-damage|p1a: Zapdos|69/100
|move|p2a: Garchomp|Dragon Tail|p1a: Zapdos
|-activate|p1a: Zapdos|move: Substitute|[damage]
|
|-heal|p1a: Zapdos|75/100|[from] item: Leftovers
|upkeep
|turn|14
|
|t:|1610638076
|move|p2a: Garchomp|Earthquake|p1a: Zapdos
|-immune|p1a: Zapdos
|move|p1a: Zapdos|Bulk Up|p1a: Zapdos
|-boost|p1a: Zapdos|atk|1
|-boost|p1a: Zapdos|def|1
|
|-heal|p1a: Zapdos|81/100|[from] item: Leftovers
|upkeep
|turn|15
|
|t:|1610638079
|move|p2a: Garchomp|Fire Blast|p1a: Zapdos
|-end|p1a: Zapdos|Substitute
|move|p1a: Zapdos|Bulk Up|p1a: Zapdos
|-boost|p1a: Zapdos|atk|1
|-boost|p1a: Zapdos|def|1
|
|-heal|p1a: Zapdos|88/100|[from] item: Leftovers
|upkeep
|turn|16
|
|t:|1610638084
|move|p2a: Garchomp|Stealth Rock|p1a: Zapdos
|-sidestart|p1: Gllt Pow!|move: Stealth Rock
|move|p1a: Zapdos|Substitute|p1a: Zapdos
|-start|p1a: Zapdos|Substitute
|-damage|p1a: Zapdos|63/100
|
|-heal|p1a: Zapdos|69/100|[from] item: Leftovers
|upkeep
|turn|17
|j| tapu moxo
|
|t:|1610638091
|move|p2a: Garchomp|Fire Blast|p1a: Zapdos
|-activate|p1a: Zapdos|move: Substitute|[damage]
|move|p1a: Zapdos|Brave Bird|p2a: Garchomp
|-damage|p2a: Garchomp|0 fnt
|-damage|p1a: Zapdos|57/100|[from] ability: Rough Skin|[of] p2a: Garchomp
|-damage|p1a: Zapdos|40/100|[from] item: Rocky Helmet|[of] p2a: Garchomp
|-damage|p1a: Zapdos|7/100|[from] Recoil
|faint|p2a: Garchomp
|
|-heal|p1a: Zapdos|13/100|[from] item: Leftovers
|upkeep
|
|t:|1610638098
|switch|p2a: Regieleki|Regieleki|100/100
|turn|18
|
|t:|1610638102
|move|p2a: Regieleki|Volt Switch|p1a: Zapdos
|-supereffective|p1a: Zapdos
|-end|p1a: Zapdos|Substitute
|
|t:|1610638107
|switch|p2a: Araquanid|Araquanid, F|72/100|[from]move: Volt Switch
|move|p1a: Zapdos|Thunderous Kick|p2a: Araquanid
|-resisted|p2a: Araquanid
|-damage|p2a: Araquanid|0 fnt
|faint|p2a: Araquanid
|
|-heal|p1a: Zapdos|20/100|[from] item: Leftovers
|upkeep
|
|t:|1610638109
|switch|p2a: Regieleki|Regieleki|100/100
|turn|19
|
|t:|1610638112
|switch|p1a: Landorus|Landorus-Therian, M|14/100
|-damage|p1a: Landorus|2/100|[from] Stealth Rock
|-ability|p1a: Landorus|Intimidate|boost
|-unboost|p2a: Regieleki|atk|1
|move|p2a: Regieleki|Volt Switch|p1a: Landorus
|-immune|p1a: Landorus
|
|-heal|p1a: Landorus|8/100|[from] item: Leftovers
|upkeep
|turn|20
|
|t:|1610638119
|switch|p2a: Zapdos|Zapdos-Galar|99/100
|move|p1a: Landorus|U-turn|p2a: Zapdos
|-resisted|p2a: Zapdos
|-damage|p2a: Zapdos|94/100
|
|t:|1610638122
|switch|p1a: Latios|Latios, M|100/100|[from]move: U-turn
|-damage|p1a: Latios|88/100|[from] Stealth Rock
|
|-heal|p2a: Zapdos|99/100|[from] item: Leftovers
|upkeep
|turn|21
|
|t:|1610638128
|switch|p1a: Zapdos|Zapdos-Galar|20/100
|-damage|p1a: Zapdos|7/100|[from] Stealth Rock
|switch|p2a: Aggron|Aggron, M|72/100
|
|-heal|p1a: Zapdos|13/100|[from] item: Leftovers
|upkeep
|turn|22
|
|t:|1610638133
|move|p1a: Zapdos|Thunderous Kick|p2a: Aggron
|-supereffective|p2a: Aggron
|-damage|p2a: Aggron|0 fnt
|faint|p2a: Aggron
|
|-heal|p1a: Zapdos|20/100|[from] item: Leftovers
|upkeep
|
|t:|1610638135
|switch|p2a: Zapdos|Zapdos-Galar|99/100
|turn|23
|
|t:|1610638137
|move|p1a: Zapdos|Brave Bird|p2a: Zapdos
|-supereffective|p2a: Zapdos
|-damage|p2a: Zapdos|0 fnt
|-damage|p1a: Zapdos|0 fnt|[from] Recoil
|faint|p2a: Zapdos
|faint|p1a: Zapdos
|
|upkeep
|
|t:|1610638149
|switch|p1a: Latios|Latios, M|88/100
|switch|p2a: Obstagoon|Obstagoon, F|100/100
|-damage|p1a: Latios|76/100|[from] Stealth Rock
|turn|24
|
|t:|1610638152
|move|p1a: Latios|Draco Meteor|p2a: Obstagoon
|-damage|p2a: Obstagoon|0 fnt
|-unboost|p1a: Latios|spa|2
|-damage|p1a: Latios|66/100|[from] item: Life Orb
|faint|p2a: Obstagoon
|
|upkeep
|-message|LolzMachine forfeited.
|
|win|Gllt Pow!
|l|☆LolzMachine
|l| Durang0
