|j|☆migy9611
|j|‽GORAN EL DRACO
|player|p1|migy9611|byron|1771
|player|p2|GORAN EL DRACO|n|1757
|teamsize|p1|6
|teamsize|p2|6
|gametype|singles
|gen|8
|tier|[Gen 8] OU
|rated|
|html|<div class="broadcast-blue"><strong>OU is currently suspecting Dracovish! For information on how to participate check out the <a href="https://www.smogon.com/forums/threads/3664521/">suspect thread</a>.</strong></div>
|clearpoke
|poke|p1|Zeraora|
|poke|p1|Cinderace, F|
|poke|p1|Clefable, F|
|poke|p1|Dragapult, F|
|poke|p1|Seismitoad, M|
|poke|p1|Conkeldurr, F|
|poke|p2|Diggersby, F|
|poke|p2|Clefable, M|
|poke|p2|Salazzle, F|
|poke|p2|Conkeldurr, M|
|poke|p2|Kommo-o, M|
|poke|p2|Primarina, F|
|rule|Sleep Clause Mod: Limit one foe put to sleep
|rule|Species Clause: Limit one of each Pokémon
|rule|OHKO Clause: OHKO moves are banned
|rule|Evasion Moves Clause: Evasion moves are banned
|rule|Endless Battle Clause: Forcing endless battles is banned
|rule|HP Percentage Mod: HP is shown in percentages
|rule|Dynamax Clause: You cannot dynamax
|teampreview
|
|start
|switch|p1a: Clefable|Clefable, F|100/100
|switch|p2a: Diggersby|Diggersby, F|100/100
|turn|1
|
|move|p2a: Diggersby|Earthquake|p1a: Clefable
|-damage|p1a: Clefable|7/100
|-damage|p2a: Diggersby|91/100|[from] item: Life Orb
|move|p1a: Clefable|Moonblast|p2a: Diggersby
|-damage|p2a: Diggersby|16/100
|
|upkeep
|turn|2
|
|move|p2a: Diggersby|Earthquake|p1a: Clefable
|-damage|p1a: Clefable|0 fnt
|-damage|p2a: Diggersby|6/100|[from] item: Life Orb
|faint|p1a: Clefable
|
|upkeep
|
|switch|p1a: Dragapult|Dragapult, F|100/100
|turn|3
|
|move|p1a: Dragapult|Flamethrower|p2a: Diggersby
|-damage|p2a: Diggersby|0 fnt
|faint|p2a: Diggersby
|
|upkeep
|
|switch|p2a: Primarina|Primarina, F|100/100
|turn|4
|
|switch|p1a: Zeraora|Zeraora|100/100
|move|p2a: Primarina|Scald|p1a: Zeraora
|-damage|p1a: Zeraora|43/100
|
|-heal|p1a: Zeraora|49/100|[from] item: Leftovers
|upkeep
|turn|5
|
|switch|p2a: Kommo-o|Kommo-o, M|100/100
|move|p1a: Zeraora|Bulk Up|p1a: Zeraora
|-boost|p1a: Zeraora|atk|1
|-boost|p1a: Zeraora|def|1
|
|-heal|p1a: Zeraora|55/100|[from] item: Leftovers
|upkeep
|turn|6
|
|move|p1a: Zeraora|Play Rough|p2a: Kommo-o
|-supereffective|p2a: Kommo-o
|-damage|p2a: Kommo-o|1/100
|move|p2a: Kommo-o|Stealth Rock|p1a: Zeraora
|-sidestart|p1: migy9611|move: Stealth Rock
|
|-heal|p1a: Zeraora|61/100|[from] item: Leftovers
|-heal|p2a: Kommo-o|7/100|[from] item: Leftovers
|upkeep
|turn|7
|
|move|p1a: Zeraora|Plasma Fists|p2a: Kommo-o
|-resisted|p2a: Kommo-o
|-damage|p2a: Kommo-o|0 fnt
|-fieldactivate|move: Ion Deluge
|faint|p2a: Kommo-o
|
|-heal|p1a: Zeraora|67/100|[from] item: Leftovers
|upkeep
|
|switch|p2a: Conkeldurr|Conkeldurr, M|100/100
|turn|8
|
|move|p1a: Zeraora|Play Rough|p2a: Conkeldurr
|-supereffective|p2a: Conkeldurr
|-damage|p2a: Conkeldurr|13/100
|move|p2a: Conkeldurr|Close Combat|p1a: Zeraora
|-damage|p1a: Zeraora|1/100
|-unboost|p2a: Conkeldurr|def|1
|-unboost|p2a: Conkeldurr|spd|1
|
|-heal|p1a: Zeraora|7/100|[from] item: Leftovers
|-status|p2a: Conkeldurr|brn|[from] item: Flame Orb
|upkeep
|turn|9
|
|switch|p1a: Dragapult|Dragapult, F|100/100
|-damage|p1a: Dragapult|88/100|[from] Stealth Rock
|move|p2a: Conkeldurr|Mach Punch|p1a: Dragapult
|-immune|p1a: Dragapult
|
|-damage|p2a: Conkeldurr|7/100 brn|[from] brn
|upkeep
|turn|10
|
|move|p1a: Dragapult|Shadow Ball|p2a: Conkeldurr
|-damage|p2a: Conkeldurr|0 fnt
|faint|p2a: Conkeldurr
|
|upkeep
|
|switch|p2a: Primarina|Primarina, F|100/100
|turn|11
|
|move|p1a: Dragapult|Shadow Ball|p2a: Primarina
|-damage|p2a: Primarina|52/100
|move|p2a: Primarina|Calm Mind|p2a: Primarina
|-boost|p2a: Primarina|spa|1
|-boost|p2a: Primarina|spd|1
|
|-heal|p2a: Primarina|59/100|[from] item: Leftovers
|upkeep
|turn|12
|j| OUTZ don2
|
|move|p1a: Dragapult|Shadow Ball|p2a: Primarina
|-damage|p2a: Primarina|24/100
|move|p2a: Primarina|Calm Mind|p2a: Primarina
|-boost|p2a: Primarina|spa|1
|-boost|p2a: Primarina|spd|1
|
|-heal|p2a: Primarina|30/100|[from] item: Leftovers
|upkeep
|turn|13
|
|move|p1a: Dragapult|Shadow Ball|p2a: Primarina
|-damage|p2a: Primarina|6/100
|move|p2a: Primarina|Scald|p1a: Dragapult
|-resisted|p1a: Dragapult
|-damage|p1a: Dragapult|1/100
|
|-heal|p2a: Primarina|12/100|[from] item: Leftovers
|upkeep
|turn|14
|
|switch|p2a: Clefable|Clefable, M|100/100
|move|p1a: Dragapult|Shadow Ball|p2a: Clefable
|-damage|p2a: Clefable|62/100
|
|-heal|p2a: Clefable|69/100|[from] item: Leftovers
|upkeep
|turn|15
|
|switch|p1a: Cinderace|Cinderace, F|100/100
|move|p2a: Clefable|Moonblast|p1a: Cinderace
|-resisted|p1a: Cinderace
|-damage|p1a: Cinderace|81/100
|
|-heal|p2a: Clefable|75/100|[from] item: Leftovers
|upkeep
|turn|16
|
|move|p1a: Cinderace|Court Change|p1a: Cinderace
|-sideend|p1: migy9611|Stealth Rock|[silent]
|-sidestart|p2: GORAN EL DRACO|Stealth Rock|[silent]
|-activate|p1a: Cinderace|move: Court Change
|move|p2a: Clefable|Teleport|p2a: Clefable
|
|switch|p2a: Salazzle|Salazzle, F|100/100|[from]move: Teleport
|
|upkeep
|turn|17
|
|switch|p1a: Seismitoad|Seismitoad, M|100/100
|move|p2a: Salazzle|Nasty Plot|p2a: Salazzle
|-boost|p2a: Salazzle|spa|2
|
|upkeep
|turn|18
|
|move|p2a: Salazzle|Sludge Wave|p1a: Seismitoad
|-resisted|p1a: Seismitoad
|-damage|p1a: Seismitoad|58/100
|move|p1a: Seismitoad|Earth Power|p2a: Salazzle
|-supereffective|p2a: Salazzle
|-damage|p2a: Salazzle|0 fnt
|faint|p2a: Salazzle
|
|-heal|p1a: Seismitoad|64/100|[from] item: Leftovers
|upkeep
|j| phys2000
|-message|GORAN EL DRACO forfeited.
|
|win|migy9611
|l|‽GORAN EL DRACO
|raw|migy9611's rating: 1771 &rarr; <strong>1791</strong><br />(+20 for winning)
|raw|GORAN EL DRACO's rating: 1757 &rarr; <strong>1738</strong><br />(-19 for losing)
|l| OUTZ don2
|l|☆migy9611
