|raw|<div class="broadcast-blue"><strong>This battle is required to be public due to a player having a name starting with 'lt91bb'.</div>
|j|☆LT91BB Jester
|j|☆antarctozolt
|t:|1658997225
|gametype|singles
|player|p1|LT91BB Jester|ethan-masters|1620
|player|p2|antarctozolt|skier|1878
|teamsize|p1|6
|teamsize|p2|6
|gen|8
|tier|[Gen 8] OU
|rated|
|rule|Sleep Clause Mod: Limit one foe put to sleep
|rule|Species Clause: Limit one of each Pokémon
|rule|OHKO Clause: OHKO moves are banned
|rule|Evasion Moves Clause: Evasion moves are banned
|rule|Endless Battle Clause: Forcing endless battles is banned
|rule|HP Percentage Mod: HP is shown in percentages
|rule|Dynamax Clause: You cannot dynamax
|clearpoke
|poke|p1|Slowking-Galar, F|
|poke|p1|Hippowdon, F|
|poke|p1|Urshifu-*, F|
|poke|p1|Weavile, F|
|poke|p1|Corviknight, F|
|poke|p1|Rillaboom, F|
|poke|p2|Hydreigon, M|
|poke|p2|Weavile, M|
|poke|p2|Melmetal|
|poke|p2|Toxapex, F|
|poke|p2|Landorus-Therian, M|
|poke|p2|Clefable, F|
|teampreview
|inactive|Battle timer is ON: inactive players will automatically lose when time's up. (requested by LT91BB Jester)
|j| Barracades
|j| ClumsyClefable
|inactive|antarctozolt has 120 seconds left.
|j| CallMePrimal
|inactive|LT91BB Jester has 120 seconds left.
|
|t:|1658997295
|start
|switch|p1a: Weavile|Weavile, F|100/100
|switch|p2a: Weavile|Weavile, M|100/100
|-ability|p1a: Weavile|Pressure
|-ability|p2a: Weavile|Pressure
|turn|1
|j| Lunarr
|
|t:|1658997300
|switch|p2a: Toxapex|Toxapex, F|100/100
|switch|p1a: Corviknight|Corviknight, F|100/100
|-ability|p1a: Corviknight|Pressure
|
|upkeep
|turn|2
|
|t:|1658997303
|move|p1a: Corviknight|U-turn|p2a: Toxapex
|-resisted|p2a: Toxapex
|-damage|p2a: Toxapex|96/100
|-enditem|p2a: Toxapex|Eject Button
|
|t:|1658997308
|switch|p2a: Clefable|Clefable, F|100/100
|
|upkeep
|turn|3
|
|t:|1658997313
|move|p1a: Corviknight|U-turn|p2a: Clefable
|-resisted|p2a: Clefable
|-damage|p2a: Clefable|95/100
|
|t:|1658997314
|switch|p1a: Slowking|Slowking-Galar, F|100/100|[from]move: U-turn
|move|p2a: Clefable|Stealth Rock|p1a: Slowking
|-sidestart|p1: LT91BB Jester|move: Stealth Rock
|
|upkeep
|turn|4
|
|t:|1658997323
|switch|p2a: Landorus|Landorus-Therian, M|100/100
|-ability|p2a: Landorus|Intimidate|boost
|-unboost|p1a: Slowking|atk|1
|move|p1a: Slowking|Scald|p2a: Landorus
|-supereffective|p2a: Landorus
|-damage|p2a: Landorus|61/100
|-status|p2a: Landorus|brn
|
|-heal|p2a: Landorus|67/100 brn|[from] item: Leftovers
|-damage|p2a: Landorus|61/100 brn|[from] brn
|upkeep
|turn|5
|
|t:|1658997330
|switch|p1a: Corviknight|Corviknight, F|100/100
|-damage|p1a: Corviknight|88/100|[from] Stealth Rock
|-ability|p1a: Corviknight|Pressure
|move|p2a: Landorus|U-turn|p1a: Corviknight
|-resisted|p1a: Corviknight
|-damage|p1a: Corviknight|86/100
|-damage|p2a: Landorus|44/100 brn|[from] item: Rocky Helmet|[of] p1a: Corviknight
|
|t:|1658997333
|switch|p2a: Hydreigon|Hydreigon, M|100/100|[from]move: U-turn
|
|upkeep
|turn|6
|
|t:|1658997339
|move|p2a: Hydreigon|Nasty Plot|p2a: Hydreigon
|-boost|p2a: Hydreigon|spa|2
|move|p1a: Corviknight|U-turn|p2a: Hydreigon
|-supereffective|p2a: Hydreigon
|-damage|p2a: Hydreigon|71/100
|
|t:|1658997341
|switch|p1a: Weavile|Weavile, F|100/100|[from]move: U-turn
|-ability|p1a: Weavile|Pressure
|
|-heal|p2a: Hydreigon|77/100|[from] item: Leftovers
|upkeep
|turn|7
|
|t:|1658997345
|switch|p2a: Toxapex|Toxapex, F|100/100
|move|p1a: Weavile|Knock Off|p2a: Toxapex
|-damage|p2a: Toxapex|78/100
|
|upkeep
|turn|8
|
|t:|1658997349
|switch|p1a: Slowking|Slowking-Galar, F|100/100
|-damage|p1a: Slowking|88/100|[from] Stealth Rock
|switch|p2a: Weavile|Weavile, M|100/100
|-ability|p2a: Weavile|Pressure
|
|upkeep
|turn|9
|inactive|LT91BB Jester has 120 seconds left.
|inactive|LT91BB Jester has 90 seconds left.
|
|t:|1658997414
|switch|p1a: Corviknight|Corviknight, F|86/100
|-damage|p1a: Corviknight|74/100|[from] Stealth Rock
|-ability|p1a: Corviknight|Pressure
|move|p2a: Weavile|Knock Off|p1a: Corviknight
|-damage|p1a: Corviknight|23/100
|-damage|p2a: Weavile|84/100|[from] item: Rocky Helmet|[of] p1a: Corviknight
|-enditem|p1a: Corviknight|Rocky Helmet|[from] move: Knock Off|[of] p2a: Weavile
|
|upkeep
|turn|10
|inactive|LT91BB Jester has 90 seconds left.
|
|t:|1658997423
|switch|p1a: Urshifu|Urshifu-Rapid-Strike, F|100/100
|-damage|p1a: Urshifu|94/100|[from] Stealth Rock
|move|p2a: Weavile|Knock Off|p1a: Urshifu
|-resisted|p1a: Urshifu
|-damage|p1a: Urshifu|52/100
|-enditem|p1a: Urshifu|Protective Pads|[from] move: Knock Off|[of] p2a: Weavile
|
|upkeep
|turn|11
|
|t:|1658997426
|switch|p2a: Clefable|Clefable, F|95/100
|move|p1a: Urshifu|U-turn|p2a: Clefable
|-resisted|p2a: Clefable
|-damage|p2a: Clefable|86/100
|
|t:|1658997429
|switch|p1a: Corviknight|Corviknight, F|23/100|[from]move: U-turn
|-damage|p1a: Corviknight|11/100|[from] Stealth Rock
|-ability|p1a: Corviknight|Pressure
|
|upkeep
|turn|12
|
|t:|1658997433
|switch|p2a: Hydreigon|Hydreigon, M|77/100
|move|p1a: Corviknight|Roost|p1a: Corviknight
|-heal|p1a: Corviknight|61/100
|-singleturn|p1a: Corviknight|move: Roost
|
|-heal|p2a: Hydreigon|83/100|[from] item: Leftovers
|upkeep
|turn|13
|
|t:|1658997438
|switch|p1a: Weavile|Weavile, F|100/100
|-ability|p1a: Weavile|Pressure
|move|p2a: Hydreigon|Nasty Plot|p2a: Hydreigon
|-boost|p2a: Hydreigon|spa|2
|
|-heal|p2a: Hydreigon|89/100|[from] item: Leftovers
|upkeep
|turn|14
|
|t:|1658997447
|switch|p1a: Slowking|Slowking-Galar, F|100/100
|-damage|p1a: Slowking|88/100|[from] Stealth Rock
|switch|p2a: Toxapex|Toxapex, F|100/100
|
|upkeep
|turn|15
|
|t:|1658997454
|switch|p2a: Melmetal|Melmetal|100/100
|move|p1a: Slowking|Future Sight|p2a: Melmetal
|-start|p1a: Slowking|move: Future Sight
|
|upkeep
|turn|16
|
|t:|1658997460
|switch|p1a: Hippowdon|Hippowdon, F|100/100
|-damage|p1a: Hippowdon|94/100|[from] Stealth Rock
|-weather|Sandstorm|[from] ability: Sand Stream|[of] p1a: Hippowdon
|move|p2a: Melmetal|Double Iron Bash|p1a: Hippowdon
|-damage|p1a: Hippowdon|65/100
|-damage|p1a: Hippowdon|36/100
|-hitcount|p1a: Hippowdon|2
|
|-weather|Sandstorm|[upkeep]
|-heal|p1a: Hippowdon|42/100|[from] item: Leftovers
|upkeep
|turn|17
|
|t:|1658997464
|switch|p1a: Corviknight|Corviknight, F|61/100
|-damage|p1a: Corviknight|49/100|[from] Stealth Rock
|-ability|p1a: Corviknight|Pressure
|move|p2a: Melmetal|Toxic|p1a: Corviknight|[miss]
|-miss|p2a: Melmetal|p1a: Corviknight
|
|-weather|Sandstorm|[upkeep]
|-end|p2a: Melmetal|move: Future Sight
|-resisted|p2a: Melmetal
|-damage|p2a: Melmetal|71/100
|-heal|p2a: Melmetal|77/100|[from] item: Leftovers
|upkeep
|turn|18
|
|t:|1658997469
|move|p1a: Corviknight|Roost|p1a: Corviknight
|-heal|p1a: Corviknight|99/100
|-singleturn|p1a: Corviknight|move: Roost
|move|p2a: Melmetal|Earthquake|p1a: Corviknight
|-supereffective|p1a: Corviknight
|-damage|p1a: Corviknight|48/100
|
|-weather|Sandstorm|[upkeep]
|-heal|p2a: Melmetal|83/100|[from] item: Leftovers
|upkeep
|turn|19
|j| CrucialKoko
|
|t:|1658997479
|switch|p2a: Hydreigon|Hydreigon, M|89/100
|move|p1a: Corviknight|Defog|p2a: Hydreigon
|-unboost|p2a: Hydreigon|evasion|1
|-sideend|p1: LT91BB Jester|Stealth Rock|[from] move: Defog|[of] p1a: Corviknight
|
|-weather|Sandstorm|[upkeep]
|-damage|p2a: Hydreigon|83/100|[from] Sandstorm
|-heal|p2a: Hydreigon|89/100|[from] item: Leftovers
|upkeep
|turn|20
|l| CrucialKoko
|
|t:|1658997490
|switch|p1a: Weavile|Weavile, F|100/100
|-ability|p1a: Weavile|Pressure
|move|p2a: Hydreigon|Dark Pulse|p1a: Weavile
|-resisted|p1a: Weavile
|-damage|p1a: Weavile|76/100
|
|-weather|none
|-heal|p2a: Hydreigon|95/100|[from] item: Leftovers
|upkeep
|turn|21
|
|t:|1658997496
|switch|p1a: Slowking|Slowking-Galar, F|100/100
|switch|p2a: Toxapex|Toxapex, F|100/100
|
|upkeep
|turn|22
|
|t:|1658997502
|switch|p2a: Hydreigon|Hydreigon, M|95/100
|move|p1a: Slowking|Sludge Bomb|p2a: Hydreigon
|-damage|p2a: Hydreigon|54/100
|-status|p2a: Hydreigon|psn
|
|-heal|p2a: Hydreigon|60/100 psn|[from] item: Leftovers
|-damage|p2a: Hydreigon|48/100 psn|[from] psn
|upkeep
|turn|23
|
|t:|1658997505
|move|p2a: Hydreigon|Roost|p2a: Hydreigon
|-heal|p2a: Hydreigon|98/100 psn
|-singleturn|p2a: Hydreigon|move: Roost
|move|p1a: Slowking|Future Sight|p2a: Hydreigon
|-start|p1a: Slowking|move: Future Sight
|
|-heal|p2a: Hydreigon|100/100 psn|[from] item: Leftovers
|-damage|p2a: Hydreigon|88/100 psn|[from] psn
|upkeep
|turn|24
|
|t:|1658997512
|switch|p1a: Weavile|Weavile, F|76/100
|-ability|p1a: Weavile|Pressure
|move|p2a: Hydreigon|Earth Power|p1a: Weavile
|-damage|p1a: Weavile|41/100
|-unboost|p1a: Weavile|spd|1
|
|-heal|p2a: Hydreigon|94/100 psn|[from] item: Leftovers
|-damage|p2a: Hydreigon|82/100 psn|[from] psn
|upkeep
|turn|25
|
|t:|1658997520
|switch|p2a: Melmetal|Melmetal|83/100
|move|p1a: Weavile|Knock Off|p2a: Melmetal
|-damage|p2a: Melmetal|54/100
|-enditem|p2a: Melmetal|Leftovers|[from] move: Knock Off|[of] p1a: Weavile
|
|-end|p2a: Melmetal|move: Future Sight
|-resisted|p2a: Melmetal
|-damage|p2a: Melmetal|26/100
|upkeep
|turn|26
|
|t:|1658997528
|move|p1a: Weavile|Knock Off|p2a: Melmetal
|-damage|p2a: Melmetal|5/100
|move|p2a: Melmetal|Double Iron Bash|p1a: Weavile
|-supereffective|p1a: Weavile
|-damage|p1a: Weavile|0 fnt
|faint|p1a: Weavile
|-hitcount|p1: Weavile|1
|
|upkeep
|
|t:|1658997533
|switch|p1a: Corviknight|Corviknight, F|48/100
|-ability|p1a: Corviknight|Pressure
|turn|27
|
|t:|1658997549
|switch|p2a: Toxapex|Toxapex, F|100/100
|move|p1a: Corviknight|Roost|p1a: Corviknight
|-heal|p1a: Corviknight|98/100
|-singleturn|p1a: Corviknight|move: Roost
|
|upkeep
|turn|28
|
|t:|1658997551
|move|p1a: Corviknight|U-turn|p2a: Toxapex
|-resisted|p2a: Toxapex
|-damage|p2a: Toxapex|96/100
|
|t:|1658997553
|switch|p1a: Slowking|Slowking-Galar, F|100/100|[from]move: U-turn
|move|p2a: Toxapex|Scald|p1a: Slowking
|-crit|p1a: Slowking
|-damage|p1a: Slowking|87/100
|
|upkeep
|turn|29
|
|t:|1658997556
|switch|p2a: Hydreigon|Hydreigon, M|82/100 psn
|move|p1a: Slowking|Future Sight|p2a: Hydreigon
|-start|p1a: Slowking|move: Future Sight
|
|-heal|p2a: Hydreigon|88/100 psn|[from] item: Leftovers
|-damage|p2a: Hydreigon|76/100 psn|[from] psn
|upkeep
|turn|30
|
|t:|1658997560
|move|p2a: Hydreigon|Nasty Plot|p2a: Hydreigon
|-boost|p2a: Hydreigon|spa|2
|move|p1a: Slowking|Sludge Bomb|p2a: Hydreigon
|-damage|p2a: Hydreigon|32/100 psn
|
|-heal|p2a: Hydreigon|38/100 psn|[from] item: Leftovers
|-damage|p2a: Hydreigon|26/100 psn|[from] psn
|upkeep
|turn|31
|
|t:|1658997566
|switch|p1a: Urshifu|Urshifu-Rapid-Strike, F|52/100
|move|p2a: Hydreigon|Roost|p2a: Hydreigon
|-heal|p2a: Hydreigon|76/100 psn
|-singleturn|p2a: Hydreigon|move: Roost
|
|-end|p2a: Hydreigon|move: Future Sight
|-immune|p2a: Hydreigon
|-heal|p2a: Hydreigon|82/100 psn|[from] item: Leftovers
|-damage|p2a: Hydreigon|70/100 psn|[from] psn
|-damage|p1a: Urshifu|40/100|[from] item: Sticky Barb
|upkeep
|turn|32
|
|t:|1658997573
|move|p2a: Hydreigon|Earth Power|p1a: Urshifu
|-damage|p1a: Urshifu|0 fnt
|faint|p1a: Urshifu
|
|-heal|p2a: Hydreigon|76/100 psn|[from] item: Leftovers
|-damage|p2a: Hydreigon|63/100 psn|[from] psn
|upkeep
|
|t:|1658997575
|switch|p1a: Rillaboom|Rillaboom, F|100/100
|-fieldstart|move: Grassy Terrain|[from] ability: Grassy Surge|[of] p1a: Rillaboom
|turn|33
|
|t:|1658997579
|switch|p2a: Toxapex|Toxapex, F|100/100
|move|p1a: Rillaboom|Drain Punch|p2a: Toxapex
|-resisted|p2a: Toxapex
|-damage|p2a: Toxapex|94/100
|
|-heal|p2a: Toxapex|100/100|[from] Grassy Terrain
|upkeep
|turn|34
|
|t:|1658997584
|switch|p1a: Slowking|Slowking-Galar, F|100/100
|move|p2a: Toxapex|Scald|p1a: Slowking
|-damage|p1a: Slowking|92/100
|
|-heal|p1a: Slowking|98/100|[from] Grassy Terrain
|upkeep
|turn|35
|
|t:|1658997587
|switch|p2a: Weavile|Weavile, M|84/100
|-ability|p2a: Weavile|Pressure
|move|p1a: Slowking|Sludge Bomb|p2a: Weavile
|-damage|p2a: Weavile|17/100
|-status|p2a: Weavile|psn
|
|-heal|p2a: Weavile|23/100 psn|[from] Grassy Terrain
|-heal|p1a: Slowking|100/100|[from] Grassy Terrain
|-damage|p2a: Weavile|10/100 psn|[from] psn
|upkeep
|turn|36
|
|t:|1658997590
|switch|p1a: Corviknight|Corviknight, F|98/100
|-ability|p1a: Corviknight|Pressure
|move|p2a: Weavile|Triple Axel|p1a: Corviknight
|-damage|p1a: Corviknight|88/100
|-damage|p1a: Corviknight|69/100
|-damage|p1a: Corviknight|38/100
|-hitcount|p1a: Corviknight|3
|
|-heal|p2a: Weavile|16/100 psn|[from] Grassy Terrain
|-damage|p2a: Weavile|4/100 psn|[from] psn
|upkeep
|turn|37
|
|t:|1658997599
|switch|p1a: Slowking|Slowking-Galar, F|100/100
|move|p2a: Weavile|Triple Axel|p1a: Slowking|[miss]
|-miss|p2a: Weavile|p1a: Slowking
|
|-heal|p2a: Weavile|10/100 psn|[from] Grassy Terrain
|-damage|p2a: Weavile|0 fnt|[from] psn
|faint|p2a: Weavile
|-fieldend|move: Grassy Terrain
|upkeep
|
|t:|1658997602
|switch|p2a: Hydreigon|Hydreigon, M|63/100 psn
|turn|38
|
|t:|1658997606
|switch|p1a: Rillaboom|Rillaboom, F|100/100
|-fieldstart|move: Grassy Terrain|[from] ability: Grassy Surge|[of] p1a: Rillaboom
|move|p2a: Hydreigon|Nasty Plot|p2a: Hydreigon
|-boost|p2a: Hydreigon|spa|2
|
|-heal|p2a: Hydreigon|69/100 psn|[from] item: Leftovers
|-damage|p2a: Hydreigon|57/100 psn|[from] psn
|upkeep
|turn|39
|
|t:|1658997609
|switch|p2a: Toxapex|Toxapex, F|100/100
|move|p1a: Rillaboom|Drain Punch|p2a: Toxapex
|-resisted|p2a: Toxapex
|-damage|p2a: Toxapex|94/100
|
|-heal|p2a: Toxapex|99/100|[from] Grassy Terrain
|upkeep
|turn|40
|
|t:|1658997612
|switch|p1a: Hippowdon|Hippowdon, F|42/100
|-weather|Sandstorm|[from] ability: Sand Stream|[of] p1a: Hippowdon
|switch|p2a: Hydreigon|Hydreigon, M|57/100 psn
|
|-weather|Sandstorm|[upkeep]
|-damage|p2a: Hydreigon|51/100 psn|[from] Sandstorm
|-heal|p2a: Hydreigon|57/100 psn|[from] item: Leftovers
|-heal|p1a: Hippowdon|49/100|[from] Grassy Terrain
|-heal|p1a: Hippowdon|55/100|[from] item: Leftovers
|-damage|p2a: Hydreigon|45/100 psn|[from] psn
|upkeep
|turn|41
|
|t:|1658997617
|switch|p1a: Rillaboom|Rillaboom, F|100/100
|move|p2a: Hydreigon|Roost|p2a: Hydreigon
|-heal|p2a: Hydreigon|95/100 psn
|-singleturn|p2a: Hydreigon|move: Roost
|
|-weather|Sandstorm|[upkeep]
|-damage|p2a: Hydreigon|89/100 psn|[from] Sandstorm
|-damage|p1a: Rillaboom|94/100|[from] Sandstorm
|-heal|p2a: Hydreigon|95/100 psn|[from] item: Leftovers
|-heal|p1a: Rillaboom|100/100|[from] Grassy Terrain
|-damage|p2a: Hydreigon|83/100 psn|[from] psn
|upkeep
|turn|42
|
|t:|1658997622
|switch|p2a: Toxapex|Toxapex, F|100/100
|switch|p1a: Hippowdon|Hippowdon, F|55/100
|
|-weather|Sandstorm|[upkeep]
|-damage|p2a: Toxapex|94/100|[from] Sandstorm
|-heal|p1a: Hippowdon|61/100|[from] Grassy Terrain
|-heal|p1a: Hippowdon|67/100|[from] item: Leftovers
|-heal|p2a: Toxapex|100/100|[from] Grassy Terrain
|-fieldend|move: Grassy Terrain
|upkeep
|turn|43
|
|t:|1658997625
|switch|p1a: Slowking|Slowking-Galar, F|100/100
|switch|p2a: Clefable|Clefable, F|86/100
|
|-weather|Sandstorm|[upkeep]
|-damage|p1a: Slowking|94/100|[from] Sandstorm
|upkeep
|turn|44
|
|t:|1658997628
|switch|p2a: Melmetal|Melmetal|5/100
|move|p1a: Slowking|Sludge Bomb|p2a: Melmetal
|-immune|p2a: Melmetal
|
|-weather|none
|upkeep
|turn|45
|
|t:|1658997633
|switch|p1a: Corviknight|Corviknight, F|38/100
|-ability|p1a: Corviknight|Pressure
|move|p2a: Melmetal|Double Iron Bash|p1a: Corviknight
|-resisted|p1a: Corviknight
|-damage|p1a: Corviknight|25/100
|-resisted|p1a: Corviknight
|-damage|p1a: Corviknight|12/100
|-hitcount|p1a: Corviknight|2
|
|upkeep
|turn|46
|
|t:|1658997640
|switch|p2a: Clefable|Clefable, F|86/100
|move|p1a: Corviknight|Body Press|p2a: Clefable
|-resisted|p2a: Clefable
|-damage|p2a: Clefable|76/100
|
|upkeep
|turn|47
|
|t:|1658997649
|move|p1a: Corviknight|Roost|p1a: Corviknight
|-heal|p1a: Corviknight|62/100
|-singleturn|p1a: Corviknight|move: Roost
|move|p2a: Clefable|Stealth Rock|p1a: Corviknight
|-sidestart|p1: LT91BB Jester|move: Stealth Rock
|
|upkeep
|turn|48
|
|t:|1658997654
|move|p1a: Corviknight|Roost|p1a: Corviknight
|-heal|p1a: Corviknight|100/100
|-singleturn|p1a: Corviknight|move: Roost
|move|p2a: Clefable|Soft-Boiled|p2a: Clefable
|-heal|p2a: Clefable|100/100
|
|upkeep
|turn|49
|
|t:|1658997656
|move|p1a: Corviknight|Defog|p2a: Clefable
|-unboost|p2a: Clefable|evasion|1
|-sideend|p1: LT91BB Jester|Stealth Rock|[from] move: Defog|[of] p1a: Corviknight
|move|p2a: Clefable|Moonblast|p1a: Corviknight
|-resisted|p1a: Corviknight
|-damage|p1a: Corviknight|85/100
|
|upkeep
|turn|50
|
|t:|1658997665
|move|p1a: Corviknight|Body Press|p2a: Clefable
|-resisted|p2a: Clefable
|-damage|p2a: Clefable|91/100
|move|p2a: Clefable|Stealth Rock|p1a: Corviknight
|-sidestart|p1: LT91BB Jester|move: Stealth Rock
|
|upkeep
|turn|51
|
|t:|1658997668
|move|p1a: Corviknight|Defog|p2a: Clefable
|-unboost|p2a: Clefable|evasion|1
|-sideend|p1: LT91BB Jester|Stealth Rock|[from] move: Defog|[of] p1a: Corviknight
|move|p2a: Clefable|Moonblast|p1a: Corviknight
|-resisted|p1a: Corviknight
|-damage|p1a: Corviknight|68/100
|
|upkeep
|turn|52
|
|t:|1658997670
|move|p1a: Corviknight|U-turn|p2a: Clefable
|-resisted|p2a: Clefable
|-damage|p2a: Clefable|86/100
|
|t:|1658997672
|switch|p1a: Slowking|Slowking-Galar, F|100/100|[from]move: U-turn
|move|p2a: Clefable|Stealth Rock|p1a: Slowking
|-sidestart|p1: LT91BB Jester|move: Stealth Rock
|
|upkeep
|turn|53
|
|t:|1658997676
|switch|p2a: Hydreigon|Hydreigon, M|83/100 psn
|move|p1a: Slowking|Sludge Bomb|p2a: Hydreigon
|-damage|p2a: Hydreigon|35/100 psn
|
|-heal|p2a: Hydreigon|41/100 psn|[from] item: Leftovers
|-damage|p2a: Hydreigon|29/100 psn|[from] psn
|upkeep
|turn|54
|
|t:|1658997679
|switch|p1a: Rillaboom|Rillaboom, F|100/100
|-damage|p1a: Rillaboom|88/100|[from] Stealth Rock
|-fieldstart|move: Grassy Terrain|[from] ability: Grassy Surge|[of] p1a: Rillaboom
|move|p2a: Hydreigon|Roost|p2a: Hydreigon
|-heal|p2a: Hydreigon|79/100 psn
|-singleturn|p2a: Hydreigon|move: Roost
|
|-heal|p2a: Hydreigon|85/100 psn|[from] item: Leftovers
|-heal|p1a: Rillaboom|94/100|[from] Grassy Terrain
|-heal|p1a: Rillaboom|99/100|[from] item: Leftovers
|-damage|p2a: Hydreigon|73/100 psn|[from] psn
|upkeep
|turn|55
|
|t:|1658997685
|switch|p2a: Toxapex|Toxapex, F|100/100
|move|p1a: Rillaboom|Swords Dance|p1a: Rillaboom
|-boost|p1a: Rillaboom|atk|2
|
|-heal|p1a: Rillaboom|100/100|[from] Grassy Terrain
|upkeep
|turn|56
|
|t:|1658997688
|move|p1a: Rillaboom|Grassy Glide|p2a: Toxapex
|-damage|p2a: Toxapex|46/100
|move|p2a: Toxapex|Toxic|p1a: Rillaboom
|-status|p1a: Rillaboom|tox
|
|-heal|p2a: Toxapex|52/100|[from] Grassy Terrain
|-damage|p1a: Rillaboom|94/100 tox|[from] psn
|upkeep
|turn|57
|
|t:|1658997692
|switch|p2a: Landorus|Landorus-Therian, M|44/100 brn
|-ability|p2a: Landorus|Intimidate|boost
|-unboost|p1a: Rillaboom|atk|1
|move|p1a: Rillaboom|Swords Dance|p1a: Rillaboom
|-boost|p1a: Rillaboom|atk|2
|
|-heal|p1a: Rillaboom|100/100 tox|[from] Grassy Terrain
|-heal|p2a: Landorus|50/100 brn|[from] item: Leftovers
|-damage|p1a: Rillaboom|88/100 tox|[from] psn
|-damage|p2a: Landorus|44/100 brn|[from] brn
|upkeep
|turn|58
|
|t:|1658997699
|switch|p2a: Melmetal|Melmetal|5/100
|move|p1a: Rillaboom|Grassy Glide|p2a: Melmetal
|-resisted|p2a: Melmetal
|-damage|p2a: Melmetal|0 fnt
|faint|p2a: Melmetal
|
|-heal|p1a: Rillaboom|94/100 tox|[from] Grassy Terrain
|-heal|p1a: Rillaboom|100/100 tox|[from] item: Leftovers
|-damage|p1a: Rillaboom|82/100 tox|[from] psn
|-fieldend|move: Grassy Terrain
|upkeep
|
|t:|1658997700
|switch|p2a: Toxapex|Toxapex, F|85/100
|turn|59
|
|t:|1658997703
|switch|p1a: Corviknight|Corviknight, F|68/100
|-damage|p1a: Corviknight|56/100|[from] Stealth Rock
|-ability|p1a: Corviknight|Pressure
|move|p2a: Toxapex|Haze|p2a: Toxapex
|-clearallboost
|
|upkeep
|turn|60
|
|t:|1658997706
|move|p1a: Corviknight|Defog|p2a: Toxapex
|-unboost|p2a: Toxapex|evasion|1
|-sideend|p1: LT91BB Jester|Stealth Rock|[from] move: Defog|[of] p1a: Corviknight
|move|p2a: Toxapex|Scald|p1a: Corviknight
|-damage|p1a: Corviknight|41/100
|
|upkeep
|turn|61
|
|t:|1658997708
|move|p1a: Corviknight|U-turn|p2a: Toxapex
|-resisted|p2a: Toxapex
|-damage|p2a: Toxapex|81/100
|
|t:|1658997711
|switch|p1a: Slowking|Slowking-Galar, F|100/100|[from]move: U-turn
|move|p2a: Toxapex|Scald|p1a: Slowking
|-damage|p1a: Slowking|91/100
|
|upkeep
|turn|62
|
|t:|1658997718
|move|p2a: Toxapex|Scald|p1a: Slowking
|-damage|p1a: Slowking|83/100
|move|p1a: Slowking|Sludge Bomb|p2a: Toxapex
|-resisted|p2a: Toxapex
|-damage|p2a: Toxapex|62/100
|
|upkeep
|turn|63
|
|t:|1658997722
|move|p2a: Toxapex|Scald|p1a: Slowking
|-damage|p1a: Slowking|74/100
|move|p1a: Slowking|Future Sight|p2a: Toxapex
|-start|p1a: Slowking|move: Future Sight
|
|upkeep
|turn|64
|
|t:|1658997726
|switch|p2a: Hydreigon|Hydreigon, M|73/100 psn
|move|p1a: Slowking|Sludge Bomb|p2a: Hydreigon
|-damage|p2a: Hydreigon|31/100 psn
|
|-heal|p2a: Hydreigon|37/100 psn|[from] item: Leftovers
|-damage|p2a: Hydreigon|25/100 psn|[from] psn
|upkeep
|turn|65
|
|t:|1658997728
|switch|p1a: Rillaboom|Rillaboom, F|82/100 tox
|-fieldstart|move: Grassy Terrain|[from] ability: Grassy Surge|[of] p1a: Rillaboom
|move|p2a: Hydreigon|Roost|p2a: Hydreigon
|-heal|p2a: Hydreigon|75/100 psn
|-singleturn|p2a: Hydreigon|move: Roost
|
|-end|p2a: Hydreigon|move: Future Sight
|-immune|p2a: Hydreigon
|-heal|p2a: Hydreigon|81/100 psn|[from] item: Leftovers
|-heal|p1a: Rillaboom|88/100 tox|[from] Grassy Terrain
|-heal|p1a: Rillaboom|94/100 tox|[from] item: Leftovers
|-damage|p2a: Hydreigon|69/100 psn|[from] psn
|-damage|p1a: Rillaboom|88/100 tox|[from] psn
|upkeep
|turn|66
|
|t:|1658997733
|switch|p2a: Toxapex|Toxapex, F|95/100
|switch|p1a: Hippowdon|Hippowdon, F|67/100
|-weather|Sandstorm|[from] ability: Sand Stream|[of] p1a: Hippowdon
|
|-weather|Sandstorm|[upkeep]
|-damage|p2a: Toxapex|89/100|[from] Sandstorm
|-heal|p1a: Hippowdon|73/100|[from] Grassy Terrain
|-heal|p1a: Hippowdon|80/100|[from] item: Leftovers
|-heal|p2a: Toxapex|95/100|[from] Grassy Terrain
|upkeep
|turn|67
|
|t:|1658997736
|switch|p2a: Clefable|Clefable, F|86/100
|move|p1a: Hippowdon|Stealth Rock|p2a: Clefable
|-sidestart|p2: antarctozolt|move: Stealth Rock
|
|-weather|Sandstorm|[upkeep]
|-heal|p2a: Clefable|92/100|[from] Grassy Terrain
|-heal|p1a: Hippowdon|86/100|[from] Grassy Terrain
|-heal|p1a: Hippowdon|92/100|[from] item: Leftovers
|upkeep
|turn|68
|
|t:|1658997738
|switch|p1a: Corviknight|Corviknight, F|41/100
|-ability|p1a: Corviknight|Pressure
|move|p2a: Clefable|Stealth Rock|p1a: Corviknight
|-sidestart|p1: LT91BB Jester|move: Stealth Rock
|
|-weather|Sandstorm|[upkeep]
|-heal|p2a: Clefable|98/100|[from] Grassy Terrain
|upkeep
|turn|69
|
|t:|1658997741
|switch|p2a: Toxapex|Toxapex, F|100/100
|-damage|p2a: Toxapex|88/100|[from] Stealth Rock
|move|p1a: Corviknight|Body Press|p2a: Toxapex
|-resisted|p2a: Toxapex
|-damage|p2a: Toxapex|80/100
|
|-weather|Sandstorm|[upkeep]
|-damage|p2a: Toxapex|74/100|[from] Sandstorm
|-heal|p2a: Toxapex|80/100|[from] Grassy Terrain
|-fieldend|move: Grassy Terrain
|upkeep
|turn|70
|
|t:|1658997743
|move|p1a: Corviknight|Roost|p1a: Corviknight
|-heal|p1a: Corviknight|91/100
|-singleturn|p1a: Corviknight|move: Roost
|move|p2a: Toxapex|Scald|p1a: Corviknight
|-damage|p1a: Corviknight|76/100
|-status|p1a: Corviknight|brn
|
|-weather|none
|-damage|p1a: Corviknight|70/100 brn|[from] brn
|upkeep
|turn|71
|
|t:|1658997747
|move|p1a: Corviknight|Defog|p2a: Toxapex
|-unboost|p2a: Toxapex|evasion|1
|-sideend|p2: antarctozolt|Stealth Rock|[from] move: Defog|[of] p1a: Corviknight
|-sideend|p1: LT91BB Jester|Stealth Rock|[from] move: Defog|[of] p1a: Corviknight
|move|p2a: Toxapex|Scald|p1a: Corviknight
|-damage|p1a: Corviknight|53/100 brn
|
|-damage|p1a: Corviknight|47/100 brn|[from] brn
|upkeep
|turn|72
|
|t:|1658997749
|switch|p2a: Clefable|Clefable, F|98/100
|move|p1a: Corviknight|U-turn|p2a: Clefable
|-resisted|p2a: Clefable
|-damage|p2a: Clefable|95/100
|
|t:|1658997752
|switch|p1a: Slowking|Slowking-Galar, F|100/100|[from]move: U-turn
|
|upkeep
|turn|73
|c| Barracades|test
|
|t:|1658997763
|switch|p2a: Landorus|Landorus-Therian, M|44/100 brn
|-ability|p2a: Landorus|Intimidate|boost
|-unboost|p1a: Slowking|atk|1
|move|p1a: Slowking|Future Sight|p2a: Landorus
|-start|p1a: Slowking|move: Future Sight
|
|-heal|p2a: Landorus|50/100 brn|[from] item: Leftovers
|-damage|p2a: Landorus|44/100 brn|[from] brn
|upkeep
|turn|74
|
|t:|1658997769
|move|p2a: Landorus|U-turn|p1a: Slowking
|-crit|p1a: Slowking
|-damage|p1a: Slowking|82/100
|
|t:|1658997771
|switch|p2a: Hydreigon|Hydreigon, M|69/100 psn|[from]move: U-turn
|move|p1a: Slowking|Scald|p2a: Hydreigon
|-resisted|p2a: Hydreigon
|-damage|p2a: Hydreigon|56/100 psn
|
|-heal|p2a: Hydreigon|62/100 psn|[from] item: Leftovers
|-damage|p2a: Hydreigon|50/100 psn|[from] psn
|upkeep
|turn|75
|
|t:|1658997777
|switch|p1a: Hippowdon|Hippowdon, F|92/100
|-weather|Sandstorm|[from] ability: Sand Stream|[of] p1a: Hippowdon
|move|p2a: Hydreigon|Roost|p2a: Hydreigon
|-heal|p2a: Hydreigon|99/100 psn
|-singleturn|p2a: Hydreigon|move: Roost
|
|-weather|Sandstorm|[upkeep]
|-damage|p2a: Hydreigon|94/100 psn|[from] Sandstorm
|-end|p2a: Hydreigon|move: Future Sight
|-immune|p2a: Hydreigon
|-heal|p2a: Hydreigon|99/100 psn|[from] item: Leftovers
|-heal|p1a: Hippowdon|98/100|[from] item: Leftovers
|-damage|p2a: Hydreigon|87/100 psn|[from] psn
|upkeep
|turn|76
|
|t:|1658997782
|move|p2a: Hydreigon|Dark Pulse|p1a: Hippowdon
|-damage|p1a: Hippowdon|71/100
|move|p1a: Hippowdon|Stealth Rock|p2a: Hydreigon
|-sidestart|p2: antarctozolt|move: Stealth Rock
|
|-weather|Sandstorm|[upkeep]
|-damage|p2a: Hydreigon|81/100 psn|[from] Sandstorm
|-heal|p2a: Hydreigon|87/100 psn|[from] item: Leftovers
|-heal|p1a: Hippowdon|78/100|[from] item: Leftovers
|-damage|p2a: Hydreigon|75/100 psn|[from] psn
|upkeep
|turn|77
|
|t:|1658997793
|switch|p1a: Slowking|Slowking-Galar, F|100/100
|move|p2a: Hydreigon|Dark Pulse|p1a: Slowking
|-supereffective|p1a: Slowking
|-damage|p1a: Slowking|62/100
|
|-weather|Sandstorm|[upkeep]
|-damage|p2a: Hydreigon|69/100 psn|[from] Sandstorm
|-damage|p1a: Slowking|56/100|[from] Sandstorm
|-heal|p2a: Hydreigon|75/100 psn|[from] item: Leftovers
|-damage|p2a: Hydreigon|63/100 psn|[from] psn
|upkeep
|turn|78
|
|t:|1658997810
|switch|p2a: Landorus|Landorus-Therian, M|44/100 brn
|-damage|p2a: Landorus|32/100 brn|[from] Stealth Rock
|-ability|p2a: Landorus|Intimidate|boost
|-unboost|p1a: Slowking|atk|1
|switch|p1a: Hippowdon|Hippowdon, F|78/100
|
|-weather|Sandstorm|[upkeep]
|-heal|p2a: Landorus|38/100 brn|[from] item: Leftovers
|-heal|p1a: Hippowdon|84/100|[from] item: Leftovers
|-damage|p2a: Landorus|32/100 brn|[from] brn
|upkeep
|turn|79
|
|t:|1658997815
|switch|p1a: Corviknight|Corviknight, F|47/100 brn
|-ability|p1a: Corviknight|Pressure
|move|p2a: Landorus|Defog|p1a: Corviknight
|-unboost|p1a: Corviknight|evasion|1
|-sideend|p2: antarctozolt|Stealth Rock|[from] move: Defog|[of] p2a: Landorus
|
|-weather|none
|-heal|p2a: Landorus|38/100 brn|[from] item: Leftovers
|-damage|p2a: Landorus|32/100 brn|[from] brn
|-damage|p1a: Corviknight|41/100 brn|[from] brn
|upkeep
|turn|80
|
|t:|1658997818
|move|p2a: Landorus|U-turn|p1a: Corviknight
|-resisted|p1a: Corviknight
|-damage|p1a: Corviknight|40/100 brn
|
|t:|1658997819
|switch|p2a: Clefable|Clefable, F|95/100|[from]move: U-turn
|move|p1a: Corviknight|Roost|p1a: Corviknight
|-heal|p1a: Corviknight|90/100 brn
|-singleturn|p1a: Corviknight|move: Roost
|
|-damage|p1a: Corviknight|84/100 brn|[from] brn
|upkeep
|turn|81
|
|t:|1658997822
|move|p1a: Corviknight|U-turn|p2a: Clefable
|-resisted|p2a: Clefable
|-damage|p2a: Clefable|93/100
|
|t:|1658997825
|switch|p1a: Hippowdon|Hippowdon, F|84/100|[from]move: U-turn
|-weather|Sandstorm|[from] ability: Sand Stream|[of] p1a: Hippowdon
|move|p2a: Clefable|Stealth Rock|p1a: Hippowdon
|-sidestart|p1: LT91BB Jester|move: Stealth Rock
|
|-weather|Sandstorm|[upkeep]
|-heal|p1a: Hippowdon|90/100|[from] item: Leftovers
|upkeep
|turn|82
|
|t:|1658997828
|switch|p2a: Hydreigon|Hydreigon, M|63/100 psn
|move|p1a: Hippowdon|Stealth Rock|p2a: Hydreigon
|-sidestart|p2: antarctozolt|move: Stealth Rock
|
|-weather|Sandstorm|[upkeep]
|-damage|p2a: Hydreigon|57/100 psn|[from] Sandstorm
|-heal|p2a: Hydreigon|63/100 psn|[from] item: Leftovers
|-heal|p1a: Hippowdon|96/100|[from] item: Leftovers
|-damage|p2a: Hydreigon|51/100 psn|[from] psn
|upkeep
|turn|83
|
|t:|1658997831
|switch|p1a: Slowking|Slowking-Galar, F|90/100
|-damage|p1a: Slowking|77/100|[from] Stealth Rock
|move|p2a: Hydreigon|Roost|p2a: Hydreigon
|-heal|p2a: Hydreigon|100/100 psn
|-singleturn|p2a: Hydreigon|move: Roost
|
|-weather|Sandstorm|[upkeep]
|-damage|p2a: Hydreigon|95/100 psn|[from] Sandstorm
|-damage|p1a: Slowking|71/100|[from] Sandstorm
|-heal|p2a: Hydreigon|100/100 psn|[from] item: Leftovers
|-damage|p2a: Hydreigon|88/100 psn|[from] psn
|upkeep
|turn|84
|
|t:|1658997846
|switch|p1a: Corviknight|Corviknight, F|84/100 brn
|-damage|p1a: Corviknight|72/100 brn|[from] Stealth Rock
|-ability|p1a: Corviknight|Pressure
|move|p2a: Hydreigon|Nasty Plot|p2a: Hydreigon
|-boost|p2a: Hydreigon|spa|2
|
|-weather|Sandstorm|[upkeep]
|-damage|p2a: Hydreigon|82/100 psn|[from] Sandstorm
|-heal|p2a: Hydreigon|88/100 psn|[from] item: Leftovers
|-damage|p2a: Hydreigon|76/100 psn|[from] psn
|-damage|p1a: Corviknight|66/100 brn|[from] brn
|upkeep
|turn|85
|
|t:|1658997852
|move|p2a: Hydreigon|Dark Pulse|p1a: Corviknight
|-damage|p1a: Corviknight|0 fnt
|faint|p1a: Corviknight
|
|-weather|none
|-heal|p2a: Hydreigon|82/100 psn|[from] item: Leftovers
|-damage|p2a: Hydreigon|70/100 psn|[from] psn
|upkeep
|
|t:|1658997854
|switch|p1a: Rillaboom|Rillaboom, F|88/100 tox
|-damage|p1a: Rillaboom|76/100 tox|[from] Stealth Rock
|-fieldstart|move: Grassy Terrain|[from] ability: Grassy Surge|[of] p1a: Rillaboom
|turn|86
|
|t:|1658997857
|move|p2a: Hydreigon|Dark Pulse|p1a: Rillaboom
|-damage|p1a: Rillaboom|0 fnt
|faint|p1a: Rillaboom
|
|-heal|p2a: Hydreigon|76/100 psn|[from] item: Leftovers
|-damage|p2a: Hydreigon|63/100 psn|[from] psn
|upkeep
|c|☆LT91BB Jester|gg
|-message|LT91BB Jester forfeited.
|
|win|antarctozolt
|raw|LT91BB Jester's rating: 1620 &rarr; <strong>1613</strong><br />(-7 for losing)
|raw|antarctozolt's rating: 1878 &rarr; <strong>1885</strong><br />(+7 for winning)
|l| ClumsyClefable
|l|☆LT91BB Jester
