|j|☆andrewm0n
|j|☆willcoxw
|player|p1|andrewm0n|253|1631
|player|p2|willcoxw|karen|1711
|teamsize|p1|6
|teamsize|p2|6
|gametype|singles
|gen|8
|tier|[Gen 8] OU
|rated|
|clearpoke
|poke|p1|Hatterene, F|
|poke|p1|Rhyperior, M|
|poke|p1|Rillaboom, M|
|poke|p1|Corviknight, M|
|poke|p1|Dragapult, M|
|poke|p1|Clefable, F|
|poke|p2|Shuckle, M|
|poke|p2|Togekiss, M|
|poke|p2|Cinderace, M|
|poke|p2|Dracozolt|
|poke|p2|Kyurem|
|poke|p2|Zeraora|
|rule|Sleep Clause Mod: Limit one foe put to sleep
|rule|Species Clause: Limit one of each Pokémon
|rule|OHKO Clause: OHKO moves are banned
|rule|Evasion Moves Clause: Evasion moves are banned
|rule|Endless Battle Clause: Forcing endless battles is banned
|rule|HP Percentage Mod: HP is shown in percentages
|rule|Dynamax Clause: You cannot dynamax
|teampreview
|
|start
|switch|p1a: Rillaboom|Rillaboom, M|100/100
|switch|p2a: Kyurem|Kyurem|100/100
|-fieldstart|move: Grassy Terrain|[from] ability: Grassy Surge|[of] p1a: Rillaboom
|-ability|p2a: Kyurem|Pressure
|turn|1
|
|switch|p1a: Corviknight|Corviknight, M|100/100
|-ability|p1a: Corviknight|Pressure
|move|p2a: Kyurem|Ice Beam|p1a: Corviknight
|-damage|p1a: Corviknight|65/100
|
|-heal|p1a: Corviknight|71/100|[from] item: Leftovers
|upkeep
|turn|2
|
|move|p2a: Kyurem|Ice Beam|p1a: Corviknight
|-damage|p1a: Corviknight|29/100
|move|p1a: Corviknight|U-turn|p2a: Kyurem
|-damage|p2a: Kyurem|88/100
|
|switch|p1a: Clefable|Clefable, F|100/100|[from]move: U-turn
|
|-heal|p2a: Kyurem|94/100|[from] Grassy Terrain
|upkeep
|turn|3
|
|move|p2a: Kyurem|Ice Beam|p1a: Clefable
|-damage|p1a: Clefable|27/100
|-status|p1a: Clefable|frz
|cant|p1a: Clefable|frz
|
|-heal|p2a: Kyurem|99/100|[from] Grassy Terrain
|-heal|p1a: Clefable|33/100 frz|[from] item: Leftovers
|-heal|p1a: Clefable|39/100 frz|[from] Grassy Terrain
|upkeep
|turn|4
|
|-curestatus|p1a: Clefable|frz|[msg]
|move|p1a: Clefable|Protect|p1a: Clefable
|-singleturn|p1a: Clefable|Protect
|move|p2a: Kyurem|Ice Beam|p1a: Clefable
|-activate|p1a: Clefable|move: Protect
|
|-heal|p2a: Kyurem|100/100|[from] Grassy Terrain
|-heal|p1a: Clefable|45/100|[from] item: Leftovers
|-heal|p1a: Clefable|51/100|[from] Grassy Terrain
|upkeep
|turn|5
|
|switch|p1a: Corviknight|Corviknight, M|29/100
|-ability|p1a: Corviknight|Pressure
|move|p2a: Kyurem|Ice Beam|p1a: Corviknight
|-damage|p1a: Corviknight|0 fnt
|faint|p1a: Corviknight
|
|-fieldend|move: Grassy Terrain
|upkeep
|
|switch|p1a: Dragapult|Dragapult, M|100/100
|turn|6
|
|move|p1a: Dragapult|Substitute|p1a: Dragapult
|-start|p1a: Dragapult|Substitute
|-damage|p1a: Dragapult|76/100
|move|p2a: Kyurem|Ice Beam|p1a: Dragapult
|-supereffective|p1a: Dragapult
|-end|p1a: Dragapult|Substitute
|
|-heal|p1a: Dragapult|82/100|[from] item: Leftovers
|upkeep
|turn|7
|
|move|p1a: Dragapult|Substitute|p1a: Dragapult
|-start|p1a: Dragapult|Substitute
|-damage|p1a: Dragapult|57/100
|move|p2a: Kyurem|Ice Beam|p1a: Dragapult
|-supereffective|p1a: Dragapult
|-end|p1a: Dragapult|Substitute
|
|-heal|p1a: Dragapult|63/100|[from] item: Leftovers
|upkeep
|turn|8
|
|move|p1a: Dragapult|Dragon Darts|p2a: Kyurem
|-supereffective|p2a: Kyurem
|-damage|p2a: Kyurem|45/100
|-anim|p1a: Dragapult|Dragon Darts|p2a: Kyurem
|-supereffective|p2a: Kyurem
|-crit|p2a: Kyurem
|-damage|p2a: Kyurem|0 fnt
|faint|p2a: Kyurem
|
|-heal|p1a: Dragapult|69/100|[from] item: Leftovers
|upkeep
|
|switch|p2a: Shuckle|Shuckle, M|100/100
|turn|9
|
|switch|p1a: Hatterene|Hatterene, F|100/100
|move|p2a: Shuckle|Sticky Web|p1a: Hatterene
|move|p1a: Hatterene|Sticky Web|p2a: Shuckle|[from]Magic Bounce
|-sidestart|p2: willcoxw|move: Sticky Web
|
|upkeep
|turn|10
|
|move|p1a: Hatterene|Calm Mind|p1a: Hatterene
|-boost|p1a: Hatterene|spa|1
|-boost|p1a: Hatterene|spd|1
|move|p2a: Shuckle|Stealth Rock|p1a: Hatterene
|move|p1a: Hatterene|Stealth Rock|p2a: Shuckle|[from]Magic Bounce
|-sidestart|p2: willcoxw|move: Stealth Rock
|
|upkeep
|turn|11
|
|move|p1a: Hatterene|Psyshock|p2a: Shuckle
|-damage|p2a: Shuckle|60/100
|-enditem|p2a: Shuckle|Red Card|[of] p1a: Hatterene
|drag|p1a: Rhyperior|Rhyperior, M|100/100
|move|p2a: Shuckle|Final Gambit|p1a: Rhyperior
|-damage|p1a: Rhyperior|63/100
|faint|p2a: Shuckle
|
|-heal|p1a: Rhyperior|69/100|[from] item: Leftovers
|upkeep
|
|switch|p2a: Cinderace|Cinderace, M|100/100
|turn|12
|
|move|p2a: Cinderace|Court Change|p2a: Cinderace
|-start|p2a: Cinderace|typechange|Normal|[from] ability: Libero
|-sideend|p2: willcoxw|Stealth Rock|[silent]
|-sidestart|p1: andrewm0n|Stealth Rock|[silent]
|-sideend|p2: willcoxw|Sticky Web|[silent]
|-sidestart|p1: andrewm0n|Sticky Web|[silent]
|-activate|p2a: Cinderace|move: Court Change
|move|p1a: Rhyperior|High Horsepower|p2a: Cinderace
|-damage|p2a: Cinderace|26/100
|
|-heal|p1a: Rhyperior|75/100|[from] item: Leftovers
|upkeep
|turn|13
|
|move|p2a: Cinderace|Sucker Punch||[still]
|-start|p2a: Cinderace|typechange|Dark|[from] ability: Libero
|-fail|p2a: Cinderace
|move|p1a: Rhyperior|Stealth Rock|p2a: Cinderace
|-sidestart|p2: willcoxw|move: Stealth Rock
|
|-heal|p1a: Rhyperior|82/100|[from] item: Leftovers
|upkeep
|turn|14
|
|move|p2a: Cinderace|Pyro Ball|p1a: Rhyperior
|-start|p2a: Cinderace|typechange|Fire|[from] ability: Libero
|-resisted|p1a: Rhyperior
|-damage|p1a: Rhyperior|61/100
|move|p1a: Rhyperior|Rock Blast|p2a: Cinderace
|-supereffective|p2a: Cinderace
|-damage|p2a: Cinderace|0 fnt
|-hitcount|p2a: Cinderace|1
|faint|p2a: Cinderace
|
|-heal|p1a: Rhyperior|67/100|[from] item: Leftovers
|upkeep
|
|switch|p2a: Zeraora|Zeraora|100/100
|-damage|p2a: Zeraora|88/100|[from] Stealth Rock
|turn|15
|
|switch|p1a: Rillaboom|Rillaboom, M|100/100
|-damage|p1a: Rillaboom|88/100|[from] Stealth Rock
|-activate|p1a: Rillaboom|move: Sticky Web
|-unboost|p1a: Rillaboom|spe|1
|-fieldstart|move: Grassy Terrain|[from] ability: Grassy Surge|[of] p1a: Rillaboom
|move|p2a: Zeraora|Close Combat|p1a: Rillaboom
|-damage|p1a: Rillaboom|32/100
|-unboost|p2a: Zeraora|def|1
|-unboost|p2a: Zeraora|spd|1
|-damage|p2a: Zeraora|78/100|[from] item: Life Orb
|
|-heal|p2a: Zeraora|84/100|[from] Grassy Terrain
|-heal|p1a: Rillaboom|38/100|[from] Grassy Terrain
|upkeep
|turn|16
|
|move|p2a: Zeraora|Knock Off|p1a: Rillaboom
|-damage|p1a: Rillaboom|0 fnt
|-enditem|p1a: Rillaboom|Miracle Seed|[from] move: Knock Off|[of] p2a: Zeraora
|-damage|p2a: Zeraora|75/100|[from] item: Life Orb
|faint|p1a: Rillaboom
|
|-heal|p2a: Zeraora|81/100|[from] Grassy Terrain
|upkeep
|
|switch|p1a: Clefable|Clefable, F|51/100
|-activate|p1a: Clefable|move: Sticky Web
|-unboost|p1a: Clefable|spe|1
|-damage|p1a: Clefable|39/100|[from] Stealth Rock
|turn|17
|
|switch|p2a: Togekiss|Togekiss, M|100/100
|-damage|p2a: Togekiss|76/100|[from] Stealth Rock
|move|p1a: Clefable|Protect||[still]
|-fail|p1a: Clefable
|
|-heal|p2a: Togekiss|82/100|[from] item: Leftovers
|-heal|p1a: Clefable|45/100|[from] item: Leftovers
|-heal|p1a: Clefable|51/100|[from] Grassy Terrain
|upkeep
|turn|18
|
|move|p2a: Togekiss|Nasty Plot|p2a: Togekiss
|-boost|p2a: Togekiss|spa|2
|move|p1a: Clefable|Wish|p1a: Clefable
|
|-heal|p2a: Togekiss|88/100|[from] item: Leftovers
|-heal|p1a: Clefable|57/100|[from] item: Leftovers
|-heal|p1a: Clefable|63/100|[from] Grassy Terrain
|upkeep
|turn|19
|
|switch|p1a: Rhyperior|Rhyperior, M|67/100
|-activate|p1a: Rhyperior|move: Sticky Web
|-unboost|p1a: Rhyperior|spe|1
|-damage|p1a: Rhyperior|61/100|[from] Stealth Rock
|move|p2a: Togekiss|Air Slash|p1a: Rhyperior
|-resisted|p1a: Rhyperior
|-damage|p1a: Rhyperior|28/100
|
|-heal|p1a: Rhyperior|79/100|[from] move: Wish|[wisher] Clefable
|-heal|p2a: Togekiss|94/100|[from] item: Leftovers
|-heal|p1a: Rhyperior|85/100|[from] item: Leftovers
|-heal|p1a: Rhyperior|91/100|[from] Grassy Terrain
|-fieldend|move: Grassy Terrain
|upkeep
|turn|20
|
|move|p2a: Togekiss|Air Slash|p1a: Rhyperior
|-resisted|p1a: Rhyperior
|-damage|p1a: Rhyperior|58/100
|move|p1a: Rhyperior|Rock Blast|p2a: Togekiss
|-supereffective|p2a: Togekiss
|-damage|p2a: Togekiss|59/100
|-supereffective|p2a: Togekiss
|-damage|p2a: Togekiss|28/100
|-supereffective|p2a: Togekiss
|-damage|p2a: Togekiss|0 fnt
|-hitcount|p2a: Togekiss|3
|faint|p2a: Togekiss
|
|-heal|p1a: Rhyperior|64/100|[from] item: Leftovers
|upkeep
|
|switch|p2a: Dracozolt|Dracozolt|100/100
|-damage|p2a: Dracozolt|88/100|[from] Stealth Rock
|turn|21
|
|move|p2a: Dracozolt|Low Kick|p1a: Rhyperior
|-supereffective|p1a: Rhyperior
|-damage|p1a: Rhyperior|6/100
|move|p1a: Rhyperior|High Horsepower|p2a: Dracozolt
|-supereffective|p2a: Dracozolt
|-damage|p2a: Dracozolt|0 fnt
|faint|p2a: Dracozolt
|
|-heal|p1a: Rhyperior|12/100|[from] item: Leftovers
|upkeep
|
|switch|p2a: Zeraora|Zeraora|81/100
|-damage|p2a: Zeraora|68/100|[from] Stealth Rock
|turn|22
|
|switch|p1a: Dragapult|Dragapult, M|69/100
|-activate|p1a: Dragapult|move: Sticky Web
|-unboost|p1a: Dragapult|spe|1
|-damage|p1a: Dragapult|56/100|[from] Stealth Rock
|move|p2a: Zeraora|Knock Off|p1a: Dragapult
|-supereffective|p1a: Dragapult
|-damage|p1a: Dragapult|0 fnt
|-enditem|p1a: Dragapult|Leftovers|[from] move: Knock Off|[of] p2a: Zeraora
|-damage|p2a: Zeraora|59/100|[from] item: Life Orb
|faint|p1a: Dragapult
|
|upkeep
|
|switch|p1a: Hatterene|Hatterene, F|100/100
|-activate|p1a: Hatterene|move: Sticky Web
|-unboost|p1a: Hatterene|spe|1
|-damage|p1a: Hatterene|88/100|[from] Stealth Rock
|turn|23
|
|move|p2a: Zeraora|Plasma Fists|p1a: Hatterene
|-damage|p1a: Hatterene|22/100
|-fieldactivate|move: Ion Deluge
|-damage|p2a: Zeraora|49/100|[from] item: Life Orb
|move|p1a: Hatterene|Psyshock|p2a: Zeraora
|-damage|p2a: Zeraora|0 fnt
|faint|p2a: Zeraora
|
|win|andrewm0n
|l|☆willcoxw
|raw|andrewm0n's rating: 1631 &rarr; <strong>1655</strong><br />(+24 for winning)
|raw|willcoxw's rating: 1711 &rarr; <strong>1686</strong><br />(-25 for losing)
