|html|<div class="broadcast-blue"><strong>[Gen 8] OU is currently suspecting Melmetal! For information on how to participate check out the <a href="https://www.smogon.com/forums/threads/np-ss-ou-suspect-process-round-12-monster-mash.3709234/">suspect thread</a>.</strong></div>
|j|☆Candicee
|j|☆tanishq1
|t:|1666784735
|gametype|singles
|player|p1|Candicee|psychicf-gen4|1716
|player|p2|tanishq1|101|1739
|teamsize|p1|6
|teamsize|p2|6
|gen|8
|tier|[Gen 8] OU
|rated|
|rule|Sleep Clause Mod: Limit one foe put to sleep
|rule|Species Clause: Limit one of each Pokémon
|rule|OHKO Clause: OHKO moves are banned
|rule|Evasion Items Clause: Evasion items are banned
|rule|Evasion Moves Clause: Evasion moves are banned
|rule|Endless Battle Clause: Forcing endless battles is banned
|rule|HP Percentage Mod: HP is shown in percentages
|rule|Dynamax Clause: You cannot dynamax
|clearpoke
|poke|p1|Thundurus, M|
|poke|p1|Tornadus-Therian, M|
|poke|p1|Tapu Fini|
|poke|p1|Tyranitar, F|
|poke|p1|Excadrill, F|
|poke|p1|Ferrothorn, F|
|poke|p2|Rillaboom, M|
|poke|p2|Tornadus-Therian, M|
|poke|p2|Blaziken, F|
|poke|p2|Melmetal|
|poke|p2|Garchomp, M|
|poke|p2|Slowbro, F|
|teampreview
|inactive|Battle timer is ON: inactive players will automatically lose when time's up. (requested by tanishq1)
|j| wadadasafsfadf
|
|t:|1666784747
|start
|switch|p1a: Lilith|Tyranitar, F|100/100
|switch|p2a: Melmetal|Melmetal|100/100
|-weather|Sandstorm|[from] ability: Sand Stream|[of] p1a: Lilith
|turn|1
|
|t:|1666784749
|switch|p1a: Ortie|Ferrothorn, F|100/100
|move|p2a: Melmetal|Superpower|p1a: Ortie
|-supereffective|p1a: Ortie
|-damage|p1a: Ortie|42/100
|-unboost|p2a: Melmetal|atk|1
|-unboost|p2a: Melmetal|def|1
|-damage|p2a: Melmetal|88/100|[from] ability: Iron Barbs|[of] p1a: Ortie
|-damage|p2a: Melmetal|71/100|[from] item: Rocky Helmet|[of] p1a: Ortie
|
|-weather|Sandstorm|[upkeep]
|-heal|p2a: Melmetal|78/100|[from] item: Leftovers
|upkeep
|turn|2
|
|t:|1666784758
|switch|p2a: Slowbro|Slowbro, F|100/100
|move|p1a: Ortie|Spikes|p2a: Slowbro
|-sidestart|p2: tanishq1|Spikes
|
|-weather|Sandstorm|[upkeep]
|-damage|p2a: Slowbro|94/100|[from] Sandstorm
|upkeep
|turn|3
|
|t:|1666784762
|move|p1a: Ortie|Spikes|p2a: Slowbro
|-sidestart|p2: tanishq1|Spikes
|move|p2a: Slowbro|Teleport|p2a: Slowbro
|
|t:|1666784764
|switch|p2a: Tornadus|Tornadus-Therian, M|100/100|[from]move: Teleport
|
|-weather|Sandstorm|[upkeep]
|-damage|p2a: Tornadus|94/100|[from] Sandstorm
|upkeep
|turn|4
|
|t:|1666784767
|switch|p1a: Blunderus|Thundurus, M|100/100
|move|p2a: Tornadus|Heat Wave|p1a: Blunderus
|-damage|p1a: Blunderus|66/100
|
|-weather|Sandstorm|[upkeep]
|-damage|p1a: Blunderus|60/100|[from] Sandstorm
|-damage|p2a: Tornadus|88/100|[from] Sandstorm
|upkeep
|turn|5
|
|t:|1666784774
|move|p1a: Blunderus|Wild Charge|p2a: Tornadus
|-supereffective|p2a: Tornadus
|-damage|p2a: Tornadus|0 fnt
|faint|p2a: Tornadus
|-damage|p1a: Blunderus|33/100|[from] Recoil
|
|-weather|Sandstorm|[upkeep]
|-damage|p1a: Blunderus|27/100|[from] Sandstorm
|upkeep
|
|t:|1666784780
|switch|p2a: Garchomp|Garchomp, M|100/100
|-damage|p2a: Garchomp|84/100|[from] Spikes
|turn|6
|
|t:|1666784792
|move|p1a: Blunderus|Knock Off|p2a: Garchomp
|-damage|p2a: Garchomp|59/100
|-damage|p1a: Blunderus|15/100|[from] ability: Rough Skin|[of] p2a: Garchomp
|-enditem|p2a: Garchomp|Leftovers|[from] move: Knock Off|[of] p1a: Blunderus
|move|p2a: Garchomp|Stealth Rock|p1a: Blunderus
|-sidestart|p1: Candicee|move: Stealth Rock
|
|-weather|Sandstorm|[upkeep]
|-damage|p1a: Blunderus|9/100|[from] Sandstorm
|upkeep
|turn|7
|
|t:|1666784800
|switch|p1a: Harmony|Tapu Fini|100/100
|-damage|p1a: Harmony|88/100|[from] Stealth Rock
|-fieldstart|move: Misty Terrain|[from] ability: Misty Surge|[of] p1a: Harmony
|move|p2a: Garchomp|Earthquake|p1a: Harmony
|-damage|p1a: Harmony|54/100
|
|-weather|Sandstorm|[upkeep]
|-damage|p1a: Harmony|48/100|[from] Sandstorm
|-heal|p1a: Harmony|54/100|[from] item: Leftovers
|upkeep
|turn|8
|
|t:|1666784811
|move|p2a: Garchomp|Earthquake|p1a: Harmony
|-damage|p1a: Harmony|25/100
|move|p1a: Harmony|Nature's Madness|p2a: Garchomp
|-damage|p2a: Garchomp|30/100
|
|-weather|none
|-heal|p1a: Harmony|31/100|[from] item: Leftovers
|upkeep
|turn|9
|
|t:|1666784820
|switch|p1a: Éole|Tornadus-Therian, M|100/100
|-damage|p1a: Éole|76/100|[from] Stealth Rock
|move|p2a: Garchomp|Toxic|p1a: Éole
|-status|p1a: Éole|tox
|
|-damage|p1a: Éole|69/100 tox|[from] psn
|upkeep
|turn|10
|
|t:|1666784823
|move|p2a: Garchomp|Protect|p2a: Garchomp
|-singleturn|p2a: Garchomp|Protect
|move|p1a: Éole|Icy Wind|p2a: Garchomp
|-activate|p2a: Garchomp|move: Protect
|
|-damage|p1a: Éole|57/100 tox|[from] psn
|upkeep
|turn|11
|
|t:|1666784833
|move|p1a: Éole|Icy Wind|p2a: Garchomp
|-supereffective|p2a: Garchomp
|-damage|p2a: Garchomp|0 fnt
|faint|p2a: Garchomp
|
|-damage|p1a: Éole|39/100 tox|[from] psn
|-fieldend|Misty Terrain
|upkeep
|
|t:|1666784840
|switch|p2a: Blaziken|Blaziken, F|100/100
|-damage|p2a: Blaziken|84/100|[from] Spikes
|turn|12
|j| Le Herbo
|j| KappaHalo
|inactive|Candicee has 120 seconds left.
|j| kyonharuhi
|inactive|Candicee has 90 seconds left.
|inactive|Candicee has 60 seconds left.
|inactive|Candicee has 30 seconds left.
|inactive|Candicee has 20 seconds left.
|inactive|Candicee has 15 seconds left.
|l| kyonharuhi
|inactive|Candicee has 10 seconds left.
|
|t:|1666784981
|move|p2a: Blaziken|Protect|p2a: Blaziken
|-singleturn|p2a: Blaziken|Protect
|move|p1a: Éole|Knock Off|p2a: Blaziken
|-activate|p2a: Blaziken|move: Protect
|
|-heal|p2a: Blaziken|90/100|[from] item: Leftovers
|-damage|p1a: Éole|15/100 tox|[from] psn
|-ability|p2a: Blaziken|Speed Boost|boost
|-boost|p2a: Blaziken|spe|1
|upkeep
|turn|13
|inactive|Candicee has 20 seconds left this turn.
|
|t:|1666785006
|switch|p1a: Harmony|Tapu Fini|31/100
|-damage|p1a: Harmony|18/100|[from] Stealth Rock
|-fieldstart|move: Misty Terrain|[from] ability: Misty Surge|[of] p1a: Harmony
|move|p2a: Blaziken|Flare Blitz|p1a: Harmony
|-resisted|p1a: Harmony
|-damage|p1a: Harmony|0 fnt
|faint|p1a: Harmony
|-damage|p2a: Blaziken|84/100|[from] Recoil
|
|-heal|p2a: Blaziken|90/100|[from] item: Leftovers
|-ability|p2a: Blaziken|Speed Boost|boost
|-boost|p2a: Blaziken|spe|1
|upkeep
|inactive|Candicee has 25 seconds left this turn.
|c|☆Candicee|sorry
|inactive|Candicee has 20 seconds left.
|
|t:|1666785012
|switch|p1a: Lilith|Tyranitar, F|100/100
|-damage|p1a: Lilith|88/100|[from] Stealth Rock
|-weather|Sandstorm|[from] ability: Sand Stream|[of] p1a: Lilith
|turn|14
|inactive|Candicee has 30 seconds left this turn.
|inactive|Candicee has 20 seconds left.
|
|t:|1666785022
|switch|p1a: Blunderus|Thundurus, M|9/100
|move|p2a: Blaziken|Protect||[still]
|-fail|p2a: Blaziken
|
|-weather|Sandstorm|[upkeep]
|-damage|p2a: Blaziken|84/100|[from] Sandstorm
|-damage|p1a: Blunderus|3/100|[from] Sandstorm
|-heal|p2a: Blaziken|90/100|[from] item: Leftovers
|-ability|p2a: Blaziken|Speed Boost|boost
|-boost|p2a: Blaziken|spe|1
|upkeep
|turn|15
|inactive|Candicee has 30 seconds left this turn.
|
|t:|1666785028
|switch|p1a: Ortie|Ferrothorn, F|42/100
|-damage|p1a: Ortie|36/100|[from] Stealth Rock
|move|p2a: Blaziken|Protect||[still]
|-fail|p2a: Blaziken
|
|-weather|Sandstorm|[upkeep]
|-damage|p2a: Blaziken|84/100|[from] Sandstorm
|-heal|p2a: Blaziken|90/100|[from] item: Leftovers
|-ability|p2a: Blaziken|Speed Boost|boost
|-boost|p2a: Blaziken|spe|1
|upkeep
|turn|16
|
|t:|1666785032
|move|p2a: Blaziken|Close Combat|p1a: Ortie
|-supereffective|p1a: Ortie
|-damage|p1a: Ortie|0 fnt
|-unboost|p2a: Blaziken|def|1
|-unboost|p2a: Blaziken|spd|1
|-damage|p2a: Blaziken|78/100|[from] ability: Iron Barbs|[of] p1a: Ortie
|-damage|p2a: Blaziken|61/100|[from] item: Rocky Helmet|[of] p1a: Ortie
|faint|p1a: Ortie
|
|-weather|Sandstorm|[upkeep]
|-damage|p2a: Blaziken|55/100|[from] Sandstorm
|-heal|p2a: Blaziken|61/100|[from] item: Leftovers
|-ability|p2a: Blaziken|Speed Boost|boost
|-boost|p2a: Blaziken|spe|1
|upkeep
|
|t:|1666785036
|switch|p1a: Éole|Tornadus-Therian, M|48/100 tox
|-damage|p1a: Éole|23/100 tox|[from] Stealth Rock
|turn|17
|-message|Candicee forfeited.
|
|win|tanishq1
|raw|Candicee's rating: 1716 &rarr; <strong>1697</strong><br />(-19 for losing)
|raw|tanishq1's rating: 1739 &rarr; <strong>1758</strong><br />(+19 for winning)
|l|☆Candicee
|l|☆tanishq1
|j| kyonharuhi
