|j|☆cactuscreator
|j|☆ty-tyui↻
|t:|1665619555
|gametype|singles
|player|p1|cactuscreator|pokemaniac|1588
|player|p2|ty-tyui↻|kamado|1653
|teamsize|p1|6
|teamsize|p2|6
|gen|8
|tier|[Gen 8] OU
|rated|
|rule|Sleep Clause Mod: Limit one foe put to sleep
|rule|Species Clause: Limit one of each Pokémon
|rule|OHKO Clause: OHKO moves are banned
|rule|Evasion Items Clause: Evasion items are banned
|rule|Evasion Moves Clause: Evasion moves are banned
|rule|Endless Battle Clause: Forcing endless battles is banned
|rule|HP Percentage Mod: HP is shown in percentages
|rule|Dynamax Clause: You cannot dynamax
|clearpoke
|poke|p1|Primarina, F|
|poke|p1|Melmetal|
|poke|p1|Mamoswine, M|
|poke|p1|Tornadus-Therian, M|
|poke|p1|Mandibuzz, F|
|poke|p1|Aegislash, F|
|poke|p2|Mienshao, M|
|poke|p2|Ninetales-Alola, M|
|poke|p2|Blacephalon|
|poke|p2|Landorus-Therian, M|
|poke|p2|Corviknight, M|
|poke|p2|Rotom-Wash|
|teampreview
|
|t:|1665619576
|start
|switch|p1a: Primarina|Primarina, F|100/100
|switch|p2a: Mienshao|Mienshao, M, shiny|100/100
|turn|1
|
|t:|1665619580
|move|p2a: Mienshao|Poison Jab|p1a: Primarina
|-supereffective|p1a: Primarina
|-damage|p1a: Primarina|0 fnt
|faint|p1a: Primarina
|-damage|p2a: Mienshao|91/100|[from] item: Life Orb
|
|upkeep
|inactive|Battle timer is ON: inactive players will automatically lose when time's up. (requested by cactuscreator)
|
|t:|1665619587
|switch|p1a: Tornadus|Tornadus-Therian, M|100/100
|turn|2
|
|t:|1665619613
|switch|p2a: Rotom|Rotom-Wash|100/100
|move|p1a: Tornadus|Hurricane|p2a: Rotom|[miss]
|-miss|p1a: Tornadus|p2a: Rotom
|
|upkeep
|turn|3
|
|t:|1665619621
|switch|p1a: Mandibuzz|Mandibuzz, F|100/100
|move|p2a: Rotom|Thunder Wave|p1a: Mandibuzz
|-status|p1a: Mandibuzz|par
|
|upkeep
|turn|4
|
|t:|1665619624
|move|p2a: Rotom|Volt Switch|p1a: Mandibuzz
|-supereffective|p1a: Mandibuzz
|-damage|p1a: Mandibuzz|68/100 par
|
|t:|1665619627
|switch|p2a: Ninetales|Ninetales-Alola, M|100/100|[from]move: Volt Switch
|-weather|Hail|[from] ability: Snow Warning|[of] p2a: Ninetales
|move|p1a: Mandibuzz|Toxic|p2a: Ninetales
|-status|p2a: Ninetales|tox
|
|-weather|Hail|[upkeep]
|-damage|p2a: Ninetales|95/100 tox|[from] psn
|upkeep
|turn|5
|
|t:|1665619636
|switch|p1a: Mamoswine|Mamoswine, M|100/100
|move|p2a: Ninetales|Blizzard|p1a: Mamoswine
|-damage|p1a: Mamoswine|10/100
|
|-weather|Hail|[upkeep]
|-damage|p2a: Ninetales|83/100 tox|[from] psn
|upkeep
|turn|6
|
|t:|1665619639
|switch|p1a: Melmetal|Melmetal|100/100
|move|p2a: Ninetales|Blizzard|p1a: Melmetal
|-resisted|p1a: Melmetal
|-damage|p1a: Melmetal|84/100
|
|-weather|Hail|[upkeep]
|-damage|p1a: Melmetal|77/100|[from] Hail
|-damage|p2a: Ninetales|65/100 tox|[from] psn
|upkeep
|turn|7
|
|t:|1665619643
|switch|p2a: Corviknight|Corviknight, M|100/100
|-ability|p2a: Corviknight|Pressure
|move|p1a: Melmetal|Thunder Punch|p2a: Corviknight
|-supereffective|p2a: Corviknight
|-damage|p2a: Corviknight|50/100
|-damage|p1a: Melmetal|61/100|[from] item: Rocky Helmet|[of] p2a: Corviknight
|
|-weather|Hail|[upkeep]
|-damage|p2a: Corviknight|44/100|[from] Hail
|-damage|p1a: Melmetal|55/100|[from] Hail
|upkeep
|turn|8
|
|t:|1665619649
|switch|p1a: Mamoswine|Mamoswine, M|10/100
|move|p2a: Corviknight|Roost|p2a: Corviknight
|-heal|p2a: Corviknight|94/100
|-singleturn|p2a: Corviknight|move: Roost
|
|-weather|none
|upkeep
|turn|9
|
|t:|1665619651
|move|p1a: Mamoswine|Stealth Rock|p2a: Corviknight
|-sidestart|p2: ty-tyui↻|move: Stealth Rock
|move|p2a: Corviknight|U-turn|p1a: Mamoswine
|-damage|p1a: Mamoswine|0 fnt
|faint|p1a: Mamoswine
|
|t:|1665619657
|switch|p2a: Rotom|Rotom-Wash|100/100|[from]move: U-turn
|-damage|p2a: Rotom|88/100|[from] Stealth Rock
|
|-heal|p2a: Rotom|94/100|[from] item: Leftovers
|upkeep
|
|t:|1665619661
|switch|p1a: Aegislash|Aegislash, F|100/100
|turn|10
|
|t:|1665619663
|move|p2a: Rotom|Thunder Wave|p1a: Aegislash
|-status|p1a: Aegislash|par
|-formechange|p1a: Aegislash|Aegislash-Blade||[from] ability: Stance Change
|move|p1a: Aegislash|Shadow Ball|p2a: Rotom
|-damage|p2a: Rotom|53/100
|
|-heal|p2a: Rotom|60/100|[from] item: Leftovers
|upkeep
|turn|11
|
|t:|1665619667
|-formechange|p1a: Aegislash|Aegislash||[from] ability: Stance Change
|move|p1a: Aegislash|King's Shield|p1a: Aegislash
|-singleturn|p1a: Aegislash|Protect
|move|p2a: Rotom|Pain Split|p1a: Aegislash
|-sethp|p1a: Aegislash|79/100 par|[from] move: Pain Split|[silent]
|-sethp|p2a: Rotom|83/100|[from] move: Pain Split
|
|-heal|p2a: Rotom|89/100|[from] item: Leftovers
|-heal|p1a: Aegislash|85/100 par|[from] item: Leftovers
|upkeep
|turn|12
|
|t:|1665619672
|move|p2a: Rotom|Volt Switch|p1a: Aegislash
|-damage|p1a: Aegislash|62/100 par
|
|t:|1665619674
|switch|p2a: Landorus|Landorus-Therian, M|100/100|[from]move: Volt Switch
|-damage|p2a: Landorus|88/100|[from] Stealth Rock
|-ability|p2a: Landorus|Intimidate|boost
|-unboost|p1a: Aegislash|atk|1
|-formechange|p1a: Aegislash|Aegislash-Blade||[from] ability: Stance Change
|move|p1a: Aegislash|Shadow Ball|p2a: Landorus
|-damage|p2a: Landorus|55/100
|
|-heal|p2a: Landorus|61/100|[from] item: Leftovers
|-heal|p1a: Aegislash|69/100 par|[from] item: Leftovers
|upkeep
|turn|13
|
|t:|1665619678
|switch|p1a: Mandibuzz|Mandibuzz, F|68/100 par
|move|p2a: Landorus|U-turn|p1a: Mandibuzz
|-damage|p1a: Mandibuzz|52/100 par
|
|t:|1665619692
|switch|p2a: Rotom|Rotom-Wash|89/100|[from]move: U-turn
|-damage|p2a: Rotom|76/100|[from] Stealth Rock
|
|-heal|p2a: Rotom|83/100|[from] item: Leftovers
|upkeep
|turn|14
|
|t:|1665619696
|move|p2a: Rotom|Volt Switch|p1a: Mandibuzz
|-supereffective|p1a: Mandibuzz
|-damage|p1a: Mandibuzz|14/100 par
|
|t:|1665619702
|switch|p2a: Mienshao|Mienshao, M, shiny|100/100|[from]move: Volt Switch
|-damage|p2a: Mienshao|94/100|[from] Stealth Rock
|move|p1a: Mandibuzz|Roost|p1a: Mandibuzz
|-heal|p1a: Mandibuzz|64/100 par
|-singleturn|p1a: Mandibuzz|move: Roost
|
|upkeep
|turn|15
|
|t:|1665619713
|switch|p1a: Aegislash|Aegislash, F|69/100 par
|move|p2a: Mienshao|Knock Off|p1a: Aegislash
|-supereffective|p1a: Aegislash
|-damage|p1a: Aegislash|0 fnt
|-enditem|p1a: Aegislash|Leftovers|[from] move: Knock Off|[of] p2a: Mienshao
|faint|p1a: Aegislash
|-damage|p2a: Mienshao|84/100|[from] item: Life Orb
|
|upkeep
|
|t:|1665619725
|switch|p1a: Tornadus|Tornadus-Therian, M|100/100
|turn|16
|
|t:|1665619727
|switch|p2a: Corviknight|Corviknight, M|94/100
|-damage|p2a: Corviknight|81/100|[from] Stealth Rock
|-ability|p2a: Corviknight|Pressure
|move|p1a: Tornadus|Nasty Plot|p1a: Tornadus
|-boost|p1a: Tornadus|spa|2
|
|upkeep
|turn|17
|
|t:|1665619732
|move|p1a: Tornadus|Heat Wave|p2a: Corviknight
|-supereffective|p2a: Corviknight
|-damage|p2a: Corviknight|0 fnt
|faint|p2a: Corviknight
|
|upkeep
|
|t:|1665619736
|switch|p2a: Rotom|Rotom-Wash|83/100
|-damage|p2a: Rotom|70/100|[from] Stealth Rock
|turn|18
|
|t:|1665619738
|move|p1a: Tornadus|Focus Blast|p2a: Rotom
|-damage|p2a: Rotom|7/100
|-unboost|p2a: Rotom|spd|1
|move|p2a: Rotom|Thunder Wave|p1a: Tornadus
|-status|p1a: Tornadus|par
|
|-heal|p2a: Rotom|14/100|[from] item: Leftovers
|upkeep
|turn|19
|
|t:|1665619748
|switch|p1a: Melmetal|Melmetal|55/100
|move|p2a: Rotom|Pain Split|p1a: Melmetal
|-sethp|p1a: Melmetal|33/100|[from] move: Pain Split|[silent]
|-sethp|p2a: Rotom|44/100|[from] move: Pain Split
|
|-heal|p2a: Rotom|50/100|[from] item: Leftovers
|upkeep
|turn|20
|
|t:|1665619753
|move|p2a: Rotom|Volt Switch|p1a: Melmetal
|-damage|p1a: Melmetal|18/100
|
|t:|1665619755
|switch|p2a: Landorus|Landorus-Therian, M|61/100|[from]move: Volt Switch
|-damage|p2a: Landorus|49/100|[from] Stealth Rock
|-ability|p2a: Landorus|Intimidate|boost
|-unboost|p1a: Melmetal|atk|1
|move|p1a: Melmetal|Thunder Punch|p2a: Landorus
|-immune|p2a: Landorus
|
|-heal|p2a: Landorus|55/100|[from] item: Leftovers
|upkeep
|turn|21
|
|t:|1665619764
|move|p2a: Landorus|Earthquake|p1a: Melmetal
|-supereffective|p1a: Melmetal
|-damage|p1a: Melmetal|0 fnt
|faint|p1a: Melmetal
|
|-heal|p2a: Landorus|61/100|[from] item: Leftovers
|upkeep
|
|t:|1665619770
|switch|p1a: Tornadus|Tornadus-Therian, M|100/100 par
|turn|22
|
|t:|1665619774
|move|p2a: Landorus|U-turn|p1a: Tornadus
|-resisted|p1a: Tornadus
|-damage|p1a: Tornadus|85/100 par
|
|t:|1665619778
|switch|p2a: Rotom|Rotom-Wash|50/100|[from]move: U-turn
|-damage|p2a: Rotom|38/100|[from] Stealth Rock
|move|p1a: Tornadus|Hurricane|p2a: Rotom
|-resisted|p2a: Rotom
|-damage|p2a: Rotom|18/100
|-start|p2a: Rotom|confusion
|
|-heal|p2a: Rotom|25/100|[from] item: Leftovers
|upkeep
|turn|23
|
|t:|1665619787
|switch|p1a: Mandibuzz|Mandibuzz, F|64/100 par
|-activate|p2a: Rotom|confusion
|move|p2a: Rotom|Pain Split|p1a: Mandibuzz
|-sethp|p1a: Mandibuzz|42/100 par|[from] move: Pain Split|[silent]
|-sethp|p2a: Rotom|53/100|[from] move: Pain Split
|
|-heal|p2a: Rotom|59/100|[from] item: Leftovers
|upkeep
|turn|24
|
|t:|1665619790
|-end|p2a: Rotom|confusion
|move|p2a: Rotom|Volt Switch|p1a: Mandibuzz
|-supereffective|p1a: Mandibuzz
|-damage|p1a: Mandibuzz|7/100 par
|
|t:|1665619794
|switch|p2a: Ninetales|Ninetales-Alola, M|65/100 tox|[from]move: Volt Switch
|-damage|p2a: Ninetales|40/100 tox|[from] Stealth Rock
|-weather|Hail|[from] ability: Snow Warning|[of] p2a: Ninetales
|move|p1a: Mandibuzz|Toxic|p2a: Ninetales
|-fail|p2a: Ninetales|tox
|
|-weather|Hail|[upkeep]
|-damage|p2a: Ninetales|34/100 tox|[from] psn
|upkeep
|turn|25
|
|t:|1665619798
|move|p2a: Ninetales|Blizzard|p1a: Mandibuzz
|-supereffective|p1a: Mandibuzz
|-damage|p1a: Mandibuzz|0 fnt
|faint|p1a: Mandibuzz
|
|-weather|Hail|[upkeep]
|-damage|p2a: Ninetales|22/100 tox|[from] psn
|upkeep
|-message|cactuscreator forfeited.
|
|win|ty-tyui↻
|raw|cactuscreator's rating: 1588 &rarr; <strong>1572</strong><br />(-16 for losing)
|raw|ty-tyui↻'s rating: 1653 &rarr; <strong>1669</strong><br />(+16 for winning)
|l|☆cactuscreator
