|raw|<div class="broadcast-blue"><strong>This battle is required to be public due to a player having a name starting with 'lt91bb'.</div>
|j|☆lt91bb gray
|j|☆return nirvana
|t:|1659357207
|gametype|singles
|player|p1|lt91bb gray|#wcop2021ussouth|1856
|player|p2|return nirvana|gambler-gen1|1973
|teamsize|p1|6
|teamsize|p2|6
|gen|8
|tier|[Gen 8] OU
|rated|
|rule|Sleep Clause Mod: Limit one foe put to sleep
|rule|Species Clause: Limit one of each Pokémon
|rule|OHKO Clause: OHKO moves are banned
|rule|Evasion Moves Clause: Evasion moves are banned
|rule|Endless Battle Clause: Forcing endless battles is banned
|rule|HP Percentage Mod: HP is shown in percentages
|rule|Dynamax Clause: You cannot dynamax
|clearpoke
|poke|p1|Buzzwole|
|poke|p1|Landorus-Therian, M|
|poke|p1|Magnezone|
|poke|p1|Tyranitar, M|
|poke|p1|Tapu Lele|
|poke|p1|Toxapex, F|
|poke|p2|Mew|
|poke|p2|Weavile, F|
|poke|p2|Celesteela|
|poke|p2|Crawdaunt, F|
|poke|p2|Garchomp, F|
|poke|p2|Blacephalon|
|teampreview
|
|t:|1659357219
|start
|switch|p1a: Landorus|Landorus-Therian, M|100/100
|switch|p2a: Mew|Mew, shiny|100/100
|-ability|p1a: Landorus|Intimidate|boost
|-unboost|p2a: Mew|atk|1
|turn|1
|
|t:|1659357222
|move|p2a: Mew|Stealth Rock|p1a: Landorus
|-sidestart|p1: lt91bb gray|move: Stealth Rock
|move|p1a: Landorus|U-turn|p2a: Mew
|-supereffective|p2a: Mew
|-damage|p2a: Mew|64/100
|
|t:|1659357229
|switch|p1a: Buzzwole|Buzzwole|100/100|[from]move: U-turn
|-damage|p1a: Buzzwole|88/100|[from] Stealth Rock
|
|upkeep
|turn|2
|
|t:|1659357232
|switch|p2a: Blacephalon|Blacephalon, shiny|100/100
|move|p1a: Buzzwole|Leech Life|p2a: Blacephalon
|-resisted|p2a: Blacephalon
|-damage|p2a: Blacephalon|76/100
|-heal|p1a: Buzzwole|97/100|[from] drain|[of] p2a: Blacephalon
|
|upkeep
|turn|3
|
|t:|1659357236
|switch|p2a: Mew|Mew, shiny|64/100
|move|p1a: Buzzwole|Leech Life|p2a: Mew
|-supereffective|p2a: Mew
|-damage|p2a: Mew|0 fnt
|-heal|p1a: Buzzwole|100/100|[from] drain|[of] p2a: Mew
|faint|p2a: Mew
|-ability|p1a: Buzzwole|Beast Boost|boost
|-boost|p1a: Buzzwole|atk|1
|
|upkeep
|
|t:|1659357240
|switch|p2a: Blacephalon|Blacephalon, shiny|76/100
|turn|4
|j| TuereselXokas
|
|t:|1659357242
|move|p2a: Blacephalon|Flamethrower|p1a: Buzzwole
|-supereffective|p1a: Buzzwole
|-damage|p1a: Buzzwole|0 fnt
|faint|p1a: Buzzwole
|-ability|p2a: Blacephalon|Beast Boost|boost
|-boost|p2a: Blacephalon|spa|1
|
|upkeep
|
|t:|1659357244
|switch|p1a: Tyranitar|Tyranitar, M|100/100
|-damage|p1a: Tyranitar|88/100|[from] Stealth Rock
|-weather|Sandstorm|[from] ability: Sand Stream|[of] p1a: Tyranitar
|turn|5
|
|t:|1659357247
|switch|p2a: Garchomp|Garchomp, F, shiny|100/100
|move|p1a: Tyranitar|Stealth Rock|p2a: Garchomp
|-sidestart|p2: return nirvana|move: Stealth Rock
|
|-weather|Sandstorm|[upkeep]
|-heal|p1a: Tyranitar|94/100|[from] item: Leftovers
|upkeep
|turn|6
|j| LT91BB Storm
|j| oqo the hunter
|j| SKIP THE DRIP
|j| LowGxeDoritos
|
|t:|1659357253
|switch|p1a: Landorus|Landorus-Therian, M|100/100
|-damage|p1a: Landorus|88/100|[from] Stealth Rock
|-ability|p1a: Landorus|Intimidate|boost
|-unboost|p2a: Garchomp|atk|1
|move|p2a: Garchomp|Swords Dance|p2a: Garchomp
|-boost|p2a: Garchomp|atk|2
|
|-weather|Sandstorm|[upkeep]
|-heal|p1a: Landorus|94/100|[from] item: Leftovers
|upkeep
|turn|7
|
|t:|1659357257
|switch|p1a: Tapu Lele|Tapu Lele, shiny|100/100
|-damage|p1a: Tapu Lele|88/100|[from] Stealth Rock
|-fieldstart|move: Psychic Terrain|[from] ability: Psychic Surge|[of] p1a: Tapu Lele
|move|p2a: Garchomp|Fire Fang|p1a: Tapu Lele
|-damage|p1a: Tapu Lele|39/100
|
|-weather|Sandstorm|[upkeep]
|-damage|p1a: Tapu Lele|33/100|[from] Sandstorm
|upkeep
|turn|8
|
|t:|1659357262
|switch|p2a: Blacephalon|Blacephalon, shiny|76/100
|-damage|p2a: Blacephalon|52/100|[from] Stealth Rock
|switch|p1a: Landorus|Landorus-Therian, M|94/100
|-damage|p1a: Landorus|82/100|[from] Stealth Rock
|-ability|p1a: Landorus|Intimidate|boost
|-unboost|p2a: Blacephalon|atk|1
|
|-weather|Sandstorm|[upkeep]
|-damage|p2a: Blacephalon|45/100|[from] Sandstorm
|-heal|p1a: Landorus|88/100|[from] item: Leftovers
|upkeep
|turn|9
|
|t:|1659357264
|switch|p1a: Tyranitar|Tyranitar, M|94/100
|-damage|p1a: Tyranitar|82/100|[from] Stealth Rock
|move|p2a: Blacephalon|Flamethrower|p1a: Tyranitar
|-resisted|p1a: Tyranitar
|-damage|p1a: Tyranitar|71/100
|
|-weather|none
|-heal|p1a: Tyranitar|77/100|[from] item: Leftovers
|upkeep
|turn|10
|j| LT91BB Ox
|
|t:|1659357268
|move|p2a: Blacephalon|Flamethrower|p1a: Tyranitar
|-resisted|p1a: Tyranitar
|-damage|p1a: Tyranitar|59/100
|move|p1a: Tyranitar|Thunder Wave|p2a: Blacephalon
|-status|p2a: Blacephalon|par
|
|-heal|p1a: Tyranitar|66/100|[from] item: Leftovers
|upkeep
|turn|11
|
|t:|1659357272
|move|p2a: Blacephalon|Flamethrower|p1a: Tyranitar
|-resisted|p1a: Tyranitar
|-damage|p1a: Tyranitar|49/100
|move|p1a: Tyranitar|Earthquake|p2a: Blacephalon
|-supereffective|p2a: Blacephalon
|-damage|p2a: Blacephalon|0 fnt
|faint|p2a: Blacephalon
|
|-heal|p1a: Tyranitar|55/100|[from] item: Leftovers
|-fieldend|move: Psychic Terrain
|upkeep
|j| LT91BB AxCypher
|
|t:|1659357276
|switch|p2a: Garchomp|Garchomp, F, shiny|100/100
|-damage|p2a: Garchomp|94/100|[from] Stealth Rock
|turn|12
|
|t:|1659357283
|switch|p1a: Landorus|Landorus-Therian, M|88/100
|-damage|p1a: Landorus|76/100|[from] Stealth Rock
|-ability|p1a: Landorus|Intimidate|boost
|-unboost|p2a: Garchomp|atk|1
|move|p2a: Garchomp|Scale Shot|p1a: Landorus
|-damage|p1a: Landorus|68/100
|-damage|p1a: Landorus|59/100
|-hitcount|p1a: Landorus|2
|-unboost|p2a: Garchomp|def|1
|-boost|p2a: Garchomp|spe|1
|
|-heal|p1a: Landorus|65/100|[from] item: Leftovers
|upkeep
|turn|13
|
|t:|1659357288
|move|p2a: Garchomp|Swords Dance|p2a: Garchomp
|-boost|p2a: Garchomp|atk|2
|move|p1a: Landorus|Knock Off|p2a: Garchomp
|-damage|p2a: Garchomp|51/100
|-damage|p1a: Landorus|53/100|[from] ability: Rough Skin|[of] p2a: Garchomp
|-enditem|p2a: Garchomp|Lum Berry|[from] move: Knock Off|[of] p1a: Landorus
|
|-heal|p1a: Landorus|59/100|[from] item: Leftovers
|upkeep
|turn|14
|j| Heiwa June
|
|t:|1659357293
|switch|p1a: Tapu Lele|Tapu Lele, shiny|33/100
|-damage|p1a: Tapu Lele|20/100|[from] Stealth Rock
|-fieldstart|move: Psychic Terrain|[from] ability: Psychic Surge|[of] p1a: Tapu Lele
|move|p2a: Garchomp|Scale Shot|p1a: Tapu Lele
|-immune|p1a: Tapu Lele
|
|upkeep
|turn|15
|j| Leo
|
|t:|1659357296
|switch|p1a: Toxapex|Toxapex, F|100/100
|-damage|p1a: Toxapex|88/100|[from] Stealth Rock
|move|p2a: Garchomp|Fire Fang|p1a: Toxapex
|-resisted|p1a: Toxapex
|-damage|p1a: Toxapex|78/100
|-damage|p2a: Garchomp|35/100|[from] item: Rocky Helmet|[of] p1a: Toxapex
|
|upkeep
|turn|16
|
|t:|1659357307
|move|p2a: Garchomp|Swords Dance|p2a: Garchomp
|-boost|p2a: Garchomp|atk|2
|move|p1a: Toxapex|Toxic|p2a: Garchomp
|-status|p2a: Garchomp|tox
|
|-damage|p2a: Garchomp|29/100 tox|[from] psn
|upkeep
|turn|17
|j| CallMePrimal
|j| LT91BB Egerie
|
|t:|1659357314
|switch|p1a: Magnezone|Magnezone|100/100
|-damage|p1a: Magnezone|94/100|[from] Stealth Rock
|move|p2a: Garchomp|Earthquake|p1a: Magnezone
|-supereffective|p1a: Magnezone
|-damage|p1a: Magnezone|0 fnt
|faint|p1a: Magnezone
|
|-damage|p2a: Garchomp|16/100 tox|[from] psn
|upkeep
|
|t:|1659357319
|switch|p1a: Toxapex|Toxapex, F|100/100
|-damage|p1a: Toxapex|88/100|[from] Stealth Rock
|turn|18
|
|t:|1659357321
|switch|p1a: Tyranitar|Tyranitar, M|55/100
|-damage|p1a: Tyranitar|43/100|[from] Stealth Rock
|-weather|Sandstorm|[from] ability: Sand Stream|[of] p1a: Tyranitar
|move|p2a: Garchomp|Earthquake|p1a: Tyranitar
|-supereffective|p1a: Tyranitar
|-damage|p1a: Tyranitar|0 fnt
|faint|p1a: Tyranitar
|
|-weather|Sandstorm|[upkeep]
|-damage|p2a: Garchomp|0 fnt|[from] psn
|faint|p2a: Garchomp
|-fieldend|move: Psychic Terrain
|upkeep
|j| LT91BB PDC
|j| LT91BB yama
|
|t:|1659357337
|switch|p2a: Weavile|Weavile, F, shiny|100/100
|switch|p1a: Toxapex|Toxapex, F|100/100
|-damage|p2a: Weavile|76/100|[from] Stealth Rock
|-ability|p2a: Weavile|Pressure
|-damage|p1a: Toxapex|88/100|[from] Stealth Rock
|turn|19
|j| SilentTurb0
|
|t:|1659357344
|move|p2a: Weavile|Swords Dance|p2a: Weavile
|-boost|p2a: Weavile|atk|2
|move|p1a: Toxapex|Haze|p1a: Toxapex
|-clearallboost
|
|-weather|Sandstorm|[upkeep]
|-damage|p2a: Weavile|70/100|[from] Sandstorm
|-damage|p1a: Toxapex|82/100|[from] Sandstorm
|upkeep
|turn|20
|
|t:|1659357347
|move|p2a: Weavile|Swords Dance|p2a: Weavile
|-boost|p2a: Weavile|atk|2
|move|p1a: Toxapex|Haze|p1a: Toxapex
|-clearallboost
|
|-weather|Sandstorm|[upkeep]
|-damage|p2a: Weavile|63/100|[from] Sandstorm
|-damage|p1a: Toxapex|75/100|[from] Sandstorm
|upkeep
|turn|21
|
|t:|1659357348
|move|p2a: Weavile|Swords Dance|p2a: Weavile
|-boost|p2a: Weavile|atk|2
|move|p1a: Toxapex|Haze|p1a: Toxapex
|-clearallboost
|
|-weather|Sandstorm|[upkeep]
|-damage|p2a: Weavile|57/100|[from] Sandstorm
|-damage|p1a: Toxapex|69/100|[from] Sandstorm
|upkeep
|turn|22
|
|t:|1659357355
|move|p2a: Weavile|Swords Dance|p2a: Weavile
|-boost|p2a: Weavile|atk|2
|move|p1a: Toxapex|Recover|p1a: Toxapex
|-heal|p1a: Toxapex|100/100
|
|-weather|none
|upkeep
|turn|23
|j| reionatro
|
|t:|1659357363
|move|p2a: Weavile|Knock Off|p1a: Toxapex
|-damage|p1a: Toxapex|18/100
|-damage|p2a: Weavile|41/100|[from] item: Rocky Helmet|[of] p1a: Toxapex
|-enditem|p1a: Toxapex|Rocky Helmet|[from] move: Knock Off|[of] p2a: Weavile
|-damage|p2a: Weavile|31/100|[from] item: Life Orb
|move|p1a: Toxapex|Recover|p1a: Toxapex
|-heal|p1a: Toxapex|68/100
|
|upkeep
|turn|24
|j| ayayalaptop
|
|t:|1659357374
|move|p2a: Weavile|Knock Off|p1a: Toxapex
|-damage|p1a: Toxapex|17/100
|-damage|p2a: Weavile|21/100|[from] item: Life Orb
|move|p1a: Toxapex|Recover|p1a: Toxapex
|-heal|p1a: Toxapex|67/100
|
|upkeep
|turn|25
|
|t:|1659357377
|move|p2a: Weavile|Knock Off|p1a: Toxapex
|-damage|p1a: Toxapex|15/100
|-damage|p2a: Weavile|11/100|[from] item: Life Orb
|move|p1a: Toxapex|Recover|p1a: Toxapex
|-heal|p1a: Toxapex|65/100
|
|upkeep
|turn|26
|j| zReptar
|
|t:|1659357379
|move|p2a: Weavile|Knock Off|p1a: Toxapex
|-crit|p1a: Toxapex
|-damage|p1a: Toxapex|0 fnt
|faint|p1a: Toxapex
|-damage|p2a: Weavile|1/100|[from] item: Life Orb
|
|upkeep
|j| ICantFindNames
|
|t:|1659357383
|switch|p1a: Landorus|Landorus-Therian, M|59/100
|-damage|p1a: Landorus|46/100|[from] Stealth Rock
|-ability|p1a: Landorus|Intimidate|boost
|-unboost|p2a: Weavile|atk|1
|turn|27
|
|t:|1659357388
|move|p2a: Weavile|Knock Off|p1a: Landorus
|-damage|p1a: Landorus|0 fnt
|-enditem|p1a: Landorus|Leftovers|[from] move: Knock Off|[of] p2a: Weavile
|faint|p1a: Landorus
|-damage|p2a: Weavile|0 fnt|[from] item: Life Orb
|faint|p2a: Weavile
|
|upkeep
|
|t:|1659357392
|switch|p2a: Celesteela|Celesteela, shiny|100/100
|switch|p1a: Tapu Lele|Tapu Lele, shiny|20/100
|-damage|p1a: Tapu Lele|8/100|[from] Stealth Rock
|-fieldstart|move: Psychic Terrain|[from] ability: Psychic Surge|[of] p1a: Tapu Lele
|-damage|p2a: Celesteela|88/100|[from] Stealth Rock
|turn|28
|
|t:|1659357395
|move|p1a: Tapu Lele|Psychic|p2a: Celesteela
|-resisted|p2a: Celesteela
|-damage|p2a: Celesteela|38/100
|move|p2a: Celesteela|Flash Cannon|p1a: Tapu Lele
|-supereffective|p1a: Tapu Lele
|-damage|p1a: Tapu Lele|0 fnt
|faint|p1a: Tapu Lele
|
|win|return nirvana
|raw|lt91bb gray's rating: 1856 &rarr; <strong>1842</strong><br />(-14 for losing)
|raw|return nirvana's rating: 1973 &rarr; <strong>1987</strong><br />(+14 for winning)
|j| jey2
|c|☆lt91bb gray|gg
|l|☆lt91bb gray
|l|☆return nirvana
|l| zReptar
|j| Fire and wrath
|l| Leo
|l| jey2
|j|☆return nirvana
|player|p2|return nirvana|gambler-gen1
|l|☆return nirvana
|player|p2|
|j|☆return nirvana
|player|p2|return nirvana|gambler-gen1
|j| zReptar
|l| LT91BB AxCypher
|l| oqo the hunter
|l| ayayalaptop
||Ladder isn't responding, score probably updated but might not have (Request timeout).
