|j|☆cump3
|j|☆chinmaydagod
|t:|1629177257
|gametype|singles
|player|p1|cump3|volkner|1515
|player|p2|chinmaydagod|lucas|1520
|teamsize|p1|6
|teamsize|p2|6
|gen|8
|tier|[Gen 8] OU
|rated|
|rule|Sleep Clause Mod: Limit one foe put to sleep
|rule|Species Clause: Limit one of each Pokémon
|rule|OHKO Clause: OHKO moves are banned
|rule|Evasion Moves Clause: Evasion moves are banned
|rule|Endless Battle Clause: Forcing endless battles is banned
|rule|HP Percentage Mod: HP is shown in percentages
|rule|Dynamax Clause: You cannot dynamax
|clearpoke
|poke|p1|Garchomp, F|
|poke|p1|Urshifu-*, M|
|poke|p1|Tapu Lele|
|poke|p1|Kartana|
|poke|p1|Celesteela|
|poke|p1|Blacephalon|
|poke|p2|Garchomp, F|
|poke|p2|Magnezone|
|poke|p2|Dragonite, F|
|poke|p2|Tapu Fini|
|poke|p2|Melmetal|
|poke|p2|Weavile, F|
|teampreview
|
|t:|1629177298
|start
|switch|p1a: Garchomp|Garchomp, F|100/100
|switch|p2a: Weavile|Weavile, F|100/100
|-ability|p2a: Weavile|Pressure
|turn|1
|
|t:|1629177304
|switch|p1a: Urshifu|Urshifu-Rapid-Strike, M|100/100
|move|p2a: Weavile|Triple Axel|p1a: Urshifu
|-resisted|p1a: Urshifu
|-damage|p1a: Urshifu|95/100
|-resisted|p1a: Urshifu
|-damage|p1a: Urshifu|86/100
|-resisted|p1a: Urshifu
|-damage|p1a: Urshifu|72/100
|-hitcount|p1a: Urshifu|3
|
|upkeep
|turn|2
|
|t:|1629177320
|switch|p2a: Garchomp|Garchomp, F|100/100
|move|p1a: Urshifu|U-turn|p2a: Garchomp
|-damage|p2a: Garchomp|63/100
|-damage|p1a: Urshifu|60/100|[from] ability: Rough Skin|[of] p2a: Garchomp
|
|t:|1629177326
|switch|p1a: Tapu Lele|Tapu Lele, shiny|100/100|[from]move: U-turn
|-fieldstart|move: Psychic Terrain|[from] ability: Psychic Surge|[of] p1a: Tapu Lele
|
|-heal|p2a: Garchomp|69/100|[from] item: Leftovers
|upkeep
|turn|3
|
|t:|1629177330
|switch|p2a: Melmetal|Melmetal|100/100
|move|p1a: Tapu Lele|Moonblast|p2a: Melmetal
|-resisted|p2a: Melmetal
|-crit|p2a: Melmetal
|-damage|p2a: Melmetal|81/100
|
|upkeep
|turn|4
|
|t:|1629177349
|switch|p2a: Magnezone|Magnezone|100/100
|move|p1a: Tapu Lele|Focus Blast|p2a: Magnezone|[miss]
|-miss|p1a: Tapu Lele|p2a: Magnezone
|
|upkeep
|turn|5
|
|t:|1629177371
|switch|p1a: Garchomp|Garchomp, F|100/100
|switch|p2a: Garchomp|Garchomp, F|69/100
|
|-heal|p2a: Garchomp|75/100|[from] item: Leftovers
|upkeep
|turn|6
|
|t:|1629177378
|move|p2a: Garchomp|Scale Shot|p1a: Garchomp
|-supereffective|p1a: Garchomp
|-damage|p1a: Garchomp|83/100
|-supereffective|p1a: Garchomp
|-damage|p1a: Garchomp|69/100
|-hitcount|p1a: Garchomp|2
|-unboost|p2a: Garchomp|def|1
|-boost|p2a: Garchomp|spe|1
|move|p1a: Garchomp|Stealth Rock|p2a: Garchomp
|-sidestart|p2: chinmaydagod|move: Stealth Rock
|
|-heal|p2a: Garchomp|81/100|[from] item: Leftovers
|-fieldend|move: Psychic Terrain
|upkeep
|turn|7
|
|t:|1629177393
|move|p2a: Garchomp|Scale Shot|p1a: Garchomp|[miss]
|-miss|p2a: Garchomp|p1a: Garchomp
|move|p1a: Garchomp|Earthquake|p2a: Garchomp
|-damage|p2a: Garchomp|16/100
|
|-heal|p2a: Garchomp|22/100|[from] item: Leftovers
|upkeep
|turn|8
|
|t:|1629177397
|move|p2a: Garchomp|Scale Shot|p1a: Garchomp
|-supereffective|p1a: Garchomp
|-damage|p1a: Garchomp|53/100
|-supereffective|p1a: Garchomp
|-damage|p1a: Garchomp|38/100
|-supereffective|p1a: Garchomp
|-damage|p1a: Garchomp|22/100
|-supereffective|p1a: Garchomp
|-damage|p1a: Garchomp|5/100
|-hitcount|p1a: Garchomp|4
|-unboost|p2a: Garchomp|def|1
|-boost|p2a: Garchomp|spe|1
|move|p1a: Garchomp|Dragon Tail|p2a: Garchomp
|-supereffective|p2a: Garchomp
|-damage|p2a: Garchomp|0 fnt
|-damage|p1a: Garchomp|0 fnt|[from] ability: Rough Skin|[of] p2a: Garchomp
|faint|p2a: Garchomp
|faint|p1a: Garchomp
|
|upkeep
|
|t:|1629177418
|switch|p2a: Dragonite|Dragonite, F|100/100
|switch|p1a: Celesteela|Celesteela|100/100
|turn|9
|
|t:|1629177423
|switch|p2a: Magnezone|Magnezone|100/100
|-damage|p2a: Magnezone|94/100|[from] Stealth Rock
|move|p1a: Celesteela|Autotomize|p1a: Celesteela
|-boost|p1a: Celesteela|spe|2
|-start|p1a: Celesteela|Autotomize
|
|upkeep
|turn|10
|
|t:|1629177431
|move|p1a: Celesteela|Flamethrower|p2a: Magnezone
|-supereffective|p2a: Magnezone
|-damage|p2a: Magnezone|18/100
|move|p2a: Magnezone|Body Press|p1a: Celesteela
|-damage|p1a: Celesteela|72/100
|
|upkeep
|turn|11
|
|t:|1629177437
|move|p1a: Celesteela|Meteor Beam||[still]
|-prepare|p1a: Celesteela|Meteor Beam
|-boost|p1a: Celesteela|spa|1
|-enditem|p1a: Celesteela|Power Herb
|-anim|p1a: Celesteela|Meteor Beam|p2a: Magnezone
|-resisted|p2a: Magnezone
|-damage|p2a: Magnezone|0 fnt
|faint|p2a: Magnezone
|-ability|p1a: Celesteela|Beast Boost|boost
|-boost|p1a: Celesteela|spa|1
|
|upkeep
|
|t:|1629177443
|switch|p2a: Dragonite|Dragonite, F|100/100
|turn|12
|
|t:|1629177447
|move|p1a: Celesteela|Air Slash|p2a: Dragonite
|-damage|p2a: Dragonite|62/100
|cant|p2a: Dragonite|flinch
|
|upkeep
|turn|13
|
|t:|1629177451
|move|p1a: Celesteela|Air Slash|p2a: Dragonite
|-damage|p2a: Dragonite|0 fnt
|faint|p2a: Dragonite
|-ability|p1a: Celesteela|Beast Boost|boost
|-boost|p1a: Celesteela|spa|1
|
|upkeep
|
|t:|1629177456
|switch|p2a: Weavile|Weavile, F|100/100
|-ability|p2a: Weavile|Pressure
|turn|14
|
|t:|1629177459
|move|p2a: Weavile|Ice Shard|p1a: Celesteela
|-damage|p1a: Celesteela|54/100
|move|p1a: Celesteela|Flamethrower|p2a: Weavile
|-supereffective|p2a: Weavile
|-damage|p2a: Weavile|0 fnt
|faint|p2a: Weavile
|-ability|p1a: Celesteela|Beast Boost|boost
|-boost|p1a: Celesteela|spa|1
|
|upkeep
|
|t:|1629177463
|switch|p2a: Tapu Fini|Tapu Fini|100/100
|-damage|p2a: Tapu Fini|88/100|[from] Stealth Rock
|-fieldstart|move: Misty Terrain|[from] ability: Misty Surge|[of] p2a: Tapu Fini
|turn|15
|
|t:|1629177466
|move|p1a: Celesteela|Air Slash|p2a: Tapu Fini
|-damage|p2a: Tapu Fini|3/100
|move|p2a: Tapu Fini|Moonblast|p1a: Celesteela
|-resisted|p1a: Celesteela
|-damage|p1a: Celesteela|38/100
|
|upkeep
|turn|16
|
|t:|1629177471
|move|p1a: Celesteela|Flamethrower|p2a: Tapu Fini
|-resisted|p2a: Tapu Fini
|-damage|p2a: Tapu Fini|0 fnt
|faint|p2a: Tapu Fini
|-ability|p1a: Celesteela|Beast Boost|boost
|-boost|p1a: Celesteela|spa|1
|
|upkeep
|-message|chinmaydagod forfeited.
|
|win|cump3
|raw|cump3's rating: 1515 &rarr; <strong>1535</strong><br />(+20 for winning)
|raw|chinmaydagod's rating: 1520 &rarr; <strong>1500</strong><br />(-20 for losing)
