|raw|<div class="broadcast-blue"><strong>This battle is required to be public due to a player having a name starting with 'lt94je'.</div>
|j|☆LT94JE Fuse
|j|☆2222mm
|t:|1661316988
|gametype|singles
|player|p1|LT94JE Fuse|yellow|1765
|player|p2|2222mm|2|1766
|teamsize|p1|6
|teamsize|p2|6
|gen|8
|tier|[Gen 8] OU
|rated|
|rule|Sleep Clause Mod: Limit one foe put to sleep
|rule|Species Clause: Limit one of each Pokémon
|rule|OHKO Clause: OHKO moves are banned
|rule|Evasion Items Clause: Evasion items are banned
|rule|Evasion Moves Clause: Evasion moves are banned
|rule|Endless Battle Clause: Forcing endless battles is banned
|rule|HP Percentage Mod: HP is shown in percentages
|rule|Dynamax Clause: You cannot dynamax
|clearpoke
|poke|p1|Necrozma|
|poke|p1|Tapu Lele|
|poke|p1|Urshifu-*, M|
|poke|p1|Tornadus-Therian, M|
|poke|p1|Landorus-Therian, M|
|poke|p1|Ferrothorn, F|
|poke|p2|Tapu Fini|
|poke|p2|Landorus-Therian, M|
|poke|p2|Ferrothorn, M|
|poke|p2|Blacephalon|
|poke|p2|Glastrier|
|poke|p2|Kartana|
|teampreview
|c|☆LT94JE Fuse|Hf
|c|☆2222mm|oh
|c|☆2222mm|hf
|
|t:|1661317034
|start
|switch|p1a: Tapu Lele|Tapu Lele|100/100
|switch|p2a: Landorus|Landorus-Therian, M|100/100
|-fieldstart|move: Psychic Terrain|[from] ability: Psychic Surge|[of] p1a: Tapu Lele
|-ability|p2a: Landorus|Intimidate|boost
|-unboost|p1a: Tapu Lele|atk|1
|turn|1
|
|t:|1661317063
|switch|p1a: Necrozma|Necrozma|100/100
|move|p2a: Landorus|Fling|p1a: Necrozma
|-supereffective|p1a: Necrozma
|-damage|p1a: Necrozma|87/100
|-status|p1a: Necrozma|par
|-enditem|p2a: Landorus|Light Ball|[from] move: Fling
|
|upkeep
|turn|2
|j| Bowensonfire
|
|t:|1661317084
|move|p2a: Landorus|U-turn|p1a: Necrozma
|-supereffective|p1a: Necrozma
|-damage|p1a: Necrozma|53/100 par
|l| Bowensonfire
|
|t:|1661317114
|switch|p2a: Tapu Fini|Tapu Fini|100/100|[from]move: U-turn
|-fieldstart|move: Misty Terrain|[from] ability: Misty Surge|[of] p2a: Tapu Fini
|move|p1a: Necrozma|Expanding Force|p2a: Tapu Fini
|-damage|p2a: Tapu Fini|49/100
|
|upkeep
|turn|3
|j| A Lucky Guy
|
|t:|1661317132
|switch|p2a: Glastrier|Glastrier|100/100
|switch|p1a: Tornadus|Tornadus-Therian, M|100/100
|
|upkeep
|turn|4
|
|t:|1661317146
|move|p1a: Tornadus|U-turn|p2a: Glastrier
|-damage|p2a: Glastrier|89/100
|
|t:|1661317155
|switch|p1a: Urshifu|Urshifu-Rapid-Strike, M|100/100|[from]move: U-turn
|move|p2a: Glastrier|Icicle Crash|p1a: Urshifu|[miss]
|-miss|p2a: Glastrier|p1a: Urshifu
|
|upkeep
|turn|5
|j| xiaolinyo
|
|t:|1661317183
|switch|p2a: Tapu Fini|Tapu Fini|49/100
|move|p1a: Urshifu|Close Combat|p2a: Tapu Fini
|-resisted|p2a: Tapu Fini
|-damage|p2a: Tapu Fini|8/100
|-unboost|p1a: Urshifu|def|1
|-unboost|p1a: Urshifu|spd|1
|
|upkeep
|turn|6
|j| angrrry
|j| joeding
|
|t:|1661317195
|switch|p1a: Tapu Lele|Tapu Lele|100/100
|-fieldstart|move: Psychic Terrain|[from] ability: Psychic Surge|[of] p1a: Tapu Lele
|move|p2a: Tapu Fini|Moonblast|p1a: Tapu Lele
|-damage|p1a: Tapu Lele|66/100
|
|upkeep
|turn|7
|j| coeur de les ciel
|
|t:|1661317211
|switch|p2a: Ferrothorn|Ferrothorn, M|100/100
|switch|p1a: Tornadus|Tornadus-Therian, M|100/100
|
|upkeep
|turn|8
|l| coeur de les ciel
|l| A Lucky Guy
|
|t:|1661317244
|switch|p2a: Landorus|Landorus-Therian, M|100/100
|-ability|p2a: Landorus|Intimidate|boost
|-unboost|p1a: Tornadus|atk|1
|move|p1a: Tornadus|Heat Wave|p2a: Landorus
|-damage|p2a: Landorus|82/100
|
|upkeep
|turn|9
|
|t:|1661317251
|move|p1a: Tornadus|Hurricane|p2a: Landorus
|-damage|p2a: Landorus|52/100
|move|p2a: Landorus|Stealth Rock|p1a: Tornadus
|-sidestart|p1: LT94JE Fuse|move: Stealth Rock
|
|upkeep
|turn|10
|l| joeding
|
|t:|1661317257
|move|p1a: Tornadus|U-turn|p2a: Landorus
|-resisted|p2a: Landorus
|-damage|p2a: Landorus|47/100
|j| LT94JE Tace
|l| LT94JE Tace
|
|t:|1661317305
|switch|p1a: Ferrothorn|Ferrothorn, F|100/100|[from]move: U-turn
|-damage|p1a: Ferrothorn|94/100|[from] Stealth Rock
|move|p2a: Landorus|U-turn|p1a: Ferrothorn
|-damage|p1a: Ferrothorn|81/100
|-damage|p2a: Landorus|35/100|[from] ability: Iron Barbs|[of] p1a: Ferrothorn
|
|t:|1661317313
|switch|p2a: Blacephalon|Blacephalon|100/100|[from]move: U-turn
|
|-heal|p1a: Ferrothorn|87/100|[from] item: Leftovers
|-fieldend|move: Psychic Terrain
|upkeep
|turn|11
|
|t:|1661317332
|switch|p1a: Landorus|Landorus-Therian, M|100/100
|-damage|p1a: Landorus|88/100|[from] Stealth Rock
|-ability|p1a: Landorus|Intimidate|boost
|-unboost|p2a: Blacephalon|atk|1
|move|p2a: Blacephalon|Overheat|p1a: Landorus
|-damage|p1a: Landorus|2/100
|-unboost|p2a: Blacephalon|spa|2
|
|-heal|p1a: Landorus|8/100|[from] item: Leftovers
|upkeep
|turn|12
|
|t:|1661317341
|switch|p1a: Tornadus|Tornadus-Therian, M|100/100
|-damage|p1a: Tornadus|76/100|[from] Stealth Rock
|move|p2a: Blacephalon|Overheat|p1a: Tornadus
|-damage|p1a: Tornadus|37/100
|-unboost|p2a: Blacephalon|spa|2
|
|upkeep
|turn|13
|
|t:|1661317360
|switch|p2a: Landorus|Landorus-Therian, M|35/100
|-ability|p2a: Landorus|Intimidate|boost
|-unboost|p1a: Tornadus|atk|1
|move|p1a: Tornadus|U-turn|p2a: Landorus
|-resisted|p2a: Landorus
|-damage|p2a: Landorus|30/100
|
|t:|1661317374
|switch|p1a: Ferrothorn|Ferrothorn, F|87/100|[from]move: U-turn
|-damage|p1a: Ferrothorn|81/100|[from] Stealth Rock
|
|-heal|p1a: Ferrothorn|87/100|[from] item: Leftovers
|upkeep
|turn|14
|
|t:|1661317386
|switch|p2a: Blacephalon|Blacephalon|100/100
|move|p1a: Ferrothorn|Stealth Rock|p2a: Blacephalon
|-sidestart|p2: 2222mm|move: Stealth Rock
|
|-heal|p1a: Ferrothorn|93/100|[from] item: Leftovers
|upkeep
|turn|15
|
|t:|1661317397
|switch|p1a: Landorus|Landorus-Therian, M|8/100
|-damage|p1a: Landorus|0 fnt|[from] Stealth Rock
|faint|p1a: Landorus
|move|p2a: Blacephalon|Flamethrower|p1: Landorus|[notarget]
|-fail|p2a: Blacephalon
|
|upkeep
|
|t:|1661317400
|switch|p1a: Tornadus|Tornadus-Therian, M|70/100
|-damage|p1a: Tornadus|45/100|[from] Stealth Rock
|turn|16
|
|t:|1661317420
|move|p1a: Tornadus|Knock Off|p2a: Blacephalon
|-supereffective|p2a: Blacephalon
|-crit|p2a: Blacephalon
|-damage|p2a: Blacephalon|0 fnt
|-enditem|p2a: Blacephalon|Choice Specs|[from] move: Knock Off|[of] p1a: Tornadus
|faint|p2a: Blacephalon
|
|upkeep
|
|t:|1661317446
|switch|p2a: Kartana|Kartana, shiny|100/100
|-damage|p2a: Kartana|94/100|[from] Stealth Rock
|turn|17
|
|t:|1661317471
|switch|p1a: Urshifu|Urshifu-Rapid-Strike, M|100/100
|-damage|p1a: Urshifu|94/100|[from] Stealth Rock
|move|p2a: Kartana|Knock Off|p1a: Urshifu
|-resisted|p1a: Urshifu
|-damage|p1a: Urshifu|73/100
|-enditem|p1a: Urshifu|Choice Band|[from] move: Knock Off|[of] p2a: Kartana
|
|upkeep
|turn|18
|
|t:|1661317484
|switch|p2a: Tapu Fini|Tapu Fini|8/100
|-damage|p2a: Tapu Fini|0 fnt|[from] Stealth Rock
|faint|p2a: Tapu Fini
|move|p1a: Urshifu|Close Combat|p2: Tapu Fini|[notarget]
|-fail|p1a: Urshifu
|
|upkeep
|
|t:|1661317491
|switch|p2a: Kartana|Kartana, shiny|94/100
|-damage|p2a: Kartana|88/100|[from] Stealth Rock
|turn|19
|
|t:|1661317512
|switch|p1a: Necrozma|Necrozma|53/100 par
|-damage|p1a: Necrozma|41/100 par|[from] Stealth Rock
|move|p2a: Kartana|Leaf Blade|p1a: Necrozma
|-damage|p1a: Necrozma|0 fnt
|faint|p1a: Necrozma
|-ability|p2a: Kartana|Beast Boost|boost
|-boost|p2a: Kartana|atk|1
|
|upkeep
|
|t:|1661317520
|switch|p1a: Tornadus|Tornadus-Therian, M|78/100
|-damage|p1a: Tornadus|53/100|[from] Stealth Rock
|turn|20
|
|t:|1661317533
|switch|p2a: Landorus|Landorus-Therian, M|30/100
|-damage|p2a: Landorus|18/100|[from] Stealth Rock
|-ability|p2a: Landorus|Intimidate|boost
|-unboost|p1a: Tornadus|atk|1
|move|p1a: Tornadus|Heat Wave|p2a: Landorus
|-damage|p2a: Landorus|1/100
|
|upkeep
|turn|21
|
|t:|1661317563
|move|p1a: Tornadus|Heat Wave|p2a: Landorus
|-damage|p2a: Landorus|0 fnt
|faint|p2a: Landorus
|
|upkeep
|
|t:|1661317566
|switch|p2a: Glastrier|Glastrier|89/100
|-damage|p2a: Glastrier|64/100|[from] Stealth Rock
|turn|22
|
|t:|1661317593
|move|p1a: Tornadus|U-turn|p2a: Glastrier
|-damage|p2a: Glastrier|57/100
|
|t:|1661317632
|switch|p1a: Urshifu|Urshifu-Rapid-Strike, M|73/100|[from]move: U-turn
|-damage|p1a: Urshifu|67/100|[from] Stealth Rock
|move|p2a: Glastrier|Icicle Crash|p1a: Urshifu
|-resisted|p1a: Urshifu
|-damage|p1a: Urshifu|41/100
|
|upkeep
|turn|23
|
|t:|1661317643
|switch|p2a: Ferrothorn|Ferrothorn, M|100/100
|-damage|p2a: Ferrothorn|94/100|[from] Stealth Rock
|move|p1a: Urshifu|Close Combat|p2a: Ferrothorn
|-supereffective|p2a: Ferrothorn
|-damage|p2a: Ferrothorn|24/100
|-unboost|p1a: Urshifu|def|1
|-unboost|p1a: Urshifu|spd|1
|-damage|p1a: Urshifu|29/100|[from] ability: Iron Barbs|[of] p2a: Ferrothorn
|
|-heal|p2a: Ferrothorn|30/100|[from] item: Leftovers
|upkeep
|turn|24
|
|t:|1661317690
|move|p1a: Urshifu|Close Combat|p2a: Ferrothorn
|-supereffective|p2a: Ferrothorn
|-damage|p2a: Ferrothorn|0 fnt
|-unboost|p1a: Urshifu|def|1
|-unboost|p1a: Urshifu|spd|1
|-damage|p1a: Urshifu|17/100|[from] ability: Iron Barbs|[of] p2a: Ferrothorn
|faint|p2a: Ferrothorn
|
|upkeep
|
|t:|1661317695
|switch|p2a: Kartana|Kartana, shiny|88/100
|-damage|p2a: Kartana|82/100|[from] Stealth Rock
|turn|25
|
|t:|1661317737
|move|p2a: Kartana|Knock Off|p1a: Urshifu
|-resisted|p1a: Urshifu
|-damage|p1a: Urshifu|0 fnt
|faint|p1a: Urshifu
|-ability|p2a: Kartana|Beast Boost|boost
|-boost|p2a: Kartana|atk|1
|
|upkeep
|
|t:|1661317741
|switch|p1a: Ferrothorn|Ferrothorn, F|93/100
|-damage|p1a: Ferrothorn|87/100|[from] Stealth Rock
|turn|26
|
|t:|1661317747
|move|p2a: Kartana|Knock Off|p1a: Ferrothorn
|-damage|p1a: Ferrothorn|49/100
|-damage|p2a: Kartana|70/100|[from] ability: Iron Barbs|[of] p1a: Ferrothorn
|-enditem|p1a: Ferrothorn|Leftovers|[from] move: Knock Off|[of] p2a: Kartana
|move|p1a: Ferrothorn|Knock Off|p2a: Kartana
|-damage|p2a: Kartana|49/100
|-enditem|p2a: Kartana|Choice Scarf|[from] move: Knock Off|[of] p1a: Ferrothorn
|
|upkeep
|turn|27
|j| Sjjwjwnwwn
|j| A Lucky Guy
|
|t:|1661317775
|move|p2a: Kartana|Knock Off|p1a: Ferrothorn
|-damage|p1a: Ferrothorn|25/100
|-damage|p2a: Kartana|36/100|[from] ability: Iron Barbs|[of] p1a: Ferrothorn
|move|p1a: Ferrothorn|Knock Off|p2a: Kartana
|-damage|p2a: Kartana|21/100
|
|upkeep
|turn|28
|j| JingXia
|j| OneTreeWaiting
|j| lt94je nick
|
|t:|1661317828
|move|p2a: Kartana|Sacred Sword|p1a: Ferrothorn
|-supereffective|p1a: Ferrothorn
|-damage|p1a: Ferrothorn|0 fnt
|-damage|p2a: Kartana|8/100|[from] ability: Iron Barbs|[of] p1a: Ferrothorn
|faint|p1a: Ferrothorn
|-ability|p2a: Kartana|Beast Boost|boost
|-boost|p2a: Kartana|atk|1
|
|upkeep
|
|t:|1661317833
|switch|p1a: Tapu Lele|Tapu Lele|66/100
|-damage|p1a: Tapu Lele|54/100|[from] Stealth Rock
|-fieldstart|move: Psychic Terrain|[from] ability: Psychic Surge|[of] p1a: Tapu Lele
|turn|29
|
|t:|1661317836
|move|p1a: Tapu Lele|Moonblast|p2a: Kartana
|-resisted|p2a: Kartana
|-damage|p2a: Kartana|0 fnt
|faint|p2a: Kartana
|
|upkeep
|
|t:|1661317838
|switch|p2a: Glastrier|Glastrier|57/100
|-damage|p2a: Glastrier|32/100|[from] Stealth Rock
|turn|30
|
|t:|1661317842
|move|p1a: Tapu Lele|Moonblast|p2a: Glastrier
|-damage|p2a: Glastrier|0 fnt
|faint|p2a: Glastrier
|
|win|LT94JE Fuse
|raw|LT94JE Fuse's rating: 1794 &rarr; <strong>1812</strong><br />(+18 for winning)
|raw|2222mm's rating: 1766 &rarr; <strong>1748</strong><br />(-18 for losing)
|c|☆LT94JE Fuse|Gg
|c|☆2222mm|gg
|l|☆2222mm
|l| A Lucky Guy
|l| lt94je nick
|l| OneTreeWaiting
|l| JingXia
|l| xiaolinyo
|l| Sjjwjwnwwn
