|raw|<div class="broadcast-blue"><strong>This battle is required to be public due to a player having a name starting with 'lt91bb'.</div>
|j|☆LT91BB crying
|j|☆Banned by week 2
|t:|1659501383
|gametype|singles
|player|p1|LT91BB crying|#dpppl2022luckylucarios|1833
|player|p2|Banned by week 2|picnicker|1903
|teamsize|p1|6
|teamsize|p2|6
|gen|8
|tier|[Gen 8] OU
|rated|
|rule|Sleep Clause Mod: Limit one foe put to sleep
|rule|Species Clause: Limit one of each Pokémon
|rule|OHKO Clause: OHKO moves are banned
|rule|Evasion Moves Clause: Evasion moves are banned
|rule|Endless Battle Clause: Forcing endless battles is banned
|rule|HP Percentage Mod: HP is shown in percentages
|rule|Dynamax Clause: You cannot dynamax
|clearpoke
|poke|p1|Xatu, M|
|poke|p1|Clefable, M|
|poke|p1|Tornadus-Therian, M|
|poke|p1|Volcarona, M|
|poke|p1|Toxapex, M|
|poke|p1|Blissey, F|
|poke|p2|Seismitoad, F|
|poke|p2|Pelipper, F|
|poke|p2|Crawdaunt, F|
|poke|p2|Zapdos|
|poke|p2|Barraskewda, M|
|poke|p2|Ferrothorn, F|
|teampreview
|inactive|Battle timer is ON: inactive players will automatically lose when time's up. (requested by LT91BB crying)
|c|☆Banned by week 2|hf
|
|t:|1659501400
|start
|switch|p1a: Tornadus|Tornadus-Therian, M|100/100
|switch|p2a: Pelipper|Pelipper, F|100/100
|-weather|RainDance|[from] ability: Drizzle|[of] p2a: Pelipper
|turn|1
|
|t:|1659501407
|switch|p2a: Ferrothorn|Ferrothorn, F|100/100
|move|p1a: Tornadus|Knock Off|p2a: Ferrothorn
|-damage|p2a: Ferrothorn|88/100
|-damage|p1a: Tornadus|88/100|[from] ability: Iron Barbs|[of] p2a: Ferrothorn
|-enditem|p2a: Ferrothorn|Eject Button|[from] move: Knock Off|[of] p1a: Tornadus
|
|-weather|RainDance|[upkeep]
|upkeep
|turn|2
|j| Dididudjd
|
|t:|1659501418
|switch|p2a: Seismitoad|Seismitoad, F|100/100
|move|p1a: Tornadus|U-turn|p2a: Seismitoad
|-damage|p2a: Seismitoad|82/100
|
|t:|1659501423
|switch|p1a: Blissey|Blissey, F|100/100|[from]move: U-turn
|
|-weather|RainDance|[upkeep]
|upkeep
|turn|3
|j| dfdfdffdfd75
|j| Pacmanz
|inactive|Banned by week 2 has 120 seconds left.
|l| dfdfdffdfd75
|j| SubmergedWater
|
|t:|1659501459
|switch|p2a: Crawdaunt|Crawdaunt, F|100/100
|move|p1a: Blissey|Stealth Rock|p2a: Crawdaunt
|-sidestart|p2: Banned by week 2|move: Stealth Rock
|
|-weather|RainDance|[upkeep]
|upkeep
|turn|4
|inactive|Banned by week 2 has 120 seconds left.
|
|t:|1659501479
|move|p2a: Crawdaunt|Swords Dance|p2a: Crawdaunt
|-boost|p2a: Crawdaunt|atk|2
|move|p1a: Blissey|Thunder Wave|p2a: Crawdaunt
|-status|p2a: Crawdaunt|par
|
|-weather|RainDance|[upkeep]
|upkeep
|turn|5
|j| Skinnybiscuit
|
|t:|1659501489
|switch|p1a: Volcarona|Volcarona, M|100/100
|cant|p2a: Crawdaunt|par
|
|-weather|RainDance|[upkeep]
|upkeep
|turn|6
|
|t:|1659501494
|move|p1a: Volcarona|Bug Buzz|p2a: Crawdaunt
|-supereffective|p2a: Crawdaunt
|-damage|p2a: Crawdaunt|0 fnt
|faint|p2a: Crawdaunt
|-damage|p1a: Volcarona|91/100|[from] item: Life Orb
|
|-weather|RainDance|[upkeep]
|upkeep
|
|t:|1659501499
|switch|p2a: Barraskewda|Barraskewda, M|100/100
|-damage|p2a: Barraskewda|88/100|[from] Stealth Rock
|turn|7
|
|t:|1659501503
|switch|p1a: Toxapex|Toxapex, M|100/100
|move|p2a: Barraskewda|Flip Turn|p1a: Toxapex
|-resisted|p1a: Toxapex
|-damage|p1a: Toxapex|79/100
|
|t:|1659501505
|switch|p2a: Seismitoad|Seismitoad, F|82/100|[from]move: Flip Turn
|-damage|p2a: Seismitoad|76/100|[from] Stealth Rock
|
|-weather|RainDance|[upkeep]
|upkeep
|turn|8
|j| dirtbag67
|
|t:|1659501510
|switch|p1a: Blissey|Blissey, F|100/100
|move|p2a: Seismitoad|Focus Blast|p1a: Blissey|[miss]
|-miss|p2a: Seismitoad|p1a: Blissey
|
|-weather|none
|upkeep
|turn|9
|j| 125146507qqcom
|
|t:|1659501522
|switch|p2a: Ferrothorn|Ferrothorn, F|88/100
|-damage|p2a: Ferrothorn|82/100|[from] Stealth Rock
|move|p1a: Blissey|Seismic Toss|p2a: Ferrothorn
|-damage|p2a: Ferrothorn|53/100
|-damage|p1a: Blissey|88/100|[from] ability: Iron Barbs|[of] p2a: Ferrothorn
|
|upkeep
|turn|10
|
|t:|1659501529
|switch|p1a: Xatu|Xatu, M|100/100
|switch|p2a: Pelipper|Pelipper, F|100/100
|-damage|p2a: Pelipper|76/100|[from] Stealth Rock
|-weather|RainDance|[from] ability: Drizzle|[of] p2a: Pelipper
|
|-weather|RainDance|[upkeep]
|upkeep
|turn|11
|
|t:|1659501532
|move|p1a: Xatu|Thunder Wave|p2a: Pelipper
|-status|p2a: Pelipper|par
|cant|p2a: Pelipper|par
|
|-weather|RainDance|[upkeep]
|upkeep
|turn|12
|
|t:|1659501534
|move|p1a: Xatu|Night Shade|p2a: Pelipper
|-damage|p2a: Pelipper|45/100 par
|move|p2a: Pelipper|Defog|p1a: Xatu
|move|p1a: Xatu|Defog|p2a: Pelipper|[from]ability: Magic Bounce
|-unboost|p2a: Pelipper|evasion|1
|-sideend|p2: Banned by week 2|Stealth Rock|[from] move: Defog|[of] p1a: Xatu
|
|-weather|RainDance|[upkeep]
|upkeep
|turn|13
|
|t:|1659501536
|move|p2a: Pelipper|U-turn|p1a: Xatu
|-damage|p1a: Xatu|90/100
|
|t:|1659501542
|switch|p2a: Seismitoad|Seismitoad, F|76/100|[from]move: U-turn
|move|p1a: Xatu|Teleport|p1a: Xatu
|
|t:|1659501545
|switch|p1a: Blissey|Blissey, F|88/100|[from]move: Teleport
|
|-weather|RainDance|[upkeep]
|upkeep
|turn|14
|
|t:|1659501547
|move|p2a: Seismitoad|Focus Blast|p1a: Blissey|[miss]
|-miss|p2a: Seismitoad|p1a: Blissey
|move|p1a: Blissey|Stealth Rock|p2a: Seismitoad
|-sidestart|p2: Banned by week 2|move: Stealth Rock
|
|-weather|RainDance|[upkeep]
|upkeep
|turn|15
|
|t:|1659501554
|move|p2a: Seismitoad|Focus Blast|p1a: Blissey|[miss]
|-miss|p2a: Seismitoad|p1a: Blissey
|move|p1a: Blissey|Seismic Toss|p2a: Seismitoad
|-damage|p2a: Seismitoad|48/100
|
|-weather|RainDance|[upkeep]
|upkeep
|turn|16
|
|t:|1659501559
|switch|p2a: Barraskewda|Barraskewda, M|88/100
|-damage|p2a: Barraskewda|76/100|[from] Stealth Rock
|move|p1a: Blissey|Seismic Toss|p2a: Barraskewda
|-damage|p2a: Barraskewda|38/100
|
|-weather|RainDance|[upkeep]
|upkeep
|turn|17
|
|t:|1659501562
|switch|p1a: Toxapex|Toxapex, M|100/100
|move|p2a: Barraskewda|Flip Turn|p1a: Toxapex
|-resisted|p1a: Toxapex
|-damage|p1a: Toxapex|79/100
|
|t:|1659501563
|switch|p2a: Seismitoad|Seismitoad, F|48/100|[from]move: Flip Turn
|-damage|p2a: Seismitoad|42/100|[from] Stealth Rock
|
|-weather|none
|upkeep
|turn|18
|
|t:|1659501567
|switch|p1a: Blissey|Blissey, F|88/100
|move|p2a: Seismitoad|Earth Power|p1a: Blissey
|-damage|p1a: Blissey|75/100
|-unboost|p1a: Blissey|spd|1
|
|upkeep
|turn|19
|
|t:|1659501570
|move|p2a: Seismitoad|Focus Blast|p1a: Blissey
|-supereffective|p1a: Blissey
|-damage|p1a: Blissey|37/100
|move|p1a: Blissey|Soft-Boiled|p1a: Blissey
|-heal|p1a: Blissey|87/100
|
|upkeep
|turn|20
|
|t:|1659501575
|switch|p2a: Barraskewda|Barraskewda, M|38/100
|-damage|p2a: Barraskewda|26/100|[from] Stealth Rock
|move|p1a: Blissey|Soft-Boiled|p1a: Blissey
|-heal|p1a: Blissey|100/100
|
|upkeep
|turn|21
|-message|Banned by week 2 forfeited.
|
|win|LT91BB crying
|raw|LT91BB crying's rating: 1833 &rarr; <strong>1857</strong><br />(+24 for winning)
|raw|Banned by week 2's rating: 1903 &rarr; <strong>1879</strong><br />(-24 for losing)
|l|☆Banned by week 2
|l|☆LT91BB crying
|l| SubmergedWater
|l| Dididudjd
|c| Pacmanz|crying would u consider ur team stall
