|html|<div class="broadcast-blue"><strong>[Gen 8] OU is currently suspecting Melmetal! For information on how to participate check out the <a href="https://www.smogon.com/forums/threads/np-ss-ou-suspect-process-round-12-monster-mash.3709234/">suspect thread</a>.</strong></div>
|j|☆pianotheory
|j|☆Colonel Rivai
|t:|1666263398
|gametype|singles
|player|p1|pianotheory|hilbert|1527
|player|p2|Colonel Rivai|102|1691
|teamsize|p1|6
|teamsize|p2|6
|gen|8
|tier|[Gen 8] OU
|rated|
|rule|Sleep Clause Mod: Limit one foe put to sleep
|rule|Species Clause: Limit one of each Pokémon
|rule|OHKO Clause: OHKO moves are banned
|rule|Evasion Items Clause: Evasion items are banned
|rule|Evasion Moves Clause: Evasion moves are banned
|rule|Endless Battle Clause: Forcing endless battles is banned
|rule|HP Percentage Mod: HP is shown in percentages
|rule|Dynamax Clause: You cannot dynamax
|clearpoke
|poke|p1|Kartana|
|poke|p1|Rillaboom, M|
|poke|p1|Hawlucha, M|
|poke|p1|Victini|
|poke|p1|Aerodactyl, M|
|poke|p1|Weavile, F|
|poke|p2|Hydreigon, M|
|poke|p2|Kartana|
|poke|p2|Blacephalon|
|poke|p2|Landorus-Therian, M|
|poke|p2|Melmetal|
|poke|p2|Toxapex, M|
|teampreview
|inactive|Battle timer is ON: inactive players will automatically lose when time's up. (requested by pianotheory)
|
|t:|1666263412
|start
|switch|p1a: Kartana|Kartana|100/100
|switch|p2a: Hydreigon|Hydreigon, M|100/100
|turn|1
|
|t:|1666263420
|move|p1a: Kartana|Leaf Blade|p2a: Hydreigon
|-resisted|p2a: Hydreigon
|-damage|p2a: Hydreigon|47/100
|move|p2a: Hydreigon|Beat Up|p1a: Kartana
|-damage|p1a: Kartana|88/100
|-damage|p1a: Kartana|68/100
|-damage|p1a: Kartana|54/100
|-damage|p1a: Kartana|38/100
|-damage|p1a: Kartana|24/100
|-damage|p1a: Kartana|15/100
|-hitcount|p1a: Kartana|6
|
|upkeep
|turn|2
|j| rsykvjhpp
|l| rsykvjhpp
|
|t:|1666263440
|switch|p1a: Victini|Victini|100/100
|switch|p2a: Kartana|Kartana|100/100
|
|upkeep
|turn|3
|
|t:|1666263447
|move|p1a: Victini|Final Gambit|p2a: Kartana
|-damage|p2a: Kartana|0 fnt
|faint|p1a: Victini
|faint|p2a: Kartana
|
|upkeep
|
|t:|1666263450
|switch|p2a: Blacephalon|Blacephalon|100/100
|switch|p1a: Aerodactyl|Aerodactyl, M|100/100
|turn|4
|
|t:|1666263456
|move|p2a: Blacephalon|Trick|p1a: Aerodactyl
|-activate|p2a: Blacephalon|move: Trick|[of] p1a: Aerodactyl
|-item|p1a: Aerodactyl|Choice Scarf|[from] move: Trick
|-item|p2a: Blacephalon|Focus Sash|[from] move: Trick
|move|p1a: Aerodactyl|Earthquake|p2a: Blacephalon
|-supereffective|p2a: Blacephalon
|-crit|p2a: Blacephalon
|-enditem|p2a: Blacephalon|Focus Sash
|-damage|p2a: Blacephalon|1/100
|
|upkeep
|turn|5
|
|t:|1666263467
|switch|p1a: Kartana|Kartana|15/100
|move|p2a: Blacephalon|Trick|p1a: Kartana
|-activate|p2a: Blacephalon|move: Trick|[of] p1a: Kartana
|-enditem|p1a: Kartana|Choice Band|[silent]|[from] move: Trick
|-item|p2a: Blacephalon|Choice Band|[from] move: Trick
|
|upkeep
|turn|6
|
|t:|1666263474
|switch|p2a: Toxapex|Toxapex, M|100/100
|move|p1a: Kartana|Knock Off|p2a: Toxapex
|-damage|p2a: Toxapex|74/100
|-damage|p1a: Kartana|0 fnt|[from] item: Rocky Helmet|[of] p2a: Toxapex
|faint|p1a: Kartana
|
|upkeep
|
|t:|1666263481
|switch|p1a: Aerodactyl|Aerodactyl, M|100/100
|turn|7
|
|t:|1666263489
|move|p1a: Aerodactyl|Stealth Rock|p2a: Toxapex
|-sidestart|p2: Colonel Rivai|move: Stealth Rock
|move|p2a: Toxapex|Toxic|p1a: Aerodactyl
|-status|p1a: Aerodactyl|tox
|
|-damage|p1a: Aerodactyl|95/100 tox|[from] psn
|upkeep
|turn|8
|
|t:|1666263492
|switch|p1a: Rillaboom|Rillaboom, M|100/100
|-fieldstart|move: Grassy Terrain|[from] ability: Grassy Surge|[of] p1a: Rillaboom
|move|p2a: Toxapex|Toxic|p1a: Rillaboom
|-status|p1a: Rillaboom|tox
|
|-heal|p2a: Toxapex|80/100|[from] Grassy Terrain
|-damage|p1a: Rillaboom|94/100 tox|[from] psn
|upkeep
|turn|9
|
|t:|1666263496
|move|p1a: Rillaboom|Swords Dance|p1a: Rillaboom
|-boost|p1a: Rillaboom|atk|2
|move|p2a: Toxapex|Haze|p2a: Toxapex
|-clearallboost
|
|-heal|p1a: Rillaboom|100/100 tox|[from] Grassy Terrain
|-heal|p2a: Toxapex|86/100|[from] Grassy Terrain
|-damage|p1a: Rillaboom|88/100 tox|[from] psn
|upkeep
|turn|10
|
|t:|1666263507
|move|p1a: Rillaboom|Knock Off|p2a: Toxapex
|-damage|p2a: Toxapex|65/100
|-damage|p1a: Rillaboom|71/100 tox|[from] item: Rocky Helmet|[of] p2a: Toxapex
|-enditem|p2a: Toxapex|Rocky Helmet|[from] move: Knock Off|[of] p1a: Rillaboom
|move|p2a: Toxapex|Knock Off|p1a: Rillaboom
|-damage|p1a: Rillaboom|56/100 tox
|-enditem|p1a: Rillaboom|Leftovers|[from] move: Knock Off|[of] p2a: Toxapex
|
|-heal|p1a: Rillaboom|63/100 tox|[from] Grassy Terrain
|-heal|p2a: Toxapex|70/100|[from] Grassy Terrain
|-damage|p1a: Rillaboom|44/100 tox|[from] psn
|upkeep
|turn|11
|
|t:|1666263514
|switch|p1a: Aerodactyl|Aerodactyl, M|95/100 tox
|move|p2a: Toxapex|Toxic|p1a: Aerodactyl
|-fail|p1a: Aerodactyl|tox
|
|-heal|p2a: Toxapex|76/100|[from] Grassy Terrain
|-damage|p1a: Aerodactyl|89/100 tox|[from] psn
|upkeep
|turn|12
|
|t:|1666263519
|move|p1a: Aerodactyl|Rock Slide|p2a: Toxapex
|-damage|p2a: Toxapex|57/100
|move|p2a: Toxapex|Recover|p2a: Toxapex
|-heal|p2a: Toxapex|100/100
|
|-damage|p1a: Aerodactyl|77/100 tox|[from] psn
|-fieldend|move: Grassy Terrain
|upkeep
|turn|13
|
|t:|1666263524
|switch|p1a: Rillaboom|Rillaboom, M|44/100 tox
|-fieldstart|move: Grassy Terrain|[from] ability: Grassy Surge|[of] p1a: Rillaboom
|switch|p2a: Landorus|Landorus-Therian, M|100/100
|-damage|p2a: Landorus|88/100|[from] Stealth Rock
|-ability|p2a: Landorus|Intimidate|boost
|-unboost|p1a: Rillaboom|atk|1
|
|-heal|p2a: Landorus|94/100|[from] item: Leftovers
|-heal|p1a: Rillaboom|50/100 tox|[from] Grassy Terrain
|-damage|p1a: Rillaboom|44/100 tox|[from] psn
|upkeep
|turn|14
|
|t:|1666263527
|move|p2a: Landorus|Defog|p1a: Rillaboom
|-unboost|p1a: Rillaboom|evasion|1
|-sideend|p2: Colonel Rivai|Stealth Rock|[from] move: Defog|[of] p2a: Landorus
|-fieldend|move: Grassy Terrain
|move|p1a: Rillaboom|Knock Off|p2a: Landorus
|-damage|p2a: Landorus|70/100
|-enditem|p2a: Landorus|Leftovers|[from] move: Knock Off|[of] p1a: Rillaboom
|
|-damage|p1a: Rillaboom|32/100 tox|[from] psn
|upkeep
|turn|15
|
|t:|1666263532
|switch|p1a: Aerodactyl|Aerodactyl, M|77/100 tox
|move|p2a: Landorus|Stealth Rock|p1a: Aerodactyl
|-sidestart|p1: pianotheory|move: Stealth Rock
|
|-damage|p1a: Aerodactyl|71/100 tox|[from] psn
|upkeep
|turn|16
|
|t:|1666263535
|move|p1a: Aerodactyl|Stealth Rock|p2a: Landorus
|-sidestart|p2: Colonel Rivai|move: Stealth Rock
|move|p2a: Landorus|U-turn|p1a: Aerodactyl
|-resisted|p1a: Aerodactyl
|-damage|p1a: Aerodactyl|51/100 tox
|
|t:|1666263537
|switch|p2a: Toxapex|Toxapex, M|100/100|[from]move: U-turn
|-damage|p2a: Toxapex|88/100|[from] Stealth Rock
|
|-damage|p1a: Aerodactyl|39/100 tox|[from] psn
|upkeep
|turn|17
|
|t:|1666263543
|switch|p1a: Rillaboom|Rillaboom, M|32/100 tox
|-damage|p1a: Rillaboom|19/100 tox|[from] Stealth Rock
|-fieldstart|move: Grassy Terrain|[from] ability: Grassy Surge|[of] p1a: Rillaboom
|move|p2a: Toxapex|Toxic|p1a: Rillaboom
|-fail|p1a: Rillaboom|tox
|
|-heal|p1a: Rillaboom|25/100 tox|[from] Grassy Terrain
|-heal|p2a: Toxapex|94/100|[from] Grassy Terrain
|-damage|p1a: Rillaboom|19/100 tox|[from] psn
|upkeep
|turn|18
|
|t:|1666263549
|move|p1a: Rillaboom|Grassy Glide|p2a: Toxapex
|-damage|p2a: Toxapex|63/100
|move|p2a: Toxapex|Knock Off|p1a: Rillaboom
|-damage|p1a: Rillaboom|9/100 tox
|
|-heal|p1a: Rillaboom|15/100 tox|[from] Grassy Terrain
|-heal|p2a: Toxapex|69/100|[from] Grassy Terrain
|-damage|p1a: Rillaboom|3/100 tox|[from] psn
|upkeep
|turn|19
|
|t:|1666263554
|move|p1a: Rillaboom|Grassy Glide|p2a: Toxapex
|-damage|p2a: Toxapex|36/100
|move|p2a: Toxapex|Recover|p2a: Toxapex
|-heal|p2a: Toxapex|86/100
|
|-heal|p1a: Rillaboom|9/100 tox|[from] Grassy Terrain
|-heal|p2a: Toxapex|92/100|[from] Grassy Terrain
|-damage|p1a: Rillaboom|0 fnt|[from] psn
|faint|p1a: Rillaboom
|upkeep
|
|t:|1666263555
|switch|p1a: Hawlucha|Hawlucha, M|100/100
|-damage|p1a: Hawlucha|88/100|[from] Stealth Rock
|-enditem|p1a: Hawlucha|Grassy Seed
|-boost|p1a: Hawlucha|def|1|[from] item: Grassy Seed
|turn|20
|
|t:|1666263557
|move|p1a: Hawlucha|Taunt|p2a: Toxapex
|-start|p2a: Toxapex|move: Taunt
|cant|p2a: Toxapex|move: Taunt|Toxic
|
|-heal|p2a: Toxapex|98/100|[from] Grassy Terrain
|upkeep
|turn|21
|
|t:|1666263560
|switch|p2a: Melmetal|Melmetal|100/100
|-damage|p2a: Melmetal|94/100|[from] Stealth Rock
|move|p1a: Hawlucha|Swords Dance|p1a: Hawlucha
|-boost|p1a: Hawlucha|atk|2
|
|-heal|p2a: Melmetal|100/100|[from] Grassy Terrain
|-fieldend|move: Grassy Terrain
|upkeep
|turn|22
|
|t:|1666263569
|move|p1a: Hawlucha|Close Combat|p2a: Melmetal
|-supereffective|p2a: Melmetal
|-damage|p2a: Melmetal|0 fnt
|-unboost|p1a: Hawlucha|def|1
|-unboost|p1a: Hawlucha|spd|1
|faint|p2a: Melmetal
|
|upkeep
|
|t:|1666263572
|switch|p2a: Toxapex|Toxapex, M|100/100
|-damage|p2a: Toxapex|88/100|[from] Stealth Rock
|turn|23
|
|t:|1666263577
|move|p1a: Hawlucha|Taunt|p2a: Toxapex
|-start|p2a: Toxapex|move: Taunt
|move|p2a: Toxapex|Knock Off|p1a: Hawlucha
|-resisted|p1a: Hawlucha
|-damage|p1a: Hawlucha|80/100
|
|upkeep
|turn|24
|
|t:|1666263579
|move|p1a: Hawlucha|Swords Dance|p1a: Hawlucha
|-boost|p1a: Hawlucha|atk|2
|move|p2a: Toxapex|Knock Off|p1a: Hawlucha
|-resisted|p1a: Hawlucha
|-damage|p1a: Hawlucha|72/100
|
|upkeep
|turn|25
|l|☆Colonel Rivai
|inactive|Colonel Rivai disconnected and has a minute to reconnect!
|player|p2|
|c|☆pianotheory|loser
|inactive|pianotheory has 120 seconds left.
|inactive|Colonel Rivai has 30 seconds to reconnect!
|inactive|Colonel Rivai has 20 seconds to reconnect!
|inactive|Colonel Rivai has 15 seconds to reconnect!
|inactive|Colonel Rivai has 10 seconds to reconnect!
|inactive|Colonel Rivai has 5 seconds to reconnect!
|-message|Colonel Rivai lost due to inactivity.
|
|win|pianotheory
|raw|pianotheory's rating: 1527 &rarr; <strong>1556</strong><br />(+29 for winning)
|raw|Colonel Rivai's rating: 1691 &rarr; <strong>1662</strong><br />(-29 for losing)
||Ladder isn't responding, score probably updated but might not have (Request timeout).
