|j|☆Oryen
|j|☆kingofbasil
|inactive|Battle timer is ON: inactive players will automatically lose when time's up.
|t:|1659137282
|gametype|singles
|player|p1|Oryen|1|
|player|p2|kingofbasil|plasmagrunt|
|teamsize|p1|5
|teamsize|p2|5
|gen|8
|tier|[Gen 8] OU
|rated|Tournament battle
|rule|Sleep Clause Mod: Limit one foe put to sleep
|rule|Species Clause: Limit one of each Pokémon
|rule|OHKO Clause: OHKO moves are banned
|rule|Evasion Moves Clause: Evasion moves are banned
|rule|Endless Battle Clause: Forcing endless battles is banned
|rule|HP Percentage Mod: HP is shown in percentages
|rule|Dynamax Clause: You cannot dynamax
|clearpoke
|poke|p1|Toxapex, M|
|poke|p1|Escavalier, F|
|poke|p1|Boltund, M|
|poke|p1|Volcarona, F|
|poke|p1|Cloyster, F|
|poke|p2|Umbreon, M|
|poke|p2|Decidueye, M|
|poke|p2|Haxorus, F|
|poke|p2|Metagross|
|poke|p2|Primarina, M|
|teampreview
|j|*Lady Monita ☀
|j| Bonnur
|c|☆kingofbasil|gl
|c|☆Oryen|u2
|inactive|Oryen has 120 seconds left.
|inactive|kingofbasil has 120 seconds left.
|
|t:|1659137325
|start
|switch|p1a: Boltund|Boltund, M|100/100
|switch|p2a: Haxorus|Haxorus, F|100/100
|-ability|p2a: Haxorus|Mold Breaker
|turn|1
|
|t:|1659137333
|move|p1a: Boltund|Psychic Fangs|p2a: Haxorus
|-damage|p2a: Haxorus|43/100
|-damage|p1a: Boltund|91/100|[from] item: Life Orb
|move|p2a: Haxorus|Dragon Dance|p2a: Haxorus
|-boost|p2a: Haxorus|atk|1
|-boost|p2a: Haxorus|spe|1
|
|-heal|p2a: Haxorus|49/100|[from] item: Leftovers
|upkeep
|turn|2
|
|t:|1659137344
|move|p2a: Haxorus|Outrage|p1a: Boltund
|-damage|p1a: Boltund|0 fnt
|faint|p1a: Boltund
|
|-heal|p2a: Haxorus|55/100|[from] item: Leftovers
|upkeep
|j| Gdayfellowfriend
|
|t:|1659137349
|switch|p1a: Escavalier|Escavalier, F|100/100
|turn|3
|
|t:|1659137351
|move|p2a: Haxorus|Outrage|p1a: Escavalier|[from]lockedmove
|-resisted|p1a: Escavalier
|-damage|p1a: Escavalier|43/100
|move|p1a: Escavalier|Iron Head|p2a: Haxorus
|-damage|p2a: Haxorus|10/100
|
|-heal|p2a: Haxorus|16/100|[from] item: Leftovers
|-heal|p1a: Escavalier|49/100|[from] item: Leftovers
|upkeep
|turn|4
|
|t:|1659137355
|move|p1a: Escavalier|Protect|p1a: Escavalier
|-singleturn|p1a: Escavalier|Protect
|move|p2a: Haxorus|Outrage|p1a: Escavalier|[from]lockedmove
|-activate|p1a: Escavalier|move: Protect
|-start|p2a: Haxorus|confusion|[fatigue]
|
|-heal|p2a: Haxorus|22/100|[from] item: Leftovers
|-heal|p1a: Escavalier|55/100|[from] item: Leftovers
|upkeep
|turn|5
|
|t:|1659137364
|-activate|p2a: Haxorus|confusion
|move|p2a: Haxorus|Outrage|p1a: Escavalier
|-resisted|p1a: Escavalier
|-damage|p1a: Escavalier|6/100
|move|p1a: Escavalier|Iron Head|p2a: Haxorus
|-damage|p2a: Haxorus|0 fnt
|faint|p2a: Haxorus
|
|-heal|p1a: Escavalier|12/100|[from] item: Leftovers
|upkeep
|
|t:|1659137370
|switch|p2a: Umbreon|Umbreon, M, shiny|100/100
|turn|6
|j| Prosandrookies
|j|%Jadino bambino
|
|t:|1659137375
|move|p1a: Escavalier|Protect|p1a: Escavalier
|-singleturn|p1a: Escavalier|Protect
|move|p2a: Umbreon|Foul Play|p1a: Escavalier
|-activate|p1a: Escavalier|move: Protect
|
|-heal|p1a: Escavalier|18/100|[from] item: Leftovers
|upkeep
|turn|7
|
|t:|1659137378
|switch|p1a: Toxapex|Toxapex, M|100/100
|move|p2a: Umbreon|Toxic|p1a: Toxapex
|-immune|p1a: Toxapex
|
|upkeep
|turn|8
|j| Lulu maestria 7
|
|t:|1659137388
|switch|p1a: Volcarona|Volcarona, F|100/100
|move|p2a: Umbreon|Wish|p2a: Umbreon
|
|upkeep
|turn|9
|
|t:|1659137393
|move|p1a: Volcarona|Quiver Dance|p1a: Volcarona
|-boost|p1a: Volcarona|spa|1
|-boost|p1a: Volcarona|spd|1
|-boost|p1a: Volcarona|spe|1
|move|p2a: Umbreon|Toxic|p1a: Volcarona
|-status|p1a: Volcarona|tox
|
|-damage|p1a: Volcarona|94/100 tox|[from] psn
|upkeep
|turn|10
|l| Lulu maestria 7
|
|t:|1659137396
|move|p1a: Volcarona|Quiver Dance|p1a: Volcarona
|-boost|p1a: Volcarona|spa|1
|-boost|p1a: Volcarona|spd|1
|-boost|p1a: Volcarona|spe|1
|move|p2a: Umbreon|Wish|p2a: Umbreon
|
|-damage|p1a: Volcarona|82/100 tox|[from] psn
|upkeep
|turn|11
|
|t:|1659137401
|move|p1a: Volcarona|Bug Buzz|p2a: Umbreon
|-supereffective|p2a: Umbreon
|-damage|p2a: Umbreon|0 fnt
|faint|p2a: Umbreon
|
|-damage|p1a: Volcarona|64/100 tox|[from] psn
|upkeep
|
|t:|1659137404
|switch|p2a: Primarina|Primarina, M, shiny|100/100
|turn|12
|j| Wheatum
|
|t:|1659137411
|move|p1a: Volcarona|Psychic|p2a: Primarina
|-damage|p2a: Primarina|45/100
|move|p2a: Primarina|Hyper Voice|p1a: Volcarona
|-supereffective|p1a: Volcarona
|-damage|p1a: Volcarona|10/100 tox
|
|-heal|p2a: Primarina|51/100|[from] item: Leftovers
|-damage|p1a: Volcarona|0 fnt|[from] psn
|faint|p1a: Volcarona
|upkeep
|l| Wheatum
|
|t:|1659137419
|switch|p1a: Toxapex|Toxapex, M|100/100
|turn|13
|j| Ma_Bot
|
|t:|1659137427
|move|p2a: Primarina|Substitute|p2a: Primarina
|-start|p2a: Primarina|Substitute
|-damage|p2a: Primarina|26/100
|move|p1a: Toxapex|Toxic||[still]
|-fail|p1a: Toxapex
|
|-heal|p2a: Primarina|32/100|[from] item: Leftovers
|upkeep
|turn|14
|
|t:|1659137434
|move|p2a: Primarina|Calm Mind|p2a: Primarina
|-boost|p2a: Primarina|spa|1
|-boost|p2a: Primarina|spd|1
|move|p1a: Toxapex|Haze|p1a: Toxapex
|-clearallboost
|
|-heal|p2a: Primarina|38/100|[from] item: Leftovers
|upkeep
|turn|15
|
|t:|1659137447
|switch|p1a: Cloyster|Cloyster, F|100/100
|move|p2a: Primarina|Calm Mind|p2a: Primarina
|-boost|p2a: Primarina|spa|1
|-boost|p2a: Primarina|spd|1
|
|-heal|p2a: Primarina|44/100|[from] item: Leftovers
|upkeep
|turn|16
|inactive|Oryen has 120 seconds left.
|j| Pnoel
|j| hf292
|
|t:|1659137495
|move|p1a: Cloyster|Icicle Spear|p2a: Primarina
|-resisted|p2a: Primarina
|-activate|p2a: Primarina|move: Substitute|[damage]
|-resisted|p2a: Primarina
|-activate|p2a: Primarina|move: Substitute|[damage]
|-resisted|p2a: Primarina
|-crit|p2a: Primarina
|-end|p2a: Primarina|Substitute
|-resisted|p2a: Primarina
|-damage|p2a: Primarina|35/100
|-resisted|p2a: Primarina
|-damage|p2a: Primarina|25/100
|-hitcount|p2a: Primarina|5
|-damage|p1a: Cloyster|91/100|[from] item: Life Orb
|move|p2a: Primarina|Moonblast|p1a: Cloyster
|-damage|p1a: Cloyster|0 fnt
|faint|p1a: Cloyster
|
|-heal|p2a: Primarina|31/100|[from] item: Leftovers
|upkeep
|
|t:|1659137504
|switch|p1a: Escavalier|Escavalier, F|18/100
|turn|17
|
|t:|1659137521
|move|p1a: Escavalier|Protect|p1a: Escavalier
|-singleturn|p1a: Escavalier|Protect
|move|p2a: Primarina|Hyper Voice|p1a: Escavalier
|-activate|p1a: Escavalier|move: Protect
|
|-heal|p2a: Primarina|37/100|[from] item: Leftovers
|-heal|p1a: Escavalier|24/100|[from] item: Leftovers
|upkeep
|turn|18
|j| AceJake28
|
|t:|1659137524
|move|p2a: Primarina|Hyper Voice|p1a: Escavalier
|-damage|p1a: Escavalier|0 fnt
|faint|p1a: Escavalier
|
|-heal|p2a: Primarina|43/100|[from] item: Leftovers
|upkeep
|j|%Meister Siegfried
|l| Prosandrookies
|inactive|Oryen has 90 seconds left.
|c|☆kingofbasil|gg
|
|t:|1659137573
|switch|p1a: Toxapex|Toxapex, M|100/100
|turn|19
|c|☆Oryen|gg
|l|%Meister Siegfried
|-message|Oryen forfeited.
|
|win|kingofbasil
|n|☆Oryen|oryen
|n|☆kingofbasil|kingofbasil
|n|*Lady Monita ☀|ladymonita
|n| Bonnur|bonnur
|n| Gdayfellowfriend|gdayfellowfriend
|n| Jadino bambino|jadinobambino
|n| Ma_Bot|mabot
|n| Pnoel|pnoel
|n| hf292|hf292
|n| AceJake28|acejake28
