|j|☆GuardArc
|j|☆Fall Out Bud
|t:|1605812246
|player|p1|GuardArc|alder|
|player|p2|Fall Out Bud|169|
|teamsize|p1|6
|teamsize|p2|6
|gametype|singles
|gen|8
|tier|[Gen 8] OU
|clearpoke
|poke|p1|Pheromosa|
|poke|p1|Dragapult, F|
|poke|p1|Swampert, M|
|poke|p1|Moltres|
|poke|p1|Blissey, F|
|poke|p1|Tapu Koko|
|poke|p2|Moltres|
|poke|p2|Tapu Lele|
|poke|p2|Pheromosa|
|poke|p2|Toxapex, M|
|poke|p2|Landorus-Therian, M|
|poke|p2|Ferrothorn, F|
|rule|Sleep Clause Mod: Limit one foe put to sleep
|rule|Species Clause: Limit one of each Pokémon
|rule|OHKO Clause: OHKO moves are banned
|rule|Evasion Moves Clause: Evasion moves are banned
|rule|Endless Battle Clause: Forcing endless battles is banned
|rule|HP Percentage Mod: HP is shown in percentages
|rule|Dynamax Clause: You cannot dynamax
|teampreview
|c|☆GuardArc|ayyy finals game 1, gl man hf
|c|☆Fall Out Bud|u2
|
|t:|1605812317
|start
|switch|p1a: Pheromosa|Pheromosa, shiny|100/100
|switch|p2a: Landorus|Landorus-Therian, M|100/100
|-ability|p2a: Landorus|Intimidate|boost
|-unboost|p1a: Pheromosa|atk|1
|turn|1
|
|t:|1605812352
|switch|p2a: Toxapex|Toxapex, M, shiny|100/100
|move|p1a: Pheromosa|Ice Beam|p2a: Toxapex
|-resisted|p2a: Toxapex
|-damage|p2a: Toxapex|89/100
|
|upkeep
|turn|2
|
|t:|1605812366
|switch|p1a: Tapu Koko|Tapu Koko|100/100
|-fieldstart|move: Electric Terrain|[from] ability: Electric Surge|[of] p1a: Tapu Koko
|move|p2a: Toxapex|Toxic|p1a: Tapu Koko
|-status|p1a: Tapu Koko|tox
|
|-damage|p1a: Tapu Koko|94/100 tox|[from] psn
|upkeep
|turn|3
|
|t:|1605812377
|switch|p1a: Moltres|Moltres|100/100
|switch|p2a: Ferrothorn|Ferrothorn, F|100/100
|
|upkeep
|turn|4
|
|t:|1605812396
|switch|p2a: Toxapex|Toxapex, M, shiny|100/100
|move|p1a: Moltres|Flamethrower|p2a: Toxapex
|-resisted|p2a: Toxapex
|-damage|p2a: Toxapex|84/100
|
|upkeep
|turn|5
|
|t:|1605812413
|switch|p1a: Blissey|Blissey, F|100/100
|move|p2a: Toxapex|Scald|p1a: Blissey
|-damage|p1a: Blissey|94/100
|
|-heal|p1a: Blissey|99/100|[from] item: Leftovers
|upkeep
|turn|6
|
|t:|1605812427
|switch|p2a: Tapu Lele|Tapu Lele|100/100
|-fieldstart|move: Psychic Terrain|[from] ability: Psychic Surge|[of] p2a: Tapu Lele
|move|p1a: Blissey|Aromatherapy|p1a: Blissey
|-activate|p1a: Blissey|move: Aromatherapy
|-curestatus|p1: Tapu Koko|tox|[msg]
|
|-heal|p1a: Blissey|100/100|[from] item: Leftovers
|upkeep
|turn|7
|
|t:|1605812441
|switch|p1a: Tapu Koko|Tapu Koko|94/100
|-fieldstart|move: Electric Terrain|[from] ability: Electric Surge|[of] p1a: Tapu Koko
|move|p2a: Tapu Lele|Psyshock|p1a: Tapu Koko
|-damage|p1a: Tapu Koko|4/100
|
|upkeep
|turn|8
|
|t:|1605812452
|switch|p2a: Ferrothorn|Ferrothorn, F|100/100
|move|p1a: Tapu Koko|Volt Switch|p2a: Ferrothorn
|-resisted|p2a: Ferrothorn
|-damage|p2a: Ferrothorn|82/100
|
|t:|1605812458
|switch|p1a: Dragapult|Dragapult, F|100/100|[from]move: Volt Switch
|
|-heal|p2a: Ferrothorn|89/100|[from] item: Leftovers
|upkeep
|turn|9
|
|t:|1605812519
|move|p1a: Dragapult|Fire Blast|p2a: Ferrothorn|[miss]
|-miss|p1a: Dragapult|p2a: Ferrothorn
|move|p2a: Ferrothorn|Gyro Ball|p1a: Dragapult
|-damage|p1a: Dragapult|23/100
|
|-heal|p2a: Ferrothorn|95/100|[from] item: Leftovers
|upkeep
|turn|10
|c|☆Fall Out Bud|dam
|c|☆GuardArc|mannn
|c|☆GuardArc|lol
|
|t:|1605812539
|switch|p2a: Moltres|Moltres|100/100
|move|p1a: Dragapult|Dragon Dance|p1a: Dragapult
|-boost|p1a: Dragapult|atk|1
|-boost|p1a: Dragapult|spe|1
|
|upkeep
|turn|11
|
|t:|1605812559
|move|p1a: Dragapult|Dragon Darts|p2a: Moltres
|-damage|p2a: Moltres|61/100
|-anim|p1a: Dragapult|Dragon Darts|p2a: Moltres
|-damage|p2a: Moltres|15/100
|-damage|p1a: Dragapult|13/100|[from] item: Life Orb
|move|p2a: Moltres|Scorching Sands|p1a: Dragapult
|-damage|p1a: Dragapult|0 fnt
|faint|p1a: Dragapult
|
|-fieldend|move: Electric Terrain
|upkeep
|
|t:|1605812562
|switch|p1a: Pheromosa|Pheromosa, shiny|100/100
|turn|12
|
|t:|1605812571
|switch|p2a: Toxapex|Toxapex, M, shiny|100/100
|move|p1a: Pheromosa|Ice Beam|p2a: Toxapex
|-resisted|p2a: Toxapex
|-damage|p2a: Toxapex|88/100
|
|upkeep
|turn|13
|
|t:|1605812579
|switch|p1a: Swampert|Swampert, M|100/100
|move|p2a: Toxapex|Toxic|p1a: Swampert
|-status|p1a: Swampert|tox
|
|-damage|p1a: Swampert|94/100 tox|[from] psn
|upkeep
|turn|14
|
|t:|1605812587
|switch|p2a: Ferrothorn|Ferrothorn, F|95/100
|move|p1a: Swampert|Stealth Rock|p2a: Ferrothorn
|-sidestart|p2: Fall Out Bud|move: Stealth Rock
|
|-heal|p1a: Swampert|100/100 tox|[from] item: Leftovers
|-heal|p2a: Ferrothorn|100/100|[from] item: Leftovers
|-damage|p1a: Swampert|88/100 tox|[from] psn
|upkeep
|turn|15
|
|t:|1605812596
|switch|p1a: Tapu Koko|Tapu Koko|4/100
|-fieldstart|move: Electric Terrain|[from] ability: Electric Surge|[of] p1a: Tapu Koko
|move|p2a: Ferrothorn|Stealth Rock|p1a: Tapu Koko
|-sidestart|p1: GuardArc|move: Stealth Rock
|
|upkeep
|turn|16
|
|t:|1605812605
|move|p1a: Tapu Koko|Roost|p1a: Tapu Koko
|-heal|p1a: Tapu Koko|54/100
|-singleturn|p1a: Tapu Koko|move: Roost
|move|p2a: Ferrothorn|Leech Seed|p1a: Tapu Koko|[miss]
|-miss|p2a: Ferrothorn|p1a: Tapu Koko
|
|upkeep
|turn|17
|
|t:|1605812613
|move|p1a: Tapu Koko|Roost|p1a: Tapu Koko
|-heal|p1a: Tapu Koko|100/100
|-singleturn|p1a: Tapu Koko|move: Roost
|move|p2a: Ferrothorn|Leech Seed|p1a: Tapu Koko
|-start|p1a: Tapu Koko|move: Leech Seed
|
|-damage|p1a: Tapu Koko|88/100|[from] Leech Seed|[of] p2a: Ferrothorn
|upkeep
|turn|18
|
|t:|1605812620
|switch|p1a: Moltres|Moltres|100/100
|move|p2a: Ferrothorn|Gyro Ball|p1a: Moltres
|-resisted|p1a: Moltres
|-damage|p1a: Moltres|85/100
|
|upkeep
|turn|19
|
|t:|1605812627
|switch|p2a: Toxapex|Toxapex, M, shiny|100/100
|-damage|p2a: Toxapex|88/100|[from] Stealth Rock
|move|p1a: Moltres|Scorching Sands|p2a: Toxapex
|-supereffective|p2a: Toxapex
|-damage|p2a: Toxapex|55/100
|
|-fieldend|move: Electric Terrain
|upkeep
|turn|20
|
|t:|1605812635
|move|p1a: Moltres|Defog|p2a: Toxapex
|-unboost|p2a: Toxapex|evasion|1
|-sideend|p2: Fall Out Bud|Stealth Rock|[from] move: Defog|[of] p1a: Moltres
|-sideend|p1: GuardArc|Stealth Rock|[from] move: Defog|[of] p1a: Moltres
|move|p2a: Toxapex|Recover|p2a: Toxapex
|-heal|p2a: Toxapex|100/100
|
|upkeep
|turn|21
|
|t:|1605812650
|switch|p1a: Tapu Koko|Tapu Koko|88/100
|-fieldstart|move: Electric Terrain|[from] ability: Electric Surge|[of] p1a: Tapu Koko
|switch|p2a: Tapu Lele|Tapu Lele|100/100
|-fieldstart|move: Psychic Terrain|[from] ability: Psychic Surge|[of] p2a: Tapu Lele
|
|upkeep
|turn|22
|
|t:|1605812667
|move|p1a: Tapu Koko|Thunderbolt|p2a: Tapu Lele
|-damage|p2a: Tapu Lele|34/100
|-status|p2a: Tapu Lele|par
|move|p2a: Tapu Lele|Psyshock|p1a: Tapu Koko
|-damage|p1a: Tapu Koko|0 fnt
|faint|p1a: Tapu Koko
|
|upkeep
|
|t:|1605812671
|switch|p1a: Pheromosa|Pheromosa, shiny|100/100
|turn|23
|
|t:|1605812678
|switch|p2a: Toxapex|Toxapex, M, shiny|100/100
|move|p1a: Pheromosa|U-turn|p2a: Toxapex
|-resisted|p2a: Toxapex
|-damage|p2a: Toxapex|89/100
|-damage|p1a: Pheromosa|84/100|[from] item: Rocky Helmet|[of] p2a: Toxapex
|
|t:|1605812684
|switch|p1a: Blissey|Blissey, F|100/100|[from]move: U-turn
|
|upkeep
|turn|24
|c|☆GuardArc|man this matchup is hard for me
|
|t:|1605812714
|switch|p2a: Ferrothorn|Ferrothorn, F|100/100
|move|p1a: Blissey|Aromatherapy|p1a: Blissey
|-activate|p1a: Blissey|move: Aromatherapy
|-curestatus|p1: Swampert|tox|[msg]
|
|upkeep
|turn|25
|c|☆Fall Out Bud|ray built this
|c|☆GuardArc|lol he's gettin me back then
|
|t:|1605812735
|switch|p1a: Pheromosa|Pheromosa, shiny|84/100
|move|p2a: Ferrothorn|Leech Seed|p1a: Pheromosa
|-start|p1a: Pheromosa|move: Leech Seed
|
|-damage|p1a: Pheromosa|72/100|[from] Leech Seed|[of] p2a: Ferrothorn
|-fieldend|move: Psychic Terrain
|upkeep
|turn|26
|
|t:|1605812747
|switch|p1a: Swampert|Swampert, M|88/100
|switch|p2a: Toxapex|Toxapex, M, shiny|100/100
|
|-heal|p1a: Swampert|94/100|[from] item: Leftovers
|upkeep
|turn|27
|
|t:|1605812758
|switch|p2a: Ferrothorn|Ferrothorn, F|100/100
|move|p1a: Swampert|Earthquake|p2a: Ferrothorn
|-damage|p2a: Ferrothorn|73/100
|
|-heal|p1a: Swampert|100/100|[from] item: Leftovers
|-heal|p2a: Ferrothorn|79/100|[from] item: Leftovers
|upkeep
|turn|28
|
|t:|1605812766
|move|p1a: Swampert|Stealth Rock|p2a: Ferrothorn
|-sidestart|p2: Fall Out Bud|move: Stealth Rock
|move|p2a: Ferrothorn|Stealth Rock|p1a: Swampert
|-sidestart|p1: GuardArc|move: Stealth Rock
|
|-heal|p2a: Ferrothorn|85/100|[from] item: Leftovers
|upkeep
|turn|29
|
|t:|1605812788
|move|p1a: Swampert|Flip Turn|p2a: Ferrothorn
|-resisted|p2a: Ferrothorn
|-damage|p2a: Ferrothorn|77/100
|-damage|p1a: Swampert|88/100|[from] ability: Iron Barbs|[of] p2a: Ferrothorn
|
|t:|1605812792
|switch|p1a: Moltres|Moltres|85/100|[from]move: Flip Turn
|move|p2a: Ferrothorn|Leech Seed|p1a: Moltres
|-start|p1a: Moltres|move: Leech Seed
|
|-heal|p2a: Ferrothorn|83/100|[from] item: Leftovers
|-damage|p1a: Moltres|73/100|[from] Leech Seed|[of] p2a: Ferrothorn
|-heal|p2a: Ferrothorn|97/100|[silent]
|upkeep
|turn|30
|
|t:|1605812801
|switch|p2a: Toxapex|Toxapex, M, shiny|100/100
|-damage|p2a: Toxapex|88/100|[from] Stealth Rock
|move|p1a: Moltres|Flamethrower|p2a: Toxapex
|-resisted|p2a: Toxapex
|-damage|p2a: Toxapex|73/100
|
|-damage|p1a: Moltres|61/100|[from] Leech Seed|[of] p2a: Toxapex
|-heal|p2a: Toxapex|89/100|[silent]
|upkeep
|turn|31
|
|t:|1605812814
|switch|p1a: Swampert|Swampert, M|88/100
|-damage|p1a: Swampert|82/100|[from] Stealth Rock
|move|p2a: Toxapex|Scald|p1a: Swampert
|-damage|p1a: Swampert|68/100
|
|-heal|p1a: Swampert|74/100|[from] item: Leftovers
|upkeep
|turn|32
|
|t:|1605812826
|switch|p1a: Pheromosa|Pheromosa, shiny|72/100
|-damage|p1a: Pheromosa|59/100|[from] Stealth Rock
|switch|p2a: Ferrothorn|Ferrothorn, F|97/100
|-damage|p2a: Ferrothorn|90/100|[from] Stealth Rock
|
|-heal|p2a: Ferrothorn|97/100|[from] item: Leftovers
|upkeep
|turn|33
|
|t:|1605812839
|switch|p2a: Toxapex|Toxapex, M, shiny|100/100
|-damage|p2a: Toxapex|88/100|[from] Stealth Rock
|move|p1a: Pheromosa|Close Combat|p2a: Toxapex
|-resisted|p2a: Toxapex
|-damage|p2a: Toxapex|66/100
|-unboost|p1a: Pheromosa|def|1
|-unboost|p1a: Pheromosa|spd|1
|-damage|p1a: Pheromosa|43/100|[from] item: Rocky Helmet|[of] p2a: Toxapex
|
|upkeep
|turn|34
|
|t:|1605812850
|switch|p1a: Moltres|Moltres|61/100
|move|p2a: Toxapex|Scald|p1a: Moltres
|-supereffective|p1a: Moltres
|-damage|p1a: Moltres|27/100
|
|upkeep
|turn|35
|
|t:|1605812860
|move|p1a: Moltres|Roost|p1a: Moltres
|-heal|p1a: Moltres|77/100
|-singleturn|p1a: Moltres|move: Roost
|move|p2a: Toxapex|Scald|p1a: Moltres
|-supereffective|p1a: Moltres
|-damage|p1a: Moltres|49/100
|
|upkeep
|turn|36
|
|t:|1605812872
|move|p1a: Moltres|Scorching Sands|p2a: Toxapex
|-supereffective|p2a: Toxapex
|-damage|p2a: Toxapex|33/100
|-status|p2a: Toxapex|brn
|move|p2a: Toxapex|Recover|p2a: Toxapex
|-heal|p2a: Toxapex|83/100 brn
|
|-damage|p2a: Toxapex|77/100 brn|[from] brn
|upkeep
|turn|37
|
|t:|1605812881
|move|p1a: Moltres|Roost|p1a: Moltres
|-heal|p1a: Moltres|99/100
|-singleturn|p1a: Moltres|move: Roost
|move|p2a: Toxapex|Toxic|p1a: Moltres
|-status|p1a: Moltres|tox
|
|-damage|p1a: Moltres|93/100 tox|[from] psn
|-damage|p2a: Toxapex|71/100 brn|[from] brn
|upkeep
|turn|38
|
|t:|1605812894
|move|p1a: Moltres|Defog|p2a: Toxapex
|-unboost|p2a: Toxapex|evasion|1
|-sideend|p2: Fall Out Bud|Stealth Rock|[from] move: Defog|[of] p1a: Moltres
|-sideend|p1: GuardArc|Stealth Rock|[from] move: Defog|[of] p1a: Moltres
|move|p2a: Toxapex|Recover|p2a: Toxapex
|-heal|p2a: Toxapex|100/100 brn
|
|-damage|p1a: Moltres|81/100 tox|[from] psn
|-damage|p2a: Toxapex|95/100 brn|[from] brn
|upkeep
|turn|39
|
|t:|1605812905
|switch|p1a: Blissey|Blissey, F|100/100
|move|p2a: Toxapex|Scald|p1a: Blissey
|-damage|p1a: Blissey|94/100
|
|-heal|p1a: Blissey|99/100|[from] item: Leftovers
|-damage|p2a: Toxapex|89/100 brn|[from] brn
|upkeep
|turn|40
|
|t:|1605812913
|switch|p2a: Ferrothorn|Ferrothorn, F|97/100
|move|p1a: Blissey|Aromatherapy|p1a: Blissey
|-activate|p1a: Blissey|move: Aromatherapy
|-curestatus|p1: Moltres|tox|[msg]
|
|-heal|p1a: Blissey|100/100|[from] item: Leftovers
|-heal|p2a: Ferrothorn|100/100|[from] item: Leftovers
|upkeep
|turn|41
|
|t:|1605812933
|switch|p1a: Moltres|Moltres|81/100
|switch|p2a: Landorus|Landorus-Therian, M|100/100
|-ability|p2a: Landorus|Intimidate|boost
|-unboost|p1a: Moltres|atk|1
|
|upkeep
|turn|42
|
|t:|1605812946
|switch|p1a: Swampert|Swampert, M|74/100
|move|p2a: Landorus|Stone Edge|p1a: Swampert
|-resisted|p1a: Swampert
|-damage|p1a: Swampert|61/100
|
|-heal|p1a: Swampert|67/100|[from] item: Leftovers
|upkeep
|turn|43
|
|t:|1605812957
|switch|p2a: Ferrothorn|Ferrothorn, F|100/100
|move|p1a: Swampert|Earthquake|p2a: Ferrothorn
|-damage|p2a: Ferrothorn|71/100
|
|-heal|p1a: Swampert|73/100|[from] item: Leftovers
|-heal|p2a: Ferrothorn|77/100|[from] item: Leftovers
|upkeep
|turn|44
|
|t:|1605812969
|move|p1a: Swampert|Earthquake|p2a: Ferrothorn
|-damage|p2a: Ferrothorn|49/100
|move|p2a: Ferrothorn|Stealth Rock|p1a: Swampert
|-sidestart|p1: GuardArc|move: Stealth Rock
|
|-heal|p1a: Swampert|79/100|[from] item: Leftovers
|-heal|p2a: Ferrothorn|55/100|[from] item: Leftovers
|upkeep
|turn|45
|
|t:|1605812977
|switch|p2a: Landorus|Landorus-Therian, M|100/100
|-ability|p2a: Landorus|Intimidate|boost
|-unboost|p1a: Swampert|atk|1
|move|p1a: Swampert|Earthquake|p2a: Landorus
|-immune|p2a: Landorus
|
|-heal|p1a: Swampert|86/100|[from] item: Leftovers
|upkeep
|turn|46
|
|t:|1605812986
|move|p2a: Landorus|U-turn|p1a: Swampert
|-damage|p1a: Swampert|67/100
|
|t:|1605813006
|switch|p2a: Toxapex|Toxapex, M, shiny|100/100 brn|[from]move: U-turn
|move|p1a: Swampert|Flip Turn|p2a: Toxapex
|-resisted|p2a: Toxapex
|-damage|p2a: Toxapex|96/100 brn
|-damage|p1a: Swampert|50/100|[from] item: Rocky Helmet|[of] p2a: Toxapex
|
|t:|1605813015
|switch|p1a: Moltres|Moltres|81/100|[from]move: Flip Turn
|
|-damage|p2a: Toxapex|90/100 brn|[from] brn
|upkeep
|turn|47
|
|t:|1605813022
|move|p1a: Moltres|Defog|p2a: Toxapex
|-unboost|p2a: Toxapex|evasion|1
|-sideend|p1: GuardArc|Stealth Rock|[from] move: Defog|[of] p1a: Moltres
|move|p2a: Toxapex|Toxic|p1a: Moltres
|-status|p1a: Moltres|tox
|
|-damage|p1a: Moltres|75/100 tox|[from] psn
|-damage|p2a: Toxapex|84/100 brn|[from] brn
|upkeep
|turn|48
|
|t:|1605813040
|move|p1a: Moltres|Scorching Sands|p2a: Toxapex
|-supereffective|p2a: Toxapex
|-damage|p2a: Toxapex|52/100 brn
|move|p2a: Toxapex|Scald|p1a: Moltres
|-supereffective|p1a: Moltres
|-damage|p1a: Moltres|42/100 tox
|
|-damage|p1a: Moltres|30/100 tox|[from] psn
|-damage|p2a: Toxapex|46/100 brn|[from] brn
|upkeep
|turn|49
|
|t:|1605813050
|switch|p1a: Blissey|Blissey, F|100/100
|move|p2a: Toxapex|Recover|p2a: Toxapex
|-heal|p2a: Toxapex|96/100 brn
|
|-damage|p2a: Toxapex|90/100 brn|[from] brn
|upkeep
|turn|50
|
|t:|1605813061
|switch|p2a: Landorus|Landorus-Therian, M|100/100
|-ability|p2a: Landorus|Intimidate|boost
|-unboost|p1a: Blissey|atk|1
|move|p1a: Blissey|Aromatherapy|p1a: Blissey
|-activate|p1a: Blissey|move: Aromatherapy
|-curestatus|p1: Moltres|tox|[msg]
|
|upkeep
|turn|51
|
|t:|1605813073
|move|p2a: Landorus|Knock Off|p1a: Blissey
|-crit|p1a: Blissey
|-damage|p1a: Blissey|54/100
|-enditem|p1a: Blissey|Leftovers|[from] move: Knock Off|[of] p2a: Landorus
|move|p1a: Blissey|Seismic Toss|p2a: Landorus
|-damage|p2a: Landorus|69/100
|
|upkeep
|turn|52
|c|☆GuardArc|yeah ok game 1 goes to you
|c|☆GuardArc|gg
|c|☆Fall Out Bud|gg
|-message|GuardArc forfeited.
|
|win|Fall Out Bud
