|j|☆2DpkmN
|j|☆lebanesestinker
|t:|1630968063
|gametype|singles
|player|p1|2DpkmN|102|1620
|player|p2|lebanesestinker|policeman|1650
|teamsize|p1|6
|teamsize|p2|6
|gen|8
|tier|[Gen 8] OU
|rated|
|rule|Sleep Clause Mod: Limit one foe put to sleep
|rule|Species Clause: Limit one of each Pokémon
|rule|OHKO Clause: OHKO moves are banned
|rule|Evasion Moves Clause: Evasion moves are banned
|rule|Endless Battle Clause: Forcing endless battles is banned
|rule|HP Percentage Mod: HP is shown in percentages
|rule|Dynamax Clause: You cannot dynamax
|clearpoke
|poke|p1|Lucario, M|
|poke|p1|Tapu Fini|
|poke|p1|Corviknight, F|
|poke|p1|Landorus-Therian, M|
|poke|p1|Zeraora|
|poke|p1|Kyurem|
|poke|p2|Ferrothorn, M|
|poke|p2|Landorus-Therian, M|
|poke|p2|Slowking-Galar, M|
|poke|p2|Tornadus-Therian, M|
|poke|p2|Weavile, F|
|poke|p2|Urshifu-*, F|
|teampreview
|inactive|Battle timer is ON: inactive players will automatically lose when time's up. (requested by lebanesestinker)
|
|t:|1630968089
|start
|switch|p1a: Zeraora|Zeraora|100/100
|switch|p2a: Weavile|Weavile, F|100/100
|-ability|p2a: Weavile|Pressure
|turn|1
|
|t:|1630968092
|switch|p2a: Landorus|Landorus-Therian, M|100/100
|-ability|p2a: Landorus|Intimidate|boost
|-unboost|p1a: Zeraora|atk|1
|move|p1a: Zeraora|Bulk Up|p1a: Zeraora
|-boost|p1a: Zeraora|atk|1
|-boost|p1a: Zeraora|def|1
|
|upkeep
|turn|2
|
|t:|1630968097
|switch|p1a: Landorus|Landorus-Therian, M|100/100
|-ability|p1a: Landorus|Intimidate|boost
|-unboost|p2a: Landorus|atk|1
|move|p2a: Landorus|Earthquake|p1a: Landorus
|-immune|p1a: Landorus
|
|upkeep
|turn|3
|
|t:|1630968100
|move|p2a: Landorus|Toxic|p1a: Landorus
|-status|p1a: Landorus|tox
|move|p1a: Landorus|Stealth Rock|p2a: Landorus
|-sidestart|p2: lebanesestinker|move: Stealth Rock
|
|-damage|p1a: Landorus|94/100 tox|[from] psn
|upkeep
|turn|4
|
|t:|1630968119
|move|p2a: Landorus|Stealth Rock|p1a: Landorus
|-sidestart|p1: 2DpkmN|move: Stealth Rock
|move|p1a: Landorus|Toxic|p2a: Landorus
|-status|p2a: Landorus|tox
|
|-heal|p1a: Landorus|100/100 tox|[from] item: Leftovers
|-damage|p2a: Landorus|94/100 tox|[from] psn
|-damage|p1a: Landorus|88/100 tox|[from] psn
|upkeep
|turn|5
|
|t:|1630968122
|move|p2a: Landorus|U-turn|p1a: Landorus
|-resisted|p1a: Landorus
|-damage|p1a: Landorus|81/100 tox
|
|t:|1630968126
|switch|p2a: Ferrothorn|Ferrothorn, M|100/100|[from]move: U-turn
|-damage|p2a: Ferrothorn|94/100|[from] Stealth Rock
|move|p1a: Landorus|U-turn|p2a: Ferrothorn
|-damage|p2a: Ferrothorn|80/100
|-damage|p1a: Landorus|69/100 tox|[from] ability: Iron Barbs|[of] p2a: Ferrothorn
|
|t:|1630968133
|switch|p1a: Lucario|Lucario, M|100/100|[from]move: U-turn
|-damage|p1a: Lucario|98/100|[from] Stealth Rock
|
|-heal|p2a: Ferrothorn|86/100|[from] item: Leftovers
|upkeep
|turn|6
|
|t:|1630968145
|switch|p2a: Landorus|Landorus-Therian, M|94/100 tox
|-damage|p2a: Landorus|82/100 tox|[from] Stealth Rock
|-ability|p2a: Landorus|Intimidate|boost
|-unboost|p1a: Lucario|atk|1
|move|p1a: Lucario|Focus Blast|p2a: Landorus
|-resisted|p2a: Landorus
|-damage|p2a: Landorus|46/100 tox
|-damage|p1a: Lucario|88/100|[from] item: Life Orb
|
|-heal|p2a: Landorus|52/100 tox|[from] item: Leftovers
|-damage|p2a: Landorus|46/100 tox|[from] psn
|upkeep
|turn|7
|j| Ky934
|inactive|2DpkmN has 120 seconds left.
|
|t:|1630968176
|move|p1a: Lucario|Flash Cannon|p2a: Landorus
|-damage|p2a: Landorus|0 fnt
|faint|p2a: Landorus
|-damage|p1a: Lucario|78/100|[from] item: Life Orb
|
|upkeep
|
|t:|1630968181
|switch|p2a: Slowking|Slowking-Galar, M|100/100
|-damage|p2a: Slowking|88/100|[from] Stealth Rock
|turn|8
|inactive|2DpkmN has 120 seconds left.
|
|t:|1630968216
|switch|p1a: Landorus|Landorus-Therian, M|69/100 tox
|-damage|p1a: Landorus|57/100 tox|[from] Stealth Rock
|-ability|p1a: Landorus|Intimidate|boost
|-unboost|p2a: Slowking|atk|1
|move|p2a: Slowking|Future Sight|p1a: Landorus
|-start|p2a: Slowking|move: Future Sight
|
|-heal|p1a: Landorus|63/100 tox|[from] item: Leftovers
|-damage|p1a: Landorus|57/100 tox|[from] psn
|upkeep
|turn|9
|
|t:|1630968222
|switch|p2a: Ferrothorn|Ferrothorn, M|86/100
|-damage|p2a: Ferrothorn|80/100|[from] Stealth Rock
|move|p1a: Landorus|U-turn|p2a: Ferrothorn
|-damage|p2a: Ferrothorn|65/100
|-damage|p1a: Landorus|44/100 tox|[from] ability: Iron Barbs|[of] p2a: Ferrothorn
|
|t:|1630968229
|switch|p1a: Corviknight|Corviknight, F, shiny|100/100|[from]move: U-turn
|-damage|p1a: Corviknight|88/100|[from] Stealth Rock
|-ability|p1a: Corviknight|Pressure
|
|-heal|p2a: Ferrothorn|71/100|[from] item: Leftovers
|upkeep
|turn|10
|
|t:|1630968232
|move|p1a: Corviknight|Roost|p1a: Corviknight
|-heal|p1a: Corviknight|100/100
|-singleturn|p1a: Corviknight|move: Roost
|move|p2a: Ferrothorn|Knock Off|p1a: Corviknight
|-damage|p1a: Corviknight|86/100
|-damage|p2a: Ferrothorn|55/100|[from] item: Rocky Helmet|[of] p1a: Corviknight
|-enditem|p1a: Corviknight|Rocky Helmet|[from] move: Knock Off|[of] p2a: Ferrothorn
|
|-end|p1a: Corviknight|move: Future Sight
|-resisted|p1a: Corviknight
|-damage|p1a: Corviknight|64/100
|-heal|p2a: Ferrothorn|61/100|[from] item: Leftovers
|upkeep
|turn|11
|inactive|2DpkmN has 120 seconds left.
|
|t:|1630968264
|move|p1a: Corviknight|Roost|p1a: Corviknight
|-heal|p1a: Corviknight|100/100
|-singleturn|p1a: Corviknight|move: Roost
|move|p2a: Ferrothorn|Leech Seed|p1a: Corviknight
|-start|p1a: Corviknight|move: Leech Seed
|
|-heal|p2a: Ferrothorn|67/100|[from] item: Leftovers
|-damage|p1a: Corviknight|88/100|[from] Leech Seed|[of] p2a: Ferrothorn
|-heal|p2a: Ferrothorn|81/100|[silent]
|upkeep
|turn|12
|
|t:|1630968268
|switch|p1a: Zeraora|Zeraora|100/100
|move|p2a: Ferrothorn|Body Press|p1a: Zeraora
|-damage|p1a: Zeraora|65/100
|
|-heal|p2a: Ferrothorn|88/100|[from] item: Leftovers
|upkeep
|turn|13
|
|t:|1630968273
|move|p1a: Zeraora|Bulk Up|p1a: Zeraora
|-boost|p1a: Zeraora|atk|1
|-boost|p1a: Zeraora|def|1
|move|p2a: Ferrothorn|Knock Off|p1a: Zeraora
|-damage|p1a: Zeraora|47/100
|-enditem|p1a: Zeraora|Heavy-Duty Boots|[from] move: Knock Off|[of] p2a: Ferrothorn
|
|-heal|p2a: Ferrothorn|94/100|[from] item: Leftovers
|upkeep
|turn|14
|
|t:|1630968281
|move|p1a: Zeraora|Close Combat|p2a: Ferrothorn
|-supereffective|p2a: Ferrothorn
|-damage|p2a: Ferrothorn|26/100
|-unboost|p1a: Zeraora|def|1
|-unboost|p1a: Zeraora|spd|1
|-damage|p1a: Zeraora|34/100|[from] ability: Iron Barbs|[of] p2a: Ferrothorn
|move|p2a: Ferrothorn|Leech Seed|p1a: Zeraora
|-start|p1a: Zeraora|move: Leech Seed
|
|-heal|p2a: Ferrothorn|32/100|[from] item: Leftovers
|-damage|p1a: Zeraora|22/100|[from] Leech Seed|[of] p2a: Ferrothorn
|-heal|p2a: Ferrothorn|43/100|[silent]
|upkeep
|turn|15
|
|t:|1630968315
|switch|p2a: Slowking|Slowking-Galar, M|100/100
|-damage|p2a: Slowking|88/100|[from] Stealth Rock
|move|p1a: Zeraora|Knock Off|p2a: Slowking
|-supereffective|p2a: Slowking
|-damage|p2a: Slowking|0 fnt
|-enditem|p2a: Slowking|Assault Vest|[from] move: Knock Off|[of] p1a: Zeraora
|faint|p2a: Slowking
|
|upkeep
|
|t:|1630968322
|switch|p2a: Weavile|Weavile, F|100/100
|-ability|p2a: Weavile|Pressure
|turn|16
|j| Tommy-8
|j| nimbus cloak
|
|t:|1630968340
|move|p2a: Weavile|Ice Shard|p1a: Zeraora
|-damage|p1a: Zeraora|0 fnt
|faint|p1a: Zeraora
|
|upkeep
|j| p74
|
|t:|1630968343
|switch|p1a: Lucario|Lucario, M|78/100
|-damage|p1a: Lucario|75/100|[from] Stealth Rock
|turn|17
|
|t:|1630968348
|switch|p2a: Tornadus|Tornadus-Therian, M|100/100
|move|p1a: Lucario|Flash Cannon|p2a: Tornadus
|-damage|p2a: Tornadus|50/100
|-damage|p1a: Lucario|65/100|[from] item: Life Orb
|
|upkeep
|turn|18
|
|t:|1630968364
|move|p2a: Tornadus|Hurricane|p1a: Lucario|[miss]
|-miss|p2a: Tornadus|p1a: Lucario
|move|p1a: Lucario|Flash Cannon|p2a: Tornadus
|-damage|p2a: Tornadus|0 fnt
|faint|p2a: Tornadus
|-damage|p1a: Lucario|55/100|[from] item: Life Orb
|
|upkeep
|
|t:|1630968369
|switch|p2a: Urshifu|Urshifu-Rapid-Strike, F|100/100
|-damage|p2a: Urshifu|94/100|[from] Stealth Rock
|turn|19
|
|t:|1630968376
|switch|p1a: Corviknight|Corviknight, F, shiny|88/100
|-damage|p1a: Corviknight|75/100|[from] Stealth Rock
|-ability|p1a: Corviknight|Pressure
|move|p2a: Urshifu|Close Combat|p1a: Corviknight
|-damage|p1a: Corviknight|14/100
|-unboost|p2a: Urshifu|def|1
|-unboost|p2a: Urshifu|spd|1
|
|upkeep
|turn|20
|j| tangtangtangtang
|
|t:|1630968383
|switch|p2a: Ferrothorn|Ferrothorn, M|43/100
|-damage|p2a: Ferrothorn|37/100|[from] Stealth Rock
|move|p1a: Corviknight|U-turn|p2a: Ferrothorn
|-damage|p2a: Ferrothorn|27/100
|-damage|p1a: Corviknight|1/100|[from] ability: Iron Barbs|[of] p2a: Ferrothorn
|
|t:|1630968388
|switch|p1a: Kyurem|Kyurem|100/100|[from]move: U-turn
|-damage|p1a: Kyurem|76/100|[from] Stealth Rock
|-ability|p1a: Kyurem|Pressure
|
|-heal|p2a: Ferrothorn|33/100|[from] item: Leftovers
|upkeep
|turn|21
|
|t:|1630968394
|move|p1a: Kyurem|Freeze-Dry|p2a: Ferrothorn
|-damage|p2a: Ferrothorn|5/100
|move|p2a: Ferrothorn|Body Press|p1a: Kyurem
|-supereffective|p1a: Kyurem
|-damage|p1a: Kyurem|23/100
|
|-heal|p2a: Ferrothorn|12/100|[from] item: Leftovers
|upkeep
|turn|22
|
|t:|1630968398
|switch|p2a: Weavile|Weavile, F|100/100
|-ability|p2a: Weavile|Pressure
|move|p1a: Kyurem|Freeze-Dry|p2a: Weavile
|-resisted|p2a: Weavile
|-damage|p2a: Weavile|71/100
|
|upkeep
|turn|23
|
|t:|1630968408
|move|p2a: Weavile|Knock Off|p1a: Kyurem
|-damage|p1a: Kyurem|0 fnt
|-enditem|p1a: Kyurem|Metronome|[from] move: Knock Off|[of] p2a: Weavile
|faint|p1a: Kyurem
|
|upkeep
|l| Ky934
|
|t:|1630968410
|switch|p1a: Tapu Fini|Tapu Fini, shiny|100/100
|-damage|p1a: Tapu Fini|88/100|[from] Stealth Rock
|-fieldstart|move: Misty Terrain|[from] ability: Misty Surge|[of] p1a: Tapu Fini
|turn|24
|j| Ky934
|l| Ky934
|
|t:|1630968420
|switch|p2a: Ferrothorn|Ferrothorn, M|12/100
|-damage|p2a: Ferrothorn|5/100|[from] Stealth Rock
|move|p1a: Tapu Fini|Moonblast|p2a: Ferrothorn
|-resisted|p2a: Ferrothorn
|-damage|p2a: Ferrothorn|0 fnt
|faint|p2a: Ferrothorn
|
|upkeep
|inactive|lebanesestinker has 120 seconds left.
|
|t:|1630968448
|switch|p2a: Urshifu|Urshifu-Rapid-Strike, F|94/100
|-damage|p2a: Urshifu|88/100|[from] Stealth Rock
|turn|25
|
|t:|1630968460
|move|p1a: Tapu Fini|Moonblast|p2a: Urshifu
|-supereffective|p2a: Urshifu
|-damage|p2a: Urshifu|0 fnt
|faint|p2a: Urshifu
|
|upkeep
|
|t:|1630968462
|switch|p2a: Weavile|Weavile, F|71/100
|-ability|p2a: Weavile|Pressure
|turn|26
|
|t:|1630968464
|move|p1a: Tapu Fini|Moonblast|p2a: Weavile
|-supereffective|p2a: Weavile
|-damage|p2a: Weavile|0 fnt
|faint|p2a: Weavile
|
|win|2DpkmN
|raw|2DpkmN's rating: 1620 &rarr; <strong>1642</strong><br />(+22 for winning)
|raw|lebanesestinker's rating: 1647 &rarr; <strong>1625</strong><br />(-22 for losing)
|l|☆lebanesestinker
|l| tangtangtangtang
||Ladder isn't responding, score probably updated but might not have (Request timeout).
