|raw|<div class="broadcast-blue"><strong>This battle is required to be public due to a player having a name starting with 'lt84jm'.</div>
|j|☆Arnaud senju vgc
|j|☆LT84JM Lorenz
|t:|1627718539
|gametype|singles
|player|p1|Arnaud senju vgc|102|1788
|player|p2|LT84JM Lorenz|#lordenz|1973
|teamsize|p1|6
|teamsize|p2|6
|gen|8
|tier|[Gen 8] OU
|rated|
|rule|Sleep Clause Mod: Limit one foe put to sleep
|rule|Species Clause: Limit one of each Pokémon
|rule|OHKO Clause: OHKO moves are banned
|rule|Evasion Moves Clause: Evasion moves are banned
|rule|Endless Battle Clause: Forcing endless battles is banned
|rule|HP Percentage Mod: HP is shown in percentages
|rule|Dynamax Clause: You cannot dynamax
|clearpoke
|poke|p1|Azumarill, F|
|poke|p1|Rillaboom, M|
|poke|p1|Hydreigon, M|
|poke|p1|Volcarona, F|
|poke|p1|Togekiss, M|
|poke|p1|Mew|
|poke|p2|Kyurem|
|poke|p2|Tornadus-Therian, M|
|poke|p2|Toxapex, M|
|poke|p2|Corviknight, M|
|poke|p2|Gastrodon-East, M|
|poke|p2|Clefable, M|
|teampreview
|j| vani ist fett
|
|t:|1627718548
|start
|switch|p1a: Azumarill|Azumarill, F, shiny|100/100
|switch|p2a: Kyurem|Kyurem|100/100
|-ability|p2a: Kyurem|Pressure
|turn|1
|j| ebtseb5b e5
|inactive|Battle timer is ON: inactive players will automatically lose when time's up. (requested by Arnaud senju vgc)
|
|t:|1627718559
|switch|p2a: Toxapex|Toxapex, M|100/100
|switch|p1a: Volcarona|Volcarona, F|100/100
|
|upkeep
|turn|2
|j| mygodnanarin
|
|t:|1627718576
|switch|p1a: Hydreigon|Hydreigon, M, shiny|100/100
|switch|p2a: Tornadus|Tornadus-Therian, M|100/100
|
|upkeep
|turn|3
|
|t:|1627718586
|move|p2a: Tornadus|Knock Off|p1a: Hydreigon
|-resisted|p1a: Hydreigon
|-damage|p1a: Hydreigon|90/100
|-enditem|p1a: Hydreigon|Leftovers|[from] move: Knock Off|[of] p2a: Tornadus
|move|p1a: Hydreigon|Dark Pulse|p2a: Tornadus
|-damage|p2a: Tornadus|65/100
|
|upkeep
|turn|4
|
|t:|1627718594
|switch|p2a: Clefable|Clefable, M|100/100
|move|p1a: Hydreigon|Dark Pulse|p2a: Clefable
|-resisted|p2a: Clefable
|-damage|p2a: Clefable|86/100
|
|-heal|p2a: Clefable|92/100|[from] item: Leftovers
|upkeep
|turn|5
|j| pirieio
|
|t:|1627718602
|switch|p1a: Mew|Mew|100/100
|move|p2a: Clefable|Moonblast|p1a: Mew
|-damage|p1a: Mew|72/100
|-unboost|p1a: Mew|spa|1
|
|-heal|p1a: Mew|78/100|[from] item: Leftovers
|-heal|p2a: Clefable|98/100|[from] item: Leftovers
|upkeep
|turn|6
|j| gaijineagle
|
|t:|1627718612
|switch|p2a: Tornadus|Tornadus-Therian, M|98/100
|move|p1a: Mew|Block|p2a: Tornadus
|-activate|p2a: Tornadus|trapped
|
|-heal|p1a: Mew|84/100|[from] item: Leftovers
|upkeep
|turn|7
|
|t:|1627718620
|switch|p1a: Hydreigon|Hydreigon, M, shiny|90/100
|move|p2a: Tornadus|Toxic|p1a: Hydreigon
|-status|p1a: Hydreigon|tox
|
|-damage|p1a: Hydreigon|84/100 tox|[from] psn
|upkeep
|turn|8
|
|t:|1627718630
|switch|p1a: Togekiss|Togekiss, M|100/100
|move|p2a: Tornadus|Knock Off|p1a: Togekiss
|-resisted|p1a: Togekiss
|-damage|p1a: Togekiss|88/100
|-enditem|p1a: Togekiss|Leftovers|[from] move: Knock Off|[of] p2a: Tornadus
|
|upkeep
|turn|9
|
|t:|1627718638
|switch|p2a: Kyurem|Kyurem|100/100
|-ability|p2a: Kyurem|Pressure
|move|p1a: Togekiss|Nasty Plot|p1a: Togekiss
|-boost|p1a: Togekiss|spa|2
|
|upkeep
|turn|10
|
|t:|1627718645
|move|p1a: Togekiss|Air Slash|p2a: Kyurem
|-damage|p2a: Kyurem|60/100
|move|p2a: Kyurem|Icicle Spear|p1a: Togekiss
|-supereffective|p1a: Togekiss
|-damage|p1a: Togekiss|62/100
|-supereffective|p1a: Togekiss
|-damage|p1a: Togekiss|35/100
|-supereffective|p1a: Togekiss
|-damage|p1a: Togekiss|9/100
|-supereffective|p1a: Togekiss
|-damage|p1a: Togekiss|0 fnt
|faint|p1a: Togekiss
|-hitcount|p1: Togekiss|4
|
|upkeep
|
|t:|1627718657
|switch|p1a: Mew|Mew|84/100
|turn|11
|
|t:|1627718663
|switch|p2a: Toxapex|Toxapex, M|100/100
|move|p1a: Mew|Imprison|p1a: Mew
|-start|p1a: Mew|move: Imprison
|
|-heal|p1a: Mew|91/100|[from] item: Leftovers
|upkeep
|turn|12
|
|t:|1627718672
|move|p1a: Mew|Block|p2a: Toxapex
|-activate|p2a: Toxapex|trapped
|move|p2a: Toxapex|Knock Off|p1a: Mew
|-supereffective|p1a: Mew
|-crit|p1a: Mew
|-damage|p1a: Mew|51/100
|-enditem|p1a: Mew|Leftovers|[from] move: Knock Off|[of] p2a: Toxapex
|
|upkeep
|turn|13
|
|t:|1627718679
|move|p1a: Mew|Transform|p2a: Toxapex
|-transform|p1a: Mew|p2a: Toxapex
|cant|p2a: Toxapex|move: Imprison|Scald
|
|upkeep
|turn|14
|
|t:|1627718686
|switch|p2a: Gastrodon|Gastrodon-East, M|100/100
|move|p1a: Mew|Recover|p1a: Mew
|-heal|p1a: Mew|100/100
|
|upkeep
|turn|15
|
|t:|1627718693
|move|p1a: Mew|Knock Off|p2a: Gastrodon
|-damage|p2a: Gastrodon|86/100
|-enditem|p2a: Gastrodon|Leftovers|[from] move: Knock Off|[of] p1a: Mew
|move|p2a: Gastrodon|Earthquake|p1a: Mew
|-supereffective|p1a: Mew
|-damage|p1a: Mew|73/100
|
|upkeep
|turn|16
|-message|Arnaud senju vgc forfeited.
|
|win|LT84JM Lorenz
|raw|Arnaud senju vgc's rating: 1788 &rarr; <strong>1778</strong><br />(-10 for losing)
|raw|LT84JM Lorenz's rating: 1973 &rarr; <strong>1983</strong><br />(+10 for winning)
|l|☆Arnaud senju vgc
|j|☆Arnaud senju vgc
|player|p1|Arnaud senju vgc|102
|l| vani ist fett
|l| ebtseb5b e5
