|j|☆SetsuStsna
|j|☆Xibalbaa
|inactive|Battle timer is ON: inactive players will automatically lose when time's up.
|t:|1652468935
|gametype|singles
|player|p1|SetsuStsna|irida|
|player|p2|Xibalbaa|emmet|
|teamsize|p1|6
|teamsize|p2|6
|gen|8
|tier|[Gen 8] OU
|rated|Tournament battle
|rule|Sleep Clause Mod: Limit one foe put to sleep
|rule|Species Clause: Limit one of each Pokémon
|rule|OHKO Clause: OHKO moves are banned
|rule|Evasion Moves Clause: Evasion moves are banned
|rule|Endless Battle Clause: Forcing endless battles is banned
|rule|HP Percentage Mod: HP is shown in percentages
|rule|Dynamax Clause: You cannot dynamax
|clearpoke
|poke|p1|Zapdos|
|poke|p1|Weavile, M|
|poke|p1|Kartana|
|poke|p1|Landorus-Therian, M|
|poke|p1|Volcanion|
|poke|p1|Registeel|
|poke|p2|Celesteela|
|poke|p2|Ninetales-Alola, F|
|poke|p2|Arctozolt|
|poke|p2|Landorus-Therian, M|
|poke|p2|Heatran, M|
|poke|p2|Kommo-o, F|
|teampreview
|j| Monotone Man
|c|☆SetsuStsna|hf
|c|☆Xibalbaa|U2
|j| Bradley Chadster
|
|t:|1652468961
|start
|switch|p1a: Volcanion|Volcanion|100/100
|switch|p2a: Celesteela|Celesteela, shiny|100/100
|turn|1
|
|t:|1652468966
|move|p1a: Volcanion|Steam Eruption|p2a: Celesteela
|-damage|p2a: Celesteela|49/100
|move|p2a: Celesteela|Earthquake|p1a: Volcanion
|-supereffective|p1a: Volcanion
|-damage|p1a: Volcanion|40/100
|
|upkeep
|turn|2
|
|t:|1652468977
|switch|p2a: Kommo-o|Kommo-o, F|100/100
|move|p1a: Volcanion|Steam Eruption|p2a: Kommo-o
|-resisted|p2a: Kommo-o
|-damage|p2a: Kommo-o|55/100
|
|upkeep
|turn|3
|
|t:|1652468985
|switch|p1a: Zapdos|Zapdos|100/100
|move|p2a: Kommo-o|Thunder Punch|p1a: Zapdos
|-damage|p1a: Zapdos|77/100
|-status|p2a: Kommo-o|par|[from] ability: Static|[of] p1a: Zapdos
|
|upkeep
|turn|4
|
|t:|1652469002
|switch|p1a: Volcanion|Volcanion|40/100
|switch|p2a: Landorus|Landorus-Therian, M|100/100
|-ability|p2a: Landorus|Intimidate|boost
|-unboost|p1a: Volcanion|atk|1
|
|upkeep
|turn|5
|
|t:|1652469005
|move|p2a: Landorus|Earthquake|p1a: Volcanion
|-supereffective|p1a: Volcanion
|-damage|p1a: Volcanion|0 fnt
|faint|p1a: Volcanion
|
|upkeep
|
|t:|1652469008
|switch|p1a: Uchicchi|Landorus-Therian, M|100/100
|-ability|p1a: Uchicchi|Intimidate|boost
|-unboost|p2a: Landorus|atk|1
|turn|6
|j|%Sp0onl0rd
|
|t:|1652469014
|move|p2a: Landorus|U-turn|p1a: Uchicchi
|-resisted|p1a: Uchicchi
|-damage|p1a: Uchicchi|93/100
|
|t:|1652469021
|switch|p2a: Ninetales|Ninetales-Alola, F|100/100|[from]move: U-turn
|-weather|Hail|[from] ability: Snow Warning|[of] p2a: Ninetales
|move|p1a: Uchicchi|Toxic|p2a: Ninetales
|-status|p2a: Ninetales|tox
|
|-weather|Hail|[upkeep]
|-damage|p1a: Uchicchi|87/100|[from] Hail
|-heal|p1a: Uchicchi|93/100|[from] item: Leftovers
|-damage|p2a: Ninetales|95/100 tox|[from] psn
|upkeep
|turn|7
|j| HOF69
|
|t:|1652469032
|switch|p1a: Registeel|Registeel|100/100
|move|p2a: Ninetales|Weather Ball|p1a: Registeel
|-resisted|p1a: Registeel
|-damage|p1a: Registeel|84/100
|
|-weather|Hail|[upkeep]
|-damage|p1a: Registeel|78/100|[from] Hail
|-damage|p2a: Ninetales|83/100 tox|[from] psn
|upkeep
|turn|8
|j| gei
|
|t:|1652469039
|switch|p2a: Kommo-o|Kommo-o, F|55/100 par
|move|p1a: Registeel|Superpower|p2a: Kommo-o
|-damage|p2a: Kommo-o|25/100 par
|-unboost|p1a: Registeel|atk|1
|-unboost|p1a: Registeel|def|1
|-damage|p1a: Registeel|61/100|[from] item: Rocky Helmet|[of] p2a: Kommo-o
|
|-weather|Hail|[upkeep]
|-damage|p1a: Registeel|55/100|[from] Hail
|upkeep
|turn|9
|j| Hibbityhoopblah
|
|t:|1652469047
|switch|p1a: Uchicchi|Landorus-Therian, M|93/100
|-ability|p1a: Uchicchi|Intimidate|boost
|-unboost|p2a: Kommo-o|atk|1
|move|p2a: Kommo-o|Drain Punch|p1a: Uchicchi
|-resisted|p1a: Uchicchi
|-damage|p1a: Uchicchi|84/100
|-heal|p2a: Kommo-o|30/100 par|[from] drain|[of] p1a: Uchicchi
|
|-weather|Hail|[upkeep]
|-damage|p1a: Uchicchi|78/100|[from] Hail
|-heal|p1a: Uchicchi|84/100|[from] item: Leftovers
|upkeep
|turn|10
|l| Hibbityhoopblah
|
|t:|1652469057
|switch|p2a: Landorus|Landorus-Therian, M|100/100
|-ability|p2a: Landorus|Intimidate|boost
|-unboost|p1a: Uchicchi|atk|1
|move|p1a: Uchicchi|U-turn|p2a: Landorus
|-resisted|p2a: Landorus
|-damage|p2a: Landorus|95/100
|
|t:|1652469065
|switch|p1a: Weavile|Weavile, M|100/100|[from]move: U-turn
|-ability|p1a: Weavile|Pressure
|
|-weather|Hail|[upkeep]
|-damage|p2a: Landorus|89/100|[from] Hail
|upkeep
|turn|11
|
|t:|1652469074
|switch|p2a: Celesteela|Celesteela, shiny|49/100
|move|p1a: Weavile|Beat Up|p2a: Celesteela
|-damage|p2a: Celesteela|38/100
|-damage|p2a: Celesteela|26/100
|-damage|p2a: Celesteela|10/100
|-damage|p2a: Celesteela|0 fnt
|faint|p2a: Celesteela
|-hitcount|p2: Celesteela|4
|
|-weather|Hail|[upkeep]
|upkeep
|
|t:|1652469081
|switch|p2a: Heatran|Heatran, M|100/100
|turn|12
|l| Monotone Man
|c|☆SetsuStsna|now this is a problem
|
|t:|1652469105
|switch|p1a: Zapdos|Zapdos|77/100
|move|p2a: Heatran|Eruption|p1a: Zapdos
|-damage|p1a: Zapdos|0 fnt
|faint|p1a: Zapdos
|
|-weather|Hail|[upkeep]
|-damage|p2a: Heatran|94/100|[from] Hail
|upkeep
|
|t:|1652469116
|switch|p1a: Uchicchi|Landorus-Therian, M|84/100
|-ability|p1a: Uchicchi|Intimidate|boost
|-unboost|p2a: Heatran|atk|1
|turn|13
|
|t:|1652469118
|switch|p2a: Landorus|Landorus-Therian, M|89/100
|-ability|p2a: Landorus|Intimidate|boost
|-unboost|p1a: Uchicchi|atk|1
|move|p1a: Uchicchi|Earthquake|p2a: Landorus
|-immune|p2a: Landorus
|
|-weather|none
|-heal|p1a: Uchicchi|90/100|[from] item: Leftovers
|upkeep
|turn|14
|
|t:|1652469123
|move|p2a: Landorus|U-turn|p1a: Uchicchi
|-resisted|p1a: Uchicchi
|-crit|p1a: Uchicchi
|-damage|p1a: Uchicchi|74/100
|
|t:|1652469124
|switch|p2a: Ninetales|Ninetales-Alola, F|83/100 tox|[from]move: U-turn
|-weather|Hail|[from] ability: Snow Warning|[of] p2a: Ninetales
|move|p1a: Uchicchi|U-turn|p2a: Ninetales
|-resisted|p2a: Ninetales
|-damage|p2a: Ninetales|71/100 tox
|inactive|SetsuStsna has 120 seconds left.
|j| mango carlsen
|
|t:|1652469169
|switch|p1a: Registeel|Registeel|55/100|[from]move: U-turn
|
|-weather|Hail|[upkeep]
|-damage|p1a: Registeel|49/100|[from] Hail
|-damage|p2a: Ninetales|65/100 tox|[from] psn
|upkeep
|turn|15
|
|t:|1652469179
|switch|p2a: Kommo-o|Kommo-o, F|30/100 par
|move|p1a: Registeel|Ice Punch|p2a: Kommo-o
|-supereffective|p2a: Kommo-o
|-damage|p2a: Kommo-o|0 fnt
|-damage|p1a: Registeel|33/100|[from] item: Rocky Helmet|[of] p2a: Kommo-o
|faint|p2a: Kommo-o
|
|-weather|Hail|[upkeep]
|-damage|p1a: Registeel|27/100|[from] Hail
|upkeep
|
|t:|1652469184
|switch|p2a: Heatran|Heatran, M|94/100
|turn|16
|
|t:|1652469191
|move|p2a: Heatran|Eruption|p1a: Registeel
|-supereffective|p1a: Registeel
|-damage|p1a: Registeel|0 fnt
|faint|p1a: Registeel
|
|-weather|Hail|[upkeep]
|-damage|p2a: Heatran|88/100|[from] Hail
|upkeep
|inactive|SetsuStsna has 120 seconds left.
|
|t:|1652469205
|switch|p1a: Uchicchi|Landorus-Therian, M|74/100
|-ability|p1a: Uchicchi|Intimidate|boost
|-unboost|p2a: Heatran|atk|1
|turn|17
|
|t:|1652469210
|switch|p2a: Landorus|Landorus-Therian, M|89/100
|-ability|p2a: Landorus|Intimidate|boost
|-unboost|p1a: Uchicchi|atk|1
|move|p1a: Uchicchi|Earthquake|p2a: Landorus
|-immune|p2a: Landorus
|
|-weather|Hail|[upkeep]
|-damage|p2a: Landorus|83/100|[from] Hail
|-damage|p1a: Uchicchi|68/100|[from] Hail
|-heal|p1a: Uchicchi|74/100|[from] item: Leftovers
|upkeep
|turn|18
|
|t:|1652469217
|move|p2a: Landorus|U-turn|p1a: Uchicchi
|-resisted|p1a: Uchicchi
|-damage|p1a: Uchicchi|64/100
|
|t:|1652469221
|switch|p2a: Ninetales|Ninetales-Alola, F|65/100 tox|[from]move: U-turn
|move|p1a: Uchicchi|U-turn|p2a: Ninetales
|-resisted|p2a: Ninetales
|-crit|p2a: Ninetales
|-damage|p2a: Ninetales|41/100 tox
|l| HOF69
|inactive|SetsuStsna has 120 seconds left.
|
|t:|1652469252
|switch|p1a: Weavile|Weavile, M|100/100|[from]move: U-turn
|-ability|p1a: Weavile|Pressure
|
|-weather|Hail|[upkeep]
|-damage|p2a: Ninetales|35/100 tox|[from] psn
|upkeep
|turn|19
|inactive|SetsuStsna has 120 seconds left.
|
|t:|1652469271
|move|p1a: Weavile|Knock Off|p2a: Ninetales
|-resisted|p2a: Ninetales
|-damage|p2a: Ninetales|0 fnt
|-enditem|p2a: Ninetales|Icy Rock|[from] move: Knock Off|[of] p1a: Weavile
|faint|p2a: Ninetales
|
|-weather|Hail|[upkeep]
|upkeep
|
|t:|1652469275
|switch|p2a: Arctozolt|Arctozolt, shiny|100/100
|turn|20
|
|t:|1652469283
|move|p2a: Arctozolt|Bolt Beak|p1a: Weavile
|-damage|p1a: Weavile|0 fnt
|faint|p1a: Weavile
|
|-weather|Hail|[upkeep]
|upkeep
|inactive|SetsuStsna has 120 seconds left.
|
|t:|1652469325
|switch|p1a: Cornelia|Kartana, shiny|100/100
|turn|21
|
|t:|1652469329
|move|p1a: Cornelia|Sacred Sword|p2a: Arctozolt
|-supereffective|p2a: Arctozolt
|-enditem|p2a: Arctozolt|Focus Sash
|-damage|p2a: Arctozolt|1/100
|move|p2a: Arctozolt|Blizzard|p1a: Cornelia
|-damage|p1a: Cornelia|0 fnt
|faint|p1a: Cornelia
|
|-weather|none
|upkeep
|
|t:|1652469333
|switch|p1a: Uchicchi|Landorus-Therian, M|64/100
|-ability|p1a: Uchicchi|Intimidate|boost
|-unboost|p2a: Arctozolt|atk|1
|turn|22
|c|☆SetsuStsna|gg
|
|t:|1652469338
|move|p2a: Arctozolt|Blizzard|p1a: Uchicchi
|-supereffective|p1a: Uchicchi
|-damage|p1a: Uchicchi|0 fnt
|faint|p1a: Uchicchi
|
|win|Xibalbaa
|n|☆SetsuStsna|setsustsna
|n|☆Xibalbaa|xibalbaa
|n| Bradley Chadster|bradleychadster
|n| Sp0onl0rd|sp0onl0rd
|n| gei|gei
|n| mango carlsen|mangocarlsen
