|j|☆ThedebatableReaper
|j|☆Disorient
|t:|1606425116
|player|p1|ThedebatableReaper|102|1963
|player|p2|Disorient|erika|1758
|teamsize|p1|6
|teamsize|p2|6
|gametype|singles
|gen|8
|tier|[Gen 8] OU
|rated|
|clearpoke
|poke|p1|Latios, M|
|poke|p1|Cinderace, F|
|poke|p1|Heatran, M|
|poke|p1|Tapu Fini|
|poke|p1|Zapdos-Galar|
|poke|p1|Nidoking, M|
|poke|p2|Barraskewda, F|
|poke|p2|Pelipper, F|
|poke|p2|Tapu Lele|
|poke|p2|Seismitoad, M|
|poke|p2|Zapdos|
|poke|p2|Ferrothorn, M|
|rule|Sleep Clause Mod: Limit one foe put to sleep
|rule|Species Clause: Limit one of each Pokémon
|rule|OHKO Clause: OHKO moves are banned
|rule|Evasion Moves Clause: Evasion moves are banned
|rule|Endless Battle Clause: Forcing endless battles is banned
|rule|HP Percentage Mod: HP is shown in percentages
|rule|Dynamax Clause: You cannot dynamax
|teampreview
|inactive|Battle timer is ON: inactive players will automatically lose when time's up. (requested by Disorient)
|j| Julroyal
|j| Category Colossal
|
|t:|1606425144
|start
|switch|p1a: Nidoking|Nidoking, M|100/100
|switch|p2a: Barraskewda|Barraskewda, F|100/100
|turn|1
|
|t:|1606425152
|switch|p1a: Latios|Latios, M|100/100
|move|p2a: Barraskewda|Flip Turn|p1a: Latios
|-resisted|p1a: Latios
|-damage|p1a: Latios|68/100
|j| KentonUlm
|j| The Unlucky Player
|
|t:|1606425164
|switch|p2a: Tapu Lele|Tapu Lele|100/100|[from]move: Flip Turn
|-fieldstart|move: Psychic Terrain|[from] ability: Psychic Surge|[of] p2a: Tapu Lele
|
|upkeep
|turn|2
|j| znqq
|
|t:|1606425171
|move|p1a: Latios|Psychic|p2a: Tapu Lele
|-resisted|p2a: Tapu Lele
|-damage|p2a: Tapu Lele|65/100
|move|p2a: Tapu Lele|Focus Blast|p1a: Latios
|-resisted|p1a: Latios
|-crit|p1a: Latios
|-damage|p1a: Latios|11/100
|
|upkeep
|turn|3
|j| I'M AT MY LIMIT!
|j| UtmostFlame
|
|t:|1606425197
|switch|p2a: Ferrothorn|Ferrothorn, M|100/100
|move|p1a: Latios|Psychic|p2a: Ferrothorn
|-resisted|p2a: Ferrothorn
|-damage|p2a: Ferrothorn|77/100
|
|-heal|p2a: Ferrothorn|84/100|[from] item: Leftovers
|upkeep
|turn|4
|l| Category Colossal
|inactive|Disorient has 120 seconds left.
|
|t:|1606425220
|switch|p1a: Heatran|Heatran, M|100/100
|switch|p2a: Pelipper|Pelipper, F|100/100
|-weather|RainDance|[from] ability: Drizzle|[of] p2a: Pelipper
|
|-weather|RainDance|[upkeep]
|upkeep
|turn|5
|inactive|Disorient has 120 seconds left.
|
|t:|1606425236
|move|p1a: Heatran|Stealth Rock|p2a: Pelipper
|-sidestart|p2: Disorient|move: Stealth Rock
|move|p2a: Pelipper|U-turn|p1a: Heatran
|-resisted|p1a: Heatran
|-damage|p1a: Heatran|99/100
|
|t:|1606425255
|switch|p2a: Seismitoad|Seismitoad, M|100/100|[from]move: U-turn
|-damage|p2a: Seismitoad|95/100|[from] Stealth Rock
|
|-weather|RainDance|[upkeep]
|-heal|p1a: Heatran|100/100|[from] item: Leftovers
|-fieldend|move: Psychic Terrain
|upkeep
|turn|6
|
|t:|1606425268
|switch|p1a: Tapu Fini|Tapu Fini|100/100
|-fieldstart|move: Misty Terrain|[from] ability: Misty Surge|[of] p1a: Tapu Fini
|move|p2a: Seismitoad|Knock Off|p1a: Tapu Fini
|-resisted|p1a: Tapu Fini
|-damage|p1a: Tapu Fini|90/100
|-enditem|p1a: Tapu Fini|Leftovers|[from] move: Knock Off|[of] p2a: Seismitoad
|-damage|p2a: Seismitoad|85/100|[from] item: Life Orb
|
|-weather|RainDance|[upkeep]
|upkeep
|turn|7
|
|t:|1606425280
|switch|p2a: Ferrothorn|Ferrothorn, M|84/100
|-damage|p2a: Ferrothorn|77/100|[from] Stealth Rock
|move|p1a: Tapu Fini|Surf|p2a: Ferrothorn
|-resisted|p2a: Ferrothorn
|-damage|p2a: Ferrothorn|64/100
|
|-weather|RainDance|[upkeep]
|-heal|p2a: Ferrothorn|70/100|[from] item: Leftovers
|upkeep
|turn|8
|
|t:|1606425291
|switch|p1a: Heatran|Heatran, M|100/100
|move|p2a: Ferrothorn|Spikes|p1a: Heatran
|-sidestart|p1: ThedebatableReaper|Spikes
|
|-weather|RainDance|[upkeep]
|-heal|p2a: Ferrothorn|76/100|[from] item: Leftovers
|upkeep
|turn|9
|inactive|Disorient has 90 seconds left.
|
|t:|1606425317
|switch|p2a: Seismitoad|Seismitoad, M|85/100
|-damage|p2a: Seismitoad|79/100|[from] Stealth Rock
|move|p1a: Heatran|Magma Storm|p2a: Seismitoad
|-resisted|p2a: Seismitoad
|-damage|p2a: Seismitoad|66/100
|-activate|p2a: Seismitoad|move: Magma Storm|[of] p1a: Heatran
|
|-weather|RainDance|[upkeep]
|-damage|p2a: Seismitoad|54/100|[from] move: Magma Storm|[partiallytrapped]
|upkeep
|turn|10
|inactive|Disorient has 90 seconds left.
|
|t:|1606425329
|move|p2a: Seismitoad|Earth Power|p1a: Heatran
|-supereffective|p1a: Heatran
|-damage|p1a: Heatran|0 fnt
|-damage|p2a: Seismitoad|44/100|[from] item: Life Orb
|faint|p1a: Heatran
|
|-weather|RainDance|[upkeep]
|-end|p2a: Seismitoad|Magma Storm|[partiallytrapped]|[silent]
|-fieldend|Misty Terrain
|upkeep
|
|t:|1606425342
|switch|p1a: Cinderace|Cinderace, F|100/100
|turn|11
|inactive|Disorient has 90 seconds left.
|
|t:|1606425366
|switch|p2a: Zapdos|Zapdos|100/100
|move|p1a: Cinderace|Sucker Punch||[still]
|-fail|p1a: Cinderace
|
|-weather|none
|upkeep
|turn|12
|inactive|Disorient has 90 seconds left.
|
|t:|1606425381
|move|p1a: Cinderace|Gunk Shot|p2a: Zapdos
|-start|p1a: Cinderace|typechange|Poison|[from] ability: Libero
|-damage|p2a: Zapdos|53/100
|-status|p2a: Zapdos|psn
|move|p2a: Zapdos|U-turn|p1a: Cinderace
|-resisted|p1a: Cinderace
|-damage|p1a: Cinderace|91/100
|l| znqq
|
|t:|1606425388
|switch|p2a: Pelipper|Pelipper, F|100/100|[from]move: U-turn
|-damage|p2a: Pelipper|76/100|[from] Stealth Rock
|-weather|RainDance|[from] ability: Drizzle|[of] p2a: Pelipper
|
|-weather|RainDance|[upkeep]
|upkeep
|turn|13
|j| znqq
|inactive|Disorient has 90 seconds left.
|j| weavile reqs
|l| I'M AT MY LIMIT!
|inactive|Disorient has 60 seconds left.
|
|t:|1606425425
|switch|p2a: Tapu Lele|Tapu Lele|65/100
|-damage|p2a: Tapu Lele|53/100|[from] Stealth Rock
|-fieldstart|move: Psychic Terrain|[from] ability: Psychic Surge|[of] p2a: Tapu Lele
|move|p1a: Cinderace|Gunk Shot|p2a: Tapu Lele
|-supereffective|p2a: Tapu Lele
|-damage|p2a: Tapu Lele|0 fnt
|faint|p2a: Tapu Lele
|
|-weather|RainDance|[upkeep]
|upkeep
|j| BrickBoom
|inactive|Disorient has 60 seconds left.
|
|t:|1606425441
|switch|p2a: Seismitoad|Seismitoad, M|44/100
|-damage|p2a: Seismitoad|38/100|[from] Stealth Rock
|turn|14
|j| Brian61802
|l| Brian61802
|l| UtmostFlame
|inactive|Disorient has 30 seconds left.
|
|t:|1606425480
|switch|p1a: Latios|Latios, M|11/100
|move|p2a: Seismitoad|Earth Power|p1a: Latios
|-immune|p1a: Latios|[from] ability: Levitate
|
|-weather|RainDance|[upkeep]
|upkeep
|turn|15
|j| UtmostFlame
|j| german hustla
|
|t:|1606425487
|move|p2a: Seismitoad|Weather Ball|p1a: Latios
|-resisted|p1a: Latios
|-damage|p1a: Latios|0 fnt
|-damage|p2a: Seismitoad|28/100|[from] item: Life Orb
|faint|p1a: Latios
|
|-weather|RainDance|[upkeep]
|upkeep
|
|t:|1606425494
|switch|p1a: Tapu Fini|Tapu Fini|90/100
|-damage|p1a: Tapu Fini|78/100|[from] Spikes
|-fieldstart|move: Misty Terrain|[from] ability: Misty Surge|[of] p1a: Tapu Fini
|turn|16
|
|t:|1606425504
|switch|p1a: Nidoking|Nidoking, M|100/100
|-damage|p1a: Nidoking|88/100|[from] Spikes
|move|p2a: Seismitoad|Earth Power|p1a: Nidoking
|-supereffective|p1a: Nidoking
|-damage|p1a: Nidoking|0 fnt
|-damage|p2a: Seismitoad|18/100|[from] item: Life Orb
|faint|p1a: Nidoking
|
|-weather|RainDance|[upkeep]
|upkeep
|l| UtmostFlame
|
|t:|1606425513
|switch|p1a: Cinderace|Cinderace, F|91/100
|turn|17
|inactive|Disorient has 60 seconds left.
|
|t:|1606425540
|move|p1a: Cinderace|Sucker Punch|p2a: Seismitoad
|-start|p1a: Cinderace|typechange|Dark|[from] ability: Libero
|-damage|p2a: Seismitoad|0 fnt
|faint|p2a: Seismitoad
|
|-weather|RainDance|[upkeep]
|upkeep
|
|t:|1606425543
|switch|p2a: Zapdos|Zapdos|53/100 psn
|turn|18
|
|t:|1606425556
|switch|p1a: Zapdos|Zapdos-Galar|100/100
|move|p2a: Zapdos|Thunder|p1a: Zapdos
|-supereffective|p1a: Zapdos
|-damage|p1a: Zapdos|0 fnt
|faint|p1a: Zapdos
|
|-weather|RainDance|[upkeep]
|-damage|p2a: Zapdos|40/100 psn|[from] psn
|upkeep
|j| heat extinguisher
|
|t:|1606425564
|switch|p1a: Cinderace|Cinderace, F|91/100
|turn|19
|inactive|Disorient has 60 seconds left.
|inactive|Disorient has 30 seconds left.
|
|t:|1606425602
|switch|p2a: Ferrothorn|Ferrothorn, M|76/100
|-damage|p2a: Ferrothorn|70/100|[from] Stealth Rock
|move|p1a: Cinderace|Gunk Shot|p2a: Ferrothorn
|-start|p1a: Cinderace|typechange|Poison|[from] ability: Libero
|-immune|p2a: Ferrothorn
|
|-weather|none
|-heal|p2a: Ferrothorn|76/100|[from] item: Leftovers
|upkeep
|turn|20
|
|t:|1606425612
|switch|p2a: Pelipper|Pelipper, F|76/100
|-damage|p2a: Pelipper|51/100|[from] Stealth Rock
|-weather|RainDance|[from] ability: Drizzle|[of] p2a: Pelipper
|move|p1a: Cinderace|Pyro Ball|p2a: Pelipper
|-start|p1a: Cinderace|typechange|Fire|[from] ability: Libero
|-resisted|p2a: Pelipper
|-damage|p2a: Pelipper|38/100
|
|-weather|RainDance|[upkeep]
|-fieldend|Misty Terrain
|upkeep
|turn|21
|
|t:|1606425622
|move|p1a: Cinderace|Gunk Shot|p2a: Pelipper
|-start|p1a: Cinderace|typechange|Poison|[from] ability: Libero
|-damage|p2a: Pelipper|0 fnt
|faint|p2a: Pelipper
|
|-weather|RainDance|[upkeep]
|upkeep
|j| Category Colossal
|inactive|Disorient has 30 seconds left.
|
|t:|1606425644
|switch|p2a: Barraskewda|Barraskewda, F|100/100
|-damage|p2a: Barraskewda|88/100|[from] Stealth Rock
|turn|22
|inactive|Disorient has 30 seconds left.
|l| The Unlucky Player
|
|t:|1606425655
|switch|p1a: Tapu Fini|Tapu Fini|78/100
|-damage|p1a: Tapu Fini|65/100|[from] Spikes
|-fieldstart|move: Misty Terrain|[from] ability: Misty Surge|[of] p1a: Tapu Fini
|move|p2a: Barraskewda|Waterfall|p1a: Tapu Fini
|-resisted|p1a: Tapu Fini
|-damage|p1a: Tapu Fini|30/100
|
|-weather|RainDance|[upkeep]
|upkeep
|turn|23
|j| 34n35
|j| Rion Tac
|
|t:|1606425664
|move|p2a: Barraskewda|Waterfall|p1a: Tapu Fini
|-resisted|p1a: Tapu Fini
|-damage|p1a: Tapu Fini|0 fnt
|faint|p1a: Tapu Fini
|
|-weather|RainDance|[upkeep]
|upkeep
|
|t:|1606425669
|switch|p1a: Cinderace|Cinderace, F|91/100
|turn|24
|
|t:|1606425673
|move|p1a: Cinderace|Sucker Punch|p2a: Barraskewda
|-start|p1a: Cinderace|typechange|Dark|[from] ability: Libero
|-damage|p2a: Barraskewda|20/100
|move|p2a: Barraskewda|Waterfall|p1a: Cinderace
|-damage|p1a: Cinderace|0 fnt
|faint|p1a: Cinderace
|
|win|Disorient
|c|☆Disorient|gg
|l| KentonUlm
|l|☆ThedebatableReaper
|l| Julroyal
|l| Rion Tac
|l| weavile reqs
||Ladder (probably) updated, but score could not be retrieved (Request timeout).
