|j|☆PQPP214
|j|☆Sliemisdyinginside
|t:|1645702362
|gametype|singles
|player|p1|PQPP214|101|1521
|player|p2|Sliemisdyinginside|psychic-gen4|1482
|teamsize|p1|6
|teamsize|p2|6
|gen|8
|tier|[Gen 8] OU
|rated|
|rule|Sleep Clause Mod: Limit one foe put to sleep
|rule|Species Clause: Limit one of each Pokémon
|rule|OHKO Clause: OHKO moves are banned
|rule|Evasion Moves Clause: Evasion moves are banned
|rule|Endless Battle Clause: Forcing endless battles is banned
|rule|HP Percentage Mod: HP is shown in percentages
|rule|Dynamax Clause: You cannot dynamax
|clearpoke
|poke|p1|Landorus-Therian, M|
|poke|p1|Tornadus-Therian, M|
|poke|p1|Zeraora|
|poke|p1|Zapdos-Galar|
|poke|p1|Jirachi|
|poke|p1|Toxapex, M|
|poke|p2|Hawlucha, M|
|poke|p2|Eiscue, F|
|poke|p2|Celesteela|
|poke|p2|Polteageist-Antique|
|poke|p2|Victini|
|poke|p2|Tapu Lele|
|teampreview
|inactive|Battle timer is ON: inactive players will automatically lose when time's up. (requested by Sliemisdyinginside)
|
|t:|1645702376
|start
|switch|p1a: Landorus|Landorus-Therian, M, shiny|100/100
|switch|p2a: Tapu Lele|Tapu Lele|100/100
|-fieldstart|move: Psychic Terrain|[from] ability: Psychic Surge|[of] p2a: Tapu Lele
|-ability|p1a: Landorus|Intimidate|boost
|-unboost|p2a: Tapu Lele|atk|1
|turn|1
|
|t:|1645702384
|switch|p1a: Jirachi|Jirachi, shiny|100/100
|move|p2a: Tapu Lele|Psychic|p1a: Jirachi
|-resisted|p1a: Jirachi
|-damage|p1a: Jirachi|91/100
|
|-heal|p1a: Jirachi|97/100|[from] item: Leftovers
|upkeep
|turn|2
|
|t:|1645702391
|switch|p2a: Victini|Victini|100/100
|move|p1a: Jirachi|U-turn|p2a: Victini
|-damage|p2a: Victini|83/100
|
|t:|1645702395
|switch|p1a: Landorus|Landorus-Therian, M, shiny|100/100|[from]move: U-turn
|-ability|p1a: Landorus|Intimidate|boost
|-unboost|p2a: Victini|atk|1
|
|upkeep
|turn|3
|
|t:|1645702403
|move|p1a: Landorus|U-turn|p2a: Victini
|-damage|p2a: Victini|60/100
|
|t:|1645702419
|switch|p1a: Toxapex|Toxapex, M, shiny|100/100|[from]move: U-turn
|move|p2a: Victini|Blue Flare|p1a: Toxapex
|-resisted|p1a: Toxapex
|-damage|p1a: Toxapex|77/100
|
|upkeep
|turn|4
|
|t:|1645702428
|switch|p1a: Landorus|Landorus-Therian, M, shiny|100/100
|-ability|p1a: Landorus|Intimidate|boost
|-unboost|p2a: Victini|atk|1
|move|p2a: Victini|Psychic|p1a: Landorus
|-damage|p1a: Landorus|61/100
|
|-heal|p1a: Landorus|67/100|[from] item: Leftovers
|upkeep
|turn|5
|
|t:|1645702435
|switch|p2a: Hawlucha|Hawlucha, M|100/100
|move|p1a: Landorus|Earthquake|p2a: Hawlucha
|-immune|p2a: Hawlucha
|
|-heal|p1a: Landorus|73/100|[from] item: Leftovers
|-fieldend|move: Psychic Terrain
|upkeep
|turn|6
|
|t:|1645702439
|switch|p1a: Toxapex|Toxapex, M, shiny|100/100
|move|p2a: Hawlucha|Swords Dance|p2a: Hawlucha
|-boost|p2a: Hawlucha|atk|2
|
|upkeep
|turn|7
|
|t:|1645702443
|move|p2a: Hawlucha|Swords Dance|p2a: Hawlucha
|-boost|p2a: Hawlucha|atk|2
|move|p1a: Toxapex|Haze|p1a: Toxapex
|-clearallboost
|
|upkeep
|turn|8
|
|t:|1645702446
|switch|p2a: Tapu Lele|Tapu Lele|100/100
|-fieldstart|move: Psychic Terrain|[from] ability: Psychic Surge|[of] p2a: Tapu Lele
|move|p1a: Toxapex|Knock Off|p2a: Tapu Lele
|-damage|p2a: Tapu Lele|77/100
|-enditem|p2a: Tapu Lele|Leftovers|[from] move: Knock Off|[of] p1a: Toxapex
|
|upkeep
|turn|9
|
|t:|1645702455
|switch|p1a: Jirachi|Jirachi, shiny|97/100
|move|p2a: Tapu Lele|Psychic|p1a: Jirachi
|-resisted|p1a: Jirachi
|-damage|p1a: Jirachi|86/100
|-unboost|p1a: Jirachi|spd|1
|
|-heal|p1a: Jirachi|92/100|[from] item: Leftovers
|upkeep
|turn|10
|
|t:|1645702461
|switch|p2a: Victini|Victini|60/100
|move|p1a: Jirachi|Stealth Rock|p2a: Victini
|-sidestart|p2: Sliemisdyinginside|move: Stealth Rock
|
|-heal|p1a: Jirachi|99/100|[from] item: Leftovers
|upkeep
|turn|11
|
|t:|1645702468
|switch|p1a: Toxapex|Toxapex, M, shiny|100/100
|move|p2a: Victini|Blue Flare|p1a: Toxapex
|-resisted|p1a: Toxapex
|-damage|p1a: Toxapex|75/100
|
|upkeep
|turn|12
|
|t:|1645702477
|switch|p1a: Jirachi|Jirachi, shiny|99/100
|move|p2a: Victini|Psychic|p1a: Jirachi
|-resisted|p1a: Jirachi
|-damage|p1a: Jirachi|90/100
|
|-heal|p1a: Jirachi|96/100|[from] item: Leftovers
|-fieldend|move: Psychic Terrain
|upkeep
|turn|13
|
|t:|1645702484
|switch|p1a: Tornadus|Tornadus-Therian, M, shiny|100/100
|move|p2a: Victini|Psychic|p1a: Tornadus
|-damage|p1a: Tornadus|55/100
|
|upkeep
|turn|14
|
|t:|1645702489
|move|p1a: Tornadus|Knock Off|p2a: Victini
|-supereffective|p2a: Victini
|-damage|p2a: Victini|19/100
|-enditem|p2a: Victini|Assault Vest|[from] move: Knock Off|[of] p1a: Tornadus
|move|p2a: Victini|Bolt Strike|p1a: Tornadus
|-supereffective|p1a: Tornadus
|-damage|p1a: Tornadus|0 fnt
|faint|p1a: Tornadus
|
|upkeep
|
|t:|1645702502
|switch|p1a: Zeraora|Zeraora, shiny|100/100
|turn|15
|
|t:|1645702504
|move|p1a: Zeraora|Knock Off|p2a: Victini
|-supereffective|p2a: Victini
|-damage|p2a: Victini|0 fnt
|faint|p2a: Victini
|
|upkeep
|
|t:|1645702511
|switch|p2a: Tapu Lele|Tapu Lele|77/100
|-damage|p2a: Tapu Lele|65/100|[from] Stealth Rock
|-fieldstart|move: Psychic Terrain|[from] ability: Psychic Surge|[of] p2a: Tapu Lele
|turn|16
|
|t:|1645702516
|move|p1a: Zeraora|Plasma Fists|p2a: Tapu Lele
|-damage|p2a: Tapu Lele|0 fnt
|-fieldactivate|move: Ion Deluge
|-hint|Normal-type moves become Electric-type after using Plasma Fists.
|faint|p2a: Tapu Lele
|
|upkeep
|
|t:|1645702519
|switch|p2a: Eiscue|Eiscue, F|100/100
|-damage|p2a: Eiscue|75/100|[from] Stealth Rock
|turn|17
|
|t:|1645702523
|move|p1a: Zeraora|Close Combat|p2a: Eiscue
|-activate|p2a: Eiscue|ability: Ice Face
|-damage|p2a: Eiscue|75/100
|-unboost|p1a: Zeraora|def|1
|-unboost|p1a: Zeraora|spd|1
|detailschange|p2a: Eiscue|Eiscue-Noice, F
|move|p2a: Eiscue|Belly Drum|p2a: Eiscue
|-damage|p2a: Eiscue|25/100
|-setboost|p2a: Eiscue|atk|6|[from] move: Belly Drum
|-enditem|p2a: Eiscue|Salac Berry|[eat]
|-boost|p2a: Eiscue|spe|1|[from] item: Salac Berry
|
|upkeep
|turn|18
|
|t:|1645702551
|switch|p1a: Landorus|Landorus-Therian, M, shiny|73/100
|-ability|p1a: Landorus|Intimidate|boost
|-unboost|p2a: Eiscue|atk|1
|move|p2a: Eiscue|Icicle Spear|p1a: Landorus
|-supereffective|p1a: Landorus
|-damage|p1a: Landorus|0 fnt
|faint|p1a: Landorus
|-hitcount|p1: Landorus|1
|
|upkeep
|
|t:|1645702557
|switch|p1a: Jirachi|Jirachi, shiny|96/100
|turn|19
|
|t:|1645702560
|move|p2a: Eiscue|Reversal|p1a: Jirachi
|-damage|p1a: Jirachi|41/100
|move|p1a: Jirachi|Iron Head|p2a: Eiscue
|-supereffective|p2a: Eiscue
|-damage|p2a: Eiscue|0 fnt
|faint|p2a: Eiscue
|
|-heal|p1a: Jirachi|47/100|[from] item: Leftovers
|upkeep
|
|t:|1645702570
|switch|p2a: Celesteela|Celesteela|100/100
|-damage|p2a: Celesteela|88/100|[from] Stealth Rock
|turn|20
|
|t:|1645702578
|move|p2a: Celesteela|Autotomize|p2a: Celesteela
|-boost|p2a: Celesteela|spe|2
|-start|p2a: Celesteela|Autotomize
|move|p1a: Jirachi|U-turn|p2a: Celesteela
|-resisted|p2a: Celesteela
|-crit|p2a: Celesteela
|-damage|p2a: Celesteela|82/100
|
|t:|1645702587
|switch|p1a: Toxapex|Toxapex, M, shiny|100/100|[from]move: U-turn
|
|-fieldend|move: Psychic Terrain
|upkeep
|turn|21
|
|t:|1645702599
|switch|p2a: Hawlucha|Hawlucha, M|100/100
|-damage|p2a: Hawlucha|88/100|[from] Stealth Rock
|move|p1a: Toxapex|Haze|p1a: Toxapex
|-clearallboost
|
|upkeep
|turn|22
|
|t:|1645702603
|move|p2a: Hawlucha|Swords Dance|p2a: Hawlucha
|-boost|p2a: Hawlucha|atk|2
|move|p1a: Toxapex|Scald|p2a: Hawlucha
|-damage|p2a: Hawlucha|59/100
|
|upkeep
|turn|23
|
|t:|1645702606
|move|p2a: Hawlucha|Sky Attack||[still]
|-prepare|p2a: Hawlucha|Sky Attack
|-enditem|p2a: Hawlucha|Power Herb
|-anim|p2a: Hawlucha|Sky Attack|p1a: Toxapex
|-damage|p1a: Toxapex|32/100
|move|p1a: Toxapex|Haze|p1a: Toxapex
|-clearallboost
|
|upkeep
|turn|24
|
|t:|1645702616
|switch|p1a: Zeraora|Zeraora, shiny|100/100
|move|p2a: Hawlucha|Acrobatics|p1a: Zeraora
|-resisted|p1a: Zeraora
|-damage|p1a: Zeraora|68/100
|
|upkeep
|turn|25
|
|t:|1645702624
|move|p2a: Hawlucha|Close Combat|p1a: Zeraora
|-damage|p1a: Zeraora|6/100
|-unboost|p2a: Hawlucha|def|1
|-unboost|p2a: Hawlucha|spd|1
|move|p1a: Zeraora|Plasma Fists|p2a: Hawlucha
|-supereffective|p2a: Hawlucha
|-damage|p2a: Hawlucha|0 fnt
|-fieldactivate|move: Ion Deluge
|-hint|Normal-type moves become Electric-type after using Plasma Fists.
|faint|p2a: Hawlucha
|
|upkeep
|
|t:|1645702630
|switch|p2a: Polteageist|Polteageist-Antique|100/100
|-damage|p2a: Polteageist|88/100|[from] Stealth Rock
|turn|26
|
|t:|1645702632
|move|p1a: Zeraora|Knock Off|p2a: Polteageist
|-supereffective|p2a: Polteageist
|-damage|p2a: Polteageist|0 fnt
|-enditem|p2a: Polteageist|Focus Sash|[from] move: Knock Off|[of] p1a: Zeraora
|faint|p2a: Polteageist
|
|upkeep
|
|t:|1645702634
|switch|p2a: Celesteela|Celesteela|82/100
|-damage|p2a: Celesteela|69/100|[from] Stealth Rock
|turn|27
|
|t:|1645702637
|move|p1a: Zeraora|Plasma Fists|p2a: Celesteela
|-supereffective|p2a: Celesteela
|-damage|p2a: Celesteela|0 fnt
|-fieldactivate|move: Ion Deluge
|-hint|Normal-type moves become Electric-type after using Plasma Fists.
|faint|p2a: Celesteela
|
|win|PQPP214
|raw|PQPP214's rating: 1521 &rarr; <strong>1539</strong><br />(+18 for winning)
|raw|Sliemisdyinginside's rating: 1482 &rarr; <strong>1464</strong><br />(-18 for losing)
|l|☆Sliemisdyinginside
