|j|☆Payohead
|j|☆IMSOMALD
|t:|1640283195
|gametype|singles
|player|p1|Payohead|266|1636
|player|p2|IMSOMALD|n|1612
|teamsize|p1|6
|teamsize|p2|6
|gen|8
|tier|[Gen 8] OU
|rated|
|rule|Sleep Clause Mod: Limit one foe put to sleep
|rule|Species Clause: Limit one of each Pokémon
|rule|OHKO Clause: OHKO moves are banned
|rule|Evasion Moves Clause: Evasion moves are banned
|rule|Endless Battle Clause: Forcing endless battles is banned
|rule|HP Percentage Mod: HP is shown in percentages
|rule|Dynamax Clause: You cannot dynamax
|clearpoke
|poke|p1|Weavile, M|
|poke|p1|Kartana|
|poke|p1|Heatran, M|
|poke|p1|Landorus-Therian, M|
|poke|p1|Zapdos|
|poke|p1|Tapu Fini|
|poke|p2|Crawdaunt, M|
|poke|p2|Kartana|
|poke|p2|Dragapult, M|
|poke|p2|Melmetal|
|poke|p2|Weavile, M|
|poke|p2|Landorus-Therian, M|
|teampreview
|inactive|Battle timer is ON: inactive players will automatically lose when time's up. (requested by IMSOMALD)
|
|t:|1640283232
|start
|switch|p1a: Landorus|Landorus-Therian, M|100/100
|switch|p2a: Weavile|Weavile, M|100/100
|-ability|p2a: Weavile|Pressure
|-ability|p1a: Landorus|Intimidate|boost
|-unboost|p2a: Weavile|atk|1
|turn|1
|j| Sugoikemono
|
|t:|1640283251
|switch|p2a: Kartana|Kartana|100/100
|switch|p1a: Tapu Fini|Tapu Fini|100/100
|-fieldstart|move: Misty Terrain|[from] ability: Misty Surge|[of] p1a: Tapu Fini
|
|upkeep
|turn|2
|
|t:|1640283266
|switch|p1a: Landorus|Landorus-Therian, M|100/100
|-ability|p1a: Landorus|Intimidate|boost
|-unboost|p2a: Kartana|atk|1
|move|p2a: Kartana|Leaf Blade|p1a: Landorus
|-crit|p1a: Landorus
|-damage|p1a: Landorus|4/100
|-damage|p2a: Kartana|84/100|[from] item: Rocky Helmet|[of] p1a: Landorus
|
|upkeep
|turn|3
|
|t:|1640283279
|switch|p2a: Landorus|Landorus-Therian, M|100/100
|-ability|p2a: Landorus|Intimidate|boost
|-unboost|p1a: Landorus|atk|1
|switch|p1a: Zapdos|Zapdos|100/100
|
|upkeep
|turn|4
|
|t:|1640283283
|move|p2a: Landorus|Stone Edge|p1a: Zapdos
|-supereffective|p1a: Zapdos
|-crit|p1a: Zapdos
|-damage|p1a: Zapdos|0 fnt
|faint|p1a: Zapdos
|
|upkeep
|c|☆Payohead|just
|c|☆Payohead|crit
|c|☆Payohead|in this life
|c|☆Payohead|i love it
|
|t:|1640283303
|switch|p1a: Weavile|Weavile, M|100/100
|-ability|p1a: Weavile|Pressure
|turn|5
|
|t:|1640283308
|switch|p2a: Melmetal|Melmetal|100/100
|move|p1a: Weavile|Swords Dance|p1a: Weavile
|-boost|p1a: Weavile|atk|2
|
|-fieldend|Misty Terrain
|upkeep
|turn|6
|
|t:|1640283312
|move|p1a: Weavile|Knock Off|p2a: Melmetal
|-damage|p2a: Melmetal|40/100
|-enditem|p2a: Melmetal|Choice Band|[from] move: Knock Off|[of] p1a: Weavile
|move|p2a: Melmetal|Superpower|p1a: Weavile
|-supereffective|p1a: Weavile
|-damage|p1a: Weavile|0 fnt
|-unboost|p2a: Melmetal|atk|1
|-unboost|p2a: Melmetal|def|1
|faint|p1a: Weavile
|
|upkeep
|
|t:|1640283319
|switch|p1a: Kartana|Kartana|100/100
|turn|7
|
|t:|1640283323
|switch|p2a: Landorus|Landorus-Therian, M|100/100
|-ability|p2a: Landorus|Intimidate|boost
|-unboost|p1a: Kartana|atk|1
|move|p1a: Kartana|Swords Dance|p1a: Kartana
|-boost|p1a: Kartana|atk|2
|
|upkeep
|turn|8
|
|t:|1640283327
|move|p1a: Kartana|Knock Off|p2a: Landorus
|-damage|p2a: Landorus|42/100
|-enditem|p2a: Landorus|Choice Band|[from] move: Knock Off|[of] p1a: Kartana
|move|p2a: Landorus|Superpower|p1a: Kartana
|-supereffective|p1a: Kartana
|-damage|p1a: Kartana|20/100
|-unboost|p2a: Landorus|atk|1
|-unboost|p2a: Landorus|def|1
|
|-heal|p1a: Kartana|27/100|[from] item: Leftovers
|upkeep
|turn|9
|
|t:|1640283357
|switch|p2a: Melmetal|Melmetal|40/100
|move|p1a: Kartana|Leaf Blade|p2a: Melmetal
|-resisted|p2a: Melmetal
|-crit|p2a: Melmetal
|-damage|p2a: Melmetal|8/100
|
|-heal|p1a: Kartana|33/100|[from] item: Leftovers
|upkeep
|turn|10
|
|t:|1640283372
|switch|p2a: Landorus|Landorus-Therian, M|42/100
|-ability|p2a: Landorus|Intimidate|boost
|-unboost|p1a: Kartana|atk|1
|move|p1a: Kartana|Sacred Sword|p2a: Landorus
|-resisted|p2a: Landorus
|-damage|p2a: Landorus|24/100
|
|-heal|p1a: Kartana|39/100|[from] item: Leftovers
|upkeep
|turn|11
|
|t:|1640283384
|move|p1a: Kartana|Leaf Blade|p2a: Landorus
|-damage|p2a: Landorus|0 fnt
|faint|p2a: Landorus
|-ability|p1a: Kartana|Beast Boost|boost
|-boost|p1a: Kartana|spe|1
|
|-heal|p1a: Kartana|45/100|[from] item: Leftovers
|upkeep
|inactive|IMSOMALD has 120 seconds left.
|l| Sugoikemono
|
|t:|1640283416
|switch|p2a: Kartana|Kartana|84/100
|turn|12
|
|t:|1640283423
|move|p1a: Kartana|Sacred Sword|p2a: Kartana
|-supereffective|p2a: Kartana
|-damage|p2a: Kartana|19/100
|move|p2a: Kartana|Sacred Sword|p1a: Kartana
|-supereffective|p1a: Kartana
|-damage|p1a: Kartana|0 fnt
|faint|p1a: Kartana
|-ability|p2a: Kartana|Beast Boost|boost
|-boost|p2a: Kartana|atk|1
|
|upkeep
|-message|Payohead forfeited.
|
|win|IMSOMALD
|raw|Payohead's rating: 1636 &rarr; <strong>1615</strong><br />(-21 for losing)
|raw|IMSOMALD's rating: 1612 &rarr; <strong>1633</strong><br />(+21 for winning)
|l|☆Payohead
||Ladder isn't responding, score probably updated but might not have (Request timeout).
