|j|☆ZeroDamnChill
|j|☆Batataplays
|t:|1664297443
|gametype|singles
|player|p1|ZeroDamnChill|veteran|1553
|player|p2|Batataplays|furisodegirl-blue|1521
|teamsize|p1|6
|teamsize|p2|6
|gen|8
|tier|[Gen 8] OU
|rated|
|rule|Sleep Clause Mod: Limit one foe put to sleep
|rule|Species Clause: Limit one of each Pokémon
|rule|OHKO Clause: OHKO moves are banned
|rule|Evasion Items Clause: Evasion items are banned
|rule|Evasion Moves Clause: Evasion moves are banned
|rule|Endless Battle Clause: Forcing endless battles is banned
|rule|HP Percentage Mod: HP is shown in percentages
|rule|Dynamax Clause: You cannot dynamax
|clearpoke
|poke|p1|Mamoswine, F|
|poke|p1|Regieleki|
|poke|p1|Tapu Lele|
|poke|p1|Blissey, F|
|poke|p1|Corviknight, F|
|poke|p1|Slowbro, F|
|poke|p2|Nihilego|
|poke|p2|Zapdos-Galar|
|poke|p2|Kartana|
|poke|p2|Celesteela|
|poke|p2|Garchomp, F|
|poke|p2|Tapu Fini|
|teampreview
|inactive|Battle timer is ON: inactive players will automatically lose when time's up. (requested by ZeroDamnChill)
|j| YB is BETTER
|
|t:|1664297468
|start
|switch|p1a: Regieleki|Regieleki|100/100
|switch|p2a: Zapdos|Zapdos-Galar|100/100
|turn|1
|
|t:|1664297472
|switch|p1a: Mamoswine|Mamoswine, F|100/100
|switch|p2a: Garchomp|Garchomp, F|100/100
|
|upkeep
|turn|2
|
|t:|1664297477
|switch|p2a: Tapu Fini|Tapu Fini|100/100
|-fieldstart|move: Misty Terrain|[from] ability: Misty Surge|[of] p2a: Tapu Fini
|move|p1a: Mamoswine|Earthquake|p2a: Tapu Fini
|-damage|p2a: Tapu Fini|52/100
|
|-heal|p2a: Tapu Fini|58/100|[from] item: Leftovers
|upkeep
|turn|3
|
|t:|1664297483
|move|p2a: Tapu Fini|Nature's Madness|p1a: Mamoswine
|-damage|p1a: Mamoswine|50/100
|move|p1a: Mamoswine|Earthquake|p2a: Tapu Fini
|-crit|p2a: Tapu Fini
|-damage|p2a: Tapu Fini|0 fnt
|faint|p2a: Tapu Fini
|
|upkeep
|
|t:|1664297485
|switch|p2a: Zapdos|Zapdos-Galar|100/100
|turn|4
|
|t:|1664297490
|switch|p1a: Slowbro|Slowbro, F|100/100
|move|p2a: Zapdos|U-turn|p1a: Slowbro
|-supereffective|p1a: Slowbro
|-damage|p1a: Slowbro|62/100
|-damage|p2a: Zapdos|84/100|[from] item: Rocky Helmet|[of] p1a: Slowbro
|
|t:|1664297494
|switch|p2a: Garchomp|Garchomp, F|100/100|[from]move: U-turn
|
|upkeep
|turn|5
|
|t:|1664297497
|switch|p1a: Mamoswine|Mamoswine, F|50/100
|move|p2a: Garchomp|Swords Dance|p2a: Garchomp
|-boost|p2a: Garchomp|atk|2
|
|upkeep
|turn|6
|
|t:|1664297500
|move|p1a: Mamoswine|Ice Shard|p2a: Garchomp
|-supereffective|p2a: Garchomp
|-damage|p2a: Garchomp|0 fnt
|faint|p2a: Garchomp
|
|-fieldend|Misty Terrain
|upkeep
|
|t:|1664297505
|switch|p2a: Kartana|Kartana|100/100
|turn|7
|
|t:|1664297508
|switch|p1a: Corviknight|Corviknight, F|100/100
|-ability|p1a: Corviknight|Pressure
|move|p2a: Kartana|Leaf Blade|p1a: Corviknight
|-resisted|p1a: Corviknight
|-damage|p1a: Corviknight|92/100
|-damage|p2a: Kartana|84/100|[from] item: Rocky Helmet|[of] p1a: Corviknight
|
|upkeep
|turn|8
|
|t:|1664297511
|switch|p2a: Nihilego|Nihilego|100/100
|move|p1a: Corviknight|U-turn|p2a: Nihilego
|-resisted|p2a: Nihilego
|-damage|p2a: Nihilego|89/100
|
|t:|1664297520
|switch|p1a: Regieleki|Regieleki|100/100|[from]move: U-turn
|
|upkeep
|turn|9
|-message|Batataplays forfeited.
|
|win|ZeroDamnChill
|raw|ZeroDamnChill's rating: 1553 &rarr; <strong>1570</strong><br />(+17 for winning)
|raw|Batataplays's rating: 1500 &rarr; <strong>1483</strong><br />(-17 for losing)
|l|☆Batataplays
|j| IExistYouDont
|l| IExistYouDont
|l| YB is BETTER
||Ladder isn't responding, score probably updated but might not have (Request timeout).
