|raw|<div class="broadcast-blue"><strong>This battle is required to be public due to a player having a name starting with 'lt81yl'.</div>
|j|☆Q114
|j|☆LT81YL Makicchi
|t:|1625640765
|gametype|singles
|player|p1|Q114|lucas|1737
|player|p2|LT81YL Makicchi|lucas|1723
|teamsize|p1|6
|teamsize|p2|6
|gen|8
|tier|[Gen 8] OU
|rated|
|rule|Sleep Clause Mod: Limit one foe put to sleep
|rule|Species Clause: Limit one of each Pokémon
|rule|OHKO Clause: OHKO moves are banned
|rule|Evasion Moves Clause: Evasion moves are banned
|rule|Endless Battle Clause: Forcing endless battles is banned
|rule|HP Percentage Mod: HP is shown in percentages
|rule|Dynamax Clause: You cannot dynamax
|clearpoke
|poke|p1|Chansey, F|
|poke|p1|Toxapex, F|
|poke|p1|Clefable, M|
|poke|p1|Skarmory, M|
|poke|p1|Seismitoad, M|
|poke|p1|Dragonite, F|
|poke|p2|Togekiss, F|
|poke|p2|Kartana|
|poke|p2|Weavile, M|
|poke|p2|Mew|
|poke|p2|Kyurem|
|poke|p2|Dragapult, M|
|teampreview
|
|t:|1625640783
|start
|switch|p1a: Toxapex|Toxapex, F, shiny|100/100
|switch|p2a: Mew|Mew|100/100
|turn|1
|
|t:|1625640787
|move|p2a: Mew|Taunt|p1a: Toxapex
|-start|p1a: Toxapex|move: Taunt
|move|p1a: Toxapex|Knock Off|p2a: Mew
|-supereffective|p2a: Mew
|-damage|p2a: Mew|75/100
|-enditem|p2a: Mew|Focus Sash|[from] move: Knock Off|[of] p1a: Toxapex
|
|upkeep
|turn|2
|
|t:|1625640788
|move|p2a: Mew|Stealth Rock|p1a: Toxapex
|-sidestart|p1: Q114|move: Stealth Rock
|move|p1a: Toxapex|Knock Off|p2a: Mew
|-supereffective|p2a: Mew
|-damage|p2a: Mew|58/100
|
|upkeep
|turn|3
|
|t:|1625640790
|move|p2a: Mew|Spikes|p1a: Toxapex
|-sidestart|p1: Q114|Spikes
|move|p1a: Toxapex|Knock Off|p2a: Mew
|-supereffective|p2a: Mew
|-damage|p2a: Mew|40/100
|
|-end|p1a: Toxapex|move: Taunt
|upkeep
|turn|4
|
|t:|1625640792
|move|p2a: Mew|Thunder Wave|p1a: Toxapex
|-status|p1a: Toxapex|par
|move|p1a: Toxapex|Toxic Spikes|p2a: Mew
|-sidestart|p2: LT81YL Makicchi|move: Toxic Spikes
|
|upkeep
|turn|5
|
|t:|1625640795
|move|p2a: Mew|Spikes|p1a: Toxapex
|-sidestart|p1: Q114|Spikes
|cant|p1a: Toxapex|par
|
|upkeep
|turn|6
|
|t:|1625640797
|move|p2a: Mew|Spikes|p1a: Toxapex
|-sidestart|p1: Q114|Spikes
|cant|p1a: Toxapex|par
|
|upkeep
|turn|7
|
|t:|1625640800
|move|p2a: Mew|Stealth Rock||[still]
|-fail|p2a: Mew
|cant|p1a: Toxapex|par
|
|upkeep
|turn|8
|
|t:|1625640803
|switch|p2a: Togekiss|Togekiss, F|100/100
|cant|p1a: Toxapex|par
|
|upkeep
|turn|9
|
|t:|1625640807
|move|p2a: Togekiss|Nasty Plot|p2a: Togekiss
|-boost|p2a: Togekiss|spa|2
|cant|p1a: Toxapex|par
|
|upkeep
|turn|10
|
|t:|1625640812
|move|p2a: Togekiss|Nasty Plot|p2a: Togekiss
|-boost|p2a: Togekiss|spa|2
|cant|p1a: Toxapex|par
|
|upkeep
|turn|11
|
|t:|1625640816
|move|p2a: Togekiss|Air Slash|p1a: Toxapex|[miss]
|-miss|p2a: Togekiss|p1a: Toxapex
|cant|p1a: Toxapex|par
|
|upkeep
|turn|12
|
|t:|1625640819
|move|p2a: Togekiss|Air Slash|p1a: Toxapex
|-damage|p1a: Toxapex|26/100 par
|cant|p1a: Toxapex|par
|
|-heal|p1a: Toxapex|32/100 par|[from] item: Black Sludge
|upkeep
|turn|13
|inactive|Battle timer is ON: inactive players will automatically lose when time's up. (requested by LT81YL Makicchi)
|inactive|Q114 has 120 seconds left.
|inactive|Q114 has 90 seconds left.
|inactive|Q114 has 60 seconds left.
|inactive|Q114 has 30 seconds left.
|inactive|Q114 has 20 seconds left.
|inactive|Q114 has 15 seconds left.
|inactive|Q114 has 10 seconds left.
|inactive|Q114 has 5 seconds left.
|-message|Q114 lost due to inactivity.
|
|win|LT81YL Makicchi
|raw|Q114's rating: 1720 &rarr; <strong>1700</strong><br />(-20 for losing)
|raw|LT81YL Makicchi's rating: 1723 &rarr; <strong>1743</strong><br />(+20 for winning)
|l|☆LT81YL Makicchi
