|j|☆Adel19
|j|☆d2gh56+f4
|t:|1653902170
|gametype|singles
|player|p1|Adel19|101|1755
|player|p2|d2gh56+f4|steven|1768
|teamsize|p1|6
|teamsize|p2|6
|gen|8
|tier|[Gen 8] OU
|rated|
|rule|Sleep Clause Mod: Limit one foe put to sleep
|rule|Species Clause: Limit one of each Pokémon
|rule|OHKO Clause: OHKO moves are banned
|rule|Evasion Moves Clause: Evasion moves are banned
|rule|Endless Battle Clause: Forcing endless battles is banned
|rule|HP Percentage Mod: HP is shown in percentages
|rule|Dynamax Clause: You cannot dynamax
|clearpoke
|poke|p1|Landorus-Therian, M|
|poke|p1|Zeraora|
|poke|p1|Kartana|
|poke|p1|Tapu Fini|
|poke|p1|Blissey, F|
|poke|p1|Tapu Lele|
|poke|p2|Crawdaunt, M|
|poke|p2|Pelipper, M|
|poke|p2|Blastoise, M|
|poke|p2|Thundurus-Therian, M|
|poke|p2|Barraskewda, M|
|poke|p2|Ferrothorn, M|
|teampreview
|c|☆d2gh56+f4|5 time
|c|☆d2gh56+f4|good luck
|
|t:|1653902188
|start
|switch|p1a: Tapu Lele|Tapu Lele|100/100
|switch|p2a: 乔治-希尔|Pelipper, M|100/100
|-fieldstart|move: Psychic Terrain|[from] ability: Psychic Surge|[of] p1a: Tapu Lele
|-weather|RainDance|[from] ability: Drizzle|[of] p2a: 乔治-希尔
|turn|1
|inactive|Battle timer is ON: inactive players will automatically lose when time's up. (requested by d2gh56+f4)
|
|t:|1653902193
|switch|p2a: J.J.雷迪克|Crawdaunt, M, shiny|100/100
|move|p1a: Tapu Lele|Psychic|p2a: J.J.雷迪克
|-immune|p2a: J.J.雷迪克
|
|-weather|RainDance|[upkeep]
|upkeep
|turn|2
|
|t:|1653902200
|switch|p1a: Tapu Fini|Tapu Fini|100/100
|-fieldstart|move: Misty Terrain|[from] ability: Misty Surge|[of] p1a: Tapu Fini
|move|p2a: J.J.雷迪克|Knock Off|p1a: Tapu Fini
|-resisted|p1a: Tapu Fini
|-damage|p1a: Tapu Fini|63/100
|-enditem|p1a: Tapu Fini|Leftovers|[from] move: Knock Off|[of] p2a: J.J.雷迪克
|
|-weather|RainDance|[upkeep]
|upkeep
|turn|3
|
|t:|1653902209
|switch|p2a: 卢克·理查德·巴莫特|Blastoise, M, shiny|100/100
|move|p1a: Tapu Fini|Moonblast|p2a: 卢克·理查德·巴莫特
|-damage|p2a: 卢克·理查德·巴莫特|80/100
|-unboost|p2a: 卢克·理查德·巴莫特|spa|1
|
|-weather|RainDance|[upkeep]
|-heal|p2a: 卢克·理查德·巴莫特|86/100|[from] ability: Rain Dish
|upkeep
|turn|4
|
|t:|1653902214
|move|p1a: Tapu Fini|Moonblast|p2a: 卢克·理查德·巴莫特
|-damage|p2a: 卢克·理查德·巴莫特|67/100
|-unboost|p2a: 卢克·理查德·巴莫特|spa|1
|move|p2a: 卢克·理查德·巴莫特|Flip Turn|p1a: Tapu Fini
|-resisted|p1a: Tapu Fini
|-damage|p1a: Tapu Fini|53/100
|j| Noob 0_o 2022
|
|t:|1653902223
|switch|p2a: 拉玛尔·奥多姆|Thundurus-Therian, M|100/100|[from]move: Flip Turn
|
|-weather|RainDance|[upkeep]
|upkeep
|turn|5
|
|t:|1653902227
|switch|p1a: Blissey|Blissey, F|100/100
|move|p2a: 拉玛尔·奥多姆|Weather Ball|p1a: Blissey
|-damage|p1a: Blissey|79/100
|
|-weather|RainDance|[upkeep]
|upkeep
|turn|6
|
|t:|1653902231
|move|p2a: 拉玛尔·奥多姆|Volt Switch|p1a: Blissey
|-damage|p1a: Blissey|65/100
|
|t:|1653902234
|switch|p2a: J.J.雷迪克|Crawdaunt, M, shiny|100/100|[from]move: Volt Switch
|move|p1a: Blissey|Stealth Rock|p2a: J.J.雷迪克
|-sidestart|p2: d2gh56+f4|move: Stealth Rock
|
|-weather|RainDance|[upkeep]
|-fieldend|Misty Terrain
|upkeep
|turn|7
|
|t:|1653902261
|switch|p1a: Tapu Fini|Tapu Fini|53/100
|-fieldstart|move: Misty Terrain|[from] ability: Misty Surge|[of] p1a: Tapu Fini
|move|p2a: J.J.雷迪克|Crabhammer|p1a: Tapu Fini
|-resisted|p1a: Tapu Fini
|-damage|p1a: Tapu Fini|0 fnt
|faint|p1a: Tapu Fini
|
|-weather|RainDance|[upkeep]
|upkeep
|inactive|Adel19 has 120 seconds left.
|
|t:|1653902281
|switch|p1a: Tapu Lele|Tapu Lele|100/100
|-fieldstart|move: Psychic Terrain|[from] ability: Psychic Surge|[of] p1a: Tapu Lele
|turn|8
|j| Taaramae
|
|t:|1653902298
|switch|p1a: Kartana|Kartana|100/100
|move|p2a: J.J.雷迪克|Crabhammer|p1a: Kartana
|-resisted|p1a: Kartana
|-damage|p1a: Kartana|32/100
|
|-weather|none
|upkeep
|turn|9
|
|t:|1653902304
|switch|p2a: 安德烈·罗伯森|Ferrothorn, M|100/100
|-damage|p2a: 安德烈·罗伯森|95/100|[from] Stealth Rock
|move|p1a: Kartana|Knock Off|p2a: 安德烈·罗伯森
|-damage|p2a: 安德烈·罗伯森|75/100
|-damage|p1a: Kartana|19/100|[from] ability: Iron Barbs|[of] p2a: 安德烈·罗伯森
|-damage|p1a: Kartana|3/100|[from] item: Rocky Helmet|[of] p2a: 安德烈·罗伯森
|-enditem|p2a: 安德烈·罗伯森|Rocky Helmet|[from] move: Knock Off|[of] p1a: Kartana
|
|upkeep
|turn|10
|
|t:|1653902309
|move|p1a: Kartana|Sacred Sword|p2a: 安德烈·罗伯森
|-supereffective|p2a: 安德烈·罗伯森
|-damage|p2a: 安德烈·罗伯森|36/100
|-damage|p1a: Kartana|0 fnt|[from] ability: Iron Barbs|[of] p2a: 安德烈·罗伯森
|faint|p1a: Kartana
|move|p2a: 安德烈·罗伯森|Stealth Rock|p1: Kartana
|-sidestart|p1: Adel19|move: Stealth Rock
|
|upkeep
|
|t:|1653902322
|switch|p1a: Zeraora|Zeraora|100/100
|turn|11
|
|t:|1653902324
|move|p1a: Zeraora|Bulk Up|p1a: Zeraora
|-boost|p1a: Zeraora|atk|1
|-boost|p1a: Zeraora|def|1
|move|p2a: 安德烈·罗伯森|Endeavor|p1a: Zeraora
|-damage|p1a: Zeraora|40/100
|
|upkeep
|turn|12
|-message|Adel19 forfeited.
|
|win|d2gh56+f4
|raw|Adel19's rating: 1755 &rarr; <strong>1736</strong><br />(-19 for losing)
|raw|d2gh56+f4's rating: 1768 &rarr; <strong>1787</strong><br />(+19 for winning)
|l|☆Adel19
